3976 6186
846 544 1690 716 VERBA
1711 545 3093 803 __s_p_NlonUM

793 861 1139 918 LIBELLUS
1165 863 1452 918 PRIMUS.

597 952 670 1004 De
692 953 1054 1020 pravidentia
1083 969 1176 1006 seu
1208 956 1678 1022 contemplatione.

1941 866 1988 923 A
2010 879 2180 933 super
2201 862 2354 932 justo
2377 862 2692 934 reperitur;
2723 880 2901 919 unum
2926 865 3079 920 enim
3100 865 3150 920 ei
3183 872 3241 922 et
3259 867 3493 940 simplex
3521 873 3608 925 est

2013 969 2127 1017 cor,
2162 952 2233 1006 ad
2262 953 2439 1006 Deum
2469 958 2690 1008 tantum
2721 955 3046 1025 respiciens.
3081 955 3179 1010 Est
3205 963 3394 1013 autem
3425 963 3482 1014 et
3527 959 3605 1015 al-

396 1037 550 1093 Abiit
579 1039 880 1111 aliquando
894 1041 1192 1097 Zacharias
1213 1041 1550 1097 adabbatem
1573 1061 1736 1098 suum
1751 1044 1929 1098 Silva-
2012 1040 2165 1107 bum,
2198 1039 2409 1095 habens
2439 1041 2911 1097 illuminationem
2942 1043 3088 1109 ﬁdei,
3125 1050 3182 1098 et
3201 1046 3382 1101 omnis
3403 1063 3604 1118 opera-

327 1129 776 1194 num,etinvenit
789 1131 988 1184 eumin
1003 1147 1230 1186 excessu
1252 1132 1713 1192 mentis,eterant
1726 1151 1926 1188 manus
2009 1131 2090 1184 tio
2117 1131 2257 1201 justi
2288 1131 2345 1184 in
2376 1131 2540 1186 corde
2571 1132 2748 1202 ipsius
2777 1139 2880 1201 est;
2907 1150 3039 1188 nam
3069 1139 3128 1189 et
3145 1151 3382 1191 acumen
3407 1138 3604 1194 stimu-

327 1218 450 1288 ejus
476 1223 720 1274 extensae
749 1219 808 1274 in
837 1220 1058 1274 caelum.
1086 1221 1155 1275 Et
1183 1239 1314 1276 cum
1337 1221 1568 1276 vidisset
1593 1222 1690 1288 ita,
1725 1223 1928 1278 clausit
2008 1221 2190 1275 lorum
2212 1223 2354 1291 ejus,
2382 1221 2648 1276 adversus
2668 1221 2955 1276 diabolum
2982 1229 3068 1277 est
3095 1227 3598 1296 propugnaculum.

326 1306 619 1374 ostium,et
634 1309 788 1375 exiit;
814 1315 872 1363 et
898 1309 1117 1364 intrans
1133 1309 1278 1364 circa
1301 1311 1498 1364 horam
1520 1317 1734 1382 sextam
1755 1317 1923 1382 atque

327 1411 555 1463 nonam,
586 1397 801 1452 invenit
828 1415 957 1453 eum
986 1399 1181 1453 eodem
1231 1400 1428 1466 modo;
1456 1401 1604 1454 circa
1647 1400 1922 1455 decimam

324 1501 454 1538 vero
509 1485 711 1540 horam
766 1487 1026 1558 pulsavit,
1081 1493 1138 1542 et
1184 1488 1490 1559 ingressus,
1526 1490 1739 1543 invenit
1792 1507 1920 1544 eum

325 1574 792 1644 quiescentem,et
810 1577 946 1630 dicit
960 1577 1010 1631 ei
1026 1595 1037 1630 :
1063 1577 1208 1642 Quid
1240 1577 1484 1632 habuisti
1506 1579 1691 1641 hodie,
1708 1580 1875 1634 Pater
1892 1579 1920 1632 ?

321 1662 428 1727 Qui
458 1663 602 1718 dixit
629 1665 681 1719 ei
705 1684 716 1718 :
752 1666 1078 1721 Infirmatus
1094 1684 1219 1721 sum
1238 1667 1422 1730 hodie,
1449 1668 1547 1721 fili.
1575 1668 1673 1722 Ille
1697 1685 1824 1723 vero
1843 1674 1922 1723 te-

318 1769 460 1808 nens
489 1755 661 1825 pedes
707 1757 850 1826 ejus,
882 1755 1104 1811 dicebat
1135 1775 1146 1808 τ
1180 1758 1306 1811 Non
1349 1762 1404 1811 te
1451 1757 1752 1824 dimittam,
1811 1759 1919 1814 nisi

317 1841 458 1896 mihi
491 1842 828 1898 indicaveris
867 1844 1001 1915 quid
1033 1845 1238 1903 vidisti.
1274 1845 1589 1917 Respondit
1617 1847 1669 1900 ei
1699 1864 1868 1902 senex
1903 1867 1914 1900 :

311 1929 428 2001 Ego
457 1933 517 1986 in
546 1933 749 1987 caelum
791 1940 987 2006 raptus
1016 1951 1162 2001 sum,
1194 1940 1251 1988 et
1292 1935 1402 1990 vidi
1437 1941 1631 2002 645
1674 1937 1914 2006 gloriam

309 2018 431 2085 Dei,
466 2027 526 2074 et
553 2021 666 2075 illic
691 2022 820 2076 steti
842 2039 1021 2094 usque
1042 2023 1227 2090 modo,
1249 2028 1307 2077 et
1319 2040 1468 2078 nunc
1490 2024 1754 2079 dimissus
1770 2043 1918 2082 sum.

2078 1311 2130 1364 7.
2163 1311 2313 1364 Dixit
2355 1310 2658 1382 aliquando
2693 1312 2837 1366 alter
2877 1329 3045 1366 senex
3091 1332 3102 1366 :
3152 1314 3461 1370 Sunamitis
3497 1316 3606 1370 Eli-

2006 1416 2178 1454 saeum
2206 1400 2470 1470 suscepit,
2506 1417 2572 1454 eo
2597 1401 2747 1470 quod
2777 1417 2890 1456 non
2921 1401 3156 1457 haberet
3182 1404 3444 1459 allectum
3474 1421 3603 1460 cum

2004 1489 2192 1559 aliquo
2219 1489 2444 1543 homine
2469 1491 2698 1554 (Pasch.,
2726 1507 2772 1544 c.
2807 1488 2892 1554 37,
2921 1507 2976 1545 η.
3003 1491 3058 1556 4,
3090 1496 3314 1548 nomine
3339 1495 3600 1561 Macarii;

2002 1580 2242 1646 Append.
2273 1580 2462 1643 Mart,
2500 1577 2676 1649 n.16).
2705 1579 2922 1634 Dicitur
2951 1581 3271 1636 Sunamites
3301 1599 3600 1653 personam

2003 1666 2211 1721 habere
2235 1667 2456 1733 animae,
2473 1667 2700 1722 Elisaeus
2731 1685 2859 1722 vero
2890 1685 3186 1739 personam
3209 1671 3452 1742 Spiritus
3468 1689 3602 1728 san-

2003 1755 2096 1809 cti.
2129 1755 2472 1826 Quacunque
2493 1773 2625 1826 ergo
2649 1757 2789 1811 hora
2813 1757 3022 1812 recedit
3060 1759 3250 1814 anima
3280 1777 3314 1814 a
3344 1762 3599 1816 saeculari

2003 1843 2328 1899 confusione
2371 1850 2430 1899 et
2471 1845 2913 1916 perturbatione,
2957 1847 3216 1902 adveniet
3261 1849 3312 1903 ei
3359 1850 3602 1921 Spiritus

2002 1935 2123 2000 Dei,
2157 1942 2212 1990 et
2235 1941 2371 1990 tunc
2393 1935 2600 2006 poterit
2627 1953 2824 2006 parere
2843 1953 2972 1990 cum
3001 1937 3071 1991 sit
3097 1937 3324 1992 sterilis.

2077 2026 2129 2079 8.
2164 2025 2322 2079 Alius
2361 2025 2588 2096 quidam
2623 2025 2853 2080 Patrum
2884 2025 3060 2080 dixit:
3097 2026 3242 2090 Quia
3277 2027 3423 2082 oculi
3446 2027 3600 2099 porci

2003 2114 2261 2168 naturale
2280 2113 2489 2168 habent
2499 2115 2938 2185 ﬁgmentum,ita
2952 2120 3015 2170 ut
3028 2116 3359 2172 necessitate
3377 2133 3602 2190 semper

380 2109 433 2164 ‘2.
470 2109 624 2165 Dixit
650 2117 844 2166 sancta
876 2112 1218 2183 Syncletica:
1256 2113 1580 2168 Efficiamur
1607 2115 1916 2186 prudentes
1937 2140 1987 2201 B

313 2197 460 2253 sicut
486 2206 797 2272 serpentes,
830 2207 888 2256 et
915 2201 1197 2274 simplices
1215 2203 1360 2257 sicut
1377 2203 1664 2269 columbae,
1683 2210 1750 2258 ut
1765 2215 1916 2260 astu-
1937 2197 1981 2201 _
1998 2202 2298 2258 intendant
2328 2204 2386 2258 in
2415 2210 2590 2270 terra,
2624 2221 2726 2259 nec
2755 2205 3059 2276 aliquando
3078 2205 3296 2277 possint
3321 2206 3598 2278 respicere

309 2292 366 2342 te
387 2289 773 2361 intelligamus
799 2291 1029 2362 laqueos
1050 2291 1256 2346 diaboli
1281 2312 1292 2359 ;
1313 2309 1444 2346 nam
1468 2293 1771 2364 prudentes
1792 2295 1912 2348 ﬁeri
1995 2293 2066 2346 ad
2096 2294 2318 2348 coelum.
2356 2294 2447 2349 Sic
2477 2310 2610 2364 ergo
2638 2299 2696 2348 et
2721 2295 2908 2348 anima
2942 2295 3066 2365 ejus
3087 2295 3182 2366 qui
3212 2295 3270 2350 in
3299 2296 3595 2350 dulcedine

311 2378 458 2432 sicut
485 2386 776 2451 serpentes
805 2381 1017 2436 dictum
1053 2387 1156 2449 est,
1188 2387 1254 2436 ut
1293 2399 1405 2436 non
1447 2382 1774 2453 ignoremus
1803 2384 1910 2438 im-
1995 2381 2306 2437 delectatur
2354 2383 2726 2454 voluptatum,
2772 2385 2945 2438 semel
2999 2384 3230 2455 delapsa
3277 2384 3335 2439 in
3366 2385 3600 2440 luxuriae

310 2473 478 2538 petus
511 2468 723 2524 diaboli
753 2476 809 2524 et
835 2475 986 2525 artes
1017 2472 1158 2541 ejus.
1207 2471 1426 2527 Etenim
1466 2471 1649 2526 simile
1696 2473 1911 2543 aliquid
1995 2486 2236 2533 caenum,
2268 2471 2494 2525 difficile
2522 2477 2704 2542 potest
2735 2473 3014 2544 respicere
3043 2473 3112 2528 ad
3145 2475 3342 2541 Deum,
3375 2480 3475 2529 aut
3499 2491 3594 2530 sa-

314 2573 379 2610 ex
409 2557 520 2612 alio
550 2558 722 2613 simili
747 2565 1066 2632 superatur,
1090 2577 1220 2615 nam
1251 2569 1309 2615 et
1335 2560 1663 2632 simplicitas
1694 2563 1898 2618 colum-
1995 2577 2126 2631 pere
2157 2561 2368 2632 aliquid
2399 2560 2631 2632 dignum
2661 2561 2797 2616 Deo.

308 2645 394 2701 bae
414 2647 854 2704 demonstratur.
2066 2649 2119 2703 9.
2153 2649 2283 2704 Fuit
2303 2648 2532 2720 quidam
2549 2665 2787 2720 magnus
2809 2649 2959 2704 inter
2977 2650 3372 2722 prmvidentes;
3400 2651 3490 2706 hic
3513 2653 3592 2707 ati-

380 2735 434 2790 3.
468 2737 698 2792 Dicebat
727 2739 953 2810 quidam
995 2739 1265 2794 Patrum:
1300 2740 1442 2804 Quia
1484 2741 1615 2795 dum
1650 2742 1911 2800 sederent

307 2825 613 2897 aliquando
627 2829 876 2884 seniores
895 2834 952 2883 et
971 2829 1338 2900 loquerentur
1348 2831 1417 2885 de
1427 2830 1905 2899 aedificationibus,

306 2921 434 2969 erat
458 2915 606 2971 inter
635 2935 730 2972 eos
753 2935 899 2973 unus
927 2919 1268 2990 praevidens;
1302 2926 1356 2974 et
1376 2920 1516 2974 vidit
1531 2921 1763 2991 angelos
1793 2939 1910 2976 ma-

308 3020 419 3059 nus
450 3007 729 3077 agitantes
760 3013 816 3062 et
848 3009 1096 3062 lavantes
1127 3025 1222 3063 eos
1263 3011 1454 3078 (Ruf/2,
1503 3013 1542 3064 ι.
1576 3025 1659 3070 III,
1702 3028 1758 3064 η.
1793 3009 1906 3066 36*.

306 3093 384 3148 Ut
412 3101 600 3150 autem
631 3096 871 3152 venisset
889 3098 1097 3152 locutio
1121 3097 1790 3162 saecularis,discedebant
1813 3116 1909 3153 an-

303 3184 439 3254 geli,
464 3191 522 3240 et
542 3186 938 3241 volutabantur
966 3187 1118 3258 porci
1140 3187 1199 3240 in
1230 3187 1416 3241 medio
1443 3187 1594 3258 pleni
1613 3186 1903 3253 fetoribus,

313 3279 371 3328 et
397 3273 724 3344 polluebant
739 3292 853 3343 eos;
877 3292 1005 3330 cum
1032 3281 1220 3330 autem
1239 3292 1435 3329 rursus
1454 3275 1820 3346 loquerentur
1839 3276 1909 3330 de

305 3361 698 3431 mdiﬁcatione,
731 3363 1028 3419 veniebant
1070 3364 1277 3419 iterum
1308 3369 1365 3418 et
1388 3363 1650 3418 lavabant
1682 3381 1776 3419 eos
1805 3381 1906 3419 an-

303 3451 443 3522 geli.

304 3635 392 3685 est
424 3649 436 3683 :
472 3632 652 3703 Super
680 3632 897 3688 duobus
925 3639 984 3687 et
1009 3633 1197 3687 tribus
1218 3633 1465 3704 peccatis
1495 3634 1629 3704 Tyri
1658 3641 1906 3690 avertam

303 3736 418 3787 me,
468 3737 640 3792 super
686 3733 929 3793 quatuor
957 3729 1149 3778 autem
1190 3738 1303 3778 non
1345 3728 1595 3778 avertam
1627 3726 1902 3793 (Amos,i);

257 3870 280 3876 _
302 3809 554 3880 cogitare
586 3811 817 3876 malum,
849 3817 906 3866 et
932 3812 1250 3868 consentire
1282 3813 1571 3882 cogitatui,
1606 3819 1662 3867 et
1709 3815 1899 3886 loqui;

305 3906 571 3971 quartum
603 3917 732 3956 vero
775 3907 861 3956 est
895 3903 1164 3974 perficere
1191 3918 1349 3973 opus.
1398 3903 1463 3956 In
1493 3902 1598 3957 hoc
1629 3919 1761 3974 ergo
1789 3920 1902 3959 non

301 3990 578 4043 avertitur
603 3990 691 4044 ira
714 3990 957 4044 Domini.

375 4079 431 4133 5.
464 4077 735 4134 Dicebant
764 4080 834 4134 de
882 4079 1126 4151 quodam
1177 4097 1310 4135 sene
1338 4097 1544 4151 magno
1577 4081 1635 4135 in
1666 4081 1859 4152 Scythi
1887 4100 1898 4136 :

300 4167 761 4240 Quotiescunque
780 4169 980 4224 fratres
997 4169 1350 4224 aedificabant
1369 4171 1904 4242 cellulam,egredie-

304 4255 474 4311 batur
493 4274 619 4312 cum
643 4259 869 4329 gaudio,
898 4264 955 4312 et
974 4275 1186 4330 ponens
1214 4259 1639 4314 fundamentum
1665 4277 1776 4315 non
1797 4261 1905 4315 dis-

299 4345 538 4400 cedebat
581 4347 759 4402 donec
810 4353 1289 4417 commoraretur;
1345 4349 1647 4420 aliquando
1714 4355 1902 4404 autem

297 4435 492 4489 exiens
523 4435 594 4489 ad
616 4435 995 4491 fabricandam
1021 4437 1217 4491 cellam
1247 4437 1689 4493 contristabatur
1721 4440 1896 4496 valde.

302 4523 375 4578 Et
394 4523 588 4578 dicunt
613 4523 814 4578 fratres
840 4543 850 4576 :
873 4525 1057 4588 Quare
1077 4525 1255 4579 tristis
1277 4542 1340 4579 ac
1362 4532 1597 4582 moestus
1627 4544 1703 4592 es,
1729 4527 1900 4583 abba?

303 4612 413 4676 Qui
443 4612 584 4668 dixit
611 4612 691 4668 eis
721 4632 734 4666 :
766 4614 1116 4668 Desolandus
1141 4619 1228 4668 est
1275 4615 1427 4670 locus
1453 4616 1577 4682 iste,
1614 4617 1732 4671 lilii.
1783 4619 1897 4688 Ego

297 4701 454 4755 enim
474 4701 587 4756 vidi
619 4701 885 4773 quoniam
913 4719 1179 4757 accensus
1209 4709 1293 4758 est
1334 4704 1481 4774 ignis
1510 4705 1567 4758 in
1600 4706 1811 4777 Scythi,
1841 4712 1898 4760 et

1994 2737 2256 2793 ﬁrmabat
2283 2739 2472 2793 dicens
2498 2759 2508 2792 :
2545 2740 2690 2803 Quia
2713 2740 2977 2794 virtutem
3002 2739 3092 2809 (2),
3123 2758 3290 2812 quam
3311 2742 3421 2796 vidi
3441 2749 3593 2798 stare

1993 2843 2162 2898 super
2182 2826 2481 2898 baptisma,
2514 2827 2625 2881 vidi
2656 2828 2826 2882 etiam
2855 2845 3025 2900 super
3049 2831 3444 2886 vestimentum
3470 2848 3593 2887 mo-

1992 2915 2176 2980 nachi,
2203 2916 2428 2985 quando
2459 2917 2660 2988 accipit
2686 2917 2940 2971 habitum
2962 2919 3333 2989 spiritualem.

2072 3004 2154 3062 10.
2181 3005 2417 3060 Cuidam
2448 3006 2567 3060 seni
2595 3007 2727 3060 data
2755 3013 2843 3060 est
2868 3009 3053 3077 gratia
3073 3007 3296 3062 videndi
3327 3026 3451 3080 quae
3482 3011 3584 3064 fie-

1991 3093 2148 3159 bant,
2174 3099 2230 3148 et
2258 3095 2516 3150 dicebat:
2555 3095 2699 3159 Quia
2745 3095 2856 3148 vidi
2902 3096 2960 3149 in
2998 3095 3246 3150 ccenobio
3286 3097 3588 3168 aliquando

1991 3184 2357 3238 meditantem
2388 3184 2445 3238 in
2476 3185 2616 3238 cella
2634 3184 2956 3248 fratrem,et
2971 3202 3095 3240 ecce
3115 3186 3334 3240 daemon
3361 3189 3588 3244 veniens

1990 3273 2173 3328 stabat
2201 3274 2335 3327 foris
2361 3274 2577 3328 cellam.
2614 3275 2683 3329 Et
2709 3275 2845 3328 dum
2873 3274 3047 3329 frater
3073 3275 3166 3329 ille
3199 3276 3585 3346 meditaretur,

1991 3378 2103 3416 non
2129 3362 2464 3433 praevalebat
2489 3362 2726 3433 ingredi;
2752 3380 2879 3417 cum
2901 3369 3090 3417 autem
3118 3369 3393 3419 cessasset
3405 3365 3585 3421 medi-

1990 3451 2181 3517 tando,
2214 3457 2348 3506 tunc
2369 3450 2797 3521 ingrediebatur
2822 3452 2915 3506 ille
2943 3452 3181 3508 daemon.

465 3541 618 3596 Dixit
645 3542 874 3614 quidam
915 3559 1083 3598 senex
1116 3563 1128 3597 :
1163 3544 1280 3598 Hoc
1313 3547 1399 3598 est
1437 3543 1585 3614 quod
1625 3542 1902 3614 scriptum
1925 3504 1969 3566 Ο
2172 3504 2540 3595 ’Βίξέῦεηῖἀέ
2559 3504 2801 3612 quodam
2821 3504 3480 3615 sene,‘quia—deprecatus
3500 3551 3586 3602 est

1989 3629 2261 3694 Deum,ut
2285 3629 2498 3684 videret
2509 3629 2894 3693 daemones.Et
2914 3631 3221 3686 revelatum
3242 3638 3328 3687 est
3347 3633 3398 3686 ei
3425 3653 3436 3688 :
3457 3635 3585 3690 Non

1989 3735 2128 3791 opus
2157 3719 2330 3774 habes
2360 3719 2546 3774 videre
2565 3736 2678 3774 eos.
2706 3720 3085 3775 Senexautem
3102 3721 3335 3791 rogabat
3353 3722 3544 3778 dicens
3567 3743 3579 3778 ε

1988 3809 2152 3876 Quia,
2167 3809 2424 3876 Domine,
2443 3816 2598 3881 potes
2621 3826 2709 3864 me
2729 3815 3022 3882 protegere
3039 3811 3223 3881 gratia
3239 3813 3436 3866 tua.At
3453 3830 3585 3868 vero

1986 3899 2136 3953 Deus
2157 3899 2422 3953 revelavit
2441 3899 2630 3954 oculos
2646 3900 2695 3971 ej
2705 3917 2788 3964 us,
2809 3905 2866 3954 et
2884 3899 3020 3954 vidit
3044 3901 3302 3972 eos,quia
3313 3906 3586 3974 tanquam

1987 4004 2119 4058 apes
2147 3988 2228 4042 sic
2255 3989 2606 4043 circumdant
2632 3989 2940 4055 hominem,
2991 3989 3295 4045 stridentes
3323 3991 3587 4048 dentibus

1985 4077 2102 4131 suis
2122 4094 2292 4148 super
2320 4094 2484 4143 eum;
2521 4079 2720 4149 Angeli
2744 4095 2873 4133 vero
2901 4078 3002 4132 Dei
3027 4078 3394 4150 increpabant
3423 4098 3538 4139 eos.

2056 4165 2144 4221 12.
2177 4166 2333 4220 Dixit
2361 4167 2590 4238 quidam
2621 4184 2789 4221 senex
2810 4167 2982 4230 :Quia
3003 4168 3114 4222 duo
3136 4169 3336 4224 fratres
3353 4176 3516 4224 erant
3532 4171 3585 4226 ei

1991 4254 2171 4322 vicini,
2203 4271 2350 4310 unus
2372 4256 2722 4327 peregrinus,
2760 4262 2816 4310 et
2845 4273 2990 4310 unus
3020 4256 3266 4311 inchoris
3296 4257 3408 4325 (3):
3462 4264 3586 4315 erat

1987 4349 2176 4398 autem
2189 4344 2515 4415 peregrinus
2530 4345 2620 4398 ille
2639 4345 2918 4400 modicum
2933 4345 3324 4415 negligentior;
3344 4347 3439 4402 ille
3454 4364 3583 4403 vero

1985 4429 2228 4484 inchoris
2247 4429 2532 4484 studiosus
2561 4430 2738 4484 valde.
2756 4429 3004 4500 Contigit
3018 4436 3208 4485 autem
3231 4436 3295 4485 ut
3312 4431 3588 4488 dormiret

1987 4518 2081 4572 ille
2109 4520 2438 4591 peregrinus
2458 4519 2516 4575 in
2547 4537 2702 4592 pace.
2735 4523 2809 4575 At
2829 4521 2920 4575 ille
2945 4537 3112 4576 senex
3140 4520 3356 4576 vicinus
3381 4538 3579 4578 eorum

1982 4624 2108 4662 cum
2130 4615 2276 4663 esset
2301 4609 2631 4680 praevidens,
2657 4609 2796 4663 vidit
2813 4607 3233 4664 multitudinem
3250 4609 3582 4681 angelorum

1981 4697 2350 4754 deducentem
2379 4699 2626 4754 animam
2648 4700 2804 4769 ejus;
2829 4705 2886 4753 et
2899 4715 3027 4753 cum
3048 4699 3366 4770 perveniret
3391 4700 3462 4754 ad
3475 4716 3583 4755 caa-

294 4790 638 4861 accipientes
695 4791 895 4846 fratres
951 4792 1166 4862 palmas
1211 4793 1486 4848 caedentes
1515 4791 1970 4852 exstinxeruntD
1990 4788 2108 4842 lum
2133 4795 2195 4844 ut
2220 4789 2477 4852 intraret.
2509 4788 2652 4843 facta
2680 4795 2765 4842 est
2793 4789 3026 4859 quaestio
3055 4788 3123 4843 de
3160 4789 3274 4843 illo.
3322 4789 3390 4844 Et
3431 4791 3584 4847 venit

294 4895 465 4946 eum;
501 4885 559 4933 et
588 4880 794 4934 iterum
823 4897 1090 4936 accensus
1119 4887 1236 4947 est;
1271 4889 1327 4936 et
1346 4883 1678 4953 accipientes
1696 4884 1896 4940 fratres

290 4985 494 5024 rursus
514 4969 728 5041 palmas
749 4971 1024 5024 caedentes
1044 4971 1435 5027 exstinxerunt
1451 4989 1599 5039 eum;
1620 4975 1785 5028 tertio
1805 4991 1899 5029 ac-

289 5075 498 5114 census
520 5066 606 5113 est
633 5065 691 5114 et
711 5059 961 5130 implevit
980 5066 1155 5114 totam
1182 5061 1454 5132 Scythim,
1477 5068 1532 5116 et
1542 5064 1660 5133 jam
1675 5080 1786 5117 non
1802 5081 1898 5135 po-

286 5149 407 5202 tuit
432 5148 732 5219 exstingui.
765 5149 897 5204 Ideo
924 5166 1026 5219 ego
1055 5149 1359 5204 contristor
1385 5167 1449 5204 ac
1485 5157 1715 5206 mmstus
1746 5170 1894 5208 sum.

364 5235 419 5292 6.
454 5238 606 5292 Dixit
627 5238 854 5309 quidam
885 5255 1053 5293 senex
1087 5257 1098 5292 :
1137 5239 1419 5310 Scriptum
1443 5246 1564 5296 est.
1610 5242 1802 5296 Justus
1833 5248 1897 5297 ut

284 5326 484 5399 palma
515 5327 753 5381 florebit.
787 5327 1080 5398 Significat
1100 5334 1289 5383 autem
1313 5329 1400 5383 hic
1419 5346 1604 5385 sermo
1621 5330 1896 5387 bonorum

285 5423 526 5472 actuum
545 5417 787 5471 fructum
809 5417 986 5471 altum
1010 5424 1067 5472 et
1078 5423 1296 5473 rectum
1314 5436 1378 5473 ac
1396 5418 1616 5474 dulcem
1642 5439 1652 5474 :
1676 5427 1761 5475 est
1771 5439 1897 5476 vero

288 5505 354 5561 in
376 5504 570 5576 palma
589 5521 767 5561 unum
795 5505 1132 5562 incarduum
1165 5509 1211 5575 (l
1223 5511 1263 5578 ),
1299 5515 1355 5563 et
1381 5508 1566 5580 ipsum
1597 5509 1898 5565 candidum

287 5610 526 5652 omnem
553 5593 766 5653 habens
791 5597 1179 5670 operationem
1200 5597 1261 5656 in
1283 5615 1376 5670 se;
1407 5599 1588 5655 simile
1621 5604 1812 5657 autem
1841 5605 1900 5657 et

1978 4895 2080 4933 vox
2109 4880 2176 4934 de
2205 4896 2374 4951 super
2401 4879 2618 4933 dicens:
2653 4878 3008 4933 Manifestum
3036 4884 3124 4933 est
3137 4878 3270 4950 quia
3297 4879 3580 4936 modicum

1981 4969 2355 5039 negligentior
2382 4968 2506 5036 fuit,
2538 4968 2631 5022 sed
2656 4974 2884 5039 propter
2908 4968 3419 5039 peregrinationem
3457 4972 3580 5043 ejus

1979 5058 2191 5129 aperite
2221 5057 2289 5112 ei.
2324 5059 2392 5112 Et
2423 5064 2550 5129 post
2582 5059 2695 5112 haec
2726 5057 2990 5112 dormivit
3016 5065 3072 5112 et
3100 5058 3193 5112 ille
3221 5059 3488 5128 inchoris,
3522 5066 3581 5118 et

1977 5147 2126 5202 venit
2157 5147 2340 5202 omnis
2363 5147 2621 5217 cognatio
2647 5148 2769 5217 ejus
2791 5147 2862 5200 ad
2885 5164 3033 5202 eum.
3070 5148 3317 5204 Cernens
3337 5166 3466 5206 vero
3484 5151 3580 5207 ille

1979 5253 2144 5291 senex
2180 5253 2293 5290 non
2323 5236 2512 5290 venire
2542 5236 2771 5306 angelos
2799 5237 2870 5290 ad
2914 5236 3298 5293 deducendam
3329 5240 3578 5294 animam

1981 5329 2120 5398 ejus,
2158 5326 2395 5380 miratus
2423 5331 2538 5392 est;
2570 5331 2626 5380 et
2648 5326 2850 5380 cadens
2870 5325 2928 5379 in
2959 5325 3157 5381 faciem
3179 5345 3339 5383 suam
3369 5329 3427 5383 in
3449 5344 3577 5384 con-

1981 5422 2173 5489 spectu
2196 5415 2314 5481 Dei,
2335 5415 2470 5469 dixit
2493 5434 2505 5471 :
2526 5415 2818 5480 Quomodo
2835 5417 3164 5488 peregrinus
3194 5418 3289 5472 ille
3323 5434 3452 5472 cum
3481 5434 3576 5472 ne-

1977 5505 2280 5577 gligentior
2305 5505 2478 5562 fuerit
2505 5506 2676 5560 talem
2703 5506 2942 5576 gloriam
2971 5506 3186 5572 habuit,
3229 5512 3285 5560 et
3327 5506 3416 5560 hic
3443 5521 3574 5563 cum

1981 5597 2264 5656 studiosus
2299 5603 2450 5657 esset
2470 5597 2613 5658 nihil
2631 5596 2957 5672 hujusmodi
2990 5595 3235 5655 meruit?
3262 5595 3330 5652 Et
3350 5595 3500 5653 venit
3519 5596 3572 5660 ei

2153 5696 2174 5726 \
