3976 6186
473 274 580 333 995
1572 269 1666 326 DE
1703 269 1893 327 VITIS
1930 266 2229 325 PATRUM
2264 268 2479 326 LIBER
2514 269 2610 327 VI.
3587 279 3676 339 996

471 422 581 460 vox
610 404 801 461 dicens
833 421 844 457 :
878 400 982 457 Hic
1023 398 1306 456 studiosus
1333 413 1462 454 cum
1489 397 1643 454 venit
1683 397 1749 453 ut
1775 398 2064 466 dormiret,
2083 398 2135 458 Α
2155 412 2348 452 omnes
2377 397 2448 452 ab
2479 397 2636 470 ipsa;
2685 397 2745 452 in
2767 395 3037 452 ebrietate
3066 402 3252 454 autem
3287 399 3411 469 vini,
3435 416 3546 458 cum
3567 405 3680 462 viris

475 494 698 568 aperuit
724 491 914 548 oculos
943 507 1094 556 suos,
1127 493 1185 543 et
1201 488 1760 560 viditparentessuos
1780 488 1998 556 ﬂentes,
2015 493 2072 542 et
2151 486 2451 550 luxuriosis
2475 486 2894 543 demorabatur.
2937 486 3300 558 Dispensabat
3345 496 3516 546 autem
3540 499 3589 548 et
3625 511 3680 550 ea

479 583 768 640 consolata
798 585 886 637 est
912 579 1106 635 anima
1141 579 1284 650 ejus.
1330 577 1668 650 Peregrinus
1698 593 1829 633 vero
1876 583 2072 646 646
2147 593 2274 648 quae
2297 576 2448 631 intus
2465 577 2617 631 domi
2646 582 2810 632 erant
2829 581 3100 648 tanquam
3121 577 3371 633 meretrix
3392 581 3618 652 pessima,
3631 591 3685 640 ut

472 674 584 736 ille,
613 672 745 727 licet
772 668 1148 741 negligentior
1174 667 1363 736 fuerit,
1396 669 1614 723 nullum
1646 684 1878 723 suorum
1898 667 2064 736 vidit,
2150 665 2321 720 etiam
2344 665 2661 720 substantia
2681 667 2861 720 multa
2882 665 3040 720 valde
3056 681 3164 720 non
3183 667 3414 738 potuerit
3437 669 3578 724 nobis
3589 672 3682 726 suf-

470 767 529 818 et
551 761 722 828 flevit,
757 766 815 815 et
833 761 982 816 Deus
1011 759 1332 814 consolatus
1361 763 1447 812 est
1465 774 1613 812 eum.
2149 754 2344 823 ﬁcere;
2377 771 2508 809 nam
2538 754 2669 809 huic
2693 771 2728 809 a
2760 755 2926 810 Patre
2956 771 3081 810 meo
3110 754 3358 826 delegata
3375 757 3685 830 eratdispen-

548 848 633 907 13.
668 849 933 906 Narravit
961 849 1106 904 alter
1135 848 1365 920 quidam
1385 849 1640 913 Patrum,
1665 848 1796 920 quia
1816 853 1942 903 erat
1961 849 2068 903 ali-
2149 844 2291 897 satio
2330 844 2559 898 domus:
2594 859 2828 916 corpore
2861 849 3050 898 autem
3081 859 3183 898 suo
3211 843 3288 898 ita
3315 845 3370 898 in
3387 846 3684 918 turpitudine

474 939 598 1012 quis
627 939 912 994 solitarius
937 938 997 992 in
1026 953 1214 993 eremo
1234 937 1560 1008 Nilipoleos,
1577 943 1635 992 et
1649 937 2066 992 ministrabatei
2149 931 2505 1000 abutebatur,
2539 938 2606 989 ut
2627 933 2791 1005 pauci
2812 933 2882 987 de
2897 934 3018 988 vico
3047 932 3170 1004 ipso
3194 933 3463 1004 potuerint
3479 935 3686 1006 eliugere

474 1029 709 1102 quidam
729 1027 1138 1094 saecularis,sed
1151 1027 1350 1082 fidelis.
1361 1027 1495 1081 Erat
1508 1032 1699 1082 autem
1715 1033 1772 1082 et
1792 1028 1848 1082 in
1871 1028 2064 1082 eadem
2149 1021 2440 1076 libidinem
2453 1023 2501 1093 ej
2510 1039 2593 1078 us.
2626 1023 2931 1094 Nunquam
2945 1022 3164 1095 corpori
3181 1023 3301 1093 ejus
3313 1023 3523 1078 morbus
3533 1041 3688 1080 occur-

471 1119 697 1175 civitate
724 1119 914 1186 homo,
931 1117 1029 1190 qui
1047 1122 1170 1172 erat
1190 1117 1362 1184 dives,
1387 1116 1529 1171 etim
1537 1117 1680 1188 pius.
1707 1117 1956 1188 Contigit
1971 1133 2069 1172 au-
2151 1117 2245 1178 rit,
2263 1128 2366 1166 nec
2379 1111 2626 1166 dolorem
2650 1111 2899 1184 aliquem
2911 1111 3089 1167 sensit
3104 1111 3189 1166 vel
3201 1111 3598 1182 aliquantulum,
3609 1115 3688 1173 sed

471 1214 587 1264 tem
608 1213 675 1264 ut
704 1213 1022 1264 moreretur
1043 1207 1138 1262 ille
1163 1206 1334 1272 dives,
1359 1210 1419 1260 et
1436 1205 1676 1261 ducebat
1704 1223 1832 1261 eum
1863 1213 1984 1262 tota
1997 1197 2087 1261 ci?
2152 1201 2486 1257 anativitate
2509 1217 2614 1256 sua
2625 1217 2806 1272 usque
2817 1201 2890 1256 ad
2913 1201 3176 1256 ultimum
3197 1200 3342 1256 diem
3358 1201 3610 1273 integrum
3621 1219 3692 1259 sa-

474 1299 620 1353 vitas
638 1298 810 1353 simul
829 1303 886 1352 et
905 1297 1196 1369 episcopus
1230 1312 1360 1351 cum
1392 1295 1766 1368 lampadibus.
1799 1297 2069 1367 Egressus
2151 1307 2401 1362 numque
2419 1307 2620 1362 corpus
2643 1307 2808 1346 suum
2829 1289 3098 1362 possedit.
3123 1291 3276 1345 inter
3295 1289 3406 1345 hac
3426 1291 3692 1362 contigitut

476 1393 565 1444 est
579 1393 771 1442 autem
792 1391 850 1442 et
866 1387 960 1440 ille
977 1385 1072 1458 qui
1093 1385 1452 1440 ministrabat
1472 1385 1553 1438 illi
1576 1385 1844 1452 solitario,
1869 1402 2070 1440 secun-
2152 1385 2483 1452 patermeus
2501 1381 2668 1451 longa
2689 1379 3024 1452 aegritudine
3050 1378 3318 1450 fatigatus
3345 1385 3690 1446 moreretur,et

475 1478 610 1533 dum
640 1476 1103 1532 consuetudinem
1131 1479 1361 1547 portans
1387 1475 1463 1528 illi
1494 1491 1700 1546 panes;
1741 1481 1799 1530 et
1834 1475 2066 1544 invenit,
2151 1471 2417 1525 continuo
2432 1487 2530 1525 aer
2541 1475 2855 1525 commotus
2875 1473 3044 1536 est,et
3057 1468 3244 1540 pluvia
3263 1474 3319 1524 et
3337 1469 3696 1524 coruscationes

478 1568 612 1640 quia
639 1567 962 1622 comederat
976 1581 1106 1620 eum
1125 1563 1326 1632 bellua,
1334 1570 1392 1619 et
1406 1565 1608 1618 cecidit
1621 1564 1678 1618 in
1701 1565 1898 1620 faciem
1911 1581 2071 1620 suam
2151 1565 2322 1631 atque
2347 1559 2603 1615 tonitrua
2629 1576 2820 1614 aerem
2849 1575 2952 1614 con
2961 1557 3282 1626 turbabant,
3303 1565 3358 1613 et
3373 1575 3539 1630 neque
3557 1565 3689 1614 nocte

471 1657 534 1712 in
562 1661 863 1729 conspectu
891 1655 1138 1718 Domini,
1160 1655 1385 1709 dicens:
1413 1655 1538 1708 Non
1555 1670 1789 1724 surgam
1814 1655 2072 1722 hinc,do-
2153 1666 2335 1721 neque
2355 1650 2447 1704 die
2469 1649 2653 1704 imber
2674 1648 2944 1704 cessando
2971 1647 3160 1703 triduo
3189 1664 3354 1720 super
3391 1642 3574 1702 lectum
3595 1648 3693 1703 sine

457 1739 576 1802 'nec
589 1747 1012 1801 demonstretur
1026 1744 1215 1799 mihia
1234 1744 1352 1798 Deo
1373 1761 1496 1815 quae
1517 1749 1650 1798 sunt
1667 1743 1812 1812 haec;
1833 1744 2072 1815 quiaille
2087 1760 2134 1821 Β
2153 1740 2445 1811 sepultura
2469 1739 2601 1794 fecit
2631 1755 2760 1794 eum
2791 1755 3042 1804 manere,
3087 1737 3172 1792 ita
3220 1743 3285 1792 ut
3337 1737 3571 1794 homines
3611 1736 3696 1792 vici

474 1834 920 1909 quidemimpius
931 1833 1100 1888 talem
1120 1837 1453 1904 apparatum
1482 1832 1682 1886 habuit
1703 1832 1759 1886 in
1789 1833 2071 1889 deducen-
2150 1828 2302 1884 illius
2329 1835 2616 1884 moventes
2644 1828 2832 1900 capita
2851 1827 3272 1882 admirarentur
3293 1827 3434 1898 quod
3459 1832 3564 1882 tam
3597 1843 3696 1880 ma-

472 1923 576 1993 do;
611 1923 702 1978 hic
730 1940 879 1989 vero,
913 1923 1010 1994 qui
1059 1922 1284 1977 servivit
1331 1921 1434 1976 tibi
1477 1921 1568 1975 die
1621 1927 1923 1992 noctuque,
1962 1923 2072 1977 ista
2152 1918 2270 1972 lum
2292 1918 2580 1974 universos
2613 1919 2834 1984 lateret,
2869 1917 3118 1972 dicentes
3151 1935 3164 1970 :
3208 1916 3299 1972 Sic
3329 1915 3472 1971 enim
3490 1915 3581 1970 Dei
3600 1921 3700 1971 erat

473 2012 726 2085 pertulit.
759 2012 828 2066 Et
855 2028 980 2066 ecce
1007 2012 1241 2082 angelus
1269 2009 1493 2066 Domini
1539 2011 1768 2066 veniens
1799 2011 1940 2066 dixit
1968 2012 2018 2066 ei
2052 2031 2064 2066 :
2149 2007 2429 2075 inimicus,
2461 2013 2528 2063 ut
2553 2024 2657 2063 nec
2679 2013 2832 2062 terra
2859 2023 2989 2061 eum
3021 2005 3261 2078 recipiat
3285 2005 3354 2060 ad
3382 2005 3696 2077 sepulturam.

473 2101 575 2158 Ille
605 2100 812 2174 impius
838 2103 905 2170 (Δ)
931 2099 1131 2156 habuit
1155 2117 1391 2172 parvum
1419 2116 1560 2172 opus
1611 2099 1820 2156 bonum
1865 2100 1927 2154 in
1965 2100 2070 2156 hoc
2153 2097 2262 2153 Sed
2281 2105 2475 2153 tamen
2502 2115 2575 2153 ne
2603 2098 2756 2152 intra
2783 2097 3014 2151 domum
3045 2095 3325 2150 dissoluta
3345 2094 3575 2150 membra
3597 2095 3696 2166 ejus

471 2194 694 2258 saeculo,
717 2199 776 2248 et
801 2191 1014 2264 recepit
1039 2191 1180 2246 illud
1209 2191 1317 2259 hic,
1349 2196 1415 2246 ut
1443 2191 1556 2246 illic
1579 2192 1794 2246 nullam
1813 2191 2070 2263 requiem
2151 2187 2469 2258 ingressum
2537 2185 2905 2259 prohiberent
2959 2183 3364 2251 habitantibus,
3419 2183 3698 2239 imminente

471 2283 721 2338 inveniat
752 2301 764 2338 :
794 2283 900 2337 iste
925 2286 1116 2336 autem
1145 2280 1450 2344 solitarius,
1475 2281 1608 2352 quia
1635 2281 1804 2336 homo
1834 2287 1957 2336 erat
1985 2299 2072 2337 or-
2151 2277 2336 2332 adhuc
2376 2293 2508 2332 aere
2533 2275 2757 2331 turbido
2787 2281 2846 2330 et
2873 2275 3063 2347 pluvia
3093 2275 3480 2339 descendente,
3509 2272 3584 2326 vix
3615 2271 3697 2326 ali-

475 2377 644 2428 natus
664 2373 736 2426 ad
755 2388 983 2427 omnem
1010 2371 1297 2437 virtutem,
1329 2369 1573 2425 habebat
1593 2387 1725 2424 vero
1750 2376 1808 2424 et
1838 2371 1977 2442 ipse,
2005 2376 2072 2426 ut
2151 2382 2263 2438 quo
2293 2367 2459 2420 modo
2487 2381 2617 2421 eum
2651 2365 2956 2436 sepulturae
2983 2364 3341 2419 tradidimus.
3363 2365 3432 2418 At
3467 2379 3582 2416 vero
3606 2377 3698 2415 ma-

473 2462 662 2528 homo,
687 2461 972 2516 modicum
1001 2459 1214 2531 aliquid
1241 2461 1439 2531 culpae,
1471 2465 1528 2514 et
1555 2459 1765 2530 recepit
1789 2459 1925 2515 illud
1955 2461 2065 2528 hic,
2149 2460 2240 2510 ter
2269 2472 2396 2510 mea
2421 2461 2551 2528 post
2576 2455 2695 2510 haec
2723 2453 2950 2508 licentia
2966 2453 3217 2525 plurima
3236 2458 3472 2524 accepta,
3490 2467 3602 2506 cum
3619 2450 3697 2504 im-

469 2556 536 2606 ut
562 2550 640 2605 ibi
667 2549 988 2606 inveniatur
1014 2565 1190 2620 purus
1221 2565 1409 2604 coram
1439 2550 1574 2604 Deo.
1609 2551 1678 2604 Et
1700 2549 1780 2604 ita
1810 2551 2066 2605 consola-
2149 2545 2430 2618 probitate
2459 2544 2708 2599 maxima
2733 2544 2982 2616 corporis
3004 2543 3094 2598 sui
3127 2542 3363 2598 libidine
3384 2541 3692 2604 abutebatur,

475 2639 644 2694 tusin
674 2640 762 2694 his
789 2638 990 2705 verbis,
1017 2637 1156 2692 abiit
1175 2637 1498 2710 gloriﬁcans
1517 2639 1700 2694 Deum
1727 2655 1898 2712 super
1909 2640 2066 2710 judi-
2150 2639 2209 2689 et
2255 2633 2628 2706 prostibulum
2659 2633 2917 2706 deinceps
2967 2632 3180 2688 faciens
3227 2632 3448 2687 domum
3491 2635 3698 2684 nostram

474 2730 563 2786 cia
589 2730 732 2801 ejus,
768 2729 902 2801 quia
927 2745 1062 2783 vera
1086 2733 1238 2784 sunt.
2148 2723 2208 2778 in
2231 2723 2414 2778 multa
2435 2723 2660 2778 luxuria
2682 2722 2820 2777 vixit
2837 2727 3008 2794 atque
3037 2721 3277 2776 deliciis.
3309 2721 3376 2776 Et
3401 2721 3527 2775 dum
3547 2719 3697 2773 adhuc

547 2819 632 2876 14.
653 2819 843 2875 Sancti
871 2819 1067 2874 Patres
1085 2819 1156 2873 de
1185 2817 1378 2890 Scythi
1403 2819 1878 2890 prophetaverunt
1897 2820 1967 2874 de
1987 2821 2069 2875 ul-
2151 2813 2384 2886 parvula
2401 2829 2604 2881 essem,
2623 2823 2682 2867 et
2701 2812 2968 2867 deﬁceret
2997 2809 3162 2866 nobis
3203 2809 3505 2866 substantia
3525 2813 3699 2872 nam.

476 2907 1300 2980 timageneratione,dicentes:
1328 2908 1472 2972 Quid
1503 2908 1714 2980 operati
1740 2925 1936 2964 sumus
1966 2926 2070 2965 nos
2149 2903 2238 2958 vix
2261 2902 2563 2974 aliquando
2594 2918 2718 2957 cum
2749 2901 2970 2968 timore,
2993 2900 3142 2956 sicut
3163 2900 3305 2956 mihi
3324 2900 3701 2963 videmnmorte

477 3000 660 3068 (Ruf/2,
679 3001 716 3054 ι.
735 3012 819 3064 In,
843 2995 1044 3064 11.197)
1061 2996 1088 3050 ?
1117 2998 1186 3052 Et
1207 2997 1554 3069 respondens
1573 3015 1722 3052 unus
1755 3015 1820 3052 ex
1851 2999 1962 3053 illis
1981 2999 2066 3054 vir
2149 2992 2302 3047 illius
2321 2991 2652 3046 adveniente
2678 2995 2896 3046 tantam
2927 2990 3140 3046 meruit
3167 2989 3380 3046 funeris
3404 2985 3697 3060 prosperita-

469 3103 690 3158 magnae
720 3087 867 3154 vita,
885 3085 1112 3141 nomine
1144 3087 1216 3154 (5)
1253 3086 1460 3158 Cyrion
1505 3088 1638 3156 [Al.,
1672 3086 1953 3158 Squirion,
1985 3091 2129 3162 relc
2150 3087 2286 3148 tem,
2320 3086 2386 3136 ut
2413 3081 2586 3136 etiam
2611 3073 2906 3153 putaretur
2934 3096 3032 3134 aer
3063 3079 3238 3135 simul
3253 3079 3314 3134 in
3339 3076 3593 3149 exsequiis
3618 3075 3701 3129 de-

467 3177 769 3249 Isquirion,
790 3179 870 3231 vel
893 3175 1188 3245 Histirion]
1209 3175 1350 3230 dixit
1373 3193 1384 3228 :
1419 3176 1546 3230 Non
1569 3177 1837 3230 mandata
1857 3176 1957 3232 Dei
1977 3193 2071 3232 cu-
2151 3172 2354 3226 ducere
2369 3171 2540 3226 funus
2565 3172 2708 3242 ejus.
2735 3171 2849 3240 Ego
2864 3186 2994 3224 vero
3017 3175 3147 3240 post
3167 3169 3381 3224 obitum
3399 3169 3514 3238 ejus
3529 3163 3704 3237 puella-

469 3265 764 3321 stodimus.
811 3266 885 3320 At
924 3265 1007 3318 illi
1047 3265 1450 3336 respondentes
1495 3265 1758 3320 dixerunt
1791 3284 1804 3321 :
1837 3266 1909 3320 Hi
1938 3281 2068 3322 vero
2151 3279 2272 3320 rem
2303 3281 2531 3336 egressa
2567 3269 2811 3332 aetatem,
2843 3269 2900 3318 et
2949 3263 3236 3319 desideria
3289 3261 3704 3330 titillationesqne

469 3355 567 3428 qui
596 3355 809 3411 fuerint
845 3359 973 3426 post
1001 3371 1124 3420 nos,
1164 3354 1298 3426 quid
1325 3360 1493 3409 erunt
1517 3354 1760 3410 facturi?
1787 3355 1894 3420 Qui
1925 3355 2067 3412 dixit
2145 3355 2266 3425 jam
2293 3355 2541 3427 corporis
2569 3371 2698 3409 cum
2735 3371 2826 3408 me
2857 3357 3271 3425 permoverent,
3305 3352 3365 3406 in
3387 3349 3605 3422 quadam
3627 3345 3703 3399 die

469 3444 550 3499 eis
587 3463 601 3500 :
627 3443 936 3498 Dimidium
967 3442 1152 3514 operis
1179 3443 1360 3498 nostri
1385 3443 1673 3514 operaturi
1703 3449 1852 3498 sunt.
1889 3445 1958 3499 Et
1983 3445 2066 3499 di-
2147 3443 2219 3498 ad
2233 3461 2544 3516 vesperam,
2567 3449 2631 3499 ut
2651 3443 2774 3498 fieri
2793 3443 2954 3505 solet,
2980 3442 3230 3514 cogitare
3249 3440 3388 3512 coepi
3415 3445 3568 3510 atque
3584 3450 3695 3492 con-

471 3538 679 3588 xerunt
705 3533 758 3588 ei
793 3551 804 3586 :
853 3532 926 3587 Hi
957 3537 1166 3598 autem,
1206 3531 1301 3604 qui
1331 3537 1460 3604 post
1485 3533 1636 3604 ipsos
1671 3533 1897 3600 fuerint,
1932 3533 2065 3605 quid
2148 3532 2398 3588 siderare
2415 3535 2576 3604 cujus
2597 3533 2771 3588 vitam
2791 3531 3054 3603 eligerem
3076 3531 3615 3595 imitandam;utrum
3627 3539 3706 3596 pa-

464 3621 706 3678 facient?
736 3621 845 3688 Qui
872 3621 1191 3694 respondit:
1222 3621 1464 3677 Omnino
1484 3638 1598 3676 non
1620 3621 1850 3678 habebit
1866 3639 2066 3694 opera-
2149 3623 2379 3695 tris,qui
2417 3623 2689 3688 modeste,
2719 3627 2777 3676 et
2811 3625 3126 3684 mansuete,
3160 3625 3221 3675 et
3249 3618 3428 3675 sobrie
3453 3615 3598 3682 vixit;
3621 3610 3702 3668 sed

466 3712 680 3766 tionem
717 3711 1008 3782 generatio
1039 3711 1137 3766 illa
1163 3715 1420 3765 ventura.
1463 3711 1598 3766 Esse
1623 3717 1813 3766 autem
1845 3712 1957 3766 illis
1983 3712 2066 3767 vi-
2151 3728 2376 3767 rursum
2398 3711 2777 3783 recogitabam
2795 3710 3096 3782 illud,quia
3115 3709 3261 3764 nihil
3277 3709 3335 3764 in
3353 3707 3462 3762 vita
3477 3720 3570 3761 sua
3592 3717 3703 3757 con-

467 3800 572 3855 deo
595 3801 1020 3867 tentationes,et
1035 3799 1131 3871 qui
1149 3799 1360 3872 reperti
1374 3799 1588 3854 fuerint
1605 3799 1826 3872 probati
1853 3800 1912 3854 in
1926 3805 2068 3856 tem-
2149 3807 2376 3856 secutus
2396 3807 2483 3856 est
2501 3801 2653 3868 boni,
2673 3801 2772 3855 sed
2794 3817 2896 3872 per
2913 3815 3081 3854 omne
3100 3803 3329 3871 tempus
3339 3797 3397 3852 in
3418 3792 3701 3850 inﬁmitate

468 3905 608 3961 pore
634 3889 1020 3955 illo,meliores
1039 3905 1210 3960 super
1230 3905 1332 3942 nos
1343 3894 1400 3942 et
1420 3889 1616 3943 Patres
1634 3894 1856 3944 nostros
1877 3895 2061 3946 erunt.
2148 3895 2206 3946 et
2230 3890 2594 3946 tribulatione
2617 3895 2982 3961 consumptus
3001 3893 3170 3954 esset,
3185 3888 3269 3942 ita
3281 3888 3448 3942 ﬁnem
3464 3884 3579 3939 vita:
3593 3878 3706 3936 acci-

537 3976 628 4034 15.
647 3977 910 4033 Narravit
930 3977 1160 4048 quidam
1180 3978 1564 4044 senex,dicens
1584 3998 1596 4033 :
1624 3979 1767 4043 Quia
1782 3985 1905 4034 erat
1921 3997 2067 4052 quae-
2148 3981 2406 4052 piens,ut
2423 3997 2524 4035 nec
2547 3981 2896 4052 sepulturam
2921 3981 3046 4050 ejus
3066 3984 3228 4033 terra
3257 3977 3534 4048 reciperet.
3556 3971 3606 4028 Si
3625 3967 3707 4039 ίεί·

469 4067 600 4122 dam
629 4066 784 4139 virgo
812 4072 1076 4139 provecta
1103 4073 1268 4122 aetate
1295 4067 1476 4135 valde,
1515 4085 1638 4140 quae
1669 4069 1980 4140 profecerat
2007 4070 2066 4124 in
2148 4074 2244 4124 tur
2282 4069 2429 4124 bona
2457 4075 2607 4124 esset
2629 4067 2953 4140 hujusmodi
2985 4067 3344 4122 conversatio
3371 4063 3512 4136 apud
3538 4061 3703 4122 Deum,

463 4157 670 4212 timore
711 4156 833 4212 Dei.
867 4156 934 4211 Et
963 4157 1310 4228 interrogata
1340 4173 1374 4210 a
1420 4174 1528 4224 me,
1558 4175 1681 4230 quae
1708 4175 1799 4214 res
1836 4175 1961 4213 eam
1995 4156 2067 4211 ad
2151 4164 2458 4232 quare04
2471 4165 2664 4230 Qergo
2677 4163 2900 4212 tantum
2917 4157 3202 4211 malorum
3217 4159 3538 4211 consecutus
3551 4154 3710 4218 estpa-

466 4245 613 4301 hanc
624 4245 921 4301 adduxerit
941 4246 1438 4314 conversationem,
1461 4247 1941 4319 illaingemiscens
1955 4264 2067 4303 cce-
2149 4254 2238 4304 ter
2255 4265 2432 4316 meus,
2461 4248 2557 4320 qui
2587 4249 2669 4302 sic
2686 4248 2872 4302 vivere
2890 4246 3060 4318 elegit
3076 4246 3102 4300 ’I
3134 4245 3248 4302 Sed
3278 4245 3421 4300 sicut
3449 4245 3626 4302 mater,
3643 4236 3710 4290 in-

467 4336 556 4409 pit
583 4336 768 4392 dicere
791 4353 803 4392 :
835 4335 972 4390 Mihi
994 4335 1240 4407 quidem,
1266 4353 1298 4391 o
1316 4336 1590 4392 mirabilis
1609 4338 1711 4406 vir,
1735 4355 1863 4392 cum
1886 4337 2069 4392 adhuc
2151 4337 2274 4410 quit
2294 4338 2574 4409 cogitatus
2589 4353 2768 4403 meus,
2787 4335 2997 4391 bonum
3023 4340 3110 4390 est
3127 4336 3338 4400 vivere,
3355 4331 3564 4388 tradere
3587 4325 3710 4380 volu-

467 4441 650 4480 essem
679 4425 932 4496 parvula,
963 4429 1086 4478 erat
1119 4429 1282 4496 pater
1321 4425 1607 4480 modestus
1631 4443 1696 4481 ac
1737 4419 2128 4482 mansuetus!)
2147 4427 2558 4501 ptati,1uxurim
2580 4444 2644 4482 ac
2673 4425 2893 4480 libidini
2913 4442 3118 4498 corpus
3140 4445 3156 4496 ;
3180 4425 3390 4480 etenim
3420 4422 3512 4476 illa
3527 4415 3709 4475 nullum

466 4513 736 4578 moribus,
771 4511 970 4567 debilis
999 4528 1129 4567 vero
1159 4517 1216 4567 et
1237 4512 1498 4568 inﬁrmus
1525 4531 1758 4586 corpore
1799 4535 1811 4570 :
1861 4515 1957 4586 qui
1987 4515 2069 4570 ita
2145 4535 2288 4590 opus
2313 4523 2478 4590 turpe
2525 4516 2914 4589 praetermisit;
2945 4515 3004 4570 in
3033 4514 3311 4570 ebrietate
3348 4517 3530 4568 autem
3571 4518 3708 4562 omne

469 4602 608 4658 vixit
635 4619 829 4658 curam
859 4601 948 4656 sui
977 4618 1170 4674 agens,
1202 4607 1268 4656 ut
1284 4603 1372 4656 vix
1388 4602 1984 4674 aliquandovideretur
1997 4604 2066 4660 ab
2146 4613 2372 4680 tempus
2393 4605 2690 4662 incolumis
2710 4609 2880 4676 atque
2901 4620 3169 4676 prospere
3199 4603 3431 4675 degens,
3460 4599 3536 4654 ita
3562 4595 3706 4650 vitam

466 4691 555 4747 his
567 4692 662 4764 qui
682 4692 740 4746 in
758 4691 953 4747 eodem
977 4689 1308 4746 habitabant
1324 4691 1683 4748 vico:terram
1699 4698 1889 4748 autem
1903 4711 2065 4752 suam
2147 4713 2310 4752 suam
2329 4695 2585 4768 explevit.
2613 4694 2758 4760 Quid
2786 4693 2954 4766 ergo?
2975 4693 3067 4748 Sic
3095 4697 3324 4765 oportet
3352 4706 3440 4745 me
3458 4687 3637 4748 vivere,
3651 4679 3706 4734 si-

467 4781 692 4837 assidue
719 4781 1078 4854 operabatur,
1097 4785 1155 4835 et
1173 4780 1384 4836 ibidem
1413 4799 1636 4856 semper
1658 4784 1966 4856 occupabat
1987 4786 2065 4840 vi-
2147 4793 2244 4842 cut
2269 4791 2452 4840 mater
2477 4784 2638 4852 vixit;
2660 4783 2862 4839 melius
2893 4788 2980 4838 est
3005 4782 3158 4837 enim
3181 4779 3426 4854 propriis
3443 4773 3710 4834 conlisere-

465 4875 584 4924 tam
607 4888 786 4926 suam.
813 4871 871 4926 Si
901 4869 1124 4943 quando
1143 4869 1379 4926 fortasse
1408 4889 1578 4927 sanus
1604 4872 1818 4941 fuisset,
1851 4874 2064 4930 fructus
2147 4875 2280 4930 dere
2295 4875 2382 4929 his
2394 4891 2517 4946 quae
2541 4873 2836 4928 manifeste
2865 4871 3090 4941 cognita
3117 4875 3276 4937 sunt,
3293 4875 3351 4924 et
3365 4867 3497 4923 nihil
3513 4866 3706 4938 praeter-

467 4958 700 5016 culturae
711 4976 824 5015 suae
841 4959 993 5015 domi
1008 4958 1299 5031 portabat;
1317 4960 1621 5032 plurimum
1635 4969 1824 5018 autem
1845 4967 2064 5036 tempo-
2147 4965 2392 5020 mittere.
2424 4964 2493 5018 Et
2519 4980 2645 5018 cum
2675 4962 2976 5034 placuisset
3012 4961 3152 5015 mihi
3185 4961 3408 5015 miserae
3442 4954 3607 5011 eidem
3638 4961 3711 5003 me

467 5046 548 5102 ris
575 5047 636 5102 in
663 5048 806 5104 lecto
835 5055 893 5104 et
921 5048 1290 5120 languoribus
1315 5049 1690 5119 detinebatur,
1713 5058 1983 5124 tantaque
2013 5053 2067 5108 ei
2147 5055 2488 5109 constituere
2517 5053 2662 5120 vitae,
2703 5050 3026 5122 supervenit
3045 5066 3176 5118 nox,
3209 5054 3270 5105 et
3298 5062 3464 5120 sopor
3486 5041 3712 5100 continuo

469 5142 594 5192 erat
609 5136 1056 5204 taciturnitas,ut
1083 5138 1476 5210 ignorantibus
1503 5157 1632 5195 eum
1653 5141 1774 5196 sine
1794 5159 1924 5197 voce
1951 5159 2067 5198 cre-
2147 5143 2286 5198 mihi
2305 5143 2556 5198 accessit.
2591 5143 2722 5196 Post
2748 5141 2850 5195 hos
2870 5155 3162 5195 sermones
3173 5127 3708 5205 astititmihiquidam

467 5226 698 5282 deretur
707 5229 1038 5284 esse.Mater
1053 5245 1186 5284 vero
1203 5229 1342 5283 mihi
1360 5234 1484 5284 erat
1501 5247 1530 5284 e
1550 5232 1831 5286 contrario
1845 5231 2068 5287 curiosa
2146 5232 2349 5304 grandi
2375 5232 2602 5304 quidem
2630 5247 2880 5302 corpore,
2913 5235 3142 5301 aspectu
3184 5233 3379 5282 autem
3415 5218 3670 5278 horribilis
3695 5231 3707 5276 ς

468 5315 683 5389 absque
712 5314 907 5395 modo,
929 5321 987 5370 et
1005 5332 1127 5388 quae
1155 5318 1308 5372 ultra
1337 5334 1533 5373 omnes
1555 5336 1677 5390 quae
1707 5325 1869 5374 erant
1896 5319 1953 5374 in
1983 5337 2068 5375 re—
2149 5321 2350 5376 deinde
2377 5321 2650 5376 intuendo
2671 5337 2768 5374 me
2799 5324 3138 5392 perterrens,
3165 5315 3442 5372 iracunda
3458 5310 3646 5366 visione
3665 5307 3711 5357 et

468 5405 635 5478 gione
654 5405 759 5459 hac
789 5394 1010 5476 turpior
1037 5411 1216 5474 esset;
1259 5422 1548 5462 sermones
1577 5425 1706 5464 vero
1737 5410 1858 5480 ejus
1887 5409 1969 5464 ita
1997 5411 2069 5465 ad
2155 5427 2354 5483 aspera
2379 5427 2510 5466 voce
2544 5409 2928 5480 interrogabat
2959 5423 3079 5462 me:
3109 5406 3215 5462 Dic
3241 5405 3402 5471 mihi,
3433 5399 3602 5472 inquit
3615 5394 3707 5457 ille,

465 5495 754 5551 universos
773 5492 1160 5562 movebantur,
1180 5499 1246 5550 ut
1272 5501 1569 5566 putaretur
1586 5514 1751 5554 omne
1770 5516 1971 5572 corpus
1991 5499 2074 5572 ip-
2154 5517 2278 5572 quae
2297 5505 2430 5555 sunt
2448 5499 2814 5573 cogitationes
2828 5497 3012 5553 cordis
3027 5496 3112 5552 tui
3134 5497 3162 5549 7
3175 5495 3294 5566 Ego
3309 5501 3494 5549 autem
3511 5486 3711 5555 abaspe-

469 5585 587 5643 eius
599 5585 796 5660 lingua
805 5602 928 5644 esse
949 5585 1106 5648 :lites
1126 5586 1475 5658 frequentius
1491 5588 1987 5646 commovebantur
1998 5589 2070 5646 ad
2152 5595 2248 5647 ctu
2278 5591 2402 5664 ejus
2421 5595 2479 5647 et
2490 5589 2690 5646 habitu
2707 5588 3058 5658 tremefacta,
3079 5601 3267 5660 neque
3286 5584 3530 5659 aspicere
3540 5579 3711 5634 incum
