3976 6186
294 224 402 284 997

1605 220 1845 278 VERBA
1882 220 2276 281 SENIORUM.

3481 231 3591 290 998

295 350 594 411 audebam.
618 349 831 421 Majore
854 362 985 404 vero
1002 362 1134 404 voce
1152 363 1307 412 usus,
1326 347 1529 403 iterum
1552 346 1725 417 jussit
1745 352 1811 403 ut
1831 364 1899 403 ea
1913 350 1961 410 A
1983 349 2135 404 diam
2165 349 2288 417 Dei,
2324 365 2448 422 quae
2470 365 2648 423 paenae
2672 350 2934 423 repositae
2952 355 3087 409 sunt
3104 350 3192 409 his
3220 352 3319 426 qui
3348 352 3595 427 maligne
3637 415 3647 426 ,

297 461 419 516 quae
441 441 581 496 mihi
603 441 933 512 placuerunt
960 438 1407 510 pronuntiarem.
1441 437 1556 508 Ego
1577 442 1764 492 autem
1785 455 1898 509 prae

296 532 502 588 timore
526 529 817 594 dissoluta,
832 533 890 582 et
907 545 1102 582 omnes
1118 527 1292 582 oblita
1307 526 1602 596 cogitatus,
1618 527 1758 581 nihil
1777 544 1899 585 esse

297 621 574 677 dicebam.
594 619 696 674 Ille
717 634 847 673 vero
866 623 1106 688 negante
1127 634 1216 671 me
1241 615 1537 671 revocabat
1551 616 1815 671 universa
1828 616 1901 671 ad

298 709 653 774 memoriam,
683 724 805 778 quas
836 707 895 761 in
923 706 1087 761 corde
1116 722 1241 759 meo
1274 705 1544 759 meditata
1572 721 1745 759 eram.
1789 705 1903 775 Ego

297 805 488 855 autem
508 797 763 853 convicta.
782 800 841 850 et
862 795 933 850 ad
963 811 1184 867 precem
1205 811 1490 859 conversa,
1520 794 1903 865 supplicabam

296 889 521 945 veniam
538 886 823 957 consequi,
850 890 909 938 et
922 901 1150 939 causam
1183 883 1233 937 ei
1258 883 1559 938 narrabam
1576 884 1900 954 hujusmodi

298 979 599 1049 cogitatus.
625 976 734 1041 Qui
761 975 844 1029 ait
868 974 1008 1029 mihi
1041 993 1052 1028 :
1086 974 1228 1028 Veni
1260 979 1317 1028 et
1339 974 1458 1027 vide
1487 980 1773 1044 utrosque,
1806 989 1903 1044 pa-

297 1076 445 1123 trem
462 1074 518 1121 et
536 1071 797 1131 matrem,
818 1070 878 1119 et
894 1081 1064 1136 quam
1081 1064 1323 1118 volueris
1338 1063 1510 1117 vitam
1526 1063 1729 1117 deinde
1758 1063 1900 1134 elige

300 1156 401 1212 tibi
422 1176 435 1226 ;
452 1163 512 1211 et
525 1155 953 1228 apprehendens
965 1153 1103 1208 mihi
1118 1170 1368 1219 manum,
1380 1151 1660 1207 trahebat.
1681 1153 1902 1207 Ducens

299 1253 492 1302 autem
512 1245 673 1300 mein
696 1244 995 1317 quemdam
1018 1259 1278 1313 campum
1298 1258 1586 1311 magnum,
1601 1241 1903 1297 habentem

286 1335 593 1412 paradisos
615 1334 824 1388 multos
846 1338 903 1388 et
923 1333 1170 1387 diversos
1195 1332 1427 1397 fructus,
1454 1336 1511 1385 et
1537 1330 1720 1385 varias
1745 1330 1904 1385 arbo-

299 1443 409 1492 res,
433 1430 493 1479 et
513 1423 990 1496 pulchritudinem
1016 1420 1471 1487 iuenarrabilem,
1488 1420 1796 1474 introduxit
1813 1437 1903 1475 me

302 1515 456 1570 intus
474 1513 606 1568 illic.
642 1514 953 1568 Occurrens
981 1516 1172 1566 autem
1209 1510 1349 1565 mihi
1384 1516 1544 1581 pater
1572 1526 1750 1575 meus,
1779 1526 1901 1563 am-

303 1606 563 1676 plexatus
594 1608 680 1657 est
705 1619 814 1670 me,
847 1607 902 1656 et
935 1601 1306 1664 osculabatur,
1344 1598 1516 1654 ﬁliam
1547 1616 1636 1653 me
1678 1615 1900 1653 vocans.

1981 439 2165 494 vivere
2193 440 2405 494 volunt.
2445 440 2732 511 Siquidem
2760 441 2857 496 illa
2885 441 3051 497 beata
3079 442 3237 514 virgo
3269 460 3334 499 ex
3362 444 3485 516 ipsa
3510 445 3595 500 vi-

1981 528 2138 584 sione
2165 546 2523 599 cognoscens,
2556 530 2792 585 multam
2823 548 2946 587 esse
2976 537 3033 586 et
3060 531 3337 588 bonorum
3356 534 3597 589 retribu-

1984 618 2198 673 tionem
2233 635 2487 689 operum,
2542 624 2598 674 et
2642 621 2920 675 malorum
2968 627 3196 677 actuum
3249 622 3432 694 turpis
3460 624 3586 686 vitae

1986 708 2258 762 maximas
2309 725 2430 763 esse
2460 724 2654 779 paruas
2682 710 3078 777 renuntiabat;
3121 711 3358 782 ideoque
3387 712 3592 767 efﬁcia-

1987 814 2115 851 mur
2160 797 2407 853 melioris
2446 798 2666 852 consilii
2726 798 3160 871 nobismetipsis,
3207 805 3273 855 ut
3313 801 3594 873 possimus

1987 885 2139 941 beati
2164 887 2309 942 ﬁeri.

2051 976 2121 1031 16
2143 976 2424 1030 .Narravit
2452 975 2660 1032 iterum
2683 993 2854 1032 senex
2873 984 2931 1033 et
2947 978 3017 1032 de
3047 978 3288 1049 quodam
3310 980 3589 1052 episcopo,

1983 1069 2048 1120 ut
2084 1065 2326 1119 maxime
2377 1083 2443 1120 ex
2471 1082 2538 1120 eo
2568 1066 2829 1121 ﬁduciam
2868 1067 3205 1138 accipientes
3244 1068 3594 1139 diligentiam

1984 1160 2235 1209 nostram
2266 1155 2325 1209 in
2356 1156 2470 1209 Deo
2500 1155 2811 1212 habeamus
2848 1156 2920 1211 ad
2964 1157 3203 1211 salutem
3224 1160 3410 1226 (Ra/72,
3437 1163 3478 1214 ι.
3502 1173 3588 1226 III,

1987 1260 2045 1297 η.
2080 1240 2205 1310 166;
2243 1246 2454 1310 Pasch.,
2482 1262 2526 1299 ο.
2551 1244 2641 1311 23,
2678 1262 2735 1311 η,
2766 1245 2842 1302 il.
2880 1246 3263 1301 Nuntiabatur
3288 1264 3323 1302 a
3362 1247 3589 1318 quibus-

1985 1333 2114 1387 dam
2144 1334 2422 1405 episcopo,
2454 1334 2549 1405 qui
2596 1335 2746 1406 apud
2771 1352 2874 1389 nos
2903 1336 3263 1405 consistebat,
3309 1337 3454 1392 sicut
3474 1338 3591 1393 hac

1985 1422 2107 1493 ipse
2141 1423 2435 1494 episcopus
2458 1423 2755 1489 referebat,
2783 1425 3056 1495 quasdam
3086 1426 3439 1482 saecularium
3469 1444 3593 1483 ma-

1985 1517 2279 1571 tronarum
2309 1513 2450 1567 duas
2480 1530 2603 1568 esse
2632 1514 2896 1569 mulieres
2920 1515 3133 1579 ﬁdeles,
3159 1533 3281 1587 quae
3311 1516 3471 1588 quasi
3491 1516 3597 1572 im-

1989 1601 2187 1672 pudice
2214 1602 2485 1657 viverent.
2509 1603 2816 1674 Episcopus
2835 1610 3026 1659 autem
3058 1621 3123 1658 ex
3154 1605 3243 1659 his
3274 1606 3370 1676 qui
3399 1606 3451 1660 ei
3471 1606 3590 1661 haec

305 1693 419 1764 Ego
454 1709 583 1747 vero
613 1692 992 1763 circumplexa
1020 1707 1169 1757 eum,
1201 1689 1471 1761 rogabam
1508 1694 1571 1744 ut
1613 1695 1963 1757 maneremB
1990 1690 2386 1745 nuntiaverant
2428 1699 2743 1747 commotus
2769 1698 2879 1761 est,
2909 1698 2967 1747 et
3007 1692 3323 1763 suspicatus
3352 1709 3423 1747 ne
3450 1692 3595 1749 forte

304 1799 431 1839 cum
464 1783 608 1854 ipso.
631 1784 708 1837 At
734 1782 848 1848 ille,
878 1782 1057 1847 Nunc,
1082 1780 1284 1851 inquit,
1311 1796 1425 1835 non
1445 1785 1603 1850 potes
1625 1780 1716 1834 hic
1744 1796 1897 1847 esse;

304 1872 351 1926 si
372 1888 502 1925 vero
531 1887 661 1925 mea
690 1869 846 1942 sequi
876 1868 1112 1940 vestigia
1134 1869 1398 1935 volueris,
1438 1870 1626 1924 venies
1654 1870 1763 1924 huc
1791 1885 1904 1924 non

307 1966 436 2032 post
461 1961 706 2016 multum
732 1966 975 2031 tempus.
996 1961 1135 2014 Cum
1161 1965 1351 2015 autem
1372 1960 1556 2014 adhuc
1578 1976 1681 2030 ego
1710 1959 1906 2031 depre-

310 2066 469 2105 carer
500 2036 729 2104 manere
758 2066 886 2104 cum
905 2049 1047 2121 ipso,
1077 2050 1310 2104 trahens
1338 2066 1429 2104 me
1455 2066 1681 2103 rursum
1712 2066 1902 2115 manu,

313 2140 409 2211 qui
439 2156 529 2194 me
555 2139 634 2193 ibi
650 2139 923 2195 duxerat:
955 2139 1118 2205 Veni,
1146 2139 1246 2205 ait,
1274 2139 1570 2194 ostendam
1599 2137 1701 2192 tibi
1719 2148 1775 2192 et
1792 2156 1908 2195 ma-

313 2235 456 2285 trem
482 2234 799 2300 tuam,quze
822 2229 951 2299 igne
980 2229 1252 2292 exuritur,
1268 2234 1333 2284 ut
1352 2229 1495 2284 scias
1523 2228 1594 2283 ad
1616 2245 1785 2299 quem
1813 2229 1908 2283 ho-

311 2335 438 2375 rum
469 2318 675 2373 debeas
705 2318 986 2373 declinare
1012 2317 1183 2372 vitam
1211 2326 1387 2373 tuam.
1424 2318 1688 2373 Statuens
1719 2324 1909 2372 autem

311 2425 401 2463 me
430 2409 493 2463 in
511 2408 680 2463 domo
706 2407 1004 2462 tenebrosa
1031 2413 1200 2479 atque
1224 2407 1479 2473 obscura,
1498 2408 1651 2462 omni
1672 2407 1911 2462 stridore

312 2496 849 2569 perturbationeque
892 2497 1126 2568 repleta,
1179 2495 1426 2551 ostendit
1463 2496 1601 2550 mihi
1629 2496 1910 2551 fornacem

311 2586 463 2657 ignis
482 2586 775 2641 ardentem
798 2592 858 2641 et
883 2586 1060 2657 picem
1081 2586 1406 2644 ferventem.
1431 2591 1491 2639 et
1510 2586 1781 2657 quosdam
1799 2586 1912 2640 illic

312 2677 595 2732 terribiles
609 2681 837 2748 aspectu
859 2681 1073 2730 stantes
1090 2691 1260 2746 super
1272 2675 1573 2729 fornacem.
1590 2675 1705 2744 Ego
1722 2680 1913 2731 autem

311 2766 617 2838 inspiciens
638 2766 901 2820 deorsum
940 2764 1099 2819 video
1121 2770 1361 2819 matrem
1387 2781 1572 2818 meam
1602 2762 1661 2818 in
1689 2764 1913 2819 fornace

311 2872 493 2928 usque
520 2855 593 2909 ad
622 2855 826 2910 collum
856 2854 1189 2911 demersam.
1214 2853 1544 2908 stridentem
1571 2853 1832 2908 dentibus
1856 2860 1913 2909 et

311 2945 443 3016 igne
461 2944 776 3009 ardentem,
794 2949 851 2998 et
867 2943 1138 2998 vermium
1156 2943 1398 2997 multum
1414 2943 1647 2997 fetorem
1666 2944 1805 2997 ﬁeri.
1830 2944 1912 2997 Vi-

1988 1784 2045 1833 et
2069 1780 2191 1833 aliae
2223 1780 2548 1850 hujusmodi
2572 1786 2777 1847 essent,
2801 1782 2872 1837 ad
2893 1782 3308 1853 deprecandum
3324 1782 3505 1837 Deum
3533 1797 3594 1837 se

1987 1869 2278 1933 convertit,
2313 1869 2442 1924 inde
2465 1876 2653 1925 certus
2685 1870 2828 1925 effici
2857 1888 3080 1942 rogans,
3102 1872 3249 1943 quod
3282 1876 3338 1927 et
3361 1870 3591 1927 meruit.

1987 1958 2122 2012 Post
2137 1958 2383 2014 divinam
2412 1959 2562 2013 enim
2593 1960 2747 2014 illam
2765 1966 2935 2031 atque
2955 1960 3267 2016 terribilem
3295 1977 3594 2016 consecra-

1988 2047 2218 2110 tionem,
2243 2048 2379 2103 dum
2399 2050 2729 2104 accederent
2748 2050 2954 2121 singuli
2972 2050 3044 2105 ad
3064 2050 3449 2122 participanda
3467 2067 3593 2107 sau-

1989 2142 2080 2190 cta
2122 2138 2409 2208 mysteria,
2462 2154 2560 2209 per
2601 2139 2789 2194 vultus
2822 2156 3019 2194 eorum
3070 2138 3335 2194 cernebat
3370 2140 3590 2196 animas

1991 2225 2193 2297 quibus
2218 2243 2567 2299 unaquaeque
2589 2228 2904 2299 subjaceret
2932 2229 3193 2299 peccatis.
3233 2228 3310 2285 Et
3335 2235 3593 2301 peccato-

1992 2331 2119 2368 rum
2149 2321 2342 2381 643
2369 2315 2595 2387 quidem
2617 2317 2911 2372 hominum
2934 2317 3153 2373 videbat
3179 2317 3346 2372 facies
3375 2318 3587 2389 nigras,

1994 2404 2265 2474 quosdam
2288 2421 2417 2459 vero
2445 2404 2696 2476 ipsorum
2725 2412 2995 2478 tauquam
3020 2406 3089 2461 ab
3111 2412 3253 2462 aestu
3270 2413 3496 2462 exustas
3509 2407 3596 2462 fa-

1994 2493 2106 2547 cies
2135 2492 2426 2560 habentes,
2458 2495 2648 2550 oculos
2676 2501 2867 2550 autem
2896 2495 3099 2551 rubeos
3121 2513 3186 2550 ac
3206 2497 3550 2567 sanguineos
3578 2516 3591 2564 ;

1994 2581 2133 2636 alios
2154 2588 2344 2637 autem
2364 2600 2559 2638 eorum
2572 2585 2754 2639 claros
2772 2585 3000 2656 quidem
3017 2586 3173 2651 facie,
3182 2586 3448 2640 candidos
3459 2602 3592 2641 vero

1995 2671 2222 2725 amictu.
2254 2673 2321 2726 Et
2351 2673 2448 2726 alii
2478 2673 2725 2744 quidem,
2756 2691 2884 2729 cum
2905 2675 3223 2746 acciperent
3249 2691 3451 2746 corpus
3485 2675 3596 2730 Do-

1995 2760 2152 2824 mini,
2187 2760 2456 2816 exurebat
2479 2779 2574 2817 eos
2602 2769 2659 2817 et
2683 2763 3017 2819 incendebat
3042 2782 3055 2831 ;
3083 2764 3209 2819 aliis
3239 2770 3429 2821 autem
3454 2764 3599 2820 sicut

1993 2849 2185 2904 lumen
2215 2850 2564 2906 efﬁciebatur
2590 2851 2650 2906 in
2679 2869 2758 2919 se,
2783 2860 2842 2907 et
2858 2870 2959 2924 per
2988 2871 3050 2907 os
3078 2854 3591 2924 ingressum,omne

1993 2955 2194 3009 corpus
2222 2956 2416 2995 eorum
2454 2941 2831 2996 illuminabat.
2866 2941 3042 2996 Erant
3069 2949 3258 2997 autem
3276 2944 3430 2998 inter
3449 2944 3600 3015 ipsos

311 3034 450 3088 dens
471 3040 660 3087 autem
681 3050 770 3087 me
788 3032 1045 3099 illa,cum
1068 3032 1285 3087 ululatu
1309 3032 1606 3093 clamabat.
1634 3033 1807 3087 ﬁliam
1822 3050 1911 3087 me
1929 3018 1972 3079 Ο
1996 3028 2169 3082 etiam
2200 3029 2296 3099 qui
2326 3029 2639 3084 solitariam
2666 3030 2837 3086 vitam
2881 3031 3188 3101 elegerant,
3223 3038 3280 3086 et
3307 3032 3366 3085 hi
3396 3033 3492 3103 qui
3525 3033 3589 3087 in

310 3139 544 3178 vocans:
576 3124 700 3176 Heu
729 3139 838 3187 me,
874 3122 1009 3189 ﬁlia,
1032 3121 1101 3176 de
1124 3121 1364 3193 prOpriis
1386 3122 1648 3192 operibus
1676 3123 1795 3177 haec
1816 3139 1912 3193 pa-

308 3213 455 3280 tior;
489 3212 622 3283 quia
649 3212 811 3283 quasi
839 3211 1211 3266 deliramenta
1250 3210 1389 3264 mihi
1422 3210 1756 3265 videbantur
1782 3212 1911 3266 uni-

309 3318 476 3357 versa
500 3318 623 3373 qua:
643 3301 712 3355 de
739 3299 1044 3355 sobrietate
1069 3305 1259 3354 erant:
1282 3316 1451 3371 opera
1473 3306 1659 3355 autem
1680 3300 1916 3356 fornica-

310 3390 481 3445 tionis
499 3396 556 3445 et
568 3388 831 3444 adulterii
846 3405 958 3443 non
987 3388 1125 3442 mihi
1141 3388 1435 3444 credebam
1454 3406 1574 3443 esse
1596 3394 1908 3456 tormenta;

311 3479 646 3534 ebrietatem
671 3494 797 3533 vero
813 3478 1162 3533 etluxuriam
1178 3494 1291 3532 non
1319 3478 1635 3533 arbitrabar
1659 3496 1781 3533 esse
1803 3496 1914 3551 poe-

310 3586 445 3639 nas;
468 3574 527 3624 et
554 3585 680 3624 ecce
700 3576 929 3640 propter
950 3584 1178 3639 parvam
1208 3566 1515 3631 libidinem,
1536 3574 1805 3640 quantam
1829 3586 1915 3624 re-

312 3658 459 3730 cipio
505 3657 827 3729 gehennam
874 3662 932 3710 et
961 3656 1210 3711 sustineo
1255 3673 1478 3727 pcenas;
1526 3673 1653 3712 ecce
1686 3663 1917 3729 propter

313 3749 546 3819 exiguas
569 3746 796 3801 delicias
827 3750 1039 3817 quanta
1066 3747 1284 3800 exsolvo
1307 3751 1622 3815 tormenta;
1658 3764 1782 3801 ecce
1812 3764 1914 3819 pro

314 3841 644 3907 contemptu
663 3835 784 3901 Dei,
812 3835 1004 3906 quales
1026 3834 1233 3906 recipio
1264 3835 1575 3903 mercedes;
1604 3838 1915 3907 apprehen-

315 3926 526 3981 derunt
549 3924 701 3980 enim
718 3941 807 3979 me
826 3924 1089 3978 universa
1114 3924 1423 3978 immobilia
1450 3925 1616 3978 mala.
1642 3926 1802 3980 Nunc
1830 3932 1918 3980 est

314 4020 541 4087 tempus
570 4013 782 4079 auxilii,
820 4030 853 4067 ο
878 4013 1020 4081 lilia;
1049 4029 1198 4068 nunc
1230 4013 1522 4067 recordare
1545 4013 1917 4069 nutrimento-

316 4120 446 4158 rum
463 4120 589 4175 quae
605 4119 638 4156 a
655 4119 745 4157 me
757 4107 1055 4157 consecuta
1068 4119 1147 4170 es;
1163 4119 1312 4156 nunc
1322 4102 1567 4157 retribue
1581 4102 1915 4158 beneﬁcium

316 4193 364 4248 si
384 4193 520 4265 quid
535 4191 666 4247 boni
687 4192 986 4263 aliquando
1000 4191 1281 4263 accepisti.
1298 4193 1581 4259 Miserere,
1598 4193 1917 4263 inquit,mci

319 4300 444 4355 qua:
474 4281 645 4336 ardeo
672 4282 790 4352 igni
819 4287 876 4335 et
902 4280 973 4335 ab
1000 4281 1121 4353 ipso
1151 4298 1475 4348 consumor;
1511 4282 1777 4337 miserere
1807 4284 1917 4337 mei

1996 3119 2119 3188 conj
2129 3118 2272 3187 ugiis
2289 3119 2757 3191 erant,quietipsi
2778 3120 2858 3174 ita
2869 3137 2990 3175 esse
3013 3120 3362 3176 videbantur.
3379 3121 3594 3177 Deinde

1996 3207 2269 3263 convertit
2291 3225 2371 3272 se,
2404 3214 2461 3262 et
2489 3209 2658 3279 ccepit
2682 3209 2855 3263 etiam
2893 3209 3013 3280 ipse
3043 3210 3373 3265 mulieribus
3393 3210 3587 3265 distri-

1994 3295 2259 3360 buere,ut
2287 3304 2647 3367 cognosceret
2668 3299 2860 3369 quales
2891 3306 2949 3353 et
2972 3299 3225 3371 ipsarum
3255 3305 3445 3355 essent
3471 3300 3590 3355 ani-

1995 3402 2101 3440 mae
2124 3407 2139 3452 ;
2173 3393 2230 3440 et
2256 3386 2397 3441 vidit
2421 3387 2593 3441 simili
2634 3388 2801 3442 modo
2821 3388 2943 3442 ﬁeri
2970 3388 3164 3459 nigras
3193 3394 3362 3460 atque
3386 3388 3591 3449 rubeas

1995 3475 2163 3529 facies
2200 3492 2416 3541 earum,
2449 3478 2788 3547 sanguineas
2819 3494 3041 3549 quoque
3066 3484 3125 3533 et
3143 3477 3319 3534 albas.
3344 3478 3589 3551 lnterip-

1995 3581 2088 3618 sas
2107 3570 2299 3620 autem
2327 3566 2675 3620 advenerunt
2694 3574 2751 3621 et
2768 3567 2876 3621 illa:
2904 3567 3030 3622 duae
3057 3568 3473 3639 mulieresque:
3506 3584 3600 3625 ac-

1996 3660 2204 3709 cusatae
2227 3656 2486 3710 erantilli
2516 3656 2796 3728 episcopo.
2829 3663 3059 3727 propter
3086 3674 3225 3728 quas
3253 3658 3496 3712 maxime
3523 3656 3597 3714 ad

1996 3744 2140 3798 hanc
2156 3762 2380 3816 precem
2403 3751 2461 3799 et
2489 3746 2922 3816 praevidentiam
2955 3753 3209 3801 venerat:
3235 3747 3597 3803 cernitetiam

1996 3833 2167 3904 ipsas,
2201 3834 2334 3888 dum
2357 3835 2629 3889 accedunt
2643 3836 2711 3890 ad
2744 3841 2999 3891 sanctum
3022 3836 3597 3908 mysterium,clarum

1998 3922 2270 3977 habentes
2301 3925 2515 3978 vultum
2540 3931 2597 3980 et
2624 3926 3016 3992 honoriﬁcum,
3042 3925 3282 3980 candida
3309 3942 3438 3981 vero
3454 3927 3599 3982 stola
3660 3968 3673 3981 .

2001 4012 2468 4068 circumamictas.
2495 4014 2709 4069 Deinde
2728 4032 2854 4069 cum
2876 4020 2934 4069 et
2946 4015 3077 4087 ipsa
3098 4015 3444 4087 participatae
3464 4015 3602 4072 fuis-

2000 4106 2127 4155 sent
2154 4103 2422 4173 mysterio
2448 4103 2673 4168 Christi,
2707 4104 2865 4159 facta}
2887 4110 3022 4158 sunt
3057 4104 3203 4158 sicut
3233 4120 3267 4158 a
3294 4105 3507 4161 lumine
3536 4105 3600 4160 il-

1999 4191 2267 4245 lustratae.
2294 4192 2540 4246 Rursum
2562 4193 2854 4264 episcopus
2874 4194 2944 4247 ad
2971 4194 3196 4247 solitam
3225 4209 3450 4263 precem
3470 4209 3599 4248 con-

1998 4279 2340 4347 vertebatur,
2373 4282 2695 4352 supplicans
2724 4282 2860 4348 Deo,
2893 4282 3175 4338 etdiscere
3213 4282 3442 4353 cupiens
3473 4298 3597 4336 mo-

320 4389 445 4444 quae
474 4372 534 4426 in
564 4370 885 4442 hujusmodi
928 4370 1268 4425 cruciatibus
1298 4371 1613 4439 exanimor;
1649 4368 2131 4443 miserereDdum
2159 4370 2712 4441 revelationum,quae
2742 4371 2794 4425 ei
2822 4371 3221 4426 demonstratae
3242 4370 3593 4443 fuerant.As-

319 4461 452 4527 mei,
470 4461 605 4527 ﬁlia,
630 4466 687 4514 et
714 4460 1005 4531 porrigens
1026 4476 1254 4515 manum
1273 4465 1430 4514 tuam
1456 4460 1598 4515 educ
1617 4478 1706 4515 me
1722 4462 1791 4516 de
1816 4463 1921 4517 hoc

318 4551 462 4605 loco.
483 4552 572 4605 hic
595 4554 785 4604 autem
812 4555 1107 4604 recusante
1132 4550 1237 4604 hoc
1258 4548 1440 4603 facere
1466 4556 1694 4622 propter
1713 4568 1808 4605 eos
1824 4552 1920 4624 qui

318 4639 397 4694 ibi
426 4639 706 4704 astabant,
737 4656 932 4693 rursus
962 4655 1091 4694 cum
1130 4639 1394 4711 lacrymis
1433 4639 1713 4694 clamabat
1737 4658 1751 4695 :
1780 4640 1920 4695 Filia

321 4746 469 4796 mea,
487 4729 691 4800 adjuva
706 4745 814 4795 me,
829 4736 886 4783 et
901 4729 1015 4783 noli
1031 4729 1316 4801 despicere
1331 4730 1523 4784 fletum
1546 4730 1787 4802 propriae
1802 4748 1920 4785 ma-

321 4820 427 4874 tris
449 4825 559 4875 tua:
580 4825 888 4874 :memento
908 4819 1116 4873 doloris
1135 4819 1245 4873 mei
1269 4819 1325 4873 in
1349 4820 1439 4873 die
1460 4820 1826 4891 parturientis
1839 4825 1913 4885 te,

322 4915 381 4964 et
407 4926 479 4964 ne
508 4926 599 4964 me
629 4908 900 4980 despicias
930 4925 1053 4979 quae
1080 4909 1351 4979 gehennae
1370 4909 1498 4979 igne
1519 4910 1781 4980 depereo.
1805 4910 1921 4980 Ego

321 5006 515 5053 autem
540 5015 717 5053 avoce
740 4999 861 5068 ejus
891 4997 1153 5069 lacrymis
1169 5000 1467 5064 commota,
1493 4999 1800 5054 humanum
1822 4999 1922 5053 ali-

323 5088 457 5160 quid
484 5087 760 5160 patiebar,
784 5093 841 5142 et
858 5087 999 5158 ccepi
1020 5104 1147 5142 cum
1170 5088 1414 5142 clamore
1434 5089 1735 5143 condolens
1765 5089 1815 5143 ei
1841 5089 1921 5143 in-

316 5178 646 5249 gemiscere.
680 5177 1054 5247 Exsurgentes
1097 5194 1226 5231 vero
1258 5178 1316 5231 hi
1347 5178 1442 5248 qui
1480 5184 1642 5232 erant
1668 5180 1728 5233 in
1754 5179 1920 5233 domo

320 5284 468 5334 mea,
494 5278 553 5322 et
580 5267 948 5322 accendentes
963 5266 1169 5337 ignem,
1188 5284 1412 5321 causam
1434 5269 1684 5338 mugitus
1710 5268 1819 5322 mei
1840 5269 1921 5322 iu-

320 5356 686 5428 terrogabant
700 5374 814 5411 me:
836 5373 942 5426 ego
955 5361 1143 5410 autem
1158 5358 1385 5410 narravi
1406 5358 1484 5410 eis
1506 5375 1627 5428 qum
1647 5358 1916 5413 videram.

318 5447 392 5504 Et
420 5447 502 5501 sic
532 5446 702 5501 etiam
727 5463 905 5502 unum
933 5446 1039 5500 hoc
1064 5445 1386 5514 deliberavi,
1418 5452 1482 5501 ut
1502 5447 1677 5519 patris
1705 5449 1816 5504 mei
1838 5466 1923 5503 se-

320 5553 530 5615 querer
545 5536 735 5609 vitam,
762 5542 919 5593 certa
942 5535 1092 5593 facta
1120 5552 1220 5612 per
1247 5534 1586 5594 ineffabilem
1606 5538 1921 5611 misericor-

1999 4458 2121 4513 titit-
2141 4464 2329 4513 autem
2362 4459 2595 4529 angelus
2625 4460 2869 4527 Domini,
2916 4466 2973 4515 et
3000 4461 3069 4515 de
3098 4460 3334 4530 singulis
3361 4459 3597 4515 interro-

1999 4564 2136 4618 gare
2167 4547 2545 4621 praacipiebat.
2590 4551 2829 4605 Sanctus
2854 4567 2985 4605 vero
3009 4549 3301 4622 episcopus
3329 4549 3595 4605 continuo

2001 4636 2069 4690 de
2090 4636 2200 4690 illis
2225 4638 2442 4693 duabus
2463 4638 2850 4694 sciscitabatur
2870 4640 3218 4706 mulieribus,
3236 4639 3287 4694 si
3307 4655 3439 4694 vera
3451 4644 3603 4695 esset

2002 4725 2097 4780 illa
2120 4726 2303 4797 prima
2332 4729 2631 4794 accusatio,
2666 4746 2739 4783 an
2759 4729 2928 4797 falsa;
2960 4735 3021 4784 at
3050 4745 3178 4783 vero
3197 4728 3430 4800 angelus
3448 4728 3604 4784 afﬁr-

2001 4814 2194 4869 mabat
2213 4833 2344 4872 vera
2370 4835 2491 4873 esse
2517 4819 2705 4873 omnia
2723 4835 2846 4889 quae
2865 4818 3016 4873 dicta
3031 4819 3100 4874 de
3117 4817 3199 4873 eis
3226 4817 3604 4891 fuerant.Epi-

2002 4921 2201 4976 scopus
2224 4924 2445 4978 quoque
2475 4909 2555 4961 ait
2577 4909 2647 4962 ad
2678 4907 2941 4978 angelum
2964 4927 2974 4962 :
3001 4908 3072 4962 Et
3093 4907 3376 4979 quomodo
3402 4906 3461 4963 in
3479 4924 3603 4980 per-

2003 4996 2262 5065 ceptione
2290 4998 2541 5069 corporis
2572 4998 2779 5052 Christi
2801 4997 3107 5069 splendidas
3138 5003 3301 5052 erant
3327 4997 3497 5053 facies
3514 5015 3605 5055 ea-

2003 5101 2151 5151 rum,
2182 5085 2366 5140 albam
2416 5093 2605 5141 autem
2644 5088 2845 5142 stolam
2883 5086 3186 5155 habebant,
3223 5088 3438 5143 lumine
3467 5104 3605 5160 quo-

2004 5190 2112 5244 que
2151 5174 2443 5245 fulgebant
2472 5193 2583 5230 non
2632 5194 2801 5248 parvo
2826 5177 2851 5230 7
2879 5176 2976 5231 Ait
3003 5183 3192 5232 autem
3224 5178 3489 5249 angelus:
3524 5178 3602 5234 Eo

2004 5264 2148 5333 quod
2183 5265 2543 5336 resipuerunt
2565 5266 2632 5320 de
2657 5265 2879 5322 actibus
2904 5267 3040 5334 suis,
3060 5273 3118 5322 et
3146 5268 3495 5323 discedentes
3529 5267 3603 5322 ab

2002 5352 2091 5406 his
2108 5352 2372 5426 lacryrnis
2399 5362 2456 5409 et
2469 5355 2775 5426 gemitibus
2800 5363 2969 5428 atque
2985 5357 3360 5429 eleemosynis
3398 5371 3605 5426 paupe-
3692 5397 3703 5409 .

2000 5460 2151 5513 rum,
2179 5460 2281 5516 per
2326 5446 2730 5501 confessionem
2765 5446 3015 5501 divinum
3049 5450 3377 5502 meruerunt
3401 5460 3596 5499 nume-

2002 5556 2158 5596 rum:
2187 5536 2257 5593 de
2279 5540 2480 5594 caetero
2501 5536 2561 5592 in
2578 5535 2665 5593 his
2684 5536 2846 5594 malis
2865 5552 3155 5610 nunquam
3170 5533 3458 5592 ambulare
3468 5548 3595 5605 pro-
