3964 6206
447 252 550 310 999

1592 244 1686 300 DE
1710 239 1900 300 VITIS
1938 232 2235 294 PATRUM
2273 235 2484 296 LIBER
2522 241 2614 295 VI.

3562 249 3678 310 1000

441 379 734 434 mittentes
753 391 831 442 se,
855 373 904 429 si
925 370 1152 446 quidem
1171 368 1240 425 de
1260 367 1542 442 prioribus
1571 370 1786 425 delictis
1815 368 2034 423 veniam
2051 360 2106 421 A
2124 362 2219 432 qui
2257 366 2426 420 caelos
2449 365 2670 438 quidem
2701 366 2946 440 reliquit,
2978 367 3037 423 in
3079 369 3241 425 terris
3285 374 3465 428 autem
3514 374 3677 432 demo-

442 472 786 524 mereantur.
807 467 1043 535 Propter
1065 462 1170 516 hoc
1188 477 1322 531 ergo
1337 465 1668 515 meruerunt
1682 460 1927 514 divinam
1949 459 2048 513 im-

443 557 833 620 mutationem,
857 557 915 607 et
932 569 967 606 a
986 549 1316 606 criminibus
1349 549 1618 605 absolutae
1632 555 1766 604 sunt
1785 554 1844 604 et
1863 548 2048 602 vivent

444 647 704 717 deinceps
729 643 891 699 sobre
912 658 976 696 ac
995 641 1106 712 pie,
1132 645 1189 694 et
1207 641 1378 710 juste.
1404 639 1714 711 Episcopus
1737 644 1925 693 autem
1948 637 2048 691 mis

442 734 556 789 rari
582 751 641 788 se
659 733 900 798 dicebat,
925 747 1038 786 non
1059 734 1282 784 tantum
1313 729 1382 784 de
1403 729 1795 784 immutatione
1817 729 2048 782 illarum

440 823 743 878 mulierum
780 823 904 894 (hoc
933 821 1084 875 enim
1113 818 1348 889 contigit
1388 819 1582 873 multis
1614 819 1781 888 ﬁeri),
1816 818 1913 872 sed
1944 816 2046 871 Dei

442 911 672 979 donum,
706 910 801 982 qui
830 926 946 965 non
984 909 1168 962 solum
1197 924 1293 962 eas
1317 907 1615 962 tormentis
1642 907 1874 961 minime
1919 904 2046 960 sub-

438 1002 594 1072 jecit,
628 1001 728 1056 sed
756 1000 928 1055 etiam
949 1004 1166 1053 tantam
1189 997 1270 1051 eis
1302 997 1566 1067 dignatus
1587 1002 1673 1051 est
1691 997 1901 1051 donare
1923 1011 2048 1066 gra-

445 1091 605 1146 tiam.
639 1090 736 1146 Ait
760 1095 948 1145 autem
976 1089 1208 1158 angelus
1230 1087 1300 1141 ad
1321 1103 1451 1142 eum
1481 1086 1827 1140 :Admiraris
1839 1087 1942 1139 hoc
1959 1086 2048 1156 ju-

447 1185 553 1247 ste,
580 1180 741 1251 quasi
774 1179 963 1244 homo;
1003 1177 1278 1232 Dominus
1309 1181 1500 1230 autem
1519 1193 1584 1229 ac
1604 1176 1750 1230 Deus
1773 1181 1964 1229 noster
1993 1179 2049 1228 et

445 1275 633 1324 vester
645 1286 774 1323 cum
790 1267 1129 1322 naturaliter
1148 1266 1224 1320 sit
1234 1264 1414 1320 bonus
1429 1282 1493 1319 ac
1507 1265 1824 1320 misericors
1843 1265 1932 1318 his
1948 1264 2046 1335 qui

446 1357 743 1413 discedunt
770 1374 804 1411 a
844 1356 1084 1428 propriis
1120 1355 1359 1420 delictis,
1401 1360 1458 1409 et
1494 1372 1595 1426 per
1645 1353 2048 1408 confessionem

448 1447 722 1503 accedunt
753 1447 822 1501 ad
844 1463 993 1513 eum,
1039 1461 1153 1499 non
1181 1449 1404 1499 tantum
1435 1444 1493 1498 in
1522 1447 1805 1498 tormenta
1828 1459 1923 1496 eos
1965 1442 2048 1496 ire

446 1553 560 1592 non
583 1536 846 1603 sinit,sed
864 1535 1033 1589 etiam
1047 1534 1294 1588 furorem
1317 1550 1481 1588 suum
1507 1533 1731 1603 mitigat
1766 1531 1835 1586 ab
1858 1533 1960 1591 eis.
1993 1535 2049 1585 et

445 1627 658 1681 honore
671 1626 869 1696 dignos
882 1625 1014 1680 facit
1032 1643 1044 1692 ;
1064 1624 1273 1678 etenim
1285 1624 1365 1677 sic
1375 1623 1568 1677 dilexit
1579 1624 1728 1676 Deus
1750 1621 2042 1687 mundum,

2130 459 2287 509 ratus
2318 462 2548 527 propter
2577 457 2817 511 salutem
2848 457 3142 512 hominum
3163 465 3262 514 est.

2205 543 2288 600 l7.
2319 545 2616 600 Referebat
2645 546 2871 617 quidam
2897 547 3129 602 Patrum
3154 567 3164 601 :
3192 549 3335 614 Quia
3350 555 3459 605 tres
3477 569 3557 607 res
3575 561 3684 610 sunt

2130 633 2487 689 honorabiles
2504 635 2655 707 apud
2671 637 2991 703 monachos,
3020 637 3218 708 quibus
3237 645 3452 710 oportet
3469 658 3559 696 nos
3580 659 3681 698 cum

2131 723 2355 784 timore,
2392 730 2447 778 et
2475 729 2739 791 tremore,
2783 732 2840 780 et
2865 727 3074 797 gaudio
3113 728 3388 799 spirituali
3416 730 3680 787 accedere:

2130 813 2561 868 communicatio
2588 819 2909 870 sanctorum
2923 823 3421 886 sacramentorum,
3447 826 3501 873 et
3526 837 3687 876 mensa

2130 900 2388 968 fratrum,
2416 908 2474 957 et
2516 905 2691 975 pelvis
2721 905 2779 959 in
2826 922 2939 976 qua
2967 905 3205 960 fratrum
3235 907 3402 978 pedes
3438 908 3681 965 lavantur.

2132 991 2569 1064 Proferebatqne
2598 995 2920 1065 exemplum
2939 995 3073 1063 tale,
3095 995 3314 1050 dicens:
3340 995 3475 1050 Erat
3499 999 3688 1069 quidem

2130 1097 2371 1151 magnus
2401 1099 2568 1136 senex
2589 1083 2916 1154 praevidens,
2967 1091 3024 1139 et
3051 1085 3285 1155 contigit
3314 1085 3365 1139 ei
3393 1092 3454 1141 ut
3471 1092 3689 1157 gustaret

2133 1187 2260 1224 cum
2277 1171 2532 1242 pluribus
2549 1172 2832 1227 fratribus.
2847 1173 2922 1228 Et
2941 1174 3360 1229 comedentibus
3388 1176 3492 1230 illis
3505 1177 3692 1232 videbat

2133 1259 2190 1313 in
2221 1261 2422 1331 spiritu
2451 1261 2599 1316 idem
2627 1279 2796 1317 senex
2827 1263 3028 1318 sedens
3056 1264 3126 1318 ad
3173 1281 3426 1319 mensam
3455 1266 3689 1337 quosdam

2135 1349 2364 1405 edentes
2384 1352 2512 1418 mel,
2545 1352 2683 1406 alios
2710 1357 2898 1406 autem
2927 1370 3149 1424 panem,
3173 1353 3313 1408 alios
3343 1370 3469 1409 vero
3487 1362 3685 1413 stercus.

2132 1439 2200 1492 Et
2230 1440 2617 1495 admirabatur
2641 1443 2791 1496 intra
2828 1442 3214 1514 semetipsum,
3249 1448 3306 1497 et
3331 1443 3689 1516 deprecabatur

2131 1528 2332 1595 Deum,
2359 1531 2582 1584 dicens:
2607 1531 2862 1596 Domine,
2886 1533 3071 1587 revela
3093 1532 3231 1586 mihi
3252 1534 3564 1603 mysterium
3584 1535 3684 1601 hoc,

2133 1618 2266 1689 quia
2293 1619 2442 1674 idem
2469 1619 2624 1674 cibus
2656 1621 2916 1675 omnibus
2944 1622 3234 1693 appositus
3264 1627 3350 1676 est
3378 1639 3536 1694 super
3559 1640 3688 1678 men-

444 1721 512 1770 ut
541 1715 744 1770 Filium
766 1732 931 1769 suum
973 1713 1330 1784 unigenitum
1353 1713 1515 1766 daret
1534 1728 1634 1783 pro
1649 1729 1714 1765 eo
1735 1713 1911 1780 {Joan.
1942 1713 2122 1779 m)."B
2142 1724 2260 1762 sam
2283 1727 2294 1775 ;
2320 1709 2377 1762 in
2404 1709 2794 1764 manducando
2826 1715 3015 1765 autem
3036 1711 3114 1764 ita
3146 1711 3474 1766 immutatus
3489 1713 3684 1768 videtur:

447 1805 555 1869 Qui
584 1805 763 1876 igitur
779 1821 908 1859 cum
928 1803 1141 1858 inimici
1166 1808 1353 1856 essent
1371 1802 1649 1867 homines,
1677 1801 1818 1854 mori
1843 1817 1943 1871 pro
1970 1800 2050 1871 ip-

445 1893 524 1949 sis
544 1893 717 1964 elegit
734 1896 908 1960 (Rom.
942 1893 1012 1962 v);
1054 1909 1168 1946 non
1211 1892 1388 1946 multo
1410 1891 1590 1960 magis
1613 1889 1948 1944 domesticos
1976 1890 2050 1943 ef-

445 1984 619 2038 fectos
645 1999 757 2047 eos,
778 1988 835 2036 et
865 1982 1256 2053 paenitentiam
1278 1997 1446 2052 super
1481 1979 1567 2033 his
1602 1997 1724 2050 quae
1755 1984 2046 2048 gesserant

448 2078 698 2143 agentes,
749 2071 985 2126 absolvit
1013 2087 1047 2125 a
1077 2070 1282 2142 poenis?
1330 2070 1429 2124 His
1458 2086 1608 2135 vero,
1643 2086 1765 2141 quae
1802 2068 1872 2123 ab
1924 2070 2044 2140 ipso

446 2166 762 2233 praeparata
798 2166 948 2226 sunt,
982 2160 1129 2215 bona
1161 2158 1446 2231 praestabit
1473 2158 1710 2213 fruenda
1738 2177 1751 2224 ;
1784 2159 1888 2212 hoc
1913 2175 2045 2228 ergo

445 2251 746 2322 scito,quia
757 2251 914 2304 nulla
928 2249 1131 2304 delicta
1145 2248 1673 2303 hominumvincunt
1686 2248 2043 2302 clementiam

449 2341 582 2396 Dei:
615 2346 837 2423 tantum
869 2357 970 2411 per
996 2339 1384 2412 penitentiam
1416 2355 1481 2393 ea
1511 2355 1632 2409 quae
1674 2338 1888 2410 pridem
1921 2339 2046 2410 quis

450 2431 603 2485 mala
630 2436 884 2502 gesserat
929 2429 1122 2484 abluat
1152 2429 1368 2483 actibus
1395 2428 1582 2487 bonis.
1613 2430 1754 2484 Cum
1785 2428 1934 2482 enim
1978 2427 2050 2482 sit

452 2520 770 2575 misericors
799 2520 970 2586 Deus,
994 2520 1101 2573 scit
1125 2518 1512 2572 infirmitatem
1541 2518 1764 2588 generis
1785 2517 1969 2582 vestri,
1996 2523 2052 2571 et

451 2611 779 2682 passionum
808 2608 1218 2674 fortitudinem,
1244 2614 1301 2662 et
1325 2607 1530 2662 diaboli
1552 2608 1861 2679 potentiam
1883 2613 2050 2678 atque

451 2701 740 2765 astutiam,
768 2705 825 2754 et
847 2698 1226 2753 incidentibus
1241 2697 1465 2768 quidem
1497 2697 1818 2752 hominibus
1836 2698 1893 2751 in
1930 2714 2052 2768 pec-

458 2790 618 2856 catis,
643 2788 804 2860 quasi
819 2789 948 2843 ﬁliis
965 2787 1219 2859 ignoscit,
1257 2792 1314 2841 et
1334 2791 1619 2858 exspectat
1646 2787 2050 2841 correctionem

455 2895 649 2934 eorum
661 2919 674 2945 ,
690 2878 1018 2950 patientiam
1036 2877 1248 2931 habens
1262 2876 1317 2931 in
1331 2877 1430 2931 eis.
1453 2877 2049 2930 Convertentibusvero

2133 1804 2190 1851 et
2219 1798 2447 1868 quidam
2479 1799 2656 1854 edunt
2682 1801 2812 1866 mel,
2847 1800 3075 1871 quidam
3116 1818 3246 1856 vero
3277 1818 3491 1873 panem,
3515 1803 3598 1856 alii
3614 1819 3690 1857 au-

2133 1891 2250 1941 tom
2282 1893 2516 1942 stercus.
2551 1889 2620 1942 Et
2650 1889 2804 1943 venit
2828 1889 2878 1944 ei
2916 1907 3018 1944 vox
3047 1891 3310 1962 desuper,
3341 1891 3520 1947 dicens
3543 1911 3554 1947 :
3575 1891 3691 1956 Quia

2132 1977 2213 2030 illi
2239 1978 2333 2049 qui
2364 1979 2709 2033 manducant
2737 1979 2865 2040 mel,
2899 1979 2957 2033 hi
2979 1986 3113 2035 sunt
3142 1981 3241 2052 qui
3268 1997 3395 2035 cum
3422 1981 3620 2046 timore,
3641 1986 3686 2034 et

2128 2073 2391 2135 tremore,
2425 2075 2484 2122 et
2503 2069 2818 2140 gratiarum
2845 2069 3061 2124 actione
3089 2070 3268 2125 edunt
3293 2071 3363 2125 ad
3385 2086 3628 2133 mensam,
3647 2077 3690 2124 et

2129 2156 2476 2212 incessanter
2503 2165 2694 2225 orant;
2731 2165 2787 2214 et
2824 2159 3004 2214 oratio
3034 2176 3230 2214 eorum
3270 2160 3416 2214 sicut
3440 2160 3686 2214 incensum

2129 2248 2381 2301 ascendit
2407 2255 2539 2303 ante
2566 2249 2764 2314 Deum,
2790 2248 3026 2320 ideoque
3057 2255 3114 2303 et
3143 2249 3253 2303 mel
3285 2249 3583 2304 comedunt.
3605 2248 3687 2312 Qui

2133 2341 2319 2390 autem
2351 2354 2554 2409 panem
2585 2339 2948 2401 manducant,
2981 2338 3189 2393 hisunt
3210 2339 3310 2410 qui
3337 2339 3539 2409 gratias
3556 2353 3688 2409 agen-

2131 2431 2218 2480 tes
2247 2427 2563 2498 percipiunt
2597 2445 2662 2481 ea
2693 2446 2814 2500 quae
2846 2445 2878 2483 a
2906 2430 3021 2484 Deo
3050 2429 3262 2484 donata
3291 2434 3444 2486 sunt.
3473 2429 3550 2484 Illi
3584 2442 3687 2482 vero

2135 2516 2230 2586 qui
2259 2523 2472 2571 stercus
2501 2518 2860 2583 manducauit,
2905 2519 2963 2572 hi
3003 2524 3137 2573 sunt
3163 2519 3263 2590 qui
3303 2523 3628 2573 murmurant
3647 2523 3689 2570 et

2132 2605 2354 2660 dicunt:
2383 2608 2501 2661 Hoc
2523 2607 2732 2662 bonum
2761 2613 2866 2674 est,
2909 2609 3043 2663 illud
3069 2609 3287 2663 malum
3317 2615 3406 2663 est
3430 2608 3483 2679 (Ι
3503 2609 3608 2664 Cor.
3631 2610 3685 2670 ν).

2134 2695 2264 2749 Haec
2310 2703 2499 2750 autem
2528 2697 2665 2751 talia
2703 2715 2814 2752 non
2855 2703 3076 2769 oportet
3104 2699 3375 2769 cogitare,
3419 2697 3508 2752 sed
3543 2695 3686 2767 magis

2129 2785 2444 2854 glorificare
2475 2786 2671 2854 Deum,
2699 2793 2869 2858 atque
2910 2788 3104 2842 laudes
3143 2788 3196 2841 ei
3228 2788 3446 2853 offerre,
3476 2794 3533 2840 ut
3573 2784 3686 2839 etin

2132 2874 2292 2929 nobis
2321 2875 2622 2946 impleatur
2648 2877 2787 2931 illud
2839 2878 2986 2948 quod
3013 2878 3226 2932 dictum
3269 2883 3354 2932 est
3381 2895 3392 2930 :
3419 2876 3535 2931 Sive
3559 2891 3689 2928 man-

455 2975 624 3040 atque
641 2970 762 3039 ejus
793 2966 1153 3022 exorantibus
1173 2965 1789 3036 bonitatem,-tanquam
1811 2966 2049 3020 infirmis
2076 3036 2108 3040 ῃ
2132 2964 2365 3032 ducatis,
2391 2965 2504 3019 sive
2526 2965 2734 3030 bibitis,
2761 2967 2874 3022 sive
2897 2967 3031 3038 quid
3061 2967 3215 3022 aliud
3241 2967 3442 3032 facitis,
3463 2965 3628 3021 omnia
3643 2963 3690 3018 in

449 3036 810 3130 compatitur;
832 3061 888 3111 et
906 3056 1143 3110 absolvit
1157 3055 1447 3110 confestim
1467 3060 1749 3110 tormenta
1763 3072 1977 3123 eorum,
1995 3061 2052 3110 et
2065 3036 2110 3100 α
2129 3054 2309 3125 gloria
2338 3054 2439 3109 Dei
2458 3054 2621 3110 facite
2650 3059 2700 3124 (Ι
2725 3057 2847 3110 Cor.
2886 3036 2991 3125 10).

447 3148 625 3203 donat
645 3147 724 3202 eis
742 3147 889 3201 bona
910 3163 1032 3218 quae
1054 3149 1371 3217 praeparata
1389 3151 1522 3199 sunt
1529 3145 1717 3216 justis.
1741 3145 1836 3200 Ait
1856 3150 2046 3200 autem

449 3228 746 3309 episcopus
784 3237 855 3290 ad
901 3236 1200 3306 angelum:
1235 3234 1478 3290 Obsecro
1499 3239 1575 3300 te,
1607 3235 1695 3288 dic
1716 3234 1855 3288 mihi
1879 3234 2050 3289 etiam

447 3328 703 3383 vultuum
719 3324 1083 3384 differentias.
1100 3325 1159 3378 in
1181 3325 1385 3394 quibus
1408 3324 1648 3397 peccatis
1665 3325 2052 3396 unusquisque

449 3433 642 3472 eorum
675 3415 996 3486 subjaceat;
1032 3419 1096 3468 ut
1126 3413 1297 3468 etiam
1329 3419 1385 3468 et
1409 3414 1478 3468 de
1505 3415 1592 3468 his
1621 3431 1950 3485 agnoscens,
1979 3413 2049 3467 ab

449 3507 603 3562 omni
615 3505 822 3560 liberer
839 3505 1178 3575 ignorantia.
1195 3505 1443 3574 Angelus
1455 3509 1643 3557 autem
1657 3504 1796 3558 dixit
1809 3503 1880 3559 ad
1896 3519 2045 3557 eum:

446 3597 521 3651 Hi
551 3595 797 3668 quidem,
831 3594 928 3666 qui
958 3593 1247 3664 splendido
1269 3599 1436 3664 atque
1458 3593 1623 3647 hilari
1645 3594 1798 3648 vultu
1816 3599 1966 3659 sunt,
1991 3593 2050 3647 in

446 3685 769 3749 sobrietate,
804 3689 862 3738 et
907 3684 1185 3748 castitate,
1219 3689 1276 3737 et
1299 3682 1523 3752 justitia
1559 3682 1766 3748 vivunt,
1814 3683 2051 3736 modesti

448 3759 671 3846 quoque
691 3779 750 3828 et
767 3772 1126 3827 condolentes
1156 3788 1221 3826 ac
1249 3771 1638 3825 misericordes
1657 3775 1805 3826 sunt.
1833 3772 1900 3825 Hi
1920 3789 2047 3826 vero

448 3863 546 3934 qui
577 3863 771 3931 nigras
815 3859 1025 3914 habent
1067 3860 1256 3925 facies,
1286 3860 1668 3914 fornicationis
1698 3865 1756 3915 et
1799 3860 2047 3915 libidinis

447 3950 692 4022 Operarii
712 3956 864 4016 sunt,
886 3949 1209 4020 cmterisque
1223 3949 1526 4003 sceleribus
1545 3954 1602 4004 et
1615 3950 1831 4005 delictis
1851 3951 2045 4005 dediti.

447 4037 520 4095 Hi
549 4056 678 4094 vero
709 4039 806 4111 qui
827 4044 1212 4110 apparuerunt
1232 4038 1527 4109 sanguinei
1559 4056 1623 4093 ac
1653 4039 1830 4104 rubei,
1851 4040 1908 4094 in
1938 4056 2052 4094 ma-

438 4126 709 4200 lignitate
738 4133 795 4182 et
819 4128 1098 4198 injustitia
1130 4127 1372 4182 viventes
1398 4133 1549 4192 sunt,
1575 4134 1831 4184 amantes
1859 4129 2049 4183 detra-

451 4219 684 4281 ctiones,
702 4217 1034 4289 blasphemi,
1055 4217 1250 4279 dolosi,
1268 4217 1623 4273 cthomicidaa
1638 4225 1788 4273 sunt.
1803 4220 2050 4274 Rursum

445 4307 581 4364 dicit
607 4308 660 4364 ei
689 4307 922 4378 angelus
946 4325 956 4361 :
983 4306 1200 4377 Adjuva
1217 4323 1330 4374 eos,
1367 4307 1413 4361 si
1444 4307 1671 4379 quidem
1691 4308 1931 4363 salutem
1961 4307 2050 4379 ip-

2535 3145 2879 3201 LIBELLUS
2920 3145 3334 3204 SECUNDUS.

2293 3235 2366 3288 De
2394 3239 2598 3289 sanctis
2635 3236 2944 3289 senioribus
2973 3239 3073 3304 qui
3101 3239 3265 3304 signa
3293 3234 3572 3304 faciebant.

2206 3323 2357 3377 Dixit
2385 3323 2555 3378 abbas
2584 3324 2755 3378 Dulas
2785 3324 3091 3396 discipulus
3127 3324 3347 3380 abbatis
3368 3322 3651 3380 Besarionis
3679 3340 3689 3374 :

2133 3411 2277 3474 Quia
2307 3412 2728 3468 ambulantibus
2756 3413 2915 3469 nobis
2946 3431 3104 3468 secus
3135 3415 3296 3470 littus
3326 3414 3510 3478 maris,
3538 3409 3686 3476 sitivi;

2133 3507 2190 3556 et
2236 3501 2349 3555 dixi
2384 3502 2571 3557 abbati
2609 3503 2898 3558 Besarioni
2929 3522 2940 3558 :
2969 3503 3147 3570 Abba,
3187 3505 3322 3558 sitio
3361 3504 3510 3560 valde
3535 3502 3684 3567 [Ra/7.,

2135 3593 2230 3648 lib.
2272 3606 2350 3657 nr,
2388 3609 2446 3646 η.
2481 3591 2626 3660 215).
2656 3593 2729 3648 Et
2757 3611 2884 3648 cum
2916 3593 3140 3648 fecisset
3187 3611 3358 3648 senex
3397 3593 3684 3654 orationem,

2135 3681 2275 3735 dixit
2304 3681 2442 3736 mihi
2477 3700 2486 3735 :
2517 3681 2651 3736 Bibe
2681 3683 2749 3737 de
2778 3683 2938 3736 mari.
2973 3682 3048 3736 Et
3076 3683 3255 3738 dulcis
3284 3684 3429 3738 facta
3456 3688 3534 3736 est
3551 3695 3686 3751 aqua,

2131 3775 2188 3824 et
2207 3769 2351 3836 bibi;
2387 3787 2492 3842 ego
2523 3777 2712 3827 autem
2734 3772 2896 3826 hausi
2917 3773 3195 3828 modicam
3225 3774 3285 3828 in
3315 3789 3459 3840 vase,
3486 3787 3549 3826 ne
3574 3769 3689 3823 forte

2131 3860 2338 3914 iterum
2389 3860 2625 3915 sitirem.
2686 3862 2845 3925 Quod
2891 3879 3018 3917 cum
3069 3863 3298 3918 vidisset
3347 3879 3523 3925 senex,
3577 3856 3691 3912 dixit

2131 3949 2269 4003 mihi
2307 3950 2416 4005 :Ut
2442 3951 2578 4021 quid
2608 3968 2702 4006 vas
2732 3951 2977 4023 implesti
3009 3951 3194 4024 aqua?
3215 3953 3341 4007 Dixi
3369 3953 3418 4006 ei
3450 3972 3461 4005 :
3495 3951 3688 4020 Ignosce

2133 4040 2292 4108 mihi,
2327 4057 2395 4095 ne
2422 4040 2564 4095 forte
2583 4041 2790 4095 iterum
2815 4041 3021 4096 sitiam.
3042 4041 3117 4097 Et
3135 4042 3216 4097 ait
3244 4058 3412 4097 senex
3434 4060 3445 4094 :
3464 4041 3596 4095 Deus
3611 4036 3688 4108 qui

2132 4130 2222 4185 hic
2252 4136 2353 4195 est,
2389 4135 2448 4184 et
2476 4129 2683 4201 ubique
2712 4137 2814 4185 est.

2200 4219 2253 4273 2.
2287 4218 2411 4273 Alio
2441 4235 2662 4291 quoque
2693 4225 2964 4292 tempore,
3005 4237 3129 4275 cum
3160 4221 3530 4276 necessarium
3551 4217 3596 4272 ei
3617 4231 3688 4269 es-

2131 4314 2235 4375 set,
2259 4308 2388 4363 fecit
2411 4309 2741 4374 orationem,
2758 4309 3092 4364 et’transivit
3118 4310 3471 4381 Chrysoroan
3494 4303 3689 4361 ﬂuvium

444 4396 1250 4467 sorumdesideras;pr0pterea
1261 4397 1430 4450 etiam
1453 4397 1707 4453 meruisti
1731 4399 2049 4453 orationum
2071 4397 2388 4470 Dpedibus;
2417 4415 2520 4469 ego
2553 4405 2744 4453 autem
2772 4398 3082 4453 admiratus
3112 4399 3360 4454 satisfeci
3389 4398 3456 4464 ei,
3485 4396 3649 4450 dicens
3674 4407 3683 4443 :

443 4493 672 4544 tuarum
687 4487 964 4551 effectum,
985 4485 1296 4540 utvidendo
1313 4485 1496 4540 discas
1512 4487 1910 4558 discipulorum
1929 4493 2049 4543 tuo-

443 4593 572 4634 rum
603 4581 830 4649 peccata
854 4582 912 4630 et
946 4592 1048 4646 per
1076 4575 1488 4630 admonitiones
1520 4582 1688 4648 atque
1715 4577 2050 4632 obsecratio-

443 4683 564 4733 nes,
589 4666 852 4722 meliores
870 4682 971 4737 per
990 4664 1382 4736 paenitentiam
1424 4681 1518 4719 eos
1556 4666 1728 4722 facias
1750 4666 1800 4720 ei
1824 4667 1918 4738 qui
1947 4685 2047 4738 pro

442 4756 581 4829 ipsis
599 4761 854 4812 mortuus
874 4760 978 4821 est,
1012 4761 1068 4809 et
1097 4755 1403 4809 resurrexit
1421 4772 1455 4809 a
1467 4756 1722 4822 mortuis,
1743 4757 1769 4810 J
1777 4772 1875 4811 esu
1892 4757 2049 4812 Chri-

447 4851 536 4901 sto
556 4846 794 4901 Domino
826 4849 1036 4900 nostro.
1072 4845 1516 4916 Quantacunque
1542 4845 1715 4916 igitur
1748 4845 1851 4900 tibi
1872 4846 2047 4902 virtus

446 4938 529 4989 est
541 4938 599 4988 et
621 4935 869 4990 studium
890 4952 955 4990 ac
973 4933 1196 4989 dilectio
1217 4933 1363 4988 circa
1375 4935 1676 4990 Dominum
1697 4941 1857 4991 tuum
1882 4937 2046 4991 Chri-

449 5029 624 5089 stum,
653 5040 875 5078 omnem
908 5041 1098 5079 eorum
1127 5041 1261 5095 gere
1289 5024 1716 5095 providentiam,
1740 5031 1804 5080 ut
1825 5042 2047 5081 conver-

444 5116 642 5168 tantur
659 5128 693 5166 a
721 5113 961 5184 propriis
991 5115 1232 5184 peccatis
1253 5115 1323 5168 ad
1353 5115 1550 5182 Deum,
1571 5116 1811 5170 suadens
1827 5116 1906 5170 eis
1932 5134 2046 5171 ina-

445 5200 648 5257 nifeste
679 5200 881 5271 quibus
910 5203 1150 5272 peccatis
1179 5203 1522 5274 subjaceant,
1547 5222 1617 5259 ne
1641 5206 1924 5277 propriam
1953 5206 2046 5261 de-

445 5295 676 5364 sperent
699 5289 937 5343 salutem
971 5307 1036 5344 ex
1087 5292 1206 5346 hoc.
1249 5294 1655 5349 Pcenitentibus
1678 5296 1903 5366 quidem
1934 5295 2044 5350 illis

445 5386 504 5436 et
532 5377 986 5436 convertentibus
1015 5380 1082 5433 ad
1116 5381 1295 5436 Deum
1323 5383 1618 5438 animabus
1661 5402 1856 5440 eorum
1891 5385 2044 5440 salus

445 5469 555 5525 erit
578 5475 636 5525 et
663 5467 910 5541 epulatio
953 5467 1272 5524 futurorum
1307 5470 1611 5541 bonorum;
1645 5473 1747 5528 tibi
1775 5491 1905 5528 vero
1935 5474 2043 5529 erit

445 5559 691 5636 plurima
719 5572 954 5628 merces,
1001 5557 1274 5616 imitando
1302 5565 1498 5629 649
1521 5563 1824 5620 Dominum
1854 5569 2036 5637 tuum,

2131 4488 2422 4552 Quomodo
2455 4487 2732 4542 sentiebas
2760 4488 2930 4560 pedes
2955 4494 3103 4555 tuos,
3143 4488 3279 4542 dum
3320 4486 3614 4542 ambulares
3642 4480 3687 4534 in

2130 4577 2303 4649 aqua?
2321 4575 2393 4630 Et
2404 4576 2481 4630 ait
2495 4593 2682 4630 senex:
2700 4577 2888 4647 Usque
2901 4577 2971 4630 ad
2986 4577 3161 4630 talum
3178 4575 3487 4630 sentiebam
3497 4584 3685 4644 aquam,

2129 4666 2347 4738 reliqua
2372 4670 2560 4720 autem
2587 4671 2709 4720 erat
2733 4665 2910 4722 solida
2930 4665 3033 4720 sub
3049 4665 3284 4738 pedibus
3317 4665 3474 4720 meis.

2203 4754 2252 4812 3.
2286 4756 2501 4810 Rursus
2532 4755 2794 4810 euntibus
2828 4754 2987 4810 nobis
3015 4755 3086 4810 ad
3129 4755 3303 4810 alium
3333 4769 3536 4819 senem,
3563 4746 3691 4804 venit

2131 4846 2212 4900 sol
2251 4846 2322 4900 ad
2359 4862 2636 4900 occasum.
2671 4846 2740 4900 Et
2765 4846 2944 4899 oravit
2971 4862 3158 4912 senex,
3192 4846 3382 4900 dicens
3415 4863 3426 4897 :
3461 4842 3684 4898 Obsecm.

2129 4935 2383 5002 Domine,
2417 4941 2528 4991 stet
2545 4935 2646 5001 sol,
2671 4934 2846 5022 donec
2871 4935 3191 5006 perveniam
3213 4937 3284 4990 ad
3305 4949 3519 4990 servum
3532 4936 3684 4986 tuum.

2130 5026 2199 5080 Et
2224 5026 2432 5080 factum
2455 5030 2540 5080 est
2563 5024 2660 5079 sic.

2201 5116 2252 5173 4.
2289 5115 2454 5169 Venit
2472 5115 2774 5186 aliquando
2805 5114 3033 5185 quidam
3063 5113 3400 5170 daemonium
3429 5110 3619 5166 habens
3641 5104 3686 5159 in

2130 5204 2340 5276 Scythi,
2367 5210 2423 5258 et
2450 5203 2596 5258 facta
2617 5209 2702 5258 est
2731 5220 2832 5275 pro
2855 5221 2920 5257 eo
2953 5205 3133 5258 oratio
3159 5204 3216 5258 in
3238 5203 3482 5266 ecclesia,
3512 5206 3564 5254 et
3596 5209 3685 5250 non

2129 5293 2521 5365 egrediebatur
2549 5293 2767 5348 daemon
2797 5293 2866 5347 ab
2905 5311 2990 5360 eo,
3018 5293 3150 5365 quia
3187 5294 3360 5348 durus
3390 5297 3507 5346 erat
3531 5286 3681 5359 (ΗυΙῙη

2127 5386 2225 5439 lib.
2256 5399 2331 5449 In,
2368 5401 2422 5438 η.
2451 5382 2544 5441 ’121
2577 5402 2589 5438 :
2616 5385 2824 5450 Fascia,
2850 5400 2892 5437 ο.
2921 5381 3006 5452 14,
3033 5400 3189 5437 num.
3210 5381 3277 5449 2).
3303 5381 3503 5436 Dicunt
3528 5383 3684 5432 autem

2126 5473 2197 5528 ad
2224 5473 2462 5529 invicem
2506 5472 2693 5527 clerici
2740 5472 2846 5527 loci
2894 5471 3076 5528 illius:
3112 5472 3256 5537 Quid
3300 5471 3555 5526 faciemus
3579 5461 3684 5519 huic

2124 5563 2401 5623 daemoni?
2429 5565 2607 5621 Nemo
2627 5568 2813 5638 potest
2843 5578 2974 5619 eum
2993 5562 3215 5636 ejicere,
3239 5561 3346 5618 nisi
3371 5559 3532 5617 abbas
3548 5557 3686 5614 Besa-
