3964 6206
271 313 406 374 1001

1572 314 1814 372 VERBA
1851 313 2244 375 SENIORUM.

3409 328 3546 386 1002

267 442 425 509 rion;
463 445 522 496 et
552 441 600 497 si
617 439 1004 512 rogaverimus
1029 455 1160 496 eum
1187 457 1289 515 pro
1319 441 1459 513 ipso,
1491 456 1677 513 neque
1691 441 1749 496 in
1778 441 2109 502 ec-Aillam
2153 444 2380 501 viduam
2425 450 2483 501 et
2533 447 2812 520 orphanos
2837 448 3015 522 ipsius
3043 450 3173 507 fecit
3199 453 3349 508 Deus
3404 455 3550 510 hanc

268 532 495 587 clesiam
523 531 726 586 veniet.
775 532 894 586 Hoc
921 523 1054 603 ergo
1081 532 1352 587 faciamus
1383 545 1396 580 :
1438 548 1565 587 ecce
1600 540 1869 588 venturus

269 627 352 676 est
373 637 539 676 mane
561 627 692 676 ante
703 638 897 676 omnes
911 623 970 677 in
995 622 1302 688 ecclesiam,
1327 622 1596 678 faciamus
1626 641 1755 678 eum
1775 624 1871 695 qui

267 717 502 766 vexatur
520 711 716 766 sedere
745 711 802 765 in
843 712 963 766 loco
999 711 1194 782 ipsius,
1227 718 1286 767 et
1325 729 1452 767 cum
1501 713 1868 784 ingredietur,

271 806 486 856 stemus
515 801 584 856 ad
613 801 943 867 orationem,
960 808 1017 856 et
1035 803 1288 857 dicamus
1316 804 1367 858 ei
1389 823 1399 857 :
1420 805 1614 860 Excita
1639 805 1870 860 fratrem

272 890 465 956 istum,
498 889 659 944 abba.
689 891 970 946 Fecerunt
997 898 1187 947 autem
1227 893 1325 948 sic.
1358 893 1631 948 Veniente
1685 900 1874 949 autem

271 996 440 1034 mane
455 996 586 1035 sene
599 979 714 1046 illo,
743 984 1024 1036 steterunt
1041 982 1109 1036 ad
1127 983 1458 1049 orationem,
1488 993 1545 1038 et
1572 983 1768 1038 dicunt
1783 985 1834 1038 ei
1858 1002 1869 1036 :

274 1069 466 1124 Excita
495 1069 725 1123 fratrem
752 1069 945 1136 istum,
986 1069 1148 1125 abba.
1180 1073 1250 1126 Et
1287 1073 1428 1127 dixit
1465 1089 1631 1127 senex
1663 1073 1743 1126 illi
1773 1089 1874 1144 pa-

271 1158 437 1213 tienti
467 1178 479 1212 :
528 1159 726 1229 Surge,
770 1160 1038 1229 egredere
1077 1160 1245 1215 foras.
1279 1161 1348 1216 Et
1386 1162 1678 1217 confestim
1709 1163 1877 1217 exivit

273 1248 344 1304 ab
373 1264 438 1303 eo
467 1247 704 1314 damon,
738 1254 795 1302 et
822 1265 994 1304 sanus
1024 1249 1202 1305 factus
1230 1256 1316 1304 est
1342 1268 1407 1304 ex
1433 1251 1528 1305 illa
1556 1253 1714 1306 hora.

347 1339 398 1392 5.
447 1337 720 1392 Dicebant
763 1339 1012 1394 seniores
1059 1340 1361 1411 aliquando
1414 1341 1602 1395 abbati
1637 1342 1768 1396 Elite
1815 1341 1873 1396 in

275 1427 515 1499 Egypto
545 1427 613 1481 de
634 1426 836 1482 abbate
849 1429 1177 1498 Agathone:
1208 1429 1351 1493 Quia
1374 1429 1553 1484 bonus
1569 1431 1740 1485 frater
1769 1437 1872 1485 est.

277 1518 345 1572 Et
373 1517 511 1572 dicit
539 1517 617 1571 eis
645 1534 813 1572 senex
844 1533 856 1568 :
892 1519 1210 1573 Secundum
1251 1520 1670 1590 generationem
1715 1537 1877 1574 suam

276 1605 455 1662 bonus
485 1613 588 1661 est.
621 1607 730 1671 Qui
755 1607 1019 1663 dixerunt
1037 1608 1122 1664 ei:
1153 1609 1470 1664 Secundum
1502 1615 1690 1664 autem
1729 1610 1880 1664 anti-

277 1713 416 1768 quos
436 1697 573 1767 quid
601 1697 627 1750 ?
654 1699 728 1752 At
754 1697 849 1752 ille
879 1699 1224 1770 respondens
1254 1699 1335 1753 ait
1367 1718 1378 1753 :
1410 1701 1533 1754 Jam
1559 1699 1672 1754 dixi
1701 1699 1873 1767 vobis,

1951 549 2068 588 rem
2105 552 2116 587 :
2146 534 2249 589 hoc
2269 535 2418 590 enim
2438 542 2522 592 est
2546 555 2834 610 magnum,
2868 540 3000 611 quia
3031 541 3150 596 sine
3181 549 3406 614 peccato
3433 545 3554 600 vult

1953 623 2102 678 Deus
2123 641 2243 679 esse
2273 626 2539 692 animam,
2577 634 2634 682 et
2665 628 2714 682 si
2746 630 2878 700 quid
2925 631 3167 701 petierit,
3198 634 3416 704 accipit.
3455 635 3553 689 Ve-

1953 713 2114 767 niens
2143 720 2330 768 autem
2363 716 2639 770 nuntiavit
2665 718 2938 773 viduaeilli
2969 720 3063 774 ubi
3087 728 3209 775 erat
3237 722 3375 776 illud
3406 740 3554 779 com-

1954 803 2299 858 mendatum.
2337 806 2412 859 At
2449 805 2546 860 illa
2576 823 2802 861 sumens
2851 808 3008 874 illud,
3045 811 3287 865 reddidit
3324 813 3551 867 domino

1934 889 2078 957 'suo,
2109 897 2166 945 et
2201 892 2458 948 liberavit
2484 895 2630 949 ﬁlios
2655 912 2805 950 suos.
2839 897 2908 951 Et
2959 900 3054 969 qui
3080 901 3381 955 audierunt
3424 901 3548 969 hoc,

1956 980 2410 1050 gloriﬁcaverunt
2429 984 2627 1042 Deum.

2030 1070 2083 1124 9.
2116 1071 2419 1127 Transiens
2460 1073 2763 1144 aliquando
2793 1074 2964 1129 abbas
2995 1076 3188 1131 Emilis
3218 1095 3318 1149 per
3366 1096 3557 1150 quem-

1957 1159 2087 1213 dam
2112 1160 2314 1226 locum,
2345 1161 2478 1216 vidit
2509 1163 2808 1232 quemdam
2841 1166 3175 1219 monachum
3207 1167 3495 1224 detentum
3523 1186 3559 1224 a

1957 1248 2290 1318 quibusdam
2310 1255 2578 1322 tanquam
2592 1252 2948 1307 homicidam.
2966 1255 3246 1310 Accedens
3263 1262 3451 1312 autem
3476 1275 3560 1314 se-

1959 1354 2082 1402 nex,
2115 1345 2285 1410 atque
2311 1340 2667 1410 interrogans
2695 1342 2925 1396 fratrem
2953 1343 3131 1412 illum,
3165 1351 3222 1400 et
3275 1354 3560 1418 comperto

1959 1427 2092 1497 quia
2112 1429 2602 1484 calumniabantur
2639 1431 2710 1496 ei,
2743 1431 2885 1485 dixit
2907 1433 2978 1485 ad
3009 1450 3102 1487 eos
3133 1435 3227 1504 qui
3259 1453 3386 1491 eum
3410 1444 3564 1491 tene-

1960 1515 2096 1570 bant
2126 1533 2140 1572 :
2167 1517 2271 1572 Ubi
2301 1524 2386 1572 est
2404 1519 2496 1574 ille
2514 1519 2609 1590 qui
2637 1521 2852 1574 occisus
2874 1521 2997 1575 est?
3017 1529 3074 1576 et
3102 1526 3471 1580 ostenderunt
3489 1527 3560 1582 ei.

1959 1607 2115 1660 Tunc
2153 1607 2549 1678 approximans
2586 1609 2691 1680 ipsi
2738 1610 3017 1677 defuncto,
3072 1611 3209 1666 dicit
3249 1616 3510 1669 omnibus
3545 1635 3558 1670 :

1961 1694 2150 1750 Orate.
2177 1697 2303 1767 Ipso
2324 1713 2454 1751 vero
2473 1698 2823 1770 expandente
2853 1716 3054 1754 manus
3073 1703 3144 1755 ad
3165 1703 3362 1770 Deum,
3382 1721 3566 1759 surre-

278 1787 410 1858 quia
430 1786 610 1841 bonus
641 1792 728 1841 est
754 1788 1060 1843 secundum
1108 1789 1534 1860 generationem
1575 1806 1736 1844 suam
1759 1809 1771 1857 ;
1797 1807 1879 1844 se-
1899 1809 1945 1868 B
1962 1783 2044 1838 xit
2063 1784 2110 1838 is
2131 1785 2227 1856 qui
2252 1785 2545 1842 defunctus
2575 1794 2713 1841 erat.
2736 1789 2804 1842 Et
2821 1789 2960 1842 dixit
2981 1790 3031 1843 ei
3053 1807 3240 1844 coram
3263 1793 3522 1847 omnibus
3546 1813 3558 1847 ς

275 1877 523 1931 cundum
551 1877 1103 1948 antiquosvero,vidi
1133 1879 1420 1934 hominem
1445 1879 1504 1934 in
1535 1880 1748 1951 Scythi,
1785 1881 1879 1951 qui

276 1971 499 2038 poterat
519 1966 700 2022 facere
730 1972 795 2022 ut
823 1969 906 2022 sol
935 1973 1113 2023 staret
1130 1969 1189 2024 in
1210 1971 1367 2030 cmlo.
1393 1970 1537 2025 sicut
1562 1971 1694 2025 fecit
1721 1972 1883 2026 Jesus

277 2056 427 2111 ﬁlius
455 2057 627 2111 Nave.
661 2057 732 2111 Et
754 2057 871 2112 haec
899 2058 1198 2114 audientes
1228 2059 1660 2132 obstupuerunt,
1683 2065 1740 2114 et
1768 2061 1885 2131 glo-

276 2146 637 2201 riﬁcaverunt
664 2147 863 2218 Deum.

352 2231 406 2292 6.
435 2235 710 2290 Dicebant
737 2237 806 2290 de
834 2236 1036 2292 abbate
1074 2238 1318 2294 Macario
1347 2239 1443 2293 illo
1481 2240 1713 2309 majore,
1751 2239 1882 2311 quia

283 2325 589 2379 ascendens
616 2325 686 2380 de
720 2325 932 2398 Scythi,
967 2327 1230 2398 portabat
1255 2335 1493 2400 sportas,
1530 2335 1588 2382 et
1615 2328 1882 2398 fatigatus

281 2413 492 2470 resedit
536 2420 591 2470 et
636 2415 834 2482 oravit,
876 2416 1102 2471 dicens:
1139 2418 1305 2484 Deus,
1330 2424 1394 2473 tu
1426 2419 1553 2483 scis,
1587 2418 1720 2488 quia
1760 2420 1878 2489 jam

282 2520 394 2558 non
420 2505 712 2576 praevaleo.
749 2505 817 2559 Et
844 2522 970 2560 mox
1003 2507 1268 2574 elevatus,
1303 2508 1562 2562 inventus
1593 2513 1679 2562 est
1712 2524 1882 2580 super

280 2594 493 2648 ﬁumen
518 2596 705 2662 (Hum,
739 2597 834 2649 lib.
868 2610 951 2661 m,
986 2613 1044 2650 η.
1088 2595 1233 2665 213).

355 2684 405 2738 7.
430 2682 684 2738 Habebat
701 2685 931 2756 quidam
954 2685 1130 2740 ﬁlium
1149 2687 1518 2758 paralyticum
1539 2687 1597 2742 in
1619 2688 1878 2759 Egypto,

279 2778 339 2828 et
366 2773 599 2828 adduxit
625 2790 754 2828 eum
772 2775 842 2828 ad
863 2775 1059 2829 cellam
1077 2775 1225 2830 beati
1249 2777 1495 2838 Macarii,
1530 2783 1588 2831 et
1604 2777 1801 2831 relicto
1818 2793 1883 2832 eo

278 2861 353 2916 ad
376 2861 580 2916 ostium
595 2862 785 2928 flente,
805 2863 1210 2935 recessitlonge
1229 2867 1410 2932 (Ra/[1,
1442 2867 1535 2919 Hb.
1553 2880 1635 2931 ιιι,
1657 2883 1714 2922 η.
1737 2864 1879 2937 122).

277 2950 603 3022 Respiciens
633 2969 766 3022 ergo
813 2969 998 3018 senex,
1023 2953 1163 3008 vidit
1191 2970 1427 3025 puerum
1455 2955 1790 3025 plorantem,
1827 2961 1884 3010 et

277 3040 423 3095 dixit
438 3041 489 3095 ei
511 3041 675 3105 :Quis
691 3047 748 3095 te
769 3041 1000 3096 adduxit
1020 3042 1168 3097 huc?
1189 3043 1296 3107 Qui
1321 3043 1460 3098 dixit
1484 3060 1496 3095 :
1526 3044 1694 3098 Pater
1723 3060 1882 3099 meus

1963 1873 2063 1928 Dic
2090 1874 2270 1940 nobis,
2305 1876 2430 1946 quis
2460 1882 2543 1930 est
2573 1875 2667 1947 qui
2695 1881 2750 1931 te
2779 1877 3059 1932 interfecit
3087 1879 3111 1932 ‘?
3140 1881 3213 1934 At
3249 1881 3343 1936 illc
3386 1882 3559 1937 dixit:

1965 1963 2258 2033 Ingressus
2270 1964 2326 2018 in
2342 1965 2633 2020 ecclesiam
2653 1967 3039 2022 commendavi
3059 1971 3324 2039 pecunias
3339 1971 3566 2043 presby-

1965 2057 2107 2117 tero,
2136 2052 2255 2123 ipse
2282 2070 2516 2124 surgens
2547 2054 2828 2110 interfecit
2849 2073 2956 2123 me,
2991 2063 3048 2111 et
3076 2065 3307 2128 portans
3334 2060 3568 2130 projecit

1963 2157 2053 2196 me
2081 2141 2142 2196 in
2170 2145 2576 2198 monasterium
2599 2143 2817 2199 abbatis
2847 2145 3016 2216 hujus
3043 2165 3055 2213 ;
3085 2147 3193 2217 sed_
3213 2164 3350 2217 rogo
3384 2166 3478 2204 vos
3504 2156 3569 2204 ut

1962 2230 2235 2284 tollantur
2263 2231 2398 2302 ipsae
2427 2233 2673 2304 pecuniae
2701 2233 2771 2287 ab
2801 2251 2886 2299 eo,
2922 2240 2979 2289 et
3005 2235 3211 2290 dentur
3232 2237 3362 2292 filiis
3401 2239 3562 2293 meis.

1960 2319 2116 2374 Tunc
2144 2319 2225 2374 ait
2251 2320 2321 2374 ad
2343 2337 2472 2376 eum
2499 2338 2670 2376 senex
2701 2341 2711 2376 :
2745 2323 2920 2392 Vade,
2949 2324 3150 2392 dormi,
3178 2326 3353 2381 donec
3382 2328 3570 2385 veniat

1963 2409 2236 2464 Dominus
2268 2416 2323 2464 et
2351 2411 2649 2466 resuscitet
2673 2416 2749 2470 te.
2791 2413 2860 2466 Et
2889 2414 3179 2469 confestim
3209 2415 3565 2476 obdormivit.

2038 2496 2121 2554 10.
2146 2499 2436 2554 Venerunt
2451 2501 2754 2571 aliquando
2783 2502 2974 2574 plures
2993 2503 3195 2558 fratres
3215 2506 3283 2559 ad
3305 2505 3567 2563 abbatem

1964 2588 2255 2642 Pastorem
2289 2591 2473 2657 (Ra/)2,
2509 2593 2546 2642 Ι.
2571 2603 2651 2654 m,
2687 2606 2742 2643 η.
2785 2587 2897 2657 168)
2926 2609 2939 2658 ;
2981 2597 3038 2645 et
3075 2609 3200 2646 ecce
3240 2595 3466 2664 quidam
3498 2597 3568 2652 de

1965 2678 2216 2747 cognatis
2237 2677 2413 2748 ipsius
2427 2677 2668 2732 habebat
2701 2679 2961 2746 ﬁlium,et
2989 2687 3113 2735 erat
3139 2682 3308 2736 facies
3325 2685 3446 2754 ejus
3467 2702 3569 2756 per

1965 2768 2348 2837 operationem
2369 2767 2576 2821 diaboli
2597 2785 2863 2822 conversa
2882 2776 3210 2826 retrorsum.
3231 2772 3438 2828 Videns
3465 2792 3572 2831 au-

1965 2861 2078 2909 tem
2100 2862 2261 2926 pater
2277 2857 2398 2926 ejus
2420 2857 2840 2912 multitudinem
2858 2859 3107 2925 Patrum,
3134 2861 3414 2932 accipiens
3433 2881 3570 2935 pue-

1963 2961 2088 2998 rum
2127 2944 2357 3000 sedebat
2385 2945 2519 2999 foris
2540 2946 2788 3017 plorans.
2827 2949 3076 3018 (lontigit
3102 2957 3291 3004 autem
3323 2957 3386 3007 ut
3421 2970 3569 3009 unus

1964 3034 2247 3088 seniorum
2267 3034 2632 3105 egrederetur
2654 3035 2822 3090 foras.
2851 3037 3029 3100 Quem
3046 3054 3170 3092 cum
3189 3040 3436 3109 vidisset,
3455 3043 3562 3098 ait:

277 3129 518 3201 projecit
553 3147 642 3184 me
672 3130 780 3196 hic,
815 3136 870 3185 et
898 3130 1056 3185 abiit.
1087 3133 1156 3186 Et
1182 3132 1318 3187 dicit
1346 3133 1397 3187 ei
1441 3149 1608 3188 senex
1636 3147 1647 3180 :
1680 3134 1876 3204 Surge,
1905 3133 1946 3191 C
1965 3124 2110 3188 Qnid
2142 3124 2347 3195 P101718,
2376 3123 2584 3178 1101110?
2611 3124 2716 3188 Qlﬁ
2745 3125 2885 3178 diXit
2899 3126 2947 3180 ei
2974 3144 2985 3179 ε
3020 3127 3304 3198 cognatus
3324 3147 3446 3185 sum
3472 3132 3568 3187 ab-

277 3224 338 3272 et
365 3219 725 3290 apprehende
755 3235 904 3274 eum.
933 3219 1040 3284 Qui
1070 3221 1262 3275 statim
1283 3238 1454 3276 sanus
1485 3221 1662 3276 factus
1689 3227 1791 3286 est,
1823 3228 1880 3276 et

276 3324 516 3379 surgens
546 3309 919 3380 apprehendit
948 3315 1166 3381 patrem
1199 3328 1384 3377 suum,
1419 3316 1476 3365 et
1502 3312 1580 3366 sic
1617 3311 1880 3366 abierunt

273 3398 337 3452 in
368 3397 596 3452 domum
625 3415 805 3453 suam.

351 3486 402 3541 8.
437 3486 670 3543 Dicebat
697 3487 869 3543 abbas
908 3489 1117 3544 Sisois:
1152 3489 1387 3554 Quando
1415 3507 1568 3545 eram
1608 3490 1665 3544 in
1686 3490 1879 3563 Scythi

275 3593 405 3631 cum
454 3576 653 3632 abbate
709 3578 973 3642 Macario,
1013 3579 1365 3634 ascendimus
1403 3585 1614 3634 metere
1653 3596 1782 3633 cum
1813 3596 1880 3634 eo

273 3672 491 3738 septem
521 3667 750 3722 nomina
780 3667 872 3739 (6).
899 3669 969 3722 Et
989 3685 1113 3723 ecce
1131 3685 1243 3723 una
1274 3669 1438 3724 vidua
1457 3669 1753 3740 colligebat
1771 3669 1881 3740 spi-

273 3772 369 3810 cas
391 3755 460 3810 de
489 3763 616 3828 post
665 3774 786 3824 nos,
830 3763 888 3812 et
925 3774 1037 3812 non
1068 3758 1324 3814 cessabat
1352 3759 1597 3830 plorans.
1649 3759 1880 3814 Vocavit

273 3861 410 3917 ergo
430 3863 598 3900 senex
617 3845 906 3902 dominum
930 3848 1049 3918 agri
1069 3849 1241 3914 illius,
1263 3854 1320 3903 et
1349 3848 1482 3902 dixit
1510 3849 1560 3902 ei
1592 3867 1602 3902 :
1623 3849 1768 3912 Quid
1793 3854 1880 3902 est

274 3935 510 3990 anicula:
539 3936 684 4003 huic,
710 3936 856 4007 quod
887 3954 1110 4008 semper
1135 3938 1359 4008 plorat?
1389 3937 1496 4002 Qui
1515 3942 1713 4003 θεῖε)
1739 3938 1880 3992 dixit

275 4023 331 4078 ei
362 4042 373 4077 :
399 4024 541 4088 Quia
581 4025 667 4079 vir
707 4026 830 4095 ejus
854 4025 1053 4080 habuit
1081 4026 1397 4097 depositum
1450 4026 1762 4097 cujusdam,
1822 4032 1880 4080 et

275 4117 534 4167 mortuus
564 4117 650 4167 est
673 4130 784 4168 non
812 4115 1067 4186 loquens,
1110 4121 1166 4169 et
1208 4131 1320 4169 non
1352 4115 1492 4169 dixit
1545 4115 1640 4169 ubi
1692 4115 1880 4186 posuit

273 4201 436 4268 illud,
467 4207 520 4256 et
552 4203 670 4257 vult
697 4203 957 4258 dominus
986 4203 1225 4276 depositi
1246 4203 1498 4274 accipere
1515 4221 1639 4258 eam
1658 4212 1715 4258 et
1734 4205 1877 4259 ﬁlios

271 4291 398 4362 ejus
429 4291 488 4346 in
509 4292 855 4348 servitutem.
877 4294 947 4348 Et
965 4293 1045 4348 ait
1064 4310 1264 4348 senex:
1290 4293 1387 4347 Dic
1404 4292 1483 4346 illi
1512 4297 1576 4347 ut
1601 4293 1786 4348 veniat
1805 4294 1875 4348 ad

273 4397 377 4435 nos
405 4379 497 4434 ubi
530 4381 934 4452 requiescimus
965 4383 1023 4436 in
1052 4388 1328 4437 caumate.
1364 4383 1430 4437 Et
1453 4399 1580 4437 cum
1608 4383 1871 4448 venisset,

1960 3212 2105 3267 batis
2133 3212 2400 3278 Pastoris,
2435 3220 2492 3267 et
2531 3230 2655 3268 ecce
2680 3214 2916 3284 contigit
2948 3232 3118 3285 puero
3142 3218 3271 3272 huic
3323 3221 3564 3276 tentatio

1961 3302 2071 3356 ista
2092 3321 2104 3370 ;
2132 3308 2189 3357 et
2215 3302 2404 3357 volens
2425 3319 2556 3357 eum
2582 3302 2710 3357 huic
2730 3303 2850 3357 seni
2871 3304 3162 3370 offerre,ut
3176 3323 3304 3361 eum
3317 3316 3558 3376 curaret,

1960 3391 2125 3446 timui
2153 3411 2166 3459 ;
2201 3408 2312 3445 non
2345 3392 2494 3446 enim
2523 3392 2638 3446 vult
2659 3409 2759 3446 uos
2787 3393 3007 3459 videre;
3033 3401 3090 3448 et
3108 3412 3255 3450 nunc
3284 3397 3331 3450 si
3361 3415 3566 3469 cogno-

1961 3480 2105 3534 verit
2131 3481 2262 3551 quia
2295 3481 2384 3535 hic
2417 3497 2560 3546 sum,
2591 3480 2764 3535 mittit
2793 3499 3155 3553 persequens,
3188 3491 3245 3538 et
3275 3486 3454 3541 minat
3475 3505 3563 3543 me

1961 3571 2090 3624 hinc
2112 3569 2204 3638 (7).
2242 3571 2356 3642 Ego
2386 3586 2514 3624 vero
2545 3569 2736 3624 videns
2764 3571 3116 3641 praesentiam
3143 3580 3389 3630 vestram
3419 3595 3564 3648 pra:-

1961 3660 2173 3731 sumpsi
2202 3660 2390 3714 venire
2413 3660 2521 3716 hic.
2537 3660 2680 3730 Ergo
2703 3661 2980 3730 quomodo
2998 3662 3095 3727 vis,
3116 3662 3277 3729 abba,
3294 3665 3564 3724 miserere

1962 3749 2091 3813 mei,
2123 3755 2180 3804 et
2204 3749 2879 3819 introducintuspuerum
2911 3751 3071 3817 hunc,
3093 3757 3150 3805 et
3164 3770 3263 3806 ora
3291 3771 3393 3825 pro
3417 3755 3558 3827 ipso.

1962 3840 2032 3894 Et
2059 3839 2337 3910 accipiens
2363 3855 2490 3892 eum
2517 3854 2702 3903 senex,
2724 3838 2971 3903 intravit,
2993 3845 3050 3894 et
3070 3858 3206 3896 usus
3223 3849 3309 3898 est
3322 3846 3564 3915 pruden-

1960 3934 2066 3993 ter,
2091 3934 2148 3983 et
2179 3945 2290 3982 non
2313 3945 2439 3982 eum
2457 3927 2651 3982 statim
2667 3925 2869 3981 obtulit
2887 3927 3075 3983 abbati
3097 3932 3334 3995 Pastori,
3358 3934 3454 3988 sed
3474 3935 3563 3990 in-

1961 4018 2172 4089 cipiens
2200 4035 2233 4072 a
2262 4017 2571 4071 minoribus
2614 4017 2880 4072 fratribus
2923 4018 3144 4075 dicebat
3179 4040 3189 4074 :
3223 4023 3561 4095 Consignate

1960 4113 2196 4178 pderum
2226 4106 2418 4160 istum.
2453 4107 2594 4160 Cum
2623 4111 2810 4161 autem
2835 4106 3057 4163 fecisset
3071 4127 3267 4165 omnes
3287 4129 3387 4182 per
3416 4115 3563 4169 ordi-

1961 4213 2089 4250 nem
2103 4195 2434 4264 consignare
2454 4211 2603 4260 eum,
2627 4195 2697 4249 ad
2719 4195 2982 4250 ultimum
3004 4197 3208 4252 obtulit
3222 4216 3348 4254 eum
3368 4201 3560 4258 abbati

1958 4284 2198 4348 Pastori,
2236 4284 2331 4354 qui
2378 4283 2603 4338 nolebat
2632 4290 2864 4354 tangere
2902 4302 3052 4339 eum.
3085 4287 3256 4341 Atilli
3281 4290 3560 4359 rogabant

1958 4391 2108 4442 eum,
2139 4374 2386 4429 dicentes
2414 4373 2524 4428 :Ut
2538 4389 2753 4438 omnes,
2785 4373 2933 4428 itaet
2961 4381 3042 4442 tu,
3067 4376 3251 4444 Pater,
3266 4378 3368 4432 fac.
3387 4380 3452 4434 Et
3471 4381 3559 4435 in-

272 4469 413 4524 dicit
440 4470 490 4524 ei
509 4487 712 4526 senex:
741 4472 813 4527 Ut
829 4473 962 4544 quid
987 4489 1208 4544 semper
1231 4471 1602 4544 ploras?Quaa
1624 4471 1704 4526 ait
1739 4491 1750 4525 :
1776 4472 1877 4526 Vir
1895 4464 2266 4551 Dgemiscens
2316 4462 2561 4517 surrexit
2611 4467 2669 4516 et
2711 4463 2906 4528 oravit,
2941 4463 3129 4518 dicens
3159 4484 3169 4518 :
3209 4467 3370 4529 [)cus.
3405 4469 3558 4524 salva

272 4575 434 4613 meus
453 4559 748 4615 defunctus
777 4569 881 4628 est,
915 4561 1192 4633 accipiens
1219 4561 1674 4615 commendatum
1699 4561 1875 4616 alicu-

265 4649 385 4718 jus,
415 4653 592 4704 etnon
614 4649 754 4704 dixit
772 4650 1017 4705 moriens
1039 4650 1135 4705 ubi
1151 4650 1338 4722 posuit
1366 4651 1522 4704 illud.
1559 4651 1628 4705 Et
1655 4650 1796 4704 dixit
1823 4651 1875 4706 ei

269 4752 445 4792 senex
471 4757 482 4792 :
503 4738 665 4805 Veni,
697 4745 754 4794 et
779 4740 1010 4795 ostende
1025 4739 1185 4794 nobis
1204 4740 1522 4812 sepulcrum
1548 4739 1654 4795 viri
1683 4740 1788 4795 tui.
1812 4741 1880 4795 Et

268 4827 578 4899 assumptis
601 4845 790 4883 secum
818 4829 1085 4884 fratribus
1104 4829 1244 4884 abiit
1271 4847 1399 4884 cum
1429 4847 1515 4884 ea.
1548 4830 1619 4884 Et
1646 4847 1774 4884 cum
1792 4847 1882 4884 ve-

268 4915 491 4971 nissent
519 4917 586 4971 ad
618 4918 802 4972 locum
831 4918 926 4974 ubi
948 4920 1163 4990 positus
1181 4925 1322 4986 erat,
1345 4919 1485 4973 dixit
1511 4919 1580 4973 ad
1606 4919 1760 4973 illam
1789 4935 1880 4974 se-

272 5021 382 5060 nex
404 5024 416 5060 :
451 5006 666 5062 Recede
684 5006 813 5062 hinc
830 5007 889 5062 in
906 5009 1136 5063 domum
1157 5013 1333 5063 tuam.
1359 5009 1427 5062 Et
1450 5007 1740 5063 orantibus
1769 5008 1878 5063 illis

266 5096 489 5150 vocavit
509 5113 680 5151 senex
709 5097 869 5152 illum
891 5097 987 5169 qui
1015 5104 1272 5153 mortuus
1295 5098 1496 5165 fuerat,
1531 5098 1721 5153 dicens
1750 5097 1832 5151 illi
1863 5111 1875 5146 :

266 5182 379 5240 Ubi
400 5186 635 5257 posuisti
647 5187 896 5242 alienum
918 5187 1274 5259 depositum?
1303 5188 1410 5252 Qui
1431 5187 1774 5258 respondens
1797 5186 1879 5240 di-

265 5274 356 5329 xit
384 5275 435 5328 ei
476 5293 488 5328 :
522 5276 584 5330 In
635 5276 801 5330 domo
841 5293 968 5331 mea
1015 5276 1405 5332 absconditum
1459 5282 1547 5331 est
1594 5275 1698 5331 sub
1739 5275 1878 5347 pede

265 5364 483 5422 lectuli.
518 5365 586 5420 Et
623 5365 704 5420 ait
752 5365 830 5420 illi
852 5382 1021 5420 senex
1055 5384 1067 5421 :
1101 5367 1294 5421 Dormi
1325 5367 1530 5420 iterum
1582 5382 1760 5437 usque
1818 5365 1875 5419 in

266 5453 423 5508 diem
460 5455 903 5510 resurrectionis.
938 5455 1206 5510 Videntes
1231 5462 1419 5510 autem
1442 5455 1643 5510 fratres
1662 5454 1877 5509 cecide-

267 5547 410 5597 runt
441 5542 512 5598 ad
542 5543 710 5615 pedes
739 5546 860 5616 ejus
895 5564 908 5612 ;
943 5542 1148 5616 quibus
1185 5545 1331 5600 dixit
1359 5561 1527 5600 senex
1559 5563 1570 5598 :
1606 5545 1730 5600 Non
1755 5560 1888 5615 pro-

1957 4555 2172 4625 plasma
2201 4559 2382 4618 tuum,
2415 4559 2480 4606 ut
2525 4569 2636 4607 non
2683 4552 3004 4607 dominetur
3031 4553 3113 4607 illi
3165 4555 3443 4611 inimicus.
3491 4559 3560 4613 Et

1958 4643 2310 4713 consignans,
2353 4641 2568 4696 curavit
2597 4659 2747 4709 eum,
2781 4648 2839 4695 et
2868 4642 3113 4697 reddidit
3150 4645 3293 4714 patri
3331 4663 3555 4706 sanum.

2031 4731 2121 4788 11.
2154 4731 2416 4786 Narravit
2465 4730 2691 4802 quidam
2747 4731 2982 4785 Patrum
3012 4731 3081 4785 de
3119 4733 3308 4803 aliquo
3355 4735 3558 4791 abbate

1962 4821 2156 4887 Paulo,
2191 4821 2286 4892 qui
2315 4825 2438 4875 erat
2464 4821 2521 4874 in
2565 4819 2860 4874 inferiores
2907 4826 3095 4891 partes
3119 4821 3362 4893 Egypti,
3398 4825 3558 4880 habi-

1962 4917 2093 4965 tans
2116 4911 2278 4981 juxta
2310 4908 2672 4963 Thebaidam.
2694 4909 2795 4962 Hic
2809 4925 2942 4979 ergo
2973 4909 3180 4964 Paulus
3201 4912 3427 4968 tenebat
3446 4933 3562 4972 ma-

1962 5001 2127 5055 nibus
2157 5016 2270 5066 eos,
2303 4998 2398 5069 qui
2426 4997 2691 5052 dicuntur
2719 5003 2984 5060 cornutae,
3005 4999 3227 5069 aspides
3253 5007 3310 5056 et
3335 5021 3561 5076 serpen-

1961 5097 2045 5146 tes
2066 5095 2234 5161 atque
2255 5088 2593 5159 scorpiones,
2622 5092 2677 5141 et
2722 5085 3011 5140 scindebat
3040 5105 3134 5142 eos
3158 5107 3258 5160 per
3287 5094 3554 5153 medium.

1959 5179 2226 5234 Videntes
2253 5182 2442 5232 autem
2471 5177 2588 5230 haec
2616 5176 2834 5239 fratres,
2871 5175 3276 5235 satisfacientes
3297 5182 3365 5246 ei,
3393 5184 3564 5240 inter-

1960 5268 2237 5339 rogabant
2265 5283 2412 5328 eum,
2433 5265 2710 5319 dicentes:
2730 5264 2826 5318 Dic
2857 5264 3015 5320 nobis
3047 5268 3178 5337 quid
3201 5280 3463 5341 operatus
3478 5291 3556 5341 es,

1960 5365 2025 5413 ut
2052 5357 2332 5428 acciperes
2358 5354 2602 5425 gratiam
2638 5354 2800 5407 istam
2830 5352 2858 5405 ?
2888 5355 2991 5418 Qui
3017 5355 3096 5409 ait
3127 5358 3206 5412 eis
3240 5373 3251 5406 ε
3283 5362 3558 5431 Ignoscite

1970 5447 2127 5510 mihi,
2172 5445 2390 5506 fratres,
2423 5443 2470 5497 si
2502 5443 2624 5513 quis
2655 5442 2966 5512 possederit
3007 5445 3330 5515 puritatem,
3375 5452 3564 5506 omnia

1971 5535 2348 5607 subjiciuntur
2377 5532 2448 5599 ei,
2480 5532 2626 5586 sicut
2652 5532 2786 5586 Adaa
2815 5533 3038 5604 quando
3069 5542 3190 5591 erat
3219 5537 3275 5592 in
3306 5539 3563 5609 paradiso

267 5636 405 5706 pter
426 5648 518 5688 me
551 5633 760 5689 factum
777 5638 866 5690 est
887 5635 1012 5702 hoc,
1028 5634 1168 5689 nihil
1192 5636 1342 5690 enim
1356 5651 1513 5704 sum;
1539 5633 1638 5690 sed
1661 5638 1877 5706 proptel

1972 5631 2104 5683 ante
2126 5621 2640 5698 praevaricationem
2659 5621 2834 5678 divini
2861 5624 3131 5679 mandati.

659 5734 928 5797 Paxaea.
957 5734 1232 5798 LXXlll.

3170 5724 3250 5784 32
