3976 6186
440 310 582 378 1003

1586 311 1680 368 DE
1714 311 1904 369 VITIS
1942 311 2238 369 PATRUM
2273 313 2489 370 LIBER
2523 311 2619 368 VI.

3587 310 3732 370 1004

518 442 600 501 12.
633 437 999 512 Temporibus
1027 435 1236 493 Iuliani
1258 433 1325 505 (8)
1356 441 1644 510 apostatm,
1671 455 1796 493 cum
1819 435 2250 499 descen-Avero
2282 437 2686 510 improperium
2735 435 2867 506 ejus
2895 435 3036 492 dixit
3063 453 3074 489 :
3131 435 3312 492 Credo
3369 437 3431 493 in
3476 437 3726 507 Christo,

347 539 354 548 '
441 533 602 588 deret
629 531 688 586 in
721 528 966 594 Perside,
1001 526 1204 582 missus
1233 531 1318 582 est
1343 527 1562 582 daemon
1589 526 1661 581 ab
1693 527 1890 582 eodem
1945 529 2040 582 Ju-

2121 527 2254 598 quia
2272 528 2429 600 prius
2449 544 2618 599 quam
2633 527 2801 581 ﬁnem
2820 524 3045 593 faciam,
3070 523 3266 581 bibens
3285 526 3512 582 calicem
3527 527 3724 596 istum,

440 623 610 687 liano,
632 608 698 676 ut
723 617 968 674 velocius
1003 617 1212 671 vadens
1239 616 1301 671 in
1329 615 1705 684 Occidentem,
1731 617 1957 672 afferret
1985 617 2038 672 ei
2120 618 2426 688 egredieris
2448 617 2518 671 ab
2546 633 2632 671 eo.
2655 616 2726 670 Et
2742 631 2871 670 cum
2899 614 3161 686 coepisset
3188 632 3357 670 senex
3381 615 3592 684 bibere,
3613 618 3728 672 cla-

440 725 774 784 responsum
793 707 1022 779 aliquod
1038 705 1337 760 inde.Cum
1357 711 1548 761 autem
1577 706 1924 777 pervenisset
1941 706 2036 761 ille
2119 707 2293 761 mavit
2335 707 2572 771 daemon,
2607 705 2798 760 dicens
2830 723 2842 758 :
2877 703 3136 760 Incendis
3159 721 3269 760 me.
3303 706 3372 760 Et
3414 713 3725 778 antequam

437 801 658 856 daemon
679 799 739 854 in
767 796 1068 870 quemdam
1095 795 1299 862 locum,
1331 795 1427 850 ubi
1459 795 1686 866 quidam
1725 796 2036 851 monachus
2117 801 2536 851 consummaret
2565 795 2780 862 bibens,
2810 793 2980 849 exivit
3021 793 3092 848 ab
3121 811 3188 850 eo
3217 795 3435 850 daemon
3453 812 3557 868 per
3584 811 3722 866 gra-

433 887 744 956 habitabat,
776 886 936 942 stetit
951 885 1159 940 ibidem
1193 901 1296 956 per
1343 884 1463 940 dies
1483 885 1674 940 decem
1705 884 2029 952 immobilis,

434 995 501 1035 eo
533 978 684 1051 quod
710 993 824 1033 non
849 979 1071 1048 poterat
1089 975 1239 1029 ultra
1255 973 1536 1046 progredi,
1559 974 1694 1044 quia
1725 975 2031 1030 monachus

2115 884 2252 940 tiam
2275 885 2503 940 Christi.

2182 975 2210 1028 ‘l
2223 975 2250 1029 7
2261 1016 2273 1028 .
2297 973 2457 1029 Misit
2467 974 2695 1045 quidam
2707 974 2940 1030 Patrum
2957 973 3294 1046 discipulum
3309 990 3473 1028 suum
3483 973 3720 1030 haurire

430 1069 527 1124 ille
544 1085 658 1124 non
686 1065 942 1123 cessabat
969 1064 1201 1132 orando,
1231 1079 1413 1135 neque
1434 1069 1594 1118 nocte
1621 1080 1803 1134 neque
1823 1063 1933 1119 die.
1962 1065 2030 1119 Et
2113 1078 2317 1134 aquam
2343 1083 2354 1118 :
2380 1069 2504 1119 erat
2528 1069 2718 1119 autem
2767 1069 2973 1135 puteus
3023 1063 3216 1134 procul
3271 1063 3432 1118 valde
3481 1080 3518 1118 a
3571 1064 3718 1119 cella

427 1173 716 1230 regressus
743 1161 830 1212 est
847 1155 968 1210 sine
995 1155 1194 1210 effectu
1222 1152 1294 1207 ad
1323 1169 1454 1208 eum
1483 1153 1579 1224 qui
1599 1153 2021 1210 miseratillum.

423 1247 575 1303 Dixit
601 1252 792 1301 autem
814 1244 866 1299 ei
895 1243 1152 1299 Julianus
1175 1260 1186 1296 :
1212 1242 1399 1306 Quare
1417 1242 1690 1297 tardasti?
1712 1241 2026 1314 Respondit

423 1337 476 1391 ei
504 1337 722 1392 daemon
753 1340 808 1390 et
847 1333 992 1388 dixit
1024 1351 1035 1386 :
1072 1333 1141 1387 Et
1169 1349 1384 1386 moram
1413 1331 1534 1398 feci,
1569 1337 1626 1386 et
1657 1331 1776 1385 sine
1805 1332 2023 1386 actione

423 1441 682 1481 reversus
704 1441 829 1479 sum
854 1441 868 1490 ;
891 1421 1133 1478 sustinui
1163 1421 1314 1477 enim
1339 1421 1533 1475 decem
1586 1420 1706 1475 dies
1761 1420 2023 1476 Publium

423 1514 783 1576 monachum,
816 1513 864 1568 si
889 1512 1030 1568 forte
1057 1517 1330 1567 cessasset
1357 1508 1428 1565 ab
1457 1509 1710 1564 oratione
1735 1515 1800 1564 ut
1823 1505 2024 1566 tra'nsi-

423 1621 562 1670 rem,
587 1609 646 1659 et
667 1619 781 1660 non
808 1601 1063 1668 cessavit,
1095 1606 1154 1656 et
1175 1599 1490 1673 prohibitus
1517 1615 1644 1654 sum
1667 1599 1928 1666 transire,
1961 1606 2018 1656 et

2110 1152 2380 1224 ipsorum,
2414 1159 2472 1208 et
2497 1153 2704 1208 oblitus
2729 1163 2815 1210 est
2844 1158 3069 1225 portare
3083 1153 3276 1208 funem
3307 1169 3497 1208 secum
3524 1155 3711 1221 (Ra/ﬂ,

2108 1243 2204 1300 lib.
2271 1257 2354 1310 III,
2388 1260 2446 1298 η.
2479 1241 2590 1310 ‘28).
2627 1245 2768 1298 Dum
2793 1259 2924 1297 vero
2973 1242 3218 1298 venisset
3263 1242 3438 1297 frater
3492 1243 3589 1296 ille
3637 1243 3711 1299 ad

2106 1337 2360 1402 puteum,
2388 1337 2445 1387 et
2481 1332 2831 1401 cognovisset
2849 1332 2984 1404 quia
3017 1348 3132 1386 non
3153 1337 3470 1402 portaverat
3489 1331 3705 1398 funem,

2105 1419 2236 1475 fecit
2258 1421 2570 1476 orationem
2601 1428 2660 1476 et
2691 1422 2958 1488 clamans,
2988 1421 3126 1476 dixit
3158 1439 3170 1473 :
3205 1421 3251 1476 Ο
3281 1426 3469 1492 putee,
3511 1427 3702 1492 putee,

2105 1509 2276 1564 abbas
2297 1527 2454 1565 meus
2479 1511 2618 1565 dixit
2647 1518 2710 1566 ut
2729 1511 3022 1582 implerem
3043 1511 3309 1581 lagenam
3338 1511 3503 1565 istam
3529 1527 3704 1582 aqua.

2104 1599 2173 1653 Et
2191 1600 2458 1655 continuo
2477 1601 2730 1655 ascendit
2755 1617 2904 1672 aqua
2927 1616 3105 1671 usque
3128 1599 3201 1654 ad
3222 1617 3504 1654 summum
3519 1601 3704 1672 putei,

418 1693 711 1748 rediinihil
729 1707 922 1762 agens.
945 1691 1102 1745 Tunc
1117 1688 1746 1762 impiissimusJulianus
1765 1689 2019 1760 indigna-
2039 1759 2072 1762 _
2100 1695 2158 1743 et
2184 1689 2437 1761 implevit
2461 1691 2635 1744 frater
2661 1689 2756 1744 ille
2771 1690 3031 1760 lagenam
3048 1705 3222 1756 suam,
3241 1694 3301 1745 et
3321 1689 3588 1745 restituta
3617 1696 3707 1746 est

417 1787 512 1837 tus
540 1781 680 1842 dixit
707 1799 719 1834 :
745 1781 888 1836 Cum
916 1795 1205 1850 regressus
1233 1778 1408 1845 fuero,
1437 1778 1636 1832 faciam
1669 1778 1726 1832 in
1747 1795 1876 1833 eum
1896 1779 2017 1832 vin-
2039 1759 2084 1820 Β
2103 1777 2306 1834 iterum
2335 1781 2395 1834 in
2418 1779 2602 1834 locum
2621 1796 2807 1834 suum.

416 1870 643 1926 dictam.
675 1871 745 1925 Et
776 1869 929 1925 intra
957 1884 1164 1940 paucos
1183 1867 1304 1922 dies
1331 1867 1704 1938 interemptus
1733 1872 1819 1922 est
1837 1884 2020 1938 apro-
2553 1869 2897 1925 LIBELLUS
2923 1869 3247 1924 TERTIUS.

411 1960 662 2016 videntis
679 1959 799 2016 Dei.
824 1959 894 2014 Et
915 1958 1183 2014 continuo
1209 1973 1357 2012 unus
1376 1973 1441 2011 ex
1461 1955 1738 2028 praefectis
1763 1955 1859 2026 qui
1888 1971 2014 2011 cum
2168 1959 2243 2013 Dc
2265 1963 2668 2013 conversatione
2687 1961 2896 2028 optima
2918 1961 3261 2013 diversorum
3283 1962 3630 2014 sanctorum.

413 2067 481 2106 eo
509 2055 689 2117 erant,
719 2049 928 2104 vadens
955 2047 1206 2102 vendidit
1253 2046 1443 2101 omnia
1494 2062 1617 2117 qua:
1660 2045 1928 2114 habebat,
1960 2051 2018 2100 et
2167 2048 2221 2102 1.
2256 2047 2471 2103 Retulit
2506 2047 2679 2103 abbas
2709 2047 2900 2116 Dulas,
2928 2047 3120 2102 dicens
3152 2065 3164 2100 :
3193 2046 3564 2102 Ambulantes
3603 2047 3706 2102 ali-

411 2139 568 2194 dedit
587 2137 946 2211 pauperibus,
977 2143 1034 2192 et
1049 2136 1276 2191 veniens
1303 2136 1375 2190 ad
1398 2151 1590 2190 senem
1607 2135 1789 2200 illum,
1819 2139 2002 2200 σει
2097 2136 2320 2206 quando
2345 2137 2404 2190 in
2433 2153 2623 2192 eremo
2653 2153 2756 2208 ego
2777 2142 2834 2192 et
2854 2135 3027 2190 abbas
3051 2153 3210 2191 meus
3221 2135 3488 2191 Besarion
3506 2137 3697 2206 (Ra/ﬁ,

367 2283 377 2289 _
407 2229 588 2284 factus
621 2233 709 2283 est
734 2227 1042 2283 monachus
1083 2241 1341 2296 magnus,
1389 2229 1448 2279 et
1475 2224 1553 2280 sic
1582 2224 1795 2296 quievit
1808 2225 1868 2279 in
1899 2224 2012 2279 Do-
2097 2227 2194 2280 lib.
2226 2240 2309 2291 III,
2336 2243 2394 2280 η.
2425 2225 2526 2282 194
2555 2245 2569 2294 ;
2594 2227 2804 2293 Pasch.,
2830 2243 2876 2280 c.
2909 2225 2995 2292 34,
3031 2243 3188 2280 num.
3223 2224 3295 2296 3),
3326 2225 3587 2280 venimus
3612 2242 3700 2280 se-

407 2317 582 2373 mino.
2093 2329 2191 2369 cus
2227 2315 2529 2386 quamdam
2558 2315 2880 2387 speluncam
2907 2315 2999 2370 :in
3026 2330 3195 2387 quam
3213 2315 3695 2386 ingressi,inveni-

474 2407 566 2462 '13.
584 2406 756 2462 Venit
775 2406 1078 2478 aliquando
1094 2406 1325 2477 quidam
1348 2403 1632 2459 saecularis
1651 2403 1724 2457 ad
1745 2401 2009 2458 abbatem
2091 2421 2216 2460 mus
2238 2405 2314 2459 ibi
2344 2405 2644 2476 quemdam
2675 2405 2908 2459 fratrem
2934 2404 3226 2460 sedentem
3273 2410 3331 2459 et
3357 2411 3695 2476 operantem

406 2496 552 2552 Sisoi
573 2496 632 2551 in
645 2501 894 2550 montem
914 2494 1131 2549 abbatis
1151 2493 1398 2560 Antonii,
1416 2491 1630 2546 habens
1641 2492 1817 2546 filium
1838 2508 2006 2546 suum
2089 2495 2330 2567 plectam
2357 2495 2427 2549 de
2447 2495 2681 2566 palmis;
2715 2495 2813 2566 qui
2837 2495 3017 2550 noluit
3041 2494 3320 2566 respicere
3346 2495 3418 2549 ad
3444 2511 3570 2561 nos,
3593 2511 3696 2550 ne-

403 2601 592 2640 secum
623 2587 805 2654 (Ruf/1,
834 2586 929 2638 lib.
965 2597 1046 2649 III,
1069 2600 1128 2638 η.
1164 2581 1326 2652 1'20);
1357 2586 1414 2636 et
1435 2582 1493 2636 in
1515 2581 1717 2636 itinere
1746 2586 2002 2636 mortuus
2085 2601 2194 2655 que
2231 2585 2497 2650 salutare,
2533 2601 2636 2638 nec
2664 2584 2892 2638 omnino
2935 2580 3089 2655 loqui
3138 2583 3311 2638 voluit
3366 2582 3688 2639 nobiscum.

401 2680 487 2728 est
506 2673 654 2728 filius
683 2674 825 2744 ejus,
857 2677 1045 2727 etnon
1075 2677 1160 2726 est
1188 2669 1576 2735 conturbatus,
1607 2670 1706 2724 sed
1735 2685 1864 2724 cum
1890 2670 2000 2725 fide
2082 2672 2234 2726 Dixit
2255 2678 2446 2737 autem
2475 2672 2613 2726 mihi
2637 2688 2805 2727 senex
2829 2690 2840 2725 :
2878 2673 3086 2726 Eamus
3123 2671 3272 2739 hinc,
3304 2671 3541 2726 forsitan
3570 2688 3688 2726 non

397 2761 527 2817 tulit
555 2779 685 2817 eum
711 2761 783 2816 ad
807 2761 964 2814 illum
994 2776 1204 2824 senem,
1239 2765 1297 2814 et
1317 2759 1558 2831 procidit
1591 2775 1720 2813 cum
1751 2759 1865 2813 filio
1894 2776 1996 2814 suo
2079 2767 2168 2816 est
2194 2761 2418 2816 animus
2454 2762 2644 2816 fratris
2691 2762 2853 2816 istius
2896 2761 3052 2832 loqui
3097 2760 3411 2816 nobiscum.
3455 2762 3689 2832 Egressi

396 2857 668 2923 tanquam
690 2849 1084 2922 pmnitentiam
1111 2849 1336 2914 faciens,
1375 2853 1442 2902 ut
1471 2847 1898 2902 benediceretur
1924 2847 1995 2902 ab
2079 2866 2301 2922 quoque
2346 2850 2497 2916 inde,
2538 2850 2686 2904 illico
2715 2849 3122 2905 ambulavimus
3179 2849 3364 2904 videre
3414 2848 3689 2904 abbatem

393 2940 592 2996 eodem
621 2956 774 2996 sene.
810 2941 879 2994 Et
900 2955 1136 3010 surgens
1162 2943 1324 3010 pater
1358 2938 1518 3010 pueri
1550 2937 1778 3009 reliquit
1814 2938 1994 2992 filium
2075 2940 2368 2994 Joannem.
2407 2939 2726 2994 Redeuntes
2754 2956 2884 2994 vero
2912 2939 3168 2994 venimus
3196 2939 3402 2994 iterum
3432 2955 3538 3010 per
3557 2955 3692 3011 spe-

306 3045 310 3055 ·
389 3045 558 3085 suum
586 3034 718 3084 ante
755 3029 926 3102 pedes
955 3027 1131 3100 ipsius
1151 3028 1320 3093 senis,
1354 3033 1412 3082 et
1441 3043 1701 3098 egressus
1731 3032 1818 3081 est
1844 3031 1993 3082 foras
2075 3028 2299 3082 luncam
2324 3028 2501 3095 illam,
2535 3028 2633 3083 ubi
2653 3029 2884 3086 fratrem
2903 3028 3064 3083 illum
3089 3029 3426 3084 videramus.
3452 3028 3524 3083 Et
3538 3027 3690 3082 dixit

389 3119 606 3175 cellam.
629 3121 804 3175 Porro
828 3134 998 3172 senex
1011 3123 1234 3189 putans,
1251 3116 1382 3188 quia
1397 3116 1782 3188 paenitentiam
1800 3122 1995 3187 ageret
2011 3120 2055 3182 ο
2073 3116 2212 3170 mihi
2239 3133 2409 3172 senex
2441 3137 2452 3172 :
2482 3113 2874 3188 Ingrediamur
2895 3118 2965 3171 ad
2984 3117 3217 3172 fratrem
3248 3117 3439 3180 istum,
3463 3116 3513 3170 si
3533 3116 3690 3172 forte

389 3215 521 3264 ante
549 3209 721 3281 pedes
749 3208 926 3280 ipsius
939 3223 1078 3279 puer
1098 3207 1212 3273 ille,
1235 3206 1437 3260 dixitei
1465 3225 1476 3258 :
1513 3208 1710 3276 Surge,
1739 3207 1877 3260 vade
1905 3206 1990 3261 fo-
2071 3205 2400 3260 revelaverit
2425 3207 2477 3261 ei
2499 3207 2647 3262 Deus
2674 3207 2828 3278 loqui
2846 3205 3154 3262 nobiscum.
3179 3207 3462 3261 latrantes
3480 3210 3687 3262 autem

393 3315 503 3353 ras.
531 3298 657 3353 Non
678 3297 830 3352 enim
858 3295 1069 3351 sciebat
1099 3297 1232 3368 quia
1256 3301 1512 3350 mortuus
1531 3301 1669 3350 erat.
1697 3295 1766 3349 Et
1794 3295 1986 3351 statim
2069 3293 2385 3350 invenimus
2424 3312 2576 3359 eum,
2617 3297 2751 3367 quia
2791 3297 3101 3351 dormierat
3145 3296 3205 3350 in
3244 3311 3397 3367 pace.
3439 3296 3514 3349 At
3542 3311 3683 3350 vero

389 3403 627 3458 surgens
663 3403 924 3458 egressus
941 3391 1044 3440 est.
1066 3386 1136 3440 Et
1161 3385 1357 3439 videns
1376 3401 1506 3440 eum
1537 3390 1698 3456 pater
1724 3385 1866 3455 ejus,
1895 3402 1987 3439 ex-
2067 3400 2236 3438 senex
2281 3385 2362 3440 ait
2413 3385 2552 3439 mihi
2585 3404 2597 3440 :
2626 3385 2790 3448 Veni,
2842 3385 3033 3450 frater,
3095 3384 3424 3456 colligamus
3464 3401 3680 3456 corpus

384 3475 554 3547 pavit,
591 3481 650 3530 et
683 3475 918 3540 intrans,
971 3473 1225 3528 adoravit
1253 3489 1464 3540 senem,
1505 3479 1564 3528 et
1591 3473 1730 3527 dixit
1759 3473 1810 3527 ei
1849 3490 1981 3528 cau-
2065 3477 2217 3543 ejus;
2249 3473 2310 3528 in
2341 3474 2448 3530 hoc
2471 3475 2658 3546 ipsum
2686 3474 2837 3530 enim
2867 3475 3024 3530 misit
3053 3491 3156 3530 nos
3186 3475 3334 3530 Deus
3367 3474 3438 3529 ad
3473 3491 3681 3530 recon-

385 3581 526 3620 sam.
559 3565 809 3620 Audiens
839 3569 1031 3619 autem
1075 3563 1181 3618 hoc
1228 3579 1414 3628 senex,
1459 3563 1826 3618 contristatus
1871 3569 1976 3629 est,
2063 3561 2308 3616 dcndum
2329 3579 2477 3617 eum.
2502 3564 2644 3618 Cum
2665 3568 2856 3618 autem
2880 3563 3269 3634 colligeremus
3284 3562 3679 3629 eum,inveni-

383 3669 495 3709 non
515 3653 664 3709 enim
695 3652 914 3708 volebat
942 3654 1048 3708 hoc
1067 3651 1206 3707 ﬁeri.
1234 3651 1494 3723 Prmcipit
1517 3652 1709 3722 itaque
1739 3653 1790 3705 ei
1820 3652 1982 3707 disci-
2063 3667 2188 3705 mus
2210 3651 2343 3722 quia
2363 3657 2568 3707 natura
2588 3653 2791 3708 mulier
2813 3658 2956 3709 erat.
2986 3653 3055 3707 Et
3091 3651 3400 3707 admiratus
3443 3657 3530 3706 est
3577 3669 3679 3706 se-

380 3744 547 3814 pulus
573 3743 726 3798 senis
761 3749 826 3797 ut
855 3742 1065 3798 nemini
1089 3741 1379 3796 nuntiaret
1413 3741 1530 3795 hazc
1549 3757 1727 3812 usque
1757 3741 1825 3794 ad
1857 3741 1976 3796 obi-
2059 3755 2184 3806 nex,
2218 3741 2409 3796 dicens
2440 3759 2450 3794 :
2481 3742 2619 3796 Ecce
2634 3742 2913 3813 quomodo
2941 3747 3000 3797 et
3020 3741 3678 3796 mulierescolluctantur

381 3838 502 3886 tum
533 3831 709 3902 ipsius
737 3831 904 3886 senis.
2057 3829 2324 3886 adversus
2351 3831 2634 3886 diabolum
2676 3833 2731 3887 in
2782 3849 2990 3899 eremo,
3021 3837 3078 3888 et
3115 3848 3217 3887 nos
3255 3833 3316 3886 in
3343 3829 3673 3886 civitatibus

448 3921 476 3974 1
494 3919 538 3975 i.
561 3921 833 3975 Tentatus
857 3926 944 3976 est
976 3919 1278 3991 aliquando
1332 3917 1618 3972 Abraham
1672 3917 1978 3990 discipulus
2061 3917 2516 3975 dehonestamur.
2537 3922 2927 3976 Glorificantes
2949 3938 3082 3992 ergo
3100 3921 3280 3976 Deum
3301 3921 3397 3992 qui
3413 3919 3673 3992 protegit

379 4009 633 4080 ejusdem
673 4007 890 4064 abbatis
939 4009 1083 4065 Sisoi
1111 4026 1145 4062 a
1170 4008 1445 4064 daemonio
1481 4027 1494 4072 ;
1527 4013 1584 4062 et
1623 4007 1814 4063 videns
1843 4026 1973 4064 eum
2059 4008 2354 4081 diligentes
2384 4029 2463 4080 se,
2497 4013 2829 4068 recessimus
2851 4013 3000 4068 inde.

375 4097 524 4154 idem
553 4114 740 4164 senex,
773 4098 907 4170 quia
935 4097 1152 4164 cecidit,
1185 4097 1428 4152 surrexit
1456 4103 1510 4152 et
1539 4097 1806 4168 expandit
1857 4113 1974 4152 ma-
2127 4099 2179 4157 2.
2224 4100 2458 4156 Dicebat
2476 4102 2647 4157 abbas
2675 4103 3022 4170 Vindemius,
3056 4103 3190 4175 quia
3207 4103 3457 4158 narravit
3482 4101 3670 4158 abbas

375 4203 482 4244 nus
499 4204 632 4244 suas
654 4187 726 4242 ad
742 4188 941 4254 Deum,
963 4187 1155 4242 dicens
1180 4205 1191 4240 :
1217 4187 1386 4253 Deus,
1401 4187 1483 4241 vis
1509 4203 1620 4241 non
1639 4187 1736 4252 vis,
1755 4203 1868 4242 non
1889 4187 1970 4242 di-
2052 4190 2344 4255 Macarius,
2375 4191 2567 4247 dicens
2599 4212 2610 4247 :
2639 4193 2880 4248 Sedente
2905 4209 2996 4247 me
3016 4193 3320 4264 aliquando
3347 4193 3406 4246 in
3437 4193 3663 4264 Scythi,

371 4277 536 4333 mitto
563 4277 673 4333 nisi
701 4277 981 4333 curaveris
1010 4294 1160 4332 eum.
1195 4278 1264 4332 Et
1290 4281 1518 4331 curatus
1543 4282 1630 4332 est
1657 4277 1832 4331 frater
1849 4277 1962 4331 ille.
2051 4279 2460 4336 descenderunt
2487 4281 2599 4337 duo
2626 4283 3004 4338 adolescentes
3033 4282 3316 4354 peregrini
3337 4283 3522 4349 (lium,
3555 4285 3664 4340 lib.

445 4366 528 4425 15..
558 4367 736 4423 Senex
767 4367 995 4438 quidam
1021 4372 1143 4422 erat
1169 4366 1455 4421 solitarius
1477 4367 1638 4437 juxta
1664 4366 1965 4421 Iordanem
2049 4382 2134 4435 III,
2161 4387 2222 4424 η.
2251 4368 2392 4440 195).
2410 4371 2566 4426 Unus
2595 4371 2820 4444 quidem
2837 4372 3087 4443 ipsorum
3105 4371 3409 4443 incipiebat
3427 4369 3665 4426 mittere

370 4457 622 4523 fluvium,
652 4461 708 4512 et
731 4457 1022 4526 ingressus
1051 4461 1282 4528 propter
1307 4472 1508 4510 cauma
1535 4455 1594 4510 in
1618 4456 1961 4528 speluncam,
1985 4444 2034 4504 D
2051 4457 2304 4528 barbam,
2339 4460 2483 4515 alius
2504 4477 2634 4516 vero
2662 4477 2776 4516 non
2807 4461 3006 4515 adhuc.
3040 4461 3330 4516 Venerunt
3365 4465 3557 4514 autem
3578 4460 3662 4516 ad

365 4545 581 4602 invenit
608 4545 684 4600 ibi
713 4547 952 4608 leonem,
985 4551 1044 4599 et
1069 4545 1238 4615 coepit
1290 4545 1377 4599 leo
1425 4543 1665 4599 fremere
1706 4545 1968 4601 dentibus
2047 4564 2158 4614 me,
2190 4549 2440 4604 dicentes
2470 4569 2485 4604 :
2515 4549 2622 4604 Ubi
2659 4555 2746 4605 est
2774 4551 2915 4605 cella
2951 4549 3167 4604 abbatis
3223 4549 3451 4604 Macarii
3478 4549 3503 4601 ?
3531 4549 3660 4620 Ego

364 4635 481 4690 suis
508 4652 572 4690 ac
591 4635 801 4705 rugire.
831 4633 983 4689 Dixit
1001 4640 1190 4688 autem
1221 4633 1273 4687 ei
1303 4649 1489 4689 senex:
1518 4634 1664 4698 Quid
1683 4635 1967 4706 angustia-
2046 4643 2238 4692 autem
2265 4638 2378 4692 dixi
2399 4639 2478 4694 eis
2510 4661 2522 4696 :
2555 4639 2700 4704 Quid
2730 4626 2858 4694 eum
2905 4639 3074 4695 vultis
3111 4639 3136 4692 Ἰ
3165 4637 3598 4710 Responderunt
3634 4659 3650 4694 :

363 4725 487 4779 ris?
513 4730 600 4780 est
627 4725 782 4780 locus
825 4722 922 4795 qui
950 4722 1137 4795 capiat
1165 4729 1222 4777 et
1248 4739 1336 4776 me
1374 4728 1432 4776 et
1466 4727 1542 4777 te.
1568 4723 1627 4778 Si
1679 4740 1810 4778 vero
1851 4741 1962 4782 non
2045 4727 2351 4784 Audientes
2379 4729 2449 4783 de
2478 4745 2563 4795 eo,
2615 4729 2675 4784 in
2727 4729 2919 4800 Scythi
2958 4728 3211 4783 venimus
3251 4727 3438 4781 videre
3488 4743 3652 4784 eum-

363 4813 464 4880 vis,
485 4830 722 4886 surgens
747 4813 1015 4885 egredere
1040 4812 1186 4868 hinc.
1210 4813 1321 4867 Leo
1365 4817 1555 4867 autem
1593 4827 1708 4869 non
1754 4813 1958 4882 ferens,
2044 4815 2180 4871 Dico
2200 4816 2282 4871 eis
2307 4836 2318 4871 :
2349 4817 2465 4888 Ego
2489 4833 2636 4873 sum.
2663 4817 2771 4882 Qui
2794 4817 3182 4890 penitentiam
3211 4821 3462 4887 agentes,
3485 4816 3656 4870 dixe-

359 4918 618 4972 egressus
654 4908 742 4959 est
776 4903 908 4958 inde
938 4902 1103 4957 foras.
2043 4911 2179 4960 runt
2211 4925 2222 4959 :
2253 4905 2357 4960 Hic
2385 4906 2640 4961 volumus
2677 4922 2925 4961 manere.
2959 4906 3074 4976 Ego
3103 4910 3295 4960 autem
3324 4920 3453 4958 cum
3476 4903 3655 4959 vidis-

436 4989 520 5047 16.
549 4991 816 5047 Ascendit
843 4991 1074 5063 quidam
1103 5007 1270 5046 senex
1299 4991 1602 5062 aliquando
1626 4992 1685 5047 in
1713 4993 1960 5050 Terenu-
2041 5010 2157 5049 sem
2191 5011 2286 5050 eos
2319 4995 2604 5060 delicatos,
2629 5001 2688 5050 et
2713 4995 2870 5066 quasi
2906 5011 2941 5050 a
2967 4994 3200 5062 divitiis,
3227 4993 3342 5048 dixi
3361 4993 3478 5048 eis:
3517 4994 3658 5051 Non

357 5079 501 5135 thim
531 5080 601 5135 de
631 5081 842 5153 Scythi,
865 5087 922 5136 et
935 5081 1013 5136 ibi
1033 5081 1280 5146 divertif;
1310 5080 1560 5136 videntes
1590 5080 1838 5137 laborem
1857 5082 1953 5138 ab-
2039 5084 2275 5156 potestis
2295 5084 2386 5138 hic
2403 5084 2617 5139 sedere.
2645 5085 2795 5140 Dixit
2823 5085 2916 5140 ille
2950 5085 3132 5154 major
3160 5101 3175 5140 :
3210 5084 3279 5138 Et
3297 5083 3346 5136 si
3375 5098 3490 5136 non
3519 5099 3658 5154 pos.

353 5169 633 5226 stinentiae
661 5171 800 5242 ejus,
825 5170 1150 5226 obtulerunt
1169 5171 1222 5225 ei
1247 5170 1527 5225 modicum
1547 5171 1679 5225 vini.
1711 5172 1822 5226 Alii
1853 5189 1957 5228 au-
2038 5190 2234 5228 sumus
2261 5173 2350 5228 hic
2372 5173 2586 5240 sedere,
2621 5191 2920 5246 pergamus
2961 5173 3114 5228 alibi.
3147 5172 3272 5227 Dixi
3292 5187 3428 5242 ergo
3488 5173 3652 5244 apud

351 5264 468 5315 tem
495 5259 788 5314 audientes
806 5259 875 5314 de
901 5259 1021 5330 ipso
1035 5260 1388 5314 adduxerunt
1415 5258 1488 5314 ad
1509 5277 1638 5314 eum
1668 5261 1956 5316 hominem
2038 5261 2291 5315 animum
2311 5279 2498 5316 meum
2523 5280 2534 5315 :
2560 5263 2636 5317 Ut
2655 5262 2787 5333 quid
2817 5279 2913 5316 eos
2937 5277 3260 5332 persequor,
3283 5265 3340 5314 et
3364 5259 3651 5315 scandali-

349 5348 671 5422 quemdam,
697 5348 1036 5402 daemonium
1071 5349 1589 5421 habentem.Cmpit
1610 5357 1800 5405 autem
1839 5351 1954 5406 dae-
2037 5355 2235 5404 zantur
2260 5350 2288 5404 ?
2320 5349 2502 5406 Labor
2536 5350 2654 5422 ipse
2697 5350 2862 5404 faciet
2909 5366 3004 5404 eos
3035 5355 3100 5404 ut
3127 5366 3162 5403 a
3185 5354 3366 5403 semet
3392 5348 3642 5419 fugiant.

349 5455 482 5496 mon
506 5439 602 5494 ille
630 5436 966 5492 maledicere
986 5454 1176 5492 senem
1209 5439 1387 5505 illum,
1413 5439 1602 5494 dicens
1631 5440 1750 5494 :Ad
1779 5440 1950 5496 istum
2031 5439 2188 5494 Tunc
2207 5440 2319 5494 dixi
2351 5441 2432 5496 eis
2459 5459 2472 5494 :
2507 5441 2726 5508 Venite,
2750 5440 2914 5496 facite
2951 5440 3108 5496 vobis
3135 5441 3422 5508 cellulam,
3454 5441 3504 5494 si
3535 5458 3644 5512 po-

345 5534 664 5604 potatorem
684 5525 797 5584 vini
838 5543 928 5581 me
977 5525 1335 5582 adduxistis?
1373 5528 1442 5583 Et
1497 5545 1664 5584 senex
1719 5530 1949 5601 quidem
2030 5529 2208 5586 testis.
2235 5530 2439 5587 Dicunt
2469 5536 2527 5586 et
2551 5530 2632 5586 illi
2662 5549 2674 5584 :
2709 5530 2955 5586 Ostende
3004 5529 3165 5586 nobis
3211 5531 3634 5600 tantummodo,

345 5624 576 5700 propter
602 5617 983 5677 humilitatem
1007 5615 1234 5674 nolebat
1261 5633 1392 5678 eum
1432 5617 1634 5692 ejicere
1669 5637 1684 5690 ;
1715 5625 1946 5694 propter
2027 5623 2084 5676 et
2111 5618 2398 5678 faciemus.
2439 5619 2580 5678 Dedi
2609 5623 2801 5678 autem
2851 5619 2933 5676 eis
2978 5617 3221 5677 securim
3273 5625 3337 5676 et
3374 5623 3638 5696 spartam
