3976 6186
347 361 484 419 1005
1622 363 1862 444 VERBA
1902 362 1955 419 SI

2042 357 2292 416 IORUM.
3480 366 3618 426 1006

343 489 567 560 plenam
583 488 845 560 panibus,
865 493 921 542 et
938 488 1143 554 salem;
1174 487 1393 542 ostendi
1416 487 1588 542 etiam
1610 489 1724 543 illis
1744 489 1942 543 duram
1961 489 2010 547 A
2029 484 2299 540 Similiter
2312 488 2503 538 autem
2525 487 2581 538 et
2600 483 2694 538 ille
2711 485 2894 555 major
2912 503 3041 541 cum
3067 489 3354 559 aperiebat
3370 509 3432 547 os
3451 509 3615 548 suum

342 584 583 650 petram,
615 577 808 633 dicens
844 598 854 632 :
903 577 1159 632 Excidite
1192 577 1300 643 hic,
1353 583 1411 631 et
1458 578 1722 633 adducite
1750 584 1941 645 (δεῖσε
2024 575 2285 646 psallens,
2319 579 2591 644 tanquam
2622 575 2809 629 fumus
2839 575 2988 645 ignis
3018 579 3413 648 egrediebatur
3430 583 3499 636 de
3521 601 3617 638 ore

345 667 497 721 vobis
527 668 679 738 ligna
708 669 777 722 de
808 667 1039 738 palude;
1075 671 1132 720 et
1159 684 1285 720 cum
1312 667 1690 737 imposueritis
1706 673 1936 731 tectum,
2023 666 2146 735 ejus
2171 669 2228 717 et
2254 663 2608 734 pertingebat
2634 663 2692 717 in
2713 665 2933 718 ccelum.
2965 667 3030 720 Et
3061 684 3164 736 ego
3194 669 3305 723 dixi
3337 671 3616 726 modicum

343 756 533 810 sedete
585 758 644 811 in
685 757 880 811 eodem
914 757 1054 810 loco.
1103 757 1216 827 Ego
1265 762 1453 810 autem
1497 757 1760 827 putabam
1794 757 1941 828 quod
2024 771 2088 807 ex
2142 753 2348 817 animo,
2396 752 2539 806 sicut
2581 759 2638 807 et
2685 753 2784 820 illi,
2837 771 2976 825 opus
3023 757 3144 810 Dei.
3196 759 3400 814 Exiens
3428 769 3618 816 autem

344 845 610 916 fugerent
655 849 886 917 propter
925 844 1195 900 laborem.
1240 849 1316 898 At
1343 845 1423 898 illi
1458 845 1945 915 interrogaverunt
2025 840 2137 896 dixi
2171 861 2181 895 :
2219 842 2388 896 Orate
2420 859 2519 912 pro
2547 859 2655 896 me.
2691 843 2801 913 Ipsi
2833 849 3020 898 autem
3053 846 3445 902 satisfecerunt
3477 849 3615 903 mihi

345 951 434 988 me
468 955 480 988 :
514 934 660 999 Quid
712 933 1075 1005 operabimur
1118 934 1244 987 hic?
1281 934 1408 988 Dico
1440 934 1519 988 eis
1554 959 1565 994 :
1600 935 1845 989 Plectam
1876 934 1945 988 de
2027 937 2294 985 tacentes.
2333 932 2402 986 Et
2429 932 2658 1001 cognovi
2692 933 2825 1002 quia
2872 933 2966 986 ille
2995 937 3177 1004 major
3204 938 3481 1006 perfectus
3511 946 3614 1005 est,

345 1023 581 1096 palmis;
636 1029 693 1078 et
744 1041 977 1078 sumens
1035 1023 1168 1077 folia
1215 1024 1532 1094 palmarum
1591 1024 1660 1077 de
1721 1023 1941 1094 palude,

345 1113 567 1167 ostendi
627 1113 708 1166 eis
765 1113 990 1166 initium
1031 1113 1244 1183 plectae,
1277 1117 1335 1166 et
1367 1113 1646 1183 quomodo
1675 1128 1948 1168 consuere

327 1201 637 1270 deberent.
663 1201 878 1266 Quibus
899 1203 1070 1256 etiam
1095 1201 1209 1255 dixi
1235 1220 1245 1254 :
1273 1201 1458 1255 Facite
1480 1208 1719 1272 sportas,
1745 1209 1802 1255 et
1819 1202 1948 1255 date

345 1290 671 1346 custodibus
713 1291 976 1355 ecclesia},
1025 1297 1083 1344 et
1133 1290 1239 1360 ipsi
1287 1291 1524 1344 afferent
1569 1290 1723 1344 vobis
1754 1307 1946 1361 panes.

346 1379 480 1435 Post
519 1380 635 1434 haec
664 1396 797 1450 ergo
819 1379 1022 1434 recessi
1051 1379 1120 1433 ab
1146 1379 1226 1432 eis
1268 1397 1279 1431 :
1316 1379 1423 1450 ipsi
1452 1385 1641 1434 autem
1671 1381 1954 1450 patienter

347 1470 540 1524 omnia
561 1486 906 1540 quaecunque
922 1469 1035 1522 dixi
1068 1469 1148 1522 eis
1174 1469 1443 1532 fecerunt,
1463 1475 1520 1522 et
1540 1485 1649 1522 non
1670 1474 1946 1523 venerunt

346 1559 416 1612 ad
463 1575 554 1613 me
607 1576 709 1629 per
748 1564 863 1613 tres
891 1575 1086 1612 annos.
1123 1558 1377 1613 Sustinui
1421 1565 1610 1612 autem
1643 1567 1698 1612 et
1729 1576 1834 1628 ego
1865 1559 1949 1614 lu-

353 1648 559 1702 ctando
588 1665 715 1702 cum
743 1648 931 1702 animo
962 1647 1312 1714 meo,dicens
1348 1666 1359 1701 :
1395 1649 1584 1713 Putas,
1610 1665 1733 1718 quae
1750 1654 1836 1703 est
1854 1649 1951 1702 ho-

2032 1021 2188 1074 illum
2212 1026 2399 1074 autem
2432 1021 2705 1075 minorem
2740 1023 3110 1092 impugnabat
3129 1025 3311 1079 adhuc
3340 1027 3618 1083 inimicus.

2031 1110 2165 1163 Post
2195 1126 2400 1180 paucos
2437 1115 2624 1164 autem
2657 1110 2775 1164 dies
2805 1111 3074 1165 dormivit
3099 1113 3192 1166 ille
3219 1117 3399 1183 major
3425 1116 3619 1184 frater,

2031 1203 2088 1252 et
2115 1199 2282 1252 tertio
2317 1199 2406 1252 die
2432 1199 2524 1252 ille
2557 1200 2759 1253 minor.
2794 1200 2862 1254 Et
2889 1217 3015 1254 cum
3045 1202 3218 1272 aliqui
3264 1205 3494 1258 Patrum
3522 1207 3623 1260 ad-

2033 1287 2286 1341 venirent
2309 1287 2496 1342 abbati
2533 1289 2790 1353 Macario,
2806 1289 3045 1344 ducebat
3061 1307 3154 1344 eos
3186 1291 3242 1346 in
3267 1293 3463 1347 cellam
3485 1295 3629 1365 ipso-

2033 1394 2178 1442 rum,
2213 1377 2400 1430 dicens
2437 1397 2446 1430 :
2482 1377 2681 1430 Venite
2711 1378 2897 1432 videre
2929 1381 3264 1450 martyrium
3298 1381 3500 1437 horum
3530 1384 3631 1438 mi-

2034 1481 2236 1520 norum
2267 1467 2695 1537 peregrinorum
2707 1508 2719 1521 .

2101 1553 2156 1611 2.
2185 1556 2306 1609 Duo
2337 1556 2562 1626 quidam
2595 1557 2825 1611 Patrum
2856 1558 3131 1628 rogabant
3151 1561 3328 1615 Deum
3361 1571 3421 1616 ut
3440 1569 3631 1618 osten-

2032 1643 2190 1698 deret
2211 1644 2291 1698 eis
2307 1644 2363 1698 in
2383 1662 2549 1716 quam
2569 1647 2925 1715 pervenerint
2942 1651 3362 1705 mensuram.Et
3381 1653 3530 1707 venit
3552 1653 3631 1708 eis

353 1753 477 1791 rum
499 1737 772 1807 operatio,
799 1736 931 1808 quia
954 1753 1066 1791 non
1088 1743 1365 1791 venerunt
1392 1737 1741 1807 interrogare
1771 1754 1859 1791 me
1879 1737 1948 1791 de
1965 1808 2000 1812 _
2031 1748 2153 1796 VOX,
2172 1733 2360 1787 dicens
2386 1753 2396 1786 ε
2428 1734 2571 1798 Qnia
2600 1735 2656 1788 in
2685 1736 2815 1789 Villa
2844 1737 2938 1790 illa
2960 1755 3082 1808 quae
3107 1745 3193 1792 est
3213 1740 3270 1794 in
3290 1741 3529 1812 1Egypto
3547 1748 3633 1796 est

349 1825 783 1896 cogitationibus
829 1827 982 1880 suis?
1021 1826 1128 1890 Qui
1159 1826 1310 1880 enim
1341 1826 1411 1880 de
1453 1827 1760 1898 longinquo
1796 1833 1945 1892 sunt,
1965 1808 2011 1866 Β
2035 1823 2316 1876 saecularis
2329 1824 2578 1893 quidam,
2597 1825 2979 1880 Eucharistius
2998 1827 3241 1893 nomine,
3268 1835 3324 1883 et
3347 1847 3491 1884 uxor
3512 1832 3631 1901 ejus

349 1915 584 1970 veniunt
610 1915 681 1969 ad
714 1932 834 1982 me;
868 1916 962 1970 isti
991 1922 1178 1970 autem
1196 1915 1265 1969 de
1285 1915 1537 1986 proximo
1563 1916 1700 1970 mihi
1734 1933 1845 1970 non
1865 1933 1954 1970 ve-

350 2010 560 2060 nerunt
588 2005 662 2059 ad
691 2022 805 2058 me:
836 2021 966 2058 nam
997 2022 1098 2059 nec
1127 2005 1198 2058 ad
1224 2005 1394 2059 alium
1425 2004 1702 2069 abierunt,
1726 2005 1833 2059 nisi
1859 2022 1949 2060 so-

349 2095 468 2148 lum
495 2094 567 2148 ad
598 2093 886 2148 ecclesiam
902 2111 1030 2148 cum
1059 2093 1283 2148 silentio
1309 2094 1560 2165 accipere
1585 2094 1946 2149 oblationem.

353 2183 534 2253 Igitur
563 2183 716 2237 oravi
745 2199 852 2253 ego
883 2184 1060 2237 Deum
1085 2183 1351 2252 jejunans
1381 2198 1496 2237 una
1521 2182 1857 2253 septimana,
1890 2189 1955 2237 ut

357 2272 774 2326 demonstraret
820 2271 957 2325 mihi
988 2271 1370 2342 operationem
1414 2271 1668 2325 istorum.
1705 2272 1952 2341 Surgens

358 2370 546 2416 autem
601 2369 727 2433 post
775 2363 929 2416 illam
971 2363 1344 2433 septimanam
1375 2361 1488 2416 abii
1537 2363 1609 2416 ad
1639 2379 1734 2416 eos
1766 2363 1952 2417 videre

353 2450 637 2521 quomodo
666 2451 944 2505 sederent.
974 2451 1044 2504 Et
1083 2467 1208 2506 cum
1240 2452 1572 2522 pulsassem,
1608 2457 1956 2522 aperuerunt

355 2540 516 2607 mihi,
549 2546 607 2593 et
626 2541 1012 2594 salutaverunt
1039 2557 1128 2594 me
1158 2547 1407 2595 tacentes
1431 2561 1443 2608 ;
1476 2541 1797 2612 faciensque
1827 2558 1956 2596 ora-

359 2629 594 2695 tionem,
637 2629 773 2683 sedi.
809 2631 1055 2684 Innuens
1085 2636 1275 2684 autem
1306 2630 1398 2685 ille
1428 2631 1609 2701 major
1638 2631 1859 2696 minori,
1893 2639 1957 2686 ut

357 2719 742 2789 egrederetur,
757 2719 876 2790 ipse
896 2719 1042 2774 sedit
1054 2719 1234 2774 facere
1252 2720 1510 2790 plectam,
1537 2720 1676 2792 nihil
1697 2721 1951 2790 loquens.

358 2808 428 2862 Et
451 2808 600 2862 circa
637 2808 837 2862 horam
887 2825 1093 2862 nonam
1139 2809 1472 2878 significavit
1522 2809 1860 2880 percutiens,
1901 2815 1958 2863 et

356 2897 511 2951 venit
545 2897 638 2950 ille
669 2898 872 2964 minor,
905 2903 963 2951 et
994 2898 1125 2952 fecit
1173 2898 1448 2952 modicam
1497 2905 1778 2952 cocturam
1829 2897 1958 2970 pul-

358 2988 554 3042 menti.
591 2988 868 3059 Apposuit
890 3005 1020 3042 vero
1051 2993 1107 3042 et
1147 3004 1420 3053 mensam,
1452 2988 1722 3042 innuente
1761 2988 1811 3041 ei
1862 2987 1957 3040 illo

357 3077 592 3147 majore,
625 3083 682 3131 et
709 3076 893 3149 posuit
923 3094 1093 3148 super
1121 3093 1244 3130 eam
1275 3083 1390 3131 tres
1415 3077 1743 3148 paximates,
1766 3082 1822 3131 et
1841 3082 1958 3131 ste-

2034 1919 2264 1966 vocatur
2293 1913 2465 1970 Maria
2491 1932 2502 1966 :
2534 1915 2785 1968 nondum
2815 1915 2998 1970 adhud
3028 1918 3358 1986 pervenistis
3380 1920 3448 1974 ad
3481 1937 3635 1975 men-

2034 2015 2222 2053 suram
2256 2000 2525 2070 ipsorum.
2560 2003 2934 2074 Exsurgentes
2965 2012 3153 2060 autem
3196 2007 3276 2061 illi
3309 2009 3419 2063 duo
3449 2027 3632 2077 senes,

2034 2095 2309 2143 venerunt
2340 2090 2396 2144 in
2428 2091 2609 2144 vicum
2641 2092 2819 2146 illum.
2851 2095 2955 2158 Qui
2987 2103 3377 2166 percontantes
3405 2098 3635 2154 invene-

2036 2184 2170 2231 runt
2198 2179 2454 2232 cellulam
2477 2180 2670 2251 ipsius,
2703 2188 2759 2236 et
2781 2199 3008 2237 uxorem
3041 2185 3190 2254 ejus.
3233 2187 3300 2240 Et
3328 2187 3524 2242 dicunt
3561 2189 3633 2243 ad

2034 2266 2189 2320 illam
2223 2279 2234 2313 ε
2267 2268 2371 2323 Ubi
2400 2275 2486 2323 est
2514 2271 2598 2322 vir
2626 2270 2799 2325 tuus?
2829 2273 2902 2325 At
2929 2273 3028 2327 illa
3073 2274 3211 2328 dicit
3251 2275 3331 2330 eis
3365 2295 3376 2328 :
3435 2277 3638 2332 Pastor

2036 2362 2124 2411 est
2139 2356 2344 2420 ovium,
2371 2363 2428 2410 et
2448 2359 2571 2413 illas
2596 2361 2790 2430 pascit.
2810 2361 3197 2418 Etintroduxit
3213 2381 3308 2418 eos
3327 2365 3383 2419 in
3405 2366 3636 2420 domum

2038 2462 2220 2499 suam.
2269 2447 2409 2502 Cum
2455 2455 2643 2502 autem
2681 2439 2804 2503 séro
2854 2450 3059 2506 factum
3103 2461 3268 2515 esset,
3319 2455 3472 2510 venit
3519 2456 3636 2527 ipse

2040 2535 2422 2590 Eucharistius
2439 2555 2564 2591 cum
2587 2538 2801 2606 ovibus;
2820 2546 2877 2594 et
2907 2541 3101 2596 videns
3123 2542 3249 2597 illos
3270 2561 3451 2606 senes,
3470 2563 3637 2616 para-

2042 2624 2121 2678 vit
2152 2625 2263 2678 illis
2294 2642 2568 2690 mensam,
2595 2627 2860 2700 misitque
2885 2646 3088 2700 aquam
3123 2631 3179 2685 in
3211 2633 3434 2704 pelvim,
3470 2641 3534 2688 ut
3561 2636 3642 2688 la-

2036 2720 2194 2767 varet
2208 2715 2376 2784 pedes
2397 2732 2611 2770 eorum.
2633 2718 2739 2781 Qui
2755 2717 3017 2774 dixerunt
3038 2721 3087 2774 ei
3108 2739 3119 2774 :
3142 2721 3266 2775 Non
3287 2723 3640 2793 gustabimus

2041 2803 2489 2873 quidquam,nisi
2517 2805 2852 2860 indicaveris
2869 2807 3026 2862 nobis
3049 2810 3434 2880 operationem
3457 2819 3636 2868 tuam.

2038 2891 2194 2945 Tunc
2215 2892 2305 2945 ille
2323 2893 2708 2949 Eucharistius
2729 2913 2852 2950 cum
2878 2897 3194 2952 humilitate
3212 2899 3352 2954 dixit
3372 2901 3453 2954 eis
3478 2919 3489 2954 :
3527 2901 3640 2972 Ego

2041 2986 2232 3052 pastor
2254 2999 2378 3035 sum
2410 2983 2613 3048 ovium,
2649 2990 2705 3038 et
2735 2985 2848 3039 haec
2874 3003 3014 3040 uxor
3043 3003 3169 3041 mea
3201 2994 3302 3042 est.
3336 2990 3476 3044 Cum
3508 3007 3637 3045 vero

2041 3077 2490 3141 perseverassent
2509 3071 2589 3126 illi
2608 3073 2718 3126 duo
2745 3091 2923 3141 senes,
2939 3082 3204 3146 rogantes
3220 3094 3347 3132 eum
3361 3085 3425 3132 ut
3445 3080 3642 3134 omnia

364 3167 437 3221 tit
465 3172 674 3220 tacens.
692 3167 805 3236 Ego
833 3172 1024 3220 autem
1053 3166 1164 3220 dixi
1197 3185 1209 3218 :
1248 3166 1491 3236 Surgite,
1528 3167 1952 3223 manducemus.
1979 3168 2018 3228 ι]
2039 3160 2400 3215 denuntiaret
2427 3161 2526 3227 eis,
2558 3161 2677 3232 ipse
2700 3163 2926 3217 nolebat
2955 3164 3160 3220 dicere.
3189 3167 3346 3221 Tunc
3376 3167 3638 3224 dixerunt

361 3257 430 3311 Et
456 3262 819 3326 exsurgentes
851 3256 1312 3309 manducavimus
1337 3274 1349 3322 ;
1379 3256 1571 3310 attulit
1595 3272 1722 3310 vero
1756 3257 1958 3326 lagun-

357 3345 565 3409 culam,
588 3351 646 3398 et
660 3344 1068 3400 bibimus.Cum
1101 3352 1290 3399 autem
1318 3345 1524 3399 factum
1549 3351 1697 3399 esset
1713 3361 1956 3416 vespere,

356 3432 554 3487 dicunt
584 3433 724 3489 mihi
749 3445 761 3479 :
789 3433 962 3487 Vadis
985 3433 1157 3488 hinc?
1187 3433 1468 3504 Respondi
1498 3450 1600 3504 ego
1636 3451 1647 3486 :
1682 3433 1826 3500 Non,
1861 3433 1960 3488 sed

357 3524 450 3578 hic
493 3523 790 3579 dormiam.
823 3523 1142 3578 Posuerunt
1187 3529 1380 3578 autem
1429 3523 1567 3577 mihi
1617 3529 1853 3577 mattam
1902 3523 1962 3578 in

357 3618 540 3684 parte,
580 3618 638 3666 et
665 3611 772 3666 sibi
810 3612 868 3666 in
895 3612 1068 3666 alium
1111 3613 1382 3682 angulum
1409 3629 1441 3666 a
1467 3617 1628 3684 parte
1662 3631 1673 3664 :
1709 3613 1963 3667 tulerunt

359 3702 533 3756 etiam
555 3701 806 3770 cingulos
827 3718 977 3768 suos,
995 3707 1053 3756 et
1067 3701 1415 3755 semicinctia
1436 3719 1556 3764 sua,
1582 3707 1638 3755 et
1655 3708 1965 3772 posuerunt

359 3808 420 3846 se
451 3789 698 3845 dormire
723 3791 890 3846 simul
930 3807 1101 3862 super
1129 3796 1365 3844 mattam
1394 3796 1526 3845 ante
1554 3808 1666 3844 me.
1710 3792 1962 3862 Cumque

361 3897 422 3935 se
476 3880 863 3946 reclinassent,
892 3880 1044 3934 oravi
1092 3879 1160 3934 ad
1202 3880 1380 3934 Deum
1411 3887 1474 3934 ut
1517 3881 1657 3934 mihi
1690 3881 1963 3936 relevaret

361 3969 749 4041 operationem
779 3969 1050 4040 ipsorum.
1083 3970 1147 4024 Et
1171 3975 1429 4040 apertum
1455 3975 1542 4024 est
1558 3975 1770 4024 tectum
1788 3970 1958 4036 cellae,

363 4066 422 4114 et
448 4060 595 4114 facta
624 4066 710 4114 est
729 4060 820 4113 lux
849 4075 1056 4128 magna
1085 4059 1232 4114 sicut
1262 4077 1365 4131 per
1385 4059 1555 4126 diem,
1577 4059 1683 4130 ipsi
1707 4077 1836 4114 vero
1849 4076 1962 4114 non

361 4149 782 4220 conspiciebant
810 4149 1000 4204 lumen
1033 4149 1189 4203 illud.
1227 4149 1367 4204 Cum
1382 4166 1512 4203 vero
1543 4154 1810 4219 putarent
1831 4149 1964 4220 quia

363 4255 468 4308 ego
497 4237 822 4302 dormirem,
849 4237 1039 4308 tetigit
1067 4237 1160 4292 ille
1188 4238 1370 4308 major
1395 4237 1672 4292 minorem
1702 4237 1758 4290 in
1791 4237 1958 4292 latus.

364 4328 430 4382 Et
475 4333 840 4381 surrexerunt
885 4332 1054 4397 atque
1110 4327 1406 4381 cinxerunt
1449 4345 1526 4392 se,
1587 4327 1962 4398 expandentes

365 4432 589 4488 quoque
612 4432 814 4470 manus
842 4415 900 4470 in
931 4415 1132 4470 coelum
1165 4421 1444 4470 steterunt
1471 4433 1597 4470 cum
1620 4416 1862 4470 silentio.
1892 4417 1962 4470 Et
2027 4457 2030 4459 Α

2042 3249 2092 3302 ei
2123 3269 2133 3302 :
2186 3250 2459 3304 Dominus
2497 3267 2598 3305 nos
2630 3251 2784 3305 misit
2811 3253 2881 3306 ad
2922 3259 2996 3307 te.
3033 3255 3284 3310 Audiens
3313 3263 3504 3312 autem
3535 3258 3638 3313 hoc

2042 3337 2292 3403 verbum,
2327 3339 2536 3405 timuit,
2563 3340 2812 3412 dixitque
2833 3342 2914 3396 eis
2947 3357 2958 3390 :
2993 3344 3127 3398 Ecce
3153 3344 3288 3399 istas
3311 3363 3439 3401 oves
3469 3347 3642 3402 habe-

2043 3445 2168 3482 mus
2197 3445 2228 3482 a
2251 3429 2577 3498 parentibus
2602 3430 2828 3495 nostris,
2863 3437 2919 3485 et
2951 3433 3222 3504 quidquid
3253 3451 3317 3488 ex
3348 3436 3428 3491 eis
3459 3437 3640 3492 dona-

2042 3517 2186 3571 verit
2215 3517 2352 3571 mihi
2383 3519 2551 3597 Deus,
2583 3519 2819 3574 facimus
2850 3519 2988 3575 illud
3017 3527 3134 3576 tres
3163 3529 3353 3594 partes
3380 3544 3391 3578 :
3419 3533 3638 3597 partem

2045 3623 2215 3661 unam
2259 3595 2617 3678 pauperibus,
2652 3613 2708 3662 et
2737 3626 2908 3663 unam
2953 3617 3168 3682 partem
3202 3613 3260 3667 in
3288 3595 3640 3687 susceptione

2045 3695 2490 3767 peregrinorum,
2516 3704 2573 3752 et
2597 3697 2823 3752 tertiam
2845 3705 3063 3770 partem
3085 3701 3155 3754 ad
3178 3719 3340 3757 usum
3363 3711 3639 3761 nostrum.

2046 3787 2123 3840 Ex
2153 3803 2262 3857 quo
2296 3793 2482 3841 autem
2532 3788 2718 3859 accepi
2763 3805 3012 3856 uxorem,
3049 3808 3232 3862 neque
3261 3809 3363 3863 ego
3394 3795 3640 3865 pollutus

2045 3891 2190 3940 sum,
2224 3892 2406 3946 neque
2427 3875 2652 3942 illa,sed
2676 3877 2830 3947 virgo
2861 3883 2965 3944 est,
2985 3879 3190 3950 singuli
3221 3888 3408 3937 autem
3438 3885 3641 3939 remoti

2045 3981 2078 4018 a
2101 3964 2258 4018 nobis
2274 3965 2604 4031 dormimus;
2624 3973 2678 4020 et
2699 3973 2868 4020 noctu
2891 3967 3114 4038 quidem
3129 3969 3416 4026 induimus
3429 3991 3637 4042 saccos,

2045 4054 2103 4107 in
2124 4053 2214 4107 die
2240 4070 2366 4107 vero
2396 4053 2728 4108 vestimenta
2758 4061 2970 4110 nostra.
2999 4057 3068 4111 Et
3098 4075 3274 4129 usque
3305 4077 3453 4115 nunc
3477 4079 3640 4117 nemo

2048 4142 2337 4196 hominum
2370 4141 2486 4196 haec
2516 4143 2791 4212 cognovit.
2813 4145 3067 4215 Cumque
3102 4146 3218 4200 haec
3250 4149 3541 4204 audissent
3559 4150 3641 4205 illi

2045 4237 2236 4297 053
2265 4236 2454 4301 patres
2487 4230 2748 4285 admirati
2775 4239 2926 4298 sunt,
2961 4241 3018 4288 et
3045 4244 3400 4292 recesserunt
3425 4239 3638 4309 glorifi-

2045 4325 2235 4374 cantes
2265 4320 2462 4373 Deum.

2117 4409 2168 4464 3.
2200 4409 2368 4463 Venit
2394 4409 2695 4480 aliquando
2720 4409 2892 4466 abbas
2912 4413 3188 4469 Macarius
3218 4415 3311 4469 ille
3341 4416 3637 4488 [Egyptius

363 4523 467 4576 ego
497 4505 726 4576 quidem
751 4504 1007 4560 videbam
1030 4522 1144 4568 eos,
1165 4505 1270 4577 ipsi
1291 4521 1420 4559 vero
1443 4522 1530 4560 me
1549 4522 1658 4559 non
1677 4504 1956 4558 videbant.
1976 4534 2024 4592 D
2045 4499 2113 4553 de
2159 4499 2351 4570 Scythi
2387 4498 2445 4552 in
2476 4499 2722 4592 Montem
2770 4500 2964 4555 Nitriae
3001 4501 3057 4556 in
3088 4503 3178 4557 die
3210 4503 3526 4572 oblationis,
3565 4507 3637 4562 ad

363 4595 634 4650 Videbam
664 4611 797 4665 ergo
817 4594 1097 4649 daemones
1127 4595 1275 4649 sicut
1298 4612 1518 4649 muscas
1549 4595 1833 4648 venientes
1863 4611 1959 4648 su-
1978 4588 2013 4592 —
2045 4589 2446 4643 monasterium
2471 4588 2688 4643 abbatis
2715 4590 2942 4657 Pambo,
2967 4597 3023 4646 et
3044 4592 3305 4648 dixerunt
3320 4595 3370 4648 ei
3389 4596 3638 4652 seniores

364 4685 634 4757 perillum
648 4684 923 4738 minorem
945 4684 1195 4752 fratrem,
1217 4690 1274 4738 et
1294 4684 1388 4738 alii
1418 4683 1642 4754 quidem
1664 4682 1961 4738 veniebant
2044 4679 2144 4732 loci
2165 4678 2338 4732 illius:
2361 4678 2460 4732 Dic
2490 4678 2754 4733 fratribus
2778 4679 3007 4734 verbum
3033 4681 3633 4751 aedificationis,Pater.

364 4779 428 4829 ut
447 4774 708 4828 sederent
754 4791 924 4846 super
966 4791 1028 4828 os
1073 4774 1216 4844 ejus,
1249 4774 1342 4827 alii
1383 4791 1511 4828 vero
1547 4790 1715 4844 super
1746 4773 1954 4827 oculos.

361 4863 430 4919 Et
451 4864 562 4918 vidi
594 4864 859 4934 angelum
890 4863 989 4918 Dei
1021 4863 1322 4918 habentem
1361 4862 1612 4934 gladium
1656 4861 1804 4933 ignis
1855 4861 1959 4916 cir—

361 4952 792 5008 cumvallantem
825 4971 973 5019 eum,
1000 4959 1168 5024 atque
1197 4953 1561 5007 insectantem
1578 4951 1648 5006 ab
1663 4969 1728 5006 eo
1748 4953 1956 5006 daemo-

362 5059 481 5098 nes.
520 5043 609 5097 Illi
638 5048 826 5097 autem
851 5042 1180 5112 majorinon
1210 5047 1466 5114 poterant
1483 5040 1954 5112 appropinquare.

364 5133 530 5188 Circa
559 5148 724 5186 mane
755 5149 886 5186 vero
915 5133 1330 5186 reclinaverunt
1359 5149 1436 5186 se.
1470 5131 1539 5186 Et
1570 5147 1672 5201 ego
1702 5130 1806 5184 feci
1836 5146 1955 5184 me-

362 5223 548 5294 ipsum
576 5221 734 5292 quasi
764 5221 1140 5291 evigilantem,
1174 5226 1231 5276 et
1258 5221 1362 5293 ipsi
1390 5221 1644 5275 fecerunt
1672 5219 1951 5274 similiter.

361 5311 513 5366 Dixit
531 5316 719 5365 autem
747 5310 839 5364 ille
871 5312 1052 5382 major
1072 5312 1220 5366 hunc
1241 5327 1556 5365 sermonem
1575 5315 1798 5364 tantum
1825 5328 1835 5362 :
1858 5309 1954 5363 Vis

361 5400 602 5454 dicimus
628 5399 921 5454 duodecim
944 5400 1230 5471 psalmos?
1260 5399 1413 5454 Dixi:
1455 5400 1731 5453 Etiam.Et
1757 5398 1956 5470 psalle-

359 5489 457 5545 bat
499 5489 593 5542 ille
648 5488 836 5543 minor
878 5489 1124 5561 quinque
1168 5491 1432 5561 psalmos,
1469 5506 1633 5543 senos
1663 5505 1855 5543 versus
1899 5492 1957 5541 et

357 5593 538 5636 unum
559 5578 814 5646 alleluia;
847 5588 906 5633 et
932 5596 1034 5651 per
1056 5579 1496 5651 unumquodque
1512 5577 1740 5632 verbum
1770 5575 1957 5632 exibat

352 5671 576 5746 lampas
602 5667 750 5742 ignis
777 5669 848 5726 de
872 5685 969 5727 ore
987 5669 1182 5745 ipsius,
1213 5675 1272 5727 et
1293 5667 1627 5726 ascendebat
1642 5668 1701 5728 in
1717 5667 1950 5733 coelum.

2041 4768 2148 4832 Qui
2179 4768 2319 4821 dixit
2339 4767 2418 4822 eis
2445 4781 2457 4815 :
2492 4769 2604 4837 Ego
2634 4768 2882 4822 nondum
2914 4770 3092 4824 factus
3135 4789 3258 4826 sum
3306 4776 3632 4844 monachus,

2041 4857 2136 4910 sed
2161 4857 2270 4910 vidi
2299 4856 2621 4911 monachos.
2653 4856 2729 4910 Et
2749 4856 2890 4911 dixit
2917 4872 2928 4906 :
2963 4857 3204 4914 Sedente
3228 4861 3378 4916 enim
3409 4881 3498 4918 me
3528 4867 3635 4920 ali-

2041 4945 2264 5018 quando
2292 4944 2351 4998 in
2379 4945 2518 4998 cella
2538 4944 2594 4998 in
2612 4945 2822 5016 Scythi,
2842 4947 3220 5017 perurgebant
3236 4965 3324 5004 me
3345 4954 3635 5022 cogitatio-

2039 5053 2138 5089 nes
2171 5050 2325 5098 meae,
2367 5033 2612 5087 dicentes
2647 5051 2658 5086 :
2693 5035 2958 5103 Surgens,
2986 5036 3122 5090 vade
3151 5053 3329 5109 usque
3357 5040 3416 5096 in
3447 5042 3632 5099 deser-

2039 5130 2181 5189 tum,
2232 5128 2289 5177 et
2333 5122 2625 5176 considera
2653 5122 2800 5192 quod
2831 5123 2945 5176 illic
2983 5123 3154 5179 vides.
3204 5125 3278 5181 Et
3324 5133 3632 5200 permansit

2037 5212 2364 5269 reluctando
2392 5212 2714 5281 hujusmodi
2733 5211 2954 5267 animus
2974 5231 3130 5269 meus
3151 5233 3253 5287 per
3271 5219 3516 5291 quipque
3536 5239 3631 5277 an-

2038 5320 2159 5369 nos,
2193 5301 2382 5356 dicens
2414 5314 2424 5348 :
2458 5301 2540 5354 Ne
2574 5299 2717 5354 forte
2745 5317 2779 5354 a
2805 5301 3150 5358 daemonibus
3177 5305 3252 5360 sit
3279 5307 3395 5362 haec
3426 5327 3629 5381 sugge-

2038 5393 2165 5448 stio.
2192 5393 2331 5453 Cum
2362 5407 2494 5460 ergo
2525 5397 2937 5462 perseverasset
2963 5393 3228 5464 cogitatio
3276 5396 3385 5451 ista
3410 5398 3466 5451 in
3515 5415 3623 5466 me,

2037 5481 2148 5537 abii
2170 5482 2225 5535 in
2260 5497 2468 5546 eremo,
2495 5486 2552 5534 et
2580 5480 2763 5551 reperi
2797 5480 3003 5536 ibidem
3035 5488 3296 5554 stagnum
3326 5502 3621 5556 aquarum.

2037 5557 2095 5628 et
2112 5573 2355 5627 insulam
2376 5571 2433 5625 in
2457 5571 2641 5626 medio
2661 5572 2802 5642 ejus.
2824 5571 3136 5627 Veniebant
3157 5589 3376 5644 quoque
3406 5571 3628 5632 diversa

2037 5662 2305 5723 animalia
2333 5661 2526 5731 eremi,
2560 5668 2618 5718 et
2643 5661 2909 5720 bibebant
2935 5679 3001 5718 ex
3029 5678 3094 5718 eo
3128 5677 3141 5715 :
3186 5660 3486 5741 inter'quae
3514 5665 3628 5729 vidi
