3964 6206
404 317 535 378 1007
1501 313 1596 368 DE
1633 311 1825 368 VITIS
1864 310 2162 366 PATRUM
2199 310 2414 366 LIBER
2449 309 2548 366 VI.
3517 310 3632 370 1008

395 443 538 499 duos
568 441 824 498 homines
851 439 1050 505 nudos,
1091 443 1147 494 et
1175 438 1512 494 contremuit
1551 455 1753 510 corpus
1775 439 2060 505 meum;A
2155 437 2204 491 7.
2239 435 2512 490 Dicebant
2536 434 2605 488 de
2635 431 2837 488 abbate
2857 432 2975 487 Hor
3006 432 3080 501 (9)
3106 455 3118 492 :
3141 432 3280 497 Quia
3309 449 3481 505 neque
3505 451 3636 490 men-

395 532 664 604 putabam
686 531 836 585 enim
858 528 1234 600 quiaspiritus
1264 524 1416 583 sunt:
1448 529 1701 598 Cumque
1729 526 1996 582 vidissent
2075 525 2214 580 titus
2244 531 2331 580 est
2359 541 2633 596 unquam,
2662 539 2845 594 neque
2887 522 3119 593 juravit,
3167 540 3344 594 neque
3381 524 3636 580 maledixit

390 621 473 676 illi
506 639 595 676 me
617 620 1015 691 trepidantem,
1069 617 1238 672 locuti
1283 623 1415 673 sunt
1455 618 1525 672 ad
1555 634 1664 682 me,
1695 617 1944 671 dicentes
1976 633 1987 668 ε

396 711 524 765 Noli
546 710 764 775 timere,
785 715 840 763 et
858 725 960 763 nos
980 707 1131 762 enim
1151 707 1406 763 homines
1418 724 1634 762 sumus.
1658 706 1786 761 Dixi
1804 707 1993 776 itaque

393 799 538 854 illis:
590 799 749 854 Unde
778 798 932 864 estis,
962 802 1019 852 et
1047 797 1325 869 quomodo
1355 797 1412 851 in
1441 797 1586 851 hanc
1615 812 1867 850 eremum
1895 811 1991 849 ve-

390 887 592 942 nistis?
623 887 729 952 Qui
750 887 1013 942 dixerunt
1039 905 1050 940 :
1084 887 1165 940 De
1189 885 1440 940 coenobio
1465 886 1693 951 fuimus,
1729 889 1786 938 et
1814 884 1992 938 factus

389 982 476 1031 est
504 975 662 1031 nobis
691 993 1013 1041 consensus,
1047 981 1106 1030 et
1148 975 1362 1046 egressi
1415 991 1612 1030 sumus
1658 975 1804 1041 huc;
1867 989 1993 1028 ecce

396 1065 770 1138 quadraginta
823 1066 957 1120 anni
1016 1071 1165 1120 sunt.
1197 1064 1333 1119 Erat
1362 1070 1550 1120 autem
1584 1081 1730 1120 unus
1766 1081 1832 1117 ex
1861 1063 1995 1134 ipsis

390 1155 853 1227 lEgyptiusmlius
869 1171 1000 1209 vero
1019 1153 1276 1226 Libycus.
1291 1155 1784 1224 Interrogaverunt
1803 1157 1996 1206 autem

389 1261 479 1298 me
505 1249 562 1298 et
603 1243 709 1315 ipsi
739 1244 988 1298 dicentes
1022 1263 1032 1297 :
1069 1242 1358 1307 Quomodo
1408 1247 1495 1296 est
1532 1242 1793 1307 mundus,
1845 1246 1901 1294 et
1947 1239 1995 1294 si

391 1333 645 1388 ascendit
666 1349 814 1405 aqua
834 1333 1144 1387 secundum
1167 1338 1390 1403 tempus
1411 1349 1596 1397 suum,
1623 1331 1669 1384 si
1693 1330 1862 1384 etiam
1890 1330 1994 1382 ha-

393 1421 488 1476 bet
525 1422 770 1476 mundus
799 1421 1203 1476 abundantiam
1249 1437 1410 1474 suam
1442 1420 1465 1473 ?
1505 1419 1788 1491 Respondi
1843 1417 1922 1472 eis
1973 1435 1984 1471 :

389 1511 594 1566 Etiam.
617 1511 767 1576 Quos
798 1517 855 1566 et
884 1527 986 1581 ego
1012 1509 1352 1581 interrogavi
1389 1525 1401 1559 :
1439 1509 1728 1574 Quomodo
1764 1523 1992 1580 possum

396 1596 518 1654 fieri
547 1599 888 1655 monachus?
909 1599 1110 1654 Dicunt
1131 1599 1269 1652 mihi
1292 1619 1302 1653 :
1338 1598 1459 1653 Nisi
1491 1598 1616 1670 quis
1643 1597 1993 1652 renuntiave-

391 1688 467 1743 rit
515 1688 776 1743 omnibus
807 1705 928 1759 quae
981 1688 1039 1742 in
1072 1687 1281 1742 mundo
1318 1691 1467 1753 sunt,
1501 1703 1613 1740 non
1659 1690 1844 1756 potest
1873 1683 1993 1738 fieri

395 1779 723 1832 monachus.
757 1777 972 1842 Quibus
990 1777 1106 1831 dixi
1137 1797 1147 1830 :
1180 1777 1296 1846 Ego
1320 1776 1578 1830 infirmus
1608 1791 1754 1842 sum,
1789 1780 1845 1828 et
1874 1789 1988 1826 non
2009 1791 2054 1850 Β

397 1883 626 1940 possum
677 1867 824 1921 sicut
877 1884 994 1920 vos.
1048 1865 1477 1937 Responderunt
1525 1864 1710 1918 mihi:
1765 1863 1822 1918 Si
1880 1879 1994 1916 non

395 1963 556 2029 potes
580 1956 726 2010 sicut
756 1972 876 2021 nos,
903 1955 1033 2010 sede
1061 1955 1119 2009 in
1148 1955 1287 2009 cella
1315 1960 1432 2020 tua,
1471 1959 1528 2008 et
1569 1954 1770 2024 plange
1795 1968 1994 2023 pecca-

395 2051 457 2100 ta
477 2052 594 2100 tua.
625 2044 972 2115 Interrogavi
995 2061 1131 2114 ergo
1154 2061 1270 2109 eos,
1305 2043 1532 2099 dicens:
1561 2044 1624 2096 In
1661 2043 1847 2096 hieme
1876 2057 1990 2096 non

397 2134 620 2189 sentitis
639 2134 832 2205 frigus,
869 2140 967 2188 aut
992 2134 1051 2188 in
1083 2138 1276 2188 aestate
1305 2149 1417 2187 non
1446 2132 1768 2186 incenditur
1788 2147 1989 2202 corpus

390 2230 639 2280 vestrum
683 2225 742 2277 in
768 2223 1064 2278 caumate?
1090 2224 1163 2277 At
1204 2221 1284 2276 illi
1331 2222 1595 2276 dixerunt
1627 2239 1638 2274 :
1682 2222 1832 2275 Deus
1861 2220 1993 2274 fecit

389 2313 550 2368 nobis
563 2313 706 2367 hanc
721 2312 1216 2384 dispensationem,
1237 2318 1300 2366 ut
1318 2328 1499 2382 neque
1521 2311 1578 2364 in
1590 2310 1775 2364 hieme
1791 2309 1986 2380 frigus,

391 2417 572 2474 neque
594 2408 786 2457 aestate
807 2402 1065 2456 ardorem
1083 2399 1414 2454 sentiamus.
1440 2399 1683 2470 Ideoque
1710 2397 1822 2452 dixi
1836 2398 1989 2452 vobis

393 2492 527 2562 quia
567 2508 670 2563 ego
699 2491 949 2546 nondum
980 2490 1160 2544 factus
1187 2506 1313 2544 sum
1342 2489 1669 2554 monachus,
1717 2487 1990 2558 ignoscite

393 2581 551 2648 mihi,
581 2581 801 2635 fratres.

463 2671 517 2726 4.
544 2669 786 2724 Sedebat
804 2668 1104 2739 aliquando
1130 2666 1300 2721 abbas
1323 2665 1494 2722 Sisois
1524 2666 1677 2721 solus
1709 2665 1768 2720 in
1799 2671 1989 2721 monte

393 2755 611 2813 abbatis
623 2757 850 2812 Antonii
866 2777 876 2811 :
894 2773 1110 2810 moram
1131 2761 1318 2810 autem
1335 2755 1572 2810 faciente
1591 2756 1846 2810 ministro
1867 2757 1916 2826 ej
1926 2773 1990 2810 us

392 2847 582 2902 venire
602 2847 674 2902 ad
684 2864 940 2919 eum,per
955 2863 1173 2900 menses
1185 2846 1377 2900 decem
1393 2863 1506 2901 non
1524 2846 1662 2900 vidit
1682 2845 1986 2900 hominem.

393 2936 703 2992 Ambulans
750 2943 940 2992 autem
971 2952 1073 3007 per
1122 2940 1392 3003 montem,
1434 2935 1650 2990 invenit
1690 2935 1992 3006 quemdam

392 3025 758 3082 Pharanitem
784 3025 1098 3098 capientem
1129 3024 1397 3079 animalia
1417 3024 1681 3095 agrestia.
1701 3025 1804 3078 Cui
1824 3039 1993 3078 senex

392 3115 532 3170 dixit
555 3133 566 3168 :
601 3115 759 3170 Unde
779 3115 956 3180 venis,
977 3120 1077 3168 aut
1102 3119 1376 3184 quantum
1400 3119 1622 3184 tempus
1651 3112 1826 3167 habes
1857 3113 1946 3167 hic
1965 3113 1989 3166 ?
2006 3124 2049 3184 α

2074 615 2382 681 hominem,
2414 630 2596 685 neque
2642 613 2688 667 si
2742 628 2969 666 necesse
3008 629 3122 667 non
3160 611 3283 680 fuit,
3340 613 3543 668 locutus
3567 622 3639 670 est

2075 703 2264 759 alicui.

2143 809 2198 867 8.
2265 811 2421 867 Idem
2450 808 2623 864 abbas
2652 809 2770 864 Hor
2815 807 3038 864 dicebat
3064 809 3334 880 discipulo
3379 825 3474 863 suo
3503 835 3515 868 :
3560 811 3640 865 Vi-

2073 901 2142 956 de
2171 918 2242 956 ne
2271 899 2574 972 aliquando
2603 899 2849 954 alienum
2879 897 3109 954 verbum
3127 899 3365 954 adducas
3384 898 3440 954 in
3466 899 3637 954 cellam

2075 991 2240 1046 istam
2251 1031 2264 1045 .

2149 1098 2200 1153 9.
2229 1099 2352 1152 Duo
2382 1097 2612 1168 quidam
2637 1096 2828 1167 magni
2851 1112 3013 1151 senes
3039 1094 3463 1150 ambulabantin
3476 1113 3638 1154 eremo

2078 1204 2200 1260 quae
2231 1194 2317 1242 est
2336 1189 2498 1258 juxta
2520 1187 2774 1258 Scythim
2796 1205 2808 1238 :
2832 1192 2889 1241 et
2899 1186 3191 1240 audientes
3213 1202 3464 1240 murmur
3480 1188 3665 1258 cujus,

2077 1277 2207 1332 dam
2221 1277 2367 1331 vocis
2381 1277 2450 1330 de
2470 1275 2991 1348 terra,quaasierunt
3002 1275 3296 1330 introitum
3311 1275 3639 1346 speluncamin

2078 1382 2245 1436 quam
2269 1365 2508 1437 ingressi
2539 1370 2874 1436 repererunt
2897 1363 3104 1418 ibidem
3144 1363 3442 1434 quamdam
3477 1365 3642 1419 anicu-

2071 1455 2205 1521 lam,
2236 1454 2507 1525 virginem
2537 1462 2810 1519 sanctam,
2855 1455 3141 1523 jacentem
3169 1453 3466 1516 infirmam,
3497 1458 3548 1507 et
3569 1453 3640 1508 di-

2072 1549 2208 1598 cunt
2226 1543 2278 1598 ei
2306 1563 2318 1596 :
2353 1543 2589 1608 Quando
2612 1544 2722 1598 huc
2746 1543 3040 1608 advenisti,
3071 1559 3214 1596 anus
3242 1565 3258 1608 ς
3301 1549 3398 1597 aut
3425 1543 3539 1613 quis
3563 1549 3635 1597 est

2074 1633 2172 1704 qui
2215 1632 2319 1687 tibi
2368 1632 2693 1687 ministrat?
2723 1632 2877 1687 Nihil
2908 1632 3058 1686 enim
3100 1631 3436 1685 invenerunt
3461 1631 3515 1685 in
3538 1632 3641 1702 ipsa

2073 1721 2358 1792 spelunca,
2391 1721 2498 1776 nisi
2529 1721 2707 1775 solam
2737 1721 2917 1792 ipsam
2947 1722 3231 1790 jacentem
3263 1720 3550 1774 inﬁrmam.
3579 1723 3641 1774 At

2075 1811 2172 1864 illa
2200 1810 2375 1864 dixit:
2432 1811 2805 1880 Trigesimum
2860 1816 3116 1864 octavum
3161 1825 3377 1864 annum
3403 1809 3566 1863 habeo
3587 1810 3636 1864 in

2076 1901 2343 1972 spelunca
2372 1900 2476 1954 hac
2505 1900 2681 1954 eremi
2710 1916 2839 1954 cum
2867 1904 3029 1954 tanta
3063 1897 3400 1954 sufﬁcientia
3425 1899 3639 1954 serviens

2077 1989 2320 2057 Christo,
2374 1996 2430 2045 et
2479 2006 2592 2044 non
2645 1989 2758 2043 vidi
2801 1989 3088 2044 hominem
3138 1988 3250 2042 nisi
3297 1988 3483 2054 hodie;
3510 1989 3641 2042 misit

2078 2080 2228 2134 enim
2256 2097 2354 2134 vos
2383 2080 2553 2144 Deus,
2577 2084 2642 2133 ut
2665 2078 2947 2150 sepeliatis
2976 2095 3179 2150 corpus
3210 2076 3640 2148 meum.Cumque

2073 2169 2177 2223 hoc
2202 2169 2450 2236 dixisset,
2486 2166 2696 2240 quievit
2727 2169 2786 2222 in
2816 2185 2970 2239 pace.
3005 2169 3205 2223 Patres
3248 2185 3376 2222 vero
3418 2167 3492 2221 illi
3534 2168 3637 2237 glo-

2074 2259 2435 2313 rificaverunt
2493 2259 2695 2323 Deum,
2727 2262 2786 2311 et
2813 2256 3100 2312 recondito
3147 2257 3470 2328 corpusculo
3511 2257 3631 2327 ejus,

2075 2349 2428 2398 recesserunt
2447 2343 2505 2398 in
2525 2344 2708 2397 locum
2738 2359 2923 2398 suum.

2147 2457 2231 2516 10.
2259 2461 2646 2514 Narraverunt
2661 2459 2729 2514 de
2749 2459 2993 2530 quodam
3009 2458 3267 2513 solitario
3295 2458 3422 2529 quia
3441 2458 3563 2512 exiit
3586 2457 3633 2512 in

2072 2564 2325 2604 eremum
2352 2549 2588 2603 vestitus
2612 2548 2758 2602 lineo
2792 2565 2950 2602 sacco
2974 2553 3223 2602 tantum.
3257 2550 3496 2619 Cumque
3523 2563 3631 2618 per-

2076 2639 2420 2694 ambulasset
2444 2645 2558 2693 tres
2579 2638 2717 2703 dies,
2743 2638 2997 2693 ascendit
3017 2655 3196 2710 supra
3210 2643 3498 2710 petram,et
3520 2637 3633 2691 vidit

2075 2728 2178 2784 sub
2197 2729 2321 2800 ipsa
2335 2728 2572 2782 viridem
2591 2733 2783 2794 054
2799 2727 3050 2794 herbam,
3067 2734 3124 2783 et
3135 2728 3417 2782 hominem
3438 2742 3632 2799 pascen-

2076 2822 2190 2871 tem
2233 2823 2508 2888 tanquam
2537 2815 2796 2873 bestiam.
2829 2817 3186 2872 Descendens
3217 2824 3400 2872 autem
3430 2815 3628 2880 occulte,

2073 2907 2259 2962 tenuit
2287 2924 2419 2962 eum
2444 2925 2456 2975 ;
2499 2923 2668 2960 senex
2692 2923 2822 2960 vero
2851 2906 2945 2960 ille
2975 2922 3104 2961 cum
3141 2913 3294 2961 esset
3331 2906 3519 2970 nudus,
3547 2921 3630 2959 nec

2074 2996 2219 3051 ferre
2253 3001 2445 3068 posset
2491 2995 2722 3050 odorem
2752 2995 3062 3062 hominum,
3080 2997 3432 3066 angustiatus
3451 2995 3530 3049 vix
3546 3009 3630 3066 po-

2073 3085 2183 3140 tuit
2215 3085 2448 3140 evadere
2480 3085 2549 3139 de
2572 3084 2831 3139 manibus
2870 3087 3011 3156 ejus,
3037 3091 3094 3139 et
3121 3085 3387 3156 fugiebat.
3405 3085 3496 3140 Ille
3515 3099 3634 3154 quo-

389 3207 465 3260 At
491 3205 585 3260 ille
617 3204 756 3258 dixit
781 3223 791 3257 :
828 3173 1168 3271 Vere,abba,
1194 3201 1371 3257 habeo
1396 3173 1656 3257 undecim
1688 3219 1908 3256 menses
1929 3202 1988 3256 in
2010 3173 2049 3184 ν
2071 3191 2181 3271 3‘18
2209 3175 2386 3271 {mter
2410 3173 2720 3271 exmﬁpost
2749 3173 2946 3271 i991“:
2987 3191 3224 3271 currens
3273 3180 3329 3228 et
3371 3174 3626 3271 dan}???

391 3297 582 3344 monte
610 3290 741 3357 isto,
795 3295 851 3344 et
890 3307 1003 3343 non
1042 3289 1153 3342 vidi
1179 3289 1463 3343 hominem
1492 3288 1600 3343 nisi
1628 3294 1707 3342 te.
1739 3289 1988 3342 Audiens

391 3385 580 3434 autem
615 3380 734 3434 haec
780 3396 966 3445 senex,
999 3378 1228 3432 intravit
1256 3378 1316 3432 in
1345 3379 1543 3433 cellam
1565 3394 1746 3443 suam,
1781 3383 1838 3431 et
1867 3395 1990 3448 per-

391 3469 638 3525 cutiebat
661 3469 929 3541 seipsum,
969 3468 1194 3522 dicens:
1227 3468 1384 3536 Ecce,
1421 3468 1586 3532 Sisoi,
1629 3466 1988 3522 existimabas

392 3565 450 3614 te
479 3559 692 3631 aliquid
721 3558 934 3626 fecisse,
977 3564 1034 3612 et
1063 3575 1264 3629 neque,
1319 3563 1384 3612 ut
1433 3556 1715 3612 saecularis
1763 3556 1872 3623 hic,
1911 3556 1991 3610 ita

393 3649 593 3704 fecisti.

463 3739 518 3794 5.
550 3738 692 3792 Item
724 3737 842 3808 ipse
872 3736 1044 3791 abbas
1077 3735 1251 3790 Sisois
1282 3735 1482 3789 sedens
1511 3734 1569 3788 in
1593 3734 1992 3804 cella,semper

393 3826 689 3881 claudebat
717 3826 925 3880 ostium
955 3842 1120 3879 suum
1142 3825 1429 3891 (Ruf/.Jib.
1462 3837 1543 3890 In,
1579 3840 1636 3877 η.
1663 3823 1799 3893 162).
1835 3823 1993 3876 Dice-

395 3915 563 3969 batur
577 3919 766 3968 autem
781 3913 847 3968 de
871 3914 991 3984 ipso
1015 3913 1277 3984 quoniam
1301 3912 1357 3966 in
1379 3912 1469 3966 die
1489 3911 1986 3978 dormitionissuae,

395 4021 521 4059 cum
552 4003 813 4058 sederent
831 4002 975 4057 circa
996 4019 1124 4056 eum
1143 4001 1711 4072 Patres,resplenduit
1722 4008 1990 4073 tanquam

397 4093 481 4149 sol
508 4092 677 4148 facies
703 4094 843 4163 ejus,
869 4097 927 4146 et
954 4091 1094 4146 dixit
1113 4091 1182 4145 ad
1212 4108 1306 4145 eos
1332 4109 1342 4144 :
1371 4091 1506 4145 Ecce
1529 4090 1700 4145 abbas
1714 4091 1992 4146 Antonius

393 4183 566 4238 venit.
587 4182 656 4237 Et
686 4189 812 4254 post
830 4182 1096 4254 pusillum
1128 4197 1350 4235 rursum
1383 4181 1519 4235 dicit
1547 4181 1630 4235 eis
1663 4200 1674 4234 :
1710 4180 1846 4235 Ecce
1867 4181 1992 4235 cho-

395 4289 492 4328 rus
513 4273 917 4345 prOphetarum
932 4270 1100 4326 venit.
1120 4271 1190 4325 Et
1208 4269 1414 4324 iterum
1437 4270 1679 4341 amplius
1692 4270 1858 4324 facies
1870 4271 1992 4340 ejus

395 4362 760 4434 resplenduit,
785 4367 842 4416 et
852 4361 990 4414 dixit
1011 4380 1022 4414 :
1042 4361 1178 4414 Ecce
1196 4360 1400 4414 chorus
1421 4359 1802 4431 apostolorum
1818 4359 1987 4414 venit.

2071 3264 2341 3334 Exspecta
2362 3279 2469 3329 me,
2497 3263 2626 3333 quia
2656 3269 2885 3334 pmpter
2909 3263 3089 3317 Deum
3123 3269 3176 3318 te
3223 3280 3436 3335 sequor.
3463 3265 3527 3316 At
3553 3261 3629 3314 ille

2068 3369 2386 3419 conversus,
2411 3353 2552 3406 dixit
2581 3353 2631 3406 ei
2663 3371 2674 3404 :
2712 3353 2780 3406 Et
2807 3369 2910 3423 ego
2939 3361 3169 3424 propter
3187 3354 3365 3408 Deum
3386 3352 3524 3421 fugio
3549 3349 3629 3404 abs

2072 3446 2148 3495 te.
2203 3442 2401 3496 Frater
2448 3448 2638 3496 autem
2689 3441 2784 3496 ille
2831 3448 2958 3514 post
3010 3443 3127 3497 haec
3170 3442 3406 3514 projecit
3450 3440 3628 3494 levitio-

2073 3547 2202 3585 nem
2259 3531 2388 3599 (10),
2437 3547 2551 3601 qua
2597 3537 2720 3585 erat
2757 3532 3008 3598 indutus,
3042 3539 3098 3586 et
3143 3532 3477 3603 sequebatur
3502 3545 3625 3584 eum.

2074 3620 2252 3684 Quem
2277 3636 2403 3673 cum
2428 3619 2657 3674 vidisset
2677 3636 2868 3685 senex,
2893 3620 3026 3691 quia
3044 3621 3355 3690 jartaverat
3377 3619 3629 3674 indumen-

2073 3714 2194 3763 tum
2224 3725 2409 3773 suum,
2435 3709 2703 3763 sustinuit
2731 3725 2881 3764 eum.
2915 3708 2987 3764 Et
3016 3727 3140 3764 cum
3163 3709 3629 3782 appropinquasset

2073 3797 2144 3863 ei,
2177 3797 2317 3851 dixit
2337 3798 2407 3851 ad
2444 3798 2604 3852 illum
2644 3815 2847 3853 senex:
2879 3799 3113 3863 Quando
3153 3799 3434 3870 projecisti
3479 3803 3627 3851 mate-

2073 3886 2214 3940 riam
2244 3886 2440 3940 niundi
2481 3886 2579 3940 abs
2621 3892 2698 3952 te,
2751 3893 2809 3941 et
2854 3905 2957 3959 ego
2989 3895 3044 3942 te
3069 3885 3629 3960 exspectavi.Rogabat

2074 3981 2265 4030 autem
2296 3976 2469 4030 frater
2494 3976 2608 4042 ille,
2660 3976 2849 4031 dicens
2882 3993 2892 4026 :
2925 3979 3108 4043 Pater,
3143 3978 3238 4032 dic
3269 3978 3400 4033 mihi
3434 3975 3627 4031 verbum

2074 4080 2184 4136 quo
2210 4065 2394 4119 salvus
2433 4065 2663 4120 efﬁciar.
2697 4066 2804 4130 Qui
2833 4065 2975 4121 dixit
2996 4067 3048 4121 ei
3079 4080 3091 4115 :
3123 4068 3280 4139 Fuge
3309 4067 3557 4130 homines,
3583 4067 3629 4116 et

2072 4159 2214 4216 tace,
2245 4159 2303 4208 et
2330 4154 2515 4208 salvus
2544 4154 2680 4211 eris.

2156 4268 2210 4324 11
2225 4267 2526 4324 .Narrabat
2544 4268 2771 4339 quidam
2798 4269 3080 4325 solitarius
3093 4270 3380 4336 fratribus,
3402 4268 3629 4342 quierant

2076 4356 2134 4411 in
2156 4358 2442 4429 Raythum
2469 4357 2564 4412 ubi
2585 4364 2716 4412 sunt
2735 4361 3092 4431 septuaginta
3111 4361 3338 4416 arbores
3352 4361 3627 4433 palmarum

396 4451 466 4505 Et
493 4451 790 4522 dupliciter
804 4449 1025 4504 refulsit
1047 4449 1230 4502 adhuc
1251 4448 1418 4502 facies
1439 4448 1561 4518 ejus
1588 4467 1600 4515 ;
1629 4453 1685 4502 et
1713 4465 1837 4502 ecce
1868 4443 2053 4518 ipseD
2075 4449 2118 4518 (1
2139 4446 2205 4518 l),
2231 4447 2288 4500 in
2336 4447 2536 4512 locum,
2573 4445 2670 4501 ubi
2704 4448 2980 4520 applicuit
3013 4450 3233 4521 Moyses
3274 4467 3394 4505 cum
3431 4446 3621 4521 populo,

396 4539 557 4612 quasi
571 4557 698 4594 cum
710 4537 988 4610 aliquibus
998 4536 1437 4609 loquebatur.De
1440 4537 1650 4608 precati
1661 4544 1793 4591 sunt
1803 4545 1994 4591 autem

395 4645 555 4683 senes
575 4628 1010 4695 illum,dicentes
1032 4645 1043 4680 :
1062 4629 1202 4681 Cum
1235 4643 1344 4697 quo
1367 4625 1632 4696 loqueris,
1658 4626 1867 4680 Pater?
1888 4626 1994 4690 Qui

395 4718 537 4772 dixit
564 4719 644 4773 eis
675 4731 686 4766 :
715 4716 857 4772 Ec;e
886 4716 1073 4787 angeli
1094 4721 1368 4770 venerunt
1390 4715 1641 4786 accipere
1657 4732 1764 4781 me,
1785 4721 1842 4769 et
1859 4732 1993 4786 rogo

393 4813 460 4862 ut
487 4807 740 4862 dimittar
767 4807 1037 4879 paenitere
1067 4805 1367 4860 modicum.
1391 4804 1598 4859 Dicunt
1621 4804 1671 4858 ei
1706 4805 1953 4859 seniores
1978 4823 1989 4858 :

394 4896 521 4949 Non
549 4897 764 4967 indiges
793 4895 1141 4968 pmnitentia,
1194 4895 1382 4949 Pater.
1416 4893 1569 4948 Dixit
1597 4899 1789 4948 autem
1828 4894 1938 4948 illis
1974 4913 1985 4948 :

391 4984 537 5039 Vere
566 4986 749 5040 nescio
780 4986 1055 5057 meipsum
1086 4984 1171 5039 vel
1195 4983 1422 5038 initium
1465 4983 1811 5054 poenitentia:
1840 4983 1991 5037 arri-

393 5073 605 5146 puisse.
639 5074 707 5127 Et
735 5080 1116 5144 cognoverunt
1140 5089 1334 5128 omnes
1357 5071 1490 5144 quia
1507 5073 1787 5142 perfectus
1819 5080 1985 5128 esset.

391 5163 463 5218 Et
498 5177 728 5215 rursum
773 5162 957 5216 subito
983 5163 1131 5216 facta
1169 5169 1254 5216 est
1277 5161 1444 5216 facies
1471 5162 1593 5231 ejus
1624 5161 1770 5215 sicut
1796 5163 1896 5228 sol,
1933 5167 1992 5216 et

395 5251 711 5306 timuerunt
768 5265 979 5305 omnes.
1039 5250 1189 5305 Dixit
1225 5257 1415 5305 autem
1445 5251 1526 5304 eis
1557 5267 1570 5304 :
1620 5251 1833 5316 Videte,
1869 5269 1994 5306 ecce

392 5340 668 5397 Dominus
696 5339 866 5405 venit,
901 5339 1126 5394 dicens:
1159 5341 1370 5394 Alferte
1400 5339 1540 5394 mihi
1577 5357 1668 5394 vas
1705 5341 1993 5396 electionis

392 5431 590 5488 eremi.
621 5431 692 5487 Et
719 5428 983 5484 continuo
1009 5428 1254 5482 reddidit
1281 5430 1562 5501 spiritum.
1595 5431 1664 5484 Et
1707 5430 1886 5484 factus
1909 5438 1995 5486 est

393 5521 537 5578 sicut
583 5520 792 5592 fulgur,
826 5524 885 5576 et
928 5519 1176 5593 repletus
1207 5523 1294 5574 est
1319 5524 1472 5575 totus
1509 5520 1666 5575 locus
1694 5519 1788 5575 ille
1823 5521 1993 5577 odore

393 5611 708 5673 suavitatis.

2077 4536 2301 4607 quando
2325 4553 2586 4606 egressus
2604 4541 2690 4590 est
2721 4537 2790 4591 de
2809 4543 2963 4592 terra
2989 4538 3220 4610 {Egypti
3245 4540 3426 4607 (Exod.
3449 4543 3545 4604 xv),
3563 4535 3627 4589 sic

2076 4625 2292 4680 dicens:
2326 4625 2577 4696 Cogitavi
2605 4626 2907 4696 aliquando
2923 4627 3124 4682 debere
3143 4645 3233 4683 me
3254 4627 3461 4700 ingredi
3479 4627 3531 4680 in
3553 4625 3626 4678 in-

2075 4714 2340 4769 teriorem
2370 4731 2644 4782 eremum,
2673 4715 2720 4769 si
2746 4715 2888 4771 forte
2913 4717 3226 4773 invenirem
3257 4719 3487 4790 aliquem
3514 4715 3629 4768 inte-

2075 4803 2192 4858 rius
2230 4821 2318 4858 me
2340 4804 2689 4859 habitantem
2713 4805 2770 4860 in
2797 4809 3410 4875 eremo,etservientem
3423 4804 3626 4860 Domino

2074 4901 2267 4948 nostro
2297 4895 2325 4949 J
2331 4913 2430 4949 esu
2453 4895 2694 4950 Christo.
2719 4895 3030 4951 Ambulans
3055 4905 3247 4953 autem
3278 4903 3503 4969 quatuor
3528 4891 3626 4947 dies

2073 5001 2138 5038 ac
2166 4989 2357 5039 noctes
2381 4984 2566 5038 inveni
2610 4985 2930 5057 speluncam
2955 5005 2966 5039 :
2995 4993 3198 5042 etcum
3222 4986 3624 5059 appr0pinquas-

2072 5089 2211 5140 sem,
2255 5073 2470 5145 respexi
2504 5074 2674 5142 intus,
2722 5081 2777 5130 et
2814 5076 2926 5130 vidi
2955 5077 3242 5131 sedentem
3275 5075 3551 5138 hominem,
3580 5073 3625 5122 et

2071 5163 2287 5234 pulsavi
2314 5163 2620 5218 secundum
2642 5165 3105 5220 consuetudinem
3151 5166 3546 5226 monachorum,
3573 5163 3625 5211 ut

2076 5252 2456 5322 egredientem
2486 5254 2793 5308 salutarem
2824 5257 3054 5309 eum.At
3071 5255 3162 5309 ille
3184 5272 3292 5309 non
3316 5251 3618 5309 movebatur;

2079 5343 2432 5414 requieverat
2459 5343 2609 5397 enim
2633 5343 2690 5398 in
2722 5361 2876 5416 pace.
2895 5345 3010 5415 Ego
3034 5351 3220 5399 autem
3240 5344 3377 5399 nihil
3397 5339 3622 5396 dubitans

2076 5430 2300 5485 introivi
2330 5449 2341 5483 :
2368 5437 2426 5485 et
2444 5448 2571 5486 cum
2595 5433 2902 5487 tenuissem
2935 5434 3221 5504 scapulam
3251 5431 3435 5504 ipsius,
3465 5424 3620 5482 confe-

2075 5520 2208 5576 stim
2237 5520 2544 5577 dissolutus
2573 5528 2677 5590 est,
2697 5528 2754 5578 et
2780 5522 2958 5577 factus
2976 5529 3062 5578 est
3079 5518 3479 5596 pulvis.Deinde
3495 5512 3620 5586 aspi-

2073 5608 2246 5680 ciens,
2302 5609 2418 5668 vidi
2469 5609 2750 5670 colobium
2799 5611 3087 5686 pendens;
3135 5628 3260 5668 cum
3299 5625 3422 5666 vero
3464 5612 3514 5662 et
3535 5603 3620 5658 hoc
