3976 6186
368 280 512 343 1009

1626 286 1868 345 VERBA
1904 285 2299 344 SENIORUM.

3504 288 3644 350 1010

367 408 699 476 tenuissem,
728 404 1064 463 dissolutum
1095 410 1198 476 est,
1232 412 1291 464 et
1310 408 1369 465 in
1398 408 1640 467 nihilum
1669 411 1962 471 redactum
1980 413 2031 473 Α
2050 411 2240 467 omnia
2266 410 2588 485 relinquens
2603 412 2685 469 illi
2701 413 2946 480 mulieri,
2962 411 3302 488 veniensque
3319 414 3431 471 huc
3452 412 3641 471 inveni

368 505 454 556 est
480 508 518 552 ί.

437 591 581 645 Cum
609 591 798 642 autem
828 585 898 663 de
910 585 1017 640 hoc
1028 584 1366 655 haesitarem,
1386 603 1643 658 egressus
1662 605 1787 644 sum
1811 589 1960 657 inde,

364 684 423 735 et
452 677 910 752 perambulabam
939 675 999 729 in
1026 675 1331 743 desertum,
1356 677 1413 732 in
1441 695 1552 749 quo
1580 695 1774 733 rursus
1793 680 1964 734 aliam

364 771 549 843 reperi
571 769 914 842 speluncam,
942 769 1001 818 et
1028 767 1264 839 vestigia
1292 767 1535 822 hominis
1564 767 1771 823 ibidem
1802 767 1988 826 ’.Fa-‘

364 867 487 915 ctus
516 876 644 915 sum
673 864 864 913 autem
894 857 1150 914 alacrior.
1176 856 1651 928 Appropinquans
1680 863 1870 913 autem
1890 857 1963 912 ad

364 949 546 1022 ipsam
575 949 925 1020 speluncam,
955 952 1020 1002 ut
1047 947 1253 1001 iterum
1278 946 1515 1017 pulsavi,
1550 951 1607 1001 et
1633 963 1800 1002 nemo
1822 947 1963 1002 mihi

364 1038 672 1105 obaudivit,
705 1038 994 1109 ingressus
1011 1035 1432 1091 nulluminveni
1457 1054 1468 1089 :
1500 1040 1656 1090 stans
1681 1041 1871 1091 autem
1885 1036 1963 1092 foe

362 1145 458 1184 ras
486 1128 834 1200 speluncam,
866 1125 1119 1181 dicebam
1150 1125 1301 1179 intra
1327 1125 1608 1196 meipsum
1643 1144 1655 1179 :
1690 1125 1835 1189 Quia
1870 1126 1962 1182 hic

362 1223 589 1290 oportet
617 1217 805 1271 venire
835 1217 984 1271 hunc
1020 1231 1241 1270 servum
1272 1213 1393 1280 Dei,
1417 1213 1736 1286 ubicunque
1764 1215 1955 1271 fuerit.

363 1307 505 1361 Cum
538 1323 667 1361 vero
691 1307 812 1376 jam
834 1304 1178 1376 praeterisset
1200 1302 1339 1368 dies,
1357 1302 1466 1356 vidi
1489 1302 1725 1357 bubalos
1738 1304 1962 1359 venien-

363 1400 466 1462 tes,
487 1400 544 1449 et
573 1395 732 1449 illum
762 1409 985 1449 servum
1013 1392 1114 1447 Dei
1135 1392 1449 1446 venientem
1469 1408 1601 1446 cum
1622 1392 1703 1447 eis
1723 1393 1961 1461 nudum,

363 1484 434 1538 de
451 1483 673 1554 capillis
688 1482 1099 1554 cooperientem
1123 1497 1246 1552 quae
1274 1481 1571 1535 inhonesta
1595 1487 1758 1536 erant
1772 1497 1965 1553 corpo-

361 1571 441 1627 ris
481 1571 589 1626 sui.
636 1572 744 1637 Qui
780 1570 1239 1643 appropinquans
1285 1569 1443 1637 mihi,
1488 1570 1843 1625 existimabat
1871 1587 1963 1625 me

361 1660 622 1733 spiritum
651 1677 791 1727 esse,
825 1665 881 1715 et
903 1660 1059 1714 stetit
1074 1658 1146 1713 ad
1177 1659 1508 1714 orationem.
1542 1660 1686 1715 Nam
1712 1661 1955 1715 multum

2045 500 2191 555 hanc
2217 501 2562 572 speluncam,
2591 508 2761 574 atque
2789 503 3001 558 fontem
3043 504 3209 569 hunc,
3240 509 3297 559 et
3318 505 3488 559 istam
3518 505 3642 577 pal-

2047 606 2198 644 mam
2220 590 2547 645 afferentem
2577 591 2713 647 mihi
2742 590 3044 664 botryones
3072 593 3367 648 duodecim
3388 594 3640 666 dactylo-

2046 695 2172 733 rum
2198 698 2209 732 :
2238 696 2338 751 per
2364 666 2616 750 singulos
2636 697 2856 735 menses
2880 682 3043 737 affert
3066 681 3204 736 mihi
3219 699 3394 738 unum
3418 681 3643 755 botryo-

2046 785 2194 834 nem,
2230 771 2327 840 qui
2348 769 2489 823 mihi
2516 769 2724 825 sufficit
2752 771 2983 841 triginta
3012 770 3229 839 diebus,
3261 777 3318 826 et
3346 777 3475 844 post
3490 772 3642 827 hunc

2045 863 2367 913 maturatur
2392 859 2552 913 alter.
2580 859 2717 913 Post
2733 864 2958 931 tempus
2982 865 3171 915 autem
3201 861 3441 915 multum
3459 876 3642 916 creve-

2044 953 2179 1002 runt
2206 948 2392 1019 capilli
2424 947 2553 1014 mei,
2586 952 2644 1003 et
2674 964 2802 1002 cum
2825 950 2946 1019 jam
2974 948 3461 1021 disrumperentur
3478 950 3642 1005 vesti-

2043 1042 2235 1092 menta
2284 1053 2430 1101 mea,
2463 1037 2533 1091 de
2582 1036 2737 1109 ipsis,
2774 1054 2944 1109 quam
2988 1038 3165 1105 decet,
3196 1043 3414 1110 partem
3444 1038 3640 1113 operui

2041 1126 2289 1199 corporis
2315 1127 2447 1181 mei.
2698 1132 2703 1137 '

2111 1216 2258 1271 Dum
2288 1222 2481 1270 autem
2509 1231 2735 1270 rursum
2760 1231 2891 1271 eum
2920 1216 3349 1287 interrogarem,
3376 1217 3423 1271 si
3441 1217 3500 1272 in
3522 1216 3640 1290 pri-

2046 1305 2281 1360 mordiis
2307 1305 2697 1360 difﬁcultatem
2722 1303 3011 1359 habuisset
3026 1304 3255 1371 ibidem,
3280 1306 3362 1360 ait
3379 1306 3516 1360 mihi
3539 1325 3553 1361 :
3577 1307 3643 1361 In

2046 1394 2225 1449 initiis
2246 1394 2486 1449 afflictus
2496 1411 2662 1449 suum
2678 1394 3040 1463 valde“;
3054 1394 3245 1449 dolore
3255 1394 3569 1465 jecoris,ita
3579 1400 3643 1450 ut

2046 1483 2205 1538 humi
2215 1484 2409 1554 jacens
2431 1499 2545 1537 non
2574 1499 2797 1554 possem
2815 1488 2971 1538 stans
3000 1483 3280 1554 psalmum
3303 1483 3509 1551 dicere,
3544 1484 3643 1539 sed

2044 1576 2361 1643 prostratus
2388 1571 2447 1626 in
2462 1578 2635 1637 terra,
2666 1571 2978 1626 clamabam
3007 1572 3078 1626 ad
3105 1572 3479 1627 Altissimum.
3502 1573 3644 1628 Cum

2046 1666 2235 1716 autem
2258 1660 2315 1715 in
2338 1661 2604 1733 spelunca
2628 1678 2808 1715 essem
2834 1661 2893 1715 in
2922 1661 3114 1716 dolore
3138 1660 3323 1715 valido
3353 1664 3523 1733 atque
3552 1662 3647 1717 de-

360 1755 616 1805 tentatus
638 1748 1186 1821 fuerataspiritibus,
1202 1748 1349 1803 sicut
1372 1748 1489 1820 ipse
1505 1754 1699 1820 postea
1719 1748 1957 1804 dicebat.
1977 1733 2024 1793 B
2042 1750 2376 1815 fectione,ut
2395 1751 2567 1805 etiam
2586 1767 2689 1805 nec
2715 1750 2907 1821 egredi
2917 1752 3034 1821 jam
3067 1766 3309 1821 possem.
3327 1750 3439 1805 vidi
3459 1751 3643 1806 virum

362 1839 482 1910 Ego
510 1843 701 1893 autem
729 1839 846 1893 haec
872 1837 1482 1909 intelligens,dicebam
1516 1838 1566 1891 ei
1603 1857 1614 1892 :
1648 1839 1815 1894 Serve
1834 1839 1956 1906 Dei,

361 1935 420 1983 et
446 1945 551 2000 ego
581 1927 749 1983 homo
770 1944 895 1982 sum
910 1946 923 1994 ;
939 1926 1064 1981 vide
1076 1927 1308 1998 vestigia
1324 1943 1448 1981 mea
1467 1933 1523 1981 et
1537 1932 1822 1982 contrecta
1843 1944 1953 1993 me,

360 2017 497 2089 quia
526 2033 657 2071 caro
675 2022 730 2071 et
757 2016 989 2088 sanguis
1008 2033 1155 2070 sum.
1179 2016 1321 2071 Cum
1350 2032 1479 2070 vero
1499 2022 1627 2087 post
1646 2017 1962 2071 orationem

360 2107 510 2162 dicto
529 2108 732 2174 Amen,
764 2106 1099 2178 respexisset
1119 2121 1207 2158 me
1237 2110 1294 2160 et
1312 2105 1630 2160 consolatus
1648 2105 1865 2171 fuisset,
1880 2105 1963 2159 in-

358 2195 611 2250 troduxit
635 2212 724 2250 me
758 2194 817 2250 in
869 2195 1288 2267 speluncam,et
1317 2193 1703 2265 interrogabat
1729 2211 1838 2261 me,
1874 2194 1963 2248 di-

358 2302 491 2340 cens
515 2303 527 2338 :
549 2285 838 2350 Quomodo
854 2285 966 2339 huc
985 2283 1299 2339 advenisti?
1318 2284 1421 2338 Cui
1444 2300 1547 2355 ego
1566 2283 1680 2337 dixi
1704 2302 1716 2336 :
1750 2282 1960 2355 Requi-

357 2374 521 2431 rendi
539 2375 728 2447 gratia
748 2391 937 2429 servos
966 2374 1068 2429 Dei
1092 2374 1216 2428 veni
1240 2373 1297 2428 in
1321 2374 1465 2427 hanc
1489 2373 1872 2440 solitudinem,
1903 2378 1962 2429 et

358 2482 474 2520 non
503 2481 594 2519 me
621 2464 901 2519 fraudavit
927 2464 1076 2518 Deus
1103 2479 1138 2517 a
1165 2463 1441 2517 desiderio
1470 2480 1612 2517 meo.

429 2546 551 2626 Ego
581 2561 770 2609 autem
792 2553 1135 2623 interrogavi
1163 2569 1292 2607 eum
1323 2569 1537 2618 rursus,
1563 2552 1754 2607 dicens
1777 2571 1788 2606 :
1815 2552 1961 2617 Quo-

364 2644 532 2699 modo
572 2648 631 2699 et
655 2649 720 2698 tu
752 2644 860 2698 huc
882 2643 1103 2709 venisti,
1137 2648 1193 2697 et
1225 2647 1497 2713 quantum
1516 2646 1741 2713 tempus
1762 2641 1953 2708 habes,

359 2738 459 2788 aut
479 2733 628 2804 quod
649 2738 739 2787 est
753 2733 1083 2787 alimentum
1104 2737 1285 2798 tuum,
1319 2731 1400 2786 vel
1432 2731 1710 2802 quomodo
1724 2747 1852 2786 cum
1881 2731 1959 2786 sis

358 2823 565 2885 nudus,
602 2839 715 2876 non
748 2821 965 2893 indiges
1000 2820 1374 2875 vestimento?
1397 2820 1506 2884 Qui
1543 2819 1685 2874 dixit
1713 2819 1854 2874 mihi
1875 2818 1899 2853 ³
1939 2837 1951 2874 :

356 2910 477 2983 Ego
504 2911 563 2965 in
593 2910 844 2965 cmnobio
900 2927 1055 2965 eram
1086 2908 1324 2965 Thebeae
1354 2909 1487 2980 [Al.,
1546 2909 1865 2979 Thebaida],
1902 2915 1960 2963 et

358 3017 498 3074 opus
516 3016 705 3056 meum
733 3005 857 3055 erat
880 2999 980 3054 lini
1001 3004 1258 3053 textura:
1291 2997 1633 3052 subintravit
1679 3002 1870 3053 autem
1899 2998 1958 3052 in

2042 1838 2351 1893 intrantem
2372 1843 2430 1893 et
2451 1839 2615 1909 juxta
2637 1843 2881 1893 stantem
2910 1854 2975 1892 ac
3003 1837 3281 1893 dicentem
3297 1838 3434 1893 mihi
3457 1857 3470 1891 :
3498 1839 3645 1904 Quid

2043 1927 2292 1999 pateris?
2314 1928 2429 1998 Ego
2459 1933 2648 1982 autem
2666 1927 3013 1982 confortatus
3036 1927 3107 1981 ab
3134 1944 3200 1982 eo
3221 1926 3644 1995 modicum,dixi

2045 2018 2097 2071 ei
2124 2035 2136 2071 :
2164 2018 2355 2088 Hepar
2386 2016 2567 2071 doleo.
2599 2016 2707 2081 Qui
2735 2016 2876 2071 dixit
2901 2017 3040 2071 mihi
3066 2035 3078 2071 :
3131 2015 3238 2072 Ubi
3277 2017 3473 2072 doles?
3501 2018 3643 2073 Cum

2048 2122 2067 2156 ι
2083 2122 2179 2161 ero
2202 2106 2576 2161 ostendissem
2592 2105 2663 2171 ei,
2679 2104 2885 2176 digitos
2899 2122 3101 2161 manus
3130 2123 3245 2161 suae
3272 2106 3332 2161 in
3364 2106 3643 2163 directum

2044 2195 2417 2267 conjungens,
2460 2193 2649 2249 divisit
2676 2195 2858 2249 locum
2889 2195 3049 2249 illum
3078 2201 3353 2267 tanquam
3383 2213 3485 2268 per
3524 2198 3644 2268 gla-

2044 2285 2221 2350 dium,
2243 2290 2300 2340 et
2314 2284 2558 2339 avellens
2568 2284 2749 2355 jecur,
2765 2285 3013 2339 ostendit
3034 2285 3173 2340 mihi
3201 2286 3454 2353 vulnera,
3478 2291 3535 2341 et
3548 2303 3642 2342 ra-

2042 2393 2104 2431 so
2131 2377 2322 2447 jecore
2352 2391 2525 2429 manu
2555 2391 2660 2429 sua
2687 2375 2745 2430 in
2768 2391 3019 2447 pannum
3045 2375 3196 2447 ipsas
3225 2376 3439 2431 scabies
3465 2375 3637 2443 misit,

2042 2470 2213 2538 atque
2239 2481 2467 2520 rursum
2489 2464 2676 2536 ipsum
2699 2465 2863 2535 jecur
2887 2465 3180 2537 imponens
3213 2465 3475 2520 manibus
3503 2465 3639 2534 suis,

2041 2554 2226 2610 locum
2258 2555 2441 2626 ipsum
2456 2553 2710 2609 reclusit.
2727 2554 2796 2608 Et
2814 2553 2896 2608 ait
2920 2554 3058 2608 mihi
3084 2572 3097 2608 :
3113 2553 3256 2609 Ecce
3273 2571 3445 2609 sanus
3462 2554 3643 2610 factus

2041 2660 2120 2711 es,
2144 2643 2287 2699 servi
2314 2643 2553 2698 Domino
2582 2647 2774 2699 nostro
2802 2644 2935 2698 Jesu
2969 2642 3190 2698 Christo
3221 2644 3366 2698 sicut
3393 2648 3635 2715 oportet.

2041 2732 2111 2787 Et
2131 2749 2200 2788 ex
2219 2732 2545 2787 tunciactus
2575 2749 2699 2787 sum
2731 2749 2920 2798 sanus,
2945 2737 3003 2787 et
3030 2732 3151 2787 sine
3166 2731 3356 2787 labore
3371 2734 3494 2804 jam
3510 2749 3635 2787 sum

2038 2820 2150 2874 hic.
2176 2820 2292 2891 Ego
2306 2825 2498 2875 autem
2521 2820 2763 2875 multum
2796 2820 2953 2875 illum
2976 2820 3169 2891 rogavi
3189 2825 3255 2875 ut
3275 2836 3563 2875 manerem
3580 2820 3638 2876 in

2038 2908 2365 2964 interiorem
2389 2925 2663 2963 eremum.
2684 2910 2753 2964 Et
2770 2909 2850 2964 ait
2866 2910 3034 2964 mihi:
3060 2911 3185 2965 Non
3207 2916 3367 2982 potes
3403 2911 3638 2965 sufferre

2040 2998 2358 3054 daemonum
2389 2998 2654 3069 impetus.
2690 2998 2757 3052 Et
2785 3015 2888 3068 ego
2918 2998 3022 3052 hoc
3042 2998 3227 3069 ipsum
3255 2998 3636 3065 considerans,

359 3090 613 3145 animum
634 3107 823 3145 meum
852 3088 1148 3160 cogitatus,
1172 3088 1380 3143 utinde
1398 3087 2018 3159 exienssingularitercl
2043 3087 2313 3159 rogabam
2344 3092 2409 3142 ut
2436 3103 2605 3142 orans
2642 3103 2744 3159 pro
2781 3102 2871 3141 me
2898 3085 3212 3141 dimitteret
3233 3103 3342 3141 me.
3376 3087 3483 3151 Qui
3510 3103 3638 3141 cum

359 3180 653 3235 sederem:
688 3186 746 3235 et
774 3179 1005 3251 poteris,
1032 3177 1235 3250 inquit,
1269 3176 1494 3248 quietus
1525 3194 1664 3244 esse,
1699 3182 1757 3231 et
1778 3177 1955 3231 susci-

358 3287 492 3341 pere
503 3270 913 3342 peregrinos,et
925 3268 1230 3340 pluriorem
1244 3268 1559 3322 mercedem
1571 3266 1776 3322 habere
1790 3284 1853 3321 ex
1865 3283 1951 3334 eo,

359 3360 509 3433 quod
551 3359 879 3432 acquisieris
921 3358 991 3413 d3
1038 3373 1206 3429 Opere
1237 3363 1354 3411 tuo.
1378 3357 1454 3412 Ut
1480 3362 1671 3411 autem
1702 3356 1957 3411 consensi

358 3450 683 3522 cogitationi
703 3449 852 3516 huic,
880 3453 936 3502 et
964 3464 1132 3520 opere
1167 3446 1369 3518 perfeci
1400 3462 1544 3511 eam,
1565 3445 1753 3499 exiens
1773 3444 1950 3499 aediﬁ-

357 3539 477 3594 cavi
506 3538 645 3593 mihi
678 3537 1102 3603 monasterium,
1129 3536 1319 3607 ibique
1357 3534 1654 3589 veniebant
1680 3534 1776 3605 qui
1818 3533 1958 3589 mihi

355 3626 729 3700 injungebant
759 3644 917 3699 Opus.
948 3627 1201 3696 Cumque
1220 3626 1338 3696 jam
1370 3624 1608 3678 multum
1630 3628 1778 3678 esset
1807 3624 1958 3694 quod

355 3733 846 3789 congregaveram,
860 3715 1192 3770 festinabam
1209 3713 1546 3786 pauperibus
1558 3730 1622 3767 ac
1642 3714 1955 3784 peregrinis

353 3807 494 3862 illud
538 3805 893 3860 distribuere.
926 3806 1034 3860 Sed
1084 3802 1436 3858 adversarius
1465 3808 1656 3856 noster
1696 3802 1952 3857 diabolus

352 3895 611 3952 invidens
642 3894 801 3961 mihi,
827 3894 972 3948 sicut
999 3899 1056 3948 et
1084 3909 1306 3964 semper
1335 3898 1392 3946 et
1414 3897 1567 3957 tunc,
1601 3892 1847 3946 futuram
1892 3892 1952 3947 in

352 4003 442 4041 me
458 3984 581 4040 fieri
593 3984 1020 4040 retributionem
1036 3980 1467 4037 macliinabatur
1481 3980 1791 4046 auferre,eo
1804 3982 1952 4053 quod

355 4073 694 4129 festinabam
740 4072 959 4127 labores
983 4088 1139 4126 meos
1167 4072 1283 4127 Deo
1313 4071 1532 4125 offerre.
1562 4070 1771 4125 Videns
1801 4070 1952 4125 enim

350 4168 522 4219 unam
545 4163 819 4234 virginem
838 4179 1057 4217 sacram
1074 4161 1464 4232 injungentem
1493 4158 1633 4213 mihi
1658 4160 1954 4231 species,et

353 4271 447 4310 eas
463 4271 554 4308 me
569 4252 953 4324 perﬁcientem
980 4256 1149 4323 atque
1173 4250 1521 4315 reddentem,
1549 4248 1787 4303 immisit
1808 4248 1859 4302 ei
1889 4254 1953 4303 ut

351 4358 548 4396 rursus
586 4339 725 4394 mihi
754 4339 892 4393 alias
931 4339 1301 4393 demandaret
1324 4337 1554 4409 species.
1595 4339 1664 4391 At
1691 4353 1820 4391 vero
1852 4335 1947 4390 ubi

2038 3181 2272 3243 orasset,
2291 3175 2505 3231 dimisit
2523 3192 2632 3230 me.
2657 3176 2788 3231 Haec
2812 3173 2968 3230 vobis
2996 3175 3220 3230 narravi
3251 3175 3639 3230 aedificationis

2036 3265 2240 3337 gratia.

2114 3354 2200 3412 1‘2.
2225 3353 2459 3410 Dicebat
2494 3370 2689 3410 rursus
2707 3353 2851 3408 alius
2872 3352 3074 3408 senex‘
3089 3371 3100 3407 :
3117 3352 3226 3417 Qui
3246 3352 3417 3408 etiam
3433 3351 3638 3423 dignus

2040 3445 2269 3499 effectus
2299 3449 2385 3499 est
2417 3444 2708 3515 episcOpus
2742 3443 2981 3498 civitatis
3002 3442 3340 3515 Oxyrynchi,
3365 3447 3638 3514 tanquam

2040 3533 2111 3587 ab
2141 3533 2253 3587 alio
2282 3534 2401 3588 haec
2430 3533 2698 3598 audisset,
2734 3532 2830 3587 sed
2849 3532 2968 3603 ipse
3000 3536 3123 3586 erat
3150 3530 3247 3603 qui
3276 3532 3382 3587 hoc
3403 3531 3632 3588 iecerat.

2039 3623 2236 3677 Visum
2257 3623 2569 3694 est,iuquit,
2594 3621 2732 3676 mihi
2759 3621 3061 3693 aliquando
3075 3621 3288 3675 intrare
3309 3620 3368 3675 in
3396 3621 3633 3677 interio-

2039 3727 2158 3765 rem
2218 3726 2490 3776 eremum,
2527 3726 2649 3781 quae
2688 3716 2775 3765 est
2820 3710 2968 3764 circa
2995 3709 3162 3775 Oasa,
3205 3709 3302 3764 ubi
3327 3725 3506 3780 genus
3549 3716 3637 3766 est

2037 3800 2386 3865 Mazicorum,
2421 3805 2489 3855 ut
2523 3799 2853 3865 viderem,si
2882 3799 3026 3853 forte
3055 3798 3365 3854 invenirem
3390 3798 3635 3871 aliquem

2034 3891 2257 3945 Christo
2287 3889 2641 3945 servientem.
2675 3890 2913 3944 Sumens
2933 3887 3124 3960 itaque
3149 3903 3358 3960 paucos
3387 3888 3636 3960 paxima-

2032 3985 2139 4046 tes,
2173 3985 2230 4033 et
2260 3977 2421 4050 quasi
2469 3978 2690 4032 dierum
2733 3982 2978 4049 quatuor
3025 3992 3232 4049 aquam
3258 3976 3318 4031 in
3348 3993 3496 4044 vase,
3526 3977 3637 4033 iter

2033 4084 2221 4123 meum
2269 4066 2561 4122 faciebam.
2593 4067 2914 4121 Transactis
2958 4083 3089 4121 vero
3129 4071 3373 4138 quatuor
3412 4064 3630 4131 diebus,

2034 4158 2492 4228 consumptisque
2512 4155 2670 4220 cibis,
2703 4154 3089 4227 exspectabam
3119 4155 3254 4226 quid
3283 4170 3528 4225 agerem.
3561 4154 3633 4208 Et

2033 4246 2317 4300 confidens
2358 4244 2486 4299 dedi
2523 4244 2803 4314 meipsum
2834 4243 2905 4298 ad
2935 4243 3303 4315 pergendum.
3333 4241 3629 4297 Ambulavi

2034 4350 2257 4405 quoque
2286 4333 2426 4389 alios
2442 4338 2687 4404 quatuor
2700 4332 2821 4386 dies
2838 4332 2959 4386 sine
2974 4331 3096 4386 cibo
3126 4331 3632 4403 perdurans.Cum-

345 4431 466 4502 jam
496 4429 842 4484 consuetudo
865 4428 1011 4483 facta
1034 4433 1120 4483 est
1138 4444 1203 4482 ac
1228 4427 1429 4481 ﬁducia
1448 4422 1645 4496 major,
1666 4431 1948 4497 postremo
1968 4415 2016 4474 D
2035 4439 2143 4494 que
2169 4423 2448 4493 jejunium
2482 4427 2540 4475 et
2568 4420 2817 4475 laborem
2861 4420 3080 4475 itineris
3121 4419 3265 4474 ferre
3295 4434 3407 4473 non
3438 4423 3629 4490 posset

351 4521 522 4575 etiam
553 4525 738 4574 tactus
757 4534 1027 4573 manuum
1048 4523 1102 4572 et
1124 4518 1291 4581 risus,
1312 4532 1375 4570 ac
1399 4515 1568 4570 simul
1595 4532 1943 4582 convescere,

350 4611 419 4666 ad
450 4611 716 4665 ultimum
737 4609 1095 4679 concepimus
1124 4608 1393 4672 dolorem,
1413 4611 1470 4659 et
1488 4604 1807 4676 peperimus
1835 4603 1946 4658 ini-

349 4700 644 4773 quitatem.
674 4701 815 4755 Cum
832 4704 1019 4752 autem
1041 4696 1370 4750 mansissem
1386 4695 1442 4748 in
1460 4693 1657 4748 eadem
1677 4693 1840 4747 ruina
1851 4710 1946 4747 sex

348 4787 657 4855 mensibus,
689 4794 882 4860 postea
911 4785 1170 4858 cogitavi.
1204 4785 1397 4839 dicens
1426 4801 1437 4836 :
1473 4782 1617 4847 Quia
1638 4788 1738 4836 aut
1756 4781 1942 4846 hodie,

347 4883 448 4933 aut
473 4877 738 4942 crastino,
766 4881 867 4931 aut
881 4881 1008 4948 post
1029 4875 1236 4929 multos
1261 4890 1438 4928 annos
1458 4871 1625 4927 morti
1662 4870 1940 4938 addictus,

346 4973 621 5023 aeternum
653 4965 870 5021 habebo
899 4964 1258 5036 supplicium.
1285 4963 1345 5017 Si
1376 4961 1527 5016 enim
1556 4960 1683 5032 quis
1711 4976 1945 5014 uxorem

344 5056 591 5113 hominis
607 5053 1093 5126 violaverit,puenis
1107 5052 1332 5108 mternis
1345 5051 1597 5121 legitime
1610 5048 1939 5120 subjacebit;

345 5145 575 5220 quantis
588 5145 887 5201 tormentis
905 5144 1108 5215 dignus
1127 5147 1229 5208 est,
1248 5140 1345 5212 qui
1368 5138 1576 5195 Christi
1606 5138 1946 5210 stupraverit

343 5234 646 5311 sponsam?
671 5235 743 5290 Et
775 5233 854 5289 sic
879 5233 1093 5289 occulte
1148 5232 1207 5286 in
1237 5231 1383 5285 hanc
1410 5244 1665 5284 eremum
1696 5228 1939 5296 cucurri,

421 5380 440 5415 ¹
479 5377 676 5454 Simile
705 5376 841 5454 quid
862 5375 949 5454 vel
978 5374 1130 5454 idem
1166 5373 1228 5429 in
1253 5371 1604 5454 Vitaﬁsancti
1644 5370 1942 5454 Onuphrii,

343 5442 1180 5575 Sap.e2h£;ray3$%l;rggt:sm,
1218 5445 1369 5517 apud
1395 5443 1645 5512 Surium,
1676 5442 1815 5498 toni.
1839 5442 1941 5512 III,

384 5540 417 5575 8
445 5539 473 5575 8
1122 5556 1137 5572 ο

343 5520 432 5580 (ιε’
445 5538 507 5577 se
540 5520 737 5577 narrat
762 5520 1137 5591 Paphnutius.

414 5591 439 5630 ²
466 5594 534 5651 In
558 5591 692 5650 Vita
721 5590 904 5649 sancti
933 5587 1213 5667 Onuphrii
1230 5588 1353 5661 jam
1381 5586 1573 5656 citata,
1608 5600 1657 5646 c.
1692 5582 1745 5644 3.

2030 4528 2232 4584 corpus
2262 4528 2470 4573 meum,
2490 4510 2550 4565 in
2574 4510 3096 4582 pusillanimitatem
3118 4508 3263 4575 veni,
3287 4525 3351 4563 ac
3375 4508 3455 4563 sic
3470 4509 3627 4579 jace-

2031 4602 2159 4656 bam
2188 4602 2245 4655 in
2266 4600 2699 4655 terra.Veniens
2729 4606 2919 4654 autem
2950 4598 3198 4670 quidam,
3225 4597 3401 4669 digito
3425 4614 3526 4652 suo
3548 4601 3630 4651 te-

2029 4691 2161 4761 tigit
2187 4690 2335 4745 labia
2366 4705 2511 4756 mea,
2544 4695 2814 4761 tanquam
2842 4688 2889 4742 si
2917 4687 3167 4742 medicus
3207 4687 3277 4741 de
3304 4691 3471 4758 sputo
3494 4702 3629 4740 ocu-

2031 4781 2150 4835 lum
2180 4784 2499 4852 percurrat;
2530 4779 2723 4833 statim
2750 4792 2878 4831 vero
2908 4775 3251 4831 confortatus
3274 4791 3419 4841 sum,
3448 4775 3531 4829 ita
3560 4781 3627 4829 ut

2028 4874 2290 4943 putarem
2319 4885 2411 4922 me
2443 4884 2626 4940 neque
2652 4865 2989 4931 ambulasse,
3010 4880 3191 4936 neque
3210 4864 3416 4918 famem
3436 4868 3628 4936 pertu-

2027 4960 2179 5015 lisse.
2196 4960 2338 5014 Cum
2364 4974 2499 5028 ergo
2528 4956 2790 5012 vidissem
2809 4954 3127 5010 venientem
3151 4953 3210 5007 in
3238 4969 3329 5007 me
3356 4952 3626 5008 virtutem

2024 5048 2189 5115 hanc,
2224 5058 2459 5118 surgens
2490 5043 2951 5119 perambulabam
2992 5043 3299 5098 desertum.
3321 5041 3629 5097 Praeteritis

2026 5137 2216 5209 itaque
2231 5136 2356 5191 aliis
2377 5141 2623 5208 quatuor
2639 5134 2857 5217 diebus,
2891 5148 3116 5188 rursum
3139 5130 3407 5202 fatigatus
3427 5130 3623 5186 deieci.

2029 5228 2280 5299 Cumque
2313 5224 2687 5281 extendissem
2718 5239 2921 5278 manus
2966 5237 3121 5277 meas
3148 5220 3207 5276 in
3244 5220 3467 5287 coelum,
3500 5234 3627 5275 ecce

2098 5369 2122 5403 ³
2150 5371 2215 5425 In
2243 5369 2374 5423 Vita
2412 5366 2691 5439 Onuphrii
2722 5367 2846 5439 jam
2892 5365 3086 5434 citata,
3118 5381 3168 5425 c.
3197 5363 3252 5432 5,
3283 5367 3512 5420 vocatur
3535 5361 3627 5418 hic

2028 5440 2265 5496 eremita
2290 5439 2642 5496 Timotheus.

2026 5585 2055 5639 1
2097 5511 2292 5640 ‘tgide
2321 5516 2379 5566 et
2397 5527 2587 5583 supra,
2616 5510 2655 5565 l.
2690 5527 2727 5579 ι,
2756 5510 2814 5565 in
2831 5509 2965 5566 Vita
2991 5508 3169 5565 sancti
3188 5504 3481 5579 Onuphrii,
3499 5518 3624 5575 cap.

2084 5599 2114 5639 e
2202 5622 2214 5636 .
