3976 6186
380 231 519 290 1011

1497 237 1593 294 DE
1630 237 1820 297 VITIS
1856 237 2155 298 PATRUM
2189 239 2406 298 LIBER
2443 240 2538 296 VI.

3519 244 3646 320 1012

381 359 468 442 vir
493 360 610 431 ille,
642 361 740 434 qui
761 361 980 434 pridem
1007 377 1099 416 me
1124 359 1554 432 confortaverat,
1578 364 1784 420 iterum
1804 364 1979 436 digito
1995 369 2252 433 Atatem,
2267 370 2326 420 et
2353 365 2643 421 dimittens
2655 363 2890 420 fratrem
2907 363 3089 429 illum,
3105 364 3507 422 recessit.Cum
3522 385 3645 426 vero

384 465 487 519 suo
511 451 672 521 quasi
695 451 897 506 liniens
926 449 1075 505 labia
1104 467 1250 516 mea,
1281 452 1614 508 confortavit
1632 454 1979 510 me.Peracti

385 545 520 594 sunt
543 545 730 595 autem
760 539 881 593 dies
908 539 1101 594 decem
1128 545 1182 594 et
1204 546 1440 612 septem,
1464 548 1519 598 et
1543 549 1671 614 post
1694 543 1809 598 haec
1829 544 1980 598 inve-

382 627 477 683 nio
504 628 816 699 tugurium,
834 633 890 682 et
905 628 1162 684 arborem
1178 630 1396 702 palmae,
1418 637 1476 686 et
1501 631 1682 686 virum
1711 638 1976 702 stantem,

381 717 546 788 cujus
565 716 753 788 capilli
768 717 968 788 capitis
985 724 1150 773 erant
1175 735 1278 790 pro
1305 719 1638 776 indumento
1666 721 1861 794 ipsius;
1881 723 1978 794 qui

381 806 566 878 capilli
607 799 815 863 canitie
856 809 979 878 ejus
1016 815 1180 864 erant
1211 809 1435 865 candidi
1464 827 1564 882 per
1590 816 1793 867 totum.
1847 814 1982 869 Erat

382 900 572 949 autem
604 901 662 950 et
687 895 961 951 terribilis
1002 902 1251 969 aspectu.
1299 899 1553 970 Cumque
1591 900 1820 956 vidisset
1864 919 1976 967 me,

383 984 542 1039 stetit
563 985 633 1038 ad
663 985 998 1040 orationem.
1029 987 1098 1042 Et
1125 987 1343 1059 expleto
1370 989 1570 1056 Amen,
1603 991 1862 1061 cognovit
1888 1008 1979 1046 me

381 1089 504 1128 esse
525 1073 830 1142 hominem,
853 1079 1160 1148 teneasque
1181 1077 1320 1132 mihi
1339 1094 1571 1133 manum
1593 1078 1983 1151 interrogabat

382 1178 492 1228 me,
525 1162 717 1217 dicens
757 1183 768 1218 ε
802 1163 1094 1229 Quomodo
1139 1167 1250 1221 huc
1290 1167 1585 1235 advenisti,
1617 1174 1676 1223 et
1713 1169 1760 1224 si
1795 1170 1978 1225 adhuc

381 1256 645 1306 constant
669 1253 863 1307 omnia
891 1270 1014 1324 quae
1038 1260 1174 1310 sunt
1196 1255 1255 1310 in
1269 1257 1500 1322 mundo,
1524 1256 1572 1311 si
1599 1257 1782 1312 adhuc
1806 1259 1978 1314 etiam

383 1346 516 1396 sunt
543 1343 996 1412 persecutiones?
1019 1344 1134 1414 Ego
1162 1350 1350 1399 autem
1373 1345 1489 1400 dixi
1515 1346 1568 1400 ei
1592 1365 1606 1400 :
1629 1347 1816 1402 Vestri
1843 1366 1976 1419 gra-

383 1429 486 1496 tia,
516 1430 614 1501 qui
658 1429 717 1484 in
745 1431 980 1486 veritate
1009 1431 1247 1487 Domino
1288 1434 1422 1488 Jesu
1467 1434 1688 1490 Christo
1735 1437 1974 1499 servitis,

390 1516 536 1573 lianc
562 1518 888 1590 perambula
929 1537 1213 1589 eremum;
1244 1523 1560 1594 persecutio
1590 1541 1720 1579 vero
1745 1527 1984 1582 cessavit

2059 455 2281 510 sederet
2309 455 2458 509 foras
2499 454 2781 509 civitatem
2809 454 2870 508 in
2908 454 3274 520 monasterio,
3307 454 3366 510 in
3392 473 3502 528 quo
3529 465 3646 514 erat

2061 543 2288 616 quidam
2317 543 2598 610 habitans,
2630 543 2730 614 qui
2748 541 2994 598 habebat
3022 559 3231 598 nomen
3259 545 3421 617 quasi
3465 548 3649 619 magni

2060 633 2316 702 solitarii,
2344 633 2464 705 ipse
2500 649 2629 687 vero
2655 631 2941 687 solitarius
2978 631 3242 688 infirmus
3268 639 3412 702 erat,
3441 652 3656 709 exspec-

2059 727 2186 777 tans
2210 723 2404 777 horam
2431 721 2630 777 mortis
2646 737 2782 779 suae.
2811 721 3012 776 Frater
3030 721 3126 776 ille
3149 721 3246 794 qui
3274 721 3481 778 ibidem
3501 742 3655 781 vene-

2059 816 2168 879 rat,
2198 811 2426 866 videbat
2453 811 2692 866 multam
2713 814 3186 882 praeparationem
3216 811 3342 867 ﬁeri
3369 829 3652 870 cereorum

2059 905 2118 954 et
2146 900 2532 972 lampadarum
2559 904 2794 971 propter
2820 899 3141 954 solitarium
3178 899 3360 967 illum,
3389 906 3654 974 tanquam

2060 1005 2163 1060 per
2193 989 2378 1060 ipsum
2407 989 2557 1044 Deus
2587 1004 2792 1060 panem
2822 994 2880 1042 et
2905 1005 3112 1060 aquam
3128 988 3656 1046 inhabitantibusci-

2060 1078 2292 1133 vitatem
2321 1078 2478 1132 illam
2505 1082 2802 1149 praestaret
2829 1084 2999 1148 atque
3028 1078 3274 1133 salvaret
3293 1095 3407 1146 eos,
3438 1085 3497 1135 et
3519 1081 3659 1136 dice-

2059 1165 2230 1223 bant:
2257 1167 2315 1222 Si
2339 1167 2430 1222 hic
2458 1166 2686 1233 finierit,
2717 1167 2886 1221 simul
2915 1183 3112 1222 omnes
3141 1167 3472 1224 moriemur.
3491 1169 3654 1229 Facta

2059 1262 2251 1310 autem
2279 1257 2462 1311 exitus
2492 1257 2615 1327 ejus
2644 1255 2804 1321 hora,
2834 1255 2974 1310 vidit
3000 1255 3177 1311 frater
3199 1257 3294 1312 ille
3321 1259 3652 1314 tartaricum

2059 1344 2263 1400 inferni
2281 1345 2715 1400 descendentem
2735 1361 2908 1416 super
2923 1345 3241 1400 solitarium
3253 1346 3434 1412 illum,
3457 1346 3657 1403 haben-

2060 1440 2178 1489 tem
2205 1434 2511 1490 tridentem
2533 1433 2786 1506 igneum,
2819 1439 2877 1489 et
2900 1434 3118 1489 audivit
3145 1452 3335 1491 vocem
3359 1436 3652 1492 dicentem:

2064 1525 2220 1579 Sicut
2237 1523 2429 1578 anima
2448 1523 2556 1578 ista
2581 1539 2696 1578 non
2725 1539 2818 1578 me
2842 1523 2975 1578 fecit
2999 1524 3309 1596 quiescere,
3341 1541 3526 1598 neque
3547 1542 3654 1581 una

389 1622 492 1678 per
519 1608 830 1678 potentiam
861 1609 1088 1666 Christi.
1113 1611 1368 1666 Edissere
1391 1613 1531 1667 mihi
1561 1630 1728 1680 nunc,
1752 1615 1982 1671 obsecro
2003 1682 2031 1684 κ
2063 1611 2205 1666 hora
2229 1611 2288 1666 in
2314 1611 2481 1678 se,sic
2498 1627 2681 1682 neque
2697 1617 2759 1666 tu
2779 1611 3101 1667 miserearis
3117 1613 3242 1684 ejus
3255 1613 3499 1668 evellens
3515 1631 3652 1668 eam.

390 1700 465 1762 te,
481 1701 538 1750 et
569 1701 632 1750 tu
654 1698 934 1768 quomodo
962 1699 1071 1754 huc
1099 1701 1408 1757 advenisti?
1428 1704 1503 1757 At
1524 1703 1618 1758 ille
1633 1721 1760 1759 cum
1774 1705 1984 1760 lamen-
2001 1682 2045 1740 Β
2066 1701 2214 1772 Depc
2225 1717 2366 1755 nens
2383 1699 2559 1772 igitur
2573 1701 2878 1756 tartaricus
2903 1700 3000 1755 ille
3021 1682 3190 1772 quem
3201 1701 3434 1756 tenebat
3460 1703 3659 1757 triden-

389 1785 604 1852 tatione
632 1786 879 1858 plorans,
907 1789 1076 1862 coepit
1108 1790 1293 1846 dicere
1335 1792 1474 1847 mihi
1499 1812 1512 1848 :
1544 1792 1666 1865 Ego
1692 1794 1984 1867 episcopus

388 1879 636 1940 eram,et
655 1877 1042 1946 persecutione
1077 1877 1244 1946 facta,
1278 1882 1470 1937 multis
1505 1883 1645 1937 mihi
1671 1883 1842 1939 illatis
1856 1902 1986 1958 sup-

390 1962 592 2034 pliciis,
616 1980 742 2020 cum
765 1966 887 2036 jam
917 1965 1062 2022 ferre
1087 1985 1200 2024 non
1226 1986 1449 2040 possem
1478 1976 1986 2045 tormenta,postea

391 2052 721 2108 sacrificavi.
745 2055 810 2109 In
839 2071 931 2110 me
957 2056 1142 2128 ipsum
1172 2063 1362 2114 autem
1387 2059 1590 2116 deinde
1620 2078 1894 2128 reversus,
1929 2079 1988 2118 a-

391 2140 560 2210 gnovi
587 2141 942 2214 iniquitatem
976 2162 1180 2214 meam,
1213 2152 1271 2202 et
1298 2147 1428 2203 dedi
1457 2149 1733 2222 meipsum
1764 2153 1834 2206 ad
1867 2169 1989 2207 mo-

387 2229 651 2300 riendum
687 2231 745 2286 in
766 2232 912 2288 hanc
939 2252 1190 2290 eremum
1210 2255 1224 2304 ;
1247 2242 1306 2292 et
1325 2254 1450 2293 sum
1471 2239 1680 2310 degens
1709 2241 1799 2296 hic
1827 2243 1991 2298 annis

397 2319 774 2391 quadraginta
825 2339 1023 2378 novem
1063 2324 1120 2380 in
1151 2327 1494 2384 confessione
1524 2335 1582 2384 et
1609 2329 1992 2388 obsecratione

397 2407 468 2462 ad
488 2409 689 2477 Deum,
707 2411 755 2465 si
785 2411 927 2466 forte
955 2413 1274 2470 dimittatur
1299 2417 1437 2471 mihi
1464 2426 1754 2490 peccatum
1778 2437 1988 2476 meum.

399 2496 468 2551 Et
487 2497 693 2553 victum
741 2501 967 2572 quidem
1007 2504 1268 2574 praestitit
1311 2506 1450 2561 mihi
1490 2507 1763 2564 Dominus
1791 2527 1857 2564 ex
1888 2510 1994 2565 hac

399 2585 606 2656 palma,
621 2589 1020 2645 consolationis
1047 2609 1178 2647 vero
1205 2593 1612 2666 indulgentiam
1642 2614 1754 2652 non
1783 2601 1990 2672 accepi,

398 2689 578 2744 usque
589 2675 660 2730 ad
673 2677 1044 2749 quadraginta
1060 2686 1184 2735 octo
1203 2697 1381 2737 annos
1404 2701 1417 2736 :
1442 2683 1500 2737 in
1521 2684 1625 2739 hoc
1643 2691 1830 2741 autem
1843 2703 1993 2743 anno

401 2764 720 2820 consolatus
739 2783 887 2820 sum.
912 2769 1030 2821 Hoc
1045 2775 1233 2824 autem
1254 2770 1465 2840 dicens,
1483 2781 1714 2845 repente
1730 2777 1990 2846 surrexit;

404 2858 463 2906 et
489 2869 720 2908 currens
747 2855 883 2911 exiit
905 2856 1076 2925 foras,
1106 2864 1164 2913 et
1186 2859 1344 2916 stetit
1371 2861 1427 2916 in
1457 2864 1710 2918 oratione
1729 2865 1993 2922 diu.Cum

399 2946 590 2996 autem
609 2944 943 3016 complesset
959 2963 1145 3013 orans,
1165 2950 1314 3004 venit
1326 2950 1397 3005 ad
1427 2968 1540 3006 me.
1555 2952 1787 3009 Intuens
1805 2961 1995 3012 autem

2065 1795 2182 1844 tem
2209 1789 2456 1860 igneum,
2489 1789 2549 1844 in
2568 1806 2663 1845 cor
2689 1790 2927 1846 solitarii
2949 1791 3120 1857 illius,
3152 1809 3254 1864 per
3271 1792 3484 1847 multas
3500 1792 3659 1847 horas

2066 1885 2336 1951 torquens
2366 1895 2514 1946 eum,
2545 1878 2821 1934 abstraxit
2843 1879 3093 1934 animam
3125 1881 3266 1952 ejus.
3287 1881 3545 1937 Posthac
3570 1898 3661 1936 au-

2067 1973 2182 2024 tem
2205 1968 2491 2040 ingressus
2514 1967 2690 2023 frater
2713 1968 2810 2024 ille
2846 1968 2906 2022 in
2933 1968 3236 2036 civitatem,
3256 1969 3476 2026 invenit
3495 1969 3663 2026 homi-

2069 2073 2200 2112 nem
2228 2057 2591 2130 peregrinum
2613 2057 2898 2128 jacentem
2925 2057 2986 2112 in
3017 2058 3204 2130 platea
3227 2065 3528 2130 aegrotum,
3557 2075 3662 2114 non

2071 2145 2374 2202 habentem
2389 2145 2486 2217 qui
2507 2145 2560 2200 ei
2588 2161 2782 2201 curam
2804 2146 3124 2216 adhiberet;
3152 2153 3211 2202 et
3229 2147 3445 2202 mansit
3462 2163 3588 2202 cum
3601 2163 3662 2202 eo

2071 2235 2164 2290 die
2194 2251 2327 2290 una.
2361 2235 2432 2289 Et
2473 2251 2601 2289 cum
2647 2234 2893 2290 venisset
2944 2236 3086 2291 hora
3137 2236 3498 2291 dormitionis
3527 2237 3659 2308 ejus,

2073 2324 2345 2396 conspicit
2365 2324 2538 2380 frater
2553 2324 2646 2378 ille
2664 2323 2994 2380 Michaelem
3018 2330 3076 2379 et
3095 2325 3421 2380 Gabrielem
3439 2325 3660 2381 descen-

2073 2413 2271 2467 dentes
2280 2417 2509 2484 propter
2523 2413 2770 2467 animam
2787 2413 3011 2483 ejus.Et
3029 2414 3228 2468 sedens
3244 2431 3445 2470 unusa
3463 2413 3663 2471 dextris

2075 2507 2133 2556 et
2159 2503 2304 2556 alius
2335 2519 2369 2556 a
2407 2502 2648 2557 sinistris
2677 2504 2819 2573 ejus,
2851 2502 3128 2574 rogabant
3149 2503 3404 2558 animam
3439 2505 3578 2575 ejus,
3608 2508 3666 2557 ut

2075 2591 2439 2662 egrederetur
2466 2591 2644 2655 foras;
2668 2597 2725 2646 et
2749 2608 2863 2646 non
2883 2592 3086 2657 exibat,
3113 2593 3274 2664 quasi
3289 2593 3492 2646 nolens
3512 2590 3666 2646 relin-

2075 2697 2248 2752 quere
2276 2697 2477 2752 corpus
2495 2697 2682 2736 suum.
2706 2680 2857 2735 Dixit
2884 2687 3074 2736 autem
3095 2681 3320 2736 Gabriel
3339 2681 3418 2736 ad
3439 2680 3666 2736 Michae-

2076 2771 2185 2824 lem
2221 2788 2235 2822 :
2285 2771 2523 2824 Assumo
2565 2770 2684 2839 jam
2726 2769 2974 2824 animam
3005 2769 3171 2825 istam
3209 2776 3274 2824 ut
3319 2786 3540 2825 eamus.
3571 2767 3665 2824 Cui

2078 2858 2309 2914 Michael
2347 2858 2638 2929 respondit
2661 2876 2674 2912 :
2697 2859 2846 2914 Jussi
2875 2875 3071 2914 sumus
3099 2875 3134 2912 a
3166 2858 3424 2926 Domino,
3449 2864 3514 2913 ut
3552 2857 3664 2912 sine

2077 2948 2271 3003 dolore
2291 2947 2568 3018 ejiciatur,
2599 2947 2838 3019 ideoque
2865 2964 2976 3002 non
2998 2965 3296 3020 possumus
3315 2965 3448 3003 cum
3469 2947 3520 3002 vi
3539 2945 3669 3002 evel-

407 3046 510 3101 ego
555 3031 752 3087 faciem
783 3035 928 3105 ejus.
968 3036 1268 3092 exterritus
1297 3039 1590 3111 trepidavi,
1629 3042 1811 3098 factus
1843 3045 1992 3100 enim
2015 3037 2060 3101 Ο
2079 3035 2196 3092 lere
2225 3053 2370 3091 eam-
2412 3035 2750 3091 EXClamaVit
2783 3053 2915 3107 ergo
2942 3037 3178 3092 Μίοιιειει
3205 3053 3338 3092 νοοθ
3369 3053 3576 3109 magna
3595 3035 3668 3090 ἀί·

407 3125 530 3176 erat
556 3120 675 3193 ipse
705 3126 974 3195 tanquam
1005 3125 1170 3196 ignis.
1203 3127 1356 3182 Dixit
1379 3145 1512 3200 ergo
1553 3131 1694 3186 mihi
1722 3151 1734 3186 :
1769 3133 1896 3189 Noli
1923 3135 1999 3190 ti-

2079 3143 2209 3181 cens
2235 3145 2248 3180 :
2273 3125 2528 3192 Domine,
2562 3126 2698 3198 quid
2719 3125 2800 3180 vis
2827 3126 2896 3181 de
2924 3126 3117 3182 anima
3145 3127 3271 3191 hac,
3297 3126 3438 3198 quia
3458 3143 3567 3182 non
3586 3141 3667 3180 ac-

406 3227 579 3266 mere.
611 3212 760 3268 Deus
787 3214 937 3270 enim
967 3220 1024 3270 te
1058 3216 1228 3282 misit,
1271 3222 1335 3272 ut
1377 3218 1560 3274 funeri
1589 3221 1778 3277 tradas
1797 3239 2000 3296 corpus
2081 3215 2331 3287 quiescet
2357 3215 2535 3280 ηοδίες
2569 3220 2634 3270 nt
2660 3215 3026 3286 egrediatur?
3052 3215 3223 3270 venit
3247 3225 3448 3271 autem
3477 3217 3530 3270 ei
3555 3232 3665 3269 "0“

406 3316 616 3366 meum,
646 3306 818 3374 atque
837 3304 1321 3376 sepulturae.Dum
1336 3314 1526 3364 autem
1557 3319 2003 3368 consummasset
2081 3304 2222 3359 Ecce
2248 3304 2414 3360 mitto
2439 3304 2614 3360 ΒανῘά
2643 3321 2772 3360 cum
2800 3304 3036 3391 είῒξιὸΐδ,
3059 3309 3120 3360 et
3157 3321 3353 3360 omnes
3383 3306 3502 3362 D00
3528 3304 3667 3377 Ρεθιο

406 3388 524 3444 haec
551 3389 762 3455 dicens,
777 3391 969 3447 statim
985 3395 1290 3450 extendens
1301 3412 1501 3452 manus
1522 3398 1988 3471 pedesque,finem

2079 3393 2260 3449 lentes
2287 3393 2346 3449 in
2373 3394 2703 3461 Jerusalem,
2739 3399 2804 3449 ut
2829 3388 3065 3449 audiens
3092 3394 3377 3466 psalmum
3405 3395 3479 3450 ad
3491 3410 3666 3449 vocem

331 3539 339 3546 ,
406 3477 533 3534 vitae
563 3478 710 3534 fecit.
743 3480 972 3536 Dissuta
999 3499 1132 3554 ergo
1169 3484 1361 3540 tunica
1389 3502 1535 3553 mea,
1559 3503 1664 3558 ego
1707 3488 1999 3546 dimidiam
2080 3482 2334 3554 ipsorum
2362 3483 2704 3554 egrediatur.
2740 3484 2993 3554 Cumque
3029 3483 3457 3538 descendissent
3483 3499 3666 3538 omnes

408 3566 548 3622 mihi
583 3569 832 3635 tenui,et
849 3571 1405 3629 dimidiainvolutum
1429 3581 1684 3635 sanctum
1706 3593 2002 3650 corpuscu-
2079 3573 2137 3626 in
2185 3571 2424 3627 Circuit-l1
2472 3571 2674 3627 anima?
2737 3572 2889 3626 illius
2933 3577 3225 3627 cantantes
3285 3572 3550 3644 hymnos,
3597 3569 3667 3625 δίο

409 3657 527 3712 lum
558 3658 818 3714 abscondi
837 3659 895 3714 in
910 3665 1084 3716 terra.
1109 3662 1416 3718 Recondito
1442 3681 1576 3736 ergo
1601 3666 1720 3733 illo,
1733 3667 2000 3724 continuo

407 3747 597 3818 palma
615 3748 712 3803 illa
726 3748 896 3817 aruit,
913 3756 972 3806 et
997 3752 1286 3822 tugurium
1305 3753 1444 3809 illud
1458 3755 1798 3828 cecidit.Ego
1811 3763 2002 3814 autem

415 3835 658 3889 multum
704 3836 852 3901 flevi,
899 3837 1196 3894 obsecrans
1234 3840 1433 3906 Deum,
1465 3842 1512 3896 si
1556 3845 1836 3915 quomodo
1865 3845 2002 3902 mihi

408 3927 706 3993 praestaret
731 3924 976 3995 palmam
989 3926 1166 3995 illam,
1193 3933 1256 3982 ut
1272 3945 1683 4000 perseverarem
1703 3933 1762 3988 in
1778 3934 2001 3990 locoillo

415 4011 702 4068 residuum
723 4020 948 4087 tempus
978 4033 1188 4072 meum.
1207 4019 1279 4074 Ut
1306 4025 1495 4075 autem
1515 4037 1626 4077 non
1657 4028 1744 4078 est
1774 4023 1877 4078 hoc
1893 4024 2003 4079 fac-

420 4107 562 4169 tum,
595 4103 708 4158 dixi
732 4105 882 4176 apud
913 4122 1003 4160 me
1031 4124 1043 4160 :
1079 4107 1206 4162 Non
1251 4113 1339 4164 est
1373 4110 1631 4166 voluntas
1658 4112 1786 4170 Dei.
1823 4113 2004 4170 Orans

413 4210 546 4265 ergo
567 4193 862 4249 tendebam
880 4195 1087 4252 iterum
1108 4197 1178 4252 ad
1192 4199 1542 4268 saaculum,et
1568 4217 1692 4256 ecce
1721 4201 1888 4257 homo
1908 4203 2004 4274 qui

2082 3661 2272 3716 exiens
2301 3660 2494 3716 anima
2539 3661 2637 3716 illa
2674 3661 2822 3716 sedit
2848 3661 2908 3716 in
2935 3661 3194 3716 manibus
3217 3661 3480 3728 Michael,
3509 3665 3565 3715 et
3583 3675 3667 3714 as-

2083 3755 2312 3822 sumpta
2333 3755 2421 3805 est
2439 3767 2568 3805 cum
2595 3751 2802 3822 gaudio
2817 3796 2829 3808 .

2155 3839 2244 3894 l4.
2279 3839 2431 3895 Dixit
2452 3839 2658 3895 iterum
2688 3839 2784 3912 qui
2812 3856 3002 3912 supra,
3017 3839 3088 3895 de
3118 3840 3361 3912 quodam
3386 3837 3669 3911 sene,quia

2083 3927 2236 3984 venit
2263 3928 2566 4000 aliquando
2609 3928 2669 3983 in
2713 3929 3014 3997 civitatem,
3061 3935 3126 3984 ut
3173 3929 3524 3984 venundaret
3546 3943 3670 3982 vasa

2084 4033 2208 4090 quae
2235 4023 2498 4090 operatus
2525 4019 2726 4074 fuerat.
2743 4019 2812 4074 Et
2830 4035 2958 4074 cum
2972 4019 3329 4092 explicuisset
3353 4015 3670 4087 ea,contigit

2086 4123 2216 4162 eum
2245 4107 2442 4163 sedere
2467 4113 2600 4163 ante
2623 4109 2860 4179 januam
2881 4109 3177 4180 cujusdam
3201 4107 3412 4170 divitis.
3445 4107 3538 4180 qui
3558 4110 3670 4179 jam

2085 4195 2451 4252 moriebatur.
2485 4197 2695 4252 Sedens
2723 4213 2858 4268 ergo
2880 4214 3050 4252 senex
3081 4197 3194 4264 ille,
3221 4197 3363 4252 vidit
3391 4213 3565 4269 equos
3590 4194 3668 4249 ni-

408 4283 594 4340 linivit
619 4282 766 4339 labia
789 4301 916 4339 mea
941 4286 1169 4341 veniens
1195 4287 1460 4360 apparuit
1487 4289 1643 4355 mihi,
1677 4296 1848 4362 atque
1867 4308 2002 4349 con-
2082 4303 2233 4358 gI‘OS.
2266 4293 2322 4342 et
2349 4303 2673 4342 ascensores
2701 4303 2897 4342 eorum
2941 4287 3134 4359 nigros
3163 4294 3222 4343 et
3247 4287 3548 4352 terribiles.
3581 4285 3669 4339 ha’

405 4373 633 4428 fortavit
661 4391 772 4441 me,
791 4379 850 4429 et
871 4375 953 4430 ita
979 4377 1235 4431 convalui
1265 4377 1557 4449 pervenire
1587 4379 1656 4434 ad
1686 4380 1907 4447 fratres,
1942 4387 2002 4436 et
2021 4373 2280 4460 Dbentes
2299 4376 2550 4446 singulos
2577 4375 2839 4431 baculum
2859 4376 3087 4447 igneum
3107 4377 3167 4432 in
3185 4393 3358 4432 manu
3382 4393 3507 4431 sua.
3532 4376 3663 4430 Cum

409 4462 632 4518 narravi
652 4463 734 4518 eis
763 4463 898 4529 haec,
918 4481 1122 4536 rogans
1138 4482 1234 4520 eos
1251 4483 1321 4520 ne
1349 4467 1714 4539 desperarent
1741 4471 2004 4544 semetip-
2083 4481 2216 4536 ergo
2239 4465 2358 4536 iam
2389 4465 2774 4537 pervenissent
2791 4465 2860 4520 ad
2883 4467 3122 4536 ianuam
3149 4466 3325 4531 illam,
3356 4466 3668 4521 Statuerunt

407 4568 516 4616 sos,
550 4553 647 4607 sed
677 4569 778 4624 per
805 4553 1192 4625 paenitentiam
1218 4555 1536 4611 invenirent
1565 4557 1760 4614 Deum,
2083 4570 2257 4625 equos
2282 4571 2414 4609 suos
2442 4555 2609 4622 foras,
2641 4560 2700 4610 et
2728 4554 2958 4610 intravit
2984 4554 3371 4627 unusquisque
3406 4572 3534 4611 cum
3564 4554 3664 4608 fes-

486 4640 568 4698 13.
605 4643 804 4697 Frater
839 4643 1067 4714 quidam
1098 4643 1469 4715 interrogavit
1511 4663 1722 4714 senem,
1759 4647 1951 4703 dicens
1983 4667 1997 4703 :
2084 4643 2374 4698 tinatione.
2399 4643 2663 4700 Infirmus
2691 4648 2882 4699 autem
2922 4644 3018 4698 ille
3056 4644 3250 4699 videns
3277 4661 3393 4711 eos,
3417 4642 3668 4699 clamavit

408 4731 626 4786 Nomen
647 4738 734 4787 est
752 4733 900 4804 quod
915 4732 1226 4799 salvat,aut
1239 4733 1412 4806 opus?
1425 4735 1733 4806 Respondit
1746 4737 1996 4792 eiscnex:
2081 4749 2213 4788 voce
2262 4749 2489 4804 magna,
2520 4733 2750 4788 dicens:
2783 4733 3041 4799 Domine,
3074 4734 3280 4806 adjuva
3315 4751 3428 4788 me.
3467 4736 3542 4788 At
3591 4730 3667 4786 illi

399 4819 670 4889 .Opus.Et
696 4820 777 4876 ait
803 4838 997 4876 senex:
1029 4821 1154 4876 Scio
1183 4821 1331 4876 enim
1360 4821 1592 4877 fratrem
1611 4830 1866 4880 orantem
1894 4825 1999 4893 ali-
2081 4821 2345 4877 dixerunt
2371 4822 2423 4876 ei
2456 4841 2468 4876 :
2520 4823 2684 4878 Nunc
2712 4838 2928 4878 memor
2963 4821 3142 4878 factus
3189 4839 3250 4878 es
3297 4823 3419 4889 Dei,
3451 4820 3665 4894 quando

407 4908 650 4978 quando,
663 4916 720 4963 et
737 4911 928 4966 statim
958 4910 1634 4982 audiebaturoratioejus.
1654 4911 2003 4968 Subintravit
2081 4910 2183 4966 tibi
2213 4913 2296 4966 sol
2324 4911 2652 4967 obscuratus
2681 4909 2808 4966 est?
2836 4928 3012 4984 quare
3041 4927 3220 4983 usque
3250 4911 3308 4966 in
3340 4911 3664 4966 hodiernum

406 4999 597 5050 autem
626 4997 684 5051 in
713 4999 902 5054 animo
935 5001 1059 5072 ejus
1085 4999 1536 5072 cogitatus,velle
1549 5000 1734 5056 videre
1749 5002 1996 5058 animam
2077 5000 2228 5056 diem
2257 5018 2368 5056 non
2407 5000 2693 5073 exquisisti
2723 5017 2873 5066 eum,
2905 5001 3041 5056 dum
3071 5001 3254 5055 adhuc
3280 5000 3382 5055 tibi
3411 4998 3664 5072 splendor

404 5085 713 5160 peccatoris
743 5093 800 5142 et
831 5089 992 5158 justi,
1034 5091 1313 5160 quomodo
1349 5089 1701 5146 abstrahitur
1730 5096 1926 5160 «ιω
1965 5110 2000 5146 a
2079 5093 2202 5144 erat
2225 5089 2380 5144 diei?
2410 5091 2574 5145 Nunc
2595 5095 2784 5144 autem
2808 5089 2866 5144 in
2887 5089 2991 5144 hac
3017 5089 3157 5145 hora
3186 5106 3300 5145 non
3327 5094 3414 5144 est
3426 5089 3529 5144 tibi
3547 5103 3662 5160 por-

405 5189 658 5245 corpore.
673 5173 748 5228 Et
766 5177 960 5230 nolens
973 5178 1123 5234 Deus
1141 5178 1472 5234 dbntristarc
1493 5196 1622 5234 eum
1636 5179 1692 5235 in
1705 5181 1998 5236 desideriis
2077 5178 2158 5233 tio
2187 5177 2307 5250 spei
2335 5195 2518 5250 neque
2542 5178 2957 5234 consolationis.

406 5264 547 5333 ejus,
585 5263 719 5318 dum
748 5264 970 5320 sederet
997 5267 1053 5321 in
1089 5269 1230 5322 cella
1257 5285 1379 5332 sua,
1411 5269 1698 5340 ingressus
1727 5275 1808 5324 est
1831 5271 2000 5340 lupus
2159 5267 2243 5322 l5.
2273 5268 2546 5324 Dixerunt
2572 5269 2784 5334 Patres,
2822 5267 2994 5323 fuisse
3021 5269 3319 5340 quemdam
3344 5268 3656 5330 Macarium,

400 5353 474 5406 ad
509 5369 657 5418 eum,
691 5357 749 5408 et
773 5358 972 5408 tenens
990 5369 1086 5408 ore
1106 5372 1207 5410 suo
1227 5356 1562 5412 vestimenta
1591 5357 1766 5428 ipsius
1785 5357 1992 5422 fratris,
2081 5358 2177 5430 qui
2219 5357 2410 5427 Scythi
2442 5356 2659 5428 primus
2690 5357 3095 5412 monasterium
3139 5357 3273 5413 fecit
3302 5360 3475 5427 (Buff.
3509 5359 3600 5412 lib.
3625 5371 3656 5418 ι,

405 5441 803 5499 trahebateum
825 5441 1255 5514 foras.Surgens
1269 5451 1457 5501 autem
1471 5446 1643 5500 frater
1660 5445 1999 5517 sequebatur
2079 5463 2194 5516 mp.
2223 5445 2334 5516 '29).
2369 5447 2467 5500 Est
2493 5446 2643 5500 enim
2674 5447 2829 5501 locus
2861 5445 2981 5518 ipse
3013 5447 3189 5502 eremi
3214 5447 3378 5518 longe
3404 5463 3442 5502 a
3467 5445 3654 5509 Nitria,

401 5526 559 5587 eum:
577 5533 744 5605 lupus
765 5538 953 5588 autem
980 5531 1142 5588 duxit
1155 5532 1283 5588 eum
1304 5551 1482 5606 usque
1503 5535 1573 5590 ad
1592 5535 1840 5614 aliquam
1862 5535 1996 5590 civi-
2077 5535 2290 5619 habens
2318 5535 2672 5593 intervallum
2703 5535 2923 5593 itineris
2940 5535 3032 5592 die
3047 5541 3344 5610 noctuque.
3363 5537 3461 5592 Est
3480 5539 3656 5590 autem
