3976 6186
343 270 479 332 1Ο13

1641 268 1881 327 VERBA
1918 260 2308 319 SENIORUM.

3473 257 3606 318 1014

337 402 393 453 et
420 396 636 469 grande
651 397 963 470 periculum
982 396 1244 452 euntibus
1257 395 1465 452 ibidem
1488 414 1501 450 :
1524 394 1571 450 si
1586 394 1737 449 enim
1757 389 1995 449 modi-A
2014 386 2132 440 loco
2160 384 2404 456 pulsavit
2428 385 2499 440 ad
2523 384 2779 456 januam.
2807 384 3047 456 Egressa
3063 390 3252 441 autem
3271 400 3404 453 una,
3423 401 3608 441 susce-

336 503 465 541 cum
487 487 613 559 quis
625 487 914 553 erraverit,
936 492 1171 557 vagatur
1186 485 1508 557 periclitans
1536 501 1638 555 per
1657 497 1930 537 eremum.

336 577 483 632 Sunt
502 582 691 631 autem
720 576 834 631 illic
860 592 1055 630 omnes
1079 576 1308 647 perfecti
1331 574 1449 639 viri,
1474 590 1578 628 nec
1603 572 1806 643 aliquis
1823 572 1935 625 im-

332 666 613 738 perfectus
631 670 817 737 potest
836 666 894 720 in
918 664 1114 720 eodem
1134 665 1255 719 loco
1276 669 1392 718 tam
1413 664 1584 718 feroCi
1602 662 1929 734 perdurare,

335 755 467 826 quia
512 755 741 829 omnino
787 755 979 809 aridus
1005 760 1109 820 est,
1139 753 1349 825 absque
1392 754 1507 808 ulla
1554 752 1933 807 consolatione

333 860 528 899 eorum
560 860 683 916 quae
729 845 1045 899 necessaria
1080 850 1232 899 sunt.
1264 843 1369 897 Hic
1407 842 1582 913 igitur
1636 841 1932 913 praedictus

332 933 417 987 vir
441 933 741 999 Macarius,
770 950 899 988 cum
932 938 1080 989 esset
1117 934 1283 988 homo
1321 933 1390 987 de
1419 932 1661 997 civitate,
1693 931 1932 1001 conjun-

332 1027 457 1078 ctus
485 1029 573 1077 est
600 1023 900 1094 aliquando
945 1024 1030 1077 illi
1056 1022 1303 1076 Macario
1333 1021 1552 1092 majori.
1584 1020 1658 1075 Et
1680 1036 1807 1074 cum
1840 1036 1930 1074 ve-

330 1112 549 1167 nissent
572 1113 644 1167 ad
675 1113 1152 1167 transfretandum
1182 1112 1372 1166 Nilum
1420 1110 1668 1177 fluvium,
1696 1109 1932 1179 contigit

333 1217 427 1256 eos
443 1201 665 1273 ingredi
688 1201 747 1256 in
764 1202 891 1255 navi
910 1202 1142 1270 majore,
1156 1202 1213 1255 in
1232 1199 1564 1272 quatribuni
1579 1200 1689 1253 duo
1703 1198 1931 1269 quidam

331 1307 459 1345 cum
487 1291 667 1345 multa
703 1291 1055 1345 intraverant
1090 1290 1430 1353 extollentia,
1462 1289 1733 1343 habentes
1778 1288 1931 1343 intus

331 1379 565 1434 rhedam
594 1386 774 1435 totam
803 1397 1024 1445 aeream,
1059 1385 1116 1434 et
1149 1397 1322 1452 equos
1360 1379 1568 1451 quibus
1595 1378 1737 1434 freni
1775 1378 1930 1433 aurei

328 1474 510 1535 erant,
542 1475 599 1524 et
625 1469 1068 1525 obsecundantes
1096 1470 1367 1541 quosdam
1387 1470 1614 1532 milites,
1638 1473 1696 1522 et
1723 1484 1926 1539 pueros

323 1562 557 1629 torques
586 1564 829 1623 utentes,
857 1566 1026 1630 atque
1054 1560 1273 1630 aliquos
1298 1575 1499 1614 aureos
1514 1557 1783 1612 habentes
1804 1557 1926 1612 cin-

321 1648 506 1717 gulos.
536 1647 803 1703 Videntes
826 1665 959 1719 ergo
978 1648 1191 1703 tribuni
1222 1649 1303 1703 illi
1326 1649 1428 1703 hos
1457 1649 1597 1703 duos
1618 1648 1923 1702 monachos

2014 475 2097 547 pit
2124 492 2252 529 eum
2280 475 2338 529 in
2368 476 2598 530 domum
2625 491 2804 529 suam.
2836 473 2911 530 Et
2935 491 3066 530 cum
3096 474 3353 542 sedisset,
3393 474 3608 530 vocavit

2014 580 2143 619 eas:
2171 582 2296 636 qua:
2323 580 2453 619 cum
2480 564 2780 632 venissent,
2810 565 3080 619 sederunt
3107 580 3236 619 cum
3265 580 3350 619 eo.
3378 563 3475 619 Ait
3502 579 3606 622 au-

2012 659 2128 708 tem
2155 654 2226 708 ad
2247 671 2341 709 eas
2357 670 2555 708 senex:
2580 655 2817 726 Propter
2841 671 2938 708 vos
2953 654 3201 710 laborem
3227 658 3449 709 tantum
3476 669 3609 725 per-

2014 743 2116 797 tuli
2136 761 2148 796 :
2173 742 2341 797 dicite
2360 743 2501 797 mihi
2522 759 2671 797 nunc
2691 742 3074 814 operationem
3088 748 3352 809 vestram,
3378 759 3502 814 qua;
3522 742 3607 796 vel

2014 832 2296 904 quomodo
2325 839 2426 887 est.
2459 834 2534 886 At
2560 832 2668 886 illae
2692 832 2995 888 dixerunt:
3036 833 3215 887 Crede
3256 831 3437 895 nobis,
3475 830 3610 903 quia

2013 922 2118 976 hac
2145 929 2307 976 nocte
2333 938 2446 977 non
2478 922 2688 976 fuimus
2715 922 2836 975 sine
2862 921 2997 975 viris
3024 921 3248 976 nostris.
3271 922 3453 986 Quam
3474 935 3608 992 ergo

2013 1011 2396 1082 operationem
2431 1028 2731 1083 possumus
2755 1010 2998 1065 habere?
3024 1013 3100 1065 At
3128 1027 3255 1065 vero
3283 1027 3449 1065 senex
3478 1026 3607 1065 cum

2011 1100 2389 1155 satisfactione
2416 1101 2652 1172 rogabat
2670 1118 2784 1168 eas,
2814 1106 2881 1155 ut
2893 1100 3315 1154 manifestarent
3340 1100 3391 1154 ei
3420 1104 3608 1154 actum

2012 1206 2196 1244 suum.
2219 1192 2374 1245 Tunc
2394 1191 2658 1245 dixerunt
2683 1190 2733 1245 ei
2755 1209 2766 1245 :
2790 1189 2908 1244 Nos
2929 1190 3154 1261 quidem
3174 1189 3482 1244 secundum
3509 1206 3609 1244 saa-

2013 1278 2201 1332 culum
2231 1285 2507 1334 extraneae
2538 1279 2697 1334 nobis
2726 1296 2953 1347 sumus;
2987 1278 3199 1350 placuit
3231 1283 3421 1332 autem
3447 1277 3608 1332 nobis

2013 1366 2225 1421 nubere
2254 1366 2471 1421 duobus
2514 1367 2782 1422 fratribus
2812 1368 3121 1423 secundum
3150 1383 3395 1422 carnem.
3430 1366 3608 1431 Quin-

2011 1457 2191 1510 decim
2220 1456 2381 1511 annis
2408 1474 2510 1511 nos
2530 1458 2696 1511 hodie
2716 1457 2839 1512 duae
2858 1456 3179 1512 habitamus
3198 1456 3258 1510 in
3286 1473 3401 1511 una
3418 1456 3608 1525 domo,

2008 1551 2065 1599 et
2091 1546 2371 1601 nescimus
2416 1546 2464 1600 si
2501 1546 2806 1618 aliquando
2853 1547 3199 1616 litigavimus
3245 1546 3316 1600 ad
3344 1546 3602 1610 invicem,

2005 1642 2104 1689 aut
2130 1636 2215 1689 vel
2244 1653 2560 1690 sermonem
2588 1641 2812 1707 turpem
2850 1636 2991 1690 dixit
3015 1652 3130 1690 una
3154 1652 3220 1689 ex
3238 1634 3400 1689 nobis
3430 1636 3502 1689 ad
3531 1636 3609 1690 alo

317 1741 538 1791 veteres
558 1754 774 1809 pannos
796 1738 1040 1804 indutos,
1069 1744 1126 1793 et
1146 1738 1203 1792 in
1226 1738 1431 1808 angulo
1447 1739 1726 1803 sedentes,
1751 1737 1909 1791 beati-

2008 1731 2207 1791 tcram,
2237 1725 2332 1780 sed
2364 1725 2423 1779 in
2451 1743 2586 1797 pace
2642 1730 2700 1780 et
2728 1725 3026 1781 concordia
3068 1724 3388 1796 peregimus
3415 1729 3599 1779 totum

317 1825 564 1881 ﬁcabaut
577 1827 940 1897 exiguitatem
968 1827 1237 1899 ipsorum.
1262 1828 1419 1882 Unus
1440 1844 1570 1881 vero
1601 1844 1664 1881 ex
1683 1826 1923 1881 tribunis

314 1914 425 1969 illis
448 1916 534 1970 ait
551 1916 623 1970 ad
642 1933 738 1971 eos
761 1935 772 1969 :
809 1917 969 1971 Beati
993 1917 1128 1972 estis
1158 1933 1272 1983 vos,
1298 1918 1393 1988 qui
1418 1917 1628 1971 mundo
1650 1916 1780 1971 huic
1800 1916 1924 1970 illu-

317 2004 494 2059 sistis.
548 2006 910 2076 Respondens
957 2012 1147 2061 autem
1181 2006 1275 2060 ille
1320 2006 1569 2060 urbanus
1624 2005 1918 2071 Macarius,

315 2093 453 2147 dixit
478 2094 550 2148 ad
582 2111 677 2149 eos
697 2114 709 2149 :
733 2095 850 2150 Nos
872 2096 1098 2166 quidem
1116 2096 1325 2150 mundo
1348 2095 1441 2149 isti
1455 2093 1922 2160 illusimus,vobis

315 2188 509 2237 autem
537 2184 782 2239 mundus
800 2184 889 2239 hic
916 2185 1110 2239 illusit.
1145 2169 1511 2240 Scitootamen
1536 2185 1671 2256 quia
1697 2200 1811 2238 non
1831 2200 1922 2238 vo-

314 2271 440 2326 lens
470 2271 577 2326 hoc
604 2273 823 2340 dixisti;
858 2274 1081 2346 utrique
1101 2274 1251 2329 enim
1282 2274 1433 2329 beati
1460 2273 1714 2340 dicimur,
1739 2274 1796 2328 id
1835 2278 1922 2328 est

316 2361 567 2419 Macarii.
595 2363 671 2416 At
698 2362 793 2417 ille
816 2362 1078 2419 tribunus
1103 2370 1470 2435 compunctus
1490 2363 1549 2418 in
1574 2362 1740 2418 verbo
1772 2364 1912 2434 ejus,

315 2466 605 2521 regressus
652 2451 902 2519 domum,
956 2453 1285 2524 exspoliavit
1323 2470 1386 2507 se
1426 2453 1755 2508 vestimenta
1791 2469 1911 2519 sua,

316 2544 374 2594 et
403 2539 575 2611 coepit
611 2556 734 2595 esse
757 2542 1080 2608 monachus,
1112 2542 1321 2598 faciens
1353 2543 1738 2616 eleemosynas
1765 2543 1914 2597 mul-

314 2632 419 2682 tas.

387 2717 475 2775 16.
511 2719 786 2775 Dicebant
811 2720 880 2775 de
909 2722 1104 2776 eodem
1151 2721 1352 2778 abbate
1380 2723 1623 2779 Macario
1652 2722 1762 2794 (12)
1792 2741 1913 2779 ma-

307 2807 451 2877 jore,
500 2808 635 2878 quia
673 2809 808 2864 dum
847 2809 1161 2865 ambularet
1187 2811 1487 2883 aliquando
1536 2812 1595 2866 in
1638 2830 1909 2879 eremum,

310 2895 527 2951 invenit
554 2903 723 2971 caput
750 2899 993 2954 hominis
1024 2901 1229 2955 mortui
1259 2901 1317 2955 in
1345 2907 1500 2956 terra
1524 2903 1718 2973 jacens
1751 2905 1909 2971 (Ra/1'.

312 2988 350 3040 ι.
402 2999 489 3049 m,
528 3002 687 3041 num.
729 2985 847 3054 172,
895 2993 1066 3058 paulo
1093 2993 1263 3044 aliter
1312 2994 1553 3061 narrat);
1592 2992 1739 3062 quod
1785 3008 1911 3046 cum

2006 1820 2229 1886 tempus
2259 1815 2382 1869 hoc.
2433 1814 2781 1870 Subintravit
2824 1820 3014 1870 autem
3041 1813 3201 1868 nobis
3242 1813 3302 1868 in
3350 1813 3604 1868 animum

2005 1904 2225 1975 ingredi
2253 1904 2312 1958 in
2341 1905 2749 1959 monasterium
2778 1903 3079 1975 virginum,
3111 1908 3170 1957 et
3182 1901 3365 1973 rogati
3384 1901 3487 1956 viri
3503 1918 3605 1956 no-

2004 1994 2127 2059 stri,
2161 2010 2273 2048 non
2301 1993 2461 2048 nobis
2488 1999 2892 2048 consenserunt
2926 1993 2984 2047 in
3014 1992 3317 2049 hoc..Cum
3345 2007 3476 2046 vero
3505 1990 3606 2045 mi-

2004 2082 2157 2137 nime
2174 2084 2547 2137 valuissemus
2563 2081 2813 2137 obtinere
2828 2082 2923 2152 buj
2933 2080 3152 2136 usmodi
3161 2080 3479 2147 consilium,
3495 2080 3606 2135 dis-

2002 2171 2294 2243 posuimus
2346 2175 2749 2225 testamentum
2768 2170 2916 2225 inter
2933 2186 3036 2224 nos
3057 2174 3114 2224 et
3133 2169 3333 2234 Deum,
3347 2174 3412 2223 ut
3424 2185 3603 2241 usque

2002 2261 2073 2315 ad
2101 2267 2340 2315 mortem
2368 2277 2470 2333 per
2498 2277 2561 2314 os
2609 2265 2866 2314 nostrum
2898 2275 3012 2313 non
3054 2257 3380 2329 egrediatur
3414 2274 3601 2313 sermo

1999 2349 2303 2405 sazcularis.
2334 2349 2584 2404 Audiens
2619 2354 2806 2404 autem
2837 2348 2943 2402 hoc
2979 2347 3148 2402 abbas
3197 2347 3488 2415 Macarius,
3520 2346 3602 2402 di-

1998 2439 2078 2494 xit
2108 2458 2119 2492 :
2154 2441 2219 2494 In
2248 2438 2481 2494 veritate
2518 2438 2662 2502 diro,
2696 2438 2829 2510 quia
2864 2454 3048 2509 neque
3072 2436 3251 2507 virgo,
3283 2452 3467 2508 neque
3495 2435 3600 2492 sub

1998 2528 2200 2583 marito
2246 2545 2439 2599 agens,
2485 2544 2668 2600 neque
2706 2527 3032 2593 monachus,
3066 2542 3252 2598 neque
3293 2525 3601 2599 saecularis,

1996 2618 2095 2673 sed
2111 2619 2420 2673 secundum
2432 2616 2728 2689 unuiuscuj
2736 2634 2913 2689 usque
2932 2617 3301 2688 propositum,
3316 2616 3465 2673 Deus
3481 2632 3601 2671 om-

1996 2707 2160 2762 nibus
2189 2712 2419 2779 prtestat
2444 2706 2716 2778 Spiritum
2743 2712 3020 2761 sanctum.

2077 2796 2156 2853 18.
2187 2795 2460 2852 Dicebant
2498 2796 2700 2850 Patres
2729 2796 2799 2850 de
2823 2795 3012 2866 aliquo
3040 2808 3175 2850 sene
3203 2810 3430 2866 magno,
3466 2793 3601 2866 quia

1963 2938 1985 2965 ρ
2001 2902 2124 2940 sum
2148 2884 2464 2940 ambularet
2486 2884 2545 2939 in
2575 2901 2785 2950 eremo,
2835 2885 2977 2939 vidit
3001 2884 3141 2939 duos
3170 2884 3400 2955 angelos
3421 2883 3598 2939 comi-

1995 2979 2181 3030 tantes
2210 2990 2419 3040 secum,
2452 2990 2631 3028 unum
2669 2990 2704 3027 a
2731 2973 2960 3039 dextris,
3007 2978 3066 3027 et
3089 2972 3261 3026 alium
3290 2989 3325 3026 a
3351 2972 3596 3027 sinistris

314 3080 568 3129 moveret
597 3076 667 3130 de
695 3076 852 3148 virga
879 3079 1099 3149 palma),
1135 3096 1303 3151 quam
1341 3080 1401 3134 ίη
1439 3061 1626 3134 ιηωηί
1647 3080 1905 3148 habebat,
1931 3064 2129 3127 Csuis.
2171 3065 2318 3118 Dum
2346 3079 2476 3118 vero
2501 3062 2874 3128 ambularent,
2907 3062 3244 3116 invenerunt
3269 3061 3509 3115 cadaver
3533 3061 3593 3116 in

308 3164 560 3218 locutum
596 3170 682 3220 est
714 3172 883 3237 caput
908 3168 1046 3222 illud
1075 3169 1145 3222 ad
1170 3186 1317 3224 eum.
1368 3169 1472 3224 Cui
1515 3170 1655 3223 dixit
1693 3187 1859 3224 senex
1894 3189 1905 3225 :

307 3253 447 3317 Quis
477 3270 540 3308 es
582 3254 683 3310 tu?
707 3256 1015 3328 Respondit
1041 3264 1210 3329 caput
1253 3259 1391 3314 illud
1406 3259 1492 3313 ‘ad
1520 3274 1710 3313 senem
1746 3278 1757 3312 :
1796 3260 1909 3331 Ego

307 3360 464 3397 eram
486 3345 745 3399 sacerdos
780 3347 1078 3416 gentilium
1121 3348 1216 3418 qni
1247 3349 1677 3403 commanebant
1698 3348 1755 3403 in
1787 3349 1906 3403 loco

304 3432 428 3493 hoc,
462 3437 526 3487 tu
556 3450 684 3488 vero
711 3452 769 3489 es
790 3434 961 3490 abbas
989 3437 1280 3503 Macarius,
1313 3438 1409 3509 qui
1428 3437 1601 3492 habes
1630 3438 1905 3510 Spiritum

305 3527 565 3576 sanctum
586 3523 704 3577 Dei.
739 3524 1083 3597 Quacumque
1113 3544 1246 3596 ergo
1266 3528 1405 3581 hora
1428 3527 1691 3582 misertus
1710 3533 1899 3595 θεν

306 3608 483 3665 fueris
512 3628 706 3666 eorum
736 3613 833 3684 qui
863 3621 993 3668 sunt
1022 3614 1079 3669 in
1108 3617 1425 3683 tormentis,
1450 3622 1507 3671 et
1536 3618 1781 3671 oraveris
1800 3635 1901 3689 pro

303 3699 402 3765 eis,
435 3705 573 3754 tunc
601 3702 962 3758 consolantur
1000 3705 1286 3774 pusillum.
1341 3705 1485 3760 Dicit
1514 3708 1566 3761 ei
1595 3723 1797 3761 senex:
1833 3709 1904 3762 Et

303 3805 426 3860 quae
478 3796 566 3844 est
604 3791 725 3856 ipsa
764 3791 1106 3848 consolatio?
1134 3793 1445 3865 Respondit
1493 3796 1634 3850 illud
1683 3802 1851 3869 caput
1883 3817 1894 3852 :

301 3878 589 3941 Quantum
617 3880 791 3935 distat
834 3882 1036 3936 caelum
1079 3899 1113 3936 a
1142 3888 1313 3949 terra,
1359 3889 1584 3939 tantum
1626 3892 1713 3940 est
1752 3887 1898 3957 ignis
2000 3884 2001 3887 “

299 3966 407 4021 sub
436 3968 675 4038 pedibus
702 3970 927 4037 nostris,
969 3977 1027 4025 et
1044 3988 1216 4042 super
1240 3978 1407 4043 caput
1434 3978 1711 4028 nostrum.
1737 3977 1899 4029 Stan-

297 4055 452 4111 tibus
481 4074 615 4128 ergo
634 4057 795 4113 nobis
824 4059 883 4113 in
911 4059 1094 4114 medio
1122 4060 1287 4131 ignis,
1321 4077 1433 4115 non
1463 4066 1550 4115 est
1572 4067 1634 4116 ut
1659 4063 1784 4133 quis
1811 4064 1897 4118 fa-

297 4145 383 4198 cie
406 4146 478 4199 ad
503 4146 699 4201 faciem
723 4148 907 4203 videat
924 4151 1240 4220 proximum
1269 4165 1453 4204 suum.
1472 4151 1568 4204 Ait
1579 4168 1712 4221 ergo
1728 4169 1897 4207 senex

298 4249 426 4288 cum
445 4236 612 4290 ﬂetu:
636 4236 731 4291 νω
753 4237 834 4290 illi
858 4238 990 4302 diei,
1014 4238 1073 4292 in
1089 4255 1201 4309 qua
1216 4244 1382 4293 natus
1403 4244 1488 4293 est
1502 4240 1688 4307 homo,
1713 4242 1761 4295 si
1780 4242 1895 4297 haec

296 4330 385 4378 est
426 4326 735 4381 consolatio
778 4327 1051 4399 supplicii.
1093 4329 1342 4383 Rursum
1384 4329 1521 4383 dixit
1559 4346 1762 4384 senex:
1798 4331 1897 4385 Est

1991 3154 2079 3207 via
2102 3154 2314 3223 jacens.
2348 3153 2418 3207 Et
2444 3151 2737 3223 cooperuit
2762 3151 2857 3206 ille
2898 3166 3067 3206 senex
3097 3166 3264 3205 nares
3299 3166 3431 3205 suas
3458 3166 3591 3222 pro-

1988 3247 2117 3314 pter
2145 3242 2381 3296 fetorem
2404 3260 2415 3295 :
2442 3241 2697 3296 fecerunt
2714 3245 2904 3295 autem
2935 3245 2993 3294 et
3016 3238 3201 3311 angeli
3221 3238 3499 3294 similiter.
3518 3237 3593 3293 Et

1989 3331 2221 3403 profecti
2267 3331 2552 3402 pusillum,
2584 3330 2725 3385 dixit
2766 3346 2933 3384 senex
2972 3347 2982 3382 :
3018 3329 3089 3383 Et
3115 3345 3212 3383 vos
3258 3329 3364 3383 hoc
3391 3328 3595 3383 odora-

1987 3420 2126 3475 stis?
2156 3420 2264 3484 Qui
2284 3420 2547 3474 dixerunt
2593 3420 2679 3474 ei:
2716 3421 3102 3490 Nequaquam,
3136 3418 3235 3473 sed
3273 3422 3505 3489 propter
3530 3423 3588 3473 te

1985 3510 2375 3582 cooperuimus
2398 3514 2455 3563 et
2482 3526 2583 3564 nos
2604 3528 2622 3575 ;
2655 3526 2785 3563 nam
2810 3507 3230 3563 immunditiam
3260 3506 3458 3562 mundi
3485 3507 3589 3562 hu-

1977 3601 2073 3671 jus
2101 3615 2215 3653 non
2247 3599 2547 3653 odoramus
2576 3615 2697 3665 nos,
2730 3613 2911 3669 neque
2940 3597 3239 3669 appropiat
3266 3595 3453 3664 nobis;
3486 3596 3585 3651 sed

1982 3690 2218 3755 animas,
2252 3704 2375 3759 quae
2403 3688 2635 3742 fetorem
2677 3692 3036 3759 peccatorum
3068 3685 3298 3754 habent,
3329 3686 3581 3758 ipsarum

1982 3779 2209 3833 odorem
2239 3793 2341 3831 nos
2367 3776 2687 3831 odoramus.

2412 3884 2756 3939 LIBELLUS
2797 3882 3150 3947 QUARTUS.

1978 3994 2189 4061 Septem
2222 3996 2466 4062 capitula
2504 3994 2797 4046 verborum
2833 4008 2950 4059 qua:
2979 3992 3135 4044 misit
3182 3990 3345 4044 abbas
3374 3989 3579 4062 Moyses

2047 4066 2234 4118 abbati
2256 4061 2542 4121 Parmenio.
2575 4065 2644 4118 Et
2669 4066 2769 4131 qui
2796 4064 3112 4117 custodierit
3139 4077 3218 4127 ea,
3248 4061 3578 4115 liberabitur

2046 4151 2081 4189 a
2103 4150 2283 4204 pana.

2052 4241 2098 4298 1.
2132 4241 2281 4295 Dixit
2320 4257 2486 4296 senex
2518 4242 2738 4314 Moyses
2768 4260 2779 4294 :
2814 4241 2957 4306 Quia
3003 4239 3169 4296 debet
3196 4239 3362 4294 homo
3412 4237 3573 4310 quasi

1978 4336 2233 4385 mortuus
2262 4347 2382 4384 esse
2411 4330 2558 4385 socio
2581 4347 2702 4397 suo,
2735 4331 2840 4385 hoc
2866 4336 2949 4384 est
2977 4330 3119 4385 mori
3148 4328 3327 4409 amico
3357 4343 3479 4391 suo,
3511 4330 3576 4380 ut

292 4415 459 4484 pejus
497 4420 840 4471 tormentum
888 4416 958 4471 ab
1001 4418 1124 4471 his?
1163 4418 1473 4490 Respondit
1513 4424 1680 4491 caput
1705 4420 1846 4474 illud
1872 4438 1883 4474 :
1906 4422 2083 4480 Dnon
2110 4419 2381 4489 dijudicet
2406 4436 2532 4474 eum
2564 4419 2623 4473 in
2671 4420 2859 4491 aliqua
2887 4436 3055 4475 causa
3081 4419 3342 4488 (Append.
3379 4417 3571 4482 Mart.,

292 4502 478 4574 Major
502 4521 669 4576 paena
692 4505 888 4560 subtus
917 4523 1019 4561 nos
1048 4511 1153 4561 est.
1188 4506 1348 4561 Dixit
1376 4508 1427 4561 ei
1454 4526 1620 4563 senex
1652 4528 1666 4565 :
1700 4511 1770 4564 Et
1795 4509 1891 4580 qui

293 4598 428 4647 sunt
455 4593 513 4647 in
545 4593 701 4665 ipsa?
732 4595 878 4649 Dicit
905 4595 956 4649 ei
984 4601 1150 4666 caput
1178 4596 1317 4649 illud
1342 4614 1352 4648 :
1384 4597 1500 4650 Nos
1541 4598 1635 4668 qui
1672 4598 1892 4668 ignora-

289 4682 475 4736 vimus
500 4683 701 4749 Deum,
735 4685 818 4738 vel
838 4685 908 4738 ad
938 4685 1217 4738 modicum
1250 4685 1519 4739 habemus
1549 4686 1759 4757 aliquid
1790 4684 1890 4741 mi-

290 4771 611 4827 sericordiae
635 4791 647 4839 ;
673 4772 731 4826 hi
761 4789 890 4827 vero
916 4773 1012 4844 qui
1041 4780 1424 4844 cognoverunt
1439 4775 1637 4841 Deum,
1658 4780 1887 4846 etnega-

288 4866 494 4915 verunt
520 4878 669 4927 eum,
706 4879 807 4917 nec
846 4862 1100 4917 fecerunt
1137 4864 1480 4939 voluntatem
1509 4865 1650 4933 ejus,
1672 4864 1730 4918 hi
1760 4870 1893 4919 sunt

285 4950 487 5005 subtus
516 4968 638 5005 nos.
672 4952 739 5006 Et
783 4957 911 5024 post
937 4952 1053 5006 hac
1091 4969 1318 5007 sumens
1348 4969 1517 5007 senex
1542 4958 1712 5024 caput
1750 4953 1888 5008 illud

288 5039 568 5119 sepelivit.

358 5129 446 5182 i7.
477 5128 688 5183 Orante
739 5130 1042 5200 aliquando
1089 5131 1285 5186 eodem
1313 5130 1512 5186 abbate
1562 5132 1798 5188 Macario
1832 5134 1891 5186 in

284 5216 427 5271 cella
456 5233 563 5271 sua
592 5220 775 5286 (Ruf/1,
809 5221 903 5274 tib.
935 5233 1014 5285 III,
1052 5236 1107 5274 η.
1143 5220 1249 5290 97),
1284 5221 1434 5275 venit
1449 5221 1500 5275 ei
1518 5238 1638 5287 vox,
1655 5221 1844 5276 dicens
1873 5240 1883 5274 :

283 5305 517 5372 Macari,
552 5307 801 5361 nondum
843 5308 1146 5379 pervenisti
1179 5310 1249 5363 ad
1306 5327 1631 5365 mensuram
1662 5311 1886 5365 illarum

282 5394 527 5448 duarum
545 5395 842 5451 mulierum
858 5398 1006 5452 illius
1020 5398 1280 5454 civitatis.
1301 5400 1547 5469 Surgens
1565 5416 1698 5471 ergo
1720 5417 1887 5454 mane

283 5499 479 5550 senex,
514 5485 728 5555 accepit
744 5485 955 5557 virgam
980 5504 1139 5542 suam
1156 5488 1456 5559 palmeam,
1486 5494 1543 5542 et
1562 5489 1730 5560 ccepit
1757 5506 1886 5560 per-

281 5589 418 5645 gere
468 5571 527 5628 in
554 5573 856 5631 civitatem.
886 5575 1027 5632 Cum
1084 5593 1219 5649 ergo
1255 5577 1619 5650 pervenisset,
1664 5584 1886 5652 reperto

1974 4526 2031 4564 η.
2066 4508 2212 4581 169).

2043 4597 2096 4656 2.
2128 4599 2282 4653 Dixit
2310 4598 2544 4653 iterum:
2576 4597 2718 4663 Quia
2742 4596 2908 4652 debet
2930 4598 3097 4653 homo
3125 4596 3465 4652 mortificare
3489 4611 3575 4649 se-

1972 4689 2159 4759 ipsum
2191 4688 2260 4743 ab
2290 4687 2442 4742 omni
2471 4704 2532 4741 re
2562 4687 2727 4753 mala,
2763 4687 3089 4758 priusquam
3135 4686 3458 4756 egrediatur
3501 4685 3573 4739 de

1971 4793 2221 4848 corpore,
2244 4783 2309 4831 ut
2331 4794 2443 4830 non
2470 4776 2638 4830 laedat
2662 4775 2840 4829 ullum
2869 4775 3172 4829 hominem.

2043 4866 2095 4923 3.
2123 4867 2273 4920 Dixit
2298 4866 2533 4920 iterum:
2570 4863 2687 4919 Nisi
2709 4863 2973 4917 habuerit
2998 4864 3164 4916 homo
3185 4863 3242 4916 in
3270 4863 3437 4918 corde
3464 4880 3568 4918 suo

1974 4955 2107 5025 quia
2134 4960 2392 5025 peccator
2419 4960 2521 5019 est,
2568 4954 2717 5007 Deus
2747 4968 2859 5005 non
2887 4951 3114 5005 exaudit
3137 4968 3283 5005 eum.
3315 4952 3467 5007 Dixit
3514 4953 3566 5007 ei

1971 5043 2146 5097 frater
2170 5062 2180 5096 :
2217 5044 2361 5107 Quid
2392 5049 2479 5097 est
2498 5043 2557 5096 in
2583 5041 2748 5096 corde
2766 5040 2970 5094 habere
3001 5040 3134 5110 quia
3160 5046 3418 5110 peccator
3438 5048 3525 5096 est
3542 5043 3568 5096 ’ἶ

1973 5133 2046 5188 Et
2070 5134 2211 5187 dixit
2240 5149 2407 5186 senex
2438 5150 2448 5185 :
2483 5132 2540 5185 Si
2572 5131 2697 5202 quis
2726 5134 2915 5201 portat
2934 5118 3168 5201 peccata
3193 5145 3313 5195 sua,
3343 5146 3456 5184 non
3482 5130 3567 5184 vi-

1969 5222 2064 5277 det
2087 5227 2315 5293 peccata
2341 5220 2575 5291 proximi
2597 5218 2704 5274 sui.

2038 5312 2092 5365 4.
2127 5311 2277 5365 Dixit
2306 5311 2507 5364 iterum
2529 5326 2697 5363 senex
2722 5328 2732 5362 :
2766 5309 2888 5363 Nisi
2916 5308 3232 5363 convenerit
3260 5313 3417 5362 actus
3439 5323 3567 5361 ora-

1968 5401 2129 5468 tioni,
2158 5400 2215 5454 in
2242 5415 2447 5453 vanum
2464 5397 2683 5452 laborat
2702 5399 2872 5452 homo
2901 5400 3083 5465 (Ruf/1,
3112 5400 3205 5452 lib.
3236 5411 3319 5460 In,
3348 5412 3405 5448 η.
3437 5392 3566 5451 202:

1968 5491 2213 5560 Append.
2248 5491 2436 5555 Mart,
2474 5504 2530 5542 η.
2565 5485 2653 5553 35,
2688 5491 2908 5542 nomine
2929 5488 3163 5556 Moysisl.
3198 5486 3266 5540 Et
3290 5483 3432 5537 dixit
3451 5482 3567 5536 fra-

1969 5586 2093 5637 ter':
2141 5578 2286 5645 Quid
2317 5584 2405 5634 est
2445 5593 2750 5634 consensus
2790 5581 2946 5632 actus
2994 5592 3119 5632 cum
3144 5566 3441 5629 oratione?
3466 5570 3572 5627 Res
