3964 6206
414 229 550 286 1015
1523 227 1618 284 DE
1654 227 1844 285 VITIS
1881 226 2019 284 PAT

2100 223 2179 282 IM
2214 181 2430 280 LIBER
2463 220 2559 278 v1.
3532 221 3658 279 1016

412 354 640 426 spondit
669 371 839 410 senex
871 372 882 408 :
911 355 987 409 Ut
1016 370 1117 425 pro
1141 352 1342 425 quibus
1373 369 1618 419 oramus,
1646 355 1765 424 jam
1783 370 1896 408 non
1915 351 2292 414 illaAFactus
2320 355 2404 404 est
2431 349 2620 414 homo,
2643 362 2881 402 manens
2898 346 3076 414 Deus;
3103 346 3279 402 factus
3301 351 3390 402 est
3408 363 3562 418 puer:
3583 349 3660 403 fa-

409 444 700 499 faciamus.
735 444 968 508 Quando
997 443 1147 497 enim
1175 443 1344 497 homo
1369 442 1646 498 dimiserit
1661 444 2006 498 voluntatem
2089 447 2211 496 ctus
2240 445 2322 494 est
2352 440 2544 504 lector,
2583 437 2860 509 accipiens
2888 435 3092 491 librum
3122 437 3256 508 legit
3285 437 3346 491 in
3373 454 3663 508 synagoga,

412 551 598 604 suam,
624 539 760 588 tunc
791 533 840 587 ei
880 532 1275 586 reconciliatur
1305 533 1474 598 Deus,
1520 537 1578 586 et
1618 533 1852 604 suscipit
1880 549 2007 586 ora-
2089 530 2315 585 dicens:
2358 527 2602 599 Spiritus
2639 526 2864 581 Domini
2911 542 3078 598 super
3120 542 3230 592 me,
3272 532 3504 597 pr0pter
3529 527 3662 597 quod

413 623 594 678 tiones
609 623 749 692 ejus.
774 621 1148 692 Interrogavit
1176 621 1383 675 frater:
1419 622 1482 676 In
1505 621 1658 675 omni
1687 621 1877 676 labore
1903 622 2005 675 ho-
2089 619 2250 676 unxit
2277 635 2366 672 me
2391 637 2403 685 ;
2435 616 2819 687 evangelizare
2841 614 3179 687 pauperibus
3208 615 3366 669 misit
3393 632 3482 669 me
3515 618 3664 682 (Luca

2089 713 2186 778 IV).
2211 709 2414 763 Factus
2433 711 2516 761 est
2531 705 2932 774 subdiaconus;
2969 705 3176 760 faciens
3191 721 3437 776 namque
3463 705 3530 758 de
3546 705 3664 761 fune

2091 799 2376 869 ﬂagellum
2403 813 2599 851 omnes
2620 796 2785 867 ejecit
2812 796 2882 849 de
2908 795 3118 866 templo
3157 810 3284 850 oves
3328 801 3388 850 et
3403 793 3582 860 boves,
3617 801 3668 850 et

2089 895 2290 944 caetera
2322 890 2500 957 (Joan.
2537 891 2620 956 ιι).
2654 887 2856 940 Factus
2887 890 2973 940 est
3011 885 3312 954 diaconus;
3342 884 3667 957 praecingens

2090 994 2333 1049 namque
2362 993 2422 1030 se
2440 977 2633 1042 linteo,
2659 975 2792 1030 lavit
2815 974 2985 1046 pedes
3013 974 3418 1046 discipulorum
3431 991 3666 1041 suorum,

2091 1066 2419 1139 praecipiens
2431 1066 2512 1120 eis
2535 1066 2772 1119 fratrum
2785 1064 2954 1136 pedes
2975 1064 3160 1118 lavare
3189 1066 3366 1125 (Joan.
3391 1066 3537 1132 xm).
3575 1064 3667 1119 Fa-

2091 1161 2212 1211 ctus
2233 1159 2320 1209 est
2346 1153 2656 1226 presbyter,
2683 1159 2739 1208 et
2765 1152 2976 1207 resedit
3000 1152 3060 1206 in
3080 1152 3264 1206 medio
3287 1151 3667 1223 magistrorum

2091 1246 2294 1300 docens
2311 1246 2484 1312 (Lucae
2502 1246 2646 1311 xm).
2673 1243 2878 1296 Factus
2898 1247 2985 1296 est
3003 1241 3317 1314 episcopus,
3337 1247 3396 1295 et
3413 1241 3668 1313 accipiens

2090 1351 2295 1406 panem
2325 1332 2609 1387 benedixit
2649 1348 2714 1386 ac
2755 1332 2941 1402 fregit,
2991 1338 3048 1385 et
3075 1331 3232 1386 dedit
3258 1331 3543 1402 discipulis
3568 1332 3671 1388 suis

2093 1425 2306 1492 (Matth.
2340 1427 2504 1490 xxvx),
2539 1427 2596 1476 et
2626 1426 2846 1476 caetera.
2879 1421 3218 1490 Flagellatus
3246 1426 3333 1474 cst
3360 1424 3581 1490 propter
3600 1426 3666 1486 te,

411 712 580 766 minis
617 711 752 781 quid
799 718 886 766 est
922 712 1071 782 quod
1119 728 1247 765 eum
1291 712 1495 781 juvat?
1522 711 1670 766 Dicit
1707 712 1757 765 ei
1787 729 1955 766 senex
1988 731 2000 766 :

409 801 560 855 Deus
579 805 665 854 est
692 800 788 871 qui
815 801 1060 870 adjuvat.
1099 800 1381 870 Scriptum
1412 805 1500 854 est
1525 801 1675 854 enim
1701 819 1712 853 :
1747 801 1897 855 Deus
1912 817 2008 854 no-

411 893 528 944 ster
557 889 838 960 refugium
869 896 927 944 et
955 889 1152 955 virtus,
1182 890 1410 959 adjutor
1446 890 1504 943 in
1547 889 2006 944 tribulationibus

411 995 534 1050 quae
563 979 899 1034 invenerunt
927 996 1029 1033 nos
1057 978 1228 1032 nimis
1259 981 1425 1045 (Psal.
1449 981 1590 1047 XLV).

481 1067 534 1124 5.
557 1068 706 1122 Dixit
723 1067 916 1123 frater:
939 1067 1163 1138 Jejunia
1182 1073 1237 1122 et
1263 1067 1484 1138 vigiliae,
1505 1084 1645 1138 quas
1666 1068 1799 1122 facit
1816 1067 2006 1136 homo,

410 1157 547 1228 quid
577 1157 874 1212 efﬁciunt?
918 1157 1069 1211 Dixit
1096 1157 1147 1210 ei
1187 1173 1384 1210 senex:
1427 1157 1704 1220 Quoniam
1735 1157 1857 1228 ipsa
1877 1163 2012 1212 sunt

411 1263 534 1318 qua:
566 1245 777 1301 faciunt
809 1245 1095 1300 humiliari
1120 1245 1387 1300 animam.
1416 1246 1697 1317 Scriptum
1728 1252 1812 1300 est
1831 1247 2003 1301 enim:

409 1336 550 1390 Vide
578 1335 956 1390 humilitatem
985 1351 1190 1400 meam,
1219 1341 1275 1388 et
1302 1334 1550 1390 laborem
1580 1351 1801 1402 meum;
1834 1323 1893 1390 et
1918 1335 2008 1390 di-

411 1425 572 1478 mitte
601 1425 790 1478 omnia
819 1429 1048 1496 peccata
1100 1440 1227 1477 mea
1269 1426 1432 1490 (Psal.
1476 1423 1655 1495 xx1v).
1690 1425 1748 1479 Si
1769 1441 1902 1495 ergo
1933 1425 2009 1478 fe-

411 1513 552 1568 cerit
578 1514 768 1568 anima
807 1513 1025 1567 labores
1079 1513 1238 1579 istos,
1274 1513 1634 1567 miserebitur
1673 1530 1844 1584 super
1882 1530 2008 1568 eam
2091 1513 2387 1568 crucifixus
2417 1517 2474 1566 et
2503 1516 2761 1565 mortuus
2791 1515 2904 1576 est;
2939 1515 2996 1562 et
3041 1509 3210 1564 tertia
3238 1509 3331 1564 die
3364 1510 3666 1576 resurrexit,

410 1603 562 1658 Deus
593 1608 823 1674 propter
851 1619 966 1657 eos.
2089 1607 2148 1659 et
2177 1606 2500 1672 assumptus
2547 1606 2650 1654 est.
2683 1599 2887 1654 Omnia
2908 1603 3138 1670 propter
3165 1602 3222 1652 te
3254 1598 3500 1669 suscepit
3519 1599 3573 1652 in
3597 1615 3668 1665 se,

483 1691 534 1748 6.
569 1690 941 1761 Interrogavit
967 1690 1142 1746 frater
1165 1707 1377 1757 senem,
1410 1690 1600 1745 dicens
1625 1709 1636 1743 :
1675 1691 1821 1754 Quid
1842 1691 2008 1746 faciet
2032 1714 2074 1774 Β
2095 1692 2285 1747 omnia
2307 1693 2472 1762 juxta
2514 1688 3008 1761 dispensationem,
3042 1687 3232 1742 omnia
3259 1687 3475 1753 ordine,
3502 1688 3670 1743 omnia

411 1781 580 1835 homo
619 1781 675 1835 in
708 1780 862 1834 omni
886 1780 1192 1834 tentatione
1223 1780 1480 1834 veniente
1510 1796 1680 1851 super
1707 1796 1784 1846 se,
1819 1786 1919 1835 aut
1948 1780 2008 1834 in
2093 1785 2502 1851 consequenter
2547 1784 2634 1832 est
2680 1782 2965 1850 operatus,
3013 1781 3077 1831 ut
3105 1792 3207 1831 nos
3236 1777 3510 1843 salvaret;
3540 1784 3590 1830 et
3614 1783 3670 1831 tu

415 1869 569 1924 omni
591 1869 928 1940 cogitatione
970 1869 1222 1924 inimici?
1263 1869 1358 1923 Ait
1385 1869 1466 1922 illi
1489 1885 1656 1923 senex
1681 1887 1690 1922 :
1717 1870 1877 1924 Flere
1909 1870 2009 1924 de-
2091 1877 2323 1942 propter
2352 1885 2481 1923 eum
2509 1885 2621 1922 non
2651 1867 2904 1921 toleras?
2934 1866 3121 1921 Simus
3150 1865 3347 1932 sobrii,
3375 1865 3666 1936 vigilemus,

408 1958 508 2013 bet
529 1959 587 2012 in
617 1964 919 2029 conspectu
938 1957 1204 2012 bonitatis
1245 1959 1366 2025 Dei,
1387 1963 1450 2012 ut
1491 1959 1716 2029 adjuvet
1746 1975 1875 2014 eum
1906 1977 1917 2012 :
1953 1964 2012 2012 et
2093 1975 2354 2013 vacemus
2385 1955 2755 2020 orationibus,
2788 1961 2854 2010 ut
2881 1972 3003 2026 qua:
3031 1955 3236 2026 placita
3252 1960 3392 2010 sunt
3418 1955 3468 2008 ei
3491 1955 3671 2010 facien-

412 2048 727 2118 requiescet
750 2047 1033 2114 velociter,
1069 2048 1117 2102 si
1166 2053 1329 2118 rogat
1357 2048 1416 2101 in
1445 2048 1699 2101 scientia.
1724 2049 2008 2119 Scriptum
2093 2053 2196 2112 tes,
2234 2047 2437 2101 salvari
2467 2045 2764 2118 possimus.
2789 2044 3000 2115 Joseph
3028 2060 3214 2098 nonne
3245 2043 3307 2097 in
3337 2043 3576 2114 Egypto
3597 2050 3670 2100 est

415 2143 500 2191 est
531 2137 677 2190 enim
706 2142 934 2203 :358
963 2137 1234 2192 Dominus
1269 2137 1407 2191 mihi
1449 2137 1693 2207 adjutor,
1714 2144 1772 2192 et
1790 2154 1902 2192 non
1943 2138 2010 2192 ti-
2089 2136 2367 2202 venditus,
2407 2136 2466 2190 in
2495 2140 2651 2189 terra
2673 2134 2894 2188 aliena?
2930 2135 3066 2188 Tres
3099 2133 3262 2204 pueri
3306 2133 3367 2187 in
3415 2133 3668 2204 Cabylone

414 2227 578 2282 mebo
599 2227 732 2298 quid
761 2227 931 2281 faciat
958 2227 1096 2281 mihi
1126 2227 1292 2281 homo
1326 2231 1491 2294 (Psal.
1527 2231 1715 2297 cxvu).
2091 2226 2314 2297 captivi,
2359 2224 2615 2296 nunquid
2664 2224 3004 2294 cujusquam
3032 2222 3361 2277 habuerunt
3397 2223 3668 2277 notitiam?

489 2315 541 2370 7.
572 2316 939 2386 Interrogavit
969 2332 1095 2370 eum
1126 2317 1333 2369 iterum
1377 2317 1568 2382 frater,
1602 2316 1791 2370 dicens
1816 2335 1826 2368 :
1863 2315 2010 2370 Ecce
2094 2317 2309 2371 Tamen
2338 2315 2486 2370 Deus
2515 2313 2897 2384 patrocinatus
2921 2318 3006 2367 est
3033 2313 3132 2377 eis,
3149 2312 3404 2383 suscepit
3417 2317 3471 2366 et
3486 2313 3672 2382 gloriﬁ-

416 2406 584 2460 homo
614 2405 779 2459 caedit
809 2421 1028 2459 servum
1056 2421 1223 2459 suum
1265 2410 1495 2475 pr0pter
1540 2410 1832 2474 peccatum
1863 2405 2012 2475 quod

416 2494 548 2564 egit,
581 2493 716 2564 quid
741 2493 888 2548 dicet
914 2511 1107 2548 servus
1133 2494 1226 2547 ille
1279 2493 1542 2562 (Append.
1576 2495 1765 2556 Mart,
1801 2509 1858 2546 η.
1900 2491 2014 2558 37)?

419 2583 568 2636 Dicit
591 2582 642 2636 ei
667 2599 833 2636 senex
858 2601 874 2636 :
907 2583 966 2636 Si
997 2582 1175 2636 bonus
1200 2599 1393 2636 servus
1415 2587 1518 2644 est,
1542 2581 1723 2636 dicet:
1755 2581 2010 2646 Peccavi,

417 2671 686 2724 miserere
710 2671 838 2723 mei.
872 2671 1016 2724 Dicit
1044 2671 1094 2724 ei
1131 2671 1344 2724 frater:
1372 2671 1526 2725 Nihil
1558 2670 1756 2724 aliud?
1787 2671 1934 2726 Dicit
1963 2670 2014 2724 ei
2099 2671 2587 2736 voluntatem,non
2608 2673 2942 2740 cooperante
2974 2669 3108 2734 Deo,
3127 2668 3373 2723 nimium
3409 2668 3660 2738 fatigatis.

423 2775 590 2813 senex
615 2777 627 2813 :
663 2760 810 2814 Non.
838 2759 918 2813 Ex
953 2776 1063 2830 quo
1103 2759 1250 2813 enim
1275 2760 1496 2831 culpam
1527 2777 1696 2831 super
1722 2776 1781 2814 se
1819 2775 2020 2832 posue-
2167 2760 2222 2815 9.
2244 2758 2802 2830 Interrogavitfrater
2816 2757 3076 2812 abbatem
3097 2759 3423 2813 Pastorem:
3448 2757 3580 2822 Quid
3598 2761 3670 2811 est

421 2848 514 2914 rit,
549 2847 856 2902 etdixerit:
895 2848 1144 2913 Peccavi,
1192 2848 1383 2902 statim
1412 2849 1712 2904 miseretur
1739 2849 1791 2904 ei
1835 2848 2018 2903 domi-
2100 2850 2248 2922 quod
2299 2848 2571 2920 scriptum
2615 2853 2701 2901 est
2750 2865 2761 2900 :
2813 2847 2999 2902 Nolite
3045 2847 3296 2918 cogitare
3343 2847 3412 2902 de
3454 2847 3669 2901 crastino

423 2954 531 2992 nus
557 2953 724 3005 suus;
758 2937 888 2991 ﬁnis
921 2943 1109 2991 autem
1138 2938 1338 2992 horum
1369 2943 1456 2992 est
1482 2955 1592 2992 non
1617 2939 1872 3009 judicare
1895 2954 2021 3010 pro-
2103 2939 2315 3007 (Matth.
2336 2937 2427 3005 νι)ἷ
2461 2937 2605 2991 Dicit
2630 2937 2682 2991 ei
2697 2923 2867 2991 senex
2892 2937 3008 2990 :Ad
3026 2937 3318 2990 hominem
3333 2937 3550 3008 respicit
3562 2937 3668 2999 hoc,

420 3027 634 3081 ximum
663 3043 851 3081 suum.
885 3027 1119 3090 Quando
1151 3027 1301 3081 enim
1329 3044 1528 3082 manus
1557 3027 1780 3082 Domini
1819 3027 2080 3092 occiditC.
2102 3029 2199 3100 qui
2229 3027 2287 3081 in
2313 3027 2624 3081 tentatione
2654 3041 2738 3080 est
2767 3025 3125 3092 constitutus,
3157 3031 3214 3079 et
3239 3026 3451 3092 deﬁcit,
3493 3031 3551 3080 ut
3572 3041 3667 3079 non

426 3116 801 3188 primogenita
837 3116 897 3170 in
923 3122 1077 3170 terra
1104 3116 1350 3188 Egypti,
1376 3133 1490 3171 non
1530 3123 1654 3171 erat
1697 3117 1914 3182 domus,
1959 3117 2018 3172 in
2099 3117 2307 3188 cogitet
2327 3122 2602 3187 quantum
2629 3115 2900 3187 temporis
2927 3115 2987 3169 in
3013 3131 3081 3170 ea
3109 3114 3362 3170 facturus
3380 3115 3468 3179 sit,
3483 3114 3570 3168 sed
3587 3130 3670 3185 po-

422 3221 533 3276 qua
563 3222 676 3260 non
697 3209 847 3259 esset
874 3210 1130 3260 mortuus
1163 3207 1346 3273 (Exod.
1381 3221 1503 3269 xm.
1536 3205 1687 3260 Dicit
1717 3206 1768 3260 ei
1806 3206 2015 3260 frater:
2099 3207 2214 3261 tius
2243 3205 2392 3278 quod
2422 3205 2755 3259 hodiernum
2786 3209 2872 3258 est
2900 3209 2958 3259 et
2994 3203 3409 3276 quotidianum,
3444 3203 3667 3258 futurum

423 3294 569 3358 Quid
599 3300 686 3348 est
710 3295 813 3348 hoc
842 3293 1107 3349 verbum?
1141 3295 1450 3366 Respondit
1475 3295 1526 3350 ei
1556 3312 1758 3350 senex:
1795 3295 1939 3359 Quia
1969 3294 2020 3349 si
2099 3296 2341 3350 libenter
2369 3295 2654 3366 suscipiat.
3062 3360 3064 3362 ν

420 3383 882 3454 conspexerimus
913 3388 1144 3454 peccata
1171 3391 1384 3449 nostra,
1421 3401 1535 3439 non
1559 3384 1867 3439 videbimus
1897 3400 2021 3455 pec-
2176 3385 2260 3440 10.
2294 3384 2663 3455 Interrogavit
2681 3383 2856 3438 frater
2873 3382 3129 3438 abbatem
3157 3385 3455 3450 Joannem,
3483 3383 3664 3437 dicens:

428 3478 554 3526 cata
598 3472 855 3543 proximi.
905 3472 1157 3527 Stultitia
1203 3479 1290 3528 est
1340 3474 1488 3528 enim
1534 3474 1748 3528 homini
1791 3472 2020 3528 habenti
2104 3474 2393 3540 Quomodo
2422 3472 2834 3528 animahabens
2855 3473 3484 3545 pr0priavulnera,non
3503 3471 3668 3526 erube-

2095 2405 2238 2459 cavit
2259 2421 2374 2469 eos,
2398 2403 2530 2474 quia
2549 2401 2824 2456 timebant
2843 2418 2994 2456 eum.
3017 2401 3124 2465 Qui
3145 2401 3244 2455 dat
3264 2401 3512 2455 animam
3530 2417 3668 2456 suam

2095 2495 2231 2561 Deo,
2252 2510 2363 2547 non
2375 2492 2547 2546 habet
2561 2492 2845 2564 propriam
2859 2491 3226 2554 voluntatem,
3248 2490 3351 2544 sed
3373 2497 3668 2563 exspectans

2097 2582 2196 2636 Dei
2222 2579 2516 2635 arbitrium
2549 2597 2660 2633 non
2702 2579 2938 2632 laborat.
2972 2580 3118 2634 Nam
3145 2579 3193 2632 si
3221 2585 3385 2633 tuam
3407 2580 3486 2632 vis
3512 2578 3669 2632 facere

427 3566 713 3615 mortuum
757 3577 942 3626 suum,
994 3562 1189 3616 relicto
1232 3579 1297 3616 eo
1347 3563 1431 3617 ire
1477 3569 1536 3617 et
1562 3565 1698 3617 flere
1736 3567 2021 3617 mortuum

428 3649 668 3720 proximi
688 3649 794 3703 sui.
822 3649 963 3704 Mori
989 3655 1179 3705 autem
1205 3651 1460 3722 proximo
1501 3657 1620 3718 tuo,
1656 3652 1759 3706 hoc
1787 3657 1873 3706 est
1901 3668 2025 3722 por-

427 3744 550 3792 tare
581 3744 809 3808 peccata
836 3743 953 3803 tua,
987 3744 1044 3792 et
1071 3739 1192 3792 sine
1223 3740 1477 3809 cogitatu
1507 3757 1628 3794 esse
1659 3741 1728 3794 ab
1749 3741 1903 3794 omni
1929 3741 2026 3796 ho-

428 3827 601 3889 mine,
633 3827 766 3895 quia
793 3827 900 3879 iste
942 3827 1120 3880 bonus
1150 3832 1253 3890 est,
1288 3835 1345 3882 et
1374 3828 1466 3882 ille
1510 3829 1690 3883 malus
1717 3835 1820 3895 est,
1851 3835 1908 3884 et
1953 3847 2024 3884 ne

427 3913 601 3967 facias
632 3914 845 3968 malum
876 3915 971 3969 alii
997 3915 1232 3980 homini,
1268 3933 1450 3988 neque
1480 3918 1693 3988 cogites
1733 3919 1944 3973 malum
1967 3919 2025 3974 in

431 4002 696 4073 aliquem,
732 4019 912 4074 neque
955 4003 1230 4075 spreveris
1276 4006 1521 4077 aliquem
1563 4007 1858 4062 facientem
1891 4024 2026 4063 ma-

433 4091 572 4156 lum,
591 4107 773 4162 neque
794 4092 1114 4162 acquiescas
1146 4092 1370 4148 facienti
1391 4096 1603 4150 malum
1633 4097 1884 4168 proximo
1906 4102 2023 4164 tuo,

431 4185 489 4234 et
533 4179 646 4234 noli
693 4181 940 4251 gaudere
987 4198 1114 4236 cum
1157 4199 1222 4237 eo
1251 4184 1348 4254 qui
1377 4183 1509 4239 facit
1536 4187 1745 4240 malum
1775 4186 2025 4256 proximo

2104 3564 2208 3618 scit
2227 3564 2522 3618 detrahere
2550 3563 2802 3635 proximo
2823 3562 2963 3617 suo?
2981 3563 3083 3617 Cui
3104 3563 3399 3634 respondit
3423 3578 3576 3617 senex
3586 3576 3670 3632 per

2107 3653 2461 3725 parabolam:
2489 3651 2630 3707 Erat
2645 3652 2874 3723 quidam
2891 3653 3057 3706 homo
3079 3669 3297 3724 pauper
3316 3652 3522 3708 habens
3548 3666 3668 3705 uxo-

2112 3759 2261 3796 rem:
2289 3743 2531 3814 quicum
2555 3741 2784 3796 vidisset
2799 3741 2968 3796 aliam
2984 3742 3278 3797 mulierem
3302 3741 3665 3814 pulchriorem,

2107 3837 2164 3886 et
2179 3831 2355 3902 ipsam
2369 3847 2591 3902 quoque
2614 3831 2846 3886 sortitus
2867 3837 2952 3885 est
2970 3831 3027 3885 in
3040 3832 3387 3902 conjugium.
3414 3830 3580 3886 Erant
3590 3845 3669 3882 au-

2106 3925 2220 3974 tem
2244 3925 2511 3992 utraequae
2533 3920 2714 3974 nudae.
2741 3921 2850 3975 Sed
2875 3937 3002 3974 cum
3030 3921 3291 3975 essentin
3323 3920 3552 3992 quodam
3571 3918 3669 3970 loco

2107 4009 2392 4074 nundinae,
2419 4014 2754 4080 rogaverunt
2783 4026 2912 4064 eum
2944 4009 3140 4076 ambae,
3173 4009 3422 4064 dicentes
3450 4027 3461 4062 :
3489 4009 3668 4063 Tecum

2113 4100 2303 4153 venire
2326 4099 2730 4153 desideramus.
2754 4099 2904 4164 Quas
2928 4099 3156 4154 mittens
3186 4100 3370 4155 nudas
3393 4099 3451 4154 in
3468 4097 3668 4160 dolium,

2111 4205 2237 4243 cum
2260 4187 2514 4244 navicula
2532 4188 2933 4255 transfretavit,
2957 4190 3218 4260 venitque
3233 4190 3306 4242 ad
3319 4190 3512 4243 locum.
3528 4185 3671 4239 Facta

431 4285 566 4336 suo;
601 4274 658 4324 et
688 4270 791 4324 hoc
822 4277 908 4325 est
935 4272 1077 4326 mori
1121 4273 1373 4343 proximo
1400 4278 1518 4330 tuo.
1553 4276 1621 4329 Et
1651 4275 1764 4329 noli
1795 4275 2022 4346 obloqui
2115 4283 2305 4332 autem
2327 4277 2579 4343 meridie,
2599 4293 2725 4331 cum
2750 4294 2862 4332 una
2881 4294 3075 4332 earum
3097 4279 3304 4349 populo
3321 4277 3594 4332 recedente
3610 4273 3672 4326 vi-

429 4358 502 4413 de
533 4358 742 4429 aliquo,
777 4361 875 4414 sed
914 4361 1120 4415 dicito:
1150 4362 1295 4426 Quia
1320 4363 1470 4418 Deus
1512 4365 1796 4435 cognoscit
1823 4381 2024 4419 unum-
2045 4353 2281 4421 Ddisset
2308 4365 2615 4432 silentium,
2648 4365 2858 4420 exilivit
2894 4367 2953 4420 in
2987 4367 3289 4437 quemdam
3327 4367 3502 4421 locum
3545 4361 3668 4417 dolio

433 4463 734 4518 quemque.
764 4449 890 4502 Noli
916 4466 1048 4519 ergo
1064 4449 1290 4505 obedire
1318 4452 1654 4519 detrahenti,
1687 4470 1868 4524 neque
1894 4471 2026 4508 con-
2110 4455 2353 4510 vicinum
2383 4455 2661 4521 velociter,
2693 4460 2751 4510 et
2779 4461 2993 4510 veteres
3025 4461 3195 4527 atque
3225 4456 3525 4511 conscissos
3550 4466 3669 4523 pan-

436 4536 688 4606 gaudeas
717 4537 767 4590 ei
797 4537 856 4590 in
875 4537 1222 4594 detractione
1251 4540 1449 4611 ipsius.
1483 4541 1609 4596 Noli
1625 4540 1852 4597 obedire
1879 4543 2030 4597 oblo-
2111 4561 2213 4599 nos
2239 4544 2524 4615 reperiens
2545 4561 2602 4598 se
2623 4544 2929 4615 praecinxit,
2951 4551 3007 4600 et
3025 4545 3228 4600 dehinc
3242 4539 3669 4600 ﬁducialitcrvisa

434 4625 630 4696 quenti
660 4626 976 4696 proximum
1017 4645 1204 4690 suum,
1251 4634 1308 4682 et
1347 4630 1451 4684 hoc
1481 4635 1605 4684 est:
1642 4629 1831 4685 Nolite
1866 4632 2022 4702 judi-
2111 4639 2197 4688 est
2225 4633 2532 4688 ambulare.
2566 4635 2760 4688 Altera
2786 4651 2915 4689 vero
2943 4635 3094 4689 nuda
3122 4635 3323 4690 sedens
3348 4634 3664 4691 intrinsecus.

438 4730 586 4779 care,
623 4721 680 4769 et
708 4731 819 4770 non
841 4716 1233 4785 judicabimini
1261 4721 1480 4789 (Matth.
1515 4722 1630 4788 vn).
1658 4719 1786 4774 Non
1822 4720 2030 4776 habeas
2113 4722 2332 4778 dicebat
2377 4724 2616 4778 marito:
2665 4725 2803 4778 Ecce
2833 4724 3097 4778 meretrix
3141 4724 3250 4778 ista
3286 4723 3436 4779 nuda
3469 4725 3561 4786 est,
3583 4733 3669 4773 nec

445 4801 768 4858 inimicitias
796 4822 923 4860 cum
955 4823 1288 4879 quocunque
1307 4808 1552 4871 homine,
1581 4825 1764 4880 neque
1787 4809 2032 4865 retineas
2114 4813 2494 4868 confunditur.
2519 4812 2623 4868 Cui
2645 4813 2883 4868 maritus
2929 4829 3056 4868 cum
3096 4813 3288 4869 dolore
3308 4813 3388 4868 ait
3411 4832 3426 4867 :
3453 4811 3494 4867 Ο
3521 4809 3668 4864 mira-

437 4888 759 4946 inimicitias
780 4893 839 4948 in
867 4896 1032 4950 corde
1056 4902 1175 4963 tuo,
1209 4913 1392 4969 neque
1409 4897 1536 4953 odio
1561 4897 1768 4953 habeas
1789 4916 1916 4954 eum
1940 4900 2034 4970 qui
2115 4901 2302 4956 culum
2329 4920 2342 4969 ;
2374 4902 2491 4956 haec
2509 4908 2793 4974 utcunque
2812 4902 3195 4958 confusionem
3214 4919 3373 4957 suam
3396 4896 3666 4972 cooperuit,

441 4977 768 5035 inimicatur
781 4984 1033 5053 proximo
1048 5002 1169 5051 suo,
1189 4991 1245 5040 et
1264 5003 1376 5041 non
1389 4987 1704 5042 consentias
1724 4987 2035 5042 inimicitiis
2115 4995 2178 5044 tu
2203 5007 2332 5045 vero
2361 4991 2610 5062 undique
2639 4992 2793 5046 nuda
2821 5008 2933 5047 non
2962 4991 3242 5046 erubescis
3270 4992 3489 5062 culpare
3516 4987 3590 5041 vel
3615 5000 3669 5039 ex

442 5064 639 5138 ipsius.
659 5069 787 5122 Noli
805 5071 1089 5143 despicere
1105 5091 1232 5128 eum
1252 5075 1348 5147 qui
1378 5075 1702 5130 inimicitias
1720 5077 1889 5134 habet
1903 5094 2034 5132 cum
2115 5084 2276 5150 parte
2297 5080 2590 5134 vestitam?
2619 5081 2706 5136 Ita
2726 5085 2812 5135 est
2833 5080 3323 5146 omnisdetractor,
3354 5079 3448 5151 qui
3474 5073 3668 5150 propria

2115 5168 2264 5222 mala
2291 5185 2404 5223 non
2423 5169 2634 5235 videns,
2659 5170 2846 5224 aliena
2867 5186 3091 5241 semper
3116 5175 3360 5224 accusat.

2192 5255 2274 5313 ll.
2307 5258 2581 5312 Dixerunt
2610 5258 2836 5328 quidam
2863 5258 3064 5312 fratres
3091 5255 3522 5312 abbatiAntonio
3544 5272 3556 5306 :
3577 5250 3670 5303 Vo-

2114 5347 2301 5402 lumus
2330 5353 2447 5401 ate
2495 5347 2690 5402 audire
2719 5347 2971 5414 verbum,
3015 5365 3123 5419 quo
3161 5346 3366 5402 salvari
3401 5343 3663 5418 possimus-

2113 5436 2270 5490 Tunc
2293 5453 2461 5491 senex
2488 5436 2569 5491 ait
2599 5454 2611 5489 :
2642 5438 2778 5492 Ecce
2821 5437 3140 5509 Scripturas
3181 5435 3431 5502 audistis,
3462 5428 3667 5488 sufﬁciat

2113 5525 2286 5582 vobis.
2312 5525 2420 5592 Qui
2450 5525 2748 5584 dixerunt:
2781 5527 2897 5584 Eta
2922 5526 3252 5584 tevolumus
3279 5524 3486 5590 audire,
3505 5520 3662 5577 Pater.

440 5155 694 5226 proximo
724 5173 844 5224 suo,
896 5166 952 5213 et
999 5161 1116 5216 hinc
1155 5169 1240 5217 est
1268 5181 1392 5235 pax,
1430 5165 1494 5219 In
1537 5165 1622 5220 his
1668 5166 2032 5236 temetipsum

436 5244 759 5299 consolare:
800 5248 1083 5304 modicum
1121 5256 1343 5324 tempus
1394 5261 1480 5308 est
1518 5254 1694 5322 labor,
1746 5261 1803 5309 et
1831 5255 2033 5327 scmpi-
2066 5304 2069 5307 .

435 5339 599 5389 terna
623 5334 866 5406 requies,
893 5338 1076 5407 gratia
1100 5341 1202 5394 Dei
1240 5343 1427 5398 Verbi.
1453 5345 1652 5398 Amen.

507 5420 561 5482 8.
582 5424 733 5480 Dixit
760 5425 904 5480 alius
925 5443 1126 5482 senex:
1153 5429 1389 5502 Propter
1401 5437 1456 5487 te
1483 5433 1650 5489 homo
1675 5434 1929 5489 Salvator
1947 5440 2034 5491 est

437 5519 604 5572 natus
624 5533 640 5585 ;
660 5521 894 5589 propter
912 5517 1018 5573 hoc
1040 5518 1246 5576 venitF
1249 5521 1377 5578 ilius
1396 5522 1520 5594 Dei,
1549 5529 1613 5578 ut
1630 5527 1691 5580 tu
1714 5524 2026 5581 salvareris.
