  <div class='ocr_page' id='page_1' title='image "/cluster/home/n/w/nwhite01/storage/ocr_20150623/73/hvd.32044054758776/515.png"; bbox 0 0 3964 6206; ppageno 0'>
   <div class='ocr_carea' id='block_1_1' title="bbox 439 286 3674 354">
    <p class='ocr_par' dir='ltr' id='par_1_1' title="bbox 439 286 3674 354">
     <span class='ocr_line' id='line_1_1' title="bbox 439 286 3674 354; baseline 0.003 -10"><span class='ocrx_word' id='word_1_1' title='bbox 439 286 583 344; x_wconf 78' lang='grc'>1019</span> <span class='ocrx_word' id='word_1_2' title='bbox 1559 296 1654 351; x_wconf 90' lang='lat' dir='ltr'><strong>DE</strong></span> <span class='ocrx_word' id='word_1_3' title='bbox 1689 296 1880 354; x_wconf 86' lang='lat' dir='ltr'>VITIS</span> <span class='ocrx_word' id='word_1_4' title='bbox 1916 296 2213 354; x_wconf 85' lang='lat' dir='ltr'>PATRUM</span> <span class='ocrx_word' id='word_1_5' title='bbox 2249 296 2466 354; x_wconf 86' lang='lat' dir='ltr'>LIBER</span> <span class='ocrx_word' id='word_1_6' title='bbox 2501 297 2598 352; x_wconf 89' lang='lat' dir='ltr'>VI.</span> <span class='ocrx_word' id='word_1_7' title='bbox 3553 293 3674 354; x_wconf 70' lang='lat'><strong>1020</strong></span> 
     </span>
    </p>
   </div>
   <div class='ocr_carea' id='block_1_2' title="bbox 440 414 3675 494">
    <p class='ocr_par' dir='ltr' id='par_1_2' title="bbox 440 414 3675 494">
     <span class='ocr_line' id='line_1_2' title="bbox 440 414 3675 494; baseline 0.002 -24"><span class='ocrx_word' id='word_1_8' title='bbox 440 414 807 487; x_wconf 79' lang='lat' dir='ltr'>cogitationes</span> <span class='ocrx_word' id='word_1_9' title='bbox 836 435 949 475; x_wconf 90' lang='lat' dir='ltr'>non</span> <span class='ocrx_word' id='word_1_10' title='bbox 978 419 1267 487; x_wconf 81' lang='lat' dir='ltr'>habemus,</span> <span class='ocrx_word' id='word_1_11' title='bbox 1299 419 1433 476; x_wconf 89' lang='lat' dir='ltr'>feris</span> <span class='ocrx_word' id='word_1_12' title='bbox 1453 420 1663 476; x_wconf 90' lang='lat' dir='ltr'>similes</span> <span class='ocrx_word' id='word_1_13' title='bbox 1691 438 1906 478; x_wconf 86' lang='lat' dir='ltr'>sumus.</span> <span class='ocrx_word' id='word_1_14' title='bbox 1932 423 2042 478; x_wconf 89' lang='lat' dir='ltr'>Sed</span> <span class='ocrx_word' id='word_1_15' title='bbox 2062 424 2115 484; x_wconf 82' lang='grc' dir='ltr'><strong>Α</strong></span> <span class='ocrx_word' id='word_1_16' title='bbox 2142 424 2151 435; x_wconf 80' lang='lat'>‘</span> <span class='ocrx_word' id='word_1_17' title='bbox 2201 422 2289 479; x_wconf 85' lang='grc'>31.</span> <span class='ocrx_word' id='word_1_18' title='bbox 2314 424 2450 478; x_wconf 84' lang='lat' dir='ltr'>Erat</span> <span class='ocrx_word' id='word_1_19' title='bbox 2469 421 2697 494; x_wconf 88' lang='lat' dir='ltr'>quidam</span> <span class='ocrx_word' id='word_1_20' title='bbox 2720 420 2895 477; x_wconf 79' lang='lat' dir='ltr'>frater</span> <span class='ocrx_word' id='word_1_21' title='bbox 2913 422 2973 477; x_wconf 88' lang='lat' dir='ltr'>in</span> <span class='ocrx_word' id='word_1_22' title='bbox 2999 421 3159 488; x_wconf 83' lang='lat' dir='ltr'>cella,</span> <span class='ocrx_word' id='word_1_23' title='bbox 3192 420 3285 491; x_wconf 88' lang='lat' dir='ltr'>qui</span> <span class='ocrx_word' id='word_1_24' title='bbox 3315 424 3439 492; x_wconf 87' lang='lat' dir='ltr'>post</span> <span class='ocrx_word' id='word_1_25' title='bbox 3464 421 3675 492; x_wconf 81' lang='lat' dir='ltr'>expletas</span> 
     </span>
    </p>
   </div>
   <div class='ocr_carea' id='block_1_3' title="bbox 440 506 3673 584">
    <p class='ocr_par' dir='ltr' id='par_1_3' title="bbox 440 506 3673 584">
     <span class='ocr_line' id='line_1_3' title="bbox 440 506 3673 584; baseline 0.001 -24"><span class='ocrx_word' id='word_1_26' title='bbox 440 506 588 561; x_wconf 84' lang='lat' dir='ltr'>sicut</span> <span class='ocrx_word' id='word_1_27' title='bbox 616 509 892 575; x_wconf 91' lang='lat' dir='ltr'>inimicus,</span> <span class='ocrx_word' id='word_1_28' title='bbox 926 509 1075 581; x_wconf 92' lang='lat' dir='ltr'>quod</span> <span class='ocrx_word' id='word_1_29' title='bbox 1101 526 1263 565; x_wconf 91' lang='lat' dir='ltr'>suum</span> <span class='ocrx_word' id='word_1_30' title='bbox 1296 515 1399 574; x_wconf 89' lang='lat' dir='ltr'>est,</span> <span class='ocrx_word' id='word_1_31' title='bbox 1430 510 1636 581; x_wconf 84' lang='lat' dir='ltr'>exigit;</span> <span class='ocrx_word' id='word_1_32' title='bbox 1667 527 1769 565; x_wconf 91' lang='lat' dir='ltr'>nos</span> <span class='ocrx_word' id='word_1_33' title='bbox 1797 529 2039 584; x_wconf 91' lang='lat' dir='ltr'>quoque,</span> <span class='ocrx_word' id='word_1_34' title='bbox 2126 528 2314 567; x_wconf 88' lang='lat' dir='ltr'>sacras</span> <span class='ocrx_word' id='word_1_35' title='bbox 2335 512 2556 578; x_wconf 90' lang='lat' dir='ltr'>missas,</span> <span class='ocrx_word' id='word_1_36' title='bbox 2588 528 2716 566; x_wconf 90' lang='lat' dir='ltr'>cum</span> <span class='ocrx_word' id='word_1_37' title='bbox 2746 510 3040 583; x_wconf 82' lang='lat' dir='ltr'>presbyter</span> <span class='ocrx_word' id='word_1_38' title='bbox 3053 510 3363 564; x_wconf 83' lang='lat' dir='ltr'>dimitteret</span> <span class='ocrx_word' id='word_1_39' title='bbox 3401 509 3673 576; x_wconf 78' lang='lat' dir='ltr'>ecclesiam.</span> 
     </span>
    </p>
   </div>
   <div class='ocr_carea' id='block_1_4' title="bbox 442 598 3679 675">
    <p class='ocr_par' dir='ltr' id='par_1_4' title="bbox 442 598 3679 675">
     <span class='ocr_line' id='line_1_4' title="bbox 442 598 3679 675; baseline 0.002 -25"><span class='ocrx_word' id='word_1_40' title='bbox 442 598 591 667; x_wconf 93' lang='lat' dir='ltr'>quod</span> <span class='ocrx_word' id='word_1_41' title='bbox 606 603 860 653; x_wconf 89' lang='lat' dir='ltr'>nostrum</span> <span class='ocrx_word' id='word_1_42' title='bbox 878 604 981 665; x_wconf 90' lang='lat' dir='ltr'>est,</span> <span class='ocrx_word' id='word_1_43' title='bbox 1000 599 1235 670; x_wconf 90' lang='lat' dir='ltr'>implere</span> <span class='ocrx_word' id='word_1_44' title='bbox 1255 600 1542 655; x_wconf 89' lang='lat' dir='ltr'>debemus.</span> <span class='ocrx_word' id='word_1_45' title='bbox 1573 600 1905 657; x_wconf 86' lang='lat' dir='ltr'>Insistamus</span> <span class='ocrx_word' id='word_1_46' title='bbox 1923 619 2045 657; x_wconf 90' lang='lat' dir='ltr'>ora-</span> <span class='ocrx_word' id='word_1_47' title='bbox 2126 602 2484 675; x_wconf 71' lang='lat' dir='ltr'>exspectabat</span> <span class='ocrx_word' id='word_1_48' title='bbox 2526 602 2702 657; x_wconf 89' lang='lat' dir='ltr'>donec</span> <span class='ocrx_word' id='word_1_49' title='bbox 2729 618 2925 656; x_wconf 89' lang='lat' dir='ltr'>omnes</span> <span class='ocrx_word' id='word_1_50' title='bbox 2978 600 3393 671; x_wconf 77' lang='lat' dir='ltr'>egrederentur,</span> <span class='ocrx_word' id='word_1_51' title='bbox 3422 606 3483 654; x_wconf 91' lang='lat' dir='ltr'>ut</span> <span class='ocrx_word' id='word_1_52' title='bbox 3507 600 3679 672; x_wconf 84' lang='lat' dir='ltr'>aliquis</span> 
     </span>
    </p>
   </div>
   <div class='ocr_carea' id='block_1_5' title="bbox 439 684 3682 759">
    <p class='ocr_par' dir='ltr' id='par_1_5' title="bbox 439 684 3682 759">
     <span class='ocr_line' id='line_1_5' title="bbox 439 684 3682 759; baseline 0.002 -20"><span class='ocrx_word' id='word_1_53' title='bbox 439 684 599 751; x_wconf 88' lang='lat' dir='ltr'>tioni,</span> <span class='ocrx_word' id='word_1_54' title='bbox 634 692 691 741; x_wconf 92' lang='lat' dir='ltr'>et</span> <span class='ocrx_word' id='word_1_55' title='bbox 722 686 983 743; x_wconf 86' lang='lat' dir='ltr'>inimicus</span> <span class='ocrx_word' id='word_1_56' title='bbox 1010 688 1255 759; x_wconf 82' lang='lat' dir='ltr'>fugatur.</span> <span class='ocrx_word' id='word_1_57' title='bbox 1279 690 1428 744; x_wconf 90' lang='lat' dir='ltr'>Vaca</span> <span class='ocrx_word' id='word_1_58' title='bbox 1456 689 1809 745; x_wconf 87' lang='lat' dir='ltr'>meditationi</span> <span class='ocrx_word' id='word_1_59' title='bbox 1838 691 1960 755; x_wconf 84' lang='lat' dir='ltr'>Dei,</span> <span class='ocrx_word' id='word_1_60' title='bbox 1988 699 2044 746; x_wconf 90' lang='lat' dir='ltr'>et</span> <span class='ocrx_word' id='word_1_61' title='bbox 2126 709 2255 747; x_wconf 92' lang='lat' dir='ltr'>eum</span> <span class='ocrx_word' id='word_1_62' title='bbox 2298 698 2519 747; x_wconf 90' lang='lat' dir='ltr'>teneret</span> <span class='ocrx_word' id='word_1_63' title='bbox 2546 692 2617 746; x_wconf 87' lang='lat' dir='ltr'>ad</span> <span class='ocrx_word' id='word_1_64' title='bbox 2664 690 3137 745; x_wconf 86' lang='lat' dir='ltr'>manducandum.</span> <span class='ocrx_word' id='word_1_65' title='bbox 3182 690 3303 744; x_wconf 91' lang='lat' dir='ltr'>Una</span> <span class='ocrx_word' id='word_1_66' title='bbox 3337 706 3466 759; x_wconf 85' lang='lat' dir='ltr'>ergo</span> <span class='ocrx_word' id='word_1_67' title='bbox 3492 689 3682 745; x_wconf 83' lang='lat' dir='ltr'>dierum</span> 
     </span>
    </p>
   </div>
   <div class='ocr_carea' id='block_1_6' title="bbox 441 772 3682 853">
    <p class='ocr_par' dir='ltr' id='par_1_6' title="bbox 441 772 3682 853">
     <span class='ocr_line' id='line_1_6' title="bbox 441 772 3682 853; baseline 0.002 -28"><span class='ocrx_word' id='word_1_68' title='bbox 441 772 648 830; x_wconf 85' lang='lat' dir='ltr'>vinces.</span> <span class='ocrx_word' id='word_1_69' title='bbox 675 776 1099 833; x_wconf 89' lang='lat' dir='ltr'>Perseverantia</span> <span class='ocrx_word' id='word_1_70' title='bbox 1139 777 1272 833; x_wconf 89' lang='lat' dir='ltr'>boni</span> <span class='ocrx_word' id='word_1_71' title='bbox 1302 778 1537 834; x_wconf 83' lang='lat' dir='ltr'>victoria</span> <span class='ocrx_word' id='word_1_72' title='bbox 1581 784 1686 834; x_wconf 90' lang='lat' dir='ltr'>est.</span> <span class='ocrx_word' id='word_1_73' title='bbox 1743 780 1931 849; x_wconf 88' lang='lat' dir='ltr'>Certa,</span> <span class='ocrx_word' id='word_1_74' title='bbox 1984 786 2044 837; x_wconf 91' lang='lat' dir='ltr'>et</span> <span class='ocrx_word' id='word_1_75' title='bbox 2124 783 2342 853; x_wconf 87' lang='lat' dir='ltr'>expleto</span> <span class='ocrx_word' id='word_1_76' title='bbox 2361 788 2657 847; x_wconf 88' lang='lat' dir='ltr'>conventu,</span> <span class='ocrx_word' id='word_1_77' title='bbox 2687 785 2819 835; x_wconf 84' lang='lat' dir='ltr'>ante</span> <span class='ocrx_word' id='word_1_78' title='bbox 2841 796 3036 835; x_wconf 91' lang='lat' dir='ltr'>omnes</span> <span class='ocrx_word' id='word_1_79' title='bbox 3056 795 3309 850; x_wconf 89' lang='lat' dir='ltr'>egressus</span> <span class='ocrx_word' id='word_1_80' title='bbox 3356 784 3457 844; x_wconf 90' lang='lat' dir='ltr'>est,</span> <span class='ocrx_word' id='word_1_81' title='bbox 3497 784 3551 833; x_wconf 86' lang='lat' dir='ltr'>et</span> <span class='ocrx_word' id='word_1_82' title='bbox 3571 796 3682 833; x_wconf 82' lang='lat' dir='ltr'>cur-</span> 
     </span>
    </p>
   </div>
   <div class='ocr_carea' id='block_1_7' title="bbox 440 863 3682 941">
    <p class='ocr_par' dir='ltr' id='par_1_7' title="bbox 440 863 3682 941">
     <span class='ocr_line' id='line_1_7' title="bbox 440 863 3682 941; baseline 0.002 -25"><span class='ocrx_word' id='word_1_83' title='bbox 440 863 814 920; x_wconf 88' lang='lat' dir='ltr'>coronaberis.</span> <span class='ocrx_word' id='word_1_84' title='bbox 2124 870 2284 925; x_wconf 91' lang='lat' dir='ltr'>rebat</span> <span class='ocrx_word' id='word_1_85' title='bbox 2301 871 2373 926; x_wconf 89' lang='lat' dir='ltr'>ad</span> <span class='ocrx_word' id='word_1_86' title='bbox 2390 871 2589 925; x_wconf 90' lang='lat' dir='ltr'>cellam</span> <span class='ocrx_word' id='word_1_87' title='bbox 2606 886 2766 925; x_wconf 89' lang='lat' dir='ltr'>suam</span> <span class='ocrx_word' id='word_1_88' title='bbox 2789 888 2801 923; x_wconf 92' lang='lat'>:</span> <span class='ocrx_word' id='word_1_89' title='bbox 2826 886 2994 941; x_wconf 90' lang='lat' dir='ltr'>quem</span> <span class='ocrx_word' id='word_1_90' title='bbox 3022 869 3249 923; x_wconf 89' lang='lat' dir='ltr'>intuens</span> <span class='ocrx_word' id='word_1_91' title='bbox 3268 866 3548 939; x_wconf 80' lang='lat' dir='ltr'>presbyter</span> <span class='ocrx_word' id='word_1_92' title='bbox 3573 884 3682 922; x_wconf 86' lang='lat' dir='ltr'>cur-</span> 
     </span>
    </p>
   </div>
   <div class='ocr_carea' id='block_1_8' title="bbox 511 950 3683 1031">
    <p class='ocr_par' dir='ltr' id='par_1_8' title="bbox 511 950 3683 1031">
     <span class='ocr_line' id='line_1_8' title="bbox 511 950 3683 1031; baseline 0.001 -22"><span class='ocrx_word' id='word_1_93' title='bbox 511 950 600 1009; x_wconf 86' lang='lat'>22.</span> <span class='ocrx_word' id='word_1_94' title='bbox 658 954 807 1009; x_wconf 86' lang='lat' dir='ltr'>Dixit</span> <span class='ocrx_word' id='word_1_95' title='bbox 863 972 1075 1010; x_wconf 85' lang='lat' dir='ltr'>senex:</span> <span class='ocrx_word' id='word_1_96' title='bbox 1125 958 1306 1012; x_wconf 87' lang='lat' dir='ltr'>Homo</span> <span class='ocrx_word' id='word_1_97' title='bbox 1360 956 1573 1013; x_wconf 87' lang='lat' dir='ltr'>habens</span> <span class='ocrx_word' id='word_1_98' title='bbox 1631 963 1871 1014; x_wconf 90' lang='lat' dir='ltr'>mortem</span> <span class='ocrx_word' id='word_1_99' title='bbox 1927 976 2042 1031; x_wconf 68' lang='lat' dir='ltr'>pra:</span> <span class='ocrx_word' id='word_1_100' title='bbox 2123 965 2344 1015; x_wconf 87' lang='lat' dir='ltr'>rentem</span> <span class='ocrx_word' id='word_1_101' title='bbox 2388 960 2626 1014; x_wconf 87' lang='lat' dir='ltr'>miratus</span> <span class='ocrx_word' id='word_1_102' title='bbox 2666 964 2771 1014; x_wconf 84' lang='lat' dir='ltr'>est.</span> <span class='ocrx_word' id='word_1_103' title='bbox 2817 960 3069 1029; x_wconf 86' lang='lat' dir='ltr'>Cumque</span> <span class='ocrx_word' id='word_1_104' title='bbox 3097 962 3379 1012; x_wconf 87' lang='lat' dir='ltr'>transacta</span> <span class='ocrx_word' id='word_1_105' title='bbox 3404 957 3683 1027; x_wconf 84' lang='lat' dir='ltr'>septimana</span> 
     </span>
    </p>
   </div>
   <div class='ocr_carea' id='block_1_9' title="bbox 440 1041 3685 1117">
    <p class='ocr_par' dir='ltr' id='par_1_9' title="bbox 440 1041 3685 1117">
     <span class='ocr_line' id='line_1_9' title="bbox 440 1041 3685 1117; baseline 0.002 -22"><span class='ocrx_word' id='word_1_106' title='bbox 440 1041 635 1108; x_wconf 92' lang='lat' dir='ltr'>oculis,</span> <span class='ocrx_word' id='word_1_107' title='bbox 665 1043 817 1098; x_wconf 91' lang='lat' dir='ltr'>omni</span> <span class='ocrx_word' id='word_1_108' title='bbox 840 1044 980 1099; x_wconf 86' lang='lat' dir='ltr'>hora</span> <span class='ocrx_word' id='word_1_109' title='bbox 1006 1044 1178 1101; x_wconf 88' lang='lat' dir='ltr'>vincit</span> <span class='ocrx_word' id='word_1_110' title='bbox 1201 1046 1755 1117; x_wconf 80' lang='lat' dir='ltr'>pusillanimitatem.‘</span> <span class='ocrx_word' id='word_1_111' title='bbox 2123 1049 2371 1104; x_wconf 82' lang='lat' dir='ltr'>venisset</span> <span class='ocrx_word' id='word_1_112' title='bbox 2409 1050 2586 1104; x_wconf 89' lang='lat' dir='ltr'>frater</span> <span class='ocrx_word' id='word_1_113' title='bbox 2622 1048 2716 1103; x_wconf 90' lang='lat' dir='ltr'>ille</span> <span class='ocrx_word' id='word_1_114' title='bbox 2746 1048 2805 1102; x_wconf 91' lang='lat' dir='ltr'>in</span> <span class='ocrx_word' id='word_1_115' title='bbox 2843 1048 3132 1102; x_wconf 86' lang='lat' dir='ltr'>collectam</span> <span class='ocrx_word' id='word_1_116' title='bbox 3175 1046 3434 1108; x_wconf 62' lang='lat' dir='ltr'>ecclesiae,</span> <span class='ocrx_word' id='word_1_117' title='bbox 3476 1045 3600 1101; x_wconf 87' lang='lat' dir='ltr'>dicit</span> <span class='ocrx_word' id='word_1_118' title='bbox 3641 1045 3685 1100; x_wconf 88' lang='lat' dir='ltr'>ei</span> 
     </span>
    </p>
   </div>
   <div class='ocr_carea' id='block_1_10' title="bbox 511 1128 3684 1211">
    <p class='ocr_par' dir='ltr' id='par_1_10' title="bbox 511 1128 3684 1211">
     <span class='ocr_line' id='line_1_10' title="bbox 511 1128 3684 1211; baseline 0.002 -24"><span class='ocrx_word' id='word_1_119' title='bbox 511 1128 598 1188; x_wconf 92' lang='lat'>23.</span> <span class='ocrx_word' id='word_1_120' title='bbox 620 1131 772 1187; x_wconf 83' lang='lat' dir='ltr'>Dixit</span> <span class='ocrx_word' id='word_1_121' title='bbox 793 1132 1077 1189; x_wconf 89' lang='lat' dir='ltr'>abbatissa</span> <span class='ocrx_word' id='word_1_122' title='bbox 1098 1136 1439 1207; x_wconf 87' lang='lat' dir='ltr'>Syncletica:</span> <span class='ocrx_word' id='word_1_123' title='bbox 1467 1138 1832 1194; x_wconf 88' lang='lat' dir='ltr'>Adversarius</span> <span class='ocrx_word' id='word_1_124' title='bbox 1853 1145 2046 1195; x_wconf 87' lang='lat' dir='ltr'>noster</span> <span class='ocrx_word' id='word_1_125' title='bbox 2124 1138 2420 1211; x_wconf 86' lang='lat' dir='ltr'>presbyter</span> <span class='ocrx_word' id='word_1_126' title='bbox 2447 1156 2461 1194; x_wconf 91' lang='lat'>:</span> <span class='ocrx_word' id='word_1_127' title='bbox 2494 1139 2595 1193; x_wconf 91' lang='lat' dir='ltr'>Dic</span> <span class='ocrx_word' id='word_1_128' title='bbox 2632 1138 2790 1204; x_wconf 90' lang='lat' dir='ltr'>mihi,</span> <span class='ocrx_word' id='word_1_129' title='bbox 2822 1137 3014 1203; x_wconf 82' lang='lat' dir='ltr'>frater,</span> <span class='ocrx_word' id='word_1_130' title='bbox 3046 1136 3196 1208; x_wconf 90' lang='lat' dir='ltr'>quod</span> <span class='ocrx_word' id='word_1_131' title='bbox 3236 1153 3428 1192; x_wconf 87' lang='lat' dir='ltr'>verum</span> <span class='ocrx_word' id='word_1_132' title='bbox 3452 1141 3550 1201; x_wconf 88' lang='lat' dir='ltr'>est,</span> <span class='ocrx_word' id='word_1_133' title='bbox 3581 1152 3684 1206; x_wconf 77' lang='lat' dir='ltr'>quae</span> 
     </span>
    </p>
   </div>
   <div class='ocr_carea' id='block_1_11' title="bbox 438 1218 3683 1299">
    <p class='ocr_par' dir='ltr' id='par_1_11' title="bbox 438 1218 3683 1299">
     <span class='ocr_line' id='line_1_11' title="bbox 438 1218 3683 1299; baseline 0.002 -25"><span class='ocrx_word' id='word_1_134' title='bbox 438 1218 656 1275; x_wconf 82' lang='lat' dir='ltr'>facilius</span> <span class='ocrx_word' id='word_1_135' title='bbox 684 1238 719 1277; x_wconf 90' lang='lat' dir='ltr'>a</span> <span class='ocrx_word' id='word_1_136' title='bbox 745 1223 885 1277; x_wconf 89' lang='lat' dir='ltr'>nihil</span> <span class='ocrx_word' id='word_1_137' title='bbox 931 1224 1345 1295; x_wconf 88' lang='lat' dir='ltr'>possidentibus</span> <span class='ocrx_word' id='word_1_138' title='bbox 1371 1232 1687 1298; x_wconf 83' lang='lat' dir='ltr'>superatur.</span> <span class='ocrx_word' id='word_1_139' title='bbox 1718 1229 1842 1283; x_wconf 89' lang='lat' dir='ltr'>Non</span> <span class='ocrx_word' id='word_1_140' title='bbox 1889 1229 2040 1284; x_wconf 88' lang='lat' dir='ltr'>enim</span> <span class='ocrx_word' id='word_1_141' title='bbox 2121 1244 2293 1282; x_wconf 85' lang='lat' dir='ltr'>causa</span> <span class='ocrx_word' id='word_1_142' title='bbox 2319 1228 2426 1284; x_wconf 90' lang='lat' dir='ltr'>fuit</span> <span class='ocrx_word' id='word_1_143' title='bbox 2451 1228 2599 1281; x_wconf 90' lang='lat' dir='ltr'>circa</span> <span class='ocrx_word' id='word_1_144' title='bbox 2623 1234 2700 1295; x_wconf 87' lang='lat' dir='ltr'>te,</span> <span class='ocrx_word' id='word_1_145' title='bbox 2714 1226 2811 1299; x_wconf 91' lang='lat' dir='ltr'>qui</span> <span class='ocrx_word' id='word_1_146' title='bbox 2830 1244 2930 1298; x_wconf 90' lang='lat' dir='ltr'>per</span> <span class='ocrx_word' id='word_1_147' title='bbox 2947 1243 3142 1282; x_wconf 90' lang='lat' dir='ltr'>omnes</span> <span class='ocrx_word' id='word_1_148' title='bbox 3170 1225 3395 1297; x_wconf 87' lang='lat' dir='ltr'>quidem</span> <span class='ocrx_word' id='word_1_149' title='bbox 3415 1232 3683 1280; x_wconf 85' lang='lat' dir='ltr'>conventus</span> 
     </span>
    </p>
   </div>
   <div class='ocr_carea' id='block_1_12' title="bbox 439 1308 3683 1389">
    <p class='ocr_par' dir='ltr' id='par_1_12' title="bbox 439 1308 3683 1389">
     <span class='ocr_line' id='line_1_12' title="bbox 439 1308 3683 1389; baseline 0.002 -27"><span class='ocrx_word' id='word_1_150' title='bbox 439 1308 613 1364; x_wconf 87' lang='lat' dir='ltr'>habet</span> <span class='ocrx_word' id='word_1_151' title='bbox 624 1311 1035 1381; x_wconf 77' lang='lat' dir='ltr'>quolzedateos,</span> <span class='ocrx_word' id='word_1_152' title='bbox 1051 1314 1185 1385; x_wconf 89' lang='lat' dir='ltr'>quia</span> <span class='ocrx_word' id='word_1_153' title='bbox 1211 1315 1465 1386; x_wconf 88' lang='lat' dir='ltr'>plerique</span> <span class='ocrx_word' id='word_1_154' title='bbox 1478 1332 1755 1372; x_wconf 91' lang='lat' dir='ltr'>memores</span> <span class='ocrx_word' id='word_1_155' title='bbox 1766 1318 2038 1389; x_wconf 76' lang='lat' dir='ltr'>angustiae</span> <span class='ocrx_word' id='word_1_156' title='bbox 2122 1317 2368 1372; x_wconf 65' lang='lat' dir='ltr'>ecclesiae</span> <span class='ocrx_word' id='word_1_157' title='bbox 2395 1316 2728 1372; x_wconf 90' lang='lat' dir='ltr'>remanebas</span> <span class='ocrx_word' id='word_1_158' title='bbox 2753 1316 2987 1371; x_wconf 87' lang='lat' dir='ltr'>ultimus</span> <span class='ocrx_word' id='word_1_159' title='bbox 3011 1315 3286 1381; x_wconf 88' lang='lat' dir='ltr'>omnium,</span> <span class='ocrx_word' id='word_1_160' title='bbox 3308 1314 3368 1369; x_wconf 90' lang='lat' dir='ltr'>in</span> <span class='ocrx_word' id='word_1_161' title='bbox 3394 1314 3683 1369; x_wconf 80' lang='lat' dir='ltr'>collectione</span> 
     </span>
    </p>
   </div>
   <div class='ocr_carea' id='block_1_13' title="bbox 441 1401 3684 1479">
    <p class='ocr_par' dir='ltr' id='par_1_13' title="bbox 441 1401 3684 1479">
     <span class='ocr_line' id='line_1_13' title="bbox 441 1401 3684 1479; baseline 0.001 -26"><span class='ocrx_word' id='word_1_162' title='bbox 441 1401 611 1468; x_wconf 91' lang='lat' dir='ltr'>atque</span> <span class='ocrx_word' id='word_1_163' title='bbox 634 1401 1012 1457; x_wconf 89' lang='lat' dir='ltr'>tentationum</span> <span class='ocrx_word' id='word_1_164' title='bbox 1034 1420 1068 1457; x_wconf 92' lang='lat' dir='ltr'>a</span> <span class='ocrx_word' id='word_1_165' title='bbox 1085 1404 1201 1457; x_wconf 94' lang='lat' dir='ltr'>Deo</span> <span class='ocrx_word' id='word_1_166' title='bbox 1221 1406 1626 1476; x_wconf 88' lang='lat' dir='ltr'>separantium,</span> <span class='ocrx_word' id='word_1_167' title='bbox 1652 1406 1710 1461; x_wconf 90' lang='lat' dir='ltr'>in</span> <span class='ocrx_word' id='word_1_168' title='bbox 1726 1406 1928 1463; x_wconf 89' lang='lat' dir='ltr'>ablatis</span> <span class='ocrx_word' id='word_1_169' title='bbox 1946 1424 2034 1479; x_wconf 85' lang='lat' dir='ltr'>pe-</span> <span class='ocrx_word' id='word_1_170' title='bbox 2120 1410 2310 1461; x_wconf 89' lang='lat' dir='ltr'>autem</span> <span class='ocrx_word' id='word_1_171' title='bbox 2329 1406 2613 1478; x_wconf 75' lang='lat' dir='ltr'>praeterita</span> <span class='ocrx_word' id='word_1_172' title='bbox 2642 1410 2774 1460; x_wconf 86' lang='lat' dir='ltr'>ante</span> <span class='ocrx_word' id='word_1_173' title='bbox 2802 1421 2999 1460; x_wconf 91' lang='lat' dir='ltr'>omnes</span> <span class='ocrx_word' id='word_1_174' title='bbox 3014 1420 3276 1475; x_wconf 84' lang='lat' dir='ltr'>egressus</span> <span class='ocrx_word' id='word_1_175' title='bbox 3314 1403 3412 1457; x_wconf 84' lang='lat' dir='ltr'>es?</span> <span class='ocrx_word' id='word_1_176' title='bbox 3427 1402 3525 1458; x_wconf 91' lang='lat' dir='ltr'>Cui</span> <span class='ocrx_word' id='word_1_177' title='bbox 3535 1402 3684 1457; x_wconf 83' lang='lat' dir='ltr'>frater</span> 
     </span>
    </p>
   </div>
   <div class='ocr_carea' id='block_1_14' title="bbox 440 1486 3680 1567">
    <p class='ocr_par' dir='ltr' id='par_1_14' title="bbox 440 1486 3680 1567">
     <span class='ocr_line' id='line_1_14' title="bbox 440 1486 3680 1567; baseline 0.001 -26"><span class='ocrx_word' id='word_1_178' title='bbox 440 1486 620 1542; x_wconf 89' lang='lat' dir='ltr'>cuniis</span> <span class='ocrx_word' id='word_1_179' title='bbox 642 1489 968 1561; x_wconf 66' lang='lat' dir='ltr'>caeterisque</span> <span class='ocrx_word' id='word_1_180' title='bbox 996 1491 1353 1547; x_wconf 82' lang='lat' dir='ltr'>facultatibus</span> <span class='ocrx_word' id='word_1_181' title='bbox 1399 1493 1554 1548; x_wconf 87' lang='lat' dir='ltr'>feriri</span> <span class='ocrx_word' id='word_1_182' title='bbox 1607 1501 2033 1550; x_wconf 86' lang='lat' dir='ltr'>consueverunt.</span> <span class='ocrx_word' id='word_1_183' title='bbox 2118 1494 2216 1549; x_wconf 91' lang='lat' dir='ltr'>ille</span> <span class='ocrx_word' id='word_1_184' title='bbox 2240 1495 2561 1567; x_wconf 87' lang='lat' dir='ltr'>respondit:</span> <span class='ocrx_word' id='word_1_185' title='bbox 2580 1495 2727 1560; x_wconf 88' lang='lat' dir='ltr'>Quia</span> <span class='ocrx_word' id='word_1_186' title='bbox 2752 1493 3104 1549; x_wconf 85' lang='lat' dir='ltr'>abstinebam</span> <span class='ocrx_word' id='word_1_187' title='bbox 3132 1509 3204 1548; x_wconf 90' lang='lat' dir='ltr'>ne</span> <span class='ocrx_word' id='word_1_188' title='bbox 3232 1492 3373 1546; x_wconf 88' lang='lat' dir='ltr'>mihi</span> <span class='ocrx_word' id='word_1_189' title='bbox 3400 1507 3680 1563; x_wconf 90' lang='lat' dir='ltr'>coquerem,</span> 
     </span>
    </p>
   </div>
   <div class='ocr_carea' id='block_1_15' title="bbox 513 1573 3681 1656">
    <p class='ocr_par' dir='ltr' id='par_1_15' title="bbox 513 1573 3681 1656">
     <span class='ocr_line' id='line_1_15' title="bbox 513 1573 3681 1656; baseline 0.001 -25"><span class='ocrx_word' id='word_1_190' title='bbox 513 1573 601 1631; x_wconf 80' lang='lat'>24.</span> <span class='ocrx_word' id='word_1_191' title='bbox 632 1576 848 1632; x_wconf 86' lang='lat' dir='ltr'>Rursus</span> <span class='ocrx_word' id='word_1_192' title='bbox 868 1595 990 1648; x_wconf 60' lang='lat' dir='ltr'>qua</span> <span class='ocrx_word' id='word_1_193' title='bbox 1023 1596 1220 1651; x_wconf 86' lang='lat' dir='ltr'>supra:</span> <span class='ocrx_word' id='word_1_194' title='bbox 1248 1581 1356 1646; x_wconf 84' lang='lat' dir='ltr'>Qui</span> <span class='ocrx_word' id='word_1_195' title='bbox 1384 1582 1647 1650; x_wconf 85' lang='lat' dir='ltr'>visibiles,</span> <span class='ocrx_word' id='word_1_196' title='bbox 1664 1584 1866 1654; x_wconf 88' lang='lat' dir='ltr'>inquit,</span> <span class='ocrx_word' id='word_1_197' title='bbox 1895 1584 2038 1638; x_wconf 89' lang='lat' dir='ltr'>divi-</span> <span class='ocrx_word' id='word_1_198' title='bbox 2121 1589 2178 1638; x_wconf 87' lang='lat' dir='ltr'>et</span> <span class='ocrx_word' id='word_1_199' title='bbox 2204 1584 2330 1639; x_wconf 91' lang='lat' dir='ltr'>ideo</span> <span class='ocrx_word' id='word_1_200' title='bbox 2350 1584 2736 1656; x_wconf 80' lang='lat' dir='ltr'>exspectabam</span> <span class='ocrx_word' id='word_1_201' title='bbox 2767 1589 2833 1639; x_wconf 90' lang='lat' dir='ltr'>ut</span> <span class='ocrx_word' id='word_1_202' title='bbox 2861 1582 3068 1655; x_wconf 89' lang='lat' dir='ltr'>aliquis</span> <span class='ocrx_word' id='word_1_203' title='bbox 3095 1598 3186 1637; x_wconf 90' lang='lat' dir='ltr'>me</span> <span class='ocrx_word' id='word_1_204' title='bbox 3214 1586 3436 1637; x_wconf 88' lang='lat' dir='ltr'>teneret</span> <span class='ocrx_word' id='word_1_205' title='bbox 3453 1581 3520 1635; x_wconf 89' lang='lat' dir='ltr'>ad</span> <span class='ocrx_word' id='word_1_206' title='bbox 3544 1597 3681 1634; x_wconf 87' lang='lat' dir='ltr'>man-</span> 
     </span>
    </p>
   </div>
   <div class='ocr_carea' id='block_1_16' title="bbox 439 1664 3683 1744">
    <p class='ocr_par' dir='ltr' id='par_1_16' title="bbox 439 1664 3683 1744">
     <span class='ocr_line' id='line_1_16' title="bbox 439 1664 3683 1744; baseline 0.002 -26"><span class='ocrx_word' id='word_1_207' title='bbox 439 1664 551 1719; x_wconf 89' lang='lat' dir='ltr'>tias</span> <span class='ocrx_word' id='word_1_208' title='bbox 582 1681 646 1719; x_wconf 84' lang='lat' dir='ltr'>ex</span> <span class='ocrx_word' id='word_1_209' title='bbox 661 1666 852 1720; x_wconf 89' lang='lat' dir='ltr'>multis</span> <span class='ocrx_word' id='word_1_210' title='bbox 867 1666 1150 1723; x_wconf 81' lang='lat' dir='ltr'>laboribus</span> <span class='ocrx_word' id='word_1_211' title='bbox 1175 1675 1345 1742; x_wconf 89' lang='lat' dir='ltr'>atque</span> <span class='ocrx_word' id='word_1_212' title='bbox 1357 1672 1591 1727; x_wconf 89' lang='lat' dir='ltr'>marinis</span> <span class='ocrx_word' id='word_1_213' title='bbox 1612 1672 1873 1744; x_wconf 88' lang='lat' dir='ltr'>periculis</span> <span class='ocrx_word' id='word_1_214' title='bbox 1887 1673 2040 1728; x_wconf 85' lang='lat' dir='ltr'>colli-</span> <span class='ocrx_word' id='word_1_215' title='bbox 2120 1673 2457 1728; x_wconf 83' lang='lat' dir='ltr'>ducendum.</span> <span class='ocrx_word' id='word_1_216' title='bbox 2475 1675 2579 1729; x_wconf 89' lang='lat' dir='ltr'>Illa</span> <span class='ocrx_word' id='word_1_217' title='bbox 2602 1690 2736 1729; x_wconf 89' lang='lat' dir='ltr'>vero</span> <span class='ocrx_word' id='word_1_218' title='bbox 2768 1673 3020 1737; x_wconf 74' lang='lat' dir='ltr'>collecta,</span> <span class='ocrx_word' id='word_1_219' title='bbox 3054 1672 3387 1743; x_wconf 88' lang='lat' dir='ltr'>priusquam</span> <span class='ocrx_word' id='word_1_220' title='bbox 3400 1670 3683 1725; x_wconf 88' lang='lat' dir='ltr'>veniremin</span> 
     </span>
    </p>
   </div>
   <div class='ocr_carea' id='block_1_17' title="bbox 437 1752 3685 1833">
    <p class='ocr_par' dir='ltr' id='par_1_17' title="bbox 437 1752 3685 1833">
     <span class='ocr_line' id='line_1_17' title="bbox 437 1752 3685 1833; baseline 0.001 -25"><span class='ocrx_word' id='word_1_221' title='bbox 437 1758 598 1824; x_wconf 85' lang='lat' dir='ltr'>gunt,</span> <span class='ocrx_word' id='word_1_222' title='bbox 619 1754 755 1809; x_wconf 91' lang='lat' dir='ltr'>dum</span> <span class='ocrx_word' id='word_1_223' title='bbox 767 1756 931 1826; x_wconf 67' lang='lat' dir='ltr'>plura</span> <span class='ocrx_word' id='word_1_224' title='bbox 952 1757 1260 1826; x_wconf 78' lang='lat' dir='ltr'>lucrentur,</span> <span class='ocrx_word' id='word_1_225' title='bbox 1285 1760 1527 1831; x_wconf 90' lang='lat' dir='ltr'>plurima</span> <span class='ocrx_word' id='word_1_226' title='bbox 1545 1762 1963 1833; x_wconf 90' lang='lat' dir='ltr'>concupiscunt,</span> <span class='ocrx_word' id='word_1_227' title='bbox 1984 1752 2102 1817; x_wconf 85' lang='lat' dir='ltr'>etB</span> <span class='ocrx_word' id='word_1_228' title='bbox 2121 1761 2432 1829; x_wconf 90' lang='lat' dir='ltr'>ecclesiam,</span> <span class='ocrx_word' id='word_1_229' title='bbox 2474 1761 2597 1817; x_wconf 87' lang='lat' dir='ltr'>coxi</span> <span class='ocrx_word' id='word_1_230' title='bbox 2646 1761 2786 1816; x_wconf 90' lang='lat' dir='ltr'>mihi</span> <span class='ocrx_word' id='word_1_231' title='bbox 2834 1760 3104 1832; x_wconf 88' lang='lat' dir='ltr'>pusillum</span> <span class='ocrx_word' id='word_1_232' title='bbox 3140 1759 3438 1823; x_wconf 65' lang='lat' dir='ltr'>lenticulis,</span> <span class='ocrx_word' id='word_1_233' title='bbox 3482 1758 3685 1829; x_wconf 86' lang='lat' dir='ltr'>ideoque</span> 
     </span>
    </p>
   </div>
   <div class='ocr_carea' id='block_1_18' title="bbox 439 1843 3685 1921">
    <p class='ocr_par' dir='ltr' id='par_1_18' title="bbox 439 1843 3685 1921">
     <span class='ocr_line' id='line_1_18' title="bbox 439 1843 3685 1921; baseline 0.002 -26"><span class='ocrx_word' id='word_1_234' title='bbox 439 1843 739 1912; x_wconf 69' lang='lat' dir='ltr'>praesentia</span> <span class='ocrx_word' id='word_1_235' title='bbox 789 1844 1014 1916; x_wconf 90' lang='lat' dir='ltr'>quidem</span> <span class='ocrx_word' id='word_1_236' title='bbox 1045 1851 1315 1918; x_wconf 88' lang='lat' dir='ltr'>tanquam</span> <span class='ocrx_word' id='word_1_237' title='bbox 1363 1849 1505 1903; x_wconf 88' lang='lat' dir='ltr'>nihil</span> <span class='ocrx_word' id='word_1_238' title='bbox 1540 1850 1879 1906; x_wconf 89' lang='lat' dir='ltr'>existimant.</span> <span class='ocrx_word' id='word_1_239' title='bbox 1925 1852 2041 1906; x_wconf 94' lang='lat' dir='ltr'>Nos</span> <span class='ocrx_word' id='word_1_240' title='bbox 2124 1856 2514 1906; x_wconf 90' lang='lat' dir='ltr'>consummato</span> <span class='ocrx_word' id='word_1_241' title='bbox 2541 1867 2700 1905; x_wconf 89' lang='lat' dir='ltr'>sacro</span> <span class='ocrx_word' id='word_1_242' title='bbox 2728 1848 3000 1921; x_wconf 90' lang='lat' dir='ltr'>mysterio</span> <span class='ocrx_word' id='word_1_243' title='bbox 3029 1854 3161 1903; x_wconf 88' lang='lat' dir='ltr'>ante</span> <span class='ocrx_word' id='word_1_244' title='bbox 3199 1865 3397 1903; x_wconf 90' lang='lat' dir='ltr'>omnes</span> <span class='ocrx_word' id='word_1_245' title='bbox 3422 1846 3571 1901; x_wconf 83' lang='lat' dir='ltr'>exivi.</span> <span class='ocrx_word' id='word_1_246' title='bbox 3594 1846 3685 1900; x_wconf 79' lang='lat' dir='ltr'>Au-</span> 
     </span>
    </p>
   </div>
   <div class='ocr_carea' id='block_1_19' title="bbox 438 1933 3686 2011">
    <p class='ocr_par' dir='ltr' id='par_1_19' title="bbox 438 1933 3686 2011">
     <span class='ocr_line' id='line_1_19' title="bbox 438 1933 3686 2011; baseline 0.002 -28"><span class='ocrx_word' id='word_1_247' title='bbox 438 1945 571 1985; x_wconf 90' lang='lat' dir='ltr'>vero</span> <span class='ocrx_word' id='word_1_248' title='bbox 590 1933 907 1988; x_wconf 89' lang='lat' dir='ltr'>necessaria</span> <span class='ocrx_word' id='word_1_249' title='bbox 931 1951 1031 2005; x_wconf 89' lang='lat' dir='ltr'>pro</span> <span class='ocrx_word' id='word_1_250' title='bbox 1050 1936 1256 1991; x_wconf 88' lang='lat' dir='ltr'>timore</span> <span class='ocrx_word' id='word_1_251' title='bbox 1282 1937 1384 1993; x_wconf 90' lang='lat' dir='ltr'>Dei</span> <span class='ocrx_word' id='word_1_252' title='bbox 1413 1939 1703 1994; x_wconf 90' lang='lat' dir='ltr'>renuimus</span> <span class='ocrx_word' id='word_1_253' title='bbox 1732 1940 2038 2011; x_wconf 88' lang='lat' dir='ltr'>possidere.</span> <span class='ocrx_word' id='word_1_254' title='bbox 2122 1938 2282 1995; x_wconf 90' lang='lat' dir='ltr'>diens</span> <span class='ocrx_word' id='word_1_255' title='bbox 2297 1944 2488 1995; x_wconf 91' lang='lat' dir='ltr'>autem</span> <span class='ocrx_word' id='word_1_256' title='bbox 2501 1940 2618 1995; x_wconf 66' lang='lat' dir='ltr'>haec</span> <span class='ocrx_word' id='word_1_257' title='bbox 2638 1938 2949 2011; x_wconf 88' lang='lat' dir='ltr'>presbyter,</span> <span class='ocrx_word' id='word_1_258' title='bbox 2963 1938 3119 1993; x_wconf 87' lang='lat' dir='ltr'>dedit</span> <span class='ocrx_word' id='word_1_259' title='bbox 3132 1937 3462 1992; x_wconf 89' lang='lat' dir='ltr'>mandatum</span> <span class='ocrx_word' id='word_1_260' title='bbox 3475 1936 3531 1990; x_wconf 91' lang='lat' dir='ltr'>in</span> <span class='ocrx_word' id='word_1_261' title='bbox 3546 1936 3686 1990; x_wconf 87' lang='lat' dir='ltr'>eccle-</span> 
     </span>
    </p>
   </div>
   <div class='ocr_carea' id='block_1_20' title="bbox 511 2019 3683 2099">
    <p class='ocr_par' dir='ltr' id='par_1_20' title="bbox 511 2019 3683 2099">
     <span class='ocr_line' id='line_1_20' title="bbox 511 2019 3683 2099; baseline 0.001 -24"><span class='ocrx_word' id='word_1_262' title='bbox 511 2019 601 2075; x_wconf 79' lang='lat'>25.</span> <span class='ocrx_word' id='word_1_263' title='bbox 626 2020 778 2076; x_wconf 81' lang='lat' dir='ltr'>Dixit</span> <span class='ocrx_word' id='word_1_264' title='bbox 805 2025 1124 2089; x_wconf 81' lang='lat' dir='ltr'>seneszui</span> <span class='ocrx_word' id='word_1_265' title='bbox 1141 2025 1201 2080; x_wconf 89' lang='lat' dir='ltr'>in</span> <span class='ocrx_word' id='word_1_266' title='bbox 1226 2027 1417 2081; x_wconf 89' lang='lat' dir='ltr'>anima</span> <span class='ocrx_word' id='word_1_267' title='bbox 1444 2044 1550 2083; x_wconf 88' lang='lat' dir='ltr'>sua</span> <span class='ocrx_word' id='word_1_268' title='bbox 1578 2028 1908 2083; x_wconf 89' lang='lat' dir='ltr'>memoriam</span> <span class='ocrx_word' id='word_1_269' title='bbox 1925 2046 2043 2083; x_wconf 84' lang='lat' dir='ltr'>ma-</span> <span class='ocrx_word' id='word_1_270' title='bbox 2121 2029 2225 2094; x_wconf 88' lang='lat' dir='ltr'>sia,</span> <span class='ocrx_word' id='word_1_271' title='bbox 2258 2029 2451 2084; x_wconf 89' lang='lat' dir='ltr'>dicens</span> <span class='ocrx_word' id='word_1_272' title='bbox 2480 2030 2764 2093; x_wconf 87' lang='lat' dir='ltr'>:Fratres,</span> <span class='ocrx_word' id='word_1_273' title='bbox 2793 2034 3098 2099; x_wconf 87' lang='lat' dir='ltr'>antequam</span> <span class='ocrx_word' id='word_1_274' title='bbox 3136 2026 3377 2082; x_wconf 88' lang='lat' dir='ltr'>veniatis</span> <span class='ocrx_word' id='word_1_275' title='bbox 3411 2025 3481 2079; x_wconf 89' lang='lat' dir='ltr'>ad</span> <span class='ocrx_word' id='word_1_276' title='bbox 3535 2024 3683 2079; x_wconf 86' lang='lat' dir='ltr'>eccle-</span> 
     </span>
    </p>
   </div>
   <div class='ocr_carea' id='block_1_21' title="bbox 439 2107 3685 2189">
    <p class='ocr_par' dir='ltr' id='par_1_21' title="bbox 439 2107 3685 2189">
     <span class='ocr_line' id='line_1_21' title="bbox 439 2107 3685 2189; baseline 0.002 -27"><span class='ocrx_word' id='word_1_277' title='bbox 439 2107 575 2163; x_wconf 70' lang='lat' dir='ltr'>litiaa</span> <span class='ocrx_word' id='word_1_278' title='bbox 599 2109 758 2180; x_wconf 80' lang='lat' dir='ltr'>ligat,</span> <span class='ocrx_word' id='word_1_279' title='bbox 778 2111 976 2168; x_wconf 87' lang='lat' dir='ltr'>similis</span> <span class='ocrx_word' id='word_1_280' title='bbox 1001 2119 1087 2168; x_wconf 88' lang='lat' dir='ltr'>est</span> <span class='ocrx_word' id='word_1_281' title='bbox 1114 2114 1302 2185; x_wconf 90' lang='lat' dir='ltr'>ignem</span> <span class='ocrx_word' id='word_1_282' title='bbox 1331 2115 1481 2171; x_wconf 89' lang='lat' dir='ltr'>inter</span> <span class='ocrx_word' id='word_1_283' title='bbox 1506 2118 1697 2189; x_wconf 87' lang='lat' dir='ltr'>paleas</span> <span class='ocrx_word' id='word_1_284' title='bbox 1714 2119 2036 2173; x_wconf 90' lang='lat' dir='ltr'>occultanti.</span> <span class='ocrx_word' id='word_1_285' title='bbox 2119 2116 2218 2173; x_wconf 68' lang='lat' dir='ltr'>sies</span> <span class='ocrx_word' id='word_1_286' title='bbox 2258 2118 2569 2184; x_wconf 87' lang='lat' dir='ltr'>collectam,</span> <span class='ocrx_word' id='word_1_287' title='bbox 2604 2118 2827 2189; x_wconf 87' lang='lat' dir='ltr'>coquite</span> <span class='ocrx_word' id='word_1_288' title='bbox 2872 2116 3026 2172; x_wconf 88' lang='lat' dir='ltr'>vobis</span> <span class='ocrx_word' id='word_1_289' title='bbox 3054 2117 3328 2189; x_wconf 89' lang='lat' dir='ltr'>pusillum</span> <span class='ocrx_word' id='word_1_290' title='bbox 3368 2120 3605 2179; x_wconf 66' lang='lat' dir='ltr'>cocturae,</span> <span class='ocrx_word' id='word_1_291' title='bbox 3633 2122 3685 2168; x_wconf 87' lang='lat' dir='ltr'>ut</span> 
     </span>
    </p>
   </div>
   <div class='ocr_carea' id='block_1_22' title="bbox 514 2194 3684 2278">
    <p class='ocr_par' dir='ltr' id='par_1_22' title="bbox 514 2194 3684 2278">
     <span class='ocr_line' id='line_1_22' title="bbox 514 2194 3684 2278; baseline 0.001 -25"><span class='ocrx_word' id='word_1_292' title='bbox 514 2194 601 2254; x_wconf 86' lang='lat'>26.</span> <span class='ocrx_word' id='word_1_293' title='bbox 634 2199 786 2254; x_wconf 85' lang='lat' dir='ltr'>Dixit</span> <span class='ocrx_word' id='word_1_294' title='bbox 838 2201 1067 2272; x_wconf 89' lang='lat' dir='ltr'>quidam</span> <span class='ocrx_word' id='word_1_295' title='bbox 1095 2220 1260 2258; x_wconf 84' lang='lat' dir='ltr'>senex</span> <span class='ocrx_word' id='word_1_296' title='bbox 1284 2222 1297 2257; x_wconf 86' lang='lat'>:</span> <span class='ocrx_word' id='word_1_297' title='bbox 1337 2206 1395 2260; x_wconf 92' lang='lat' dir='ltr'>Si</span> <span class='ocrx_word' id='word_1_298' title='bbox 1424 2206 1493 2260; x_wconf 91' lang='lat' dir='ltr'>de</span> <span class='ocrx_word' id='word_1_299' title='bbox 1525 2206 1637 2262; x_wconf 87' lang='lat' dir='ltr'>vita</span> <span class='ocrx_word' id='word_1_300' title='bbox 1665 2212 1877 2263; x_wconf 67' lang='lat' dir='ltr'>aeterna</span> <span class='ocrx_word' id='word_1_301' title='bbox 1929 2225 2044 2262; x_wconf 87' lang='lat' dir='ltr'>scr-</span> <span class='ocrx_word' id='word_1_302' title='bbox 2123 2210 2307 2272; x_wconf 71' lang='grc' dir='ltr'>ωι</span> <span class='ocrx_word' id='word_1_303' title='bbox 2356 2211 2588 2278; x_wconf 87' lang='lat' dir='ltr'>propter</span> <span class='ocrx_word' id='word_1_304' title='bbox 2607 2206 2745 2261; x_wconf 93' lang='lat' dir='ltr'>illud</span> <span class='ocrx_word' id='word_1_305' title='bbox 2763 2223 2892 2261; x_wconf 89' lang='lat' dir='ltr'>cum</span> <span class='ocrx_word' id='word_1_306' title='bbox 2921 2198 3212 2261; x_wconf 87' lang='lat' dir='ltr'>alacritate</span> <span class='ocrx_word' id='word_1_307' title='bbox 3234 2203 3507 2260; x_wconf 87' lang='lat' dir='ltr'>festinetis</span> <span class='ocrx_word' id='word_1_308' title='bbox 3529 2218 3684 2257; x_wconf 85' lang='lat' dir='ltr'>recur-</span> 
     </span>
    </p>
   </div>
   <div class='ocr_carea' id='block_1_23' title="bbox 441 2289 2749 2361">
    <p class='ocr_par' dir='ltr' id='par_1_23' title="bbox 441 2289 2749 2361">
     <span class='ocr_line' id='line_1_23' title="bbox 441 2289 2749 2361; baseline 0.003 -20"><span class='ocrx_word' id='word_1_309' title='bbox 441 2301 667 2342; x_wconf 88' lang='lat' dir='ltr'>monem</span> <span class='ocrx_word' id='word_1_310' title='bbox 679 2289 940 2361; x_wconf 91' lang='lat' dir='ltr'>cuiquam</span> <span class='ocrx_word' id='word_1_311' title='bbox 963 2291 1120 2359; x_wconf 85' lang='lat' dir='ltr'>facis,</span> <span class='ocrx_word' id='word_1_312' title='bbox 1135 2293 1225 2347; x_wconf 89' lang='lat' dir='ltr'>dic</span> <span class='ocrx_word' id='word_1_313' title='bbox 1237 2293 1468 2349; x_wconf 88' lang='lat' dir='ltr'>verbum</span> <span class='ocrx_word' id='word_1_314' title='bbox 1479 2296 1731 2351; x_wconf 89' lang='lat' dir='ltr'>audienti</span> <span class='ocrx_word' id='word_1_315' title='bbox 1750 2314 1878 2352; x_wconf 92' lang='lat' dir='ltr'>cum</span> <span class='ocrx_word' id='word_1_316' title='bbox 1898 2314 2045 2352; x_wconf 89' lang='lat' dir='ltr'>com-</span> <span class='ocrx_word' id='word_1_317' title='bbox 2126 2310 2252 2350; x_wconf 86' lang='lat' dir='ltr'>rere</span> <span class='ocrx_word' id='word_1_318' title='bbox 2271 2294 2330 2349; x_wconf 91' lang='lat' dir='ltr'>in</span> <span class='ocrx_word' id='word_1_319' title='bbox 2360 2295 2514 2350; x_wconf 90' lang='lat' dir='ltr'>cellis</span> <span class='ocrx_word' id='word_1_320' title='bbox 2534 2295 2749 2350; x_wconf 88' lang='lat' dir='ltr'>vestris.</span> 
     </span>
    </p>
   </div>
   <div class='ocr_carea' id='block_1_24' title="bbox 439 2376 3681 2456">
    <p class='ocr_par' dir='ltr' id='par_1_24' title="bbox 439 2376 3681 2456">
     <span class='ocr_line' id='line_1_24' title="bbox 439 2376 3681 2456; baseline 0.001 -26"><span class='ocrx_word' id='word_1_321' title='bbox 439 2376 742 2448; x_wconf 89' lang='lat' dir='ltr'>punctione</span> <span class='ocrx_word' id='word_1_322' title='bbox 772 2385 831 2434; x_wconf 91' lang='lat' dir='ltr'>et</span> <span class='ocrx_word' id='word_1_323' title='bbox 857 2380 1158 2453; x_wconf 89' lang='lat' dir='ltr'>lacrymis;</span> <span class='ocrx_word' id='word_1_324' title='bbox 1192 2382 1443 2455; x_wconf 90' lang='lat' dir='ltr'>alioquin</span> <span class='ocrx_word' id='word_1_325' title='bbox 1473 2402 1585 2440; x_wconf 91' lang='lat' dir='ltr'>non</span> <span class='ocrx_word' id='word_1_326' title='bbox 1613 2386 2043 2453; x_wconf 87' lang='lat' dir='ltr'>dicas,neinve-</span> <span class='ocrx_word' id='word_1_327' title='bbox 2196 2382 2284 2441; x_wconf 87' lang='lat'>32.</span> <span class='ocrx_word' id='word_1_328' title='bbox 2341 2384 2511 2440; x_wconf 87' lang='lat' dir='ltr'>Venit</span> <span class='ocrx_word' id='word_1_329' title='bbox 2552 2383 2854 2456; x_wconf 86' lang='lat' dir='ltr'>aliquando</span> <span class='ocrx_word' id='word_1_330' title='bbox 2889 2383 3063 2453; x_wconf 86' lang='lat' dir='ltr'>judex</span> <span class='ocrx_word' id='word_1_331' title='bbox 3097 2383 3348 2454; x_wconf 84' lang='lat' dir='ltr'>regionis</span> <span class='ocrx_word' id='word_1_332' title='bbox 3394 2382 3611 2451; x_wconf 85' lang='lat' dir='ltr'>alicujus</span> <span class='ocrx_word' id='word_1_333' title='bbox 3637 2379 3681 2433; x_wconf 89' lang='lat' dir='ltr'>in</span> 
     </span>
    </p>
   </div>
   <div class='ocr_carea' id='block_1_25' title="bbox 439 2466 3683 2543">
    <p class='ocr_par' dir='ltr' id='par_1_25' title="bbox 439 2466 3683 2543">
     <span class='ocr_line' id='line_1_25' title="bbox 439 2466 3683 2543; baseline 0 -21"><span class='ocrx_word' id='word_1_334' title='bbox 439 2466 616 2522; x_wconf 90' lang='lat' dir='ltr'>niaris</span> <span class='ocrx_word' id='word_1_335' title='bbox 638 2466 874 2536; x_wconf 89' lang='lat' dir='ltr'>inutilis,</span> <span class='ocrx_word' id='word_1_336' title='bbox 908 2470 1106 2525; x_wconf 88' lang='lat' dir='ltr'>alienis</span> <span class='ocrx_word' id='word_1_337' title='bbox 1130 2472 1313 2526; x_wconf 88' lang='lat' dir='ltr'>verbis</span> <span class='ocrx_word' id='word_1_338' title='bbox 1336 2473 1476 2528; x_wconf 90' lang='lat' dir='ltr'>alios</span> <span class='ocrx_word' id='word_1_339' title='bbox 1506 2475 1722 2530; x_wconf 90' lang='lat' dir='ltr'>salvare</span> <span class='ocrx_word' id='word_1_340' title='bbox 1750 2475 2040 2530; x_wconf 84' lang='lat' dir='ltr'>festinans.</span> <span class='ocrx_word' id='word_1_341' title='bbox 2125 2472 2410 2543; x_wconf 89' lang='lat' dir='ltr'>provincia</span> <span class='ocrx_word' id='word_1_342' title='bbox 2425 2472 2643 2530; x_wconf 86' lang='lat' dir='ltr'>abbatis</span> <span class='ocrx_word' id='word_1_343' title='bbox 2660 2471 2926 2528; x_wconf 80' lang='lat' dir='ltr'>Pastoris.</span> <span class='ocrx_word' id='word_1_344' title='bbox 2950 2472 3255 2527; x_wconf 85' lang='lat' dir='ltr'>Venientes</span> <span class='ocrx_word' id='word_1_345' title='bbox 3286 2477 3474 2527; x_wconf 89' lang='lat' dir='ltr'>autem</span> <span class='ocrx_word' id='word_1_346' title='bbox 3498 2469 3683 2525; x_wconf 80' lang='lat' dir='ltr'>habita-</span> 
     </span>
    </p>
   </div>
   <div class='ocr_carea' id='block_1_26' title="bbox 438 2553 3680 2635">
    <p class='ocr_par' dir='ltr' id='par_1_26' title="bbox 438 2553 3680 2635">
     <span class='ocr_line' id='line_1_26' title="bbox 438 2553 3680 2635; baseline 0.001 -26"><span class='ocrx_word' id='word_1_347' title='bbox 438 2553 724 2611; x_wconf 78' lang='lat' dir='ltr'>Peccatori</span> <span class='ocrx_word' id='word_1_348' title='bbox 738 2574 985 2631; x_wconf 88' lang='lat' dir='ltr'>namque</span> <span class='ocrx_word' id='word_1_349' title='bbox 1005 2560 1145 2615; x_wconf 81' lang='lat' dir='ltr'>dixit</span> <span class='ocrx_word' id='word_1_350' title='bbox 1163 2561 1339 2616; x_wconf 89' lang='lat' dir='ltr'>Deus:</span> <span class='ocrx_word' id='word_1_351' title='bbox 1356 2563 1541 2626; x_wconf 84' lang='lat' dir='ltr'>Quare</span> <span class='ocrx_word' id='word_1_352' title='bbox 1552 2568 1615 2618; x_wconf 92' lang='lat' dir='ltr'>tu</span> <span class='ocrx_word' id='word_1_353' title='bbox 1638 2565 2041 2635; x_wconf 85' lang='lat' dir='ltr'>enarrasjusti-</span> <span class='ocrx_word' id='word_1_354' title='bbox 2122 2566 2275 2616; x_wconf 89' lang='lat' dir='ltr'>tores</span> <span class='ocrx_word' id='word_1_355' title='bbox 2304 2562 2408 2616; x_wconf 91' lang='lat' dir='ltr'>loci</span> <span class='ocrx_word' id='word_1_356' title='bbox 2435 2562 2586 2617; x_wconf 91' lang='lat' dir='ltr'>illius</span> <span class='ocrx_word' id='word_1_357' title='bbox 2611 2566 2954 2632; x_wconf 86' lang='lat' dir='ltr'>rogaverunt</span> <span class='ocrx_word' id='word_1_358' title='bbox 2969 2560 3252 2627; x_wconf 88' lang='lat' dir='ltr'>abbatem,</span> <span class='ocrx_word' id='word_1_359' title='bbox 3283 2566 3351 2616; x_wconf 91' lang='lat' dir='ltr'>ut</span> <span class='ocrx_word' id='word_1_360' title='bbox 3376 2560 3585 2615; x_wconf 88' lang='lat' dir='ltr'>veniens</span> <span class='ocrx_word' id='word_1_361' title='bbox 3607 2575 3680 2612; x_wconf 86' lang='lat' dir='ltr'>ro-</span> 
     </span>
    </p>
   </div>
   <div class='ocr_carea' id='block_1_27' title="bbox 438 2644 3684 2725">
    <p class='ocr_par' dir='ltr' id='par_1_27' title="bbox 438 2644 3684 2725">
     <span class='ocr_line' id='line_1_27' title="bbox 438 2644 3684 2725; baseline 0 -26"><span class='ocrx_word' id='word_1_362' title='bbox 438 2644 550 2699; x_wconf 86' lang='lat' dir='ltr'>tias</span> <span class='ocrx_word' id='word_1_363' title='bbox 580 2662 753 2714; x_wconf 90' lang='lat' dir='ltr'>meas,</span> <span class='ocrx_word' id='word_1_364' title='bbox 781 2652 839 2702; x_wconf 91' lang='lat' dir='ltr'>et</span> <span class='ocrx_word' id='word_1_365' title='bbox 868 2650 1111 2703; x_wconf 89' lang='lat' dir='ltr'>assumis</span> <span class='ocrx_word' id='word_1_366' title='bbox 1159 2654 1561 2706; x_wconf 87' lang='lat' dir='ltr'>testamentum</span> <span class='ocrx_word' id='word_1_367' title='bbox 1600 2669 1790 2708; x_wconf 91' lang='lat' dir='ltr'>meum</span> <span class='ocrx_word' id='word_1_368' title='bbox 1834 2670 1936 2725; x_wconf 89' lang='lat' dir='ltr'>per</span> <span class='ocrx_word' id='word_1_369' title='bbox 1978 2671 2041 2709; x_wconf 90' lang='lat' dir='ltr'>os</span> <span class='ocrx_word' id='word_1_370' title='bbox 2119 2656 2283 2721; x_wconf 87' lang='lat' dir='ltr'>garet</span> <span class='ocrx_word' id='word_1_371' title='bbox 2310 2667 2461 2707; x_wconf 90' lang='lat' dir='ltr'>eum.</span> <span class='ocrx_word' id='word_1_372' title='bbox 2479 2650 2586 2716; x_wconf 89' lang='lat' dir='ltr'>Qui</span> <span class='ocrx_word' id='word_1_373' title='bbox 2598 2650 2738 2705; x_wconf 89' lang='lat' dir='ltr'>dixit</span> <span class='ocrx_word' id='word_1_374' title='bbox 2752 2650 3047 2706; x_wconf 84' lang='lat' dir='ltr'>eis:Sinite</span> <span class='ocrx_word' id='word_1_375' title='bbox 3076 2666 3168 2705; x_wconf 91' lang='lat' dir='ltr'>me</span> <span class='ocrx_word' id='word_1_376' title='bbox 3197 2656 3318 2706; x_wconf 85' lang='lat' dir='ltr'>tres</span> <span class='ocrx_word' id='word_1_377' title='bbox 3347 2650 3481 2713; x_wconf 86' lang='lat' dir='ltr'>dies,</span> <span class='ocrx_word' id='word_1_378' title='bbox 3510 2654 3562 2703; x_wconf 87' lang='lat' dir='ltr'>et</span> <span class='ocrx_word' id='word_1_379' title='bbox 3577 2652 3684 2702; x_wconf 88' lang='lat' dir='ltr'>tunc</span> 
     </span>
    </p>
   </div>
   <div class='ocr_carea' id='block_1_28' title="bbox 438 2736 3683 2811">
    <p class='ocr_par' dir='ltr' id='par_1_28' title="bbox 438 2736 3683 2811">
     <span class='ocr_line' id='line_1_28' title="bbox 438 2736 3683 2811; baseline 0 -22"><span class='ocrx_word' id='word_1_380' title='bbox 438 2738 602 2789; x_wconf 87' lang='lat' dir='ltr'>tuum</span> <span class='ocrx_word' id='word_1_381' title='bbox 633 2737 797 2804; x_wconf 78' lang='lat' dir='ltr'>(Psal.</span> <span class='ocrx_word' id='word_1_382' title='bbox 829 2737 1027 2808; x_wconf 81' lang='lat' dir='ltr'>xux)?</span> <span class='ocrx_word' id='word_1_383' title='bbox 1054 2738 1158 2795; x_wconf 91' lang='lat' dir='ltr'>Dic</span> <span class='ocrx_word' id='word_1_384' title='bbox 1184 2756 1317 2811; x_wconf 90' lang='lat' dir='ltr'>ergo</span> <span class='ocrx_word' id='word_1_385' title='bbox 1340 2758 1352 2794; x_wconf 90' lang='lat'>:</span> <span class='ocrx_word' id='word_1_386' title='bbox 1381 2741 1549 2796; x_wconf 89' lang='lat' dir='ltr'>Canis</span> <span class='ocrx_word' id='word_1_387' title='bbox 1580 2758 1726 2809; x_wconf 89' lang='lat' dir='ltr'>sum,</span> <span class='ocrx_word' id='word_1_388' title='bbox 1744 2742 1858 2798; x_wconf 90' lang='lat' dir='ltr'>imo</span> <span class='ocrx_word' id='word_1_389' title='bbox 1886 2744 2041 2798; x_wconf 90' lang='lat' dir='ltr'>canis</span> <span class='ocrx_word' id='word_1_390' title='bbox 2123 2739 2304 2795; x_wconf 90' lang='lat' dir='ltr'>venio.</span> <span class='ocrx_word' id='word_1_391' title='bbox 2338 2740 2533 2796; x_wconf 89' lang='lat' dir='ltr'>Oravit</span> <span class='ocrx_word' id='word_1_392' title='bbox 2556 2757 2690 2811; x_wconf 87' lang='lat' dir='ltr'>ergo</span> <span class='ocrx_word' id='word_1_393' title='bbox 2709 2740 2966 2796; x_wconf 89' lang='lat' dir='ltr'>senexad</span> <span class='ocrx_word' id='word_1_394' title='bbox 3004 2739 3332 2805; x_wconf 87' lang='lat' dir='ltr'>Dominum,</span> <span class='ocrx_word' id='word_1_395' title='bbox 3355 2739 3566 2794; x_wconf 88' lang='lat' dir='ltr'>dicens:</span> <span class='ocrx_word' id='word_1_396' title='bbox 3594 2736 3683 2790; x_wconf 83' lang='lat' dir='ltr'>Do-</span> 
     </span>
    </p>
   </div>
   <div class='ocr_carea' id='block_1_29' title="bbox 440 2823 3685 2900">
    <p class='ocr_par' dir='ltr' id='par_1_29' title="bbox 440 2823 3685 2900">
     <span class='ocr_line' id='line_1_29' title="bbox 440 2823 3685 2900; baseline 0.001 -24"><span class='ocrx_word' id='word_1_397' title='bbox 440 2823 641 2878; x_wconf 89' lang='lat' dir='ltr'>melior</span> <span class='ocrx_word' id='word_1_398' title='bbox 653 2828 737 2879; x_wconf 90' lang='lat' dir='ltr'>est</span> <span class='ocrx_word' id='word_1_399' title='bbox 758 2841 868 2892; x_wconf 91' lang='lat' dir='ltr'>me,</span> <span class='ocrx_word' id='word_1_400' title='bbox 890 2831 1120 2898; x_wconf 91' lang='lat' dir='ltr'>propter</span> <span class='ocrx_word' id='word_1_401' title='bbox 1140 2829 1289 2899; x_wconf 89' lang='lat' dir='ltr'>quod</span> <span class='ocrx_word' id='word_1_402' title='bbox 1301 2834 1359 2883; x_wconf 90' lang='lat' dir='ltr'>et</span> <span class='ocrx_word' id='word_1_403' title='bbox 1377 2834 1531 2885; x_wconf 89' lang='lat' dir='ltr'>amat</span> <span class='ocrx_word' id='word_1_404' title='bbox 1541 2831 1833 2886; x_wconf 91' lang='lat' dir='ltr'>dominum</span> <span class='ocrx_word' id='word_1_405' title='bbox 1853 2849 2039 2899; x_wconf 89' lang='lat' dir='ltr'>suum,</span> <span class='ocrx_word' id='word_1_406' title='bbox 2125 2830 2297 2897; x_wconf 90' lang='lat' dir='ltr'>mine,</span> <span class='ocrx_word' id='word_1_407' title='bbox 2332 2830 2449 2884; x_wconf 91' lang='lat' dir='ltr'>noli</span> <span class='ocrx_word' id='word_1_408' title='bbox 2479 2829 2619 2884; x_wconf 89' lang='lat' dir='ltr'>mihi</span> <span class='ocrx_word' id='word_1_409' title='bbox 2629 2830 2763 2884; x_wconf 92' lang='lat' dir='ltr'>dare</span> <span class='ocrx_word' id='word_1_410' title='bbox 2775 2830 2920 2884; x_wconf 89' lang='lat' dir='ltr'>hanc</span> <span class='ocrx_word' id='word_1_411' title='bbox 2935 2828 3207 2900; x_wconf 85' lang='lat' dir='ltr'>gratiam;</span> <span class='ocrx_word' id='word_1_412' title='bbox 3229 2828 3479 2900; x_wconf 80' lang='lat' dir='ltr'>alioquin</span> <span class='ocrx_word' id='word_1_413' title='bbox 3500 2841 3599 2881; x_wconf 90' lang='lat' dir='ltr'>non</span> <span class='ocrx_word' id='word_1_414' title='bbox 3612 2840 3685 2878; x_wconf 89' lang='lat' dir='ltr'>me</span> 
     </span>
    </p>
   </div>
   <div class='ocr_carea' id='block_1_30' title="bbox 440 2912 3686 2991">
    <p class='ocr_par' dir='ltr' id='par_1_30' title="bbox 440 2912 3686 2991">
     <span class='ocr_line' id='line_1_30' title="bbox 440 2912 3686 2991; baseline 0 -25"><span class='ocrx_word' id='word_1_415' title='bbox 440 2918 497 2967; x_wconf 92' lang='lat' dir='ltr'>et</span> <span class='ocrx_word' id='word_1_416' title='bbox 525 2912 598 2966; x_wconf 89' lang='lat' dir='ltr'>ad</span> <span class='ocrx_word' id='word_1_417' title='bbox 620 2913 896 2984; x_wconf 90' lang='lat' dir='ltr'>judicium</span> <span class='ocrx_word' id='word_1_418' title='bbox 934 2932 1048 2971; x_wconf 86' lang='lat' dir='ltr'>non</span> <span class='ocrx_word' id='word_1_419' title='bbox 1070 2923 1159 2972; x_wconf 91' lang='lat' dir='ltr'>est</span> <span class='ocrx_word' id='word_1_420' title='bbox 1184 2923 1471 2974; x_wconf 88' lang='lat' dir='ltr'>venturus.</span> <span class='ocrx_word' id='word_1_421' title='bbox 2125 2920 2456 2991; x_wconf 88' lang='lat' dir='ltr'>permittent</span> <span class='ocrx_word' id='word_1_422' title='bbox 2480 2919 2736 2974; x_wconf 88' lang='lat' dir='ltr'>homines</span> <span class='ocrx_word' id='word_1_423' title='bbox 2755 2919 2949 2973; x_wconf 88' lang='lat' dir='ltr'>sedere</span> <span class='ocrx_word' id='word_1_424' title='bbox 2977 2918 3036 2973; x_wconf 92' lang='lat' dir='ltr'>in</span> <span class='ocrx_word' id='word_1_425' title='bbox 3065 2920 3186 2974; x_wconf 93' lang='lat' dir='ltr'>loco</span> <span class='ocrx_word' id='word_1_426' title='bbox 3214 2920 3346 2974; x_wconf 87' lang='lat' dir='ltr'>isto.</span> <span class='ocrx_word' id='word_1_427' title='bbox 3380 2916 3602 2972; x_wconf 81' lang='lat' dir='ltr'>Veniens</span> <span class='ocrx_word' id='word_1_428' title='bbox 3618 2929 3686 2967; x_wconf 86' lang='lat' dir='ltr'>er-</span> 
     </span>
    </p>
   </div>
   <div class='ocr_carea' id='block_1_31' title="bbox 511 3000 3685 3081">
    <p class='ocr_par' dir='ltr' id='par_1_31' title="bbox 511 3000 3685 3081">
     <span class='ocr_line' id='line_1_31' title="bbox 511 3000 3685 3081; baseline 0 -26"><span class='ocrx_word' id='word_1_429' title='bbox 511 3000 602 3056; x_wconf 86' lang='lat'>27.</span> <span class='ocrx_word' id='word_1_430' title='bbox 635 3002 1009 3075; x_wconf 86' lang='lat' dir='ltr'>Interrogavit</span> <span class='ocrx_word' id='word_1_431' title='bbox 1035 3007 1264 3077; x_wconf 89' lang='lat' dir='ltr'>quidam</span> <span class='ocrx_word' id='word_1_432' title='bbox 1293 3007 1470 3063; x_wconf 84' lang='lat' dir='ltr'>frater</span> <span class='ocrx_word' id='word_1_433' title='bbox 1496 3009 1794 3077; x_wconf 88' lang='lat' dir='ltr'>seniorem,</span> <span class='ocrx_word' id='word_1_434' title='bbox 1814 3011 2038 3067; x_wconf 89' lang='lat' dir='ltr'>dicens:</span> <span class='ocrx_word' id='word_1_435' title='bbox 2127 3024 2199 3079; x_wconf 83' lang='lat' dir='ltr'>go</span> <span class='ocrx_word' id='word_1_436' title='bbox 2219 3025 2389 3064; x_wconf 83' lang='lat' dir='ltr'>senex</span> <span class='ocrx_word' id='word_1_437' title='bbox 2417 3008 2655 3081; x_wconf 86' lang='lat' dir='ltr'>rogabat</span> <span class='ocrx_word' id='word_1_438' title='bbox 2666 3008 2935 3078; x_wconf 90' lang='lat' dir='ltr'>judicem.</span> <span class='ocrx_word' id='word_1_439' title='bbox 2961 3009 3037 3063; x_wconf 85' lang='lat' dir='ltr'>At</span> <span class='ocrx_word' id='word_1_440' title='bbox 3060 3008 3154 3062; x_wconf 90' lang='lat' dir='ltr'>ille</span> <span class='ocrx_word' id='word_1_441' title='bbox 3183 3008 3329 3062; x_wconf 86' lang='lat' dir='ltr'>dixit</span> <span class='ocrx_word' id='word_1_442' title='bbox 3350 3008 3484 3062; x_wconf 87' lang='lat' dir='ltr'>:Pro</span> <span class='ocrx_word' id='word_1_443' title='bbox 3502 3006 3685 3059; x_wconf 88' lang='lat' dir='ltr'>latrone</span> 
     </span>
    </p>
   </div>
   <div class='ocr_carea' id='block_1_32' title="bbox 441 3089 3686 3173">
    <p class='ocr_par' dir='ltr' id='par_1_32' title="bbox 441 3089 3686 3173">
     <span class='ocr_line' id='line_1_32' title="bbox 441 3089 3686 3173; baseline 0 -29"><span class='ocrx_word' id='word_1_444' title='bbox 441 3089 732 3155; x_wconf 86' lang='lat' dir='ltr'>Quomodo</span> <span class='ocrx_word' id='word_1_445' title='bbox 748 3092 939 3148; x_wconf 88' lang='lat' dir='ltr'>anima</span> <span class='ocrx_word' id='word_1_446' title='bbox 952 3093 1820 3166; x_wconf 87' lang='lat' dir='ltr'>diligitimmunditiam?Dicitei</span> <span class='ocrx_word' id='word_1_447' title='bbox 1833 3100 2037 3156; x_wconf 90' lang='lat' dir='ltr'>senior:</span> <span class='ocrx_word' id='word_1_448' title='bbox 2061 3113 2103 3173; x_wconf 72' lang='grc' dir='ltr'>ο</span> <span class='ocrx_word' id='word_1_449' title='bbox 2126 3114 2315 3168; x_wconf 85' lang='lat' dir='ltr'>rogas,</span> <span class='ocrx_word' id='word_1_450' title='bbox 2338 3097 2482 3152; x_wconf 87' lang='lat' dir='ltr'>abba</span> <span class='ocrx_word' id='word_1_451' title='bbox 2500 3098 2524 3151; x_wconf 74' lang='lat'><strong><em>7</em></strong></span> <span class='ocrx_word' id='word_1_452' title='bbox 2539 3098 2775 3153; x_wconf 82' lang='lat' dir='ltr'>Gavisus</span> <span class='ocrx_word' id='word_1_453' title='bbox 2797 3103 2885 3152; x_wconf 89' lang='lat' dir='ltr'>est</span> <span class='ocrx_word' id='word_1_454' title='bbox 2902 3102 3095 3153; x_wconf 87' lang='lat' dir='ltr'>autem</span> <span class='ocrx_word' id='word_1_455' title='bbox 3121 3113 3320 3164; x_wconf 88' lang='lat' dir='ltr'>senex,</span> <span class='ocrx_word' id='word_1_456' title='bbox 3344 3096 3472 3168; x_wconf 90' lang='lat' dir='ltr'>quia</span> <span class='ocrx_word' id='word_1_457' title='bbox 3494 3109 3593 3149; x_wconf 88' lang='lat' dir='ltr'>non</span> <span class='ocrx_word' id='word_1_458' title='bbox 3609 3090 3686 3145; x_wconf 86' lang='lat' dir='ltr'>ob-</span> 
     </span>
    </p>
   </div>
   <div class='ocr_carea' id='block_1_33' title="bbox 342 3179 3686 3261">
    <p class='ocr_par' dir='ltr' id='par_1_33' title="bbox 342 3179 3686 3261">
     <span class='ocr_line' id='line_1_33' title="bbox 342 3179 3686 3261; baseline -0 -27"><span class='ocrx_word' id='word_1_459' title='bbox 342 3192 346 3198; x_wconf 84' lang='lat'><strong><em>‘</em></strong></span> <span class='ocrx_word' id='word_1_460' title='bbox 440 3179 649 3234; x_wconf 88' lang='lat' dir='ltr'>Anima</span> <span class='ocrx_word' id='word_1_461' title='bbox 666 3181 893 3252; x_wconf 92' lang='lat' dir='ltr'>quidem</span> <span class='ocrx_word' id='word_1_462' title='bbox 910 3184 1230 3255; x_wconf 87' lang='lat' dir='ltr'>corporales</span> <span class='ocrx_word' id='word_1_463' title='bbox 1252 3186 1585 3258; x_wconf 89' lang='lat' dir='ltr'>plerumque</span> <span class='ocrx_word' id='word_1_464' title='bbox 1603 3188 1885 3244; x_wconf 90' lang='lat' dir='ltr'>desiderat</span> <span class='ocrx_word' id='word_1_465' title='bbox 1910 3207 2040 3261; x_wconf 85' lang='lat' dir='ltr'>pas-</span> <span class='ocrx_word' id='word_1_466' title='bbox 2124 3187 2295 3242; x_wconf 88' lang='lat' dir='ltr'>tinuit</span> <span class='ocrx_word' id='word_1_467' title='bbox 2335 3187 2484 3259; x_wconf 73' lang='lat' dir='ltr'>apud</span> <span class='ocrx_word' id='word_1_468' title='bbox 2521 3187 2772 3258; x_wconf 87' lang='lat' dir='ltr'>judicem</span> <span class='ocrx_word' id='word_1_469' title='bbox 2803 3186 3068 3257; x_wconf 89' lang='lat' dir='ltr'>gratiam,</span> <span class='ocrx_word' id='word_1_470' title='bbox 3101 3203 3275 3258; x_wconf 90' lang='lat' dir='ltr'>quam</span> <span class='ocrx_word' id='word_1_471' title='bbox 3317 3182 3614 3258; x_wconf 84' lang='lat' dir='ltr'>postulavit,</span> <span class='ocrx_word' id='word_1_472' title='bbox 3638 3184 3686 3234; x_wconf 87' lang='lat' dir='ltr'>et</span> 
     </span>
    </p>
   </div>
   <div class='ocr_carea' id='block_1_34' title="bbox 439 3268 2921 3347">
    <p class='ocr_par' dir='ltr' id='par_1_34' title="bbox 439 3268 2921 3347">
     <span class='ocr_line' id='line_1_34' title="bbox 439 3268 2921 3347; baseline 0.003 -24"><span class='ocrx_word' id='word_1_473' title='bbox 439 3268 648 3331; x_wconf 87' lang='lat' dir='ltr'>siones.</span> <span class='ocrx_word' id='word_1_474' title='bbox 671 3269 768 3324; x_wconf 90' lang='lat' dir='ltr'>sed</span> <span class='ocrx_word' id='word_1_475' title='bbox 796 3270 1029 3343; x_wconf 90' lang='lat' dir='ltr'>spiritus</span> <span class='ocrx_word' id='word_1_476' title='bbox 1070 3273 1169 3327; x_wconf 91' lang='lat' dir='ltr'>Dei</span> <span class='ocrx_word' id='word_1_477' title='bbox 1205 3280 1311 3341; x_wconf 88' lang='lat' dir='ltr'>est,</span> <span class='ocrx_word' id='word_1_478' title='bbox 1341 3275 1437 3347; x_wconf 92' lang='lat' dir='ltr'>qui</span> <span class='ocrx_word' id='word_1_479' title='bbox 1465 3292 1591 3330; x_wconf 89' lang='lat' dir='ltr'>eam</span> <span class='ocrx_word' id='word_1_480' title='bbox 1621 3277 1847 3333; x_wconf 87' lang='lat' dir='ltr'>retinet.</span> <span class='ocrx_word' id='word_1_481' title='bbox 1882 3280 2043 3334; x_wconf 87' lang='lat' dir='ltr'>Flere</span> <span class='ocrx_word' id='word_1_482' title='bbox 2124 3276 2204 3331; x_wconf 90' lang='lat' dir='ltr'>sic</span> <span class='ocrx_word' id='word_1_483' title='bbox 2236 3276 2405 3331; x_wconf 90' lang='lat' dir='ltr'>rediit</span> <span class='ocrx_word' id='word_1_484' title='bbox 2432 3276 2490 3330; x_wconf 91' lang='lat' dir='ltr'>in</span> <span class='ocrx_word' id='word_1_485' title='bbox 2510 3276 2708 3330; x_wconf 87' lang='lat' dir='ltr'>cellam</span> <span class='ocrx_word' id='word_1_486' title='bbox 2738 3292 2921 3331; x_wconf 90' lang='lat' dir='ltr'>suam.</span> 
     </span>
    </p>
   </div>
   <div class='ocr_carea' id='block_1_35' title="bbox 440 3358 3687 3437">
    <p class='ocr_par' dir='ltr' id='par_1_35' title="bbox 440 3358 3687 3437">
     <span class='ocr_line' id='line_1_35' title="bbox 440 3358 3687 3437; baseline 0 -25"><span class='ocrx_word' id='word_1_487' title='bbox 440 3374 575 3429; x_wconf 88' lang='lat' dir='ltr'>ergo</span> <span class='ocrx_word' id='word_1_488' title='bbox 601 3358 890 3426; x_wconf 90' lang='lat' dir='ltr'>debemus,</span> <span class='ocrx_word' id='word_1_489' title='bbox 904 3366 962 3416; x_wconf 92' lang='lat' dir='ltr'>et</span> <span class='ocrx_word' id='word_1_490' title='bbox 975 3361 1365 3418; x_wconf 89' lang='lat' dir='ltr'>immunditias</span> <span class='ocrx_word' id='word_1_491' title='bbox 1393 3370 1618 3420; x_wconf 85' lang='lat' dir='ltr'>nostras</span> <span class='ocrx_word' id='word_1_492' title='bbox 1647 3368 1937 3423; x_wconf 91' lang='lat' dir='ltr'>attendere</span> <span class='ocrx_word' id='word_1_493' title='bbox 1956 3369 2043 3423; x_wconf 88' lang='lat' dir='ltr'>di-</span> <span class='ocrx_word' id='word_1_494' title='bbox 2198 3363 2286 3422; x_wconf 90' lang='lat'>33.</span> <span class='ocrx_word' id='word_1_495' title='bbox 2320 3365 2592 3420; x_wconf 91' lang='lat' dir='ltr'>Dicebant</span> <span class='ocrx_word' id='word_1_496' title='bbox 2618 3364 2868 3420; x_wconf 91' lang='lat' dir='ltr'>seniores</span> <span class='ocrx_word' id='word_1_497' title='bbox 2886 3381 2900 3420; x_wconf 88' lang='lat'>:</span> <span class='ocrx_word' id='word_1_498' title='bbox 2917 3364 3061 3430; x_wconf 89' lang='lat' dir='ltr'>Quia</span> <span class='ocrx_word' id='word_1_499' title='bbox 3074 3365 3302 3437; x_wconf 89' lang='lat' dir='ltr'>quando</span> <span class='ocrx_word' id='word_1_500' title='bbox 3313 3361 3549 3419; x_wconf 88' lang='lat' dir='ltr'>intrabat</span> <span class='ocrx_word' id='word_1_501' title='bbox 3560 3360 3687 3429; x_wconf 77' lang='lat' dir='ltr'>Moy-</span> 
     </span>
    </p>
   </div>
   <div class='ocr_carea' id='block_1_36' title="bbox 437 3446 3684 3525">
    <p class='ocr_par' dir='ltr' id='par_1_36' title="bbox 437 3446 3684 3525">
     <span class='ocr_line' id='line_1_36' title="bbox 437 3446 3684 3525; baseline 0.001 -24"><span class='ocrx_word' id='word_1_502' title='bbox 437 3446 697 3518; x_wconf 90' lang='lat' dir='ltr'>ligenter.</span> <span class='ocrx_word' id='word_1_503' title='bbox 730 3449 933 3505; x_wconf 90' lang='lat' dir='ltr'>Vidisti</span> <span class='ocrx_word' id='word_1_504' title='bbox 954 3451 1210 3516; x_wconf 86' lang='lat' dir='ltr'>Mariam,</span> <span class='ocrx_word' id='word_1_505' title='bbox 1232 3454 1724 3525; x_wconf 88' lang='lat' dir='ltr'>quemadmodum,</span> <span class='ocrx_word' id='word_1_506' title='bbox 1748 3474 1874 3512; x_wconf 90' lang='lat' dir='ltr'>cum</span> <span class='ocrx_word' id='word_1_507' title='bbox 1897 3475 1956 3512; x_wconf 92' lang='lat' dir='ltr'>se</span> <span class='ocrx_word' id='word_1_508' title='bbox 1971 3458 2045 3513; x_wconf 90' lang='lat' dir='ltr'>ad</span> <span class='ocrx_word' id='word_1_509' title='bbox 2125 3471 2214 3509; x_wconf 89' lang='lat' dir='ltr'>ses</span> <span class='ocrx_word' id='word_1_510' title='bbox 2242 3455 2300 3509; x_wconf 89' lang='lat' dir='ltr'>in</span> <span class='ocrx_word' id='word_1_511' title='bbox 2320 3453 2487 3521; x_wconf 91' lang='lat' dir='ltr'>nube,</span> <span class='ocrx_word' id='word_1_512' title='bbox 2526 3471 2656 3509; x_wconf 90' lang='lat' dir='ltr'>cum</span> <span class='ocrx_word' id='word_1_513' title='bbox 2709 3455 2826 3509; x_wconf 94' lang='lat' dir='ltr'>Deo</span> <span class='ocrx_word' id='word_1_514' title='bbox 2871 3453 3235 3525; x_wconf 87' lang='lat' dir='ltr'>loquebatur;</span> <span class='ocrx_word' id='word_1_515' title='bbox 3273 3452 3492 3525; x_wconf 87' lang='lat' dir='ltr'>quando</span> <span class='ocrx_word' id='word_1_516' title='bbox 3525 3455 3684 3504; x_wconf 86' lang='lat' dir='ltr'>autem</span> 
     </span>
    </p>
   </div>
   <div class='ocr_carea' id='block_1_37' title="bbox 440 3537 3685 3615">
    <p class='ocr_par' dir='ltr' id='par_1_37' title="bbox 440 3537 3685 3615">
     <span class='ocr_line' id='line_1_37' title="bbox 440 3537 3685 3615; baseline 0.001 -25"><span class='ocrx_word' id='word_1_517' title='bbox 440 3537 761 3607; x_wconf 84' lang='lat' dir='ltr'>sepulcrum</span> <span class='ocrx_word' id='word_1_518' title='bbox 774 3538 1449 3609; x_wconf 54' lang='lat' dir='ltr'>Dominiinclinassetpet</span> <span class='ocrx_word' id='word_1_519' title='bbox 1475 3545 1656 3611; x_wconf 87' lang='lat' dir='ltr'>ﬂeret,</span> <span class='ocrx_word' id='word_1_520' title='bbox 1674 3546 1889 3601; x_wconf 87' lang='lat' dir='ltr'>vocavit</span> <span class='ocrx_word' id='word_1_521' title='bbox 1916 3563 2042 3601; x_wconf 88' lang='lat' dir='ltr'>eam</span> <span class='ocrx_word' id='word_1_522' title='bbox 2125 3543 2310 3599; x_wconf 81' lang='lat' dir='ltr'>exibat</span> <span class='ocrx_word' id='word_1_523' title='bbox 2336 3544 2405 3598; x_wconf 91' lang='lat' dir='ltr'>de</span> <span class='ocrx_word' id='word_1_524' title='bbox 2430 3543 2597 3610; x_wconf 91' lang='lat' dir='ltr'>nube,</span> <span class='ocrx_word' id='word_1_525' title='bbox 2627 3559 2755 3597; x_wconf 90' lang='lat' dir='ltr'>cum</span> <span class='ocrx_word' id='word_1_526' title='bbox 2778 3543 2984 3615; x_wconf 81' lang='lat' dir='ltr'>papula</span> <span class='ocrx_word' id='word_1_527' title='bbox 3006 3561 3018 3597; x_wconf 92' lang='lat'>:</span> <span class='ocrx_word' id='word_1_528' title='bbox 3042 3542 3121 3598; x_wconf 89' lang='lat' dir='ltr'>sic</span> <span class='ocrx_word' id='word_1_529' title='bbox 3136 3548 3195 3598; x_wconf 89' lang='lat' dir='ltr'>et</span> <span class='ocrx_word' id='word_1_530' title='bbox 3213 3543 3685 3609; x_wconf 82' lang='lat' dir='ltr'>monachus,quan-</span> 
     </span>
    </p>
   </div>
   <div class='ocr_carea' id='block_1_38' title="bbox 440 3624 3678 3703">
    <p class='ocr_par' dir='ltr' id='par_1_38' title="bbox 440 3624 3678 3703">
     <span class='ocr_line' id='line_1_38' title="bbox 440 3624 3678 3703; baseline 0.002 -24"><span class='ocrx_word' id='word_1_531' title='bbox 440 3624 713 3681; x_wconf 90' lang='lat' dir='ltr'>Dominus</span> <span class='ocrx_word' id='word_1_532' title='bbox 740 3645 753 3695; x_wconf 90' lang='lat'>;</span> <span class='ocrx_word' id='word_1_533' title='bbox 784 3627 864 3682; x_wconf 93' lang='lat' dir='ltr'>sic</span> <span class='ocrx_word' id='word_1_534' title='bbox 883 3628 992 3683; x_wconf 88' lang='lat' dir='ltr'>erit</span> <span class='ocrx_word' id='word_1_535' title='bbox 1011 3634 1068 3684; x_wconf 89' lang='lat' dir='ltr'>et</span> <span class='ocrx_word' id='word_1_536' title='bbox 1100 3630 1322 3685; x_wconf 59' lang='lat' dir='ltr'>animat.</span> <span class='ocrx_word' id='word_1_537' title='bbox 2124 3632 2195 3688; x_wconf 91' lang='lat' dir='ltr'>do</span> <span class='ocrx_word' id='word_1_538' title='bbox 2230 3633 2289 3687; x_wconf 87' lang='lat' dir='ltr'>in</span> <span class='ocrx_word' id='word_1_539' title='bbox 2321 3632 2462 3688; x_wconf 90' lang='lat' dir='ltr'>cella</span> <span class='ocrx_word' id='word_1_540' title='bbox 2501 3649 2603 3687; x_wconf 90' lang='lat' dir='ltr'>sua</span> <span class='ocrx_word' id='word_1_541' title='bbox 2650 3637 2754 3700; x_wconf 91' lang='lat' dir='ltr'>est,</span> <span class='ocrx_word' id='word_1_542' title='bbox 2785 3647 2913 3687; x_wconf 92' lang='lat' dir='ltr'>cum</span> <span class='ocrx_word' id='word_1_543' title='bbox 2952 3632 3066 3687; x_wconf 92' lang='lat' dir='ltr'>Deo</span> <span class='ocrx_word' id='word_1_544' title='bbox 3100 3632 3394 3703; x_wconf 90' lang='lat' dir='ltr'>loquitur;</span> <span class='ocrx_word' id='word_1_545' title='bbox 3426 3627 3678 3700; x_wconf 79' lang='lat' dir='ltr'>egrediens</span> 
     </span>
    </p>
   </div>
   <div class='ocr_carea' id='block_1_39' title="bbox 510 3712 3244 3797">
    <p class='ocr_par' dir='ltr' id='par_1_39' title="bbox 510 3712 3244 3797">
     <span class='ocr_line' id='line_1_39' title="bbox 510 3712 3244 3797; baseline 0.001 -26"><span class='ocrx_word' id='word_1_546' title='bbox 510 3712 600 3771; x_wconf 90' lang='lat'>28.</span> <span class='ocrx_word' id='word_1_547' title='bbox 634 3716 1009 3788; x_wconf 86' lang='lat' dir='ltr'>Interrogavit</span> <span class='ocrx_word' id='word_1_548' title='bbox 1036 3717 1212 3774; x_wconf 87' lang='lat' dir='ltr'>frater</span> <span class='ocrx_word' id='word_1_549' title='bbox 1235 3720 1515 3775; x_wconf 90' lang='lat' dir='ltr'>seniorem</span> <span class='ocrx_word' id='word_1_550' title='bbox 1544 3740 1555 3774; x_wconf 87' lang='lat'>:</span> <span class='ocrx_word' id='word_1_551' title='bbox 1595 3722 1740 3787; x_wconf 90' lang='lat' dir='ltr'>Quid</span> <span class='ocrx_word' id='word_1_552' title='bbox 1765 3729 1898 3778; x_wconf 88' lang='lat' dir='ltr'>sunt</span> <span class='ocrx_word' id='word_1_553' title='bbox 1908 3741 2038 3797; x_wconf 89' lang='lat' dir='ltr'>pec-</span> <span class='ocrx_word' id='word_1_554' title='bbox 2122 3726 2311 3777; x_wconf 89' lang='lat' dir='ltr'>autem</span> <span class='ocrx_word' id='word_1_555' title='bbox 2329 3721 2399 3776; x_wconf 93' lang='lat' dir='ltr'>de</span> <span class='ocrx_word' id='word_1_556' title='bbox 2422 3722 2580 3788; x_wconf 87' lang='lat' dir='ltr'>cella,</span> <span class='ocrx_word' id='word_1_557' title='bbox 2612 3738 2740 3777; x_wconf 90' lang='lat' dir='ltr'>cum</span> <span class='ocrx_word' id='word_1_558' title='bbox 2762 3720 3111 3776; x_wconf 72' lang='lat' dir='ltr'>daemonibus</span> <span class='ocrx_word' id='word_1_559' title='bbox 3138 3726 3244 3776; x_wconf 87' lang='lat' dir='ltr'>est.</span> 
     </span>
    </p>
   </div>
   <div class='ocr_carea' id='block_1_40' title="bbox 440 3801 3680 3881">
    <p class='ocr_par' dir='ltr' id='par_1_40' title="bbox 440 3801 3680 3881">
     <span class='ocr_line' id='line_1_40' title="bbox 440 3801 3680 3881; baseline 0.001 -24"><span class='ocrx_word' id='word_1_560' title='bbox 440 3801 610 3857; x_wconf 87' lang='lat' dir='ltr'>cata?</span> <span class='ocrx_word' id='word_1_561' title='bbox 629 3803 777 3857; x_wconf 91' lang='lat' dir='ltr'>Dicit</span> <span class='ocrx_word' id='word_1_562' title='bbox 795 3805 847 3858; x_wconf 93' lang='lat' dir='ltr'>ei</span> <span class='ocrx_word' id='word_1_563' title='bbox 868 3820 1067 3860; x_wconf 87' lang='lat' dir='ltr'>senex:</span> <span class='ocrx_word' id='word_1_564' title='bbox 1111 3807 1345 3862; x_wconf 89' lang='lat' dir='ltr'>Peccata</span> <span class='ocrx_word' id='word_1_565' title='bbox 1372 3814 1504 3863; x_wconf 88' lang='lat' dir='ltr'>sunt</span> <span class='ocrx_word' id='word_1_566' title='bbox 1537 3826 1663 3865; x_wconf 91' lang='lat' dir='ltr'>cum</span> <span class='ocrx_word' id='word_1_567' title='bbox 1714 3812 1882 3867; x_wconf 88' lang='lat' dir='ltr'>homo</span> <span class='ocrx_word' id='word_1_568' title='bbox 1938 3830 2042 3870; x_wconf 88' lang='lat' dir='ltr'>sua</span> <span class='ocrx_word' id='word_1_569' title='bbox 2192 3808 2280 3868; x_wconf 67' lang='grc'>34.</span> <span class='ocrx_word' id='word_1_570' title='bbox 2332 3810 2499 3865; x_wconf 90' lang='lat' dir='ltr'>Venit</span> <span class='ocrx_word' id='word_1_571' title='bbox 2548 3810 2776 3881; x_wconf 87' lang='lat' dir='ltr'>quidam</span> <span class='ocrx_word' id='word_1_572' title='bbox 2830 3810 3154 3865; x_wconf 89' lang='lat' dir='ltr'>adolescens</span> <span class='ocrx_word' id='word_1_573' title='bbox 3199 3810 3274 3864; x_wconf 88' lang='lat' dir='ltr'>ad</span> <span class='ocrx_word' id='word_1_574' title='bbox 3318 3807 3563 3864; x_wconf 88' lang='lat' dir='ltr'>abbatem</span> <span class='ocrx_word' id='word_1_575' title='bbox 3587 3803 3680 3860; x_wconf 76' lang='lat' dir='ltr'>lla-</span> 
     </span>
    </p>
   </div>
   <div class='ocr_carea' id='block_1_41' title="bbox 440 3890 3683 3966">
    <p class='ocr_par' dir='ltr' id='par_1_41' title="bbox 440 3890 3683 3966">
     <span class='ocr_line' id='line_1_41' title="bbox 440 3890 3683 3966; baseline 0 -21"><span class='ocrx_word' id='word_1_576' title='bbox 440 3890 647 3945; x_wconf 87' lang='lat' dir='ltr'>delicta</span> <span class='ocrx_word' id='word_1_577' title='bbox 674 3892 826 3946; x_wconf 92' lang='lat' dir='ltr'>velut</span> <span class='ocrx_word' id='word_1_578' title='bbox 853 3893 993 3947; x_wconf 86' lang='lat' dir='ltr'>nihil</span> <span class='ocrx_word' id='word_1_579' title='bbox 1028 3894 1360 3966; x_wconf 91' lang='lat' dir='ltr'>despiciens,</span> <span class='ocrx_word' id='word_1_580' title='bbox 1388 3897 1528 3951; x_wconf 92' lang='lat' dir='ltr'>alios</span> <span class='ocrx_word' id='word_1_581' title='bbox 1553 3898 1752 3955; x_wconf 89' lang='lat' dir='ltr'>docere</span> <span class='ocrx_word' id='word_1_582' title='bbox 1780 3906 2035 3958; x_wconf 87' lang='lat' dir='ltr'>conatur.</span> <span class='ocrx_word' id='word_1_583' title='bbox 2121 3899 2357 3966; x_wconf 78' lang='lat' dir='ltr'>cerium,</span> <span class='ocrx_word' id='word_1_584' title='bbox 2380 3904 2445 3954; x_wconf 90' lang='lat' dir='ltr'>ut</span> <span class='ocrx_word' id='word_1_585' title='bbox 2467 3904 2765 3954; x_wconf 91' lang='lat' dir='ltr'>sanaretur</span> <span class='ocrx_word' id='word_1_586' title='bbox 2791 3915 2827 3952; x_wconf 89' lang='lat' dir='ltr'>a</span> <span class='ocrx_word' id='word_1_587' title='bbox 2853 3898 3147 3953; x_wconf 67' lang='lat' dir='ltr'>daemonio.</span> <span class='ocrx_word' id='word_1_588' title='bbox 3181 3900 3253 3953; x_wconf 90' lang='lat' dir='ltr'>Et</span> <span class='ocrx_word' id='word_1_589' title='bbox 3283 3899 3419 3954; x_wconf 90' lang='lat' dir='ltr'>dum</span> <span class='ocrx_word' id='word_1_590' title='bbox 3432 3892 3683 3951; x_wconf 81' lang='lat' dir='ltr'>essetloris</span> 
     </span>
    </p>
   </div>
   <div class='ocr_carea' id='block_1_42' title="bbox 440 3979 3679 4062">
    <p class='ocr_par' dir='ltr' id='par_1_42' title="bbox 440 3979 3679 4062">
     <span class='ocr_line' id='line_1_42' title="bbox 440 3979 3679 4062; baseline 0 -27"><span class='ocrx_word' id='word_1_591' title='bbox 440 3979 747 4051; x_wconf 89' lang='lat' dir='ltr'>Propterea</span> <span class='ocrx_word' id='word_1_592' title='bbox 774 3980 910 4035; x_wconf 88' lang='lat' dir='ltr'>dicit</span> <span class='ocrx_word' id='word_1_593' title='bbox 931 3982 1205 4039; x_wconf 88' lang='lat' dir='ltr'>Dominus</span> <span class='ocrx_word' id='word_1_594' title='bbox 1226 4002 1241 4040; x_wconf 87' lang='lat'>:</span> <span class='ocrx_word' id='word_1_595' title='bbox 1268 3986 1593 4057; x_wconf 83' lang='lat' dir='ltr'>Hypocrita,</span> <span class='ocrx_word' id='word_1_596' title='bbox 1627 3989 1766 4059; x_wconf 86' lang='lat' dir='ltr'>ejice</span> <span class='ocrx_word' id='word_1_597' title='bbox 1795 3990 2042 4062; x_wconf 89' lang='lat' dir='ltr'>primum</span> <span class='ocrx_word' id='word_1_598' title='bbox 2122 3994 2298 4052; x_wconf 87' lang='lat' dir='ltr'>stans,</span> <span class='ocrx_word' id='word_1_599' title='bbox 2321 4006 2448 4044; x_wconf 89' lang='lat' dir='ltr'>ecce</span> <span class='ocrx_word' id='word_1_600' title='bbox 2476 3988 2699 4043; x_wconf 85' lang='lat' dir='ltr'>advenit</span> <span class='ocrx_word' id='word_1_601' title='bbox 2710 3988 2939 4059; x_wconf 90' lang='lat' dir='ltr'>quidam</span> <span class='ocrx_word' id='word_1_602' title='bbox 2953 3987 3129 4042; x_wconf 82' lang='lat' dir='ltr'>frater</span> <span class='ocrx_word' id='word_1_603' title='bbox 3142 3988 3212 4042; x_wconf 92' lang='lat' dir='ltr'>de</span> <span class='ocrx_word' id='word_1_604' title='bbox 3227 3988 3342 4043; x_wconf 88' lang='lat' dir='ltr'>alio</span> <span class='ocrx_word' id='word_1_605' title='bbox 3362 3982 3679 4047; x_wconf 87' lang='lat' dir='ltr'>monasterio,</span> 
     </span>
    </p>
   </div>
   <div class='ocr_carea' id='block_1_43' title="bbox 436 4066 3683 4148">
    <p class='ocr_par' dir='ltr' id='par_1_43' title="bbox 436 4066 3683 4148">
     <span class='ocr_line' id='line_1_43' title="bbox 436 4066 3683 4148; baseline 0.002 -25"><span class='ocrx_word' id='word_1_606' title='bbox 436 4066 658 4123; x_wconf 89' lang='lat' dir='ltr'>trabem</span> <span class='ocrx_word' id='word_1_607' title='bbox 687 4069 757 4123; x_wconf 91' lang='lat' dir='ltr'>de</span> <span class='ocrx_word' id='word_1_608' title='bbox 777 4070 938 4125; x_wconf 90' lang='lat' dir='ltr'>oculo</span> <span class='ocrx_word' id='word_1_609' title='bbox 957 4075 1075 4140; x_wconf 91' lang='lat' dir='ltr'>tuo,</span> <span class='ocrx_word' id='word_1_610' title='bbox 1099 4078 1156 4128; x_wconf 90' lang='lat' dir='ltr'>et</span> <span class='ocrx_word' id='word_1_611' title='bbox 1170 4078 1305 4129; x_wconf 91' lang='lat' dir='ltr'>tunc</span> <span class='ocrx_word' id='word_1_612' title='bbox 1323 4074 1535 4131; x_wconf 90' lang='lat' dir='ltr'>videbis</span> <span class='ocrx_word' id='word_1_613' title='bbox 1554 4077 1756 4148; x_wconf 91' lang='lat' dir='ltr'>ejicere</span> <span class='ocrx_word' id='word_1_614' title='bbox 1771 4079 2041 4136; x_wconf 85' lang='lat' dir='ltr'>festucam</span> <span class='ocrx_word' id='word_1_615' title='bbox 2122 4083 2181 4132; x_wconf 91' lang='lat' dir='ltr'>et</span> <span class='ocrx_word' id='word_1_616' title='bbox 2191 4077 2561 4133; x_wconf 90' lang='lat' dir='ltr'>concubuitin</span> <span class='ocrx_word' id='word_1_617' title='bbox 2571 4083 2864 4148; x_wconf 88' lang='lat' dir='ltr'>peccatum</span> <span class='ocrx_word' id='word_1_618' title='bbox 2884 4092 3013 4132; x_wconf 91' lang='lat' dir='ltr'>cum</span> <span class='ocrx_word' id='word_1_619' title='bbox 3027 4076 3506 4132; x_wconf 80' lang='lat' dir='ltr'>adolescenteillo.</span> <span class='ocrx_word' id='word_1_620' title='bbox 3521 4075 3683 4143; x_wconf 80' lang='lat' dir='ltr'>Egres-</span> 
     </span>
    </p>
   </div>
   <div class='ocr_carea' id='block_1_44' title="bbox 438 4156 3680 4237">
    <p class='ocr_par' dir='ltr' id='par_1_44' title="bbox 438 4156 3680 4237">
     <span class='ocr_line' id='line_1_44' title="bbox 438 4156 3680 4237; baseline 0.003 -26"><span class='ocrx_word' id='word_1_621' title='bbox 438 4156 507 4212; x_wconf 90' lang='lat' dir='ltr'>de</span> <span class='ocrx_word' id='word_1_622' title='bbox 529 4158 688 4213; x_wconf 92' lang='lat' dir='ltr'>oculo</span> <span class='ocrx_word' id='word_1_623' title='bbox 711 4158 903 4214; x_wconf 91' lang='lat' dir='ltr'>fratris</span> <span class='ocrx_word' id='word_1_624' title='bbox 922 4159 1006 4215; x_wconf 90' lang='lat' dir='ltr'>tui</span> <span class='ocrx_word' id='word_1_625' title='bbox 1032 4163 1245 4228; x_wconf 78' lang='lat' dir='ltr'>(Matth.</span> <span class='ocrx_word' id='word_1_626' title='bbox 1277 4164 1393 4235; x_wconf 84' lang='lat' dir='ltr'>vn).</span> <span class='ocrx_word' id='word_1_627' title='bbox 2123 4185 2218 4222; x_wconf 94' lang='lat' dir='ltr'>sus</span> <span class='ocrx_word' id='word_1_628' title='bbox 2246 4172 2436 4222; x_wconf 90' lang='lat' dir='ltr'>autem</span> <span class='ocrx_word' id='word_1_629' title='bbox 2482 4182 2654 4221; x_wconf 82' lang='lat' dir='ltr'>senex</span> <span class='ocrx_word' id='word_1_630' title='bbox 2681 4166 2871 4221; x_wconf 88' lang='lat' dir='ltr'>cernit</span> <span class='ocrx_word' id='word_1_631' title='bbox 2899 4165 3134 4220; x_wconf 85' lang='lat' dir='ltr'>fratrem</span> <span class='ocrx_word' id='word_1_632' title='bbox 3188 4166 3355 4220; x_wconf 86' lang='lat' dir='ltr'>illum</span> <span class='ocrx_word' id='word_1_633' title='bbox 3401 4166 3680 4237; x_wconf 82' lang='lat' dir='ltr'>peccantem</span> 
     </span>
    </p>
   </div>
   <div class='ocr_carea' id='block_1_45' title="bbox 508 4245 3683 4331">
    <p class='ocr_par' dir='ltr' id='par_1_45' title="bbox 508 4245 3683 4331">
     <span class='ocr_line' id='line_1_45' title="bbox 508 4245 3683 4331; baseline -0.001 -27"><span class='ocrx_word' id='word_1_634' title='bbox 508 4245 596 4304; x_wconf 89' lang='lat'>29.</span> <span class='ocrx_word' id='word_1_635' title='bbox 659 4248 1034 4321; x_wconf 87' lang='lat' dir='ltr'>Interrogavit</span> <span class='ocrx_word' id='word_1_636' title='bbox 1089 4250 1264 4308; x_wconf 86' lang='lat' dir='ltr'>frater</span> <span class='ocrx_word' id='word_1_637' title='bbox 1291 4254 1572 4310; x_wconf 87' lang='lat' dir='ltr'>seniorem</span> <span class='ocrx_word' id='word_1_638' title='bbox 1604 4274 1616 4311; x_wconf 91' lang='lat'>:</span> <span class='ocrx_word' id='word_1_639' title='bbox 1653 4256 1797 4322; x_wconf 91' lang='lat' dir='ltr'>Quid</span> <span class='ocrx_word' id='word_1_640' title='bbox 1848 4276 2033 4331; x_wconf 87' lang='lat' dir='ltr'>agam,</span> <span class='ocrx_word' id='word_1_641' title='bbox 2120 4273 2248 4312; x_wconf 90' lang='lat' dir='ltr'>cum</span> <span class='ocrx_word' id='word_1_642' title='bbox 2279 4257 2509 4329; x_wconf 86' lang='lat' dir='ltr'>parvulo</span> <span class='ocrx_word' id='word_1_643' title='bbox 2538 4256 2654 4321; x_wconf 92' lang='lat' dir='ltr'>illo,</span> <span class='ocrx_word' id='word_1_644' title='bbox 2676 4260 2736 4310; x_wconf 90' lang='lat' dir='ltr'>et</span> <span class='ocrx_word' id='word_1_645' title='bbox 2765 4271 2878 4310; x_wconf 90' lang='lat' dir='ltr'>non</span> <span class='ocrx_word' id='word_1_646' title='bbox 2898 4271 3029 4310; x_wconf 92' lang='lat' dir='ltr'>eum</span> <span class='ocrx_word' id='word_1_647' title='bbox 3050 4254 3380 4326; x_wconf 84' lang='lat' dir='ltr'>increpavit,</span> <span class='ocrx_word' id='word_1_648' title='bbox 3411 4254 3608 4308; x_wconf 87' lang='lat' dir='ltr'>dicens:</span> <span class='ocrx_word' id='word_1_649' title='bbox 3636 4247 3683 4302; x_wconf 90' lang='lat' dir='ltr'>Si</span> 
     </span>
    </p>
   </div>
   <div class='ocr_carea' id='block_1_46' title="bbox 435 4335 3681 4416">
    <p class='ocr_par' dir='ltr' id='par_1_46' title="bbox 435 4335 3681 4416">
     <span class='ocr_line' id='line_1_46' title="bbox 435 4335 3681 4416; baseline 0 -25"><span class='ocrx_word' id='word_1_650' title='bbox 435 4337 584 4409; x_wconf 91' lang='lat' dir='ltr'>quod</span> <span class='ocrx_word' id='word_1_651' title='bbox 610 4337 834 4393; x_wconf 88' lang='lat' dir='ltr'>animus</span> <span class='ocrx_word' id='word_1_652' title='bbox 857 4354 1018 4394; x_wconf 91' lang='lat' dir='ltr'>meus</span> <span class='ocrx_word' id='word_1_653' title='bbox 1061 4340 1122 4397; x_wconf 87' lang='lat' dir='ltr'>in</span> <span class='ocrx_word' id='word_1_654' title='bbox 1177 4359 1347 4413; x_wconf 88' lang='lat' dir='ltr'>parvo</span> <span class='ocrx_word' id='word_1_655' title='bbox 1377 4344 1567 4400; x_wconf 85' lang='lat' dir='ltr'>labore</span> <span class='ocrx_word' id='word_1_656' title='bbox 1598 4363 1689 4402; x_wconf 88' lang='lat' dir='ltr'>me</span> <span class='ocrx_word' id='word_1_657' title='bbox 1726 4348 1985 4404; x_wconf 89' lang='lat' dir='ltr'>vulnerat</span> <span class='ocrx_word' id='word_1_658' title='bbox 2009 4349 2037 4403; x_wconf 86' lang='lat'><strong>?</strong></span> <span class='ocrx_word' id='word_1_659' title='bbox 2120 4344 2288 4412; x_wconf 89' lang='lat' dir='ltr'>Deus,</span> <span class='ocrx_word' id='word_1_660' title='bbox 2323 4345 2418 4416; x_wconf 92' lang='lat' dir='ltr'>qui</span> <span class='ocrx_word' id='word_1_661' title='bbox 2451 4344 2749 4416; x_wconf 88' lang='lat' dir='ltr'>plasmavit</span> <span class='ocrx_word' id='word_1_662' title='bbox 2781 4361 2895 4411; x_wconf 90' lang='lat' dir='ltr'>eos,</span> <span class='ocrx_word' id='word_1_663' title='bbox 2921 4344 3136 4411; x_wconf 90' lang='lat' dir='ltr'>videns,</span> <span class='ocrx_word' id='word_1_664' title='bbox 3156 4342 3485 4415; x_wconf 86' lang='lat' dir='ltr'>patientiam</span> <span class='ocrx_word' id='word_1_665' title='bbox 3508 4339 3560 4393; x_wconf 90' lang='lat' dir='ltr'>in</span> <span class='ocrx_word' id='word_1_666' title='bbox 3591 4335 3681 4391; x_wconf 86' lang='lat' dir='ltr'>illis</span> 
     </span>
    </p>
   </div>
   <div class='ocr_carea' id='block_1_47' title="bbox 433 4418 3675 4509">
    <p class='ocr_par' dir='ltr' id='par_1_47' title="bbox 433 4418 3675 4509">
     <span class='ocr_line' id='line_1_47' title="bbox 433 4418 3675 4509; baseline 0.002 -27"><span class='ocrx_word' id='word_1_667' title='bbox 433 4426 581 4482; x_wconf 88' lang='lat' dir='ltr'>Dicit</span> <span class='ocrx_word' id='word_1_668' title='bbox 599 4426 652 4481; x_wconf 94' lang='lat' dir='ltr'>ei</span> <span class='ocrx_word' id='word_1_669' title='bbox 674 4444 843 4482; x_wconf 85' lang='lat' dir='ltr'>senex</span> <span class='ocrx_word' id='word_1_670' title='bbox 862 4444 874 4478; x_wconf 92' lang='lat'>:</span> <span class='ocrx_word' id='word_1_671' title='bbox 890 4429 1017 4485; x_wconf 88' lang='lat' dir='ltr'>Non</span> <span class='ocrx_word' id='word_1_672' title='bbox 1039 4418 1313 4486; x_wconf 78' lang='lat' dir='ltr'>miramur</span> <span class='ocrx_word' id='word_1_673' title='bbox 1332 4434 1558 4505; x_wconf 86' lang='lat' dir='ltr'>Joseph,</span> <span class='ocrx_word' id='word_1_674' title='bbox 1582 4452 1709 4489; x_wconf 91' lang='lat' dir='ltr'>cum</span> <span class='ocrx_word' id='word_1_675' title='bbox 1727 4443 1877 4492; x_wconf 90' lang='lat' dir='ltr'>esset</span> <span class='ocrx_word' id='word_1_676' title='bbox 1897 4455 2039 4509; x_wconf 90' lang='lat' dir='ltr'>puer</span> <span class='ocrx_word' id='word_1_677' title='bbox 2063 4432 2106 4490; x_wconf 93' lang='lat' dir='ltr'>D</span> <span class='ocrx_word' id='word_1_678' title='bbox 2123 4434 2338 4501; x_wconf 89' lang='lat' dir='ltr'>habuit,</span> <span class='ocrx_word' id='word_1_679' title='bbox 2372 4434 2469 4505; x_wconf 92' lang='lat' dir='ltr'>qui</span> <span class='ocrx_word' id='word_1_680' title='bbox 2498 4434 2546 4487; x_wconf 91' lang='lat' dir='ltr'>si</span> <span class='ocrx_word' id='word_1_681' title='bbox 2573 4433 2756 4499; x_wconf 90' lang='lat' dir='ltr'>vellet,</span> <span class='ocrx_word' id='word_1_682' title='bbox 2791 4432 3119 4487; x_wconf 86' lang='lat' dir='ltr'>incenderet</span> <span class='ocrx_word' id='word_1_683' title='bbox 3136 4448 3250 4499; x_wconf 89' lang='lat' dir='ltr'>eos,</span> <span class='ocrx_word' id='word_1_684' title='bbox 3278 4448 3380 4502; x_wconf 90' lang='lat' dir='ltr'>ego</span> <span class='ocrx_word' id='word_1_685' title='bbox 3417 4429 3533 4501; x_wconf 87' lang='lat' dir='ltr'>quis</span> <span class='ocrx_word' id='word_1_686' title='bbox 3556 4442 3675 4489; x_wconf 62' lang='lat' dir='ltr'>sum:</span> 
     </span>
    </p>
   </div>
   <div class='ocr_carea' id='block_1_48' title="bbox 434 4514 2699 4597">
    <p class='ocr_par' dir='ltr' id='par_1_48' title="bbox 434 4514 2699 4597">
     <span class='ocr_line' id='line_1_48' title="bbox 434 4514 2699 4597; baseline 0.004 -28"><span class='ocrx_word' id='word_1_687' title='bbox 434 4514 494 4570; x_wconf 91' lang='lat' dir='ltr'>in</span> <span class='ocrx_word' id='word_1_688' title='bbox 547 4516 808 4588; x_wconf 67' lang='lat' dir='ltr'>IEgypto,</span> <span class='ocrx_word' id='word_1_689' title='bbox 837 4516 895 4571; x_wconf 85' lang='lat' dir='ltr'>in</span> <span class='ocrx_word' id='word_1_690' title='bbox 931 4522 1084 4573; x_wconf 89' lang='lat' dir='ltr'>terra</span> <span class='ocrx_word' id='word_1_691' title='bbox 1111 4520 1417 4576; x_wconf 91' lang='lat' dir='ltr'>colentium</span> <span class='ocrx_word' id='word_1_692' title='bbox 1442 4523 1594 4578; x_wconf 88' lang='lat' dir='ltr'>idola</span> <span class='ocrx_word' id='word_1_693' title='bbox 1625 4543 1636 4579; x_wconf 93' lang='lat'>:</span> <span class='ocrx_word' id='word_1_694' title='bbox 1675 4528 2026 4597; x_wconf 75' lang='lat' dir='ltr'>quemadmo.</span> <span class='ocrx_word' id='word_1_695' title='bbox 2119 4524 2214 4595; x_wconf 89' lang='lat' dir='ltr'>qui</span> <span class='ocrx_word' id='word_1_696' title='bbox 2236 4539 2472 4594; x_wconf 88' lang='lat' dir='ltr'>arguam</span> <span class='ocrx_word' id='word_1_697' title='bbox 2505 4539 2601 4578; x_wconf 91' lang='lat' dir='ltr'>eos</span> <span class='ocrx_word' id='word_1_698' title='bbox 2633 4522 2699 4576; x_wconf 75' lang='grc' dir='ltr'>ίἹ</span> 
     </span>
    </p>
   </div>
   <div class='ocr_carea' id='block_1_49' title="bbox 436 4604 3678 4685">
    <p class='ocr_par' dir='ltr' id='par_1_49' title="bbox 436 4604 3678 4685">
     <span class='ocr_line' id='line_1_49' title="bbox 436 4604 3678 4685; baseline 0.001 -26"><span class='ocrx_word' id='word_1_699' title='bbox 436 4604 570 4659; x_wconf 92' lang='lat' dir='ltr'>dum</span> <span class='ocrx_word' id='word_1_700' title='bbox 582 4606 925 4662; x_wconf 89' lang='lat' dir='ltr'>tcntationes</span> <span class='ocrx_word' id='word_1_701' title='bbox 938 4604 1173 4663; x_wconf 82' lang='lat' dir='ltr'>viriliter</span> <span class='ocrx_word' id='word_1_702' title='bbox 1193 4610 1443 4681; x_wconf 87' lang='lat' dir='ltr'>pertulit,</span> <span class='ocrx_word' id='word_1_703' title='bbox 1465 4616 1524 4665; x_wconf 89' lang='lat' dir='ltr'>et</span> <span class='ocrx_word' id='word_1_704' title='bbox 1542 4612 1691 4668; x_wconf 92' lang='lat' dir='ltr'>Deus</span> <span class='ocrx_word' id='word_1_705' title='bbox 1700 4615 2037 4685; x_wconf 85' lang='lat' dir='ltr'>gloriﬁcavit</span> <span class='ocrx_word' id='word_1_706' title='bbox 2189 4612 2275 4667; x_wconf 88' lang='grc'>35.</span> <span class='ocrx_word' id='word_1_707' title='bbox 2302 4611 2573 4667; x_wconf 88' lang='lat' dir='ltr'>Dicebant</span> <span class='ocrx_word' id='word_1_708' title='bbox 2591 4611 2661 4665; x_wconf 88' lang='lat' dir='ltr'>de</span> <span class='ocrx_word' id='word_1_709' title='bbox 2675 4610 2865 4682; x_wconf 89' lang='lat' dir='ltr'>aliquo</span> <span class='ocrx_word' id='word_1_710' title='bbox 2887 4625 3041 4675; x_wconf 89' lang='lat' dir='ltr'>sene,</span> <span class='ocrx_word' id='word_1_711' title='bbox 3064 4609 3198 4679; x_wconf 90' lang='lat' dir='ltr'>quia</span> <span class='ocrx_word' id='word_1_712' title='bbox 3209 4609 3270 4663; x_wconf 93' lang='lat' dir='ltr'>in</span> <span class='ocrx_word' id='word_1_713' title='bbox 3282 4606 3560 4663; x_wconf 83' lang='lat' dir='ltr'>inferiores</span> <span class='ocrx_word' id='word_1_714' title='bbox 3577 4615 3678 4674; x_wconf 74' lang='lat' dir='ltr'>par-</span> 
     </span>
    </p>
   </div>
   <div class='ocr_carea' id='block_1_50' title="bbox 433 4690 3675 4775">
    <p class='ocr_par' dir='ltr' id='par_1_50' title="bbox 433 4690 3675 4775">
     <span class='ocr_line' id='line_1_50' title="bbox 433 4690 3675 4775; baseline -0.002 -27"><span class='ocrx_word' id='word_1_715' title='bbox 433 4709 566 4749; x_wconf 89' lang='lat' dir='ltr'>eum</span> <span class='ocrx_word' id='word_1_716' title='bbox 594 4711 771 4767; x_wconf 88' lang='lat' dir='ltr'>usque</span> <span class='ocrx_word' id='word_1_717' title='bbox 800 4695 861 4750; x_wconf 90' lang='lat' dir='ltr'>in</span> <span class='ocrx_word' id='word_1_718' title='bbox 899 4697 1090 4754; x_wconf 77' lang='lat' dir='ltr'>finem.</span> <span class='ocrx_word' id='word_1_719' title='bbox 1136 4698 1439 4755; x_wconf 90' lang='lat' dir='ltr'>Videamus</span> <span class='ocrx_word' id='word_1_720' title='bbox 1500 4705 1558 4755; x_wconf 90' lang='lat' dir='ltr'>et</span> <span class='ocrx_word' id='word_1_721' title='bbox 1613 4701 1720 4756; x_wconf 91' lang='lat' dir='ltr'>Job</span> <span class='ocrx_word' id='word_1_722' title='bbox 1771 4705 1920 4775; x_wconf 92' lang='lat' dir='ltr'>quod</span> <span class='ocrx_word' id='word_1_723' title='bbox 1973 4722 2033 4760; x_wconf 90' lang='lat' dir='ltr'>se</span> <span class='ocrx_word' id='word_1_724' title='bbox 2116 4706 2201 4756; x_wconf 88' lang='lat' dir='ltr'>tes</span> <span class='ocrx_word' id='word_1_725' title='bbox 2221 4701 2448 4773; x_wconf 62' lang='lat' dir='ltr'>[Egypti</span> <span class='ocrx_word' id='word_1_726' title='bbox 2472 4699 2701 4755; x_wconf 90' lang='lat' dir='ltr'>sedebat</span> <span class='ocrx_word' id='word_1_727' title='bbox 2725 4698 2968 4770; x_wconf 90' lang='lat' dir='ltr'>quietus,</span> <span class='ocrx_word' id='word_1_728' title='bbox 3002 4703 3062 4752; x_wconf 87' lang='lat' dir='ltr'>et</span> <span class='ocrx_word' id='word_1_729' title='bbox 3087 4714 3234 4752; x_wconf 90' lang='lat' dir='ltr'>unus</span> <span class='ocrx_word' id='word_1_730' title='bbox 3263 4694 3535 4753; x_wconf 70' lang='lat' dir='ltr'>saecularis</span> <span class='ocrx_word' id='word_1_731' title='bbox 3559 4690 3675 4746; x_wconf 54' lang='lat' dir='ltr'>ﬁde.</span> 
     </span>
    </p>
   </div>
   <div class='ocr_carea' id='block_1_51' title="bbox 433 4783 3676 4860">
    <p class='ocr_par' dir='ltr' id='par_1_51' title="bbox 433 4783 3676 4860">
     <span class='ocr_line' id='line_1_51' title="bbox 433 4783 3676 4860; baseline -0.001 -23"><span class='ocrx_word' id='word_1_732' title='bbox 433 4798 611 4855; x_wconf 83' lang='lat' dir='ltr'>usque</span> <span class='ocrx_word' id='word_1_733' title='bbox 634 4784 692 4839; x_wconf 90' lang='lat' dir='ltr'>in</span> <span class='ocrx_word' id='word_1_734' title='bbox 723 4785 893 4840; x_wconf 83' lang='lat' dir='ltr'>tinem</span> <span class='ocrx_word' id='word_1_735' title='bbox 916 4802 1030 4842; x_wconf 89' lang='lat' dir='ltr'>non</span> <span class='ocrx_word' id='word_1_736' title='bbox 1058 4787 1394 4843; x_wconf 85' lang='lat' dir='ltr'>relaxaverit</span> <span class='ocrx_word' id='word_1_737' title='bbox 1418 4788 1627 4845; x_wconf 91' lang='lat' dir='ltr'>timens</span> <span class='ocrx_word' id='word_1_738' title='bbox 1654 4791 1853 4860; x_wconf 90' lang='lat' dir='ltr'>Deum,</span> <span class='ocrx_word' id='word_1_739' title='bbox 1884 4794 2034 4848; x_wconf 89' lang='lat' dir='ltr'>unde</span> <span class='ocrx_word' id='word_1_740' title='bbox 2116 4790 2186 4846; x_wconf 89' lang='lat' dir='ltr'>lis</span> <span class='ocrx_word' id='word_1_741' title='bbox 2210 4789 2568 4845; x_wconf 88' lang='lat' dir='ltr'>ministrabat</span> <span class='ocrx_word' id='word_1_742' title='bbox 2586 4789 2656 4843; x_wconf 92' lang='lat' dir='ltr'>ei.</span> <span class='ocrx_word' id='word_1_743' title='bbox 2679 4788 2929 4858; x_wconf 89' lang='lat' dir='ltr'>Contigit</span> <span class='ocrx_word' id='word_1_744' title='bbox 2942 4790 3135 4842; x_wconf 90' lang='lat' dir='ltr'>autem</span> <span class='ocrx_word' id='word_1_745' title='bbox 3166 4790 3232 4840; x_wconf 92' lang='lat' dir='ltr'>ut</span> <span class='ocrx_word' id='word_1_746' title='bbox 3263 4786 3412 4841; x_wconf 87' lang='lat' dir='ltr'>ﬁlius</span> <span class='ocrx_word' id='word_1_747' title='bbox 3434 4783 3570 4839; x_wconf 89' lang='lat' dir='ltr'>illius</span> <span class='ocrx_word' id='word_1_748' title='bbox 3592 4795 3676 4834; x_wconf 48' lang='lat' dir='ltr'>se.</span> 
     </span>
    </p>
   </div>
   <div class='ocr_carea' id='block_1_52' title="bbox 437 4868 3679 4949">
    <p class='ocr_par' dir='ltr' id='par_1_52' title="bbox 437 4868 3679 4949">
     <span class='ocr_line' id='line_1_52' title="bbox 437 4868 3679 4949; baseline 0 -24"><span class='ocrx_word' id='word_1_749' title='bbox 437 4887 567 4926; x_wconf 90' lang='lat' dir='ltr'>eum</span> <span class='ocrx_word' id='word_1_750' title='bbox 595 4874 783 4929; x_wconf 90' lang='lat' dir='ltr'>nullus</span> <span class='ocrx_word' id='word_1_751' title='bbox 818 4891 853 4928; x_wconf 90' lang='lat' dir='ltr'>a</span> <span class='ocrx_word' id='word_1_752' title='bbox 890 4891 988 4947; x_wconf 91' lang='lat' dir='ltr'>spe</span> <span class='ocrx_word' id='word_1_753' title='bbox 1020 4875 1122 4930; x_wconf 93' lang='lat' dir='ltr'>Dei</span> <span class='ocrx_word' id='word_1_754' title='bbox 1159 4892 1383 4931; x_wconf 88' lang='lat' dir='ltr'>movere</span> <span class='ocrx_word' id='word_1_755' title='bbox 1413 4878 1721 4949; x_wconf 72' lang='lat' dir='ltr'>praevaluit.</span> <span class='ocrx_word' id='word_1_756' title='bbox 2117 4878 2320 4934; x_wconf 89' lang='lat' dir='ltr'>cularis</span> <span class='ocrx_word' id='word_1_757' title='bbox 2348 4876 2873 4947; x_wconf 82' lang='lat' dir='ltr'>infirmareturzqui</span> <span class='ocrx_word' id='word_1_758' title='bbox 2894 4876 3138 4930; x_wconf 90' lang='lat' dir='ltr'>multum</span> <span class='ocrx_word' id='word_1_759' title='bbox 3161 4874 3600 4946; x_wconf 81' lang='lat' dir='ltr'>rogabatsenem,</span> <span class='ocrx_word' id='word_1_760' title='bbox 3626 4868 3679 4920; x_wconf 67' lang='lat' dir='ltr'>ut</span> 
     </span>
    </p>
   </div>
   <div class='ocr_carea' id='block_1_53' title="bbox 506 4958 3677 5039">
    <p class='ocr_par' dir='ltr' id='par_1_53' title="bbox 506 4958 3677 5039">
     <span class='ocr_line' id='line_1_53' title="bbox 506 4958 3677 5039; baseline 0 -22"><span class='ocrx_word' id='word_1_761' title='bbox 506 4958 595 5017; x_wconf 87' lang='lat'>30.</span> <span class='ocrx_word' id='word_1_762' title='bbox 626 4961 1014 5034; x_wconf 86' lang='lat' dir='ltr'>Interrogatus</span> <span class='ocrx_word' id='word_1_763' title='bbox 1052 4969 1139 5020; x_wconf 90' lang='lat' dir='ltr'>est</span> <span class='ocrx_word' id='word_1_764' title='bbox 1165 4965 1354 5021; x_wconf 88' lang='lat' dir='ltr'>senior</span> <span class='ocrx_word' id='word_1_765' title='bbox 1380 4983 1415 5020; x_wconf 89' lang='lat' dir='ltr'>a</span> <span class='ocrx_word' id='word_1_766' title='bbox 1444 4968 1687 5038; x_wconf 89' lang='lat' dir='ltr'>quodam</span> <span class='ocrx_word' id='word_1_767' title='bbox 1715 4968 1991 5025; x_wconf 86' lang='lat' dir='ltr'>militante</span> <span class='ocrx_word' id='word_1_768' title='bbox 2018 4989 2030 5025; x_wconf 88' lang='lat'>:</span> <span class='ocrx_word' id='word_1_769' title='bbox 2118 4969 2347 5027; x_wconf 89' lang='lat' dir='ltr'>veniens</span> <span class='ocrx_word' id='word_1_770' title='bbox 2390 4972 2578 5022; x_wconf 89' lang='lat' dir='ltr'>oraret</span> <span class='ocrx_word' id='word_1_771' title='bbox 2605 4983 2706 5039; x_wconf 89' lang='lat' dir='ltr'>pro</span> <span class='ocrx_word' id='word_1_772' title='bbox 2756 4980 2952 5038; x_wconf 89' lang='lat' dir='ltr'>puero.</span> <span class='ocrx_word' id='word_1_773' title='bbox 3005 4964 3253 5035; x_wconf 89' lang='lat' dir='ltr'>Surgens</span> <span class='ocrx_word' id='word_1_774' title='bbox 3292 4978 3505 5035; x_wconf 89' lang='lat' dir='ltr'>quoque</span> <span class='ocrx_word' id='word_1_775' title='bbox 3537 4971 3677 5013; x_wconf 69' lang='lat' dir='ltr'>sene!</span> 
     </span>
    </p>
   </div>
   <div class='ocr_carea' id='block_1_54' title="bbox 438 5045 3677 5131">
    <p class='ocr_par' dir='ltr' id='par_1_54' title="bbox 438 5045 3677 5131">
     <span class='ocr_line' id='line_1_54' title="bbox 438 5045 3677 5131; baseline 0 -27"><span class='ocrx_word' id='word_1_776' title='bbox 438 5047 496 5104; x_wconf 90' lang='lat' dir='ltr'>Si</span> <span class='ocrx_word' id='word_1_777' title='bbox 524 5048 673 5103; x_wconf 89' lang='lat' dir='ltr'>Deus</span> <span class='ocrx_word' id='word_1_778' title='bbox 696 5051 893 5123; x_wconf 89' lang='lat' dir='ltr'>recipit</span> <span class='ocrx_word' id='word_1_779' title='bbox 919 5054 1287 5123; x_wconf 80' lang='lat' dir='ltr'>pomitentem</span> <span class='ocrx_word' id='word_1_780' title='bbox 1343 5054 1449 5121; x_wconf 92' lang='lat' dir='ltr'>Qui</span> <span class='ocrx_word' id='word_1_781' title='bbox 1479 5073 1606 5111; x_wconf 92' lang='lat' dir='ltr'>cum</span> <span class='ocrx_word' id='word_1_782' title='bbox 1628 5074 1756 5113; x_wconf 90' lang='lat' dir='ltr'>eum</span> <span class='ocrx_word' id='word_1_783' title='bbox 1782 5059 2039 5131; x_wconf 88' lang='lat' dir='ltr'>pluribus</span> <span class='ocrx_word' id='word_1_784' title='bbox 2120 5056 2259 5113; x_wconf 91' lang='lat' dir='ltr'>abiit</span> <span class='ocrx_word' id='word_1_785' title='bbox 2276 5073 2404 5112; x_wconf 91' lang='lat' dir='ltr'>cum</span> <span class='ocrx_word' id='word_1_786' title='bbox 2433 5057 2573 5129; x_wconf 92' lang='lat' dir='ltr'>ipso.</span> <span class='ocrx_word' id='word_1_787' title='bbox 2620 5056 2974 5110; x_wconf 75' lang='lat' dir='ltr'>Praecurrens</span> <span class='ocrx_word' id='word_1_788' title='bbox 3015 5057 3210 5107; x_wconf 89' lang='lat' dir='ltr'>autem</span> <span class='ocrx_word' id='word_1_789' title='bbox 3235 5052 3350 5119; x_wconf 84' lang='lat' dir='ltr'>ille,</span> <span class='ocrx_word' id='word_1_790' title='bbox 3374 5064 3585 5106; x_wconf 89' lang='lat' dir='ltr'>securus</span> <span class='ocrx_word' id='word_1_791' title='bbox 3612 5045 3677 5099; x_wconf 81' lang='lat' dir='ltr'>in-</span> 
     </span>
    </p>
   </div>
   <div class='ocr_carea' id='block_1_55' title="bbox 433 5134 3676 5215">
    <p class='ocr_par' dir='ltr' id='par_1_55' title="bbox 433 5134 3676 5215">
     <span class='ocr_line' id='line_1_55' title="bbox 433 5134 3676 5215; baseline -0.001 -23"><span class='ocrx_word' id='word_1_792' title='bbox 433 5135 765 5193; x_wconf 81' lang='lat' dir='ltr'>aediﬁcasset</span> <span class='ocrx_word' id='word_1_793' title='bbox 794 5142 1166 5208; x_wconf 87' lang='lat' dir='ltr'>sermonibus,</span> <span class='ocrx_word' id='word_1_794' title='bbox 1206 5150 1493 5215; x_wconf 89' lang='lat' dir='ltr'>postremo</span> <span class='ocrx_word' id='word_1_795' title='bbox 1524 5146 1606 5202; x_wconf 89' lang='lat' dir='ltr'>ait</span> <span class='ocrx_word' id='word_1_796' title='bbox 1633 5147 1705 5201; x_wconf 90' lang='lat' dir='ltr'>ad</span> <span class='ocrx_word' id='word_1_797' title='bbox 1734 5165 1864 5203; x_wconf 91' lang='lat' dir='ltr'>eum</span> <span class='ocrx_word' id='word_1_798' title='bbox 1897 5167 1909 5202; x_wconf 84' lang='lat'>:</span> <span class='ocrx_word' id='word_1_799' title='bbox 1938 5150 2041 5205; x_wconf 91' lang='lat' dir='ltr'>Dic</span> <span class='ocrx_word' id='word_1_800' title='bbox 2119 5145 2313 5201; x_wconf 88' lang='lat' dir='ltr'>troivit</span> <span class='ocrx_word' id='word_1_801' title='bbox 2338 5145 2397 5200; x_wconf 91' lang='lat' dir='ltr'>in</span> <span class='ocrx_word' id='word_1_802' title='bbox 2418 5145 2647 5200; x_wconf 90' lang='lat' dir='ltr'>domum</span> <span class='ocrx_word' id='word_1_803' title='bbox 2683 5158 2864 5208; x_wconf 91' lang='lat' dir='ltr'>suam,</span> <span class='ocrx_word' id='word_1_804' title='bbox 2912 5140 3103 5196; x_wconf 89' lang='lat' dir='ltr'>dicens</span> <span class='ocrx_word' id='word_1_805' title='bbox 3137 5162 3148 5196; x_wconf 94' lang='lat'>:</span> <span class='ocrx_word' id='word_1_806' title='bbox 3179 5140 3375 5195; x_wconf 88' lang='lat' dir='ltr'>Venite</span> <span class='ocrx_word' id='word_1_807' title='bbox 3400 5140 3458 5195; x_wconf 85' lang='lat' dir='ltr'>in</span> <span class='ocrx_word' id='word_1_808' title='bbox 3492 5134 3676 5193; x_wconf 79' lang='lat' dir='ltr'>obviam</span> 
     </span>
    </p>
   </div>
   <div class='ocr_carea' id='block_1_56' title="bbox 428 5225 3676 5310">
    <p class='ocr_par' dir='ltr' id='par_1_56' title="bbox 428 5225 3676 5310">
     <span class='ocr_line' id='line_1_56' title="bbox 428 5225 3676 5310; baseline -0.002 -28"><span class='ocrx_word' id='word_1_809' title='bbox 428 5225 587 5293; x_wconf 90' lang='lat' dir='ltr'>mihi,</span> <span class='ocrx_word' id='word_1_810' title='bbox 605 5226 983 5297; x_wconf 86' lang='lat' dir='ltr'>dilectissime,</span> <span class='ocrx_word' id='word_1_811' title='bbox 1013 5232 1059 5286; x_wconf 91' lang='lat' dir='ltr'>si</span> <span class='ocrx_word' id='word_1_812' title='bbox 1087 5233 1339 5307; x_wconf 84' lang='lat' dir='ltr'>chlamys</span> <span class='ocrx_word' id='word_1_813' title='bbox 1359 5240 1459 5290; x_wconf 87' lang='lat' dir='ltr'>tua</span> <span class='ocrx_word' id='word_1_814' title='bbox 1473 5235 1752 5291; x_wconf 85' lang='lat' dir='ltr'>conscissa</span> <span class='ocrx_word' id='word_1_815' title='bbox 1777 5237 1868 5305; x_wconf 92' lang='lat' dir='ltr'>sit,</span> <span class='ocrx_word' id='word_1_816' title='bbox 1912 5255 2039 5310; x_wconf 88' lang='lat' dir='ltr'>pro-</span> <span class='ocrx_word' id='word_1_817' title='bbox 2120 5235 2369 5290; x_wconf 90' lang='lat' dir='ltr'>solitario</span> <span class='ocrx_word' id='word_1_818' title='bbox 2412 5234 2513 5292; x_wconf 90' lang='lat' dir='ltr'>illi.</span> <span class='ocrx_word' id='word_1_819' title='bbox 2575 5232 2783 5288; x_wconf 86' lang='lat' dir='ltr'>Videas</span> <span class='ocrx_word' id='word_1_820' title='bbox 2821 5236 3013 5286; x_wconf 87' lang='lat' dir='ltr'>autem</span> <span class='ocrx_word' id='word_1_821' title='bbox 3041 5246 3137 5285; x_wconf 91' lang='lat' dir='ltr'>eos</span> <span class='ocrx_word' id='word_1_822' title='bbox 3188 5246 3358 5285; x_wconf 85' lang='lat' dir='ltr'>senex</span> <span class='ocrx_word' id='word_1_823' title='bbox 3378 5229 3582 5296; x_wconf 88' lang='lat' dir='ltr'>alonge</span> <span class='ocrx_word' id='word_1_824' title='bbox 3605 5239 3676 5277; x_wconf 82' lang='lat' dir='ltr'>ex-</span> 
     </span>
    </p>
   </div>
   <div class='ocr_carea' id='block_1_57' title="bbox 425 5313 3675 5395">
    <p class='ocr_par' dir='ltr' id='par_1_57' title="bbox 425 5313 3675 5395">
     <span class='ocr_line' id='line_1_57' title="bbox 425 5313 3675 5395; baseline -0.004 -14"><span class='ocrx_word' id='word_1_825' title='bbox 425 5315 553 5389; x_wconf 72' lang='lat' dir='ltr'>jicis</span> <span class='ocrx_word' id='word_1_826' title='bbox 575 5316 742 5372; x_wconf 72' lang='lat' dir='ltr'>eam?</span> <span class='ocrx_word' id='word_1_827' title='bbox 763 5316 869 5381; x_wconf 82' lang='lat' dir='ltr'>Qui</span> <span class='ocrx_word' id='word_1_828' title='bbox 893 5322 1235 5391; x_wconf 89' lang='lat' dir='ltr'>respondens</span> <span class='ocrx_word' id='word_1_829' title='bbox 1257 5323 1375 5378; x_wconf 90' lang='lat' dir='ltr'>ait:</span> <span class='ocrx_word' id='word_1_830' title='bbox 1408 5324 1552 5391; x_wconf 88' lang='lat' dir='ltr'>Non,</span> <span class='ocrx_word' id='word_1_831' title='bbox 1580 5326 1677 5381; x_wconf 90' lang='lat' dir='ltr'>sed</span> <span class='ocrx_word' id='word_1_832' title='bbox 1726 5327 2037 5383; x_wconf 87' lang='lat' dir='ltr'>resarciens</span> <span class='ocrx_word' id='word_1_833' title='bbox 2119 5330 2315 5380; x_wconf 89' lang='lat' dir='ltr'>euntes</span> <span class='ocrx_word' id='word_1_834' title='bbox 2342 5340 2467 5379; x_wconf 92' lang='lat' dir='ltr'>cum</span> <span class='ocrx_word' id='word_1_835' title='bbox 2488 5321 2863 5395; x_wconf 78' lang='lat' dir='ltr'>lampadibus,</span> <span class='ocrx_word' id='word_1_836' title='bbox 2889 5317 3151 5389; x_wconf 89' lang='lat' dir='ltr'>cognovit</span> <span class='ocrx_word' id='word_1_837' title='bbox 3179 5319 3312 5391; x_wconf 89' lang='lat' dir='ltr'>quia</span> <span class='ocrx_word' id='word_1_838' title='bbox 3332 5316 3435 5372; x_wconf 90' lang='lat' dir='ltr'>sibi</span> <span class='ocrx_word' id='word_1_839' title='bbox 3458 5313 3675 5370; x_wconf 71' lang='lat' dir='ltr'>venirent</span> 
     </span>
    </p>
   </div>
   <div class='ocr_carea' id='block_1_58' title="bbox 430 5401 3674 5488">
    <p class='ocr_par' dir='ltr' id='par_1_58' title="bbox 430 5401 3674 5488">
     <span class='ocr_line' id='line_1_58' title="bbox 430 5401 3674 5488; baseline -0.002 -26"><span class='ocrx_word' id='word_1_840' title='bbox 430 5411 658 5462; x_wconf 89' lang='lat' dir='ltr'>utorea.</span> <span class='ocrx_word' id='word_1_841' title='bbox 690 5404 839 5461; x_wconf 91' lang='lat' dir='ltr'>Dicit</span> <span class='ocrx_word' id='word_1_842' title='bbox 862 5407 933 5462; x_wconf 89' lang='lat' dir='ltr'>ad</span> <span class='ocrx_word' id='word_1_843' title='bbox 966 5424 1096 5463; x_wconf 90' lang='lat' dir='ltr'>eum</span> <span class='ocrx_word' id='word_1_844' title='bbox 1133 5411 1322 5466; x_wconf 89' lang='lat' dir='ltr'>senior</span> <span class='ocrx_word' id='word_1_845' title='bbox 1344 5428 1356 5462; x_wconf 89' lang='lat'>:</span> <span class='ocrx_word' id='word_1_846' title='bbox 1378 5413 1435 5468; x_wconf 92' lang='lat' dir='ltr'>Si</span> <span class='ocrx_word' id='word_1_847' title='bbox 1462 5430 1596 5485; x_wconf 88' lang='lat' dir='ltr'>ergo</span> <span class='ocrx_word' id='word_1_848' title='bbox 1625 5421 1687 5469; x_wconf 90' lang='lat' dir='ltr'>tu</span> <span class='ocrx_word' id='word_1_849' title='bbox 1698 5416 1879 5487; x_wconf 87' lang='lat' dir='ltr'>parcis</span> <span class='ocrx_word' id='word_1_850' title='bbox 1906 5434 2033 5488; x_wconf 88' lang='lat' dir='ltr'>pro-</span> <span class='ocrx_word' id='word_1_851' title='bbox 2118 5416 2178 5470; x_wconf 90' lang='lat' dir='ltr'>in</span> <span class='ocrx_word' id='word_1_852' title='bbox 2205 5431 2497 5470; x_wconf 90' lang='lat' dir='ltr'>occursum</span> <span class='ocrx_word' id='word_1_853' title='bbox 2531 5432 2546 5482; x_wconf 89' lang='lat'>;</span> <span class='ocrx_word' id='word_1_854' title='bbox 2572 5417 2630 5468; x_wconf 90' lang='lat' dir='ltr'>et</span> <span class='ocrx_word' id='word_1_855' title='bbox 2653 5426 2861 5466; x_wconf 88' lang='lat' dir='ltr'>exuens</span> <span class='ocrx_word' id='word_1_856' title='bbox 2887 5409 3224 5463; x_wconf 85' lang='lat' dir='ltr'>vestimenta</span> <span class='ocrx_word' id='word_1_857' title='bbox 3263 5425 3382 5475; x_wconf 91' lang='lat' dir='ltr'>sua,</span> <span class='ocrx_word' id='word_1_858' title='bbox 3414 5406 3555 5461; x_wconf 87' lang='lat' dir='ltr'>misit</span> <span class='ocrx_word' id='word_1_859' title='bbox 3596 5401 3674 5456; x_wconf 81' lang='lat' dir='ltr'>illa</span> 
     </span>
    </p>
   </div>
   <div class='ocr_carea' id='block_1_59' title="bbox 430 5492 3672 5576">
    <p class='ocr_par' dir='ltr' id='par_1_59' title="bbox 430 5492 3672 5576">
     <span class='ocr_line' id='line_1_59' title="bbox 430 5492 3672 5576; baseline -0.002 -26"><span class='ocrx_word' id='word_1_860' title='bbox 430 5495 554 5568; x_wconf 90' lang='lat' dir='ltr'>prio</span> <span class='ocrx_word' id='word_1_861' title='bbox 610 5496 965 5552; x_wconf 88' lang='lat' dir='ltr'>vestimento.</span> <span class='ocrx_word' id='word_1_862' title='bbox 998 5499 1143 5553; x_wconf 89' lang='lat' dir='ltr'>Deus</span> <span class='ocrx_word' id='word_1_863' title='bbox 1171 5500 1259 5555; x_wconf 91' lang='lat' dir='ltr'>sui</span> <span class='ocrx_word' id='word_1_864' title='bbox 1288 5502 1520 5573; x_wconf 88' lang='lat' dir='ltr'>imagini</span> <span class='ocrx_word' id='word_1_865' title='bbox 1572 5520 1684 5558; x_wconf 91' lang='lat' dir='ltr'>non</span> <span class='ocrx_word' id='word_1_866' title='bbox 1719 5504 1975 5576; x_wconf 89' lang='lat' dir='ltr'>indulget</span> <span class='ocrx_word' id='word_1_867' title='bbox 2001 5506 2029 5560; x_wconf 89' lang='lat'><strong>?</strong></span> <span class='ocrx_word' id='word_1_868' title='bbox 2112 5507 2171 5561; x_wconf 93' lang='lat' dir='ltr'>in</span> <span class='ocrx_word' id='word_1_869' title='bbox 2202 5503 2450 5572; x_wconf 87' lang='lat' dir='ltr'>ﬂumine,</span> <span class='ocrx_word' id='word_1_870' title='bbox 2480 5508 2537 5558; x_wconf 91' lang='lat' dir='ltr'>et</span> <span class='ocrx_word' id='word_1_871' title='bbox 2556 5501 2918 5574; x_wconf 77' lang='lat' dir='ltr'>ccepitlavare</span> <span class='ocrx_word' id='word_1_872' title='bbox 2942 5514 3028 5565; x_wconf 89' lang='lat' dir='ltr'>ea,</span> <span class='ocrx_word' id='word_1_873' title='bbox 3046 5502 3204 5553; x_wconf 89' lang='lat' dir='ltr'>stans</span> <span class='ocrx_word' id='word_1_874' title='bbox 3222 5497 3431 5553; x_wconf 89' lang='lat' dir='ltr'>nudus.</span> <span class='ocrx_word' id='word_1_875' title='bbox 3454 5492 3672 5550; x_wconf 81' lang='lat' dir='ltr'>Minister</span> 
     </span>
    </p>
   </div>
   <div class='ocr_carea' id='block_1_60' title="bbox 448 5584 2021 5669">
    <p class='ocr_par' dir='ltr' id='par_1_60' title="bbox 448 5584 2021 5669">
     <span class='ocr_line' id='line_1_60' title="bbox 448 5584 2021 5669; baseline 0.006 -28"><span class='ocrx_word' id='word_1_876' title='bbox 448 5660 455 5665; x_wconf 29' lang='grc' dir='ltr'><strong><em>ι</em></strong></span> <span class='ocrx_word' id='word_1_877' title='bbox 504 5584 523 5620; x_wconf 86' lang='grc'>¹</span> <span class='ocrx_word' id='word_1_878' title='bbox 553 5584 875 5669; x_wconf 68' lang='lat' dir='ltr'>Mirandum</span> <span class='ocrx_word' id='word_1_879' title='bbox 910 5586 1142 5667; x_wconf 84' lang='lat' dir='ltr'>Macarii</span> <span class='ocrx_word' id='word_1_880' title='bbox 1191 5588 1487 5667; x_wconf 83' lang='lat' dir='ltr'>judicium,</span> <span class='ocrx_word' id='word_1_881' title='bbox 1520 5606 1635 5647; x_wconf 88' lang='lat' dir='ltr'>non</span> <span class='ocrx_word' id='word_1_882' title='bbox 1664 5592 2021 5650; x_wconf 87' lang='lat' dir='ltr'>imitandum.</span> 
     </span>
    </p>
   </div>
  </div>
