3976 6186
229 449 3524 481 ww

1107 621 1318 774 DE
1397 615 1869 773 VITIS
1949 613 2663 770 PATRUM
2835 629 2838 632 ⁴

556 905 1449 1154 LIBER
1637 904 3206 1269 SEPTIMUS,

1782 1246 1975 1310 SIVE

889 1428 1614 1567 VERBA
1732 1427 2840 1566 SENIORUM

1159 1657 1615 1731 AUCTORE
1667 1657 2025 1731 GRECO
2081 1655 2504 1731 INCERTO
2519 1713 2538 1744 ,

407 1837 1262 1930 INTERPRETE
1324 1838 2084 1934 PASCHASIO
2148 1838 2239 1933 S.
2317 1839 2434 1935 R.
2517 1839 2628 1933 E.
2707 1831 3358 1931 DIACONO.

1395 2173 2340 2274 PBIELUDIUM.

307 2417 502 2480 ωιι
521 2413 673 2468 Nihil
695 2411 870 2467 habeo
895 2415 1041 2485 quod
1063 2415 1193 2470 huic
1210 2415 1354 2471 libro
1377 2418 1736 2489 praemittam,
1765 2422 1969 2489 praeter
1997 2418 2112 2484 iam
2131 2417 2279 2472 dicta
2309 2417 2366 2472 in
2389 2416 2784 2489 prolegomene
2808 2414 3056 2486 generali
3085 2415 3138 2482 9,
3161 2414 3257 2470 ubi
3275 2415 3518 2471 diximus

241 2509 530 2558 auctorem
555 2520 676 2558 esse
692 2520 936 2574 graecum
957 2503 1250 2572 incertum,
1270 2523 1437 2578 quem
1452 2507 1703 2562 nondum
1717 2507 1829 2562 vidi
1856 2523 1889 2559 a
1913 2523 2197 2579 quoquam
2221 2507 2533 2580 proditum;
2561 2511 2618 2562 et
2648 2505 3053 2576 Prolegomeno
3079 2503 3163 2573 14,
3201 2504 3296 2560 ubi
3317 2505 3386 2560 de
3414 2505 3525 2560 Pa-

246 2593 468 2647 schasio
507 2592 815 2664 interprete
852 2593 1264 2672 inquisivimus.

1530 2816 2234 2993 prologue.

313 3112 558 3167 Domino
585 3112 887 3167 venerabili
915 3112 1062 3184 patri
1093 3112 1336 3168 Martino
1365 3110 1695 3184 presbytero
1725 3120 1782 3167 et
1812 3113 2001 3168 abbati
2032 3115 2384 3170 Paschasius.
3151 3187 3154 3190 ἢ

312 3203 474 3256 Vitas
503 3203 734 3257 Patrum
765 3203 1084 3257 Graecorum
1115 3205 1195 3271 (ut
1215 3206 1434 3269 czetera)
1458 3200 1718 3256 facundia
1746 3203 1994 3257 studiose
2015 3204 2375 3275 conscriptas,
2402 3207 2643 3275 jussusa
2664 3209 2740 3271 te,
2770 3203 3120 3259 sanctissime
3147 3208 3325 3274 pater,
3342 3202 3400 3259 in
3423 3206 3527 3261 La-

239 3292 426 3346 tinum
454 3292 757 3346 transferre
781 3309 1116 3357 sermonem,
1147 3293 1206 3346 in
1234 3291 1477 3355 insolito,
1505 3291 1551 3344 si
1571 3291 1837 3359 licuisset,
1865 3309 2031 3362 opere
2045 3294 2374 3347 renuissem.
2401 3295 2594 3364 Neque
2616 3294 2766 3348 enim
2785 3309 3036 3364 unquam
3065 3292 3199 3363 quid
3223 3293 3409 3360 scribi,
3436 3294 3524 3349 vel

242 3382 373 3453 legi,
390 3382 474 3436 vel
486 3382 680 3435 excudi
703 3387 904 3453 potest,
924 3381 1148 3451 ingenio
1169 3389 1266 3437 aut
1287 3381 1628 3435 conscientia
1645 3381 1830 3434 cordis
1843 3382 2194 3452 prohibente.
2215 3383 2368 3437 Scire
2384 3383 2536 3437 enim
2559 3399 2648 3437 me
2664 3383 2812 3454 quod
2832 3383 2972 3436 nihil
2990 3381 3182 3448 sciam,
3209 3399 3321 3437 non
3343 3383 3525 3438 audeo

237 3470 443 3535 dicere,
479 3487 549 3524 ne
578 3471 809 3524 verbum
835 3471 939 3524 hoc
959 3470 1372 3541 sapientissimo
1395 3469 1610 3524 Socrati
1643 3471 1963 3541 surripiam.
1982 3472 2091 3525 Sed
2120 3471 2251 3542 quia
2273 3478 2372 3526 tua
2390 3473 2602 3544 pariter
2623 3490 2849 3528 necesse
2877 3479 2962 3527 est
2976 3472 3230 3542 jussione
3245 3478 3390 3538 utar,
3412 3490 3526 3528 non

241 3559 527 3629 gloriabor
550 3560 808 3630 ingenio;
840 3559 939 3613 sed
969 3560 1137 3614 {idem
1167 3576 1335 3630 quam
1365 3559 1466 3612 tibi
1493 3559 1666 3614 debeo
1692 3560 1862 3614 etiam
1885 3561 1942 3614 in
1974 3578 2140 3632 opere
2166 3561 2418 3631 injuncto
2444 3563 2962 3634 praestabo.Verum
2991 3562 3124 3633 quia
3137 3563 3522 3633 eloquentium

244 3649 495 3703 virorum
522 3648 651 3702 libri
675 3655 807 3703 sunt
826 3649 1053 3720 plurimi
1080 3665 1339 3702 sermone
1368 3649 1564 3702 Latino
1583 3650 1900 3721 conscripti,
1925 3667 2165 3720 quorum
2198 3651 2451 3705 lectionis
2483 3658 2774 3722 expertum
2797 3668 2918 3706 esse
2939 3657 2995 3705 te
3025 3651 3196 3705 etiam
3227 3657 3520 3707 astruente

243 3738 530 3801 testiﬁcnr,
560 3737 607 3791 si
637 3737 771 3808 quid
797 3738 865 3791 de
894 3737 1003 3792 illis
1033 3744 1132 3792 aut
1161 3737 1253 3792 hic
1281 3737 1556 3791 insertum
1585 3738 1728 3792 forte
1761 3740 2057 3810 repereris,
2080 3745 2275 3806 665
2303 3747 2368 3794 ut
2393 3741 2578 3795 minus
2597 3743 2884 3811 eleganter
2915 3757 3260 3812 expressum,
3286 3757 3357 3796 ne
3388 3758 3525 3797 mea

245 3828 420 3898 culpae
439 3828 760 3898 deputetur,
785 3843 950 3882 exoro
975 3846 986 3892 ;
1021 3827 1156 3898 quia
1181 3828 1326 3882 sicut
1345 3826 1403 3881 in
1431 3827 1561 3881 dato
1593 3828 1728 3882 mihi
1750 3827 1952 3883 Codice
1974 3829 2155 3901 reperi
2176 3846 2241 3884 ea
2263 3832 2488 3902 scripta,
2513 3831 2593 3885 sic
2613 3830 2894 3897 transtuli,
2921 3830 3053 3884 licet
3071 3846 3174 3884 nec
3185 3846 3252 3884 ea
3270 3830 3522 3886 studiose

243 3933 411 3986 posse
439 3933 529 3970 me
559 3915 806 3986 proferre
827 3918 1111 3987 proﬁteor.
1136 3917 1295 3971 Unde
1310 3922 1485 3971 restat
1499 3923 1564 3971 ut
1583 3919 1730 3988 quod
1751 3923 1806 3971 te
1831 3919 2066 3989 jubente
2087 3919 2246 3990 coepi,
2276 3925 2332 3974 te
2354 3925 2549 3974 orante
2569 3921 2856 3992 perﬁciam
2880 3939 2892 3973 :
2929 3937 3051 3991 quae
3078 3924 3271 3974 tamen
3301 3919 3347 3974 si
3379 3921 3522 3975 scri-

245 4004 432 4059 benda
454 4005 783 4070 decreveris,
809 4011 873 4060 ut
884 4011 982 4060 tuo
997 4006 1174 4078 polire
1192 4023 1450 4060 sermone
1469 4006 1738 4076 digneris,
1759 4024 2014 4079 exposco.
2042 4007 2236 4079 Neque
2259 4008 2409 4062 enim
2431 4009 2568 4063 mihi
2585 4009 2822 4081 liquebit
2845 4009 3100 4080 quaedam
3112 4009 3389 4080 placuisse
3402 4008 3524 4077 tibi,

244 4094 293 4148 si
320 4111 439 4149 non
466 4099 526 4147 et
553 4094 744 4165 aliqua
775 4094 1127 4167 displicuisse
1155 4095 1532 4166 cognoverim.

717 4340 1565 4553 VERBA
1708 4368 3074 4546 SENIORUM.

753 4719 987 4776 CAPUT
1031 4719 1353 4776 PRIMUM.
1868 4719 2289 4786 Acharitatem,
2323 4691 2806 4788 et‘suscipientem
2834 4719 2954 4768 tam
2993 4713 3295 4768 monachos
3323 4713 3532 4768 multos

249 4810 455 4866 Contra
469 4811 1335 4877 gastrimargiamdevincendam
1350 4809 1850 4878 etdesideriagulz.
1938 4826 2107 4881 quam
2154 4807 2492 4863 saeculares:
2547 4806 2798 4860 Lucerna
2847 4803 3074 4874 quidem
3113 4801 3306 4857 multis
3360 4803 3530 4870 lueet,

321 4899 376 4953 1.
401 4897 642 4962 Quidam
663 4897 856 4962 frater,
874 4898 1347 4969 quemadmodum
1373 4898 1433 4952 in
1461 4899 1602 4952 cella
1627 4899 1856 4970 propria
1938 4904 2186 4952 rostrum
2204 4903 2395 4951 tamen
2415 4895 2706 4968 proprium
2726 4893 2974 4948 incendit
3001 4893 3264 4962 (Append.
3287 4892 3530 4959 Pallad,

246 4222 3516 4250 Μ

251 4987 458 5056 degere
495 4985 743 5053 deberet,
785 4987 1044 5058 abbatem
1075 4987 1318 5042 Sisoium
1347 4987 1639 5058 requisivit
1665 4989 1852 5058 (Ra/[2,
1937 5004 1983 5044 c.
2013 4985 2102 5054 20,
2142 5004 2198 5040 η.
2231 4985 2306 5056 9).

252 5079 293 5132 1.
319 5090 402 5142 In,
446 5093 505 5131 η.
537 5074 647 5143 44).
695 5076 796 5130 Cui
836 5077 1126 5148 respondit
1162 5076 1331 5133 abbas
1367 5077 1513 5132 Sisoi
1545 5095 1559 5132 :
1589 5077 1849 5144 Comede,
2009 5075 2061 5133 3.
2087 5075 2238 5130 Dixit
2265 5091 2410 5129 unus
2439 5091 2504 5128 ex
2535 5072 2796 5128 Patribus
2829 5091 2841 5126 :
2883 5069 3027 5136 Quia
3057 5069 3342 5126 invenitur
3367 5072 3537 5128 homo

251 5166 456 5237 inquit.
493 5182 695 5237 panem
725 5172 905 5231 tuum,
931 5174 988 5222 et
1012 5167 1207 5231 salem,
1245 5171 1303 5221 et
1321 5183 1429 5221 non
1449 5166 1523 5220 sit
1539 5166 1642 5220 tibi
1664 5183 1856 5220 neces-
1940 5156 2181 5220 multum
2198 5163 2512 5228 comedens,
2535 5169 2593 5216 et
2617 5163 2798 5216 adhuc
2819 5160 3091 5226 esuriens,
3123 5161 3417 5224 continens
3438 5179 3536 5231 se;

256 5255 398 5308 sitas
423 5254 639 5324 aliquid
659 5257 1022 5327 excoquendi,
1048 5263 1148 5311 aut
1175 5257 1398 5327 longius
1421 5256 1710 5326 evagandi.
1941 5256 2084 5309 alter
2100 5259 2287 5308 autem
2309 5251 2549 5306 comedit
2563 5268 2784 5323 parum,
2819 5256 2876 5304 et
2895 5251 3134 5305 satiatur
3151 5252 3343 5323 (Rulli,
3379 5255 3416 5306 ι.
3449 5266 3536 5319 In,

325 5343 508 5398 Alteri
537 5361 759 5416 quoque
796 5345 943 5400 idem
976 5346 1304 5417 requirenti,
1343 5345 1632 5416 respondit
1662 5344 1859 5398 Daniel
1946 5362 2002 5400 n.
2036 5342 2141 5410 48;
2175 5347 2379 5410 Pclag.,
2414 5344 2581 5396 lz’bcll.
2617 5357 2672 5408 x,
2705 5357 2762 5395 η.
2790 5338 2896 5401 99p.
2933 5340 3039 5405 Qui
3069 5347 3259 5396 autem
3296 5343 3538 5396 multum

256 5433 557 5505 propheta,
589 5450 717 5489 cum
748 5435 922 5490 dixit:
957 5437 1170 5490 Panem
1200 5435 1608 5490 desideriorum
1633 5451 1746 5489 non
1766 5450 1860 5488 co-
1945 5433 2202 5497 comedit,
2235 5438 2291 5485 et
2316 5431 2499 5485 adhuc
2540 5430 2792 5486 esuriens
2839 5430 3092 5485 continet
3138 5448 3216 5498 se,
3267 5432 3540 5501 majorem

262 5521 417 5577 medi
443 5524 609 5594 (Dan.
639 5527 718 5594 x).
1947 5521 2263 5577 mercedem
2285 5518 2472 5588 habet,
2509 5535 2681 5592 quam
2707 5518 2802 5575 ille
2831 5519 2930 5592 qui
2959 5535 3161 5592 parum
3189 5517 3452 5586 comedit,
3481 5521 3542 5574 et

329 5610 389 5670 2.
420 5611 573 5669 Dixit
593 5628 741 5670 unus
760 5630 932 5672 senex
959 5615 1032 5672 ad
1067 5615 1310 5673 alterum
1339 5629 1534 5671 senem
1561 5611 1864 5670 habentem
1950 5611 2209 5668 satiatur.
