3976 6186
513 340 657 400 1027

1617 324 1712 380 DE
1749 321 1938 378 VITIS
1975 313 2273 404 PATRUM
2309 315 2524 372 LIBER
2561 315 2682 372 VII.

3619 321 3733 380 1028

581 469 632 522 4.
667 465 820 522 Dixit
857 462 1084 534 quidam
1114 471 1282 512 senex
1313 472 1324 509 :
1357 453 1441 509 Ne
1483 451 1631 523 quod
1677 442 2364 534 desideraveris,AQruegm
2396 459 2524 496 cum
2577 442 2844 496 vidissent
2886 442 3088 497 fratres
3120 457 3155 496 a
3178 443 3358 514 longe,
3399 447 3589 515 egressi
3625 455 3736 504 sunt

512 555 811 628 aliquando
825 550 1161 607 manduces:
1189 544 1415 600 comede
1437 548 1625 596 autem
1649 540 1796 611 quod
1812 537 2106 592 transmis-

511 662 636 701 sum
688 643 789 699 tibi
844 640 1014 695 fuerit
1065 655 1098 691 a
1151 635 1402 701 Domino,
1435 639 1491 687 et
1538 631 1751 702 gratias
1780 645 1883 699 age
1918 628 2104 695 (Ra/[2,

511 740 547 790 ι.
580 748 666 800 111,
702 750 759 787 η.
782 731 895 800 49.)

579 824 614 878 5
628 869 638 880 .
652 821 894 887 Quidam
923 819 1098 872 frater
1120 812 1560 885 impugnabatur
1575 827 1608 864 a
1627 808 1828 880 spiritu
1853 805 2111 876 blasphe-

510 913 656 977 miae,
681 917 738 966 et
757 907 1121 965 erubescebat
1141 905 1356 971 dicere;
1391 907 1447 955 et
1471 914 1831 972 quoscunque
1861 895 2113 949 audisset

510 1019 744 1073 magnos
764 1016 945 1065 senes,
953 995 1226 1069 pergebat
1247 993 1318 1047 ad
1333 1009 1428 1045 eos
1449 996 1514 1044 ut
1534 989 1645 1043 illis
1676 987 1986 1041 declararet
2010 1003 2022 1050 ;
2057 987 2114 1035 et

510 1109 639 1147 mox
683 1096 749 1147 ut
786 1087 1056 1160 pervenit,
1091 1081 1455 1138 erubescebat
1493 1079 1675 1132 dicere
1717 1079 1902 1144 (Ra/7.,
1939 1077 1975 1128 ι.
2027 1086 2106 1137 111,

515 1201 573 1237 η.
610 1181 718 1250 57).
753 1180 895 1234 Cum
951 1183 1140 1230 tamen
1171 1173 1493 1242 frequenter
1524 1169 1596 1222 ad
1625 1166 1883 1220 abbatem
1925 1162 2111 1216 Pime-

511 1273 668 1326 nium
683 1265 1058 1329 veniret,vidit
1079 1279 1207 1317 eum
1226 1276 1393 1314 senex
1406 1257 1706 1312 habentem
1721 1252 2106 1323 cogitationes,

512 1367 569 1416 et
610 1359 752 1413 dixit
779 1357 828 1410 ei
868 1375 878 1409 :
924 1356 1060 1408 Ecce
1105 1353 1428 1421 frequenter
1465 1346 1617 1401 venis
1659 1343 1731 1398 ad
1771 1359 1859 1395 me
1900 1339 2112 1394 habens

511 1447 960 1521 cogitationes,et
985 1443 1062 1496 sic
1091 1441 1294 1495 iterum
1319 1453 1539 1491 remeas
1558 1434 1755 1496 tristis,
1783 1438 1968 1485 tecum
1989 1429 2112 1482 illas

511 1518 741 1612 portans
777 1554 787 1589 :
822 1535 910 1589 dic
935 1549 1091 1602 ergo,
1125 1530 1206 1584 ﬁli
1234 1529 1331 1595 mi,
1356 1525 1489 1598 quid
1516 1531 1600 1578 est
1629 1521 1776 1593 quod
1807 1519 1976 1574 habes
1997 1518 2020 1571 ?
2042 1520 2115 1571 At

514 1609 618 1683 ille
635 1627 808 1682 dixit:
845 1626 906 1678 In
937 1619 1288 1692 blasphemia
1315 1618 1611 1686 impugnat
1635 1629 1726 1666 me
1751 1609 2027 1673 diabolus,
2058 1613 2114 1660 et

513 1717 778 1774 erubesco
809 1714 1012 1767 dicere.
1047 1711 1116 1764 Et
1146 1725 1272 1762 mox
1296 1712 1360 1761 ut
1399 1703 1622 1776 aperuit
1657 1716 1906 1763 causam,
1939 1697 2116 1751 levior

2190 532 2408 586 obviam
2451 531 2539 598 ei;
2584 539 2641 586 et
2668 533 3054 604 unusquisque
3104 549 3333 604 sperans
3371 535 3509 604 quod
3535 538 3663 607 apud
3687 556 3735 593 se

2191 624 2464 684 maneret,
2497 616 2851 688 przeparabat
2893 635 2969 671 se.
3027 618 3094 671 Et
3141 619 3234 671 ille
3262 619 3538 689 requirens
3571 622 3736 677 cellam

2191 707 2496 777 Theopisti,
2532 707 2602 761 ad
2633 723 2763 760 eum
2787 707 3066 777 profectus
3086 713 3192 760 est.
3224 708 3466 779 Cumque
3491 725 3605 762 cum
3629 727 3740 780 gau-

2193 796 2284 850 dio
2306 796 2464 849 illum
2496 796 2850 866 suscepisset,
2886 803 2943 850 et
2962 801 3152 850 essent
3169 803 3399 867 uterque
3422 797 3534 862 soli,
3563 799 3679 854 dicit
3699 801 3740 854 ei

2195 884 2367 938 abbas
2395 885 2672 939 Macarius
2696 898 2707 932 :
2729 886 3219 948 Quemadmodum
3236 891 3416 940 tecum
3437 893 3532 952 est,
3565 887 3740 942 frater?

2194 976 2268 1028 At
2296 975 2389 1028 ille
2418 975 2706 1045 respondit
2731 993 2742 1027 :
2767 976 2998 1029 Interim
3024 975 3368 1030 orationibus
3382 977 3487 1030 tuis
3514 975 3636 1031 bene
3653 984 3738 1033 est.

2195 1064 2264 1118 Et
2287 1079 2454 1118 senex
2480 1064 2558 1116 ait
2584 1082 2594 1117 :
2623 1064 2749 1117 Non
2771 1068 2825 1117 te
2851 1064 3742 1135 impugnantﬁﬁﬁcogitationes?

2192 1154 2267 1205 At
2311 1152 2405 1205 ille
2446 1152 2527 1206 ait
2559 1171 2570 1205 :
2614 1152 2839 1207 Interea
2868 1152 3010 1206 bene
3039 1170 3185 1206 sum.
3236 1152 3591 1208 Erubescebat
3623 1155 3742 1209 enim

2194 1241 2397 1296 dicere.
2436 1243 2505 1295 Et
2535 1241 2672 1295 dicit
2701 1242 2752 1295 ei
2784 1259 2952 1296 senex
2988 1261 2998 1295 :
3037 1243 3174 1296 Ecce
3205 1249 3341 1313 quot
3375 1243 3528 1297 annis
3565 1261 3672 1297 sum
3697 1245 3743 1298 in

2195 1331 2517 1397 solitudine,
2551 1337 2609 1384 et
2635 1330 2705 1385 ab
2735 1331 2992 1385 omnibus
3021 1331 3267 1385 honoror
3289 1350 3302 1397 ;
3327 1339 3381 1384 et
3403 1331 3460 1385 in
3480 1332 3573 1384 hac
3591 1335 3743 1398 etate,

2200 1438 2327 1475 cum
2344 1420 2449 1474 sim
2467 1437 2653 1485 senex,
2671 1422 2923 1474 molestae
2943 1426 3076 1475 sunt
3093 1421 3237 1474 mihi
3265 1421 3745 1490 cogitationes.Res-

2196 1511 2394 1581 pondit
2416 1509 2772 1580 Theopistus,
2799 1517 2857 1564 et
2884 1511 2966 1564 ait
2993 1530 3004 1564 :
3041 1510 3240 1576 Crede,
3261 1510 3420 1576 abba,
3449 1510 3681 1580 quoniam
3699 1517 3743 1564 et

2196 1599 2355 1652 mihi.
2379 1599 2536 1653 Tunc
2556 1615 2725 1652 senex
2741 1598 2990 1669 singulas
3029 1599 3397 1669 cogitationes
3417 1599 3564 1668 quasi
3589 1615 3639 1652 se
3663 1600 3745 1652 im-

2195 1693 2512 1760 pugnantes
2540 1686 2806 1756 ﬁngebat,
2823 1703 3115 1758 usquequo
3137 1690 3491 1742 conﬁteretur
3504 1688 3576 1740 illi
3591 1693 3740 1740 totum

515 1809 638 1878 ejus
666 1801 1017 1875 impugnatio
1065 1797 1344 1870 apparuit.
1496 1791 1637 1846 dixit
1683 1790 1734 1844 ei
1781 1803 1952 1842 senex
1985 1805 1996 1839 ε
2030 1786 2114 1839 Ne
2139 1765 2547 1872 B'I‘beopistus.
2577 1771 2711 1825 Post
2735 1772 2854 1825 hinc
2884 1773 3026 1826 dixit
3053 1790 3220 1827 senex
3255 1791 3267 1826 :
3311 1773 3742 1836 Quemadmodum

515 1892 883 1958 contristeris,
903 1891 981 1944 ﬁli
1006 1908 1018 1943 :
1044 1887 1267 1959 quando
1290 1883 1440 1939 enim
1454 1882 1572 1936 haec
1586 1878 1851 1949 cogitatio
1865 1876 2039 1930 adven
2049 1873 2110 1939 it,

515 1986 604 2040 dic
629 2004 639 2038 :
663 1985 778 2054 Ego
799 1983 902 2035 hac
922 1994 1090 2034 causa
1110 1993 1250 2048 opus
1268 1991 1380 2028 non
1401 1971 1579 2026 habeo
1605 1989 1616 2023 :
1637 1964 1989 2037 blasphemia
2017 1968 2117 2016 tua

517 2068 686 2147 SUper
704 2078 760 2126 te
773 2071 865 2132 sit,
887 2071 1143 2124 Satanas.
1179 2066 1336 2119 Hanc
1359 2061 1509 2116 enim
1538 2073 1764 2113 causam
1787 2054 1976 2109 anima
2003 2067 2116 2106 non

518 2165 639 2220 vult
670 2181 680 2216 :
715 2173 1109 2233 quamcunque
1132 2169 1356 2209 causam
1378 2150 1568 2204 anima
1597 2145 1858 2211 noluerit,
1887 2158 2000 2197 non
2020 2140 2118 2194 diu

514 2250 886 2327 permanebit.
919 2249 988 2302 Et
1015 2246 1092 2300 ita
1125 2245 1298 2298 frater
1328 2241 1420 2295 ille
1451 2236 1723 2292 discessit.

583 2343 637 2398 6.
673 2340 831 2395 Dixit
849 2337 1020 2392 abbas
1055 2335 1273 2406 Moyses
1305 2350 1316 2384 :
1355 2330 1462 2384 Per
1483 2329 1583 2381 has
1615 2329 1857 2396 quatuor
1881 2338 1969 2375 res
1999 2320 2115 2391 pol-

515 2431 748 2490 lutionis
778 2427 961 2501 passio
990 2424 1244 2496 gignitur
1275 2440 1285 2474 :
1333 2436 1432 2491 per
1461 2413 1864 2471 abundantiam
1892 2426 2030 2464 escae
2059 2413 2118 2462 et

517 2530 700 2598 potus,
735 2526 793 2574 et
817 2517 1135 2572 satietatem
1165 2509 1366 2577 somni,
1399 2524 1501 2578 per
1530 2505 1708 2560 otium
1737 2507 1794 2555 et
1817 2502 2026 2570 jocum,
2061 2501 2119 2551 et

516 2586 730 2664 ornatis
757 2604 1004 2661 vestibus
1031 2599 1338 2656 incedendo
1365 2598 1554 2668 (Rulli,
1589 2598 1625 2648 l.
1657 2607 1740 2658 III,
1777 2607 1834 2644 η.
1868 2586 1980 2652 58).

540 2770 544 2773 π
590 2701 641 2755 7.
667 2699 820 2752 Idem
838 2694 1006 2748 dixit:
1029 2693 1321 2760 Corporeee
1335 2686 1524 2739 multa)
1545 2687 1679 2736 sunt
1698 2679 2005 2751 passiones.
2049 2678 2118 2732 Et

503 2770 655 2858 ‘dicit
680 2786 732 2841 ei
761 2785 968 2838 frater:
997 2781 1065 2835 Et
1107 2795 1228 2850 quae
1255 2781 1404 2842 sunt,
1433 2771 1612 2827 abba?
1658 2769 1844 2825 Atille
1883 2782 2117 2838 respon-

518 2879 602 2932 dit
630 2895 640 2929 :
677 2875 820 2940 Quia
842 2871 1050 2928 Paulus
1075 2867 1361 2939 apostolus
1390 2863 1526 2918 dicit
1551 2880 1561 2914 :
1596 2858 1912 2915 Fornicatio
1934 2862 1991 2910 et
2006 2855 2116 2910 im-

520 2964 818 3030 munditia,
849 2962 939 3016 vel
969 2958 1152 3015 omnis
1180 2954 1455 3027 cupiditas
1486 2968 1588 3006 nec
1608 2949 1930 3004 nominetur
1949 2945 2008 2999 in
2033 2961 2118 2999 vo-

519 3057 624 3123 bis,
657 3055 801 3110 sicut
835 3053 996 3106 decet
1015 3053 1236 3122 sanctos
1278 3044 1486 3113 (Ephes.
1521 3043 1602 3110 v);
1634 3039 1784 3092 visus
1809 3052 2031 3108 quoque
2062 3038 2119 3088 et

519 3146 725 3200 ﬁducia
743 3144 1065 3213 frequenter
1075 3138 1144 3192 ad
1166 3135 1415 3208 praelium
1432 3131 1682 3186 veniunt.

588 3233 642 3291 8.
671 3212 856 3288 Abbas
876 3229 1154 3286 Macarius
1178 3223 1455 3279 referebat
1474 3219 1622 3291 quod
1643 3235 1772 3272 cum
1791 3212 2115 3269 maneretin

519 3326 617 3380 illa
667 3320 969 3378 solitudine
1023 3316 1120 3372 ubi
1175 3314 1327 3368 solus
1358 3308 1639 3365 residebat
1686 3308 1868 3376 (Ra/[2,
1904 3305 1998 3358 lib.
2034 3315 2119 3368 III,

521 3433 578 3470 η.
607 3413 702 3482 6|;
738 3416 943 3479 Pelag.,
975 3409 1145 3463 libetl.
1176 3417 1333 3467 xvul,
1366 3417 1522 3455 num.
1554 3397 1626 3467 9),
1662 3394 1895 3450 inferius
1925 3397 2118 3446 autem

518 3505 626 3559 fuit
653 3481 832 3557 altera
859 3496 1121 3560 solitudo,
1139 3511 1261 3565 qua:
1290 3491 1456 3562 plena
1475 3492 1597 3542 erat
1615 3483 1806 3540 multis
1829 3481 2114 3547 fratribus,

522 3611 646 3650 sero
677 3608 778 3665 per
808 3591 956 3644 viam
987 3581 1462 3654 circumspiciens,
1505 3576 1644 3630 vidit
1675 3574 1984 3665 daemonem
2029 3586 2117 3623 ve-

522 3645 638 3650 ”’“⁷
678 3645 696 3665 ι
731 3645 737 3646 “
1232 3645 1250 3654 .-

520 3684 770 3738 nientem
803 3680 860 3734 in
907 3678 1090 3747 ﬁgura
1131 3669 1376 3727 hominis
1424 3665 1688 3721 vestitum
1737 3645 1888 3716 linea
1926 3657 2120 3714 tunica

519 3772 827 3844 perforata;
861 3771 919 3821 et
945 3782 1045 3836 per
1067 3761 1290 3830 singula
1318 3755 1593 3810 foramina
1619 3768 1752 3806 vasa
1780 3766 1953 3822 parva
1979 3764 2118 3820 pen-

520 3838 748 3923 dabant,
780 3862 838 3911 et
865 3854 1007 3909 dixit
1036 3853 1087 3906 ei
1126 3865 1295 3904 senex
1329 3866 1340 3901 :
1373 3847 1494 3909 Quo
1525 3842 1697 3907 vadis,
1731 3839 2009 3908 maligne?
2052 3838 2122 3891 Et

522 3945 812 4020 respondit
833 3945 885 3998 ei
915 3962 927 3996 :
961 3941 1118 3997 Vado
1141 3950 1496 3992 commonere
1526 3933 1730 3986 fratres
1755 3929 1850 4000 qui
1880 3931 2011 3982 sunt
2039 3926 2120 3980 in-

519 4019 714 4094 ferius.
741 4035 838 4090 Ait
855 4048 1023 4088 senex
1051 4048 1062 4083 :
1085 4029 1153 4083 Et
1171 4030 1400 4099 propter
1415 4023 1548 4094 quid
1571 4026 1652 4076 tot
1679 4019 1902 4073 vascula
1931 4022 2115 4070 tecum

520 4128 677 4183 fers?
707 4128 781 4180 At
808 4124 900 4178 ille
937 4120 1077 4175 dixit
1103 4137 1112 4171 :
1139 4118 1379 4172 Gustum
1430 4112 1546 4167 fero
1576 4109 1870 4175 fratribus;
1905 4112 1962 4160 et
1989 4105 2114 4159 ideo

518 4223 681 4275 tanta
698 4216 836 4281 fero,
851 4217 916 4266 ut
936 4211 982 4265 si
1001 4224 1176 4264 unum
1196 4222 1308 4260 non
1333 4198 1915 4275 placuerit,porrigam
1937 4193 2111 4260 aliud;

519 4307 670 4380 quod
691 4306 737 4359 si
751 4311 808 4358 et
833 4300 972 4356 illud
1002 4293 1371 4368 displicuerit,
1408 4289 1700 4345 ostendam
1731 4286 1918 4349 aliud;
1951 4290 2008 4338 et
2035 4283 2113 4337 sic

520 4374 644 4454 fieri
672 4410 785 4450 non
814 4394 1016 4463 potest,
1051 4386 1160 4441 nisi
1211 4399 1388 4438 unum
1419 4378 1630 4450 aliquid
1659 4394 1725 4430 ex
1754 4375 1864 4429 illis
1895 4374 2115 4445 placeat

2192 1861 2453 1932 jejunas?
2472 1862 2547 1915 At
2565 1861 2657 1915 ille
2681 1860 2858 1914 dixit:
2897 1863 3084 1934 Usque
3111 1862 3182 1916 ad
3209 1879 3432 1917 nonam.
3451 1862 3585 1916 Dicit
3609 1862 3651 1916 ei
3677 1878 3743 1915 se-

2198 1967 2306 2004 nex
2329 1969 2340 2002 :
2364 1951 2569 2018 Jejuna
2584 1967 2762 2021 usque
2782 1951 2853 2005 ad
2868 1969 3178 2023 vesperam,
3212 1960 3271 2007 et
3302 1953 3370 2006 de
3391 1951 3663 2022 Evangelia
3675 1953 3742 2005 vel

2199 2038 2268 2092 de
2306 2038 2432 2091 aliis
2463 2038 2785 2109 Scripturis,
2827 2039 2949 2093 sine
2997 2040 3310 2094 cessatione
3338 2056 3548 2110 semper
3571 2037 3742 2109 aliquid

2200 2127 2477 2181 meditare
2510 2145 2520 2179 ε
2555 2134 2613 2181 et
2642 2127 2859 2198 quoties
2887 2128 2990 2182 tibi
3018 2129 3211 2200 aliqua
3239 2129 3497 2200 cogitatio
3522 2144 3740 2200 superi-e-

2203 2217 2364 2282 nerit,
2379 2233 2670 2288 nunquam
2689 2217 2950 2272 deorsum
2973 2219 3230 2289 aspicias,
3259 2220 3357 2273 sed
3372 2235 3577 2273 sursum
3595 2218 3742 2272 oculos
3805 2261 3810 2264 .

2197 2307 2380 2361 cordis
2410 2308 2656 2372 intende,
2683 2314 2741 2362 et
2759 2324 2886 2362 mox
2907 2308 3185 2362 Dominus
3206 2309 3275 2362 ad
3278 2311 3432 2380 jutor
3449 2308 3546 2362 tibi
3567 2307 3672 2362 erit.
3693 2306 3744 2360 Et

2198 2396 2279 2450 ita
2309 2397 2564 2451 discessit
2593 2397 2664 2450 ad
2694 2397 2980 2469 propriam
3020 2399 3400 2452 solitudinem.
3445 2399 3509 2452 Et
3549 2397 3662 2450 dum
3683 2396 3743 2448 in-

2200 2486 2424 2540 sisteret
2447 2486 2707 2554 orationi,
2741 2487 3194 2558 circumspiciens
3229 2487 3393 2553 viam,
3425 2488 3612 2540 iterum
3637 2484 3742 2538 vidit

2199 2576 2511 2630 daemonem
2535 2576 2817 2643 eumdem,
2838 2582 2894 2629 et
2912 2577 3152 2647 requirit
3173 2593 3308 2631 eum
3333 2595 3343 2630 :
3370 2576 3485 2640 Quo
3513 2575 3742 2629 vadith

2199 2664 2279 2718 illi
2305 2665 2475 2719 simili
2506 2666 2690 2721 modo.
2708 2665 2911 2720 fratres
2931 2683 3310 2733 commonere,
3331 2664 3612 2736 respondit.
3634 2663 3742 2715 Cum

2201 2760 2391 2809 autem
2415 2760 2809 2822 reverteretur,
2831 2755 3198 2826 interrogavit
3229 2751 3360 2810 eum
3373 2771 3529 2810 senex
3551 2772 3562 2806 :
3582 2753 3745 2816 Quem-

2200 2844 2504 2898 admodum
2557 2861 2705 2900 nunc
2741 2861 2804 2899 se
2840 2844 3052 2899 habent
3086 2845 3338 2899 fratres?
3383 2846 3455 2898 At
3479 2843 3564 2896 ille
3590 2839 3738 2894 dixit:

2198 2934 2362 3000 Male,
2399 2934 2663 3005 quoniam
2694 2951 2888 2988 omnes
2917 2941 3168 3005 agrestes
3196 2934 3379 2989 effecti
3398 2938 3537 2991 sunt,
3562 2926 3746 3000 etquod

2200 3021 2270 3076 de
2295 3023 2556 3078 omnibus
2588 3025 2747 3094 pejus
2779 3030 2881 3091 est,
2914 3041 3091 3078 unum
3130 3041 3304 3095 quem
3349 3022 3512 3077 habui
3546 3020 3745 3074 amicum

2133 3128 2176 3188 ί]
2201 3112 2555 3167 obedientem
2586 3114 2746 3178 mihi,
2789 3119 2846 3168 et
2898 3114 3016 3184 ipse
3057 3114 3252 3168 nescio
3294 3113 3446 3168 unde
3474 3124 3741 3172 conversus,

2201 3202 2460 3257 omnibus
2488 3203 2739 3273 asperior
2768 3210 2883 3269 est;
2908 3209 2965 3257 et
2976 3203 3161 3273 juravi
3192 3219 3288 3256 me
3311 3219 3420 3257 non
3447 3201 3742 3254 calcatumm

2203 3291 2364 3345 illum
2393 3292 2597 3354 locum,
2639 3292 2749 3346 nisi
2777 3298 2903 3364 post
2928 3293 3168 3346 multum
3203 3298 3446 3363 tempus.
3477 3290 3539 3344 Et
3569 3288 3668 3342 llch
3687 3283 3750 3338 di-

2205 3397 2355 3446 cens,
2389 3381 2660 3435 discessit.

2271 3471 2323 3525 9.
2353 3470 2727 3541 Interrogavit
2767 3470 2996 3541 quidam
3026 3469 3201 3525 frater
3232 3488 3399 3543 super
3427 3465 3747 3539 cogitationes

2200 3577 2331 3614 suas
2360 3559 2619 3614 abbatem
2649 3560 2985 3615 Pimenium.
3016 3561 3086 3615 Et
3112 3561 3404 3632 respondit
3432 3571 3584 3613 senex
3608 3575 3620 3608 :
3647 3553 3744 3608 Mo-

2203 3649 2414 3704 nachus
2430 3649 2476 3703 si
2496 3654 2766 3715 ventrem,
2784 3655 2840 3703 et
2859 3649 3159 3713 luxuriam,
3180 3655 3239 3704 et
3261 3650 3503 3720 linguam
3516 3640 3741 3705 renuerit,

2203 3744 2259 3794 et
2274 3739 2628 3810 vagationem
2653 3755 2766 3794 non
2793 3739 2965 3794 fuerit
2990 3745 3258 3806 sectatus,
3285 3738 3494 3793 conﬁdo
3521 3734 3635 3806 quia
3657 3745 3746 3785 non

2203 3829 2494 3896 morietur,
2528 3829 2627 3883 sed
2640 3829 2788 3883 vivet
2803 3829 2859 3882 in
2879 3835 3216 3900 perpetuum
3238 3831 3416 3898 (Ra/[1,
3451 3817 3742 3891 l.111,n.6'2;

2201 3921 2419 3987 Pelag.,
2456 3920 2624 3974 libell.
2659 3937 2711 3986 v,
2745 3936 2804 3972 n.
2839 3916 2915 3989 9).

2272 4007 2358 4064 10.
2383 4009 2504 4062 Duo
2536 4008 2736 4062 fratres
2757 4009 2830 4062 ad
2867 4007 3127 4062 abbatem
3154 4008 3336 4062 Eliam
3365 4007 3634 4064 venerunt,
3667 3997 3747 4050 im-

2198 4097 2434 4168 pugnati
2460 4098 2936 4168 acogitationibus
2954 4101 3111 4168 (Ra/7‘.
3133 4102 3172 4152 ι.
3206 4113 3289 4162 III,
3318 4113 3374 4150 η.
3395 4093 3497 4164 64).
3515 4089 3736 4146 Etvidens

2198 4203 2291 4240 eos
2310 4203 2496 4254 senex,
2525 4188 2672 4259 quod
2711 4188 3022 4259 corpulenti
3043 4194 3251 4254 essent,
3274 4193 3531 4256 tanquam
3566 4179 3626 4233 ad
3650 4176 3738 4230 dis-

2197 4277 2445 4348 cipulum
2476 4295 2640 4332 suum
2677 4277 2990 4346 subridens,
3024 4277 3166 4332 dixit
3195 4295 3205 4330 :
3248 4277 3408 4341 Vere,
3456 4274 3627 4332 frater,
3655 4279 3736 4334 ego

2197 4367 2460 4422 erubesco
2489 4385 2589 4440 pro
2618 4374 2693 4435 te,
2728 4368 2861 4439 quia
2888 4368 2968 4422 sic
3004 4368 3062 4421 in
3104 4367 3304 4438 sagina
3339 4360 3549 4419 nutristi
3574 4369 3737 4426 corpus

520 4445 644 4454 -.-η
815 4445 834 4463 ι
1007 4445 1016 4454 ,
1512 4445 1532 4450 _

520 4489 619 4543 eis.
654 4487 723 4540 Et
748 4484 869 4537 haec
892 4479 1100 4544 dicens,
1134 4471 1408 4529 discessit.
1449 4465 1770 4523 Permansit
1798 4469 1989 4517 autem
2020 4478 2104 4516 se-
2127 4450 2178 4508 D
2195 4462 2356 4512 tuum
2380 4477 2390 4512 :
2417 4459 2551 4528 quia
2570 4475 2697 4512 esca
2724 4457 2999 4512 vermium
3017 4473 3232 4523 sumus,
3258 4473 3386 4511 cum
3402 4445 3738 4524 profiteariste

519 4594 629 4633 nex
658 4575 717 4629 in
744 4571 941 4627 eodem
964 4568 1101 4632 loco,
1123 4565 1328 4618 iterum
1348 4558 1609 4631 perviam
1637 4550 2111 4622 circumspiciens,

516 4678 808 4738 usquequo
838 4660 1057 4713 daemon
1085 4652 1294 4708 rediret
1322 4654 1380 4702 et
1415 4649 1772 4716 cognosceret
1819 4657 1941 4711 qua:
1969 4640 2116 4694 indi-

520 4729 690 4812 caret.
716 4729 790 4807 Iit
817 4765 945 4804 cum
974 4743 1204 4808 rediret,
1244 4737 1382 4810 dixit
1417 4736 1468 4790 ei
1509 4753 1520 4787 :
1557 4733 1753 4788 Salvus
1779 4731 1874 4785 sis.
1908 4731 1979 4783 At
2022 4729 2116 4783 ille

519 4842 812 4916 respondit
843 4859 853 4893 :
890 4835 1036 4902 Quid
1069 4830 1209 4887 mihi
1254 4827 1407 4883 istud
1444 4823 1695 4889 verbum,
1749 4821 1880 4892 quia
1923 4835 2116 4873 omnes

521 4933 660 4990 mihi
680 4926 946 4986 contrarii
975 4921 1109 4978 facti
1127 4923 1278 4985 sunt,
1300 4922 1356 4971 et
1376 4915 1562 4970 nullus
1583 4910 1829 4966 consiliis
1859 4909 2000 4962 meis
2029 4924 2116 4963 ac-

524 5018 796 5096 quiescit?
824 5015 977 5071 Dixit
1004 5012 1055 5066 ei
1081 5026 1248 5065 senex
1278 5026 1290 5061 :
1324 5007 1470 5075 Ergo
1502 5000 1788 5056 neminem
1828 4997 1908 5051 ibi
1944 4996 2116 5051 habes

523 5086 805 5167 amicum?
837 5107 912 5160 At
937 5103 1031 5157 ille
1060 5096 1352 5171 respondit
1381 5113 1392 5148 :
1425 5094 1610 5148 Unum
1638 5088 1818 5143 habeo
1851 5086 2112 5154 amicum,

521 5204 639 5275 ipse
668 5195 806 5252 mihi
825 5190 1120 5248 consentit.
1143 5189 1212 5242 Et
1234 5184 1451 5258 quoties
1474 5179 1676 5234 viderit
1699 5193 1790 5232 me
1813 5177 1921 5230 huc
1949 5180 2118 5247 atque

522 5266 672 5356 illuc,
706 5286 818 5340 cito
843 5279 1186 5336 convertitur
1215 5276 1286 5329 ad
1319 5290 1408 5327 me
1437 5271 1590 5325 velut
1611 5274 1830 5322 ventus.
1865 5266 2118 5335 Cumque

522 5350 730 5436 nomen
753 5371 876 5441 ejus
907 5365 976 5419 ab
1006 5380 1070 5417 eo
1097 5358 1404 5432 requisivit;
1421 5355 1561 5411 dixit
1585 5376 1595 5408 :
1616 5352 1761 5416 Quia
1782 5350 2118 5421 Theopistus

521 5439 796 5540 [Rufﬁngi
834 5457 1287 5525 Theopemptus;
1330 5451 1533 5515 Petag.,
1565 5440 1941 5510 Theoctistus]
1979 5439 2117 5493 dici-

522 5529 737 5615 turaEt
774 5563 902 5604 mox
931 5541 1174 5599 evanuit.
1228 5539 1547 5605 Exsurgens
1587 5532 1778 5602 itaque
1823 5529 2118 5584 confestim

522 5645 694 5707 abbas
718 5636 1017 5706 Macarius,
1048 5627 1335 5691 descendit
1363 5625 1434 5683 ad
1475 5621 1799 5681 inferiorem
1841 5635 2113 5677 eremum.

2199 4564 2320 4601 esse
2342 4548 2677 4602 monachum
2698 4566 2710 4614 ;
2736 4548 2916 4618 pallor
2933 4547 3083 4600 enim
3096 4563 3227 4600 cum
3244 4544 3563 4604 humilitate,
3587 4543 3635 4590 et
3650 4547 3738 4586 ma-

2198 4636 2327 4702 cies,
2343 4637 2512 4691 decus
2534 4643 2617 4691 est
2639 4637 2917 4691 monachi.
2954 4637 3096 4690 Item
3117 4635 3258 4689 dixit
3281 4654 3292 4688 :
3321 4632 3459 4696 Quia
3480 4624 3738 4684 monachus

2199 4727 2368 4780 edens
2397 4727 2658 4791 multum,
2699 4731 2757 4780 et
2779 4742 3017 4797 operans
3049 4725 3313 4789 multum,
3353 4738 3460 4777 non
3501 4713 3735 4774 conﬁdat;

2200 4815 2294 4886 qui
2319 4820 2509 4870 autem
2547 4832 2748 4887 parum
2781 4816 2915 4881 edit,
2968 4814 3138 4870 etiam
3169 4815 3217 4869 si
3260 4828 3456 4885 parum
3499 4806 3736 4879 operetur,

2198 4904 2445 4959 confidat
2467 4911 2524 4960 et
2551 4911 2685 4976 agat
2705 4905 2955 4960 viriliter.

2827 4994 3061 5049 CAPUT
3097 4994 3167 5048 II.

2201 5082 2406 5138 Contra
2420 5085 2855 5153 philargyriam,
2877 5085 3000 5138 etde
3022 5085 3263 5153 perfecta
3283 5075 3732 5136 abrenuntiationt.

2276 5178 2323 5226 1.
2352 5173 2590 5237 Quidam
2611 5174 2835 5244 juvenis
2877 5172 3098 5228 volebat
3134 5171 3522 5227 abrenuntiare
3563 5156 3733 5218 mundo

2203 5262 2360 5330 (Buff.
2394 5266 2526 5327 Lm,
2561 5280 2618 5317 η.
2652 5263 2751 5332 67;
2790 5266 2994 5332 Pelag.,
3034 5265 3205 5317 libell.
3239 5277 3353 5327 x1v,
3397 5276 3450 5312 η.
3480 5256 3552 5326 4),
3581 5258 3628 5305 et
3653 5247 3735 5301 fre-

2201 5357 2438 5422 quenter
2462 5369 2590 5407 eum
2622 5369 2909 5423 egressum
2933 5352 3002 5407 de
3026 5352 3189 5406 domo
3219 5367 3320 5405 sua
3336 5344 3639 5404 revocabant
3659 5349 3731 5389 οο·

2197 5441 2499 5510 gitationes
2525 5443 2867 5497 involventes
2896 5441 3152 5513 plurimis
3173 5439 3440 5510 negotiis;
3471 5437 3580 5489 erat
3613 5424 3730 5513 enilf

2199 5509 2352 5584 dives
2380 5532 2557 5586 valde.
2589 5533 2710 5587 Uno
2754 5532 2842 5586 die
2882 5509 3106 5603 egresso
3147 5547 3230 5596 eo,
3253 5509 3467 5582 ihostes
3502 5509 3730 5577 immundi

2199 5619 2692 5680 circumdederunt
2717 5639 2866 5692 eum,
2893 5627 2952 5679 et
2977 5622 3218 5681 multum
3263 5619 3533 5694 pulverem
3568 5603 3729 5665 excit-3-
