  <div class='ocr_page' id='page_1' title='image "/cluster/home/n/w/nwhite01/storage/ocr_20150623/73/hvd.32044054758776/520.png"; bbox 0 0 3976 6186; ppageno 0'>
   <div class='ocr_carea' id='block_1_1' title="bbox 319 298 464 356">
    <p class='ocr_par' dir='ltr' id='par_1_1' title="bbox 319 298 464 356">
     <span class='ocr_line' id='line_1_1' title="bbox 319 298 464 356; baseline 0.014 -1"><span class='ocrx_word' id='word_1_1' title='bbox 319 298 464 356; x_wconf 74' lang='grc'>1029</span> 
     </span>
    </p>
   </div>
   <div class='ocr_carea' id='block_1_2' title="bbox 1621 287 2290 354">
    <p class='ocr_par' dir='ltr' id='par_1_2' title="bbox 1621 287 2290 354">
     <span class='ocr_line' id='line_1_2' title="bbox 1621 287 2290 354; baseline -0.004 0"><span class='ocrx_word' id='word_1_2' title='bbox 1621 288 1862 354; x_wconf 68' lang='lat' dir='ltr'>VERBA.</span> <span class='ocrx_word' id='word_1_3' title='bbox 1898 287 2290 351; x_wconf 81' lang='lat' dir='ltr'>SENIORUM.</span> 
     </span>
    </p>
   </div>
   <div class='ocr_carea' id='block_1_3' title="bbox 3462 302 3594 370">
    <p class='ocr_par' dir='ltr' id='par_1_3' title="bbox 3462 302 3594 370">
     <span class='ocr_line' id='line_1_3' title="bbox 3462 302 3594 370; baseline 0.008 -1"><span class='ocrx_word' id='word_1_4' title='bbox 3462 302 3594 370; x_wconf 77' lang='lat'><strong>[030</strong></span> 
     </span>
    </p>
   </div>
   <div class='ocr_carea' id='block_1_4' title="bbox 317 396 3595 498">
    <p class='ocr_par' dir='ltr' id='par_1_4' title="bbox 317 396 3595 498">
     <span class='ocr_line' id='line_1_4' title="bbox 317 396 3595 498; baseline 0.004 -17"><span class='ocrx_word' id='word_1_5' title='bbox 317 396 522 482; x_wconf 81' lang='lat' dir='ltr'>verunt</span> <span class='ocrx_word' id='word_1_6' title='bbox 543 430 675 482; x_wconf 85' lang='lat' dir='ltr'>ante</span> <span class='ocrx_word' id='word_1_7' title='bbox 702 426 882 482; x_wconf 90' lang='lat' dir='ltr'>illum.</span> <span class='ocrx_word' id='word_1_8' title='bbox 914 426 1016 482; x_wconf 85' lang='lat' dir='ltr'>Ille</span> <span class='ocrx_word' id='word_1_9' title='bbox 1042 442 1173 483; x_wconf 83' lang='lat' dir='ltr'>vero</span> <span class='ocrx_word' id='word_1_10' title='bbox 1202 426 1493 483; x_wconf 85' lang='lat' dir='ltr'>confestim</span> <span class='ocrx_word' id='word_1_11' title='bbox 1522 422 1836 497; x_wconf 86' lang='lat' dir='ltr'>exspolians</span> <span class='ocrx_word' id='word_1_12' title='bbox 1857 434 1916 476; x_wconf 88' lang='lat' dir='ltr'>se</span> <span class='ocrx_word' id='word_1_13' title='bbox 1933 416 2386 492; x_wconf 83' lang='lat' dir='ltr'>Acompunctus,</span> <span class='ocrx_word' id='word_1_14' title='bbox 2434 427 2492 477; x_wconf 91' lang='lat' dir='ltr'>et</span> <span class='ocrx_word' id='word_1_15' title='bbox 2527 418 2700 496; x_wconf 77' lang='lat' dir='ltr'>agens</span> <span class='ocrx_word' id='word_1_16' title='bbox 2739 426 3149 498; x_wconf 75' lang='lat' dir='ltr'>paenitentiam,</span> <span class='ocrx_word' id='word_1_17' title='bbox 3189 431 3370 491; x_wconf 82' lang='lat' dir='ltr'>factus</span> <span class='ocrx_word' id='word_1_18' title='bbox 3409 443 3495 493; x_wconf 86' lang='lat' dir='ltr'>est</span> <span class='ocrx_word' id='word_1_19' title='bbox 3536 443 3595 495; x_wconf 92' lang='lat' dir='ltr'>et</span> 
     </span>
    </p>
   </div>
   <div class='ocr_carea' id='block_1_5' title="bbox 318 508 1935 587">
    <p class='ocr_par' dir='ltr' id='par_1_5' title="bbox 318 508 1935 587">
     <span class='ocr_line' id='line_1_5' title="bbox 318 508 1935 587; baseline -0.003 -16"><span class='ocrx_word' id='word_1_20' title='bbox 318 522 376 571; x_wconf 89' lang='lat' dir='ltr'>et</span> <span class='ocrx_word' id='word_1_21' title='bbox 391 518 614 587; x_wconf 88' lang='lat' dir='ltr'>jactans</span> <span class='ocrx_word' id='word_1_22' title='bbox 639 515 970 571; x_wconf 89' lang='lat' dir='ltr'>vestimenta</span> <span class='ocrx_word' id='word_1_23' title='bbox 988 533 1109 583; x_wconf 88' lang='lat' dir='ltr'>sua,</span> <span class='ocrx_word' id='word_1_24' title='bbox 1135 516 1397 573; x_wconf 89' lang='lat' dir='ltr'>currebat</span> <span class='ocrx_word' id='word_1_25' title='bbox 1422 516 1607 571; x_wconf 87' lang='lat' dir='ltr'>nudus</span> <span class='ocrx_word' id='word_1_26' title='bbox 1635 514 1704 569; x_wconf 91' lang='lat' dir='ltr'>ad</span> <span class='ocrx_word' id='word_1_27' title='bbox 1725 508 1935 568; x_wconf 53' lang='lat' dir='ltr'>mena!</span> 
     </span>
    </p>
   </div>
   <div class='ocr_carea' id='block_1_6' title="bbox 315 604 1913 671">
    <p class='ocr_par' dir='ltr' id='par_1_6' title="bbox 315 604 1913 671">
     <span class='ocr_line' id='line_1_6' title="bbox 315 604 1913 671; baseline -0.001 -12"><span class='ocrx_word' id='word_1_28' title='bbox 315 606 574 659; x_wconf 88' lang='lat' dir='ltr'>sterium.</span> <span class='ocrx_word' id='word_1_29' title='bbox 607 605 924 660; x_wconf 82' lang='lat' dir='ltr'>Declaravit</span> <span class='ocrx_word' id='word_1_30' title='bbox 961 611 1151 661; x_wconf 90' lang='lat' dir='ltr'>autem</span> <span class='ocrx_word' id='word_1_31' title='bbox 1181 607 1331 661; x_wconf 87' lang='lat' dir='ltr'>Deus</span> <span class='ocrx_word' id='word_1_32' title='bbox 1363 605 1463 661; x_wconf 89' lang='lat' dir='ltr'>uni</span> <span class='ocrx_word' id='word_1_33' title='bbox 1492 604 1633 671; x_wconf 88' lang='lat' dir='ltr'>seni,</span> <span class='ocrx_word' id='word_1_34' title='bbox 1665 604 1857 658; x_wconf 90' lang='lat' dir='ltr'>dicens</span> <span class='ocrx_word' id='word_1_35' title='bbox 1897 618 1913 657; x_wconf 87' lang='lat'><strong>:</strong></span> 
     </span>
    </p>
   </div>
   <div class='ocr_carea' id='block_1_7' title="bbox 317 695 1913 767">
    <p class='ocr_par' dir='ltr' id='par_1_7' title="bbox 317 695 1913 767">
     <span class='ocr_line' id='line_1_7' title="bbox 317 695 1913 767; baseline -0.003 -17"><span class='ocrx_word' id='word_1_36' title='bbox 317 695 519 766; x_wconf 86' lang='lat' dir='ltr'>Surge.</span> <span class='ocrx_word' id='word_1_37' title='bbox 550 699 609 749; x_wconf 91' lang='lat' dir='ltr'>et</span> <span class='ocrx_word' id='word_1_38' title='bbox 656 695 877 767; x_wconf 86' lang='lat' dir='ltr'>suscipe</span> <span class='ocrx_word' id='word_1_39' title='bbox 917 696 1188 750; x_wconf 86' lang='lat' dir='ltr'>athletam</span> <span class='ocrx_word' id='word_1_40' title='bbox 1236 712 1444 750; x_wconf 88' lang='lat' dir='ltr'>meum.</span> <span class='ocrx_word' id='word_1_41' title='bbox 1494 696 1739 765; x_wconf 89' lang='lat' dir='ltr'>Surgens</span> <span class='ocrx_word' id='word_1_42' title='bbox 1779 708 1913 763; x_wconf 88' lang='lat' dir='ltr'>ergo</span> 
     </span>
    </p>
   </div>
   <div class='ocr_carea' id='block_1_8' title="bbox 315 783 1907 855">
    <p class='ocr_par' dir='ltr' id='par_1_8' title="bbox 315 783 1907 855">
     <span class='ocr_line' id='line_1_8' title="bbox 315 783 1907 855; baseline -0.001 -17"><span class='ocrx_word' id='word_1_43' title='bbox 315 800 507 851; x_wconf 89' lang='lat' dir='ltr'>senex,</span> <span class='ocrx_word' id='word_1_44' title='bbox 547 783 790 839; x_wconf 87' lang='lat' dir='ltr'>obviavit</span> <span class='ocrx_word' id='word_1_45' title='bbox 835 784 917 839; x_wconf 89' lang='lat' dir='ltr'>illi</span> <span class='ocrx_word' id='word_1_46' title='bbox 942 785 1126 851; x_wconf 89' lang='lat' dir='ltr'>nudo;</span> <span class='ocrx_word' id='word_1_47' title='bbox 1177 789 1232 840; x_wconf 91' lang='lat' dir='ltr'>et</span> <span class='ocrx_word' id='word_1_48' title='bbox 1272 800 1611 855; x_wconf 90' lang='lat' dir='ltr'>cognoscens</span> <span class='ocrx_word' id='word_1_49' title='bbox 1659 799 1907 845; x_wconf 88' lang='lat' dir='ltr'>causam.</span> 
     </span>
    </p>
   </div>
   <div class='ocr_carea' id='block_1_9' title="bbox 312 872 1907 941">
    <p class='ocr_par' dir='ltr' id='par_1_9' title="bbox 312 872 1907 941">
     <span class='ocr_line' id='line_1_9' title="bbox 312 872 1907 941; baseline -0.001 -14"><span class='ocrx_word' id='word_1_50' title='bbox 312 873 630 927; x_wconf 83' lang='lat' dir='ltr'>admiratus</span> <span class='ocrx_word' id='word_1_51' title='bbox 666 878 770 941; x_wconf 91' lang='lat' dir='ltr'>est,</span> <span class='ocrx_word' id='word_1_52' title='bbox 804 877 861 928; x_wconf 93' lang='lat' dir='ltr'>et</span> <span class='ocrx_word' id='word_1_53' title='bbox 885 873 1041 928; x_wconf 87' lang='lat' dir='ltr'>dedit</span> <span class='ocrx_word' id='word_1_54' title='bbox 1080 873 1161 927; x_wconf 92' lang='lat' dir='ltr'>illi</span> <span class='ocrx_word' id='word_1_55' title='bbox 1205 873 1462 929; x_wconf 90' lang='lat' dir='ltr'>habitum</span> <span class='ocrx_word' id='word_1_56' title='bbox 1500 872 1907 928; x_wconf 88' lang='lat' dir='ltr'>monachalem.</span> 
     </span>
    </p>
   </div>
   <div class='ocr_carea' id='block_1_10' title="bbox 318 961 1912 1033">
    <p class='ocr_par' dir='ltr' id='par_1_10' title="bbox 318 961 1912 1033">
     <span class='ocr_line' id='line_1_10' title="bbox 318 961 1912 1033; baseline -0.001 -17"><span class='ocrx_word' id='word_1_57' title='bbox 318 962 558 1026; x_wconf 87' lang='lat' dir='ltr'>Quando</span> <span class='ocrx_word' id='word_1_58' title='bbox 582 968 774 1017; x_wconf 89' lang='lat' dir='ltr'>autem</span> <span class='ocrx_word' id='word_1_59' title='bbox 803 962 978 1033; x_wconf 85' lang='lat' dir='ltr'>aliqui</span> <span class='ocrx_word' id='word_1_60' title='bbox 1000 962 1299 1018; x_wconf 86' lang='lat' dir='ltr'>veniebant</span> <span class='ocrx_word' id='word_1_61' title='bbox 1325 964 1395 1018; x_wconf 91' lang='lat' dir='ltr'>ad</span> <span class='ocrx_word' id='word_1_62' title='bbox 1412 979 1604 1019; x_wconf 91' lang='lat' dir='ltr'>senem</span> <span class='ocrx_word' id='word_1_63' title='bbox 1626 961 1912 1033; x_wconf 85' lang='lat' dir='ltr'>requirere</span> 
     </span>
    </p>
   </div>
   <div class='ocr_carea' id='block_1_11' title="bbox 312 1050 1912 1122">
    <p class='ocr_par' dir='ltr' id='par_1_11' title="bbox 312 1050 1912 1122">
     <span class='ocr_line' id='line_1_11' title="bbox 312 1050 1912 1122; baseline -0.001 -16"><span class='ocrx_word' id='word_1_64' title='bbox 312 1052 386 1106; x_wconf 90' lang='lat' dir='ltr'>de</span> <span class='ocrx_word' id='word_1_65' title='bbox 410 1050 841 1122; x_wconf 84' lang='lat' dir='ltr'>cogitationibus</span> <span class='ocrx_word' id='word_1_66' title='bbox 867 1052 1056 1118; x_wconf 91' lang='lat' dir='ltr'>variis,</span> <span class='ocrx_word' id='word_1_67' title='bbox 1087 1053 1405 1107; x_wconf 85' lang='lat' dir='ltr'>instruebat</span> <span class='ocrx_word' id='word_1_68' title='bbox 1426 1070 1521 1107; x_wconf 88' lang='lat' dir='ltr'>eos</span> <span class='ocrx_word' id='word_1_69' title='bbox 1541 1053 1609 1107; x_wconf 91' lang='lat' dir='ltr'>de</span> <span class='ocrx_word' id='word_1_70' title='bbox 1628 1051 1912 1106; x_wconf 89' lang='lat' dir='ltr'>abrenun-</span> 
     </span>
    </p>
   </div>
   <div class='ocr_carea' id='block_1_12' title="bbox 311 1140 1913 1219">
    <p class='ocr_par' dir='ltr' id='par_1_12' title="bbox 311 1140 1913 1219">
     <span class='ocr_line' id='line_1_12' title="bbox 311 1140 1913 1219; baseline -0.001 -24"><span class='ocrx_word' id='word_1_71' title='bbox 311 1140 551 1195; x_wconf 84' lang='lat' dir='ltr'>tiatione</span> <span class='ocrx_word' id='word_1_72' title='bbox 568 1141 873 1199; x_wconf 90' lang='lat' dir='ltr'>mundana.</span> <span class='ocrx_word' id='word_1_73' title='bbox 898 1147 954 1195; x_wconf 91' lang='lat' dir='ltr'>et</span> <span class='ocrx_word' id='word_1_74' title='bbox 971 1140 1195 1196; x_wconf 90' lang='lat' dir='ltr'>dicebat</span> <span class='ocrx_word' id='word_1_75' title='bbox 1218 1162 1231 1196; x_wconf 90' lang='lat'>:</span> <span class='ocrx_word' id='word_1_76' title='bbox 1264 1143 1431 1197; x_wconf 90' lang='lat' dir='ltr'>Illum</span> <span class='ocrx_word' id='word_1_77' title='bbox 1458 1142 1693 1196; x_wconf 79' lang='lat' dir='ltr'>fratrem</span> <span class='ocrx_word' id='word_1_78' title='bbox 1720 1140 1913 1219; x_wconf 66' lang='lat' dir='ltr'>requi-</span> 
     </span>
    </p>
   </div>
   <div class='ocr_carea' id='block_1_13' title="bbox 308 1229 1910 1305">
    <p class='ocr_par' dir='ltr' id='par_1_13' title="bbox 308 1229 1910 1305">
     <span class='ocr_line' id='line_1_13' title="bbox 308 1229 1910 1305; baseline 0.001 -21"><span class='ocrx_word' id='word_1_79' title='bbox 308 1229 442 1296; x_wconf 87' lang='lat' dir='ltr'>rite,</span> <span class='ocrx_word' id='word_1_80' title='bbox 476 1230 572 1301; x_wconf 91' lang='lat' dir='ltr'>qui</span> <span class='ocrx_word' id='word_1_81' title='bbox 596 1246 700 1284; x_wconf 91' lang='lat' dir='ltr'>nec</span> <span class='ocrx_word' id='word_1_82' title='bbox 723 1229 1053 1285; x_wconf 89' lang='lat' dir='ltr'>indumenta</span> <span class='ocrx_word' id='word_1_83' title='bbox 1083 1231 1170 1285; x_wconf 93' lang='lat' dir='ltr'>sui</span> <span class='ocrx_word' id='word_1_84' title='bbox 1198 1232 1446 1303; x_wconf 83' lang='lat' dir='ltr'>corporis</span> <span class='ocrx_word' id='word_1_85' title='bbox 1482 1231 1739 1305; x_wconf 78' lang='lat' dir='ltr'>servavit,</span> <span class='ocrx_word' id='word_1_86' title='bbox 1776 1230 1910 1302; x_wconf 83' lang='lat' dir='ltr'>quia</span> 
     </span>
    </p>
   </div>
   <div class='ocr_carea' id='block_1_14' title="bbox 310 1306 1908 1391">
    <p class='ocr_par' dir='ltr' id='par_1_14' title="bbox 310 1306 1908 1391">
     <span class='ocr_line' id='line_1_14' title="bbox 310 1306 1908 1391; baseline 0 -18"><span class='ocrx_word' id='word_1_87' title='bbox 310 1335 418 1390; x_wconf 85' lang='lat' dir='ltr'>ego</span> <span class='ocrx_word' id='word_1_88' title='bbox 438 1320 509 1373; x_wconf 89' lang='lat' dir='ltr'>ad</span> <span class='ocrx_word' id='word_1_89' title='bbox 530 1335 854 1375; x_wconf 83' lang='lat' dir='ltr'>mensuram</span> <span class='ocrx_word' id='word_1_90' title='bbox 879 1320 1313 1376; x_wconf 88' lang='lat' dir='ltr'>renuntiationis</span> <span class='ocrx_word' id='word_1_91' title='bbox 1333 1321 1495 1376; x_wconf 85' lang='lat' dir='ltr'>istius</span> <span class='ocrx_word' id='word_1_92' title='bbox 1523 1306 1761 1376; x_wconf 62' lang='lat' dir='ltr'>nécdum</span> <span class='ocrx_word' id='word_1_93' title='bbox 1777 1336 1908 1391; x_wconf 89' lang='lat' dir='ltr'>per-</span> 
     </span>
    </p>
   </div>
   <div class='ocr_carea' id='block_1_15' title="bbox 304 1408 955 1475">
    <p class='ocr_par' dir='ltr' id='par_1_15' title="bbox 304 1408 955 1475">
     <span class='ocr_line' id='line_1_15' title="bbox 304 1408 955 1475; baseline 0.003 -14"><span class='ocrx_word' id='word_1_94' title='bbox 304 1408 453 1463; x_wconf 79' lang='lat' dir='ltr'>veni.</span> <span class='ocrx_word' id='word_1_95' title='bbox 950 1470 955 1475; x_wconf 21' lang='lat'><strong><em>1</em></strong></span> 
     </span>
    </p>
   </div>
   <div class='ocr_carea' id='block_1_16' title="bbox 379 1497 1905 1571">
    <p class='ocr_par' dir='ltr' id='par_1_16' title="bbox 379 1497 1905 1571">
     <span class='ocr_line' id='line_1_16' title="bbox 379 1497 1905 1571; baseline -0.001 -15"><span class='ocrx_word' id='word_1_96' title='bbox 379 1498 434 1556; x_wconf 72' lang='grc'>2.</span> <span class='ocrx_word' id='word_1_97' title='bbox 469 1497 701 1553; x_wconf 86' lang='lat' dir='ltr'>Dicebat</span> <span class='ocrx_word' id='word_1_98' title='bbox 718 1504 907 1554; x_wconf 88' lang='lat' dir='ltr'>autem</span> <span class='ocrx_word' id='word_1_99' title='bbox 927 1500 1138 1555; x_wconf 89' lang='lat' dir='ltr'>Paulus</span> <span class='ocrx_word' id='word_1_100' title='bbox 1159 1499 1330 1555; x_wconf 87' lang='lat' dir='ltr'>abbas</span> <span class='ocrx_word' id='word_1_101' title='bbox 1351 1501 1549 1556; x_wconf 90' lang='lat' dir='ltr'>Galata</span> <span class='ocrx_word' id='word_1_102' title='bbox 1571 1519 1582 1554; x_wconf 91' lang='lat'><strong>:</strong></span> <span class='ocrx_word' id='word_1_103' title='bbox 1603 1501 1660 1556; x_wconf 88' lang='lat' dir='ltr'>Si</span> <span class='ocrx_word' id='word_1_104' title='bbox 1686 1499 1905 1571; x_wconf 87' lang='lat' dir='ltr'>aliquas</span> 
     </span>
    </p>
   </div>
   <div class='ocr_carea' id='block_1_17' title="bbox 302 1588 1907 1661">
    <p class='ocr_par' dir='ltr' id='par_1_17' title="bbox 302 1588 1907 1661">
     <span class='ocr_line' id='line_1_17' title="bbox 302 1588 1907 1661; baseline 0.001 -19"><span class='ocrx_word' id='word_1_105' title='bbox 302 1604 399 1642; x_wconf 87' lang='lat' dir='ltr'>res</span> <span class='ocrx_word' id='word_1_106' title='bbox 420 1588 660 1643; x_wconf 85' lang='lat' dir='ltr'>voluerit</span> <span class='ocrx_word' id='word_1_107' title='bbox 690 1590 995 1644; x_wconf 87' lang='lat' dir='ltr'>monachus</span> <span class='ocrx_word' id='word_1_108' title='bbox 1034 1589 1093 1643; x_wconf 89' lang='lat' dir='ltr'>in</span> <span class='ocrx_word' id='word_1_109' title='bbox 1123 1590 1263 1644; x_wconf 90' lang='lat' dir='ltr'>cella</span> <span class='ocrx_word' id='word_1_110' title='bbox 1300 1607 1403 1645; x_wconf 91' lang='lat' dir='ltr'>sua</span> <span class='ocrx_word' id='word_1_111' title='bbox 1449 1590 1655 1644; x_wconf 90' lang='lat' dir='ltr'>habere</span> <span class='ocrx_word' id='word_1_112' title='bbox 1701 1594 1907 1661; x_wconf 66' lang='lat' dir='ltr'>praeter</span> 
     </span>
    </p>
   </div>
   <div class='ocr_carea' id='block_1_18' title="bbox 302 1677 1904 1750">
    <p class='ocr_par' dir='ltr' id='par_1_18' title="bbox 302 1677 1904 1750">
     <span class='ocr_line' id='line_1_18' title="bbox 302 1677 1904 1750; baseline 0.001 -18"><span class='ocrx_word' id='word_1_113' title='bbox 302 1693 402 1732; x_wconf 86' lang='lat' dir='ltr'>eas</span> <span class='ocrx_word' id='word_1_114' title='bbox 422 1678 544 1732; x_wconf 89' lang='lat' dir='ltr'>sine</span> <span class='ocrx_word' id='word_1_115' title='bbox 575 1677 777 1749; x_wconf 90' lang='lat' dir='ltr'>quibus</span> <span class='ocrx_word' id='word_1_116' title='bbox 807 1695 920 1733; x_wconf 88' lang='lat' dir='ltr'>non</span> <span class='ocrx_word' id='word_1_117' title='bbox 951 1683 1140 1750; x_wconf 85' lang='lat' dir='ltr'>potest</span> <span class='ocrx_word' id='word_1_118' title='bbox 1165 1680 1368 1743; x_wconf 82' lang='lat' dir='ltr'>vivere,</span> <span class='ocrx_word' id='word_1_119' title='bbox 1402 1678 1727 1750; x_wconf 89' lang='lat' dir='ltr'>frequenter</span> <span class='ocrx_word' id='word_1_120' title='bbox 1749 1678 1904 1749; x_wconf 90' lang='lat' dir='ltr'>cogi-</span> 
     </span>
    </p>
   </div>
   <div class='ocr_carea' id='block_1_19' title="bbox 298 1767 1971 1840">
    <p class='ocr_par' dir='ltr' id='par_1_19' title="bbox 298 1767 1971 1840">
     <span class='ocr_line' id='line_1_19' title="bbox 298 1767 1971 1840; baseline 0.001 -19"><span class='ocrx_word' id='word_1_121' title='bbox 298 1771 401 1821; x_wconf 90' lang='lat' dir='ltr'>tur</span> <span class='ocrx_word' id='word_1_122' title='bbox 426 1783 458 1822; x_wconf 91' lang='lat' dir='ltr'>e</span> <span class='ocrx_word' id='word_1_123' title='bbox 496 1767 638 1822; x_wconf 90' lang='lat' dir='ltr'>cella</span> <span class='ocrx_word' id='word_1_124' title='bbox 662 1768 870 1838; x_wconf 81' lang='lat' dir='ltr'>egredi,</span> <span class='ocrx_word' id='word_1_125' title='bbox 901 1774 958 1822; x_wconf 91' lang='lat' dir='ltr'>et</span> <span class='ocrx_word' id='word_1_126' title='bbox 987 1768 1069 1822; x_wconf 87' lang='lat' dir='ltr'>ita</span> <span class='ocrx_word' id='word_1_127' title='bbox 1084 1786 1118 1822; x_wconf 92' lang='lat' dir='ltr'>a</span> <span class='ocrx_word' id='word_1_128' title='bbox 1133 1768 1479 1824; x_wconf 64' lang='lat' dir='ltr'>demonibus</span> <span class='ocrx_word' id='word_1_129' title='bbox 1507 1768 1904 1840; x_wconf 61' lang='lat' dir='ltr'>praevaricatur</span> <span class='ocrx_word' id='word_1_130' title='bbox 1924 1776 1971 1836; x_wconf 86' lang='grc' dir='ltr'>Β</span> 
     </span>
    </p>
   </div>
   <div class='ocr_carea' id='block_1_20' title="bbox 297 1856 1904 1929">
    <p class='ocr_par' dir='ltr' id='par_1_20' title="bbox 297 1856 1904 1929">
     <span class='ocr_line' id='line_1_20' title="bbox 297 1856 1904 1929; baseline 0.001 -18"><span class='ocrx_word' id='word_1_131' title='bbox 297 1873 368 1911; x_wconf 88' lang='lat' dir='ltr'>ac</span> <span class='ocrx_word' id='word_1_132' title='bbox 385 1856 667 1927; x_wconf 86' lang='lat' dir='ltr'>decipitur</span> <span class='ocrx_word' id='word_1_133' title='bbox 685 1859 1070 1924; x_wconf 80' lang='lat' dir='ltr'>(Rulf.,l.m,n.</span> <span class='ocrx_word' id='word_1_134' title='bbox 1097 1858 1203 1927; x_wconf 80' lang='lat'>7‘2).</span> <span class='ocrx_word' id='word_1_135' title='bbox 1229 1858 1333 1912; x_wconf 89' lang='lat' dir='ltr'>Hic</span> <span class='ocrx_word' id='word_1_136' title='bbox 1348 1863 1536 1913; x_wconf 89' lang='lat' dir='ltr'>autem</span> <span class='ocrx_word' id='word_1_137' title='bbox 1558 1858 1677 1929; x_wconf 89' lang='lat' dir='ltr'>ipse</span> <span class='ocrx_word' id='word_1_138' title='bbox 1694 1857 1904 1912; x_wconf 90' lang='lat' dir='ltr'>Paulus</span> 
     </span>
    </p>
   </div>
   <div class='ocr_carea' id='block_1_21' title="bbox 296 1945 1901 2019">
    <p class='ocr_par' dir='ltr' id='par_1_21' title="bbox 296 1945 1901 2019">
     <span class='ocr_line' id='line_1_21' title="bbox 296 1945 1901 2019; baseline 0.001 -19"><span class='ocrx_word' id='word_1_139' title='bbox 296 1945 360 2000; x_wconf 88' lang='lat' dir='ltr'>in</span> <span class='ocrx_word' id='word_1_140' title='bbox 401 1962 518 2000; x_wconf 88' lang='lat' dir='ltr'>una</span> <span class='ocrx_word' id='word_1_141' title='bbox 558 1946 988 2017; x_wconf 88' lang='lat' dir='ltr'>quadragesima</span> <span class='ocrx_word' id='word_1_142' title='bbox 1020 1963 1146 2002; x_wconf 89' lang='lat' dir='ltr'>cum</span> <span class='ocrx_word' id='word_1_143' title='bbox 1176 1948 1418 2001; x_wconf 82' lang='lat' dir='ltr'>sextario</span> <span class='ocrx_word' id='word_1_144' title='bbox 1447 1947 1615 2001; x_wconf 90' lang='lat' dir='ltr'>lentis</span> <span class='ocrx_word' id='word_1_145' title='bbox 1645 1952 1704 2001; x_wconf 91' lang='lat' dir='ltr'>et</span> <span class='ocrx_word' id='word_1_146' title='bbox 1730 1963 1901 2019; x_wconf 88' lang='lat' dir='ltr'>parvo</span> 
     </span>
    </p>
   </div>
   <div class='ocr_carea' id='block_1_22' title="bbox 296 2035 1893 2107">
    <p class='ocr_par' dir='ltr' id='par_1_22' title="bbox 296 2035 1893 2107">
     <span class='ocr_line' id='line_1_22' title="bbox 296 2035 1893 2107; baseline 0.002 -19"><span class='ocrx_word' id='word_1_147' title='bbox 296 2035 525 2089; x_wconf 85' lang='lat' dir='ltr'>vasculo</span> <span class='ocrx_word' id='word_1_148' title='bbox 540 2052 699 2106; x_wconf 62' lang='lat' dir='ltr'>aqua;</span> <span class='ocrx_word' id='word_1_149' title='bbox 719 2036 1062 2107; x_wconf 87' lang='lat' dir='ltr'>perduravit,</span> <span class='ocrx_word' id='word_1_150' title='bbox 1083 2042 1142 2090; x_wconf 90' lang='lat' dir='ltr'>et</span> <span class='ocrx_word' id='word_1_151' title='bbox 1158 2052 1329 2090; x_wconf 90' lang='lat' dir='ltr'>unam</span> <span class='ocrx_word' id='word_1_152' title='bbox 1346 2037 1643 2091; x_wconf 88' lang='lat' dir='ltr'>mattulam</span> <span class='ocrx_word' id='word_1_153' title='bbox 1665 2036 1893 2103; x_wconf 81' lang='lat' dir='ltr'>faciens,</span> 
     </span>
    </p>
   </div>
   <div class='ocr_carea' id='block_1_23' title="bbox 296 2124 1900 2193">
    <p class='ocr_par' dir='ltr' id='par_1_23' title="bbox 296 2124 1900 2193">
     <span class='ocr_line' id='line_1_23' title="bbox 296 2124 1900 2193; baseline 0.001 -15"><span class='ocrx_word' id='word_1_154' title='bbox 296 2124 558 2179; x_wconf 89' lang='lat' dir='ltr'>eamdem</span> <span class='ocrx_word' id='word_1_155' title='bbox 589 2124 811 2179; x_wconf 81' lang='lat' dir='ltr'>texebat</span> <span class='ocrx_word' id='word_1_156' title='bbox 837 2131 895 2180; x_wconf 91' lang='lat' dir='ltr'>et</span> <span class='ocrx_word' id='word_1_157' title='bbox 922 2125 1225 2193; x_wconf 88' lang='lat' dir='ltr'>retexebat,</span> <span class='ocrx_word' id='word_1_158' title='bbox 1251 2142 1321 2180; x_wconf 93' lang='lat' dir='ltr'>ne</span> <span class='ocrx_word' id='word_1_159' title='bbox 1338 2126 1731 2181; x_wconf 89' lang='lat' dir='ltr'>tantummodo</span> <span class='ocrx_word' id='word_1_160' title='bbox 1752 2125 1900 2180; x_wconf 89' lang='lat' dir='ltr'>foras</span> 
     </span>
    </p>
   </div>
   <div class='ocr_carea' id='block_1_24' title="bbox 293 2213 495 2268">
    <p class='ocr_par' dir='ltr' id='par_1_24' title="bbox 293 2213 495 2268">
     <span class='ocr_line' id='line_1_24' title="bbox 293 2213 495 2268; baseline -0.005 0"><span class='ocrx_word' id='word_1_161' title='bbox 293 2213 495 2268; x_wconf 79' lang='lat' dir='ltr'>exiret.</span> 
     </span>
    </p>
   </div>
   <div class='ocr_carea' id='block_1_25' title="bbox 372 2300 1893 2375">
    <p class='ocr_par' dir='ltr' id='par_1_25' title="bbox 372 2300 1893 2375">
     <span class='ocr_line' id='line_1_25' title="bbox 372 2300 1893 2375; baseline 0 -17"><span class='ocrx_word' id='word_1_162' title='bbox 372 2300 423 2358; x_wconf 90' lang='lat'>3.</span> <span class='ocrx_word' id='word_1_163' title='bbox 461 2303 703 2367; x_wconf 87' lang='lat' dir='ltr'>Quidam</span> <span class='ocrx_word' id='word_1_164' title='bbox 730 2303 909 2359; x_wconf 85' lang='lat' dir='ltr'>frater</span> <span class='ocrx_word' id='word_1_165' title='bbox 931 2304 1224 2375; x_wconf 79' lang='lat' dir='ltr'>requisivit</span> <span class='ocrx_word' id='word_1_166' title='bbox 1253 2320 1465 2370; x_wconf 91' lang='lat' dir='ltr'>senem,</span> <span class='ocrx_word' id='word_1_167' title='bbox 1493 2304 1683 2359; x_wconf 90' lang='lat' dir='ltr'>dicens</span> <span class='ocrx_word' id='word_1_168' title='bbox 1717 2323 1728 2357; x_wconf 90' lang='lat'><strong>:</strong></span> <span class='ocrx_word' id='word_1_169' title='bbox 1765 2305 1893 2372; x_wconf 89' lang='lat' dir='ltr'>Fac,</span> 
     </span>
    </p>
   </div>
   <div class='ocr_carea' id='block_1_26' title="bbox 296 2390 1899 2466">
    <p class='ocr_par' dir='ltr' id='par_1_26' title="bbox 296 2390 1899 2466">
     <span class='ocr_line' id='line_1_26' title="bbox 296 2390 1899 2466; baseline 0.001 -20"><span class='ocrx_word' id='word_1_170' title='bbox 296 2390 464 2459; x_wconf 81' lang='lat' dir='ltr'>abba,</span> <span class='ocrx_word' id='word_1_171' title='bbox 497 2391 848 2460; x_wconf 90' lang='lat' dir='ltr'>charitatem,</span> <span class='ocrx_word' id='word_1_172' title='bbox 881 2398 940 2447; x_wconf 92' lang='lat' dir='ltr'>et</span> <span class='ocrx_word' id='word_1_173' title='bbox 965 2393 1056 2447; x_wconf 91' lang='lat' dir='ltr'>dic</span> <span class='ocrx_word' id='word_1_174' title='bbox 1092 2394 1231 2448; x_wconf 90' lang='lat' dir='ltr'>mihi</span> <span class='ocrx_word' id='word_1_175' title='bbox 1259 2410 1598 2459; x_wconf 90' lang='lat' dir='ltr'>sermonem,</span> <span class='ocrx_word' id='word_1_176' title='bbox 1633 2394 1767 2466; x_wconf 89' lang='lat' dir='ltr'>quid</span> <span class='ocrx_word' id='word_1_177' title='bbox 1805 2393 1899 2448; x_wconf 89' lang='lat' dir='ltr'>de-</span> 
     </span>
    </p>
   </div>
   <div class='ocr_carea' id='block_1_27' title="bbox 296 2480 1899 2553">
    <p class='ocr_par' dir='ltr' id='par_1_27' title="bbox 296 2480 1899 2553">
     <span class='ocr_line' id='line_1_27' title="bbox 296 2480 1899 2553; baseline 0.001 -18"><span class='ocrx_word' id='word_1_178' title='bbox 296 2480 465 2535; x_wconf 87' lang='lat' dir='ltr'>beam</span> <span class='ocrx_word' id='word_1_179' title='bbox 494 2482 553 2535; x_wconf 90' lang='lat' dir='ltr'>in</span> <span class='ocrx_word' id='word_1_180' title='bbox 573 2483 868 2552; x_wconf 90' lang='lat' dir='ltr'>juventute</span> <span class='ocrx_word' id='word_1_181' title='bbox 906 2498 1264 2553; x_wconf 83' lang='lat' dir='ltr'>congregare,</span> <span class='ocrx_word' id='word_1_182' title='bbox 1298 2488 1363 2537; x_wconf 91' lang='lat' dir='ltr'>ut</span> <span class='ocrx_word' id='word_1_183' title='bbox 1389 2483 1625 2538; x_wconf 85' lang='lat' dir='ltr'>habeam</span> <span class='ocrx_word' id='word_1_184' title='bbox 1658 2483 1797 2538; x_wconf 91' lang='lat' dir='ltr'>illud</span> <span class='ocrx_word' id='word_1_185' title='bbox 1839 2483 1899 2537; x_wconf 92' lang='lat' dir='ltr'>in</span> 
     </span>
    </p>
   </div>
   <div class='ocr_carea' id='block_1_28' title="bbox 294 2569 1901 2643">
    <p class='ocr_par' dir='ltr' id='par_1_28' title="bbox 294 2569 1901 2643">
     <span class='ocr_line' id='line_1_28' title="bbox 294 2569 1901 2643; baseline 0.001 -19"><span class='ocrx_word' id='word_1_186' title='bbox 294 2575 607 2625; x_wconf 85' lang='lat' dir='ltr'>senectute.</span> <span class='ocrx_word' id='word_1_187' title='bbox 656 2569 968 2642; x_wconf 81' lang='lat' dir='ltr'>Respondit</span> <span class='ocrx_word' id='word_1_188' title='bbox 1005 2588 1175 2626; x_wconf 88' lang='lat' dir='ltr'>senex</span> <span class='ocrx_word' id='word_1_189' title='bbox 1205 2586 1217 2621; x_wconf 89' lang='lat'><strong>:</strong></span> <span class='ocrx_word' id='word_1_190' title='bbox 1246 2573 1362 2626; x_wconf 85' lang='lat' dir='ltr'>Aut</span> <span class='ocrx_word' id='word_1_191' title='bbox 1391 2572 1679 2627; x_wconf 86' lang='lat' dir='ltr'>Christum</span> <span class='ocrx_word' id='word_1_192' title='bbox 1725 2571 1901 2643; x_wconf 88' lang='lat' dir='ltr'>adipi-</span> 
     </span>
    </p>
   </div>
   <div class='ocr_carea' id='block_1_29' title="bbox 292 2660 1900 2733">
    <p class='ocr_par' dir='ltr' id='par_1_29' title="bbox 292 2660 1900 2733">
     <span class='ocr_line' id='line_1_29' title="bbox 292 2660 1900 2733; baseline 0.002 -20"><span class='ocrx_word' id='word_1_193' title='bbox 292 2676 474 2723; x_wconf 87' lang='lat' dir='ltr'>scere,</span> <span class='ocrx_word' id='word_1_194' title='bbox 508 2665 567 2714; x_wconf 90' lang='lat' dir='ltr'>et</span> <span class='ocrx_word' id='word_1_195' title='bbox 587 2660 771 2730; x_wconf 84' lang='lat' dir='ltr'>cogita</span> <span class='ocrx_word' id='word_1_196' title='bbox 797 2660 867 2715; x_wconf 91' lang='lat' dir='ltr'>de</span> <span class='ocrx_word' id='word_1_197' title='bbox 897 2666 985 2729; x_wconf 90' lang='lat' dir='ltr'>te;</span> <span class='ocrx_word' id='word_1_198' title='bbox 1022 2666 1121 2716; x_wconf 89' lang='lat' dir='ltr'>aut</span> <span class='ocrx_word' id='word_1_199' title='bbox 1148 2666 1300 2716; x_wconf 91' lang='lat' dir='ltr'>certe</span> <span class='ocrx_word' id='word_1_200' title='bbox 1328 2662 1723 2733; x_wconf 87' lang='lat' dir='ltr'>pecuniam,ne</span> <span class='ocrx_word' id='word_1_201' title='bbox 1745 2677 1900 2716; x_wconf 91' lang='lat' dir='ltr'>men-</span> 
     </span>
    </p>
   </div>
   <div class='ocr_carea' id='block_1_30' title="bbox 294 2749 1893 2821">
    <p class='ocr_par' dir='ltr' id='par_1_30' title="bbox 294 2749 1893 2821">
     <span class='ocr_line' id='line_1_30' title="bbox 294 2749 1893 2821; baseline 0.002 -18"><span class='ocrx_word' id='word_1_202' title='bbox 294 2749 452 2804; x_wconf 87' lang='lat' dir='ltr'>dices</span> <span class='ocrx_word' id='word_1_203' title='bbox 478 2768 490 2817; x_wconf 90' lang='lat'><strong>;</strong></span> <span class='ocrx_word' id='word_1_204' title='bbox 522 2766 656 2819; x_wconf 89' lang='lat' dir='ltr'>ergo</span> <span class='ocrx_word' id='word_1_205' title='bbox 684 2755 847 2804; x_wconf 90' lang='lat' dir='ltr'>tuum</span> <span class='ocrx_word' id='word_1_206' title='bbox 876 2755 962 2805; x_wconf 90' lang='lat' dir='ltr'>est</span> <span class='ocrx_word' id='word_1_207' title='bbox 988 2750 1196 2821; x_wconf 86' lang='lat' dir='ltr'>eligere</span> <span class='ocrx_word' id='word_1_208' title='bbox 1227 2755 1327 2805; x_wconf 90' lang='lat' dir='ltr'>aut</span> <span class='ocrx_word' id='word_1_209' title='bbox 1352 2750 1653 2805; x_wconf 88' lang='lat' dir='ltr'>Dominum</span> <span class='ocrx_word' id='word_1_210' title='bbox 1693 2751 1893 2820; x_wconf 92' lang='lat' dir='ltr'>Deum,</span> 
     </span>
    </p>
   </div>
   <div class='ocr_carea' id='block_1_31' title="bbox 294 2844 834 2894">
    <p class='ocr_par' dir='ltr' id='par_1_31' title="bbox 294 2844 834 2894">
     <span class='ocr_line' id='line_1_31' title="bbox 294 2844 834 2894; baseline 0.002 -1"><span class='ocrx_word' id='word_1_211' title='bbox 294 2844 401 2893; x_wconf 92' lang='lat' dir='ltr'>aut</span> <span class='ocrx_word' id='word_1_212' title='bbox 428 2855 834 2894; x_wconf 87' lang='lat' dir='ltr'>mammonam.</span> 
     </span>
    </p>
   </div>
   <div class='ocr_carea' id='block_1_32' title="bbox 368 2926 1896 3002">
    <p class='ocr_par' dir='ltr' id='par_1_32' title="bbox 368 2926 1896 3002">
     <span class='ocr_line' id='line_1_32' title="bbox 368 2926 1896 3002; baseline 0.001 -18"><span class='ocrx_word' id='word_1_213' title='bbox 368 2926 425 2984; x_wconf 77' lang='grc'>4.</span> <span class='ocrx_word' id='word_1_214' title='bbox 472 2929 820 3000; x_wconf 84' lang='lat' dir='ltr'>Frequenter</span> <span class='ocrx_word' id='word_1_215' title='bbox 853 2929 1026 2985; x_wconf 87' lang='lat' dir='ltr'>abbas</span> <span class='ocrx_word' id='word_1_216' title='bbox 1063 2931 1324 3001; x_wconf 86' lang='lat' dir='ltr'>Agathon</span> <span class='ocrx_word' id='word_1_217' title='bbox 1361 2947 1527 2985; x_wconf 89' lang='lat' dir='ltr'>suum</span> <span class='ocrx_word' id='word_1_218' title='bbox 1558 2931 1896 3002; x_wconf 89' lang='lat' dir='ltr'>discipulum</span> 
     </span>
    </p>
   </div>
   <div class='ocr_carea' id='block_1_33' title="bbox 294 3010 1896 3091">
    <p class='ocr_par' dir='ltr' id='par_1_33' title="bbox 294 3010 1896 3091">
     <span class='ocr_line' id='line_1_33' title="bbox 294 3010 1896 3091; baseline 0.002 -20"><span class='ocrx_word' id='word_1_219' title='bbox 294 3010 713 3085; x_wconf 61' lang='lat' dir='ltr'>commrﬁiebat,</span> <span class='ocrx_word' id='word_1_220' title='bbox 739 3020 929 3074; x_wconf 91' lang='lat' dir='ltr'>dicens</span> <span class='ocrx_word' id='word_1_221' title='bbox 964 3021 1079 3074; x_wconf 90' lang='lat' dir='ltr'>:Ne</span> <span class='ocrx_word' id='word_1_222' title='bbox 1101 3020 1402 3091; x_wconf 88' lang='lat' dir='ltr'>aliquando</span> <span class='ocrx_word' id='word_1_223' title='bbox 1428 3020 1541 3076; x_wconf 89' lang='lat' dir='ltr'>tale</span> <span class='ocrx_word' id='word_1_224' title='bbox 1558 3021 1770 3091; x_wconf 90' lang='lat' dir='ltr'>aliquid</span> <span class='ocrx_word' id='word_1_225' title='bbox 1793 3020 1896 3076; x_wconf 89' lang='lat' dir='ltr'>tibi</span> 
     </span>
    </p>
   </div>
   <div class='ocr_carea' id='block_1_34' title="bbox 1996 504 3584 593">
    <p class='ocr_par' dir='ltr' id='par_1_34' title="bbox 1996 504 3584 593">
     <span class='ocr_line' id='line_1_34' title="bbox 1996 504 3584 593; baseline 0.014 -34"><span class='ocrx_word' id='word_1_226' title='bbox 1996 504 2115 576; x_wconf 92' lang='lat' dir='ltr'>ipse</span> <span class='ocrx_word' id='word_1_227' title='bbox 2145 512 2409 564; x_wconf 85' lang='lat' dir='ltr'>strenuus</span> <span class='ocrx_word' id='word_1_228' title='bbox 2429 511 2753 576; x_wconf 88' lang='lat' dir='ltr'>monachus,</span> <span class='ocrx_word' id='word_1_229' title='bbox 2770 529 2837 567; x_wconf 85' lang='lat' dir='ltr'>ex</span> <span class='ocrx_word' id='word_1_230' title='bbox 2866 515 3081 572; x_wconf 90' lang='lat' dir='ltr'>actibus</span> <span class='ocrx_word' id='word_1_231' title='bbox 3104 519 3222 573; x_wconf 87' lang='lat' dir='ltr'>suis</span> <span class='ocrx_word' id='word_1_232' title='bbox 3251 538 3390 593; x_wconf 92' lang='lat' dir='ltr'>quos</span> <span class='ocrx_word' id='word_1_233' title='bbox 3417 524 3584 586; x_wconf 80' lang='lat' dir='ltr'>vidit.</span> 
     </span>
    </p>
   </div>
   <div class='ocr_carea' id='block_1_35' title="bbox 2624 602 2971 660">
    <p class='ocr_par' dir='ltr' id='par_1_35' title="bbox 2624 602 2971 660">
     <span class='ocr_line' id='line_1_35' title="bbox 2624 602 2971 660; baseline 0.012 -4"><span class='ocrx_word' id='word_1_234' title='bbox 2624 602 2858 659; x_wconf 85' lang='lat' dir='ltr'>CAPUT</span> <span class='ocrx_word' id='word_1_235' title='bbox 2878 605 2971 660; x_wconf 89' lang='lat' dir='ltr'>IV.</span> 
     </span>
    </p>
   </div>
   <div class='ocr_carea' id='block_1_36' title="bbox 2068 686 3489 767">
    <p class='ocr_par' dir='ltr' id='par_1_36' title="bbox 2068 686 3489 767">
     <span class='ocr_line' id='line_1_36' title="bbox 2068 686 3489 767; baseline 0.015 -29"><span class='ocrx_word' id='word_1_236' title='bbox 2068 686 2221 752; x_wconf 77' lang='lat' dir='ltr'>Quod</span> <span class='ocrx_word' id='word_1_237' title='bbox 2249 690 2548 744; x_wconf 76' lang='lat' dir='ltr'>tolerantia</span> <span class='ocrx_word' id='word_1_238' title='bbox 2579 696 2929 761; x_wconf 74' lang='lat' dir='ltr'>paupertatis</span> <span class='ocrx_word' id='word_1_239' title='bbox 2957 698 3020 750; x_wconf 84' lang='lat' dir='ltr'>in</span> <span class='ocrx_word' id='word_1_240' title='bbox 3048 702 3293 767; x_wconf 82' lang='lat' dir='ltr'>requiem</span> <span class='ocrx_word' id='word_1_241' title='bbox 3316 704 3489 759; x_wconf 82' lang='lat' dir='ltr'>ducit.</span> 
     </span>
    </p>
   </div>
   <div class='ocr_carea' id='block_1_37' title="bbox 2070 773 3594 850">
    <p class='ocr_par' dir='ltr' id='par_1_37' title="bbox 2070 773 3594 850">
     <span class='ocr_line' id='line_1_37' title="bbox 2070 773 3594 850; baseline 0.014 -20"><span class='ocrx_word' id='word_1_242' title='bbox 2070 773 2117 830; x_wconf 87' lang='lat'>1.</span> <span class='ocrx_word' id='word_1_243' title='bbox 2150 775 2384 832; x_wconf 92' lang='lat' dir='ltr'>Dicebat</span> <span class='ocrx_word' id='word_1_244' title='bbox 2403 794 2550 833; x_wconf 90' lang='lat' dir='ltr'>unus</span> <span class='ocrx_word' id='word_1_245' title='bbox 2569 797 2634 834; x_wconf 90' lang='lat' dir='ltr'>ex</span> <span class='ocrx_word' id='word_1_246' title='bbox 2663 780 2891 838; x_wconf 91' lang='lat' dir='ltr'>senibus</span> <span class='ocrx_word' id='word_1_247' title='bbox 2909 800 2920 837; x_wconf 93' lang='lat'><strong>:</strong></span> <span class='ocrx_word' id='word_1_248' title='bbox 2937 785 3088 840; x_wconf 88' lang='lat' dir='ltr'>Nihil</span> <span class='ocrx_word' id='word_1_249' title='bbox 3116 788 3430 848; x_wconf 86' lang='lat' dir='ltr'>invenimus</span> <span class='ocrx_word' id='word_1_250' title='bbox 3459 794 3594 850; x_wconf 90' lang='lat' dir='ltr'>scri-</span> 
     </span>
    </p>
   </div>
   <div class='ocr_carea' id='block_1_38' title="bbox 1994 865 3588 949">
    <p class='ocr_par' dir='ltr' id='par_1_38' title="bbox 1994 865 3588 949">
     <span class='ocr_line' id='line_1_38' title="bbox 1994 865 3588 949; baseline 0.015 -33"><span class='ocrx_word' id='word_1_251' title='bbox 1994 867 2153 933; x_wconf 89' lang='lat' dir='ltr'>ptum</span> <span class='ocrx_word' id='word_1_252' title='bbox 2183 865 2253 920; x_wconf 90' lang='lat' dir='ltr'>de</span> <span class='ocrx_word' id='word_1_253' title='bbox 2271 867 2481 922; x_wconf 88' lang='lat' dir='ltr'>Lazaro</span> <span class='ocrx_word' id='word_1_254' title='bbox 2503 869 2599 924; x_wconf 90' lang='lat' dir='ltr'>illo</span> <span class='ocrx_word' id='word_1_255' title='bbox 2619 887 2863 942; x_wconf 89' lang='lat' dir='ltr'>paupere</span> <span class='ocrx_word' id='word_1_256' title='bbox 2891 875 3037 945; x_wconf 93' lang='lat' dir='ltr'>quod</span> <span class='ocrx_word' id='word_1_257' title='bbox 3056 876 3300 949; x_wconf 86' lang='lat' dir='ltr'>aliquam</span> <span class='ocrx_word' id='word_1_258' title='bbox 3323 881 3588 940; x_wconf 89' lang='lat' dir='ltr'>virtutem</span> 
     </span>
    </p>
   </div>
   <div class='ocr_carea' id='block_1_39' title="bbox 1994 951 3593 1037">
    <p class='ocr_par' dir='ltr' id='par_1_39' title="bbox 1994 951 3593 1037">
     <span class='ocr_line' id='line_1_39' title="bbox 1994 951 3593 1037; baseline 0.015 -31"><span class='ocrx_word' id='word_1_259' title='bbox 1994 951 2252 1023; x_wconf 86' lang='lat' dir='ltr'>fecisset;</span> <span class='ocrx_word' id='word_1_260' title='bbox 2284 957 2394 1011; x_wconf 91' lang='lat' dir='ltr'>nisi</span> <span class='ocrx_word' id='word_1_261' title='bbox 2422 957 2527 1012; x_wconf 93' lang='lat' dir='ltr'>hoc</span> <span class='ocrx_word' id='word_1_262' title='bbox 2554 964 2798 1027; x_wconf 89' lang='lat' dir='ltr'>tantum,</span> <span class='ocrx_word' id='word_1_263' title='bbox 2834 963 2967 1033; x_wconf 80' lang='lat' dir='ltr'>quia</span> <span class='ocrx_word' id='word_1_264' title='bbox 2993 980 3283 1037; x_wconf 86' lang='lat' dir='ltr'>nunquam</span> <span class='ocrx_word' id='word_1_265' title='bbox 3325 972 3593 1030; x_wconf 90' lang='lat' dir='ltr'>adversus</span> 
     </span>
    </p>
   </div>
   <div class='ocr_carea' id='block_1_40' title="bbox 1994 1042 3589 1122">
    <p class='ocr_par' dir='ltr' id='par_1_40' title="bbox 1994 1042 3589 1122">
     <span class='ocr_line' id='line_1_40' title="bbox 1994 1042 3589 1122; baseline 0.014 -26"><span class='ocrx_word' id='word_1_266' title='bbox 1994 1042 2223 1098; x_wconf 85' lang='lat' dir='ltr'>divitem</span> <span class='ocrx_word' id='word_1_267' title='bbox 2255 1048 2645 1115; x_wconf 90' lang='lat' dir='ltr'>murmuravit,</span> <span class='ocrx_word' id='word_1_268' title='bbox 2675 1052 3025 1122; x_wconf 88' lang='lat' dir='ltr'>quamvisilli</span> <span class='ocrx_word' id='word_1_269' title='bbox 3040 1056 3253 1112; x_wconf 90' lang='lat' dir='ltr'>nullam</span> <span class='ocrx_word' id='word_1_270' title='bbox 3271 1060 3589 1118; x_wconf 87' lang='lat' dir='ltr'>misericor-</span> 
     </span>
    </p>
   </div>
   <div class='ocr_carea' id='block_1_41' title="bbox 1994 1131 3591 1221">
    <p class='ocr_par' dir='ltr' id='par_1_41' title="bbox 1994 1131 3591 1221">
     <span class='ocr_line' id='line_1_41' title="bbox 1994 1131 3591 1221; baseline 0.015 -36"><span class='ocrx_word' id='word_1_271' title='bbox 1994 1131 2146 1221; x_wconf 84' lang='lat' dir='ltr'>diam</span> <span class='ocrx_word' id='word_1_272' title='bbox 2178 1133 2418 1203; x_wconf 89' lang='lat' dir='ltr'>faceret;</span> <span class='ocrx_word' id='word_1_273' title='bbox 2470 1137 2569 1191; x_wconf 91' lang='lat' dir='ltr'>sed</span> <span class='ocrx_word' id='word_1_274' title='bbox 2598 1155 2725 1192; x_wconf 91' lang='lat' dir='ltr'>cum</span> <span class='ocrx_word' id='word_1_275' title='bbox 2754 1141 3067 1211; x_wconf 86' lang='lat' dir='ltr'>gratiarum</span> <span class='ocrx_word' id='word_1_276' title='bbox 3097 1146 3316 1203; x_wconf 85' lang='lat' dir='ltr'>actione</span> <span class='ocrx_word' id='word_1_277' title='bbox 3344 1154 3591 1221; x_wconf 85' lang='lat' dir='ltr'>portavit</span> 
     </span>
    </p>
   </div>
   <div class='ocr_carea' id='block_1_42' title="bbox 1989 1220 3587 1303">
    <p class='ocr_par' dir='ltr' id='par_1_42' title="bbox 1989 1220 3587 1303">
     <span class='ocr_line' id='line_1_42' title="bbox 1989 1220 3587 1303; baseline 0.015 -28"><span class='ocrx_word' id='word_1_278' title='bbox 1989 1220 2237 1278; x_wconf 91' lang='lat' dir='ltr'>laborem</span> <span class='ocrx_word' id='word_1_279' title='bbox 2266 1228 2615 1297; x_wconf 90' lang='lat' dir='ltr'>paupertatis</span> <span class='ocrx_word' id='word_1_280' title='bbox 2643 1230 3027 1303; x_wconf 80' lang='lat' dir='ltr'>suae,ideoque</span> <span class='ocrx_word' id='word_1_281' title='bbox 3054 1233 3111 1289; x_wconf 91' lang='lat' dir='ltr'>in</span> <span class='ocrx_word' id='word_1_282' title='bbox 3141 1236 3328 1293; x_wconf 90' lang='lat' dir='ltr'>sinum</span> <span class='ocrx_word' id='word_1_283' title='bbox 3346 1220 3587 1299; x_wconf 49' lang='lat' dir='ltr'>Abrahae</span> 
     </span>
    </p>
   </div>
   <div class='ocr_carea' id='block_1_43' title="bbox 1989 1317 2406 1385">
    <p class='ocr_par' dir='ltr' id='par_1_43' title="bbox 1989 1317 2406 1385">
     <span class='ocr_line' id='line_1_43' title="bbox 1989 1317 2406 1385; baseline 0.012 -21"><span class='ocrx_word' id='word_1_284' title='bbox 1989 1317 2282 1385; x_wconf 89' lang='lat' dir='ltr'>susceptus</span> <span class='ocrx_word' id='word_1_285' title='bbox 2302 1320 2406 1369; x_wconf 92' lang='lat' dir='ltr'>est.</span> 
     </span>
    </p>
   </div>
   <div class='ocr_carea' id='block_1_44' title="bbox 2057 1401 3586 1490">
    <p class='ocr_par' dir='ltr' id='par_1_44' title="bbox 2057 1401 3586 1490">
     <span class='ocr_line' id='line_1_44' title="bbox 2057 1401 3586 1490; baseline 0.012 -32"><span class='ocrx_word' id='word_1_286' title='bbox 2057 1401 2111 1458; x_wconf 77' lang='grc'>2.</span> <span class='ocrx_word' id='word_1_287' title='bbox 2146 1404 2287 1457; x_wconf 91' lang='lat' dir='ltr'>Item</span> <span class='ocrx_word' id='word_1_288' title='bbox 2317 1404 2491 1459; x_wconf 84' lang='lat' dir='ltr'>dixit:</span> <span class='ocrx_word' id='word_1_289' title='bbox 2522 1406 2662 1471; x_wconf 89' lang='lat' dir='ltr'>Quia</span> <span class='ocrx_word' id='word_1_290' title='bbox 2686 1424 2799 1464; x_wconf 93' lang='lat' dir='ltr'>non</span> <span class='ocrx_word' id='word_1_291' title='bbox 2829 1417 3054 1482; x_wconf 90' lang='lat' dir='ltr'>oportet</span> <span class='ocrx_word' id='word_1_292' title='bbox 3072 1430 3413 1488; x_wconf 90' lang='lat' dir='ltr'>quemquam</span> <span class='ocrx_word' id='word_1_293' title='bbox 3432 1420 3586 1490; x_wconf 85' lang='lat' dir='ltr'>cogi-</span> 
     </span>
    </p>
   </div>
   <div class='ocr_carea' id='block_1_45' title="bbox 1987 1491 3587 1566">
    <p class='ocr_par' dir='ltr' id='par_1_45' title="bbox 1987 1491 3587 1566">
     <span class='ocr_line' id='line_1_45' title="bbox 1987 1491 3587 1566; baseline 0.014 -23"><span class='ocrx_word' id='word_1_294' title='bbox 1987 1496 2127 1557; x_wconf 90' lang='lat' dir='ltr'>tare,</span> <span class='ocrx_word' id='word_1_295' title='bbox 2155 1491 2263 1547; x_wconf 90' lang='lat' dir='ltr'>nisi</span> <span class='ocrx_word' id='word_1_296' title='bbox 2285 1493 2355 1547; x_wconf 91' lang='lat' dir='ltr'>de</span> <span class='ocrx_word' id='word_1_297' title='bbox 2383 1494 2585 1549; x_wconf 87' lang='lat' dir='ltr'>timore</span> <span class='ocrx_word' id='word_1_298' title='bbox 2614 1497 2734 1551; x_wconf 91' lang='lat' dir='ltr'>Dei.</span> <span class='ocrx_word' id='word_1_299' title='bbox 2768 1499 2911 1554; x_wconf 84' lang='lat' dir='ltr'>Nam</span> <span class='ocrx_word' id='word_1_300' title='bbox 2942 1503 3047 1556; x_wconf 89' lang='lat' dir='ltr'>etsi</span> <span class='ocrx_word' id='word_1_301' title='bbox 3076 1511 3301 1560; x_wconf 91' lang='lat' dir='ltr'>coactus</span> <span class='ocrx_word' id='word_1_302' title='bbox 3330 1507 3500 1563; x_wconf 90' lang='lat' dir='ltr'>fuerit</span> <span class='ocrx_word' id='word_1_303' title='bbox 3516 1510 3587 1566; x_wconf 92' lang='lat' dir='ltr'>de</span> 
     </span>
    </p>
   </div>
   <div class='ocr_carea' id='block_1_46' title="bbox 1987 1581 3586 1670">
    <p class='ocr_par' dir='ltr' id='par_1_46' title="bbox 1987 1581 3586 1670">
     <span class='ocr_line' id='line_1_46' title="bbox 1987 1581 3586 1670; baseline 0.014 -38"><span class='ocrx_word' id='word_1_304' title='bbox 1987 1581 2264 1651; x_wconf 86' lang='lat' dir='ltr'>corporali</span> <span class='ocrx_word' id='word_1_305' title='bbox 2296 1584 2631 1639; x_wconf 85' lang='lat' dir='ltr'>necessitate</span> <span class='ocrx_word' id='word_1_306' title='bbox 2654 1602 2777 1641; x_wconf 88' lang='lat' dir='ltr'>esse</span> <span class='ocrx_word' id='word_1_307' title='bbox 2792 1589 3082 1660; x_wconf 90' lang='lat' dir='ltr'>sollicitus,</span> <span class='ocrx_word' id='word_1_308' title='bbox 3119 1610 3410 1667; x_wconf 87' lang='lat' dir='ltr'>nunquam</span> <span class='ocrx_word' id='word_1_309' title='bbox 3431 1599 3586 1670; x_wconf 87' lang='lat' dir='ltr'>cogi-</span> 
     </span>
    </p>
   </div>
   <div class='ocr_carea' id='block_1_47' title="bbox 1985 1670 2689 1746">
    <p class='ocr_par' dir='ltr' id='par_1_47' title="bbox 1985 1670 2689 1746">
     <span class='ocr_line' id='line_1_47' title="bbox 1985 1670 2689 1746; baseline 0.01 -23"><span class='ocrx_word' id='word_1_310' title='bbox 1985 1672 2069 1724; x_wconf 89' lang='lat' dir='ltr'>tet</span> <span class='ocrx_word' id='word_1_311' title='bbox 2095 1670 2166 1725; x_wconf 89' lang='lat' dir='ltr'>de</span> <span class='ocrx_word' id='word_1_312' title='bbox 2193 1687 2261 1725; x_wconf 90' lang='lat' dir='ltr'>ea</span> <span class='ocrx_word' id='word_1_313' title='bbox 2287 1677 2417 1727; x_wconf 88' lang='lat' dir='ltr'>ante</span> <span class='ocrx_word' id='word_1_314' title='bbox 2447 1677 2689 1746; x_wconf 89' lang='lat' dir='ltr'>tempus.</span> 
     </span>
    </p>
   </div>
   <div class='ocr_carea' id='block_1_48' title="bbox 2626 1765 2956 1824">
    <p class='ocr_par' dir='ltr' id='par_1_48' title="bbox 2626 1765 2956 1824">
     <span class='ocr_line' id='line_1_48' title="bbox 2626 1765 2956 1824; baseline 0.012 -4"><span class='ocrx_word' id='word_1_315' title='bbox 2626 1765 2861 1823; x_wconf 86' lang='lat' dir='ltr'>CAPUT</span> <span class='ocrx_word' id='word_1_316' title='bbox 2889 1769 2956 1824; x_wconf 86' lang='lat' dir='ltr'>V.</span> 
     </span>
    </p>
   </div>
   <div class='ocr_carea' id='block_1_49' title="bbox 2404 1853 3161 1923">
    <p class='ocr_par' dir='ltr' id='par_1_49' title="bbox 2404 1853 3161 1923">
     <span class='ocr_line' id='line_1_49' title="bbox 2404 1853 3161 1923; baseline 0.013 -17"><span class='ocrx_word' id='word_1_317' title='bbox 2404 1853 2479 1907; x_wconf 82' lang='lat' dir='ltr'>De</span> <span class='ocrx_word' id='word_1_318' title='bbox 2506 1858 2862 1923; x_wconf 84' lang='lat' dir='ltr'>reprimenda</span> <span class='ocrx_word' id='word_1_319' title='bbox 2890 1863 3161 1918; x_wconf 79' lang='lat' dir='ltr'>avaritia.</span> 
     </span>
    </p>
   </div>
   <div class='ocr_carea' id='block_1_50' title="bbox 2062 1936 3572 2026">
    <p class='ocr_par' dir='ltr' id='par_1_50' title="bbox 2062 1936 3572 2026">
     <span class='ocr_line' id='line_1_50' title="bbox 2062 1936 3572 2026; baseline 0.013 -33"><span class='ocrx_word' id='word_1_320' title='bbox 2062 1936 2307 1995; x_wconf 78' lang='lat' dir='ltr'>LAbbas</span> <span class='ocrx_word' id='word_1_321' title='bbox 2320 1940 2582 1998; x_wconf 83' lang='lat' dir='ltr'>Silvanus</span> <span class='ocrx_word' id='word_1_322' title='bbox 2610 1945 2746 2000; x_wconf 90' lang='lat' dir='ltr'>dum</span> <span class='ocrx_word' id='word_1_323' title='bbox 2773 1948 3057 2003; x_wconf 89' lang='lat' dir='ltr'>modicum</span> <span class='ocrx_word' id='word_1_324' title='bbox 3072 1951 3329 2008; x_wconf 91' lang='lat' dir='ltr'>discessit</span> <span class='ocrx_word' id='word_1_325' title='bbox 3354 1971 3388 2009; x_wconf 91' lang='lat' dir='ltr'>a</span> <span class='ocrx_word' id='word_1_326' title='bbox 3412 1956 3572 2026; x_wconf 88' lang='lat' dir='ltr'>cella,</span> 
     </span>
    </p>
   </div>
   <div class='ocr_carea' id='block_1_51' title="bbox 1982 2024 3583 2117">
    <p class='ocr_par' dir='ltr' id='par_1_51' title="bbox 1982 2024 3583 2117">
     <span class='ocr_line' id='line_1_51' title="bbox 1982 2024 3583 2117; baseline 0.014 -38"><span class='ocrx_word' id='word_1_327' title='bbox 1982 2024 2291 2117; x_wconf 82' lang='lat' dir='ltr'>discipulus</span> <span class='ocrx_word' id='word_1_328' title='bbox 2317 2047 2454 2086; x_wconf 91' lang='lat' dir='ltr'>suus</span> <span class='ocrx_word' id='word_1_329' title='bbox 2480 2033 2775 2090; x_wconf 88' lang='lat' dir='ltr'>Zacharias</span> <span class='ocrx_word' id='word_1_330' title='bbox 2804 2053 2932 2092; x_wconf 90' lang='lat' dir='ltr'>cum</span> <span class='ocrx_word' id='word_1_331' title='bbox 2960 2038 3072 2094; x_wconf 90' lang='lat' dir='ltr'>illis</span> <span class='ocrx_word' id='word_1_332' title='bbox 3100 2041 3367 2098; x_wconf 83' lang='lat' dir='ltr'>fratribus</span> <span class='ocrx_word' id='word_1_333' title='bbox 3390 2024 3583 2117; x_wconf 87' lang='lat' dir='ltr'>sepem</span> 
     </span>
    </p>
   </div>
   <div class='ocr_carea' id='block_1_52' title="bbox 1982 2114 3584 2206">
    <p class='ocr_par' dir='ltr' id='par_1_52' title="bbox 1982 2114 3584 2206">
     <span class='ocr_line' id='line_1_52' title="bbox 1982 2114 3584 2206; baseline 0.014 -38"><span class='ocrx_word' id='word_1_334' title='bbox 1982 2114 2133 2170; x_wconf 89' lang='lat' dir='ltr'>horti</span> <span class='ocrx_word' id='word_1_335' title='bbox 2166 2120 2393 2185; x_wconf 91' lang='lat' dir='ltr'>amovit,</span> <span class='ocrx_word' id='word_1_336' title='bbox 2424 2125 2482 2175; x_wconf 92' lang='lat' dir='ltr'>et</span> <span class='ocrx_word' id='word_1_337' title='bbox 2507 2122 2639 2177; x_wconf 84' lang='lat' dir='ltr'>fecit</span> <span class='ocrx_word' id='word_1_338' title='bbox 2664 2124 2892 2180; x_wconf 88' lang='lat' dir='ltr'>hortum</span> <span class='ocrx_word' id='word_1_339' title='bbox 2918 2129 3213 2199; x_wconf 86' lang='lat' dir='ltr'>majorem.</span> <span class='ocrx_word' id='word_1_340' title='bbox 3247 2132 3407 2197; x_wconf 86' lang='lat' dir='ltr'>Quod</span> <span class='ocrx_word' id='word_1_341' title='bbox 3434 2114 3584 2206; x_wconf 81' lang='lat' dir='ltr'>post-</span> 
     </span>
    </p>
   </div>
   <div class='ocr_carea' id='block_1_53' title="bbox 1983 2216 3581 2284">
    <p class='ocr_par' dir='ltr' id='par_1_53' title="bbox 1983 2216 3581 2284">
     <span class='ocr_line' id='line_1_53' title="bbox 1983 2216 3581 2284; baseline 0.014 -26"><span class='ocrx_word' id='word_1_342' title='bbox 1983 2220 2149 2275; x_wconf 89' lang='lat' dir='ltr'>quam</span> <span class='ocrx_word' id='word_1_343' title='bbox 2180 2224 2468 2279; x_wconf 81' lang='lat' dir='ltr'>regressus</span> <span class='ocrx_word' id='word_1_344' title='bbox 2496 2228 2662 2266; x_wconf 85' lang='lat' dir='ltr'>senex</span> <span class='ocrx_word' id='word_1_345' title='bbox 2690 2216 2935 2284; x_wconf 87' lang='lat' dir='ltr'>agnovit,</span> <span class='ocrx_word' id='word_1_346' title='bbox 2967 2218 3101 2272; x_wconf 90' lang='lat' dir='ltr'>tulit</span> <span class='ocrx_word' id='word_1_347' title='bbox 3131 2221 3394 2276; x_wconf 90' lang='lat' dir='ltr'>melotem</span> <span class='ocrx_word' id='word_1_348' title='bbox 3419 2240 3581 2280; x_wconf 89' lang='lat' dir='ltr'>suam</span> 
     </span>
    </p>
   </div>
   <div class='ocr_carea' id='block_1_54' title="bbox 1981 2296 3578 2384">
    <p class='ocr_par' dir='ltr' id='par_1_54' title="bbox 1981 2296 3578 2384">
     <span class='ocr_line' id='line_1_54' title="bbox 1981 2296 3578 2384; baseline 0.013 -36"><span class='ocrx_word' id='word_1_349' title='bbox 1981 2300 2047 2348; x_wconf 91' lang='lat' dir='ltr'>ut</span> <span class='ocrx_word' id='word_1_350' title='bbox 2073 2296 2403 2353; x_wconf 87' lang='lat' dir='ltr'>discederet.</span> <span class='ocrx_word' id='word_1_351' title='bbox 2434 2301 2510 2355; x_wconf 85' lang='lat' dir='ltr'>At</span> <span class='ocrx_word' id='word_1_352' title='bbox 2535 2301 2616 2355; x_wconf 91' lang='lat' dir='ltr'>illi</span> <span class='ocrx_word' id='word_1_353' title='bbox 2650 2303 3009 2373; x_wconf 89' lang='lat' dir='ltr'>projicientes</span> <span class='ocrx_word' id='word_1_354' title='bbox 3037 2324 3097 2362; x_wconf 92' lang='lat' dir='ltr'>se</span> <span class='ocrx_word' id='word_1_355' title='bbox 3126 2309 3196 2363; x_wconf 91' lang='lat' dir='ltr'>ad</span> <span class='ocrx_word' id='word_1_356' title='bbox 3226 2311 3397 2381; x_wconf 90' lang='lat' dir='ltr'>pedes</span> <span class='ocrx_word' id='word_1_357' title='bbox 3432 2315 3578 2384; x_wconf 86' lang='lat' dir='ltr'>ejus,</span> 
     </span>
    </p>
   </div>
   <div class='ocr_carea' id='block_1_55' title="bbox 1980 2386 3576 2470">
    <p class='ocr_par' dir='ltr' id='par_1_55' title="bbox 1980 2386 3576 2470">
     <span class='ocr_line' id='line_1_55' title="bbox 1980 2386 3576 2470; baseline 0.013 -33"><span class='ocrx_word' id='word_1_358' title='bbox 1980 2391 2210 2456; x_wconf 90' lang='lat' dir='ltr'>propter</span> <span class='ocrx_word' id='word_1_359' title='bbox 2229 2386 2362 2458; x_wconf 90' lang='lat' dir='ltr'>quid</span> <span class='ocrx_word' id='word_1_360' title='bbox 2390 2388 2495 2442; x_wconf 92' lang='lat' dir='ltr'>hoc</span> <span class='ocrx_word' id='word_1_361' title='bbox 2522 2389 2748 2459; x_wconf 86' lang='lat' dir='ltr'>faceret,</span> <span class='ocrx_word' id='word_1_362' title='bbox 2771 2398 2837 2447; x_wconf 93' lang='lat' dir='ltr'>ut</span> <span class='ocrx_word' id='word_1_363' title='bbox 2879 2394 3170 2463; x_wconf 90' lang='lat' dir='ltr'>indicaret,</span> <span class='ocrx_word' id='word_1_364' title='bbox 3196 2401 3576 2470; x_wconf 86' lang='lat' dir='ltr'>postulabant.</span> 
     </span>
    </p>
   </div>
   <div class='ocr_carea' id='block_1_56' title="bbox 1981 2473 3581 2557">
    <p class='ocr_par' dir='ltr' id='par_1_56' title="bbox 1981 2473 3581 2557">
     <span class='ocr_line' id='line_1_56' title="bbox 1981 2473 3581 2557; baseline 0.013 -31"><span class='ocrx_word' id='word_1_365' title='bbox 1981 2473 2136 2528; x_wconf 86' lang='lat' dir='ltr'>Tunc</span> <span class='ocrx_word' id='word_1_366' title='bbox 2164 2491 2332 2529; x_wconf 90' lang='lat' dir='ltr'>senex</span> <span class='ocrx_word' id='word_1_367' title='bbox 2374 2476 2455 2530; x_wconf 90' lang='lat' dir='ltr'>ait</span> <span class='ocrx_word' id='word_1_368' title='bbox 2501 2493 2513 2527; x_wconf 92' lang='lat'>:</span> <span class='ocrx_word' id='word_1_369' title='bbox 2553 2479 2679 2534; x_wconf 91' lang='lat' dir='ltr'>Non</span> <span class='ocrx_word' id='word_1_370' title='bbox 2704 2479 3009 2552; x_wconf 89' lang='lat' dir='ltr'>ingredior,</span> <span class='ocrx_word' id='word_1_371' title='bbox 3048 2485 3249 2557; x_wconf 91' lang='lat' dir='ltr'>inquit,</span> <span class='ocrx_word' id='word_1_372' title='bbox 3294 2489 3353 2544; x_wconf 92' lang='lat' dir='ltr'>in</span> <span class='ocrx_word' id='word_1_373' title='bbox 3381 2492 3581 2547; x_wconf 89' lang='lat' dir='ltr'>cellam</span> 
     </span>
    </p>
   </div>
   <div class='ocr_carea' id='block_1_57' title="bbox 1982 2561 3580 2646">
    <p class='ocr_par' dir='ltr' id='par_1_57' title="bbox 1982 2561 3580 2646">
     <span class='ocr_line' id='line_1_57' title="bbox 1982 2561 3580 2646; baseline 0.014 -31"><span class='ocrx_word' id='word_1_374' title='bbox 1982 2561 2145 2629; x_wconf 90' lang='lat' dir='ltr'>hanc,</span> <span class='ocrx_word' id='word_1_375' title='bbox 2174 2564 2282 2618; x_wconf 90' lang='lat' dir='ltr'>nisi</span> <span class='ocrx_word' id='word_1_376' title='bbox 2312 2581 2473 2637; x_wconf 90' lang='lat' dir='ltr'>sepes</span> <span class='ocrx_word' id='word_1_377' title='bbox 2499 2566 2674 2623; x_wconf 90' lang='lat' dir='ltr'>fuerit</span> <span class='ocrx_word' id='word_1_378' title='bbox 2693 2568 2750 2624; x_wconf 91' lang='lat' dir='ltr'>in</span> <span class='ocrx_word' id='word_1_379' title='bbox 2779 2570 2965 2626; x_wconf 91' lang='lat' dir='ltr'>locum</span> <span class='ocrx_word' id='word_1_380' title='bbox 2988 2590 3153 2630; x_wconf 91' lang='lat' dir='ltr'>suum</span> <span class='ocrx_word' id='word_1_381' title='bbox 3170 2580 3580 2646; x_wconf 89' lang='lat' dir='ltr'>revocata.Quo</span> 
     </span>
    </p>
   </div>
   <div class='ocr_carea' id='block_1_58' title="bbox 1980 2652 2873 2727">
    <p class='ocr_par' dir='ltr' id='par_1_58' title="bbox 1980 2652 2873 2727">
     <span class='ocr_line' id='line_1_58' title="bbox 1980 2652 2873 2727; baseline 0.011 -22"><span class='ocrx_word' id='word_1_382' title='bbox 1980 2668 2108 2706; x_wconf 88' lang='lat' dir='ltr'>mox</span> <span class='ocrx_word' id='word_1_383' title='bbox 2136 2652 2281 2708; x_wconf 90' lang='lat' dir='ltr'>facto</span> <span class='ocrx_word' id='word_1_384' title='bbox 2335 2654 2416 2709; x_wconf 89' lang='lat' dir='ltr'>ita</span> <span class='ocrx_word' id='word_1_385' title='bbox 2444 2654 2739 2727; x_wconf 79' lang='lat' dir='ltr'>regresSus</span> <span class='ocrx_word' id='word_1_386' title='bbox 2768 2664 2873 2715; x_wconf 89' lang='lat' dir='ltr'>est.</span> 
     </span>
    </p>
   </div>
   <div class='ocr_carea' id='block_1_59' title="bbox 2048 2740 3581 2820">
    <p class='ocr_par' dir='ltr' id='par_1_59' title="bbox 2048 2740 3581 2820">
     <span class='ocr_line' id='line_1_59' title="bbox 2048 2740 3581 2820; baseline 0.014 -25"><span class='ocrx_word' id='word_1_387' title='bbox 2048 2740 2102 2796; x_wconf 81' lang='lat'>2.</span> <span class='ocrx_word' id='word_1_388' title='bbox 2137 2742 2376 2806; x_wconf 88' lang='lat' dir='ltr'>Quidam</span> <span class='ocrx_word' id='word_1_389' title='bbox 2419 2744 2595 2800; x_wconf 85' lang='lat' dir='ltr'>frater</span> <span class='ocrx_word' id='word_1_390' title='bbox 2640 2748 2935 2820; x_wconf 86' lang='lat' dir='ltr'>requisivit</span> <span class='ocrx_word' id='word_1_391' title='bbox 2976 2769 3188 2820; x_wconf 89' lang='lat' dir='ltr'>senem,</span> <span class='ocrx_word' id='word_1_392' title='bbox 3233 2756 3423 2813; x_wconf 90' lang='lat' dir='ltr'>dicens</span> <span class='ocrx_word' id='word_1_393' title='bbox 3461 2778 3472 2813; x_wconf 90' lang='lat'><strong>:</strong></span> <span class='ocrx_word' id='word_1_394' title='bbox 3521 2762 3581 2818; x_wconf 88' lang='lat' dir='ltr'>Si</span> 
     </span>
    </p>
   </div>
   <div class='ocr_carea' id='block_1_60' title="bbox 1979 2829 3580 2919">
    <p class='ocr_par' dir='ltr' id='par_1_60' title="bbox 1979 2829 3580 2919">
     <span class='ocr_line' id='line_1_60' title="bbox 1979 2829 3580 2919; baseline 0.015 -37"><span class='ocrx_word' id='word_1_395' title='bbox 1979 2829 2118 2883; x_wconf 89' lang='lat' dir='ltr'>mihi</span> <span class='ocrx_word' id='word_1_396' title='bbox 2143 2831 2310 2886; x_wconf 90' lang='lat' dir='ltr'>debet</span> <span class='ocrx_word' id='word_1_397' title='bbox 2328 2849 2536 2904; x_wconf 88' lang='lat' dir='ltr'>paucos</span> <span class='ocrx_word' id='word_1_398' title='bbox 2565 2852 2829 2892; x_wconf 90' lang='lat' dir='ltr'>nummos</span> <span class='ocrx_word' id='word_1_399' title='bbox 2851 2839 3044 2908; x_wconf 86' lang='lat' dir='ltr'>frater,</span> <span class='ocrx_word' id='word_1_400' title='bbox 3062 2843 3228 2913; x_wconf 90' lang='lat' dir='ltr'>jubes</span> <span class='ocrx_word' id='word_1_401' title='bbox 3246 2852 3311 2901; x_wconf 91' lang='lat' dir='ltr'>ut</span> <span class='ocrx_word' id='word_1_402' title='bbox 3328 2854 3580 2919; x_wconf 86' lang='lat' dir='ltr'>repetam</span> 
     </span>
    </p>
   </div>
   <div class='ocr_carea' id='block_1_61' title="bbox 1979 2922 3577 2994">
    <p class='ocr_par' dir='ltr' id='par_1_61' title="bbox 1979 2922 3577 2994">
     <span class='ocr_line' id='line_1_61' title="bbox 1979 2922 3577 2994; baseline 0.014 -21"><span class='ocrx_word' id='word_1_403' title='bbox 1979 2935 2075 2973; x_wconf 92' lang='lat' dir='ltr'>eos</span> <span class='ocrx_word' id='word_1_404' title='bbox 2117 2922 2300 2991; x_wconf 64' lang='lat' dir='ltr'>(Rulli,</span> <span class='ocrx_word' id='word_1_405' title='bbox 2338 2926 2377 2977; x_wconf 84' lang='grc' dir='ltr'>ι.</span> <span class='ocrx_word' id='word_1_406' title='bbox 2419 2938 2504 2988; x_wconf 77' lang='lat' dir='ltr'>in,</span> <span class='ocrx_word' id='word_1_407' title='bbox 2537 2941 2594 2979; x_wconf 83' lang='grc' dir='ltr'>η.</span> <span class='ocrx_word' id='word_1_408' title='bbox 2632 2923 2749 2993; x_wconf 83' lang='grc'>170)</span> <span class='ocrx_word' id='word_1_409' title='bbox 2787 2928 2812 2980; x_wconf 90' lang='lat'>?</span> <span class='ocrx_word' id='word_1_410' title='bbox 2849 2929 2954 2983; x_wconf 91' lang='lat' dir='ltr'>Cui</span> <span class='ocrx_word' id='word_1_411' title='bbox 2983 2947 3152 2987; x_wconf 83' lang='lat' dir='ltr'>senex</span> <span class='ocrx_word' id='word_1_412' title='bbox 3183 2951 3195 2987; x_wconf 92' lang='lat'><strong>:</strong></span> <span class='ocrx_word' id='word_1_413' title='bbox 3230 2935 3415 2991; x_wconf 90' lang='lat' dir='ltr'>Semel</span> <span class='ocrx_word' id='word_1_414' title='bbox 3447 2943 3577 2994; x_wconf 89' lang='lat' dir='ltr'>tan-</span> 
     </span>
    </p>
   </div>
   <div class='ocr_carea' id='block_1_62' title="bbox 1978 3011 3574 3082">
    <p class='ocr_par' dir='ltr' id='par_1_62' title="bbox 1978 3011 3574 3082">
     <span class='ocr_line' id='line_1_62' title="bbox 1978 3011 3574 3082; baseline 0.013 -21"><span class='ocrx_word' id='word_1_415' title='bbox 1978 3011 2268 3065; x_wconf 90' lang='lat' dir='ltr'>tummodo</span> <span class='ocrx_word' id='word_1_416' title='bbox 2320 3011 2402 3066; x_wconf 89' lang='lat' dir='ltr'>illi</span> <span class='ocrx_word' id='word_1_417' title='bbox 2453 3012 2541 3067; x_wconf 92' lang='lat' dir='ltr'>dic</span> <span class='ocrx_word' id='word_1_418' title='bbox 2570 3030 2697 3069; x_wconf 90' lang='lat' dir='ltr'>cum</span> <span class='ocrx_word' id='word_1_419' title='bbox 2752 3016 3090 3075; x_wconf 88' lang='lat' dir='ltr'>humilitate.</span> <span class='ocrx_word' id='word_1_420' title='bbox 3139 3023 3215 3076; x_wconf 88' lang='lat' dir='ltr'>At</span> <span class='ocrx_word' id='word_1_421' title='bbox 3260 3023 3355 3078; x_wconf 92' lang='lat' dir='ltr'>ille</span> <span class='ocrx_word' id='word_1_422' title='bbox 3393 3026 3574 3082; x_wconf 85' lang='lat' dir='ltr'>dixit:</span> 
     </span>
    </p>
   </div>
   <div class='ocr_carea' id='block_1_63' title="bbox 294 3094 3583 3184">
    <p class='ocr_par' dir='ltr' id='par_1_63' title="bbox 294 3094 3583 3184">
     <span class='ocr_line' id='line_1_63' title="bbox 294 3094 3583 3184; baseline 0.006 -34"><span class='ocrx_word' id='word_1_423' title='bbox 294 3106 580 3178; x_wconf 60' lang='lat' dir='ltr'>acquiras,</span> <span class='ocrx_word' id='word_1_424' title='bbox 612 3109 761 3179; x_wconf 77' lang='lat' dir='ltr'>quod</span> <span class='ocrx_word' id='word_1_425' title='bbox 792 3109 953 3164; x_wconf 71' lang='lat' dir='ltr'>fratri</span> <span class='ocrx_word' id='word_1_426' title='bbox 983 3115 1040 3164; x_wconf 72' lang='lat' dir='ltr'>te</span> <span class='ocrx_word' id='word_1_427' title='bbox 1068 3110 1283 3181; x_wconf 65' lang='lat' dir='ltr'>petenti</span> <span class='ocrx_word' id='word_1_428' title='bbox 1311 3110 1447 3165; x_wconf 68' lang='lat' dir='ltr'>dare</span> <span class='ocrx_word' id='word_1_429' title='bbox 1476 3110 1683 3181; x_wconf 62' lang='lat' dir='ltr'>pigeat,</span> <span class='ocrx_word' id='word_1_430' title='bbox 1718 3115 1776 3165; x_wconf 73' lang='lat' dir='ltr'>et</span> <span class='ocrx_word' id='word_1_431' title='bbox 1797 3127 1898 3182; x_wconf 67' lang='lat' dir='ltr'>per</span> <span class='ocrx_word' id='word_1_432' title='bbox 1917 3094 1961 3154; x_wconf 90' lang='lat' dir='ltr'>C</span> <span class='ocrx_word' id='word_1_433' title='bbox 1984 3097 2143 3162; x_wconf 87' lang='lat' dir='ltr'>Quod</span> <span class='ocrx_word' id='word_1_434' title='bbox 2170 3100 2218 3154; x_wconf 89' lang='lat' dir='ltr'>si</span> <span class='ocrx_word' id='word_1_435' title='bbox 2244 3101 2421 3155; x_wconf 89' lang='lat' dir='ltr'>semel</span> <span class='ocrx_word' id='word_1_436' title='bbox 2445 3102 2655 3166; x_wconf 90' lang='lat' dir='ltr'>dixero,</span> <span class='ocrx_word' id='word_1_437' title='bbox 2682 3109 2739 3158; x_wconf 92' lang='lat' dir='ltr'>et</span> <span class='ocrx_word' id='word_1_438' title='bbox 2762 3105 2905 3159; x_wconf 87' lang='lat' dir='ltr'>nihil</span> <span class='ocrx_word' id='word_1_439' title='bbox 2927 3108 3067 3163; x_wconf 92' lang='lat' dir='ltr'>mihi</span> <span class='ocrx_word' id='word_1_440' title='bbox 3094 3110 3331 3179; x_wconf 87' lang='lat' dir='ltr'>dederit,</span> <span class='ocrx_word' id='word_1_441' title='bbox 3349 3114 3483 3184; x_wconf 92' lang='lat' dir='ltr'>quid</span> <span class='ocrx_word' id='word_1_442' title='bbox 3502 3116 3583 3170; x_wconf 88' lang='lat' dir='ltr'>fa-</span> 
     </span>
    </p>
   </div>
   <div class='ocr_carea' id='block_1_64' title="bbox 290 3187 1893 3272">
    <p class='ocr_par' dir='ltr' id='par_1_64' title="bbox 290 3187 1893 3272">
     <span class='ocr_line' id='line_1_64' title="bbox 290 3187 1893 3272; baseline 0.002 -21"><span class='ocrx_word' id='word_1_443' title='bbox 290 3187 403 3251; x_wconf 84' lang='lat' dir='ltr'>hoc</span> <span class='ocrx_word' id='word_1_444' title='bbox 420 3196 722 3252; x_wconf 88' lang='lat' dir='ltr'>inveniaris</span> <span class='ocrx_word' id='word_1_445' title='bbox 751 3199 1017 3254; x_wconf 88' lang='lat' dir='ltr'>mandata</span> <span class='ocrx_word' id='word_1_446' title='bbox 1037 3199 1138 3253; x_wconf 85' lang='lat' dir='ltr'>Dei</span> <span class='ocrx_word' id='word_1_447' title='bbox 1157 3199 1713 3269; x_wconf 87' lang='lat' dir='ltr'>transgrediens.Qui</span> <span class='ocrx_word' id='word_1_448' title='bbox 1735 3200 1893 3272; x_wconf 91' lang='lat' dir='ltr'>petit,</span> 
     </span>
    </p>
   </div>
   <div class='ocr_carea' id='block_1_65' title="bbox 289 3285 1892 3359">
    <p class='ocr_par' dir='ltr' id='par_1_65' title="bbox 289 3285 1892 3359">
     <span class='ocr_line' id='line_1_65' title="bbox 289 3285 1892 3359; baseline 0.002 -19"><span class='ocrx_word' id='word_1_449' title='bbox 289 3285 369 3341; x_wconf 88' lang='lat' dir='ltr'>da</span> <span class='ocrx_word' id='word_1_450' title='bbox 397 3287 449 3341; x_wconf 89' lang='lat' dir='ltr'>ei</span> <span class='ocrx_word' id='word_1_451' title='bbox 470 3305 485 3355; x_wconf 91' lang='lat'><strong>;</strong></span> <span class='ocrx_word' id='word_1_452' title='bbox 508 3292 567 3341; x_wconf 90' lang='lat' dir='ltr'>et</span> <span class='ocrx_word' id='word_1_453' title='bbox 582 3287 787 3342; x_wconf 84' lang='lat' dir='ltr'>volenti</span> <span class='ocrx_word' id='word_1_454' title='bbox 808 3305 843 3342; x_wconf 90' lang='lat' dir='ltr'>a</span> <span class='ocrx_word' id='word_1_455' title='bbox 861 3293 918 3343; x_wconf 91' lang='lat' dir='ltr'>te</span> <span class='ocrx_word' id='word_1_456' title='bbox 948 3289 1217 3355; x_wconf 89' lang='lat' dir='ltr'>mutuari,</span> <span class='ocrx_word' id='word_1_457' title='bbox 1242 3304 1312 3343; x_wconf 89' lang='lat' dir='ltr'>ne</span> <span class='ocrx_word' id='word_1_458' title='bbox 1333 3289 1604 3343; x_wconf 87' lang='lat' dir='ltr'>avertaris</span> <span class='ocrx_word' id='word_1_459' title='bbox 1617 3291 1892 3359; x_wconf 59' lang='lat' dir='ltr'>(Lucam).</span> 
     </span>
    </p>
   </div>
   <div class='ocr_carea' id='block_1_66' title="bbox 918 3377 1282 3433">
    <p class='ocr_par' dir='ltr' id='par_1_66' title="bbox 918 3377 1282 3433">
     <span class='ocr_line' id='line_1_66' title="bbox 918 3377 1282 3433; baseline 0 -2"><span class='ocrx_word' id='word_1_460' title='bbox 918 3377 1154 3432; x_wconf 85' lang='lat' dir='ltr'>CAPUT</span> <span class='ocrx_word' id='word_1_461' title='bbox 1182 3378 1282 3433; x_wconf 92' lang='lat' dir='ltr'>III.</span> 
     </span>
    </p>
   </div>
   <div class='ocr_carea' id='block_1_67' title="bbox 289 3466 1891 3536">
    <p class='ocr_par' dir='ltr' id='par_1_67' title="bbox 289 3466 1891 3536">
     <span class='ocr_line' id='line_1_67' title="bbox 289 3466 1891 3536; baseline 0 -15"><span class='ocrx_word' id='word_1_462' title='bbox 289 3466 451 3521; x_wconf 75' lang='lat' dir='ltr'>Nihil</span> <span class='ocrx_word' id='word_1_463' title='bbox 481 3467 776 3522; x_wconf 80' lang='lat' dir='ltr'>dolendum</span> <span class='ocrx_word' id='word_1_464' title='bbox 814 3467 1098 3533; x_wconf 85' lang='lat' dir='ltr'>monacho,</span> <span class='ocrx_word' id='word_1_465' title='bbox 1151 3469 1202 3520; x_wconf 79' lang='lat' dir='ltr'>si</span> <span class='ocrx_word' id='word_1_466' title='bbox 1255 3468 1392 3536; x_wconf 83' lang='lat' dir='ltr'>quid</span> <span class='ocrx_word' id='word_1_467' title='bbox 1434 3468 1741 3536; x_wconf 74' lang='lat' dir='ltr'>perdiderit</span> <span class='ocrx_word' id='word_1_468' title='bbox 1790 3472 1891 3523; x_wconf 82' lang='lat' dir='ltr'>aut</span> 
     </span>
    </p>
   </div>
   <div class='ocr_carea' id='block_1_68' title="bbox 956 3558 1229 3611">
    <p class='ocr_par' dir='ltr' id='par_1_68' title="bbox 956 3558 1229 3611">
     <span class='ocr_line' id='line_1_68' title="bbox 956 3558 1229 3611; baseline 0 -2"><span class='ocrx_word' id='word_1_469' title='bbox 956 3558 1229 3611; x_wconf 78' lang='lat' dir='ltr'>amiserit.</span> 
     </span>
    </p>
   </div>
   <div class='ocr_carea' id='block_1_69' title="bbox 362 3643 1893 3717">
    <p class='ocr_par' dir='ltr' id='par_1_69' title="bbox 362 3643 1893 3717">
     <span class='ocr_line' id='line_1_69' title="bbox 362 3643 1893 3717; baseline 0.002 -19"><span class='ocrx_word' id='word_1_470' title='bbox 362 3644 415 3697; x_wconf 83' lang='grc'>1.</span> <span class='ocrx_word' id='word_1_471' title='bbox 448 3643 636 3699; x_wconf 85' lang='lat' dir='ltr'>Abbas</span> <span class='ocrx_word' id='word_1_472' title='bbox 656 3645 934 3699; x_wconf 90' lang='lat' dir='ltr'>Macarius</span> <span class='ocrx_word' id='word_1_473' title='bbox 952 3644 1085 3699; x_wconf 90' lang='lat' dir='ltr'>dum</span> <span class='ocrx_word' id='word_1_474' title='bbox 1105 3649 1253 3699; x_wconf 91' lang='lat' dir='ltr'>esset</span> <span class='ocrx_word' id='word_1_475' title='bbox 1272 3644 1331 3699; x_wconf 92' lang='lat' dir='ltr'>in</span> <span class='ocrx_word' id='word_1_476' title='bbox 1351 3645 1606 3717; x_wconf 66' lang='lat' dir='ltr'>Egypto,</span> <span class='ocrx_word' id='word_1_477' title='bbox 1631 3651 1688 3700; x_wconf 90' lang='lat' dir='ltr'>et</span> <span class='ocrx_word' id='word_1_478' title='bbox 1706 3662 1893 3717; x_wconf 86' lang='lat' dir='ltr'>egres-</span> 
     </span>
    </p>
   </div>
   <div class='ocr_carea' id='block_1_70' title="bbox 286 3733 1890 3806">
    <p class='ocr_par' dir='ltr' id='par_1_70' title="bbox 286 3733 1890 3806">
     <span class='ocr_line' id='line_1_70' title="bbox 286 3733 1890 3806; baseline 0.001 -18"><span class='ocrx_word' id='word_1_479' title='bbox 286 3750 388 3789; x_wconf 89' lang='lat' dir='ltr'>sus</span> <span class='ocrx_word' id='word_1_480' title='bbox 413 3733 612 3789; x_wconf 70' lang='lat' dir='ltr'>fuisset</span> <span class='ocrx_word' id='word_1_481' title='bbox 631 3734 701 3788; x_wconf 92' lang='lat' dir='ltr'>de</span> <span class='ocrx_word' id='word_1_482' title='bbox 723 3734 863 3788; x_wconf 91' lang='lat' dir='ltr'>cella</span> <span class='ocrx_word' id='word_1_483' title='bbox 889 3750 1010 3799; x_wconf 90' lang='lat' dir='ltr'>sua,</span> <span class='ocrx_word' id='word_1_484' title='bbox 1029 3750 1319 3805; x_wconf 88' lang='lat' dir='ltr'>regressus</span> <span class='ocrx_word' id='word_1_485' title='bbox 1343 3734 1559 3788; x_wconf 87' lang='lat' dir='ltr'>invenit</span> <span class='ocrx_word' id='word_1_486' title='bbox 1589 3736 1890 3806; x_wconf 89' lang='lat' dir='ltr'>quemdam</span> 
     </span>
    </p>
   </div>
   <div class='ocr_carea' id='block_1_71' title="bbox 284 3822 1894 3894">
    <p class='ocr_par' dir='ltr' id='par_1_71' title="bbox 284 3822 1894 3894">
     <span class='ocr_line' id='line_1_71' title="bbox 284 3822 1894 3894; baseline 0.001 -17"><span class='ocrx_word' id='word_1_487' title='bbox 284 3824 570 3877; x_wconf 89' lang='lat' dir='ltr'>latronem</span> <span class='ocrx_word' id='word_1_488' title='bbox 618 3822 901 3878; x_wconf 88' lang='lat' dir='ltr'>furantem</span> <span class='ocrx_word' id='word_1_489' title='bbox 950 3822 1009 3877; x_wconf 91' lang='lat' dir='ltr'>id</span> <span class='ocrx_word' id='word_1_490' title='bbox 1037 3823 1185 3894; x_wconf 90' lang='lat' dir='ltr'>quod</span> <span class='ocrx_word' id='word_1_491' title='bbox 1226 3824 1288 3877; x_wconf 91' lang='lat' dir='ltr'>in</span> <span class='ocrx_word' id='word_1_492' title='bbox 1331 3823 1475 3877; x_wconf 89' lang='lat' dir='ltr'>cella</span> <span class='ocrx_word' id='word_1_493' title='bbox 1509 3840 1614 3878; x_wconf 90' lang='lat' dir='ltr'>sua</span> <span class='ocrx_word' id='word_1_494' title='bbox 1659 3822 1894 3879; x_wconf 88' lang='lat' dir='ltr'>haberet</span> 
     </span>
    </p>
   </div>
   <div class='ocr_carea' id='block_1_72' title="bbox 290 3910 1889 3983">
    <p class='ocr_par' dir='ltr' id='par_1_72' title="bbox 290 3910 1889 3983">
     <span class='ocr_line' id='line_1_72' title="bbox 290 3910 1889 3983; baseline -0.001 -14"><span class='ocrx_word' id='word_1_495' title='bbox 290 3915 479 3980; x_wconf 79' lang='lat' dir='ltr'>(Ru/I.,</span> <span class='ocrx_word' id='word_1_496' title='bbox 531 3916 569 3966; x_wconf 84' lang='grc' dir='ltr'>ι.</span> <span class='ocrx_word' id='word_1_497' title='bbox 624 3927 707 3979; x_wconf 85' lang='lat' dir='ltr'>1n,</span> <span class='ocrx_word' id='word_1_498' title='bbox 762 3928 920 3967; x_wconf 84' lang='lat' dir='ltr'>num.</span> <span class='ocrx_word' id='word_1_499' title='bbox 976 3910 1078 3980; x_wconf 89' lang='lat'>73;</span> <span class='ocrx_word' id='word_1_500' title='bbox 1111 3915 1319 3981; x_wconf 83' lang='lat' dir='ltr'>Pelag.,</span> <span class='ocrx_word' id='word_1_501' title='bbox 1353 3914 1521 3968; x_wconf 75' lang='lat' dir='ltr'>libell.</span> <span class='ocrx_word' id='word_1_502' title='bbox 1572 3930 1680 3980; x_wconf 77' lang='lat' dir='ltr'>va,</span> <span class='ocrx_word' id='word_1_503' title='bbox 1717 3931 1775 3968; x_wconf 84' lang='grc' dir='ltr'>η.</span> <span class='ocrx_word' id='word_1_504' title='bbox 1815 3913 1889 3983; x_wconf 85' lang='grc'>6).</span> 
     </span>
    </p>
   </div>
   <div class='ocr_carea' id='block_1_73' title="bbox 285 4001 1894 4073">
    <p class='ocr_par' dir='ltr' id='par_1_73' title="bbox 285 4001 1894 4073">
     <span class='ocr_line' id='line_1_73' title="bbox 285 4001 1894 4073; baseline -0.001 -16"><span class='ocrx_word' id='word_1_505' title='bbox 285 4001 462 4057; x_wconf 87' lang='lat' dir='ltr'>Stetit</span> <span class='ocrx_word' id='word_1_506' title='bbox 486 4017 622 4071; x_wconf 89' lang='lat' dir='ltr'>ergo</span> <span class='ocrx_word' id='word_1_507' title='bbox 653 4006 710 4056; x_wconf 89' lang='lat' dir='ltr'>et</span> <span class='ocrx_word' id='word_1_508' title='bbox 730 4001 850 4073; x_wconf 91' lang='lat' dir='ltr'>ipse</span> <span class='ocrx_word' id='word_1_509' title='bbox 863 4006 1135 4072; x_wconf 90' lang='lat' dir='ltr'>tanquam</span> <span class='ocrx_word' id='word_1_510' title='bbox 1146 4002 1496 4073; x_wconf 87' lang='lat' dir='ltr'>peregrinus,</span> <span class='ocrx_word' id='word_1_511' title='bbox 1521 4007 1579 4056; x_wconf 91' lang='lat' dir='ltr'>et</span> <span class='ocrx_word' id='word_1_512' title='bbox 1597 4002 1894 4057; x_wconf 87' lang='lat' dir='ltr'>carricavit</span> 
     </span>
    </p>
   </div>
   <div class='ocr_carea' id='block_1_74' title="bbox 275 4091 1893 4163">
    <p class='ocr_par' dir='ltr' id='par_1_74' title="bbox 275 4091 1893 4163">
     <span class='ocr_line' id='line_1_74' title="bbox 275 4091 1893 4163; baseline 0.001 -17"><span class='ocrx_word' id='word_1_513' title='bbox 275 4092 498 4146; x_wconf 89' lang='lat' dir='ltr'>animal</span> <span class='ocrx_word' id='word_1_514' title='bbox 527 4107 656 4146; x_wconf 90' lang='lat' dir='ltr'>cum</span> <span class='ocrx_word' id='word_1_515' title='bbox 693 4091 818 4158; x_wconf 90' lang='lat' dir='ltr'>illo;</span> <span class='ocrx_word' id='word_1_516' title='bbox 850 4097 905 4145; x_wconf 90' lang='lat' dir='ltr'>et</span> <span class='ocrx_word' id='word_1_517' title='bbox 935 4107 1064 4146; x_wconf 89' lang='lat' dir='ltr'>cum</span> <span class='ocrx_word' id='word_1_518' title='bbox 1105 4107 1317 4161; x_wconf 85' lang='lat' dir='ltr'>magna</span> <span class='ocrx_word' id='word_1_519' title='bbox 1347 4092 1623 4163; x_wconf 88' lang='lat' dir='ltr'>patientia</span> <span class='ocrx_word' id='word_1_520' title='bbox 1656 4092 1893 4147; x_wconf 87' lang='lat' dir='ltr'>deduxit</span> 
     </span>
    </p>
   </div>
   <div class='ocr_carea' id='block_1_75' title="bbox 279 4180 1898 4252">
    <p class='ocr_par' dir='ltr' id='par_1_75' title="bbox 279 4180 1898 4252">
     <span class='ocr_line' id='line_1_75' title="bbox 279 4180 1898 4252; baseline 0 -16"><span class='ocrx_word' id='word_1_521' title='bbox 279 4197 441 4245; x_wconf 86' lang='lat' dir='ltr'>eum,</span> <span class='ocrx_word' id='word_1_522' title='bbox 471 4180 703 4235; x_wconf 88' lang='lat' dir='ltr'>dicens:</span> <span class='ocrx_word' id='word_1_523' title='bbox 750 4180 842 4235; x_wconf 91' lang='lat' dir='ltr'>Nil</span> <span class='ocrx_word' id='word_1_524' title='bbox 871 4180 1167 4235; x_wconf 89' lang='lat' dir='ltr'>intulimus</span> <span class='ocrx_word' id='word_1_525' title='bbox 1218 4182 1276 4235; x_wconf 91' lang='lat' dir='ltr'>in</span> <span class='ocrx_word' id='word_1_526' title='bbox 1328 4181 1478 4236; x_wconf 91' lang='lat' dir='ltr'>hunc</span> <span class='ocrx_word' id='word_1_527' title='bbox 1526 4182 1802 4235; x_wconf 90' lang='lat' dir='ltr'>mundum</span> <span class='ocrx_word' id='word_1_528' title='bbox 1838 4182 1898 4252; x_wconf 87' lang='grc' dir='ltr'>(Ῐ</span> 
     </span>
    </p>
   </div>
   <div class='ocr_carea' id='block_1_76' title="bbox 282 4269 1890 4341">
    <p class='ocr_par' dir='ltr' id='par_1_76' title="bbox 282 4269 1890 4341">
     <span class='ocr_line' id='line_1_76' title="bbox 282 4269 1890 4341; baseline -0.001 -16"><span class='ocrx_word' id='word_1_529' title='bbox 282 4272 433 4325; x_wconf 80' lang='lat' dir='ltr'>Tim.</span> <span class='ocrx_word' id='word_1_530' title='bbox 456 4278 530 4332; x_wconf 76' lang='grc' dir='ltr'>νη</span> <span class='ocrx_word' id='word_1_531' title='bbox 554 4289 567 4324; x_wconf 90' lang='lat'><strong>:</strong></span> <span class='ocrx_word' id='word_1_532' title='bbox 591 4270 864 4325; x_wconf 89' lang='lat' dir='ltr'>Dominus</span> <span class='ocrx_word' id='word_1_533' title='bbox 884 4269 1335 4335; x_wconf 90' lang='lat' dir='ltr'>dedit,Dominus</span> <span class='ocrx_word' id='word_1_534' title='bbox 1355 4270 1611 4341; x_wconf 87' lang='lat' dir='ltr'>abstulit,</span> <span class='ocrx_word' id='word_1_535' title='bbox 1644 4271 1789 4325; x_wconf 91' lang='lat' dir='ltr'>sicut</span> <span class='ocrx_word' id='word_1_536' title='bbox 1807 4270 1890 4325; x_wconf 91' lang='lat' dir='ltr'>illi</span> 
     </span>
    </p>
   </div>
   <div class='ocr_carea' id='block_1_77' title="bbox 278 4360 1889 4432">
    <p class='ocr_par' dir='ltr' id='par_1_77' title="bbox 278 4360 1889 4432">
     <span class='ocr_line' id='line_1_77' title="bbox 278 4360 1889 4432; baseline 0 -17"><span class='ocrx_word' id='word_1_537' title='bbox 278 4360 516 4432; x_wconf 89' lang='lat' dir='ltr'>placuit,</span> <span class='ocrx_word' id='word_1_538' title='bbox 547 4361 629 4415; x_wconf 84' lang='lat' dir='ltr'>ita</span> <span class='ocrx_word' id='word_1_539' title='bbox 660 4360 868 4415; x_wconf 89' lang='lat' dir='ltr'>factum</span> <span class='ocrx_word' id='word_1_540' title='bbox 896 4365 998 4423; x_wconf 89' lang='lat' dir='ltr'>est,</span> <span class='ocrx_word' id='word_1_541' title='bbox 1032 4360 1357 4417; x_wconf 84' lang='lat' dir='ltr'>benedictus</span> <span class='ocrx_word' id='word_1_542' title='bbox 1385 4361 1657 4417; x_wconf 89' lang='lat' dir='ltr'>Dominus</span> <span class='ocrx_word' id='word_1_543' title='bbox 1676 4361 1735 4415; x_wconf 90' lang='lat' dir='ltr'>in</span> <span class='ocrx_word' id='word_1_544' title='bbox 1767 4377 1889 4416; x_wconf 91' lang='lat' dir='ltr'>om-</span> 
     </span>
    </p>
   </div>
   <div class='ocr_carea' id='block_1_78' title="bbox 275 4449 1763 4528">
    <p class='ocr_par' dir='ltr' id='par_1_78' title="bbox 275 4449 1763 4528">
     <span class='ocr_line' id='line_1_78' title="bbox 275 4449 1763 4528; baseline -0.009 -23"><span class='ocrx_word' id='word_1_545' title='bbox 275 4449 474 4505; x_wconf 86' lang='lat' dir='ltr'>nibus.</span> <span class='ocrx_word' id='word_1_546' title='bbox 1753 4519 1763 4528; x_wconf 37' lang='lat'><strong><em>&#39;</em></strong></span> 
     </span>
    </p>
   </div>
   <div class='ocr_carea' id='block_1_79' title="bbox 350 4538 1884 4611">
    <p class='ocr_par' dir='ltr' id='par_1_79' title="bbox 350 4538 1884 4611">
     <span class='ocr_line' id='line_1_79' title="bbox 350 4538 1884 4611; baseline -0.003 -14"><span class='ocrx_word' id='word_1_547' title='bbox 350 4538 411 4597; x_wconf 75' lang='grc'>2.</span> <span class='ocrx_word' id='word_1_548' title='bbox 449 4540 688 4604; x_wconf 85' lang='lat' dir='ltr'>Quidam</span> <span class='ocrx_word' id='word_1_549' title='bbox 722 4540 896 4595; x_wconf 89' lang='lat' dir='ltr'>frater</span> <span class='ocrx_word' id='word_1_550' title='bbox 923 4541 1136 4595; x_wconf 88' lang='lat' dir='ltr'>vicinus</span> <span class='ocrx_word' id='word_1_551' title='bbox 1161 4540 1453 4611; x_wconf 89' lang='lat' dir='ltr'>cujusdam</span> <span class='ocrx_word' id='word_1_552' title='bbox 1490 4540 1682 4609; x_wconf 86' lang='lat' dir='ltr'>magni</span> <span class='ocrx_word' id='word_1_553' title='bbox 1715 4540 1884 4607; x_wconf 91' lang='lat' dir='ltr'>senis,</span> 
     </span>
    </p>
   </div>
   <div class='ocr_carea' id='block_1_80' title="bbox 276 4628 1888 4701">
    <p class='ocr_par' dir='ltr' id='par_1_80' title="bbox 276 4628 1888 4701">
     <span class='ocr_line' id='line_1_80' title="bbox 276 4628 1888 4701; baseline -0.001 -16"><span class='ocrx_word' id='word_1_554' title='bbox 276 4628 504 4685; x_wconf 90' lang='lat' dir='ltr'>occulte</span> <span class='ocrx_word' id='word_1_555' title='bbox 533 4629 956 4700; x_wconf 88' lang='lat' dir='ltr'>ingrediebatur</span> <span class='ocrx_word' id='word_1_556' title='bbox 979 4630 1177 4685; x_wconf 88' lang='lat' dir='ltr'>cellam</span> <span class='ocrx_word' id='word_1_557' title='bbox 1212 4630 1334 4701; x_wconf 90' lang='lat' dir='ltr'>ejus</span> <span class='ocrx_word' id='word_1_558' title='bbox 1359 4648 1372 4698; x_wconf 87' lang='lat'><strong>;</strong></span> <span class='ocrx_word' id='word_1_559' title='bbox 1406 4633 1465 4684; x_wconf 92' lang='lat' dir='ltr'>et</span> <span class='ocrx_word' id='word_1_560' title='bbox 1487 4629 1760 4701; x_wconf 86' lang='lat' dir='ltr'>quidquid</span> <span class='ocrx_word' id='word_1_561' title='bbox 1791 4630 1888 4683; x_wconf 87' lang='lat' dir='ltr'>ha-</span> 
     </span>
    </p>
   </div>
   <div class='ocr_carea' id='block_1_81' title="bbox 276 4716 1881 4786">
    <p class='ocr_par' dir='ltr' id='par_1_81' title="bbox 276 4716 1881 4786">
     <span class='ocr_line' id='line_1_81' title="bbox 276 4716 1881 4786; baseline 0 -13"><span class='ocrx_word' id='word_1_562' title='bbox 276 4717 457 4773; x_wconf 85' lang='lat' dir='ltr'>bebat</span> <span class='ocrx_word' id='word_1_563' title='bbox 484 4733 674 4786; x_wconf 82' lang='lat' dir='ltr'>senex,</span> <span class='ocrx_word' id='word_1_564' title='bbox 708 4718 1002 4773; x_wconf 79' lang='lat' dir='ltr'>iurabatur</span> <span class='ocrx_word' id='word_1_565' title='bbox 1029 4719 1209 4786; x_wconf 65' lang='lat' dir='ltr'>(Ra/[1,</span> <span class='ocrx_word' id='word_1_566' title='bbox 1236 4721 1274 4771; x_wconf 84' lang='grc' dir='ltr'>ι.</span> <span class='ocrx_word' id='word_1_567' title='bbox 1308 4731 1390 4783; x_wconf 86' lang='lat' dir='ltr'>m,</span> <span class='ocrx_word' id='word_1_568' title='bbox 1425 4733 1484 4771; x_wconf 90' lang='lat' dir='ltr'>n.</span> <span class='ocrx_word' id='word_1_569' title='bbox 1520 4716 1624 4784; x_wconf 74' lang='lat'>74;</span> <span class='ocrx_word' id='word_1_570' title='bbox 1675 4719 1881 4785; x_wconf 86' lang='lat' dir='ltr'>Pelag.,</span> 
     </span>
    </p>
   </div>
   <div class='ocr_carea' id='block_1_82' title="bbox 278 4806 1886 4874">
    <p class='ocr_par' dir='ltr' id='par_1_82' title="bbox 278 4806 1886 4874">
     <span class='ocr_line' id='line_1_82' title="bbox 278 4806 1886 4874; baseline -0.001 -11"><span class='ocrx_word' id='word_1_571' title='bbox 278 4810 462 4864; x_wconf 80' lang='lat' dir='ltr'>libell.</span> <span class='ocrx_word' id='word_1_572' title='bbox 497 4822 606 4873; x_wconf 74' lang='lat' dir='ltr'>xvr,</span> <span class='ocrx_word' id='word_1_573' title='bbox 644 4824 701 4862; x_wconf 84' lang='grc' dir='ltr'>η.</span> <span class='ocrx_word' id='word_1_574' title='bbox 740 4806 848 4874; x_wconf 82' lang='lat' dir='ltr'>l9).</span> <span class='ocrx_word' id='word_1_575' title='bbox 883 4808 1024 4863; x_wconf 91' lang='lat' dir='ltr'>Cum</span> <span class='ocrx_word' id='word_1_576' title='bbox 1071 4812 1261 4862; x_wconf 90' lang='lat' dir='ltr'>autem</span> <span class='ocrx_word' id='word_1_577' title='bbox 1291 4806 1509 4861; x_wconf 90' lang='lat' dir='ltr'>videret</span> <span class='ocrx_word' id='word_1_578' title='bbox 1537 4822 1730 4873; x_wconf 86' lang='lat' dir='ltr'>senex,</span> <span class='ocrx_word' id='word_1_579' title='bbox 1773 4823 1886 4861; x_wconf 90' lang='lat' dir='ltr'>non</span> 
     </span>
    </p>
   </div>
   <div class='ocr_carea' id='block_1_83' title="bbox 277 4895 1879 4969">
    <p class='ocr_par' dir='ltr' id='par_1_83' title="bbox 277 4895 1879 4969">
     <span class='ocr_line' id='line_1_83' title="bbox 277 4895 1879 4969; baseline -0.001 -18"><span class='ocrx_word' id='word_1_580' title='bbox 277 4896 450 4951; x_wconf 87' lang='lat' dir='ltr'>illum</span> <span class='ocrx_word' id='word_1_581' title='bbox 477 4895 769 4966; x_wconf 85' lang='lat' dir='ltr'>arguebat,</span> <span class='ocrx_word' id='word_1_582' title='bbox 820 4897 921 4951; x_wconf 90' lang='lat' dir='ltr'>sed</span> <span class='ocrx_word' id='word_1_583' title='bbox 966 4897 1209 4969; x_wconf 89' lang='lat' dir='ltr'>amplius</span> <span class='ocrx_word' id='word_1_584' title='bbox 1253 4895 1612 4968; x_wconf 89' lang='lat' dir='ltr'>operabatur,</span> <span class='ocrx_word' id='word_1_585' title='bbox 1644 4896 1834 4950; x_wconf 89' lang='lat' dir='ltr'>dicens</span> <span class='ocrx_word' id='word_1_586' title='bbox 1867 4914 1879 4950; x_wconf 89' lang='lat'><strong>:</strong></span> 
     </span>
    </p>
   </div>
   <div class='ocr_carea' id='block_1_84' title="bbox 273 4983 1883 5056">
    <p class='ocr_par' dir='ltr' id='par_1_84' title="bbox 273 4983 1883 5056">
     <span class='ocr_line' id='line_1_84' title="bbox 273 4983 1883 5056; baseline 0 -15"><span class='ocrx_word' id='word_1_587' title='bbox 273 4987 450 5051; x_wconf 87' lang='lat' dir='ltr'>Puto,</span> <span class='ocrx_word' id='word_1_588' title='bbox 468 4989 657 5051; x_wconf 59' lang='grc' dir='ltr'>ως</span> <span class='ocrx_word' id='word_1_589' title='bbox 680 4985 856 5041; x_wconf 86' lang='lat' dir='ltr'>frater</span> <span class='ocrx_word' id='word_1_590' title='bbox 874 4986 968 5040; x_wconf 86' lang='lat' dir='ltr'>ille</span> <span class='ocrx_word' id='word_1_591' title='bbox 990 4986 1337 5041; x_wconf 90' lang='lat' dir='ltr'>necessarius</span> <span class='ocrx_word' id='word_1_592' title='bbox 1360 4983 1729 5040; x_wconf 89' lang='lat' dir='ltr'>est.Habebat</span> <span class='ocrx_word' id='word_1_593' title='bbox 1750 5001 1883 5056; x_wconf 90' lang='lat' dir='ltr'>ergo</span> 
     </span>
    </p>
   </div>
   <div class='ocr_carea' id='block_1_85' title="bbox 273 5073 1884 5153">
    <p class='ocr_par' dir='ltr' id='par_1_85' title="bbox 273 5073 1884 5153">
     <span class='ocr_line' id='line_1_85' title="bbox 273 5073 1884 5153; baseline -0.001 -23"><span class='ocrx_word' id='word_1_594' title='bbox 273 5090 455 5130; x_wconf 80' lang='lat' dir='ltr'>senex</span> <span class='ocrx_word' id='word_1_595' title='bbox 473 5073 745 5153; x_wconf 73' lang='lat' dir='ltr'>grandem</span> <span class='ocrx_word' id='word_1_596' title='bbox 770 5074 1190 5129; x_wconf 88' lang='lat' dir='ltr'>tribulationem</span> <span class='ocrx_word' id='word_1_597' title='bbox 1212 5092 1279 5129; x_wconf 86' lang='lat' dir='ltr'>ex</span> <span class='ocrx_word' id='word_1_598' title='bbox 1298 5074 1534 5146; x_wconf 89' lang='lat' dir='ltr'>penuria</span> <span class='ocrx_word' id='word_1_599' title='bbox 1553 5090 1620 5146; x_wconf 86' lang='lat' dir='ltr'>pa</span> <span class='ocrx_word' id='word_1_600' title='bbox 1629 5074 1884 5129; x_wconf 85' lang='lat' dir='ltr'>nis.Cum</span> 
     </span>
    </p>
   </div>
   <div class='ocr_carea' id='block_1_86' title="bbox 271 5164 1881 5229">
    <p class='ocr_par' dir='ltr' id='par_1_86' title="bbox 271 5164 1881 5229">
     <span class='ocr_line' id='line_1_86' title="bbox 271 5164 1881 5229; baseline -0.001 -10"><span class='ocrx_word' id='word_1_601' title='bbox 271 5169 476 5219; x_wconf 85' lang='lat' dir='ltr'>autem</span> <span class='ocrx_word' id='word_1_602' title='bbox 507 5164 811 5219; x_wconf 89' lang='lat' dir='ltr'>moriturus</span> <span class='ocrx_word' id='word_1_603' title='bbox 831 5169 998 5229; x_wconf 80' lang='lat' dir='ltr'>esset,</span> <span class='ocrx_word' id='word_1_604' title='bbox 1028 5170 1087 5219; x_wconf 89' lang='lat' dir='ltr'>et</span> <span class='ocrx_word' id='word_1_605' title='bbox 1114 5164 1611 5219; x_wconf 89' lang='lat' dir='ltr'>circumdedissent</span> <span class='ocrx_word' id='word_1_606' title='bbox 1644 5181 1773 5219; x_wconf 90' lang='lat' dir='ltr'>eum</span> <span class='ocrx_word' id='word_1_607' title='bbox 1803 5164 1881 5218; x_wconf 88' lang='lat' dir='ltr'>illi</span> 
     </span>
    </p>
   </div>
   <div class='ocr_carea' id='block_1_87' title="bbox 269 5253 1884 5325">
    <p class='ocr_par' dir='ltr' id='par_1_87' title="bbox 269 5253 1884 5325">
     <span class='ocr_line' id='line_1_87' title="bbox 269 5253 1884 5325; baseline 0 -17"><span class='ocrx_word' id='word_1_608' title='bbox 269 5255 507 5316; x_wconf 85' lang='lat' dir='ltr'>fratres,</span> <span class='ocrx_word' id='word_1_609' title='bbox 543 5253 637 5307; x_wconf 90' lang='lat' dir='ltr'>ille</span> <span class='ocrx_word' id='word_1_610' title='bbox 672 5271 799 5308; x_wconf 91' lang='lat' dir='ltr'>cum</span> <span class='ocrx_word' id='word_1_611' title='bbox 831 5255 1061 5309; x_wconf 89' lang='lat' dir='ltr'>vidisset</span> <span class='ocrx_word' id='word_1_612' title='bbox 1088 5254 1247 5308; x_wconf 89' lang='lat' dir='ltr'>illum</span> <span class='ocrx_word' id='word_1_613' title='bbox 1278 5254 1510 5308; x_wconf 88' lang='lat' dir='ltr'>fratrem</span> <span class='ocrx_word' id='word_1_614' title='bbox 1542 5255 1638 5325; x_wconf 90' lang='lat' dir='ltr'>qui</span> <span class='ocrx_word' id='word_1_615' title='bbox 1668 5254 1884 5309; x_wconf 90' lang='lat' dir='ltr'>solebat</span> 
     </span>
    </p>
   </div>
   <div class='ocr_carea' id='block_1_88' title="bbox 272 5341 1885 5408">
    <p class='ocr_par' dir='ltr' id='par_1_88' title="bbox 272 5341 1885 5408">
     <span class='ocr_line' id='line_1_88' title="bbox 272 5341 1885 5408; baseline 0.001 -11"><span class='ocrx_word' id='word_1_616' title='bbox 272 5343 364 5397; x_wconf 90' lang='lat' dir='ltr'>illi</span> <span class='ocrx_word' id='word_1_617' title='bbox 388 5341 584 5403; x_wconf 80' lang='lat' dir='ltr'>furari,</span> <span class='ocrx_word' id='word_1_618' title='bbox 618 5342 756 5396; x_wconf 90' lang='lat' dir='ltr'>dicit</span> <span class='ocrx_word' id='word_1_619' title='bbox 788 5343 840 5397; x_wconf 91' lang='lat' dir='ltr'>ei</span> <span class='ocrx_word' id='word_1_620' title='bbox 878 5357 890 5392; x_wconf 92' lang='lat'><strong>:</strong></span> <span class='ocrx_word' id='word_1_621' title='bbox 924 5343 1139 5398; x_wconf 85' lang='lat' dir='ltr'>Accede</span> <span class='ocrx_word' id='word_1_622' title='bbox 1167 5343 1277 5397; x_wconf 87' lang='lat' dir='ltr'>huc</span> <span class='ocrx_word' id='word_1_623' title='bbox 1314 5343 1385 5397; x_wconf 88' lang='lat' dir='ltr'>ad</span> <span class='ocrx_word' id='word_1_624' title='bbox 1433 5360 1542 5408; x_wconf 89' lang='lat' dir='ltr'>me,</span> <span class='ocrx_word' id='word_1_625' title='bbox 1575 5343 1772 5397; x_wconf 84' lang='lat' dir='ltr'>frater.</span> <span class='ocrx_word' id='word_1_626' title='bbox 1817 5344 1885 5398; x_wconf 90' lang='lat' dir='ltr'>Et</span> 
     </span>
    </p>
   </div>
   <div class='ocr_carea' id='block_1_89' title="bbox 270 5431 1877 5504">
    <p class='ocr_par' dir='ltr' id='par_1_89' title="bbox 270 5431 1877 5504">
     <span class='ocr_line' id='line_1_89' title="bbox 270 5431 1877 5504; baseline 0 -17"><span class='ocrx_word' id='word_1_627' title='bbox 270 5431 715 5504; x_wconf 86' lang='lat' dir='ltr'>apprehendens</span> <span class='ocrx_word' id='word_1_628' title='bbox 740 5448 939 5487; x_wconf 90' lang='lat' dir='ltr'>manus</span> <span class='ocrx_word' id='word_1_629' title='bbox 967 5434 1107 5502; x_wconf 85' lang='lat' dir='ltr'>ejus,</span> <span class='ocrx_word' id='word_1_630' title='bbox 1129 5433 1411 5487; x_wconf 89' lang='lat' dir='ltr'>osculatus</span> <span class='ocrx_word' id='word_1_631' title='bbox 1440 5437 1528 5486; x_wconf 91' lang='lat' dir='ltr'>est</span> <span class='ocrx_word' id='word_1_632' title='bbox 1548 5433 1877 5498; x_wconf 90' lang='lat' dir='ltr'>eas,dicens:</span> 
     </span>
    </p>
   </div>
   <div class='ocr_carea' id='block_1_90' title="bbox 272 5520 1883 5594">
    <p class='ocr_par' dir='ltr' id='par_1_90' title="bbox 272 5520 1883 5594">
     <span class='ocr_line' id='line_1_90' title="bbox 272 5520 1883 5594; baseline 0.001 -17"><span class='ocrx_word' id='word_1_633' title='bbox 272 5520 514 5577; x_wconf 86' lang='lat' dir='ltr'>Gratias</span> <span class='ocrx_word' id='word_1_634' title='bbox 528 5536 638 5591; x_wconf 84' lang='lat' dir='ltr'>ago</span> <span class='ocrx_word' id='word_1_635' title='bbox 667 5520 928 5576; x_wconf 88' lang='lat' dir='ltr'>manibus</span> <span class='ocrx_word' id='word_1_636' title='bbox 949 5521 1111 5577; x_wconf 89' lang='lat' dir='ltr'>istius</span> <span class='ocrx_word' id='word_1_637' title='bbox 1140 5521 1489 5594; x_wconf 86' lang='lat' dir='ltr'>fratris,quia</span> <span class='ocrx_word' id='word_1_638' title='bbox 1502 5527 1732 5594; x_wconf 89' lang='lat' dir='ltr'>propter</span> <span class='ocrx_word' id='word_1_639' title='bbox 1752 5539 1883 5578; x_wconf 90' lang='lat' dir='ltr'>eum</span> 
     </span>
    </p>
   </div>
   <div class='ocr_carea' id='block_1_91' title="bbox 272 5610 1885 5686">
    <p class='ocr_par' dir='ltr' id='par_1_91' title="bbox 272 5610 1885 5686">
     <span class='ocr_line' id='line_1_91' title="bbox 272 5610 1885 5686; baseline 0.001 -15"><span class='ocrx_word' id='word_1_640' title='bbox 272 5610 537 5671; x_wconf 76' lang='lat' dir='ltr'>arbitror</span> <span class='ocrx_word' id='word_1_641' title='bbox 562 5627 654 5667; x_wconf 89' lang='lat' dir='ltr'>me</span> <span class='ocrx_word' id='word_1_642' title='bbox 680 5611 894 5668; x_wconf 88' lang='lat' dir='ltr'>iturum</span> <span class='ocrx_word' id='word_1_643' title='bbox 924 5611 983 5668; x_wconf 91' lang='lat' dir='ltr'>in</span> <span class='ocrx_word' id='word_1_644' title='bbox 996 5628 1235 5686; x_wconf 85' lang='lat' dir='ltr'>regnum</span> <span class='ocrx_word' id='word_1_645' title='bbox 1257 5612 1544 5670; x_wconf 79' lang='lat' dir='ltr'>caelorum.</span> <span class='ocrx_word' id='word_1_646' title='bbox 1569 5613 1672 5671; x_wconf 90' lang='lat' dir='ltr'>Ille</span> <span class='ocrx_word' id='word_1_647' title='bbox 1691 5617 1885 5671; x_wconf 89' lang='lat' dir='ltr'>autem</span> 
     </span>
    </p>
   </div>
   <div class='ocr_carea' id='block_1_92' title="bbox 1979 3187 3583 3260">
    <p class='ocr_par' dir='ltr' id='par_1_92' title="bbox 1979 3187 3583 3260">
     <span class='ocr_line' id='line_1_92' title="bbox 1979 3187 3583 3260; baseline 0.012 -20"><span class='ocrx_word' id='word_1_648' title='bbox 1979 3187 2167 3242; x_wconf 88' lang='lat' dir='ltr'>ciam?</span> <span class='ocrx_word' id='word_1_649' title='bbox 2208 3190 2364 3244; x_wconf 91' lang='lat' dir='ltr'>Tunc</span> <span class='ocrx_word' id='word_1_650' title='bbox 2392 3208 2560 3247; x_wconf 85' lang='lat' dir='ltr'>senex</span> <span class='ocrx_word' id='word_1_651' title='bbox 2604 3193 2686 3248; x_wconf 89' lang='lat' dir='ltr'>ait</span> <span class='ocrx_word' id='word_1_652' title='bbox 2716 3213 2728 3249; x_wconf 91' lang='lat'>:</span> <span class='ocrx_word' id='word_1_653' title='bbox 2763 3195 3014 3251; x_wconf 91' lang='lat' dir='ltr'>Ulterius</span> <span class='ocrx_word' id='word_1_654' title='bbox 3044 3198 3095 3253; x_wconf 83' lang='lat' dir='ltr'>ei</span> <span class='ocrx_word' id='word_1_655' title='bbox 3123 3199 3265 3255; x_wconf 91' lang='lat' dir='ltr'>nihil</span> <span class='ocrx_word' id='word_1_656' title='bbox 3302 3201 3475 3258; x_wconf 89' lang='lat' dir='ltr'>dicas.</span> <span class='ocrx_word' id='word_1_657' title='bbox 3505 3206 3583 3260; x_wconf 88' lang='lat' dir='ltr'>At</span> 
     </span>
    </p>
   </div>
   <div class='ocr_carea' id='block_1_93' title="bbox 1978 3277 3571 3364">
    <p class='ocr_par' dir='ltr' id='par_1_93' title="bbox 1978 3277 3571 3364">
     <span class='ocr_line' id='line_1_93' title="bbox 1978 3277 3571 3364; baseline 0.012 -34"><span class='ocrx_word' id='word_1_658' title='bbox 1978 3277 2072 3331; x_wconf 90' lang='lat' dir='ltr'>ille</span> <span class='ocrx_word' id='word_1_659' title='bbox 2102 3278 2307 3333; x_wconf 89' lang='lat' dir='ltr'>iterum</span> <span class='ocrx_word' id='word_1_660' title='bbox 2342 3280 2459 3334; x_wconf 87' lang='lat' dir='ltr'>ait:</span> <span class='ocrx_word' id='word_1_661' title='bbox 2510 3282 2578 3336; x_wconf 90' lang='lat' dir='ltr'>Et</span> <span class='ocrx_word' id='word_1_662' title='bbox 2605 3282 2741 3354; x_wconf 84' lang='lat' dir='ltr'>quid</span> <span class='ocrx_word' id='word_1_663' title='bbox 2768 3284 2987 3352; x_wconf 91' lang='lat' dir='ltr'>faciam,</span> <span class='ocrx_word' id='word_1_664' title='bbox 3022 3288 3154 3359; x_wconf 90' lang='lat' dir='ltr'>quia</span> <span class='ocrx_word' id='word_1_665' title='bbox 3199 3307 3313 3346; x_wconf 90' lang='lat' dir='ltr'>non</span> <span class='ocrx_word' id='word_1_666' title='bbox 3341 3309 3571 3364; x_wconf 92' lang='lat' dir='ltr'>possum</span> 
     </span>
    </p>
   </div>
   <div class='ocr_carea' id='block_1_94' title="bbox 1976 3366 3580 3454">
    <p class='ocr_par' dir='ltr' id='par_1_94' title="bbox 1976 3366 3580 3454">
     <span class='ocr_line' id='line_1_94' title="bbox 1976 3366 3580 3454; baseline 0.012 -34"><span class='ocrx_word' id='word_1_667' title='bbox 1976 3366 2195 3422; x_wconf 88' lang='lat' dir='ltr'>vincere</span> <span class='ocrx_word' id='word_1_668' title='bbox 2223 3369 2619 3439; x_wconf 86' lang='lat' dir='ltr'>cogitationem</span> <span class='ocrx_word' id='word_1_669' title='bbox 2649 3388 2853 3441; x_wconf 90' lang='lat' dir='ltr'>meam,</span> <span class='ocrx_word' id='word_1_670' title='bbox 2887 3375 2994 3430; x_wconf 89' lang='lat' dir='ltr'>nisi</span> <span class='ocrx_word' id='word_1_671' title='bbox 3013 3377 3171 3432; x_wconf 91' lang='lat' dir='ltr'>fuero</span> <span class='ocrx_word' id='word_1_672' title='bbox 3200 3379 3281 3434; x_wconf 93' lang='lat' dir='ltr'>illi</span> <span class='ocrx_word' id='word_1_673' title='bbox 3306 3380 3580 3454; x_wconf 87' lang='lat' dir='ltr'>importu-</span> 
     </span>
    </p>
   </div>
   <div class='ocr_carea' id='block_1_95' title="bbox 1972 3456 3574 3538">
    <p class='ocr_par' dir='ltr' id='par_1_95' title="bbox 1972 3456 3574 3538">
     <span class='ocr_line' id='line_1_95' title="bbox 1972 3456 3574 3538; baseline 0.012 -29"><span class='ocrx_word' id='word_1_674' title='bbox 1972 3456 2119 3510; x_wconf 90' lang='lat' dir='ltr'>nus?</span> <span class='ocrx_word' id='word_1_675' title='bbox 2148 3457 2296 3511; x_wconf 93' lang='lat' dir='ltr'>Dicit</span> <span class='ocrx_word' id='word_1_676' title='bbox 2319 3460 2371 3513; x_wconf 92' lang='lat' dir='ltr'>ei</span> <span class='ocrx_word' id='word_1_677' title='bbox 2400 3476 2569 3515; x_wconf 87' lang='lat' dir='ltr'>senex</span> <span class='ocrx_word' id='word_1_678' title='bbox 2597 3480 2609 3514; x_wconf 92' lang='lat'><strong>:</strong></span> <span class='ocrx_word' id='word_1_679' title='bbox 2636 3461 2868 3517; x_wconf 89' lang='lat' dir='ltr'>Dimitte</span> <span class='ocrx_word' id='word_1_680' title='bbox 2888 3467 3254 3535; x_wconf 87' lang='lat' dir='ltr'>cogitationes</span> <span class='ocrx_word' id='word_1_681' title='bbox 3281 3474 3428 3538; x_wconf 88' lang='lat' dir='ltr'>tuas,</span> <span class='ocrx_word' id='word_1_682' title='bbox 3448 3478 3574 3528; x_wconf 88' lang='lat' dir='ltr'>tan-</span> 
     </span>
    </p>
   </div>
   <div class='ocr_carea' id='block_1_96' title="bbox 1972 3536 3601 3631">
    <p class='ocr_par' dir='ltr' id='par_1_96' title="bbox 1972 3536 3601 3631">
     <span class='ocr_line' id='line_1_96' title="bbox 1972 3536 3601 3631; baseline 0.012 -32"><span class='ocrx_word' id='word_1_683' title='bbox 1972 3547 2265 3602; x_wconf 91' lang='lat' dir='ltr'>tummodo</span> <span class='ocrx_word' id='word_1_684' title='bbox 2288 3547 2524 3604; x_wconf 85' lang='lat' dir='ltr'>fratrem</span> <span class='ocrx_word' id='word_1_685' title='bbox 2561 3555 2724 3606; x_wconf 91' lang='lat' dir='ltr'>tuum</span> <span class='ocrx_word' id='word_1_686' title='bbox 2753 3568 2824 3607; x_wconf 91' lang='lat' dir='ltr'>ne</span> <span class='ocrx_word' id='word_1_687' title='bbox 2855 3555 3222 3626; x_wconf 77' lang='lat' dir='ltr'>contristeris,</span> <span class='ocrx_word' id='word_1_688' title='bbox 3248 3559 3345 3631; x_wconf 90' lang='lat' dir='ltr'>qui</span> <span class='ocrx_word' id='word_1_689' title='bbox 3376 3536 3601 3618; x_wconf 45' lang='lat' dir='ltr'>mena)</span> 
     </span>
    </p>
   </div>
   <div class='ocr_carea' id='block_1_97' title="bbox 1973 3636 2220 3691">
    <p class='ocr_par' dir='ltr' id='par_1_97' title="bbox 1973 3636 2220 3691">
     <span class='ocr_line' id='line_1_97' title="bbox 1973 3636 2220 3691; baseline 0.008 -3"><span class='ocrx_word' id='word_1_690' title='bbox 1973 3636 2110 3690; x_wconf 90' lang='lat' dir='ltr'>chus</span> <span class='ocrx_word' id='word_1_691' title='bbox 2140 3652 2220 3691; x_wconf 89' lang='lat' dir='ltr'>es.</span> 
     </span>
    </p>
   </div>
   <div class='ocr_carea' id='block_1_98' title="bbox 2046 3722 3574 3808">
    <p class='ocr_par' dir='ltr' id='par_1_98' title="bbox 2046 3722 3574 3808">
     <span class='ocr_line' id='line_1_98' title="bbox 2046 3722 3574 3808; baseline 0.01 -26"><span class='ocrx_word' id='word_1_692' title='bbox 2046 3722 2292 3782; x_wconf 85' lang='lat' dir='ltr'>3.Abbas</span> <span class='ocrx_word' id='word_1_693' title='bbox 2302 3728 2562 3799; x_wconf 88' lang='lat' dir='ltr'>Agathon</span> <span class='ocrx_word' id='word_1_694' title='bbox 2580 3729 2895 3787; x_wconf 87' lang='lat' dir='ltr'>volentibus</span> <span class='ocrx_word' id='word_1_695' title='bbox 2911 3750 3099 3790; x_wconf 88' lang='lat' dir='ltr'>emere</span> <span class='ocrx_word' id='word_1_696' title='bbox 3112 3752 3284 3808; x_wconf 88' lang='lat' dir='ltr'>opera</span> <span class='ocrx_word' id='word_1_697' title='bbox 3300 3755 3574 3798; x_wconf 88' lang='lat' dir='ltr'>manuum</span> 
     </span>
    </p>
   </div>
   <div class='ocr_carea' id='block_1_99' title="bbox 1974 3819 3570 3899">
    <p class='ocr_par' dir='ltr' id='par_1_99' title="bbox 1974 3819 3570 3899">
     <span class='ocr_line' id='line_1_99' title="bbox 1974 3819 3570 3899; baseline 0.011 -30"><span class='ocrx_word' id='word_1_698' title='bbox 1974 3830 2224 3883; x_wconf 90' lang='lat' dir='ltr'>suarum,</span> <span class='ocrx_word' id='word_1_699' title='bbox 2249 3832 2377 3871; x_wconf 90' lang='lat' dir='ltr'>cum</span> <span class='ocrx_word' id='word_1_700' title='bbox 2396 3819 2591 3889; x_wconf 90' lang='lat' dir='ltr'>requie</span> <span class='ocrx_word' id='word_1_701' title='bbox 2611 3820 2890 3877; x_wconf 88' lang='lat' dir='ltr'>vendebat</span> <span class='ocrx_word' id='word_1_702' title='bbox 2913 3839 2924 3871; x_wconf 88' lang='lat'><strong>:</strong></span> <span class='ocrx_word' id='word_1_703' title='bbox 2943 3825 3189 3895; x_wconf 89' lang='lat' dir='ltr'>pretium</span> <span class='ocrx_word' id='word_1_704' title='bbox 3218 3833 3408 3884; x_wconf 89' lang='lat' dir='ltr'>autem</span> <span class='ocrx_word' id='word_1_705' title='bbox 3428 3836 3570 3899; x_wconf 89' lang='lat' dir='ltr'>erat,</span> 
     </span>
    </p>
   </div>
   <div class='ocr_carea' id='block_1_100' title="bbox 1974 3904 3574 3986">
    <p class='ocr_par' dir='ltr' id='par_1_100' title="bbox 1974 3904 3574 3986">
     <span class='ocr_line' id='line_1_100' title="bbox 1974 3904 3574 3986; baseline 0.011 -28"><span class='ocrx_word' id='word_1_706' title='bbox 1974 3904 2141 3958; x_wconf 89' lang='lat' dir='ltr'>cribri</span> <span class='ocrx_word' id='word_1_707' title='bbox 2166 3906 2394 3976; x_wconf 89' lang='lat' dir='ltr'>quidem</span> <span class='ocrx_word' id='word_1_708' title='bbox 2418 3908 2637 3963; x_wconf 91' lang='lat' dir='ltr'>nummi</span> <span class='ocrx_word' id='word_1_709' title='bbox 2666 3916 2930 3980; x_wconf 89' lang='lat' dir='ltr'>centum;</span> <span class='ocrx_word' id='word_1_710' title='bbox 2977 3915 3254 3985; x_wconf 63' lang='lat' dir='ltr'>sportellae</span> <span class='ocrx_word' id='word_1_711' title='bbox 3286 3934 3432 3986; x_wconf 89' lang='lat' dir='ltr'>vero,</span> <span class='ocrx_word' id='word_1_712' title='bbox 3465 3920 3574 3975; x_wconf 90' lang='lat' dir='ltr'>du-</span> 
     </span>
    </p>
   </div>
   <div class='ocr_carea' id='block_1_101' title="bbox 1975 3994 3573 4076">
    <p class='ocr_par' dir='ltr' id='par_1_101' title="bbox 1975 3994 3573 4076">
     <span class='ocr_line' id='line_1_101' title="bbox 1975 3994 3573 4076; baseline 0.01 -29"><span class='ocrx_word' id='word_1_713' title='bbox 1975 3994 2121 4048; x_wconf 90' lang='lat' dir='ltr'>centi</span> <span class='ocrx_word' id='word_1_714' title='bbox 2134 3995 2574 4067; x_wconf 85' lang='lat' dir='ltr'>quinquaginta;</span> <span class='ocrx_word' id='word_1_715' title='bbox 2598 4004 2656 4053; x_wconf 90' lang='lat' dir='ltr'>et</span> <span class='ocrx_word' id='word_1_716' title='bbox 2668 4000 2982 4056; x_wconf 90' lang='lat' dir='ltr'>volentibus</span> <span class='ocrx_word' id='word_1_717' title='bbox 3006 4019 3331 4076; x_wconf 90' lang='lat' dir='ltr'>comparare</span> <span class='ocrx_word' id='word_1_718' title='bbox 3350 4007 3573 4063; x_wconf 89' lang='lat' dir='ltr'>dicebat</span> 
     </span>
    </p>
   </div>
   <div class='ocr_carea' id='block_1_102' title="bbox 1974 4083 3572 4166">
    <p class='ocr_par' dir='ltr' id='par_1_102' title="bbox 1974 4083 3572 4166">
     <span class='ocr_line' id='line_1_102' title="bbox 1974 4083 3572 4166; baseline 0.011 -30"><span class='ocrx_word' id='word_1_719' title='bbox 1974 4083 2238 4154; x_wconf 86' lang='lat' dir='ltr'>pretium,</span> <span class='ocrx_word' id='word_1_720' title='bbox 2274 4090 2331 4139; x_wconf 90' lang='lat' dir='ltr'>et</span> <span class='ocrx_word' id='word_1_721' title='bbox 2357 4086 2629 4158; x_wconf 92' lang='lat' dir='ltr'>quidquid</span> <span class='ocrx_word' id='word_1_722' title='bbox 2676 4088 2757 4142; x_wconf 92' lang='lat' dir='ltr'>illi</span> <span class='ocrx_word' id='word_1_723' title='bbox 2784 4089 3088 4158; x_wconf 90' lang='lat' dir='ltr'>dedissent,</span> <span class='ocrx_word' id='word_1_724' title='bbox 3119 4094 3460 4166; x_wconf 89' lang='lat' dir='ltr'>suscipiebat</span> <span class='ocrx_word' id='word_1_725' title='bbox 3488 4102 3572 4152; x_wconf 84' lang='lat' dir='ltr'>ta-</span> 
     </span>
    </p>
   </div>
   <div class='ocr_carea' id='block_1_103' title="bbox 1974 4173 3576 4250">
    <p class='ocr_par' dir='ltr' id='par_1_103' title="bbox 1974 4173 3576 4250">
     <span class='ocr_line' id='line_1_103' title="bbox 1974 4173 3576 4250; baseline 0.011 -25"><span class='ocrx_word' id='word_1_726' title='bbox 1974 4188 2124 4236; x_wconf 91' lang='lat' dir='ltr'>cens,</span> <span class='ocrx_word' id='word_1_727' title='bbox 2138 4189 2241 4227; x_wconf 91' lang='lat' dir='ltr'>nec</span> <span class='ocrx_word' id='word_1_728' title='bbox 2260 4173 2561 4244; x_wconf 84' lang='lat' dir='ltr'>aliquando</span> <span class='ocrx_word' id='word_1_729' title='bbox 2584 4175 3213 4238; x_wconf 88' lang='lat' dir='ltr'>dinumerans.Dicebat</span> <span class='ocrx_word' id='word_1_730' title='bbox 3233 4184 3401 4239; x_wconf 90' lang='lat' dir='ltr'>enim:</span> <span class='ocrx_word' id='word_1_731' title='bbox 3428 4185 3576 4250; x_wconf 91' lang='lat' dir='ltr'>Quid</span> 
     </span>
    </p>
   </div>
   <div class='ocr_carea' id='block_1_104' title="bbox 1972 4261 3570 4344">
    <p class='ocr_par' dir='ltr' id='par_1_104' title="bbox 1972 4261 3570 4344">
     <span class='ocr_line' id='line_1_104' title="bbox 1972 4261 3570 4344; baseline 0.011 -30"><span class='ocrx_word' id='word_1_732' title='bbox 1972 4261 2113 4315; x_wconf 90' lang='lat' dir='ltr'>mihi</span> <span class='ocrx_word' id='word_1_733' title='bbox 2143 4263 2372 4333; x_wconf 91' lang='lat' dir='ltr'>prodest</span> <span class='ocrx_word' id='word_1_734' title='bbox 2389 4270 2714 4320; x_wconf 88' lang='lat' dir='ltr'>concertare</span> <span class='ocrx_word' id='word_1_735' title='bbox 2726 4283 2853 4321; x_wconf 91' lang='lat' dir='ltr'>cum</span> <span class='ocrx_word' id='word_1_736' title='bbox 2869 4268 2998 4335; x_wconf 92' lang='lat' dir='ltr'>illis,</span> <span class='ocrx_word' id='word_1_737' title='bbox 3025 4271 3180 4325; x_wconf 91' lang='lat' dir='ltr'>utilli</span> <span class='ocrx_word' id='word_1_738' title='bbox 3201 4279 3435 4344; x_wconf 91' lang='lat' dir='ltr'>peccent</span> <span class='ocrx_word' id='word_1_739' title='bbox 3452 4270 3570 4331; x_wconf 84' lang='lat' dir='ltr'>for-</span> 
     </span>
    </p>
   </div>
   <div class='ocr_carea' id='block_1_105' title="bbox 1971 4351 3575 4430">
    <p class='ocr_par' dir='ltr' id='par_1_105' title="bbox 1971 4351 3575 4430">
     <span class='ocr_line' id='line_1_105' title="bbox 1971 4351 3575 4430; baseline 0.011 -27"><span class='ocrx_word' id='word_1_740' title='bbox 1971 4351 2117 4405; x_wconf 89' lang='lat' dir='ltr'>sitan</span> <span class='ocrx_word' id='word_1_741' title='bbox 2141 4352 2420 4422; x_wconf 89' lang='lat' dir='ltr'>jurantes,</span> <span class='ocrx_word' id='word_1_742' title='bbox 2452 4358 2511 4407; x_wconf 91' lang='lat' dir='ltr'>et</span> <span class='ocrx_word' id='word_1_743' title='bbox 2538 4354 2762 4425; x_wconf 89' lang='lat' dir='ltr'>quando</span> <span class='ocrx_word' id='word_1_744' title='bbox 2780 4356 3160 4428; x_wconf 88' lang='lat' dir='ltr'>superfuerint</span> <span class='ocrx_word' id='word_1_745' title='bbox 3185 4364 3423 4430; x_wconf 91' lang='lat' dir='ltr'>nummi,</span> <span class='ocrx_word' id='word_1_746' title='bbox 3452 4381 3575 4421; x_wconf 91' lang='lat' dir='ltr'>ero-</span> 
     </span>
    </p>
   </div>
   <div class='ocr_carea' id='block_1_106' title="bbox 1904 4441 3570 4525">
    <p class='ocr_par' dir='ltr' id='par_1_106' title="bbox 1904 4441 3570 4525">
     <span class='ocr_line' id='line_1_106' title="bbox 1904 4441 3570 4525; baseline 0.01 -32"><span class='ocrx_word' id='word_1_747' title='bbox 1904 4447 1955 4507; x_wconf 86' lang='lat'>1)</span> <span class='ocrx_word' id='word_1_748' title='bbox 1968 4456 2095 4511; x_wconf 90' lang='lat' dir='ltr'>gem</span> <span class='ocrx_word' id='word_1_749' title='bbox 2118 4441 2241 4495; x_wconf 91' lang='lat' dir='ltr'>illos</span> <span class='ocrx_word' id='word_1_750' title='bbox 2262 4441 2566 4497; x_wconf 83' lang='lat' dir='ltr'>fratribus?</span> <span class='ocrx_word' id='word_1_751' title='bbox 2587 4444 2694 4499; x_wconf 90' lang='lat' dir='ltr'>Sed</span> <span class='ocrx_word' id='word_1_752' title='bbox 2719 4446 2855 4516; x_wconf 91' lang='lat' dir='ltr'>quia</span> <span class='ocrx_word' id='word_1_753' title='bbox 2875 4447 3024 4503; x_wconf 86' lang='lat' dir='ltr'>Deus</span> <span class='ocrx_word' id='word_1_754' title='bbox 3045 4465 3157 4504; x_wconf 90' lang='lat' dir='ltr'>non</span> <span class='ocrx_word' id='word_1_755' title='bbox 3170 4452 3290 4506; x_wconf 90' lang='lat' dir='ltr'>vult</span> <span class='ocrx_word' id='word_1_756' title='bbox 3311 4453 3570 4525; x_wconf 87' lang='lat' dir='ltr'>hujusce-</span> 
     </span>
    </p>
   </div>
   <div class='ocr_carea' id='block_1_107' title="bbox 1971 4529 3567 4611">
    <p class='ocr_par' dir='ltr' id='par_1_107' title="bbox 1971 4529 3567 4611">
     <span class='ocr_line' id='line_1_107' title="bbox 1971 4529 3567 4611; baseline 0.01 -29"><span class='ocrx_word' id='word_1_757' title='bbox 1971 4529 2123 4584; x_wconf 89' lang='lat' dir='ltr'>modi</span> <span class='ocrx_word' id='word_1_758' title='bbox 2152 4530 2568 4603; x_wconf 88' lang='lat' dir='ltr'>eleemosynam</span> <span class='ocrx_word' id='word_1_759' title='bbox 2599 4549 2629 4587; x_wconf 85' lang='lat' dir='ltr'>a</span> <span class='ocrx_word' id='word_1_760' title='bbox 2662 4550 2772 4601; x_wconf 90' lang='lat' dir='ltr'>me,</span> <span class='ocrx_word' id='word_1_761' title='bbox 2806 4552 2989 4607; x_wconf 91' lang='lat' dir='ltr'>neque</span> <span class='ocrx_word' id='word_1_762' title='bbox 3018 4537 3100 4592; x_wconf 93' lang='lat' dir='ltr'>illi</span> <span class='ocrx_word' id='word_1_763' title='bbox 3140 4540 3324 4611; x_wconf 91' lang='lat' dir='ltr'>placet</span> <span class='ocrx_word' id='word_1_764' title='bbox 3353 4547 3417 4597; x_wconf 90' lang='lat' dir='ltr'>ut</span> <span class='ocrx_word' id='word_1_765' title='bbox 3456 4543 3567 4597; x_wconf 90' lang='lat' dir='ltr'>ali-</span> 
     </span>
    </p>
   </div>
   <div class='ocr_carea' id='block_1_108' title="bbox 1970 4621 3569 4699">
    <p class='ocr_par' dir='ltr' id='par_1_108' title="bbox 1970 4621 3569 4699">
     <span class='ocr_line' id='line_1_108' title="bbox 1970 4621 3569 4699; baseline 0.01 -27"><span class='ocrx_word' id='word_1_766' title='bbox 1970 4636 2137 4690; x_wconf 88' lang='lat' dir='ltr'>quem</span> <span class='ocrx_word' id='word_1_767' title='bbox 2184 4621 2513 4691; x_wconf 86' lang='lat' dir='ltr'>permittam</span> <span class='ocrx_word' id='word_1_768' title='bbox 2553 4624 2614 4678; x_wconf 91' lang='lat' dir='ltr'>in</span> <span class='ocrx_word' id='word_1_769' title='bbox 2658 4626 3024 4682; x_wconf 77' lang='lat' dir='ltr'>sacrificando</span> <span class='ocrx_word' id='word_1_770' title='bbox 3051 4645 3298 4699; x_wconf 89' lang='lat' dir='ltr'>peccare.</span> <span class='ocrx_word' id='word_1_771' title='bbox 3334 4632 3402 4686; x_wconf 91' lang='lat' dir='ltr'>Et</span> <span class='ocrx_word' id='word_1_772' title='bbox 3431 4633 3569 4688; x_wconf 90' lang='lat' dir='ltr'>dum</span> 
     </span>
    </p>
   </div>
   <div class='ocr_carea' id='block_1_109' title="bbox 1969 4708 3570 4785">
    <p class='ocr_par' dir='ltr' id='par_1_109' title="bbox 1969 4708 3570 4785">
     <span class='ocr_line' id='line_1_109' title="bbox 1969 4708 3570 4785; baseline 0.009 -23"><span class='ocrx_word' id='word_1_773' title='bbox 1969 4708 2051 4763; x_wconf 92' lang='lat' dir='ltr'>illi</span> <span class='ocrx_word' id='word_1_774' title='bbox 2079 4709 2254 4764; x_wconf 88' lang='lat' dir='ltr'>frater</span> <span class='ocrx_word' id='word_1_775' title='bbox 2278 4710 2524 4766; x_wconf 90' lang='lat' dir='ltr'>diceret:</span> <span class='ocrx_word' id='word_1_776' title='bbox 2546 4713 2615 4768; x_wconf 89' lang='lat' dir='ltr'>Et</span> <span class='ocrx_word' id='word_1_777' title='bbox 2632 4715 2793 4785; x_wconf 89' lang='lat' dir='ltr'>panis</span> <span class='ocrx_word' id='word_1_778' title='bbox 2814 4715 2870 4769; x_wconf 90' lang='lat' dir='ltr'>in</span> <span class='ocrx_word' id='word_1_779' title='bbox 2894 4717 3095 4771; x_wconf 89' lang='lat' dir='ltr'>cellam</span> <span class='ocrx_word' id='word_1_780' title='bbox 3123 4719 3272 4774; x_wconf 90' lang='lat' dir='ltr'>unde</span> <span class='ocrx_word' id='word_1_781' title='bbox 3300 4725 3570 4777; x_wconf 90' lang='lat' dir='ltr'>venturus</span> 
     </span>
    </p>
   </div>
   <div class='ocr_carea' id='block_1_110' title="bbox 1969 4798 3570 4876">
    <p class='ocr_par' dir='ltr' id='par_1_110' title="bbox 1969 4798 3570 4876">
     <span class='ocr_line' id='line_1_110' title="bbox 1969 4798 3570 4876; baseline 0.007 -22"><span class='ocrx_word' id='word_1_782' title='bbox 1969 4798 2097 4854; x_wconf 87' lang='lat' dir='ltr'>est?</span> <span class='ocrx_word' id='word_1_783' title='bbox 2136 4799 2276 4854; x_wconf 84' lang='lat' dir='ltr'>dixit</span> <span class='ocrx_word' id='word_1_784' title='bbox 2303 4800 2392 4858; x_wconf 88' lang='lat' dir='ltr'>ei:</span> <span class='ocrx_word' id='word_1_785' title='bbox 2427 4801 2572 4866; x_wconf 88' lang='lat' dir='ltr'>Quid</span> <span class='ocrx_word' id='word_1_786' title='bbox 2602 4804 2753 4857; x_wconf 89' lang='lat' dir='ltr'>enim</span> <span class='ocrx_word' id='word_1_787' title='bbox 2784 4805 2946 4876; x_wconf 91' lang='lat' dir='ltr'>panis</span> <span class='ocrx_word' id='word_1_788' title='bbox 2975 4806 3267 4862; x_wconf 89' lang='lat' dir='ltr'>hominum</span> <span class='ocrx_word' id='word_1_789' title='bbox 3297 4808 3357 4864; x_wconf 92' lang='lat' dir='ltr'>in</span> <span class='ocrx_word' id='word_1_790' title='bbox 3386 4809 3570 4866; x_wconf 85' lang='lat' dir='ltr'>cella?</span> 
     </span>
    </p>
   </div>
   <div class='ocr_carea' id='block_1_111' title="bbox 2599 4893 2954 4949">
    <p class='ocr_par' dir='ltr' id='par_1_111' title="bbox 2599 4893 2954 4949">
     <span class='ocr_line' id='line_1_111' title="bbox 2599 4893 2954 4949; baseline 0.008 -3"><span class='ocrx_word' id='word_1_791' title='bbox 2599 4893 2832 4948; x_wconf 81' lang='lat' dir='ltr'>CAPUT</span> <span class='ocrx_word' id='word_1_792' title='bbox 2859 4894 2954 4949; x_wconf 83' lang='lat' dir='ltr'>VI.</span> 
     </span>
    </p>
   </div>
   <div class='ocr_carea' id='block_1_112' title="bbox 2279 4983 3247 5054">
    <p class='ocr_par' dir='ltr' id='par_1_112' title="bbox 2279 4983 3247 5054">
     <span class='ocr_line' id='line_1_112' title="bbox 2279 4983 3247 5054; baseline 0.005 -16"><span class='ocrx_word' id='word_1_793' title='bbox 2279 4984 2482 5039; x_wconf 80' lang='lat' dir='ltr'>Contra</span> <span class='ocrx_word' id='word_1_794' title='bbox 2514 4986 2684 5048; x_wconf 80' lang='lat' dir='ltr'>iram,</span> <span class='ocrx_word' id='word_1_795' title='bbox 2716 4987 2767 5036; x_wconf 77' lang='lat' dir='ltr'>et</span> <span class='ocrx_word' id='word_1_796' title='bbox 2794 4983 2861 5037; x_wconf 90' lang='lat' dir='ltr'>de</span> <span class='ocrx_word' id='word_1_797' title='bbox 2884 4986 3102 5054; x_wconf 81' lang='lat' dir='ltr'>origine</span> <span class='ocrx_word' id='word_1_798' title='bbox 3129 4989 3247 5043; x_wconf 59' lang='lat' dir='ltr'>ira.</span> 
     </span>
    </p>
   </div>
   <div class='ocr_carea' id='block_1_113' title="bbox 2041 5068 3565 5149">
    <p class='ocr_par' dir='ltr' id='par_1_113' title="bbox 2041 5068 3565 5149">
     <span class='ocr_line' id='line_1_113' title="bbox 2041 5068 3565 5149; baseline 0.007 -22"><span class='ocrx_word' id='word_1_799' title='bbox 2041 5071 2090 5128; x_wconf 87' lang='lat'>1.</span> <span class='ocrx_word' id='word_1_800' title='bbox 2124 5072 2273 5128; x_wconf 88' lang='lat' dir='ltr'>Dixit</span> <span class='ocrx_word' id='word_1_801' title='bbox 2300 5072 2529 5144; x_wconf 88' lang='lat' dir='ltr'>quidam</span> <span class='ocrx_word' id='word_1_802' title='bbox 2572 5087 2639 5125; x_wconf 89' lang='lat' dir='ltr'>ex</span> <span class='ocrx_word' id='word_1_803' title='bbox 2663 5071 2870 5126; x_wconf 91' lang='lat' dir='ltr'>sanctis</span> <span class='ocrx_word' id='word_1_804' title='bbox 2901 5068 3164 5130; x_wconf 88' lang='lat' dir='ltr'>Patribus</span> <span class='ocrx_word' id='word_1_805' title='bbox 3188 5079 3370 5147; x_wconf 64' lang='lat' dir='ltr'>(Rulli,</span> <span class='ocrx_word' id='word_1_806' title='bbox 3406 5082 3444 5135; x_wconf 81' lang='grc' dir='ltr'>Ζ.</span> <span class='ocrx_word' id='word_1_807' title='bbox 3477 5092 3565 5149; x_wconf 81' lang='lat' dir='ltr'>III,</span> 
     </span>
    </p>
   </div>
   <div class='ocr_carea' id='block_1_114' title="bbox 1967 5159 3570 5241">
    <p class='ocr_par' dir='ltr' id='par_1_114' title="bbox 1967 5159 3570 5241">
     <span class='ocr_line' id='line_1_114' title="bbox 1967 5159 3570 5241; baseline 0.005 -24"><span class='ocrx_word' id='word_1_808' title='bbox 1967 5178 2025 5217; x_wconf 86' lang='grc' dir='ltr'>η.</span> <span class='ocrx_word' id='word_1_809' title='bbox 2060 5159 2147 5230; x_wconf 85' lang='lat'>76)</span> <span class='ocrx_word' id='word_1_810' title='bbox 2178 5179 2189 5210; x_wconf 88' lang='lat'><strong>:</strong></span> <span class='ocrx_word' id='word_1_811' title='bbox 2218 5164 2310 5217; x_wconf 90' lang='lat' dir='ltr'>Ira</span> <span class='ocrx_word' id='word_1_812' title='bbox 2330 5178 2429 5233; x_wconf 91' lang='lat' dir='ltr'>per</span> <span class='ocrx_word' id='word_1_813' title='bbox 2458 5162 2559 5215; x_wconf 88' lang='lat' dir='ltr'>hos</span> <span class='ocrx_word' id='word_1_814' title='bbox 2586 5166 2829 5233; x_wconf 89' lang='lat' dir='ltr'>quatuor</span> <span class='ocrx_word' id='word_1_815' title='bbox 2855 5168 3015 5218; x_wconf 88' lang='lat' dir='ltr'>actus</span> <span class='ocrx_word' id='word_1_816' title='bbox 3045 5167 3312 5238; x_wconf 86' lang='lat' dir='ltr'>exsurgit,</span> <span class='ocrx_word' id='word_1_817' title='bbox 3335 5175 3570 5241; x_wconf 91' lang='lat' dir='ltr'>propter</span> 
     </span>
    </p>
   </div>
   <div class='ocr_carea' id='block_1_115' title="bbox 1966 5250 3570 5330">
    <p class='ocr_par' dir='ltr' id='par_1_115' title="bbox 1966 5250 3570 5330">
     <span class='ocr_line' id='line_1_115' title="bbox 1966 5250 3570 5330; baseline 0.004 -22"><span class='ocrx_word' id='word_1_818' title='bbox 1966 5251 2328 5323; x_wconf 89' lang='lat' dir='ltr'>cupiditatem</span> <span class='ocrx_word' id='word_1_819' title='bbox 2351 5251 2598 5306; x_wconf 66' lang='lat' dir='ltr'>avaritiae</span> <span class='ocrx_word' id='word_1_820' title='bbox 2618 5250 2787 5305; x_wconf 90' lang='lat' dir='ltr'>dandi</span> <span class='ocrx_word' id='word_1_821' title='bbox 2808 5256 2863 5306; x_wconf 92' lang='lat' dir='ltr'>et</span> <span class='ocrx_word' id='word_1_822' title='bbox 2882 5253 3417 5330; x_wconf 90' lang='lat' dir='ltr'>accipiendi,resque</span> <span class='ocrx_word' id='word_1_823' title='bbox 3437 5259 3570 5313; x_wconf 87' lang='lat' dir='ltr'>alie-</span> 
     </span>
    </p>
   </div>
   <div class='ocr_carea' id='block_1_116' title="bbox 1967 5340 3567 5412">
    <p class='ocr_par' dir='ltr' id='par_1_116' title="bbox 1967 5340 3567 5412">
     <span class='ocr_line' id='line_1_116' title="bbox 1967 5340 3567 5412; baseline 0.004 -16"><span class='ocrx_word' id='word_1_824' title='bbox 1967 5358 2069 5396; x_wconf 89' lang='lat' dir='ltr'>nas</span> <span class='ocrx_word' id='word_1_825' title='bbox 2089 5341 2363 5412; x_wconf 88' lang='lat' dir='ltr'>rapiendi,</span> <span class='ocrx_word' id='word_1_826' title='bbox 2388 5346 2445 5395; x_wconf 90' lang='lat' dir='ltr'>et</span> <span class='ocrx_word' id='word_1_827' title='bbox 2474 5340 2518 5394; x_wconf 94' lang='lat' dir='ltr'>si</span> <span class='ocrx_word' id='word_1_828' title='bbox 2542 5340 2666 5411; x_wconf 90' lang='lat' dir='ltr'>quis</span> <span class='ocrx_word' id='word_1_829' title='bbox 2690 5342 2971 5412; x_wconf 84' lang='lat' dir='ltr'>propriam</span> <span class='ocrx_word' id='word_1_830' title='bbox 3000 5348 3339 5402; x_wconf 86' lang='lat' dir='ltr'>sententiam</span> <span class='ocrx_word' id='word_1_831' title='bbox 3370 5363 3567 5402; x_wconf 90' lang='lat' dir='ltr'>amans</span> 
     </span>
    </p>
   </div>
   <div class='ocr_carea' id='block_1_117' title="bbox 1969 5429 3563 5506">
    <p class='ocr_par' dir='ltr' id='par_1_117' title="bbox 1969 5429 3563 5506">
     <span class='ocr_line' id='line_1_117' title="bbox 1969 5429 3563 5506; baseline 0.004 -21"><span class='ocrx_word' id='word_1_832' title='bbox 1969 5430 2243 5497; x_wconf 88' lang='lat' dir='ltr'>defendit;</span> <span class='ocrx_word' id='word_1_833' title='bbox 2268 5435 2325 5484; x_wconf 87' lang='lat' dir='ltr'>et</span> <span class='ocrx_word' id='word_1_834' title='bbox 2348 5430 2395 5483; x_wconf 90' lang='lat' dir='ltr'>si</span> <span class='ocrx_word' id='word_1_835' title='bbox 2419 5429 2543 5500; x_wconf 91' lang='lat' dir='ltr'>quis</span> <span class='ocrx_word' id='word_1_836' title='bbox 2572 5445 2631 5483; x_wconf 89' lang='lat' dir='ltr'>se</span> <span class='ocrx_word' id='word_1_837' title='bbox 2654 5430 2776 5484; x_wconf 89' lang='lat' dir='ltr'>vult</span> <span class='ocrx_word' id='word_1_838' title='bbox 2803 5430 3110 5489; x_wconf 89' lang='lat' dir='ltr'>honoribus</span> <span class='ocrx_word' id='word_1_839' title='bbox 3138 5452 3259 5491; x_wconf 90' lang='lat' dir='ltr'>esse</span> <span class='ocrx_word' id='word_1_840' title='bbox 3299 5436 3563 5506; x_wconf 87' lang='lat' dir='ltr'>dignum;</span> 
     </span>
    </p>
   </div>
   <div class='ocr_carea' id='block_1_118' title="bbox 1969 5519 3567 5595">
    <p class='ocr_par' dir='ltr' id='par_1_118' title="bbox 1969 5519 3567 5595">
     <span class='ocr_line' id='line_1_118' title="bbox 1969 5519 3567 5595; baseline 0.003 -20"><span class='ocrx_word' id='word_1_841' title='bbox 1969 5525 2026 5575; x_wconf 90' lang='lat' dir='ltr'>et</span> <span class='ocrx_word' id='word_1_842' title='bbox 2065 5520 2112 5574; x_wconf 91' lang='lat' dir='ltr'>si</span> <span class='ocrx_word' id='word_1_843' title='bbox 2142 5520 2268 5591; x_wconf 88' lang='lat' dir='ltr'>quis</span> <span class='ocrx_word' id='word_1_844' title='bbox 2295 5519 2579 5573; x_wconf 91' lang='lat' dir='ltr'>doctorem</span> <span class='ocrx_word' id='word_1_845' title='bbox 2608 5535 2669 5574; x_wconf 90' lang='lat' dir='ltr'>se</span> <span class='ocrx_word' id='word_1_846' title='bbox 2700 5535 2825 5575; x_wconf 91' lang='lat' dir='ltr'>esse</span> <span class='ocrx_word' id='word_1_847' title='bbox 2852 5522 2992 5590; x_wconf 86' lang='lat' dir='ltr'>vult,</span> <span class='ocrx_word' id='word_1_848' title='bbox 3024 5524 3152 5595; x_wconf 90' lang='lat' dir='ltr'>plus</span> <span class='ocrx_word' id='word_1_849' title='bbox 3178 5524 3435 5579; x_wconf 90' lang='lat' dir='ltr'>omnibus</span> <span class='ocrx_word' id='word_1_850' title='bbox 3473 5539 3567 5579; x_wconf 91' lang='lat' dir='ltr'>sa-</span> 
     </span>
    </p>
   </div>
   <div class='ocr_carea' id='block_1_119' title="bbox 1968 5609 3574 5688">
    <p class='ocr_par' dir='ltr' id='par_1_119' title="bbox 1968 5609 3574 5688">
     <span class='ocr_line' id='line_1_119' title="bbox 1968 5609 3574 5688; baseline 0.004 -22"><span class='ocrx_word' id='word_1_851' title='bbox 1968 5611 2217 5686; x_wconf 89' lang='lat' dir='ltr'>pientem</span> <span class='ocrx_word' id='word_1_852' title='bbox 2240 5626 2299 5667; x_wconf 90' lang='lat' dir='ltr'>se</span> <span class='ocrx_word' id='word_1_853' title='bbox 2317 5625 2442 5667; x_wconf 88' lang='lat' dir='ltr'>esse</span> <span class='ocrx_word' id='word_1_854' title='bbox 2461 5624 2714 5684; x_wconf 87' lang='lat' dir='ltr'>sperans.</span> <span class='ocrx_word' id='word_1_855' title='bbox 2745 5609 2842 5668; x_wconf 86' lang='lat' dir='ltr'>Ira</span> <span class='ocrx_word' id='word_1_856' title='bbox 2862 5612 3035 5670; x_wconf 89' lang='lat' dir='ltr'>etiam</span> <span class='ocrx_word' id='word_1_857' title='bbox 3063 5629 3166 5688; x_wconf 89' lang='lat' dir='ltr'>per</span> <span class='ocrx_word' id='word_1_858' title='bbox 3183 5613 3301 5671; x_wconf 57' lang='lat' dir='ltr'>hac</span> <span class='ocrx_word' id='word_1_859' title='bbox 3329 5617 3574 5688; x_wconf 87' lang='lat' dir='ltr'>quatuor</span> 
     </span>
    </p>
   </div>
  </div>
