3964 6206
450 276 581 337 1031
1551 271 1646 330 DE
1681 271 1873 331 VITIS
1906 270 2205 331 PATRUM
2241 271 2456 330 LIBER
2491 272 2615 330 VII.
3561 278 3680 337 1032

447 404 732 459 humanos
775 415 970 458 sensus
1008 398 1289 467 obscurat,
1331 399 1382 456 si
1423 399 1552 455 odio
1585 399 1847 456 habuerit
1872 400 2105 462 homoA
2124 401 2416 473 respondit
2444 418 2456 455 :
2482 399 2720 456 Satisfac
2747 399 3078 472 cogitationi
3103 403 3232 467 tuae,
3263 401 3519 473 quoniam
3534 403 3682 461 frater

447 494 762 564 proximum
790 507 976 556 suum,
999 495 1099 544 aut
1125 489 1170 544 si
1201 506 1301 561 pro
1331 489 1507 545 nihilo
1543 489 1821 556 habuerit,
1857 495 1958 544 aut
1992 490 2040 543 si
2122 507 2235 545 non
2263 491 2382 545 vult
2401 496 2456 545 te
2485 490 2765 561 injuriari,
2794 491 2892 545 sed
2919 495 3146 562 peccata
3173 497 3273 545 tua
3300 490 3616 549 submittunt
3630 495 3684 550 il-

447 581 710 636 inviderit
732 581 830 646 illi,
857 585 960 634 aut
983 579 1028 633 si
1050 579 1447 635 detractaverit
1474 580 1543 634 de
1565 597 1650 635 eo.
1681 580 1766 634 Ad
1795 580 1900 634 hoc
1921 596 2044 634 san-
2126 581 2414 637 lum.Nam
2431 580 2490 634 in
2512 580 2666 634 omni
2689 580 2999 635 tentatione
3021 597 3143 651 quae
3162 581 3264 635 tibi
3285 583 3587 652 contigerit,
3602 601 3685 656 per

447 677 599 726 ctum
632 673 905 725 Joannem
954 670 1354 740 evangelistam
1388 670 1679 724 ostendam
1711 676 1996 724 auctorem
2029 687 2040 723 :
2131 669 2323 723 omnia
2349 686 2421 723 ne
2449 686 2654 740 arguas
2676 686 2805 724 eum
2831 689 2843 737 ;
2865 670 2973 724 nisi
3002 671 3391 725 tantummodo
3418 671 3502 726 dic
3531 690 3542 725 :
3567 673 3687 738 Quia

448 760 556 825 Qui
575 759 710 826 odit,
729 759 930 831 inquit,
956 759 1186 814 fratrem
1207 776 1392 825 suum,
1410 759 1469 813 in
1488 759 1734 814 tenebris
1754 765 1857 825 est,
1879 765 1937 813 et
1954 775 2050 812 ne—
2129 765 2360 830 propter
2393 765 2622 830 peccata
2655 776 2782 813 mea
2806 759 3138 830 contingunt
3168 760 3307 814 mihi
3337 760 3468 816 haec.

450 849 554 904 scit
575 865 684 920 quo
707 854 818 916 eat,
843 855 900 904 et
919 855 1112 903 manet
1125 849 1183 902 in
1197 855 1379 904 morte
1405 850 1455 917 (Ι
1469 851 1631 903 Joan.
1659 853 1744 920 ιι).
1764 847 2047 902 Passionis
2201 845 2254 904 3.
2295 847 2528 903 Dicebat
2561 848 2886 920 frequenter
2929 847 3102 902 abbas
3141 849 3427 904 Pimenius
3454 869 3465 903 :
3506 851 3690 908 Malitia

451 943 642 994 autem
672 939 842 1010 hujus
869 937 1165 994 retributio
1197 943 1441 1010 quatuor
1477 938 1672 993 modos
1701 937 1904 992 habet:
1937 935 2048 1008 pri-
2129 953 2421 1008 nunquam
2458 943 2757 1008 exsuperat
2777 937 3050 992 malitiam
3075 938 3202 992 :sed
3231 938 3278 991 si
3301 940 3423 1009 quis
3441 940 3691 996 maletece-

447 1045 602 1084 mum
631 1045 697 1082 ex
741 1028 926 1094 corde,
959 1027 1266 1084 secundum
1295 1044 1359 1082 ex
1400 1026 1561 1092 facie,
1585 1026 1817 1082 tertium
1847 1043 1912 1081 ex
1941 1026 2046 1080 lin-
2127 1026 2204 1080 rit
2229 1025 2350 1092 tibi,
2385 1032 2450 1081 tu
2479 1027 2561 1080 illi
2581 1026 2790 1082 bonum
2806 1027 2997 1092 redde,
3015 1035 3078 1082 ut
3101 1044 3200 1099 per
3217 1029 3691 1086 bonitatemvincas

445 1134 578 1188 gua,
595 1123 858 1190 quartum
875 1135 941 1172 ex
972 1117 1136 1171 facto.
1155 1117 1212 1171 Si
1243 1116 1369 1187 quis
1395 1133 1528 1186 ergo
1560 1116 1808 1188 potuerit
1825 1116 1906 1170 ita
1922 1131 2047 1186 por-
2127 1115 2569 1184 malitiam(Ru/)‘.
2597 1118 2694 1170 lib.
2720 1131 2803 1183 ιιι,
2832 1133 2889 1170 η.
2913 1116 3015 1184 79;
3038 1119 3246 1184 Pclag.,
3264 1118 3432 1172 libell.
3451 1134 3503 1172 ιι.
3528 1118 3686 1185 71.53).

446 1214 570 1262 tare
595 1208 828 1273 malum,
856 1212 923 1261 ut
948 1223 1061 1261 non
1086 1206 1435 1277 ingrediatur
1450 1206 1508 1258 in
1531 1206 1713 1272 corde,
1730 1221 1843 1260 non
1858 1220 2048 1276 perve-
2199 1202 2249 1259 4.
2276 1204 2516 1269 Quidam
2531 1204 2708 1258 frater
2726 1212 2849 1260 erat
2865 1207 3049 1272 (Ra/7.,
3073 1207 3168 1259 lib.
3200 1221 3283 1272 ιιι,
3299 1223 3357 1260 n.
3379 1204 3480 1273 80;
3511 1209 3685 1275 Pelag.,

448 1297 535 1352 nit
561 1313 740 1368 usque
767 1297 839 1350 ad
867 1296 1086 1351 faciem.
1121 1296 1179 1350 Si
1221 1301 1412 1350 autem
1456 1295 1674 1350 venerit
1719 1295 1777 1349 in
1823 1294 2043 1361 faciem,
2082 1359 2098 1371 δ
2131 1293 2305 1348 libell.
2338 1311 2455 1360 xw,
2489 1311 2650 1348 num.
2685 1294 2791 1362 l‘Z),
2843 1294 2940 1365 qui
2971 1300 3180 1366 quanto
3210 1295 3337 1366 plus
3366 1312 3490 1350 eum
3516 1297 3690 1367 aliquis

449 1385 726 1441 custodiat
755 1385 1005 1456 linguam
1036 1401 1216 1449 suam,
1250 1401 1320 1439 ne
1341 1385 1605 1456 loquatur
1625 1384 1780 1438 illud.
1801 1382 1961 1449 Quod
1999 1383 2048 1437 si
2130 1379 2511 1452 injuriabatur
2534 1388 2634 1437 aut
2665 1381 2953 1450 incitabat,
2992 1388 3146 1438 tanto
3173 1383 3354 1453 magis
3375 1384 3443 1438 ad
3470 1401 3585 1439 eum
3614 1403 3690 1441 re-

450 1476 672 1530 locutus
693 1475 882 1540 fuerit,
912 1475 996 1530 vel
1015 1475 1120 1529 hoc
1143 1474 1440 1539 custodiat,
1475 1491 1547 1528 ne
1566 1475 1766 1529 reddat
1792 1474 1850 1528 in
1879 1474 2044 1540 facto,
2133 1470 2414 1538 currebat,
2454 1472 2644 1527 dicens
2675 1494 2688 1528 :
2742 1472 2844 1528 Isti
2873 1479 3008 1527 sunt
3035 1473 3131 1543 qui
3181 1473 3346 1528 nobis
3387 1475 3693 1530 occasionem

448 1565 546 1620 sed
578 1582 700 1619 mox
733 1564 984 1620 abscidat
1024 1580 1059 1618 a
1087 1564 1273 1620 corde.
1307 1565 1444 1618 Tres
1471 1564 1624 1618 enim
1665 1564 1876 1634 gradus
1915 1567 2050 1617 sunt
2131 1561 2382 1631 prazbent
2411 1561 2483 1616 ad
2509 1561 2908 1632 perfectionem
2937 1568 3223 1629 nostram;
3249 1563 3345 1633 qui
3377 1570 3553 1617 autem
3574 1564 3685 1618 bea-

449 1654 739 1709 hominum
769 1654 827 1708 in
857 1654 1122 1725 passione
1151 1654 1268 1708 irae.
1289 1654 1430 1708 Nam
1449 1654 1544 1724 qui
1565 1654 1704 1708 nulli
1733 1652 2048 1708 voluntarie
2131 1651 2349 1705 tiﬁcant
2381 1667 2503 1716 nos,
2536 1651 2826 1723 decipiunt
2858 1669 2980 1720 nos,
3013 1659 3072 1708 et
3099 1653 3362 1707 semitam
3389 1653 3579 1724 pedum
3604 1670 3688 1709 no-

448 1749 628 1810 nocet,
645 1749 701 1798 et
714 1743 1104 1798 resistentibus
1125 1759 1236 1798 non
1252 1743 1574 1813 injuriatur,
1599 1749 1656 1796 et
1670 1743 1850 1814 parcit
1868 1742 2050 1812 proxi-
2069 1726 2111 1788 Β
2128 1745 2374 1795 strorum
2402 1739 2738 1796 subvertunt
2767 1743 2896 1811 (Isa.
2926 1756 2990 1796 ιιι
2995 1753 3034 1809 ).

447 1849 541 1887 mo
570 1850 691 1899 suo,
726 1833 816 1887 hic
843 1832 1151 1888 secundum
1173 1832 1381 1887 Christi
1409 1837 1672 1887 naturam
1694 1837 1796 1886 est.
1822 1831 1929 1896 Qui
1950 1848 2048 1886 au-
2199 1829 2254 1883 5.
2281 1829 2442 1885 Alius
2458 1836 2584 1885 erat
2601 1847 2788 1897 senex,
2821 1831 2870 1886 si
2911 1832 3036 1902 quis
3079 1831 3418 1886 detraxisset
3438 1831 3504 1899 ei,
3531 1833 3614 1888 ille
3630 1833 3692 1888 fe-

447 1927 566 1977 tem
586 1940 689 1978 nec
716 1922 889 1977 alium
919 1921 1091 1988 laedit,
1116 1937 1298 1992 neque
1328 1937 1390 1976 se
1415 1921 1541 1974 laedi
1567 1921 1705 1986 vult,
1727 1921 1818 1974 hic
1837 1936 2043 1975 secun-
2129 1918 2402 1988 stinabat,
2434 1919 2482 1974 si
2507 1919 2720 1974 vicinus
2749 1919 2802 1974 ei
2823 1927 2962 1986 erat,
2987 1937 3088 1992 per
3109 1921 3359 1992 seipsum
3390 1921 3522 1976 bene
3538 1939 3691 1978 remu-

448 2013 583 2068 dum
611 2011 793 2066 Adam
825 2017 928 2066 est.
955 2010 1061 2075 Qui
1087 2027 1217 2065 vero
1246 2011 1371 2065 aliis
1403 2015 1583 2078 nocet,
1598 2016 1698 2065 aut
1719 2009 2042 2080 injuriatur,
2129 2025 2330 2064 nerare
2348 2009 2538 2077 illum;
2569 2009 2718 2080 quod
2747 2009 2795 2063 si
2823 2009 3045 2080 longius
3077 2009 3364 2077 manebat,
3387 2011 3692 2066 transmitte-

449 2107 549 2156 aut
575 2101 887 2157 calumnias
914 2099 1141 2172 ingerit,
1175 2105 1276 2156 aut
1303 2117 1507 2155 usuras
1537 2099 1726 2170 exigit,
1741 2099 1830 2154 hic
1847 2115 2048 2155 secun-
2130 2099 2225 2155 bat
2255 2099 2306 2156 ei
2329 2116 2566 2155 munera
2596 2102 2780 2167 (Ra/)1,
2817 2103 2855 2154 ι.
2890 2114 2972 2167 ιιι,
3009 2117 3067 2154 η.
3095 2100 3204 2170 ll).

447 2191 582 2247 dum
611 2191 898 2246 diabolum
918 2197 1022 2245 est.
2722 2190 2956 2245 CAPUT
2983 2191 3134 2246 VIII.

518 2281 818 2346 3.Quidam
835 2281 1039 2336 fratres
1057 2280 1343 2336 venientes
1353 2281 1423 2335 ad
1438 2278 1698 2336 abbatem
1714 2279 2042 2345 Antonium,
2483 2281 2556 2334 De
2586 2295 2699 2335 non
2718 2281 3072 2334 retribucndo
3100 2283 3373 2335 inimicis.

447 2371 810 2445 postulabant
837 2370 908 2425 ab
927 2387 992 2425 eo
1013 2370 1207 2425 audire
1227 2387 1545 2425 sermonem
1561 2386 1662 2440 per
1683 2385 1852 2440 quam
1874 2369 2050 2423 salva-
2200 2369 2502 2434 1.Quidam
2516 2369 2692 2424 frater
2708 2369 3078 2440 interrogavit
3091 2369 3356 2425 abbatem
3381 2369 3686 2438 Sisoi(Ru/T.,

447 2469 644 2518 rentur
662 2465 866 2534 (Joan.,
901 2462 1150 2525 libel.1v,
1181 2477 1238 2514 η.
1275 2460 1379 2524 ll).
1405 2459 1618 2523 Quibus
1640 2459 1734 2512 ille
1754 2458 1871 2512 ait:
1908 2456 2050 2512 Scri-
2133 2463 2170 2514 ι.
2205 2473 2285 2526 ιιι,
2311 2475 2366 2513 η.
2401 2457 2513 2529 8'2),
2544 2460 2736 2514 dicens
2768 2473 2780 2508 :
2813 2459 2870 2514 Si
2899 2460 3146 2514 latrones
3178 2467 3281 2514 aut
3321 2458 3532 2515 barbari
3548 2476 3687 2530 super

447 2558 643 2624 pturas
676 2550 986 2616 audivistis,
1023 2555 1081 2604 et
1100 2550 1256 2604 scitis
1277 2565 1400 2620 quae
1421 2547 1576 2602 vobis
1595 2565 1630 2601 a
1652 2547 1875 2602 Christo
1897 2546 2050 2601 suffi-
2135 2565 2226 2603 me
2255 2547 2545 2616 irruerint,
2578 2549 2829 2604 occidere
2857 2565 2948 2604 me
2962 2550 3235 2615 volentes,
3257 2555 3316 2604 et
3341 2567 3440 2620 ego
3461 2549 3504 2604 si
3522 2565 3690 2620 praeva-

448 2641 618 2695 ciant.
644 2642 720 2694 At
738 2639 839 2705 illi,
865 2645 927 2693 ut
944 2639 1060 2710 ipse
1085 2655 1308 2709 quoque
1328 2636 1633 2708 aliquideis
1650 2637 1834 2691 dicere
1854 2635 2049 2706 digna-
2130 2638 2309 2704 luero,
2346 2638 2514 2709 jubes
2553 2644 2617 2693 ut
2653 2639 2944 2694 occidam?
2991 2639 3094 2693 Cui
3135 2640 3232 2694 ille
3271 2639 3584 2711 respondit:
3621 2639 3687 2693 Ne

449 2735 622 2796 retur,
651 2727 957 2782 instabant.
979 2727 1134 2782 Tunc
1161 2727 1297 2781 dicit
1324 2726 1404 2781 eis
1429 2745 1440 2779 :
1484 2726 1850 2796 Evangelium
1871 2725 2007 2779 dicit
2030 2743 2042 2779 :
2131 2727 2302 2782 facias
2332 2727 2503 2794 istud,
2528 2744 2599 2782 ne
2625 2727 2934 2782 nomineris
2957 2727 3260 2792 homicida,
3279 2728 3375 2783 sed
3405 2733 3571 2782 totum
3594 2727 3685 2781 Deo

449 2817 508 2871 Si
537 2817 664 2888 quis
689 2822 745 2870 te
770 2814 1107 2887 percusserit
1125 2814 1183 2869 in
1213 2813 1496 2869 maxillam
1523 2813 1830 2879 dexteram,
1863 2812 2048 2885 praebe
2131 2817 2428 2886 contrade;
2463 2823 2520 2871 et
2541 2816 2812 2888 quidquid
2837 2816 2935 2870 tibi
2965 2817 3269 2887 contigerit
3302 2817 3527 2882 adversi,
3552 2816 3686 2888 proli-

447 2906 530 2960 illi
563 2912 620 2961 et
645 2907 883 2960 alteram
913 2905 1129 2973 (Matth.
1163 2905 1239 2973 v).
1268 2906 1344 2960 At
1364 2903 1445 2958 illi
1476 2921 1535 2958 se
1572 2903 1754 2958 facere
1787 2904 1892 2958 hoc
1934 2919 2048 2958 non
2129 2912 2248 2960 tere
2279 2906 2384 2960 hoc
2419 2905 2524 2960 tibi
2553 2911 2783 2978 propter
2826 2912 3057 2977 peccata
3093 2913 3195 2961 tua
3227 2907 3443 2973 venire;
3487 2906 3530 2959 si
3575 2904 3682 2976 quid

445 3013 609 3069 posse
639 2995 920 3050 dixerunt.
948 2993 1260 3066 Respondit
1288 3009 1460 3048 senex
1487 3011 1498 3046 :
1532 2992 1788 3048 Prmbere
1807 2993 2046 3048 alteram
2129 3011 2259 3049 vero
2307 2995 2439 3049 boni
2486 2996 2660 3049 fueris
2704 3000 3058 3064 consecutus,
3089 2995 3295 3050 divina:
3325 2993 3684 3069 dispensationi

445 3103 559 3142 non
579 3085 850 3158 potestis?
879 3085 964 3138 vel
993 3083 1051 3138 in
1072 3083 1228 3138 illam
1257 3082 1547 3148 iterum.si
1566 3082 1824 3148 voluerit,
1847 3089 2042 3149 068
2066 3092 2110 3153 α
2127 3089 2309 3140 totum
2339 3085 2508 3140 debes
2537 3083 2835 3140 ascribere.

446 3175 609 3231 ferire
625 3174 916 3229 sustinete.
951 3172 1060 3228 Sed
1087 3189 1214 3227 cum
1243 3188 1424 3243 neque
1455 3172 1559 3226 hoc
1595 3188 1653 3226 se
1677 3188 1838 3243 posse
1861 3170 2042 3226 facere
2196 3173 2250 3228 2.
2279 3174 2414 3229 Erat
2439 3174 2675 3229 cremita
2703 3173 2934 3246 quidam
2958 3191 3200 3246 magnus
3216 3175 3276 3230 in
3306 3180 3490 3230 monte
3514 3173 3598 3244 qui
3618 3171 3685 3227 di-

445 3271 810 3329 testarentur,
839 3263 975 3317 dicit
1003 3262 1084 3316 eis
1110 3278 1277 3316 senex
1310 3279 1322 3314 :
1359 3261 1504 3332 Ergo
1533 3261 1580 3314 si
1606 3261 1711 3315 hoc
1738 3277 1850 3315 non
1878 3267 2041 3332 pote-
2123 3263 2269 3317 citur
2296 3262 2580 3318 Athabeos
2593 3264 2828 3334 [Ruf/in.
2846 3264 3250 3336 Athlibeus],et
3273 3270 3533 3320 venerunt
3546 3276 3686 3333 super

443 3355 564 3420 stis,
595 3371 667 3409 ne
695 3352 944 3408 reddatis
975 3351 1186 3406 malum
1215 3367 1315 3422 pro
1339 3367 1404 3405 eo
1440 3350 1590 3421 quod
1626 3350 1936 3421 accepistis.
1971 3351 2041 3405 Et
2122 3367 2250 3406 eum
2293 3352 2540 3406 latrones
2587 3355 2783 3421 (llum,
2813 3356 2853 3407 ι.
2885 3366 2958 3420 ιιι,
2993 3369 3052 3407 η.
3085 3351 3198 3420 83).
3233 3355 3376 3408 Cum
3403 3359 3574 3407 autem
3607 3350 3682 3403 ille

445 3461 574 3499 cum
600 3443 751 3498 idem
785 3441 1036 3507 verbum,
1079 3441 1226 3512 quod
1246 3440 1504 3511 superius
1531 3439 1808 3505 dixerant,
1825 3446 2042 3511 repete—
2120 3457 2312 3496 vocem
2342 3442 2606 3508 dedisset,
2631 3441 2700 3497 de
2719 3442 2916 3496 vicinis
2943 3442 3077 3496 locis
3105 3442 3314 3497 fratres
3340 3443 3418 3497 illi
3434 3443 3681 3497 conﬂuen-

443 3531 743 3599 rent,dixit
765 3530 936 3586 abbas
966 3529 1244 3584 Antonius
1272 3529 1544 3600 discipulo
1573 3546 1675 3584 suo
1707 3543 1720 3578 :
1747 3529 1920 3594 Vade,
1954 3528 2040 3584 fac
2122 3536 2207 3585 tes
2237 3532 2786 3603 comprehenderunt
2808 3548 2922 3585 eos.
2957 3532 3107 3596 Quos
3135 3533 3492 3587 transmissos
3510 3531 3560 3585 in
3577 3528 3681 3583 civi-

443 3623 554 3678 illis
578 3639 752 3688 escas,
786 3627 850 3675 ut
876 3620 1192 3685 comedant,
1218 3618 1372 3673 vides
1410 3618 1560 3672 enim
1584 3618 1732 3690 quod
1764 3619 1922 3673 valde
1952 3619 2040 3673 in-
2125 3624 2298 3674 tatem
2328 3620 2501 3691 judex
2523 3621 2677 3675 misit
2697 3621 2755 3675 in
2768 3638 3070 3676 carcerem.
3092 3622 3322 3678 Fratres
3345 3639 3467 3676 vero
3481 3621 3552 3675 illi
3573 3635 3681 3674 con-

443 3712 594 3768 ﬁrmi
633 3715 785 3766 sunt.
821 3711 889 3764 Et
911 3710 994 3763 ait
1031 3709 1101 3762 ad
1126 3708 1250 3762 illos
1284 3726 1298 3764 :
1330 3707 1389 3762 Si
1423 3708 1572 3762 enim
1604 3707 1710 3762 hoc
1735 3724 1848 3762 non
1878 3715 2039 3779 pote-
2125 3709 2332 3763 tristati
2356 3715 2490 3764 sunt
2509 3710 2694 3777 nimis,
2723 3711 2856 3781 quia
2879 3717 3109 3782 propter
3133 3728 3231 3765 eos
3262 3712 3501 3766 latrones
3519 3706 3679 3763 traditi

442 3802 564 3865 stis,
591 3806 648 3854 et
673 3801 914 3854 alterum
952 3814 1065 3852 non
1102 3797 1285 3863 vultis,
1319 3796 1452 3867 quid
1498 3813 1533 3851 a
1566 3813 1655 3852 me
1697 3797 1987 3869 requiritis
2017 3798 2041 3852 ?
2124 3805 2312 3853 essent
2325 3799 2396 3853 ad
2417 3815 2671 3870 poenam;
2695 3807 2752 3854 et
2773 3800 3064 3854 venientes
3084 3799 3426 3856 adabbatem
3446 3797 3679 3854 Pimenio-

440 3895 506 3945 ut
534 3889 714 3954 video,
746 3887 1061 3942 necessaria
1084 3892 1172 3942 est
1197 3885 1354 3940 vobis
1383 3885 1581 3953 oratio,
1625 3903 1726 3958 per
1755 3904 1926 3958 quam
1955 3887 2040 3942 in-
2123 3904 2272 3953 nem,
2302 3895 2674 3944 narraverunt
2703 3889 2753 3944 ei
2785 3889 3012 3944 factum.
3038 3889 3145 3954 Qui
3173 3890 3398 3962 scripsit
3423 3889 3490 3943 ad
3519 3885 3679 3942 eremi-

441 3977 681 4034 firmitas
711 3981 894 4033 vestra
920 3982 1170 4033 sanetur.
2122 3982 2258 4042 tam,
2315 3978 2550 4033 dicens:
2603 3979 2979 4034 Reminiscere
3035 3982 3277 4051 primam
3327 3978 3675 4051 proditionem,

1049 4065 1282 4120 CAPUT
1308 4063 1432 4120 VII.
2123 4067 2272 4122 unde
2301 4067 2448 4123 facta
2475 4073 2579 4136 est,
2615 4074 2670 4123 et
2697 4074 2832 4123 tunc
2861 4068 3074 4124 videbis
3109 4070 3414 4124 secundam
3447 4065 3677 4139 proditio-

727 4158 802 4212 Dc
829 4157 1183 4211 retribuendo
1215 4157 1417 4209 bonum
1440 4171 1543 4224 pro
1573 4157 1740 4210 malo.
2122 4172 2272 4211 nem.
2297 4157 2421 4212 Nisi
2450 4157 2599 4212 enim
2629 4157 2886 4228 proditus
2905 4157 3106 4213 fuisses
3121 4157 3194 4212 ab
3215 4151 3673 4217 interioribustuis,

511 4247 566 4303 ‘l.
609 4245 848 4312 Quidam
878 4261 944 4300 ex
991 4243 1259 4299 fratribus
1287 4243 1357 4298 ab
1385 4243 1496 4298 alio
1526 4260 1724 4315 passus
1771 4243 2041 4314 injuriam
2123 4247 2426 4301 secundam
2477 4246 2914 4318 publicationem
2969 4250 3266 4319 nunquam
3316 4253 3672 4319 perpeti-asses.

438 4337 594 4394 venit
625 4337 695 4391 ad
718 4335 979 4390 abbatem
1020 4333 1255 4399 Sisoim;
1280 4338 1338 4388 et
1361 4333 1716 4388 contumeliae
1743 4350 1923 4404 genus
1952 4349 2042 4388 ex-
2123 4336 2376 4408 Cumque
2401 4337 2496 4391 ille
2525 4337 2696 4392 talem
2725 4337 2976 4392 audisset
2989 4354 3329 4403 sermonem,
3355 4338 3676 4407 compunctus

441 4441 674 4500 ponens,
704 4423 948 4479 addebat
977 4436 990 4471 :
1019 4422 1196 4493 Cupio
1224 4438 1314 4476 me
1351 4422 1630 4476 vindicare
1658 4423 1850 4493 (Ruf/1,
1883 4425 1922 4476 ι.
1950 4436 2034 4489 ιιι,
2054 4413 2242 4493 Dest;
2274 4432 2331 4480 et
2377 4443 2505 4481 cum
2534 4431 2682 4481 esset
2708 4427 2763 4480 in
2796 4427 2890 4481 illa
2917 4427 3146 4499 regione
3172 4427 3502 4489 nominatus,
3533 4431 3583 4478 et
3597 4435 3677 4492 per

441 4533 501 4571 η.
534 4513 630 4582 77;
661 4517 844 4582 Pelag.
879 4513 1048 4568 ιίῡδιι.
1080 4526 1188 4577 xvi,
1222 4527 1280 4565 η.
1310 4507 1414 4579 10).
1448 4512 1626 4566 Senex
1655 4517 1846 4566 autem
1880 4527 2042 4582 roga-
2123 4515 2363 4570 multum
2392 4521 2614 4587 tempus
2638 4517 2706 4571 de
2731 4517 2872 4572 cella
2898 4533 3002 4572 sua
3031 4533 3142 4572 non
3173 4517 3381 4583 exiens,
3411 4525 3675 4582 exsurgens

439 4605 538 4661 bat
575 4619 706 4659 eum
744 4607 805 4657 ut
842 4601 1188 4671 relinqueret
1217 4600 1331 4655 Deo
1360 4599 1682 4654 vindictam.
1718 4600 1908 4654 Atille
1941 4600 2042 4655 ite-
2119 4609 2312 4658 tamen
2330 4605 2389 4658 in
2408 4604 2786 4673 civitatem,et
2809 4605 3091 4678 expellens
3116 4606 3365 4662 latrones
3378 4606 3444 4661 de
3467 4615 3672 4664 carcere,

438 4711 568 4751 rum
590 4694 748 4750 :Non
773 4691 1061 4757 desistam,
1095 4689 1298 4760 inquit,
1317 4688 1425 4743 nisi
1446 4687 1668 4744 fortiter
1687 4705 1776 4743 me
1799 4689 2038 4745 vindica-
2123 4693 2384 4750 liberavit
2412 4711 2508 4750 eos
2533 4695 2776 4768 publice.

439 4801 588 4840 vero.
623 4783 725 4840 Cui
745 4781 916 4837 abbas
945 4779 1119 4836 Sisois
1140 4779 1222 4834 ait
1252 4797 1263 4833 :
1295 4779 1440 4843 Quia
1456 4779 1630 4834 semel
1647 4779 1751 4834 hoc
1771 4779 1829 4834 in
1847 4780 2038 4836 animo
2727 4786 2963 4842 CAPUT
2993 4786 3090 4841 IX.

439 4873 696 4946 posuisti,
730 4873 930 4927 saltem
955 4886 1200 4925 oremus.
1221 4868 1290 4924 Et
1311 4885 1615 4939 exsurgens
1636 4885 1805 4923 senex
1819 4869 1906 4923 his
1923 4886 2040 4925 ver—
2590 4875 2664 4929 De
2681 4877 2922 4944 perfecta
2948 4877 3246 4944 patientia.

440 4963 528 5017 bis
549 4961 716 5033 ccepit
747 4978 908 5016 orare
941 4978 954 5012 :
999 4961 1170 5025 Deus,
1211 4959 1332 5029 jam
1359 4975 1472 5012 non
1503 4975 1563 5012 es
1592 4957 1753 5012 nobis
1785 4974 2039 5014 necessa-
2196 4967 2246 5020 1.
2276 4962 2516 5027 Quidam
2569 4964 2762 5018 videns
2794 4964 3068 5020 laboriose
3105 4969 3422 5036 portantem
3459 4962 3517 5018 in
3553 4958 3670 5012 lecto

441 5050 578 5114 rius,
603 5056 667 5103 ut
694 5067 794 5120 pro
825 5048 986 5104 nobis
1015 5047 1287 5103 sollicitus
1317 5045 1412 5114 sis,
1440 5046 1573 5117 quia
1602 5062 1704 5101 nos
1732 5046 1860 5117 ipsi,
1893 5047 2041 5104 sicut
2121 5057 2407 5106 mortuum
2435 5053 2666 5123 (Pelag.,
2702 5055 2872 5108 libell.
2894 5068 3005 5119 xvi,
3041 5070 3099 5109 η.
3133 5052 3243 5126 ll),
3279 5052 3414 5107 dicit
3438 5050 3486 5105 ei
3517 5064 3528 5099 :
3553 5046 3670 5101 Mor-

439 5139 546 5194 iste
573 5138 748 5192 frater
772 5137 925 5203 dicit,
956 5143 1014 5191 et
1039 5137 1296 5192 volumus
1324 5141 1382 5190 et
1409 5151 1707 5207 possumus
1731 5133 2032 5192 vindicare.
2121 5146 2247 5197 tuos
2278 5142 2509 5213 portas?
2533 5141 2581 5197 si
2609 5142 2690 5197 vis
2719 5143 2918 5197 melius
2941 5147 3145 5210 facere,
3177 5142 3327 5198 vivos
3364 5147 3532 5214 porta,
3561 5134 3670 5207 quia

445 5227 606 5294 Quod
627 5243 754 5282 cum
782 5226 875 5280 ille
902 5227 1079 5280 frater
1106 5225 1375 5292 audisset,
1394 5230 1526 5280 ante
1555 5224 1725 5296 pedes
1749 5225 1898 5280 senis
1918 5242 2043 5298 pro-
2122 5230 2339 5302 pacifici
2365 5231 2465 5285 ﬁlii
2495 5231 2594 5286 Dei
2625 5232 2973 5286 vocabuntur
3007 5234 3178 5289 ulla“.
3204 5249 3234 5284 v
3252 5245 3285 5292 ι.

417 5323 678 5383 stratus,
711 5315 932 5370 veniam
965 5313 1316 5386 precabatur,
1339 5314 1672 5385 promittens
1703 5331 1762 5368 se
1790 5331 1918 5370 cum
1945 5317 2040 5372 illo
2190 5320 2243 5373 2.
2276 5320 2760 5391 Interrogantibus
2785 5320 3120 5392 quibusdam
3153 5319 3417 5375 fratribus
3444 5316 3665 5372 abbatem

442 5409 533 5464 cui
557 5405 906 5464 irascebatur
932 5421 1218 5476 nunquam
1239 5405 1500 5476 deinceps
1521 5421 1643 5459 esse
1672 5410 2038 5460 certaturum.
2122 5409 2352 5480 Moysen
2368 5411 2803 5475 sermonem,ille
2820 5411 3076 5465 hortatus
3093 5416 3178 5465 est
3190 5409 3513 5480 discipulum
3529 5416 3664 5458 suum

511 5497 566 5556 2.
587 5495 830 5563 Quidam
861 5494 1036 5548 frater
1063 5510 1190 5548 cum
1213 5493 1283 5548 ab
1297 5493 1474 5550 altero
1493 5493 1570 5565 inj
1581 5494 2042 5562 uriaretur,venit
2120 5497 2462 5566 Zachariam,
2481 5505 2546 5554 ut
2574 5499 2655 5554 eis
2680 5500 2892 5572 aliquid
2921 5500 3148 5556 diceret.
3175 5501 3328 5556 Tunc
3349 5499 3439 5552 ille
3465 5492 3661 5567 pallium

445 5592 502 5646 et
519 5585 878 5646 annuntiavit
898 5583 1020 5641 seni
1050 5584 1234 5657 (Ra/7.,
1273 5584 1370 5640 lib.
1395 5595 1475 5652 ιιι,
1510 5599 1568 5639 η.
1603 5581 1712 5655 78).
1732 5583 1838 5641 Cui
1868 5600 2039 5642 senex
2119 5603 2286 5646 suum
2314 5589 2572 5662 deposuit
2597 5588 2703 5646 sub
2722 5589 2978 5664 pedibus,
3008 5596 3068 5648 et
3089 5587 3430 5647 conculcavit
3455 5581 3594 5650 illud,
3616 5583 3664 5634 et
