3976 6186
241 264 378 328 1033

1531 271 1771 328 VERBA
1809 273 2199 330 SENIORUM.

3369 274 3504 332 1034

239 396 399 453 dixit:
419 394 543 453 Nisi
560 394 687 468 quis
706 395 785 450 sic
802 393 974 450 fuerit
994 397 1371 463 conculcatus,
1388 398 1692 453 monachus
1705 415 1827 454 esse
1848 401 1898 459 A
1913 400 2088 455 sumit
2116 415 2206 454 me
2225 398 2491 469 cogitatio
2511 413 2652 463 mea,
2678 401 2735 451 et
2762 398 2948 469 arguit
2977 415 3085 466 me,
3109 398 3300 454 dicens
3324 418 3335 453 :
3361 400 3506 465 Qua-

236 502 350 541 non
377 486 806 558 potesthu/f.,l.
826 500 887 551 II,
914 502 973 539 η.
996 485 1064 541 86
1087 504 1101 553 ;
1126 489 1326 556 Pelag.,
1357 489 1606 551 libel.xv,
1635 505 1693 542 η.
1726 486 1831 557 l7.)

308 574 361 633 3.
389 575 593 631 Abbati
620 572 883 629 Ammoni
910 575 1262 646 prophetavit
1305 575 1503 630 beatus
1530 576 1828 641 Antonius,

236 664 431 719 dicens
464 684 476 718 :
508 665 748 719 Multum
777 663 950 718 habes
979 664 1036 718 in
1065 665 1268 719 timore
1298 665 1399 720 Dei
1447 667 1735 736 proﬁcere.
1766 666 1834 719 Et

237 754 482 809 educens
510 770 639 808 eum
664 754 734 807 de
762 754 919 819 cella,
955 754 1202 809 ostendit
1232 754 1282 808 ei
1314 755 1579 825 lapidem,
1613 760 1671 809 et
1698 754 1835 808 dicit

237 842 288 896 ei
321 843 511 897 :Vade
530 848 586 897 et
606 843 879 913 injuriare
902 843 1147 915 lapidem
1169 843 1336 911 hunc,
1365 850 1422 898 et
1451 844 1834 898 indesinenter

238 932 389 987 cade
426 932 605 986 illum.
645 932 804 996 Quod
834 949 959 986 cum
1010 932 1246 999 fecisset,
1288 933 1654 1004 interrogavit
1704 949 1835 987 eum

237 1026 468 1076 sanctus
484 1021 782 1089 Antonius,
801 1021 849 1076 si
871 1022 922 1076 ei
941 1022 1151 1093 aliquid
1174 1022 1315 1093 lapis
1339 1022 1737 1094 respondisset.
1761 1024 1836 1078 At

236 1111 335 1164 ille
357 1110 499 1164 dixit
527 1128 540 1164 :
572 1111 719 1165 Non.
753 1111 855 1166 Cui
900 1110 1072 1165 abbas
1100 1112 1379 1166 Antonius
1407 1111 1488 1166 ait
1517 1129 1530 1164 :
1573 1113 1660 1167 Ita
1687 1117 1745 1166 et
1770 1119 1834 1167 tu

236 1199 311 1253 ad
344 1199 489 1253 hanc
516 1215 839 1254 mensuram
882 1205 1252 1271 perventurus
1282 1217 1359 1267 es,
1394 1205 1458 1255 ut
1494 1201 1709 1255 nullam
1736 1200 1839 1255 tibi

240 1286 367 1341 ﬁeri
395 1286 686 1342 arbitreris
710 1287 788 1358 inj
797 1287 1000 1342 uriam.

866 1377 1101 1433 CAPUT
1126 1377 1197 1432 X.

244 1467 401 1533 Quod
423 1471 629 1535 oportet
652 1483 755 1536 pro
777 1482 927 1536 pace,
960 1469 1215 1535 quamvis
1237 1467 1376 1521 bona
1400 1472 1533 1522 sunt
1552 1482 1735 1536 opera,
1760 1468 1842 1520 di-

929 1558 1165 1610 mittere.

318 1645 372 1698 l.
402 1643 592 1698 Abbas
636 1644 837 1699 Motois
869 1644 1162 1699 aedificavit
1195 1644 1301 1699 sibi
1347 1645 1754 1700 monasterium
1785 1645 1844 1699 in

1915 506 1975 543 re
2005 488 2241 561 peccasti
2267 488 2292 541 ?
2333 486 2466 559 quid
2496 486 2737 541 faciam?
2766 488 3073 560 Respondit
3115 505 3320 543 senex:
3356 490 3507 555 Qua-

1916 596 2133 650 cunque
2159 579 2299 632 hora
2328 576 2591 631 ceciderit
2627 577 2794 631 homo
2823 578 2882 631 in
2934 578 3176 649 culpam,
3211 584 3267 633 et
3309 578 3513 634 dixerit

1916 685 1980 722 ex
2010 668 2218 722 corde:
2263 666 2503 722 Domine
2547 666 2716 730 Deus,
2769 667 3005 737 peccavi,
3054 667 3281 739 indulge
3328 668 3506 737 mihi;

1915 773 2043 811 mox
2058 755 2659 825 cessabitcogitationis
2670 756 2753 808 vel
2770 756 3012 810 tristitiae
3029 756 3125 810 illa
3135 758 3507 830 consumptio.

1986 844 2037 901 3.
2072 844 2303 900 Dicebat
2328 850 2516 898 autem
2547 842 2719 898 abbas
2749 843 3034 899 Pimenius
3063 846 3132 899 de
3172 845 3373 901 abbate
3414 847 3513 902 Isi-

1916 935 2069 999 doro,
2106 933 2236 1005 quia
2264 933 2416 987 solus
2462 932 2555 986 ille
2601 949 2661 986 se
2698 933 3047 1003 cognovisset
3074 935 3257 1009 (Ra/ﬁ,
3295 937 3389 989 lib.
3423 950 3507 1003 In,

1917 1041 1973 1078 η.
2013 1021 2155 1093 101).
2178 1025 2324 1077 Nam
2342 1022 2560 1094 quoties
2582 1021 2663 1075 illi
2682 1021 2904 1076 dicebat
2922 1022 3184 1093 cogitatio
3210 1041 3343 1079 sua:
3369 1025 3513 1089 Quia

1916 1129 2155 1183 magnus
2185 1129 2263 1179 es,
2295 1117 2431 1166 tunc
2461 1116 2517 1165 et
2539 1111 2659 1182 ipse
2686 1111 3060 1182 respondebat
3079 1112 3184 1166 sibi
3209 1131 3221 1166 :
3247 1114 3513 1185 Nunquid

1921 1202 2049 1257 talis
2071 1202 2252 1273 qualis
2281 1199 2580 1265 Antonius,
2614 1206 2713 1255 aut
2754 1206 2904 1254 certe
2939 1200 3111 1255 abbas
3142 1200 3401 1270 Piamon,
3429 1203 3517 1258 vel

1922 1290 2124 1362 reliqui
2169 1290 2367 1345 Patres
2408 1290 2504 1360 qui
2543 1290 2660 1344 Deo
2690 1289 3067 1360 placuerunt?
3115 1290 3345 1355 Quoties
3384 1307 3517 1363 ergo

1920 1380 2037 1435 haec
2064 1378 2364 1450 cogitabat,
2396 1378 2797 1450 requiescebat.
2822 1379 3056 1443 Quando
3074 1396 3205 1433 vero
3234 1379 3514 1447 inimicus,

1923 1468 2263 1524 conturbans
2300 1485 2447 1533 eum,
2500 1466 2840 1538 suggerebat
2882 1468 2933 1522 ei
2984 1469 3432 1540 desperationem
3463 1476 3523 1525 et

1926 1574 2169 1630 pinnam,
2195 1557 2385 1612 dicens
2415 1575 2426 1610 :
2450 1557 2725 1621 Quoniam
2746 1562 2872 1627 post
2900 1557 3016 1611 haec
3036 1558 3228 1611 omnia
3254 1559 3439 1613 iturus
3460 1575 3520 1613 es

1928 1648 1998 1702 ad
2038 1652 2340 1713 tormenta,
2373 1645 2516 1701 dixit
2542 1645 2660 1717 ipse
2692 1664 2703 1699 :
2737 1645 2880 1710 Quia
2909 1645 3161 1717 quamvis
3192 1663 3295 1717 ego
3324 1647 3383 1702 in
3408 1652 3521 1702 tor-

244 1732 368 1787 loco
399 1733 496 1804 qui
521 1732 727 1788 dicitur
746 1734 1091 1789 Heracleona
1136 1735 1320 1803 (Ro/71,
1357 1738 1393 1789 ι.
1430 1749 1517 1805 1n,
1547 1751 1604 1789 η.
1639 1734 1749 1802 94).
1778 1720 1908 1789 EtB
1931 1742 2122 1792 menta
2153 1737 2365 1803 mittar,
2389 1741 2579 1789 tamen
2611 1752 2703 1790 vos
2730 1734 2928 1790 subtus
2954 1752 3043 1790 me
3070 1736 3312 1791 invenio.

242 1822 383 1877 dum
411 1822 490 1877 ibi
515 1840 550 1877 a
580 1823 773 1878 multis
792 1824 1205 1888 molestaretur,
1221 1823 1485 1889 339m
1503 1824 1741 1878 alterum
1762 1824 1847 1878 lo-

192 1943 205 1955 -
242 1928 377 1967 cum
398 1919 786 1984 transgressus
806 1918 912 1981 est,
930 1919 987 1967 et
1006 1913 1266 1967 similiter
1293 1912 1370 1966 ibi
1401 1914 1711 1968 construxit
1731 1930 1849 1968 mo-

244 2002 580 2056 nasterium.
616 2002 723 2057 Sed
755 2019 857 2073 per
881 2002 1150 2056 invidiam
1179 2002 1384 2056 diaboli
1415 2002 1643 2073 quidam
1672 2002 1849 2057 frater

245 2090 324 2145 ibi
355 2091 619 2146 inventus
649 2097 752 2159 est,
785 2092 880 2163 qui
909 2108 1132 2163 semper
1158 2107 1302 2145 iram
1329 2109 1457 2147 cum
1481 2109 1545 2146 eo
1567 2092 1841 2146 habebat:

245 2186 482 2251 propter
502 2180 621 2235 haec
643 2181 887 2236 surrexit
908 2181 1057 2246 inde,
1086 2186 1144 2235 et
1173 2181 1244 2236 ad
1275 2180 1565 2253 proprium
1593 2198 1849 2236 reversus

247 2274 335 2323 est
362 2269 580 2337 vicum;
604 2274 662 2324 et
685 2269 818 2324 fecit
843 2270 959 2324 illic
977 2271 1405 2337 monasterium,
1430 2276 1488 2325 et
1514 2271 1743 2325 reclusit
1768 2288 1852 2325 se-

246 2357 554 2429 metipsum
564 2359 947 2431 .Posttempus
959 2364 1149 2414 autem
1163 2360 1516 2431 aliquantum
1529 2359 1852 2431 congregati

247 2452 384 2501 sunt
422 2463 588 2501 senes
615 2448 685 2501 de
729 2448 825 2502 illo
877 2449 1027 2503 unde
1073 2466 1363 2521 regressus
1409 2455 1511 2511 est.
1568 2449 1850 2504 deducen-

246 2540 337 2591 tes
368 2552 559 2591 secum
592 2536 754 2592 illum
779 2537 1033 2605 fratrem,
1069 2555 1196 2593 cum
1227 2555 1338 2610 quo
1366 2538 1646 2593 habuerat
1668 2538 1847 2605 litem,

249 2629 533 2697 quatenus
551 2631 817 2697 rogarent
842 2644 991 2694 eum,
1024 2633 1089 2682 ut
1125 2627 1461 2683 reducerent
1487 2628 1545 2682 in
1576 2632 1854 2682 monaste-

248 2714 401 2769 rium
418 2716 916 2786 suum.Postquam
933 2720 1123 2771 autem
1146 2716 1205 2770 in
1224 2716 1407 2770 vicina
1420 2716 1544 2770 loca
1557 2721 1848 2783 venerunt,

248 2809 372 2858 tam
403 2804 639 2859 melotes
652 2821 783 2859 suas
799 2822 968 2877 quam
985 2805 1144 2860 illum
1165 2805 1399 2860 fratrem
1423 2805 1629 2859 ibidem
1649 2804 1852 2860 dereli-

250 2899 517 2964 querunt,
548 2893 770 2966 ipsique
792 2895 1025 2966 profecti
1055 2900 1188 2949 sunt
1208 2896 1279 2950 ad
1309 2911 1521 2950 senem.
1544 2896 1613 2950 Et
1630 2896 1854 2966 pulsan-

248 2982 406 3038 tibus
426 2983 558 3049 illis,
591 2989 789 3054 aperta
814 2983 1065 3039 fenestra
1091 2984 1419 3056 respexit,et
1441 2985 1698 3055 cognovit
1722 3001 1842 3043 eos.

2000 1826 2052 1881 ri.
2092 1824 2293 1879 Abbati
2334 1824 2513 1896 Moysi
2536 1811 2862 1895 frequenter
2889 1829 3273 1896 apparuerunt
3291 1825 3522 1896 spiritus

1930 1914 2162 1984 maligni
2193 1916 2376 1981 (Ra/7.,
2407 1917 2443 1967 ι.
2478 1927 2557 1981 In,
2592 1930 2649 1966 η.
2687 1910 2824 1982 102),
2857 1912 3104 1968 dicentes
3130 1933 3142 1967 :
3170 1915 3368 1969 Vicisti
3396 1931 3519 1982 nos,

1930 2009 1989 2057 et
2016 2003 2156 2057 nihil
2183 2002 2285 2057 tibi
2313 2019 2610 2073 possumus
2633 2002 2812 2056 facere
2837 2021 2849 2070 ;
2877 2003 3144 2074 quoniam
3173 2004 3394 2074 quoties
3423 2020 3525 2076 per

1930 2092 2377 2163 desperationem
2398 2091 2696 2145 humiliare
2712 2096 2768 2145 te
2787 2084 3061 2158 volumus,
3075 2093 3339 2147 exaltaris
3359 2111 3371 2159 ;
3390 2109 3527 2164 quo-

1930 2180 2037 2234 ties
2066 2185 2121 2234 te
2142 2180 2407 2245 exaltare,
2438 2179 2518 2234 ita
2554 2185 2611 2234 te
2635 2179 2918 2247 humilias,
2958 2185 3022 2234 ut
3050 2181 3239 2235 nullus
3269 2180 3339 2235 de
3365 2180 3526 2235 nobis

1934 2270 2164 2324 accedat
2187 2270 2257 2324 ad
2285 2275 2361 2323 te.

2006 2358 2057 2412 5.
2091 2359 2232 2413 Cum
2261 2357 2490 2429 quidam
2519 2358 2591 2412 ad
2627 2357 2888 2413 abbatem
2919 2358 3164 2414 Sisoium
3204 2358 3530 2431 frequenter

1934 2448 2105 2501 talem
2134 2464 2451 2502 sermonem
2492 2448 2807 2519 requireret
2847 2448 3048 2519 (Ruf/2,
3087 2452 3124 2502 ι.
3158 2462 3240 2515 In,
3275 2464 3332 2503 η.
3376 2446 3524 2518 103),

1935 2537 2080 2602 Quid
2100 2537 2322 2602 faciam,
2350 2537 2536 2600 Pater,
2564 2537 2829 2608 quoniam
2851 2536 3058 2591 cecidi?
3077 2538 3178 2592 Ille
3203 2537 3527 2609 respondit:

1936 2627 2133 2697 Surge.
2161 2625 2236 2680 Et
2253 2626 2519 2683 surrexit.
2546 2626 2613 2680 Et
2633 2626 2838 2681 iterum
2865 2643 2925 2680 se
2953 2626 3219 2681 cecidisse
3249 2626 3532 2698 professus

1935 2721 2038 2771 est.
2071 2716 2166 2769 Ait
2195 2732 2391 2770 senex:
2417 2716 2486 2770 Et
2512 2715 2717 2770 iterum
2746 2732 2932 2787 surge.
2968 2716 3109 2770 Cum
3138 2721 3328 2771 autem
3356 2717 3532 2772 frater

1932 2804 2258 2876 frequenter
2286 2822 2345 2859 se
2373 2804 2639 2859 cecidisse
2668 2810 2944 2872 narraret,
2975 2806 3174 2860 eodem
3202 2821 3371 2860 senex
3399 2811 3527 2860 ute-

1934 2894 2104 2949 batur
2132 2911 2410 2960 sermone,
2446 2895 2761 2949 exclamans
2788 2912 2799 2947 :
2833 2895 2958 2948 Non
3003 2896 3188 2948 cesses
3223 2895 3525 2966 surgendo,

1936 2984 2036 3037 fili.
2068 2984 2175 3038 Cui
2202 2983 2377 3037 frater
2409 3000 2420 3035 :
2460 2984 2761 3054 Usquequo
2789 2999 3016 3054 possum
3059 2999 3309 3053 surgere,
3340 2984 3526 3051 Pater,

251 3072 392 3126 Post
419 3072 731 3127 orationem
758 3074 960 3128 tactam
999 3073 1134 3128 dicit
1161 3074 1241 3127 eis
1271 3072 1441 3127 abbas
1474 3074 1666 3128 Motois
1703 3099 1714 3128 ε
1743 3073 1848 3128 Ubi
1867 3077 1910 3139 C
1935 3074 2191 3145 explana.
2225 3073 2320 3127 Ait
2347 3089 2514 3127 senex
2548 3091 2559 3125 :
2596 3074 2899 3143 Quousque
2937 3077 3037 3126 aut
3073 3072 3132 3125 in
3161 3071 3306 3127 bono
3338 3089 3525 3144 opere,

249 3166 390 3215 sunt
417 3162 653 3216 melotes
681 3163 914 3217 vestrm?
936 3163 1010 3217 At
1037 3162 1119 3217 illi
1147 3164 1558 3234 responderunt
1585 3183 1596 3217 :
1630 3164 1767 3218 Ecce
1795 3164 1854 3218 in

248 3250 438 3305 vicino
459 3256 591 3305 sunt
611 3268 724 3306 una
745 3268 871 3306 cum
885 3252 1080 3320 fratre,
1097 3252 1192 3322 qui
1216 3258 1400 3307 tecum
1422 3253 1564 3307 iram
1587 3252 1849 3308 habebat.

251 3339 565 3411 Postquam
587 3340 694 3394 hoc
712 3357 882 3395 senex
911 3341 1144 3404 audivit,
1172 3346 1229 3396 et
1257 3359 1462 3396 nomen
1491 3342 1643 3396 illius
1674 3348 1732 3397 et
1751 3342 1852 3397 ad-

252 3434 485 3483 ventum
515 3430 793 3499 cognovit,
824 3446 938 3501 prm
968 3430 1175 3500 gaudio
1206 3430 1415 3485 ostium
1458 3448 1558 3503 per
1584 3432 1733 3504 quod
1763 3431 1852 3486 in-

251 3533 484 3587 gressus
514 3518 717 3573 fuerat.
756 3535 887 3573 cum
919 3520 1102 3574 securi
1149 3520 1451 3590 confregit;
1486 3526 1543 3575 et
1569 3537 1849 3591 egressus,

254 3606 507 3661 cucurrit
533 3606 605 3660 ad
633 3607 815 3661 locum
845 3607 940 3662 ubi
970 3612 1092 3663 erat
1128 3608 1223 3662 ille
1243 3609 1437 3676 frater,
1468 3615 1526 3663 et
1553 3610 1706 3681 prior
1734 3610 1855 3682 ipse

255 3695 429 3767 cmpit
454 3711 622 3766 agere
643 3696 1031 3767 paenitentiam
1059 3697 1204 3769 apud
1244 3714 1404 3752 eum:
1439 3700 1857 3770 etiamplectens

256 3801 416 3850 eum,
444 3785 760 3840 introduxit
786 3786 845 3840 in
872 3786 1071 3841 cellam
1108 3803 1292 3854 suam,
1341 3793 1398 3841 et
1434 3805 1536 3859 per
1575 3794 1691 3842 tres
1737 3789 1857 3843 dies

256 3874 583 3929 convivatus
605 3880 691 3929 est
726 3892 854 3930 cum
886 3875 986 3941 eis,
1021 3875 1116 3947 qui
1147 3892 1437 3948 nunquam
1460 3877 1704 3931 habebat
1730 3894 1859 3932 con-

254 3964 618 4019 suetudinem
657 3970 723 4018 ut
744 3964 1027 4036 jejunium
1056 3966 1329 4034 solveret;
1364 3972 1422 4021 et
1444 3967 1704 4033 surrexit,
1734 3984 1860 4039 pro-

252 4052 550 4125 fectusque
573 4059 660 4107 est.
685 4070 811 4108 cum
836 4055 967 4110 illis.

328 4142 386 4200 2.
406 4142 648 4207 Quidam
659 4142 835 4198 frater
851 4144 1143 4217 requisivit
1156 4145 1416 4200 abbatem
1428 4145 1827 4213 Eliam,dicens
1841 4160 1854 4192 :

256 4232 321 4287 Si
359 4231 769 4287 contristavero
798 4233 1066 4305 aliquem,
1097 4234 1571 4305 quemadmodum
1622 4232 1859 4304 rogem?

178 4349 191 4352 ν-
252 4320 574 4392 Respondit
600 4337 766 4376 senex
799 4340 811 4374 :
850 4323 928 4376 Ex
954 4323 1229 4394 profundo
1261 4322 1445 4377 cordis
1467 4323 1571 4386 tui,
1603 4340 1728 4377 cum
1759 4322 1860 4377 do-

1938 3168 2038 3217 aut
2071 3163 2131 3216 in
2160 3162 2308 3216 malo
2352 3162 2750 3233 deprehensus,
2786 3160 3099 3215 occumbas.
3133 3162 3197 3216 In
3227 3178 3337 3233 quo
3378 3162 3531 3217 enim

1938 3269 2105 3324 opere
2134 3251 2515 3323 deprehensus
2538 3251 2707 3305 fuerit
2734 3251 2920 3316 homo,
2949 3249 3313 3321 judicabitur.

2006 3340 2060 3394 6.
2085 3340 2225 3394 Item
2252 3339 2392 3393 dixit
2425 3356 2436 3392 :
2470 3339 2575 3404 Qui
2601 3338 2837 3405 laborat,
2871 3344 2929 3393 et
2946 3338 3251 3393 arbitratus
3276 3355 3337 3394 se
3360 3337 3531 3395 fuerit

1934 3429 2148 3501 aliquid
2177 3429 2376 3496 facere,
2407 3428 2605 3499 recipit
2642 3428 2735 3481 hic
2761 3428 3075 3482 mercedem
3104 3444 3286 3483 suam.

2539 3517 2726 3572 CAPU
2742 3516 2772 3572 l‘
2797 3518 2923 3573 XII.

2280 3610 2483 3664 Contra
2507 3609 2773 3676 spiritum
2803 3623 2956 3660 vanae
2979 3608 3187 3673 gloriae.

2016 3697 2066 3751 1.
2097 3696 2335 3761 Quidam
2364 3696 2540 3750 frater
2566 3696 2855 3767 requisivit
2887 3694 3145 3750 abbatem
3171 3694 3488 3749 Pimenium
3513 3710 3526 3746 :

1942 3786 1999 3841 Si
2013 3786 2213 3841 melius
2235 3790 2397 3848 esset,
2420 3785 2708 3850 remotius,
2727 3802 2800 3839 an
2818 3801 2944 3839 cum
2961 3784 3087 3839 aliis
3103 3784 3530 3852 manere(Ru/‘f.,

1941 3880 1959 3930 Ι
1970 3918 1980 3930 .
2001 3889 2086 3942 IlI,
2104 3892 2162 3930 η.
2190 3875 2210 3931 1
2230 3873 2348 3944 10)?
2366 3874 2675 3947 Respondit
2691 3891 2886 3929 senex:
2908 3874 3089 3929 Homo
3104 3874 3151 3929 si
3171 3873 3537 3945 semetipsum

1940 3964 2382 4036 reprehenderit.
2404 3963 2611 4034 ubique
2639 3968 2826 4033 potest
2842 3963 3143 4034 persistere
3168 3981 3180 4030 ;
3204 3962 3252 4015 si
3268 3967 3458 4016 autem
3477 3976 3537 4014 se

1942 4054 2286 4125 magniﬁcat,
2304 4068 2580 4123 nusquam
2602 4058 2733 4119 stat,
2756 4052 2901 4106 sicut
2918 4051 3186 4123 scriptum
3207 4057 3323 4105 est:
3347 4050 3454 4113 Qui
3475 4065 3535 4103 se

1941 4143 2224 4197 existimat
2252 4141 2462 4212 aliquid
2493 4157 2632 4206 esse,
2658 4156 2785 4195 cum
2816 4139 2956 4193 nihil
2976 4141 3067 4207 sit,
3087 4141 3206 4211 ipse
3234 4156 3295 4193 se
3322 4138 3540 4193 seducit

1940 4233 2144 4302 (Gatat.
2169 4234 2263 4299 γι).
2306 4229 2585 4300 Quidquid
2608 4229 2758 4283 enim
2791 4228 3002 4283 homini
3030 4228 3227 4283 fecerit
3253 4228 3440 4294 homo,
3463 4243 3536 4282 ne

1944 4321 2184 4376 exsultet
2208 4321 2268 4375 in
2298 4336 2362 4373 eo
2389 4319 2522 4391 quia
2545 4335 2673 4373 mox
2693 4319 2890 4390 perdet
2917 4318 3075 4373 illud.

254 4410 380 4464 lore
424 4425 530 4480 age
576 4409 963 4481 penitentiam
1012 4411 1162 4482 apud
1192 4429 1322 4466 eum
1364 4434 1377 4480 ς
1405 4418 1463 4466 et
1493 4412 1683 4466 videns
1712 4412 1859 4466 Deus
1880 4442 1926 4499 ι)
2016 4409 2069 4466 ‘2.
2098 4408 2371 4464 Abbatem
2403 4407 2711 4463 Macarium
2740 4408 2787 4462 si
2821 4408 2948 4478 quis
2978 4424 3107 4462 cum
3154 4407 3359 4462 timore
3387 4406 3541 4499 velut

253 4499 615 4572 propositum
644 4504 831 4569 tuum,
861 4500 1165 4556 satisfaciet
1184 4501 1255 4555 ei.

881 4589 1115 4644 CAPUT
1150 4591 1245 4645 XI.

254 4677 473 4733 Contra
500 4679 769 4747 spiritum
808 4679 1068 4743 tristitia,
1102 4681 1202 4747 qui
1247 4680 1674 4748 desperationem
1704 4682 1856 4747 facit.

333 4767 388 4820 ‘l.
421 4765 611 4821 Abbas
639 4765 911 4821 Arsenius
941 4766 1083 4821 dixit
1115 4786 1126 4821 :
1164 4768 1290 4822 Non
1322 4772 1513 4823 coctus
1540 4768 1865 4839 laterculus,

250 4856 307 4911 si
335 4855 545 4909 missus
570 4855 628 4909 in
655 4854 1085 4910 fundamentum
1112 4855 1285 4911 fuerit
1302 4873 1475 4929 prepe
1495 4857 1747 4924 ﬂuvium,
1774 4874 1870 4912 ne-

250 4960 376 5017 que
400 4960 519 4999 uno
546 4944 637 4999 die
664 4944 899 4999 sufferre
930 4945 1164 5017 poterit;
1206 4946 1254 5001 si
1284 4952 1471 5002 autem
1514 4945 1655 5001 bene
1699 4947 1871 5001 fuerit

248 5040 480 5100 coctus,
516 5040 812 5105 permanet
840 5039 1111 5107 tanquam
1137 5036 1279 5106 lapis
1307 5035 1539 5106 (Pelag.,
1581 5038 1750 5090 libell.
1780 5052 1868 5097 xv,

250 5142 323 5181 η.
356 5121 452 5189 51,
476 5127 701 5178 nomine
723 5125 963 5192 Orsisii).
980 5124 1071 5179 Sic
1083 5129 1141 5178 et
1165 5125 1334 5180 homo
1355 5141 1467 5180 non
1492 5130 1873 5196 coctusneque

246 5213 676 5278 inflammatus,
702 5212 1008 5268 secundum
1036 5214 1184 5284 quod
1214 5214 1283 5268 de
1303 5214 1515 5285 Joseph
1535 5214 1744 5269 dictum
1765 5218 1868 5281 est,

249 5301 572 5372 Eloquium
603 5302 829 5356 Domini
857 5302 1232 5356 inﬂammavit
1246 5320 1374 5357 eum
1397 5304 1563 5370 (Psal.
1593 5308 1717 5373 CIV),
1747 5318 1875 5357 mox

247 5392 322 5448 in
356 5389 637 5462 principio
664 5391 906 5445 carnalis
938 5391 1295 5461 cogitationis
1329 5392 1668 5449 dissolvitur.

340 5479 391 5536 ‘2.
421 5479 583 5535 Idem
611 5480 920 5551 requisitas
940 5479 1010 5534 ab
1022 5480 1199 5535 altero
1213 5481 1385 5536 fratre
1401 5481 1621 5535 dicente
1643 5500 1654 5534 :
1673 5482 1731 5536 Si
1752 5498 1877 5553 pec-

252 5568 687 5641 cavero,etiam
718 5569 777 5624 in
807 5585 1143 5640 quocunque
1160 5570 1379 5625 minuto
1409 5575 1726 5642 peccato,et
1752 5586 1879 5626 con-

657 5670 924 5734 PATROL.
956 5667 1227 5731 LXXIII.

1948 4505 2202 4555 sanctum
2232 4498 2412 4553 virum
2443 4496 2709 4552 voluisset
2745 4497 2958 4563 audire,
2990 4503 3282 4569 suspectus
3319 4497 3537 4551 nullum

1946 4590 2171 4662 penitus
2198 4606 2232 4642 a
2257 4604 2388 4642 sene
2419 4585 2725 4658 excipiebat
2754 4603 3102 4658 responsum.
3136 4587 3194 4641 Si
3233 4586 3357 4657 quis
3386 4602 3535 4652 vero,

1945 4680 2098 4733 velut
2126 4683 2487 4733 contemnens
2518 4693 2666 4743 eum,
2693 4674 2900 4730 talibus
2928 4674 3109 4730 verbis
3136 4675 3496 4746 compellaret
3523 4693 3537 4729 :

1948 4767 2108 4822 Abba
2137 4766 2364 4829 Macari,
2388 4764 2611 4836 quando
2633 4780 2758 4818 eras
2786 4763 3117 4817 camelarius
3146 4769 3205 4818 et
3226 4763 3437 4818 nitrum
3450 4763 3539 4818 fu-

1949 4856 2185 4923 rabaris,
2214 4854 2469 4926 nunquid
2490 4870 2603 4908 non
2630 4852 2932 4924 vapulabas
2951 4869 2984 4906 a
3013 4852 3317 4923 magistris,
3348 4853 3543 4924 depre-

1950 4947 2159 5001 hensus
2182 4945 2239 4999 in
2269 4944 2463 4999 furto?
2508 4942 2748 4997 libenter
2780 4941 2850 5010 ei,
2895 4941 3167 5013 quidquid
3196 4941 3540 5014 requisisset,

1953 5052 2080 5091 cum
2099 5035 2306 5106 gaudio
2336 5030 2727 5104 respondebat.

2026 5122 2077 5177 3.
2092 5121 2275 5177 Abbas
2288 5122 2561 5176 Nesteron
2571 5159 2584 5186 ,
2600 5120 2734 5173 dum
2749 5135 2873 5173 cum
2891 5117 3017 5172 aliis
3032 5117 3349 5174 ambularet
3364 5120 3549 5176 fratri-

1956 5212 2061 5266 bus
2089 5211 2146 5265 in
2174 5211 2412 5276 deserto,
2447 5209 2706 5263 viderunt
2725 5207 3047 5272 draconem,
3076 5214 3133 5263 et
3156 5209 3422 5280 fugerunt
3440 5212 3549 5276 (Pe-

1959 5305 2092 5370 Iag.,
2117 5301 2282 5355 libcll.
2314 5313 2431 5361 vm,
2453 5294 2522 5355 λη.
2551 5297 2660 5367 13).
2683 5297 2831 5353 Dicit
2867 5297 2919 5351 ei
2951 5314 3094 5352 unus
3129 5315 3191 5352 ex
3224 5299 3303 5353 eis
3340 5317 3351 5353 :
3385 5297 3460 5352 Et
3484 5303 3550 5353 tu

1957 5391 2142 5449 times,
2168 5388 2343 5442 abba?
2368 5388 2471 5442 Cui
2499 5404 2667 5441 senex
2692 5407 2704 5442 :
2727 5388 2853 5442 Non
2870 5386 3064 5454 timeo,
3096 5388 3196 5456 ﬁli,
3231 5386 3329 5442 sed
3357 5392 3553 5452 670

1959 5478 2206 5551 oportuit
2221 5495 2308 5531 me
2324 5476 2545 5548 fugere:
2567 5475 2699 5547 quia
2720 5476 2829 5530 nisi
2844 5475 3132 5548 fugissem,
3154 5475 3549 5546 cogitationem
3656 5546 3661 5552 Α

1958 5586 2113 5624 vanae
2132 5567 2324 5639 gloria:
2354 5584 2466 5622 non
2493 5567 2774 5625 vitassem.

3164 5667 3241 5728 33
