  <div class='ocr_page' id='page_1' title='image "/cluster/home/n/w/nwhite01/storage/ocr_20150623/73/hvd.32044054758776/523.png"; bbox 0 0 3976 6186; ppageno 0'>
   <div class='ocr_carea' id='block_1_1' title="bbox 532 244 679 304">
    <p class='ocr_par' dir='ltr' id='par_1_1' title="bbox 532 244 679 304">
     <span class='ocr_line' id='line_1_1' title="bbox 532 244 679 304; baseline -0.007 0"><span class='ocrx_word' id='word_1_1' title='bbox 532 244 679 304; x_wconf 81' lang='lat'>1035-</span> 
     </span>
    </p>
   </div>
   <div class='ocr_carea' id='block_1_2' title="bbox 1633 244 2699 309">
    <p class='ocr_par' dir='ltr' id='par_1_2' title="bbox 1633 244 2699 309">
     <span class='ocr_line' id='line_1_2' title="bbox 1633 244 2699 309; baseline 0.004 -7"><span class='ocrx_word' id='word_1_2' title='bbox 1633 246 1728 304; x_wconf 90' lang='lat' dir='ltr'>DE</span> <span class='ocrx_word' id='word_1_3' title='bbox 1763 247 1953 304; x_wconf 87' lang='lat' dir='ltr'>VITIS</span> <span class='ocrx_word' id='word_1_4' title='bbox 1991 244 2289 303; x_wconf 82' lang='lat' dir='ltr'>PATRUM</span> <span class='ocrx_word' id='word_1_5' title='bbox 2325 247 2539 306; x_wconf 86' lang='lat' dir='ltr'><strong>LIBER</strong></span> <span class='ocrx_word' id='word_1_6' title='bbox 2575 251 2699 309; x_wconf 83' lang='lat' dir='ltr'>VII.</span> 
     </span>
    </p>
   </div>
   <div class='ocr_carea' id='block_1_3' title="bbox 3595 275 3704 336">
    <p class='ocr_par' dir='ltr' id='par_1_3' title="bbox 3595 275 3704 336">
     <span class='ocr_line' id='line_1_3' title="bbox 3595 275 3704 336; baseline 0.055 -6"><span class='ocrx_word' id='word_1_7' title='bbox 3595 275 3704 336; x_wconf 82' lang='lat' dir='ltr'>l036</span> 
     </span>
    </p>
   </div>
   <div class='ocr_carea' id='block_1_4' title="bbox 600 370 3701 470">
    <p class='ocr_par' dir='ltr' id='par_1_4' title="bbox 600 370 3701 470">
     <span class='ocr_line' id='line_1_4' title="bbox 600 370 3701 470; baseline 0.008 -41"><span class='ocrx_word' id='word_1_8' title='bbox 600 372 662 433; x_wconf 78' lang='grc'>4.</span> <span class='ocrx_word' id='word_1_9' title='bbox 690 372 862 470; x_wconf 51' lang='grc' dir='ltr'>γεξΙῇ</span> <span class='ocrx_word' id='word_1_10' title='bbox 886 371 1189 470; x_wconf 60' lang='lat' dir='ltr'>aliquando</span> <span class='ocrx_word' id='word_1_11' title='bbox 1205 371 1278 427; x_wconf 92' lang='lat' dir='ltr'>ad</span> <span class='ocrx_word' id='word_1_12' title='bbox 1301 370 1562 470; x_wconf 78' lang='lat' dir='ltr'>abbatem</span> <span class='ocrx_word' id='word_1_13' title='bbox 1583 372 1863 470; x_wconf 83' lang='lat' dir='ltr'>Zenonem</span> <span class='ocrx_word' id='word_1_14' title='bbox 1882 374 1940 430; x_wconf 89' lang='lat' dir='ltr'>in</span> <span class='ocrx_word' id='word_1_15' title='bbox 1961 373 2125 446; x_wconf 83' lang='lat' dir='ltr'>Syria</span> <span class='ocrx_word' id='word_1_16' title='bbox 2142 374 2188 434; x_wconf 85' lang='lat' dir='ltr'><strong>A</strong></span> <span class='ocrx_word' id='word_1_17' title='bbox 2206 390 2308 470; x_wconf 74' lang='lat' dir='ltr'>per</span> <span class='ocrx_word' id='word_1_18' title='bbox 2333 376 2573 445; x_wconf 80' lang='lat' dir='ltr'>gloriam</span> <span class='ocrx_word' id='word_1_19' title='bbox 2602 379 2806 470; x_wconf 80' lang='lat' dir='ltr'>accipit</span> <span class='ocrx_word' id='word_1_20' title='bbox 2853 381 3038 452; x_wconf 60' lang='lat' dir='ltr'>(Ruf/1,</span> <span class='ocrx_word' id='word_1_21' title='bbox 3087 388 3125 440; x_wconf 79' lang='grc' dir='ltr'>ι.</span> <span class='ocrx_word' id='word_1_22' title='bbox 3169 401 3281 455; x_wconf 85' lang='lat' dir='ltr'>xm,</span> <span class='ocrx_word' id='word_1_23' title='bbox 3322 406 3373 444; x_wconf 86' lang='grc' dir='ltr'>η.</span> <span class='ocrx_word' id='word_1_24' title='bbox 3406 390 3519 453; x_wconf 75' lang='lat' dir='ltr'>H2:</span> <span class='ocrx_word' id='word_1_25' title='bbox 3544 400 3701 470; x_wconf 78' lang='lat' dir='ltr'>Pelag.,</span> 
     </span>
    </p>
   </div>
   <div class='ocr_carea' id='block_1_5' title="bbox 530 462 2123 536">
    <p class='ocr_par' dir='ltr' id='par_1_5' title="bbox 530 462 2123 536">
     <span class='ocr_line' id='line_1_5' title="bbox 530 462 2123 536; baseline -0.001 -17"><span class='ocrx_word' id='word_1_26' title='bbox 530 463 734 536; x_wconf 88' lang='lat' dir='ltr'>aliquis</span> <span class='ocrx_word' id='word_1_27' title='bbox 762 463 937 519; x_wconf 85' lang='lat' dir='ltr'>frater</span> <span class='ocrx_word' id='word_1_28' title='bbox 963 462 1282 535; x_wconf 68' lang='lat' dir='ltr'>Egyptius,</span> <span class='ocrx_word' id='word_1_29' title='bbox 1316 467 1373 517; x_wconf 90' lang='lat' dir='ltr'>et</span> <span class='ocrx_word' id='word_1_30' title='bbox 1402 462 1568 533; x_wconf 74' lang='lat' dir='ltr'>ccepit</span> <span class='ocrx_word' id='word_1_31' title='bbox 1594 462 1963 533; x_wconf 78' lang='lat' dir='ltr'>cogitationes</span> <span class='ocrx_word' id='word_1_32' title='bbox 1992 481 2123 535; x_wconf 86' lang='lat' dir='ltr'>pro-</span> 
     </span>
    </p>
   </div>
   <div class='ocr_carea' id='block_1_6' title="bbox 530 553 2118 626">
    <p class='ocr_par' dir='ltr' id='par_1_6' title="bbox 530 553 2118 626">
     <span class='ocr_line' id='line_1_6' title="bbox 530 553 2118 626; baseline -0.001 -18"><span class='ocrx_word' id='word_1_33' title='bbox 530 554 681 626; x_wconf 88' lang='lat' dir='ltr'>prias</span> <span class='ocrx_word' id='word_1_34' title='bbox 701 570 982 620; x_wconf 80' lang='lat' dir='ltr'>accusare,</span> <span class='ocrx_word' id='word_1_35' title='bbox 1015 557 1290 625; x_wconf 74' lang='lat' dir='ltr'>praesente</span> <span class='ocrx_word' id='word_1_36' title='bbox 1315 569 1449 607; x_wconf 92' lang='lat' dir='ltr'>sene</span> <span class='ocrx_word' id='word_1_37' title='bbox 1481 554 1662 623; x_wconf 61' lang='lat' dir='ltr'>(Rulli,</span> <span class='ocrx_word' id='word_1_38' title='bbox 1689 556 1727 607; x_wconf 82' lang='grc' dir='ltr'>ι.</span> <span class='ocrx_word' id='word_1_39' title='bbox 1763 567 1844 619; x_wconf 79' lang='grc' dir='ltr'>ιιι,</span> <span class='ocrx_word' id='word_1_40' title='bbox 1882 571 1938 608; x_wconf 85' lang='grc' dir='ltr'>η.</span> <span class='ocrx_word' id='word_1_41' title='bbox 1976 553 2118 616; x_wconf 86' lang='grc'>111).</span> 
     </span>
    </p>
   </div>
   <div class='ocr_carea' id='block_1_7' title="bbox 527 642 2124 715">
    <p class='ocr_par' dir='ltr' id='par_1_7' title="bbox 527 642 2124 715">
     <span class='ocr_line' id='line_1_7' title="bbox 527 642 2124 715; baseline 0.001 -18"><span class='ocrx_word' id='word_1_42' title='bbox 527 644 627 698; x_wconf 90' lang='lat' dir='ltr'>Ille</span> <span class='ocrx_word' id='word_1_43' title='bbox 655 648 844 699; x_wconf 89' lang='lat' dir='ltr'>autem</span> <span class='ocrx_word' id='word_1_44' title='bbox 887 643 1122 698; x_wconf 89' lang='lat' dir='ltr'>audiens</span> <span class='ocrx_word' id='word_1_45' title='bbox 1150 644 1273 709; x_wconf 90' lang='lat' dir='ltr'>hoc,</span> <span class='ocrx_word' id='word_1_46' title='bbox 1306 642 1617 698; x_wconf 86' lang='lat' dir='ltr'>admiratus</span> <span class='ocrx_word' id='word_1_47' title='bbox 1662 642 1801 697; x_wconf 83' lang='lat' dir='ltr'>dixit</span> <span class='ocrx_word' id='word_1_48' title='bbox 1830 661 1842 696; x_wconf 93' lang='lat'>:</span> <span class='ocrx_word' id='word_1_49' title='bbox 1876 643 2124 715; x_wconf 61' lang='lat' dir='ltr'>[Egyptii</span> 
     </span>
    </p>
   </div>
   <div class='ocr_carea' id='block_1_8' title="bbox 528 733 2125 805">
    <p class='ocr_par' dir='ltr' id='par_1_8' title="bbox 528 733 2125 805">
     <span class='ocr_line' id='line_1_8' title="bbox 528 733 2125 805; baseline 0 -18"><span class='ocrx_word' id='word_1_50' title='bbox 528 749 668 805; x_wconf 91' lang='lat' dir='ltr'>quas</span> <span class='ocrx_word' id='word_1_51' title='bbox 688 733 902 788; x_wconf 83' lang='lat' dir='ltr'>habent</span> <span class='ocrx_word' id='word_1_52' title='bbox 920 734 1155 788; x_wconf 85' lang='lat' dir='ltr'>virtutes</span> <span class='ocrx_word' id='word_1_53' title='bbox 1176 733 1378 799; x_wconf 87' lang='lat' dir='ltr'>celant,</span> <span class='ocrx_word' id='word_1_54' title='bbox 1404 738 1461 787; x_wconf 92' lang='lat' dir='ltr'>et</span> <span class='ocrx_word' id='word_1_55' title='bbox 1481 733 1610 787; x_wconf 86' lang='lat' dir='ltr'>vitia</span> <span class='ocrx_word' id='word_1_56' title='bbox 1635 749 1757 804; x_wconf 70' lang='lat' dir='ltr'>quze</span> <span class='ocrx_word' id='word_1_57' title='bbox 1779 750 1891 788; x_wconf 93' lang='lat' dir='ltr'>non</span> <span class='ocrx_word' id='word_1_58' title='bbox 1914 733 2125 787; x_wconf 88' lang='lat' dir='ltr'>habent</span> 
     </span>
    </p>
   </div>
   <div class='ocr_carea' id='block_1_9' title="bbox 526 821 2123 895">
    <p class='ocr_par' dir='ltr' id='par_1_9' title="bbox 526 821 2123 895">
     <span class='ocr_line' id='line_1_9' title="bbox 526 821 2123 895; baseline 0.001 -19"><span class='ocrx_word' id='word_1_59' title='bbox 526 821 924 889; x_wconf 87' lang='lat' dir='ltr'>manifestant;</span> <span class='ocrx_word' id='word_1_60' title='bbox 950 823 1076 895; x_wconf 83' lang='lat' dir='ltr'>Syri</span> <span class='ocrx_word' id='word_1_61' title='bbox 1099 828 1290 877; x_wconf 88' lang='lat' dir='ltr'>autem</span> <span class='ocrx_word' id='word_1_62' title='bbox 1313 828 1371 876; x_wconf 91' lang='lat' dir='ltr'>et</span> <span class='ocrx_word' id='word_1_63' title='bbox 1397 822 1575 877; x_wconf 71' lang='lat' dir='ltr'>Graeci</span> <span class='ocrx_word' id='word_1_64' title='bbox 1601 822 1834 877; x_wconf 84' lang='lat' dir='ltr'>virtutes</span> <span class='ocrx_word' id='word_1_65' title='bbox 1851 840 1991 894; x_wconf 90' lang='lat' dir='ltr'>quas</span> <span class='ocrx_word' id='word_1_66' title='bbox 2009 840 2123 878; x_wconf 89' lang='lat' dir='ltr'>non</span> 
     </span>
    </p>
   </div>
   <div class='ocr_carea' id='block_1_10' title="bbox 524 910 2117 984">
    <p class='ocr_par' dir='ltr' id='par_1_10' title="bbox 524 910 2117 984">
     <span class='ocr_line' id='line_1_10' title="bbox 524 910 2117 984; baseline 0.001 -19"><span class='ocrx_word' id='word_1_67' title='bbox 524 910 736 966; x_wconf 86' lang='lat' dir='ltr'>habent</span> <span class='ocrx_word' id='word_1_68' title='bbox 763 912 1089 984; x_wconf 63' lang='lat' dir='ltr'>praedicant,</span> <span class='ocrx_word' id='word_1_69' title='bbox 1120 917 1177 967; x_wconf 92' lang='lat' dir='ltr'>et</span> <span class='ocrx_word' id='word_1_70' title='bbox 1204 912 1342 967; x_wconf 87' lang='lat' dir='ltr'>vitia</span> <span class='ocrx_word' id='word_1_71' title='bbox 1369 929 1491 984; x_wconf 83' lang='lat' dir='ltr'>quae</span> <span class='ocrx_word' id='word_1_72' title='bbox 1514 911 1725 967; x_wconf 86' lang='lat' dir='ltr'>habent</span> <span class='ocrx_word' id='word_1_73' title='bbox 1751 912 2117 968; x_wconf 88' lang='lat' dir='ltr'>abscondunt.</span> 
     </span>
    </p>
   </div>
   <div class='ocr_carea' id='block_1_11' title="bbox 597 1002 2114 1069">
    <p class='ocr_par' dir='ltr' id='par_1_11' title="bbox 597 1002 2114 1069">
     <span class='ocr_line' id='line_1_11' title="bbox 597 1002 2114 1069; baseline 0 -11"><span class='ocrx_word' id='word_1_74' title='bbox 597 1003 649 1058; x_wconf 85' lang='grc'>5.</span> <span class='ocrx_word' id='word_1_75' title='bbox 692 1002 935 1066; x_wconf 86' lang='lat' dir='ltr'>Quidam</span> <span class='ocrx_word' id='word_1_76' title='bbox 960 1018 1145 1065; x_wconf 82' lang='lat' dir='ltr'>senex,</span> <span class='ocrx_word' id='word_1_77' title='bbox 1179 1018 1306 1058; x_wconf 92' lang='lat' dir='ltr'>cum</span> <span class='ocrx_word' id='word_1_78' title='bbox 1334 1002 1577 1057; x_wconf 83' lang='lat' dir='ltr'>venisset</span> <span class='ocrx_word' id='word_1_79' title='bbox 1598 1002 1669 1056; x_wconf 90' lang='lat' dir='ltr'>ad</span> <span class='ocrx_word' id='word_1_80' title='bbox 1700 1002 1873 1057; x_wconf 87' lang='lat' dir='ltr'>alium</span> <span class='ocrx_word' id='word_1_81' title='bbox 1904 1019 2114 1069; x_wconf 90' lang='lat' dir='ltr'>senem,</span> 
     </span>
    </p>
   </div>
   <div class='ocr_carea' id='block_1_12' title="bbox 523 1092 2114 1162">
    <p class='ocr_par' dir='ltr' id='par_1_12' title="bbox 523 1092 2114 1162">
     <span class='ocr_line' id='line_1_12' title="bbox 523 1092 2114 1162; baseline 0.002 -15"><span class='ocrx_word' id='word_1_82' title='bbox 523 1092 666 1147; x_wconf 85' lang='lat' dir='ltr'>dixit</span> <span class='ocrx_word' id='word_1_83' title='bbox 695 1110 707 1145; x_wconf 94' lang='lat'>:</span> <span class='ocrx_word' id='word_1_84' title='bbox 742 1092 858 1162; x_wconf 90' lang='lat' dir='ltr'>Ego</span> <span class='ocrx_word' id='word_1_85' title='bbox 889 1096 1145 1147; x_wconf 90' lang='lat' dir='ltr'>mortuus</span> <span class='ocrx_word' id='word_1_86' title='bbox 1182 1108 1306 1147; x_wconf 90' lang='lat' dir='ltr'>sum</span> <span class='ocrx_word' id='word_1_87' title='bbox 1354 1092 1485 1147; x_wconf 91' lang='lat' dir='ltr'>huic</span> <span class='ocrx_word' id='word_1_88' title='bbox 1532 1092 1732 1146; x_wconf 65' lang='lat' dir='ltr'>saeculo</span> <span class='ocrx_word' id='word_1_89' title='bbox 1766 1093 1945 1159; x_wconf 61' lang='lat' dir='ltr'>(Ra/Ii,</span> <span class='ocrx_word' id='word_1_90' title='bbox 1986 1093 2025 1148; x_wconf 92' lang='lat' dir='ltr'>l.</span> <span class='ocrx_word' id='word_1_91' title='bbox 2057 1108 2114 1152; x_wconf 80' lang='lat' dir='ltr'>Il.</span> 
     </span>
    </p>
   </div>
   <div class='ocr_carea' id='block_1_13' title="bbox 524 1178 2117 1250">
    <p class='ocr_par' dir='ltr' id='par_1_13' title="bbox 524 1178 2117 1250">
     <span class='ocr_line' id='line_1_13' title="bbox 524 1178 2117 1250; baseline 0.001 -14"><span class='ocrx_word' id='word_1_92' title='bbox 524 1198 584 1236; x_wconf 83' lang='grc' dir='ltr'>η.</span> <span class='ocrx_word' id='word_1_93' title='bbox 612 1181 719 1236; x_wconf 86' lang='grc'>116</span> <span class='ocrx_word' id='word_1_94' title='bbox 746 1200 759 1247; x_wconf 89' lang='grc'>;</span> <span class='ocrx_word' id='word_1_95' title='bbox 784 1184 990 1249; x_wconf 82' lang='lat' dir='ltr'>Pelag.,</span> <span class='ocrx_word' id='word_1_96' title='bbox 1025 1184 1194 1236; x_wconf 87' lang='lat' dir='ltr'>libell.</span> <span class='ocrx_word' id='word_1_97' title='bbox 1227 1198 1298 1249; x_wconf 81' lang='lat' dir='ltr'>xI,</span> <span class='ocrx_word' id='word_1_98' title='bbox 1332 1197 1396 1238; x_wconf 87' lang='grc' dir='ltr'>η.</span> <span class='ocrx_word' id='word_1_99' title='bbox 1437 1178 1545 1250; x_wconf 89' lang='grc'>38).</span> <span class='ocrx_word' id='word_1_100' title='bbox 1580 1181 1683 1235; x_wconf 90' lang='lat' dir='ltr'>Cui</span> <span class='ocrx_word' id='word_1_101' title='bbox 1710 1181 1805 1236; x_wconf 92' lang='lat' dir='ltr'>ille</span> <span class='ocrx_word' id='word_1_102' title='bbox 1835 1183 1978 1236; x_wconf 88' lang='lat' dir='ltr'>alter</span> <span class='ocrx_word' id='word_1_103' title='bbox 2000 1198 2012 1232; x_wconf 91' lang='lat'><strong>:</strong></span> <span class='ocrx_word' id='word_1_104' title='bbox 2034 1183 2117 1238; x_wconf 85' lang='lat' dir='ltr'>Ne</span> 
     </span>
    </p>
   </div>
   <div class='ocr_carea' id='block_1_14' title="bbox 522 1270 2116 1341">
    <p class='ocr_par' dir='ltr' id='par_1_14' title="bbox 522 1270 2116 1341">
     <span class='ocr_line' id='line_1_14' title="bbox 522 1270 2116 1341; baseline 0 -15"><span class='ocrx_word' id='word_1_105' title='bbox 522 1270 770 1327; x_wconf 84' lang='lat' dir='ltr'>confidas</span> <span class='ocrx_word' id='word_1_106' title='bbox 790 1270 848 1325; x_wconf 91' lang='lat' dir='ltr'>in</span> <span class='ocrx_word' id='word_1_107' title='bbox 867 1275 945 1338; x_wconf 90' lang='lat' dir='ltr'>te,</span> <span class='ocrx_word' id='word_1_108' title='bbox 967 1271 1142 1325; x_wconf 91' lang='lat' dir='ltr'>donec</span> <span class='ocrx_word' id='word_1_109' title='bbox 1161 1270 1464 1341; x_wconf 83' lang='lat' dir='ltr'>egrediaris</span> <span class='ocrx_word' id='word_1_110' title='bbox 1483 1270 1551 1324; x_wconf 91' lang='lat' dir='ltr'>de</span> <span class='ocrx_word' id='word_1_111' title='bbox 1572 1286 1804 1341; x_wconf 90' lang='lat' dir='ltr'>corpore</span> <span class='ocrx_word' id='word_1_112' title='bbox 1828 1272 1950 1326; x_wconf 89' lang='lat' dir='ltr'>hoc.</span> <span class='ocrx_word' id='word_1_113' title='bbox 1971 1273 2116 1326; x_wconf 87' lang='lat' dir='ltr'>Nam</span> 
     </span>
    </p>
   </div>
   <div class='ocr_carea' id='block_1_15' title="bbox 521 1359 2116 1427">
    <p class='ocr_par' dir='ltr' id='par_1_15' title="bbox 521 1359 2116 1427">
     <span class='ocr_line' id='line_1_15' title="bbox 521 1359 2116 1427; baseline 0.001 -13"><span class='ocrx_word' id='word_1_114' title='bbox 521 1361 629 1417; x_wconf 85' lang='lat' dir='ltr'>etsi</span> <span class='ocrx_word' id='word_1_115' title='bbox 675 1359 816 1415; x_wconf 85' lang='lat' dir='ltr'>dicis</span> <span class='ocrx_word' id='word_1_116' title='bbox 858 1365 942 1427; x_wconf 89' lang='lat' dir='ltr'>tu,</span> <span class='ocrx_word' id='word_1_117' title='bbox 974 1359 1117 1424; x_wconf 87' lang='lat' dir='ltr'>Quia</span> <span class='ocrx_word' id='word_1_118' title='bbox 1153 1364 1411 1414; x_wconf 89' lang='lat' dir='ltr'>mortuus</span> <span class='ocrx_word' id='word_1_119' title='bbox 1453 1376 1606 1427; x_wconf 89' lang='lat' dir='ltr'>sum;</span> <span class='ocrx_word' id='word_1_120' title='bbox 1640 1359 1895 1415; x_wconf 89' lang='lat' dir='ltr'>diabolus</span> <span class='ocrx_word' id='word_1_121' title='bbox 1924 1365 2116 1416; x_wconf 90' lang='lat' dir='ltr'>tamen</span> 
     </span>
    </p>
   </div>
   <div class='ocr_carea' id='block_1_16' title="bbox 519 1448 2114 1520">
    <p class='ocr_par' dir='ltr' id='par_1_16' title="bbox 519 1448 2114 1520">
     <span class='ocr_line' id='line_1_16' title="bbox 519 1448 2114 1520; baseline 0 -14"><span class='ocrx_word' id='word_1_122' title='bbox 519 1451 758 1506; x_wconf 89' lang='lat' dir='ltr'>necdum</span> <span class='ocrx_word' id='word_1_123' title='bbox 779 1454 1034 1504; x_wconf 90' lang='lat' dir='ltr'>mortuus</span> <span class='ocrx_word' id='word_1_124' title='bbox 1052 1454 1156 1517; x_wconf 86' lang='lat' dir='ltr'>est,</span> <span class='ocrx_word' id='word_1_125' title='bbox 1179 1450 1339 1520; x_wconf 90' lang='lat' dir='ltr'>cujus</span> <span class='ocrx_word' id='word_1_126' title='bbox 1352 1448 1787 1504; x_wconf 87' lang='lat' dir='ltr'>innumerabiles</span> <span class='ocrx_word' id='word_1_127' title='bbox 1802 1456 1934 1506; x_wconf 89' lang='lat' dir='ltr'>sunt</span> <span class='ocrx_word' id='word_1_128' title='bbox 1953 1451 2114 1506; x_wconf 85' lang='lat' dir='ltr'>malae</span> 
     </span>
    </p>
   </div>
   <div class='ocr_carea' id='block_1_17' title="bbox 607 1559 685 1602">
    <p class='ocr_par' dir='ltr' id='par_1_17' title="bbox 607 1559 685 1602">
     <span class='ocr_line' id='line_1_17' title="bbox 607 1559 685 1602; baseline 0.064 -4"><span class='ocrx_word' id='word_1_129' title='bbox 607 1559 685 1602; x_wconf 90' lang='lat' dir='ltr'>es.</span> 
     </span>
    </p>
   </div>
   <div class='ocr_carea' id='block_1_18' title="bbox 514 1549 2117 1704">
    <p class='ocr_par' dir='ltr' id='par_1_18' title="bbox 514 1549 2117 1704">
     <span class='ocr_line' id='line_1_18' title="bbox 607 1559 685 1602; baseline 0.064 -5"><span class='ocrx_word' id='word_1_130' title='bbox 607 1559 636 1597; x_wconf 92' lang='lat' dir='ltr'>e</span> <span class='ocrx_word' id='word_1_131' title='bbox 673 1589 685 1602; x_wconf 92' lang='lat'>.</span> 
     </span>
     <span class='ocr_line' id='line_1_19' title="bbox 514 1549 2117 1704; baseline -0.006 -11"><span class='ocrx_word' id='word_1_132' title='bbox 514 1549 852 1693; x_wconf 50' lang='lat' dir='ltr'>arlisAbbas</span> <span class='ocrx_word' id='word_1_133' title='bbox 878 1635 1070 1703; x_wconf 90' lang='lat' dir='ltr'>Sisois,</span> <span class='ocrx_word' id='word_1_134' title='bbox 1101 1650 1228 1690; x_wconf 90' lang='lat' dir='ltr'>cum</span> <span class='ocrx_word' id='word_1_135' title='bbox 1250 1632 1471 1699; x_wconf 89' lang='lat' dir='ltr'>sedens,</span> <span class='ocrx_word' id='word_1_136' title='bbox 1490 1634 1765 1704; x_wconf 80' lang='lat' dir='ltr'>praesente</span> <span class='ocrx_word' id='word_1_137' title='bbox 1787 1628 1958 1685; x_wconf 84' lang='lat' dir='ltr'>fratre</span> <span class='ocrx_word' id='word_1_138' title='bbox 1980 1629 2117 1684; x_wconf 86' lang='lat' dir='ltr'>alte-</span> 
     </span>
    </p>
   </div>
   <div class='ocr_carea' id='block_1_19' title="bbox 2207 466 2822 536">
    <p class='ocr_par' dir='ltr' id='par_1_19' title="bbox 2207 466 2822 536">
     <span class='ocr_line' id='line_1_20' title="bbox 2207 466 2822 536; baseline 0.011 -17"><span class='ocrx_word' id='word_1_139' title='bbox 2207 467 2375 521; x_wconf 79' lang='lat' dir='ltr'>libell.</span> <span class='ocrx_word' id='word_1_140' title='bbox 2408 485 2494 534; x_wconf 89' lang='lat' dir='ltr'>xv,</span> <span class='ocrx_word' id='word_1_141' title='bbox 2529 484 2684 523; x_wconf 87' lang='lat' dir='ltr'>num.</span> <span class='ocrx_word' id='word_1_142' title='bbox 2713 466 2822 536; x_wconf 75' lang='lat'>56}.</span> 
     </span>
    </p>
   </div>
   <div class='ocr_carea' id='block_1_20' title="bbox 2276 554 3709 636">
    <p class='ocr_par' dir='ltr' id='par_1_20' title="bbox 2276 554 3709 636">
     <span class='ocr_line' id='line_1_21' title="bbox 2276 554 3709 636; baseline 0.017 -27"><span class='ocrx_word' id='word_1_143' title='bbox 2276 554 2328 611; x_wconf 84' lang='lat'>2.</span> <span class='ocrx_word' id='word_1_144' title='bbox 2362 557 2505 612; x_wconf 88' lang='lat' dir='ltr'>Item</span> <span class='ocrx_word' id='word_1_145' title='bbox 2534 558 2673 615; x_wconf 86' lang='lat' dir='ltr'>dixit</span> <span class='ocrx_word' id='word_1_146' title='bbox 2719 577 2731 613; x_wconf 93' lang='lat'>:</span> <span class='ocrx_word' id='word_1_147' title='bbox 2774 560 2920 615; x_wconf 89' lang='lat' dir='ltr'>Fieri</span> <span class='ocrx_word' id='word_1_148' title='bbox 2950 579 3062 617; x_wconf 90' lang='lat' dir='ltr'>non</span> <span class='ocrx_word' id='word_1_149' title='bbox 3101 570 3286 636; x_wconf 87' lang='lat' dir='ltr'>potest</span> <span class='ocrx_word' id='word_1_150' title='bbox 3317 575 3374 624; x_wconf 92' lang='lat' dir='ltr'>ut</span> <span class='ocrx_word' id='word_1_151' title='bbox 3412 572 3554 630; x_wconf 85' lang='lat' dir='ltr'>simul</span> <span class='ocrx_word' id='word_1_152' title='bbox 3573 576 3709 634; x_wconf 85' lang='lat' dir='ltr'>herba</span> 
     </span>
    </p>
   </div>
   <div class='ocr_carea' id='block_1_21' title="bbox 2206 651 3710 724">
    <p class='ocr_par' dir='ltr' id='par_1_21' title="bbox 2206 651 3710 724">
     <span class='ocr_line' id='line_1_22' title="bbox 2206 651 3710 724; baseline 0.017 -26"><span class='ocrx_word' id='word_1_153' title='bbox 2206 651 2471 700; x_wconf 89' lang='lat' dir='ltr'>nascatur</span> <span class='ocrx_word' id='word_1_154' title='bbox 2491 651 2548 701; x_wconf 91' lang='lat' dir='ltr'>et</span> <span class='ocrx_word' id='word_1_155' title='bbox 2573 665 2792 717; x_wconf 87' lang='lat' dir='ltr'>semen;</span> <span class='ocrx_word' id='word_1_156' title='bbox 2816 651 2897 705; x_wconf 88' lang='lat' dir='ltr'>ita</span> <span class='ocrx_word' id='word_1_157' title='bbox 2918 651 3261 724; x_wconf 90' lang='lat' dir='ltr'>impossibile</span> <span class='ocrx_word' id='word_1_158' title='bbox 3286 664 3366 713; x_wconf 91' lang='lat' dir='ltr'>est</span> <span class='ocrx_word' id='word_1_159' title='bbox 3387 666 3443 714; x_wconf 90' lang='lat' dir='ltr'>ut</span> <span class='ocrx_word' id='word_1_160' title='bbox 3462 662 3646 721; x_wconf 88' lang='lat' dir='ltr'>laudem</span> <span class='ocrx_word' id='word_1_161' title='bbox 3667 675 3710 724; x_wconf 88' lang='lat' dir='ltr'>et</span> 
     </span>
    </p>
   </div>
   <div class='ocr_carea' id='block_1_22' title="bbox 2203 735 3710 811">
    <p class='ocr_par' dir='ltr' id='par_1_22' title="bbox 2203 735 3710 811">
     <span class='ocr_line' id='line_1_23' title="bbox 2203 735 3710 811; baseline 0.015 -23"><span class='ocrx_word' id='word_1_162' title='bbox 2203 735 2443 805; x_wconf 87' lang='lat' dir='ltr'>gloriam</span> <span class='ocrx_word' id='word_1_163' title='bbox 2469 736 2738 793; x_wconf 85' lang='lat' dir='ltr'>habentes</span> <span class='ocrx_word' id='word_1_164' title='bbox 2757 742 3128 808; x_wconf 74' lang='lat' dir='ltr'>saecularium,</span> <span class='ocrx_word' id='word_1_165' title='bbox 3161 744 3321 800; x_wconf 89' lang='lat' dir='ltr'>simul</span> <span class='ocrx_word' id='word_1_166' title='bbox 3346 754 3398 802; x_wconf 89' lang='lat' dir='ltr'>et</span> <span class='ocrx_word' id='word_1_167' title='bbox 3418 750 3625 808; x_wconf 87' lang='lat' dir='ltr'>fructum</span> <span class='ocrx_word' id='word_1_168' title='bbox 3646 757 3710 811; x_wconf 84' lang='lat' dir='ltr'>ia-</span> 
     </span>
    </p>
   </div>
   <div class='ocr_carea' id='block_1_23' title="bbox 2204 824 3707 909">
    <p class='ocr_par' dir='ltr' id='par_1_23' title="bbox 2204 824 3707 909">
     <span class='ocr_line' id='line_1_24' title="bbox 2204 824 3707 909; baseline 0.014 -31"><span class='ocrx_word' id='word_1_169' title='bbox 2204 824 2417 880; x_wconf 90' lang='lat' dir='ltr'>ciamus</span> <span class='ocrx_word' id='word_1_170' title='bbox 2435 827 2717 882; x_wconf 77' lang='lat' dir='ltr'>ccelestem</span> <span class='ocrx_word' id='word_1_171' title='bbox 2739 831 2923 898; x_wconf 62' lang='lat' dir='ltr'>(tiu/ft,</span> <span class='ocrx_word' id='word_1_172' title='bbox 2956 835 2995 886; x_wconf 84' lang='grc' dir='ltr'>ι.</span> <span class='ocrx_word' id='word_1_173' title='bbox 3023 846 3104 899; x_wconf 82' lang='lat' dir='ltr'>In,</span> <span class='ocrx_word' id='word_1_174' title='bbox 3129 850 3188 888; x_wconf 87' lang='grc' dir='ltr'>η.</span> <span class='ocrx_word' id='word_1_175' title='bbox 3225 833 3352 905; x_wconf 84' lang='grc'>113;</span> <span class='ocrx_word' id='word_1_176' title='bbox 3384 840 3557 909; x_wconf 79' lang='lat' dir='ltr'>Pelag.;</span> <span class='ocrx_word' id='word_1_177' title='bbox 3577 846 3707 901; x_wconf 74' lang='lat' dir='ltr'>tibetl.</span> 
     </span>
    </p>
   </div>
   <div class='ocr_carea' id='block_1_24' title="bbox 2203 912 3167 993">
    <p class='ocr_par' dir='ltr' id='par_1_24' title="bbox 2203 912 3167 993">
     <span class='ocr_line' id='line_1_25' title="bbox 2203 912 3167 993; baseline 0.009 -25"><span class='ocrx_word' id='word_1_178' title='bbox 2203 929 2322 979; x_wconf 85' lang='lat' dir='ltr'>vm,</span> <span class='ocrx_word' id='word_1_179' title='bbox 2346 932 2402 980; x_wconf 80' lang='grc' dir='ltr'>η,</span> <span class='ocrx_word' id='word_1_180' title='bbox 2434 912 2523 983; x_wconf 77' lang='grc'>20,</span> <span class='ocrx_word' id='word_1_181' title='bbox 2559 921 2782 972; x_wconf 81' lang='lat' dir='ltr'>nomine</span> <span class='ocrx_word' id='word_1_182' title='bbox 2811 920 3167 993; x_wconf 63' lang='lat' dir='ltr'>Syncteticz).</span> 
     </span>
    </p>
   </div>
   <div class='ocr_carea' id='block_1_25' title="bbox 2274 1003 3711 1089">
    <p class='ocr_par' dir='ltr' id='par_1_25' title="bbox 2274 1003 3711 1089">
     <span class='ocr_line' id='line_1_26' title="bbox 2274 1003 3711 1089; baseline 0.01 -28"><span class='ocrx_word' id='word_1_183' title='bbox 2274 1003 2324 1061; x_wconf 91' lang='lat'>3.</span> <span class='ocrx_word' id='word_1_184' title='bbox 2349 1006 2491 1060; x_wconf 90' lang='lat' dir='ltr'>Item</span> <span class='ocrx_word' id='word_1_185' title='bbox 2512 1005 2652 1061; x_wconf 87' lang='lat' dir='ltr'>dixit</span> <span class='ocrx_word' id='word_1_186' title='bbox 2675 1008 2856 1076; x_wconf 63' lang='lat' dir='ltr'>(Ra/II,</span> <span class='ocrx_word' id='word_1_187' title='bbox 2881 1013 2919 1064; x_wconf 85' lang='grc' dir='ltr'>ι.</span> <span class='ocrx_word' id='word_1_188' title='bbox 2943 1024 3029 1075; x_wconf 81' lang='lat' dir='ltr'>III,</span> <span class='ocrx_word' id='word_1_189' title='bbox 3050 1009 3226 1069; x_wconf 79' lang='lat' dir='ltr'>n.1l3</span> <span class='ocrx_word' id='word_1_190' title='bbox 3249 1031 3262 1079; x_wconf 92' lang='lat'>;</span> <span class='ocrx_word' id='word_1_191' title='bbox 3283 1016 3467 1083; x_wconf 83' lang='lat' dir='ltr'>Pelag.,</span> <span class='ocrx_word' id='word_1_192' title='bbox 3490 1020 3628 1074; x_wconf 77' lang='lat' dir='ltr'>libeu.</span> <span class='ocrx_word' id='word_1_193' title='bbox 3647 1039 3711 1089; x_wconf 84' lang='lat' dir='ltr'>xv,</span> 
     </span>
    </p>
   </div>
   <div class='ocr_carea' id='block_1_26' title="bbox 2202 1092 3714 1172">
    <p class='ocr_par' dir='ltr' id='par_1_26' title="bbox 2202 1092 3714 1172">
     <span class='ocr_line' id='line_1_27' title="bbox 2202 1092 3714 1172; baseline 0.012 -25"><span class='ocrx_word' id='word_1_194' title='bbox 2202 1110 2258 1149; x_wconf 77' lang='grc' dir='ltr'>η.</span> <span class='ocrx_word' id='word_1_195' title='bbox 2295 1092 2382 1165; x_wconf 78' lang='lat'>5’1)</span> <span class='ocrx_word' id='word_1_196' title='bbox 2419 1113 2430 1147; x_wconf 91' lang='lat'>:</span> <span class='ocrx_word' id='word_1_197' title='bbox 2466 1095 2701 1159; x_wconf 86' lang='lat' dir='ltr'>Quando</span> <span class='ocrx_word' id='word_1_198' title='bbox 2730 1098 2994 1168; x_wconf 82' lang='lat' dir='ltr'>cogitatio</span> <span class='ocrx_word' id='word_1_199' title='bbox 3021 1100 3311 1172; x_wconf 69' lang='lat' dir='ltr'>superbiae,</span> <span class='ocrx_word' id='word_1_200' title='bbox 3340 1105 3417 1159; x_wconf 88' lang='lat' dir='ltr'>vel</span> <span class='ocrx_word' id='word_1_201' title='bbox 3442 1112 3571 1162; x_wconf 86' lang='lat' dir='ltr'>certe</span> <span class='ocrx_word' id='word_1_202' title='bbox 3596 1126 3714 1166; x_wconf 67' lang='lat' dir='ltr'>vanae</span> 
     </span>
    </p>
   </div>
   <div class='ocr_carea' id='block_1_27' title="bbox 2197 1182 3717 1263">
    <p class='ocr_par' dir='ltr' id='par_1_27' title="bbox 2197 1182 3717 1263">
     <span class='ocr_line' id='line_1_28' title="bbox 2197 1182 3717 1263; baseline 0.012 -28"><span class='ocrx_word' id='word_1_203' title='bbox 2197 1182 2389 1253; x_wconf 69' lang='lat' dir='ltr'>gloriae</span> <span class='ocrx_word' id='word_1_204' title='bbox 2420 1189 2478 1238; x_wconf 84' lang='lat' dir='ltr'>te</span> <span class='ocrx_word' id='word_1_205' title='bbox 2506 1185 2819 1257; x_wconf 87' lang='lat' dir='ltr'>impugnat,</span> <span class='ocrx_word' id='word_1_206' title='bbox 2852 1195 3205 1259; x_wconf 88' lang='lat' dir='ltr'>perscrutare</span> <span class='ocrx_word' id='word_1_207' title='bbox 3240 1192 3478 1263; x_wconf 86' lang='lat' dir='ltr'>teipsum,</span> <span class='ocrx_word' id='word_1_208' title='bbox 3506 1196 3547 1249; x_wconf 91' lang='lat' dir='ltr'>si</span> <span class='ocrx_word' id='word_1_209' title='bbox 3569 1200 3717 1254; x_wconf 84' lang='lat' dir='ltr'>omnia</span> 
     </span>
    </p>
   </div>
   <div class='ocr_carea' id='block_1_28' title="bbox 2199 1274 3715 1355">
    <p class='ocr_par' dir='ltr' id='par_1_28' title="bbox 2199 1274 3715 1355">
     <span class='ocr_line' id='line_1_29' title="bbox 2199 1274 3715 1355; baseline 0.01 -28"><span class='ocrx_word' id='word_1_210' title='bbox 2199 1274 2467 1328; x_wconf 79' lang='lat' dir='ltr'>mandata</span> <span class='ocrx_word' id='word_1_211' title='bbox 2495 1274 2597 1329; x_wconf 88' lang='lat' dir='ltr'>Dei</span> <span class='ocrx_word' id='word_1_212' title='bbox 2626 1277 2878 1343; x_wconf 87' lang='lat' dir='ltr'>servasti,</span> <span class='ocrx_word' id='word_1_213' title='bbox 2910 1277 2958 1332; x_wconf 89' lang='lat' dir='ltr'>si</span> <span class='ocrx_word' id='word_1_214' title='bbox 2982 1279 3239 1334; x_wconf 90' lang='lat' dir='ltr'>inimicos</span> <span class='ocrx_word' id='word_1_215' title='bbox 3268 1281 3456 1353; x_wconf 85' lang='lat' dir='ltr'>diligis,</span> <span class='ocrx_word' id='word_1_216' title='bbox 3484 1284 3525 1338; x_wconf 92' lang='lat' dir='ltr'>si</span> <span class='ocrx_word' id='word_1_217' title='bbox 3546 1287 3715 1355; x_wconf 79' lang='lat' dir='ltr'>gaudes</span> 
     </span>
    </p>
   </div>
   <div class='ocr_carea' id='block_1_29' title="bbox 2198 1362 3719 1443">
    <p class='ocr_par' dir='ltr' id='par_1_29' title="bbox 2198 1362 3719 1443">
     <span class='ocr_line' id='line_1_30' title="bbox 2198 1362 3719 1443; baseline 0.009 -28"><span class='ocrx_word' id='word_1_218' title='bbox 2198 1362 2268 1416; x_wconf 91' lang='lat' dir='ltr'>de</span> <span class='ocrx_word' id='word_1_219' title='bbox 2303 1363 2483 1433; x_wconf 86' lang='lat' dir='ltr'>gloria</span> <span class='ocrx_word' id='word_1_220' title='bbox 2510 1364 2720 1419; x_wconf 89' lang='lat' dir='ltr'>inimici</span> <span class='ocrx_word' id='word_1_221' title='bbox 2758 1366 2860 1433; x_wconf 90' lang='lat' dir='ltr'>tui,</span> <span class='ocrx_word' id='word_1_222' title='bbox 2897 1373 2955 1422; x_wconf 91' lang='lat' dir='ltr'>et</span> <span class='ocrx_word' id='word_1_223' title='bbox 2996 1369 3342 1425; x_wconf 89' lang='lat' dir='ltr'>contristaris</span> <span class='ocrx_word' id='word_1_224' title='bbox 3376 1371 3428 1425; x_wconf 91' lang='lat' dir='ltr'>in</span> <span class='ocrx_word' id='word_1_225' title='bbox 3465 1373 3719 1443; x_wconf 87' lang='lat' dir='ltr'>dejectione</span> 
     </span>
    </p>
   </div>
   <div class='ocr_carea' id='block_1_30' title="bbox 2200 1452 3714 1529">
    <p class='ocr_par' dir='ltr' id='par_1_30' title="bbox 2200 1452 3714 1529">
     <span class='ocr_line' id='line_1_31' title="bbox 2200 1452 3714 1529; baseline 0.009 -24"><span class='ocrx_word' id='word_1_226' title='bbox 2200 1452 2356 1521; x_wconf 87' lang='lat' dir='ltr'>ejus;</span> <span class='ocrx_word' id='word_1_227' title='bbox 2386 1452 2433 1507; x_wconf 91' lang='lat' dir='ltr'>si</span> <span class='ocrx_word' id='word_1_228' title='bbox 2462 1452 2611 1524; x_wconf 84' lang='lat' dir='ltr'>apud</span> <span class='ocrx_word' id='word_1_229' title='bbox 2643 1460 2701 1508; x_wconf 90' lang='lat' dir='ltr'>te</span> <span class='ocrx_word' id='word_1_230' title='bbox 2733 1454 2925 1523; x_wconf 89' lang='lat' dir='ltr'>habes,</span> <span class='ocrx_word' id='word_1_231' title='bbox 2953 1458 3219 1528; x_wconf 90' lang='lat' dir='ltr'>quoniam</span> <span class='ocrx_word' id='word_1_232' title='bbox 3247 1476 3427 1515; x_wconf 89' lang='lat' dir='ltr'>servus</span> <span class='ocrx_word' id='word_1_233' title='bbox 3448 1461 3631 1516; x_wconf 88' lang='lat' dir='ltr'>inutilis</span> <span class='ocrx_word' id='word_1_234' title='bbox 3653 1481 3714 1529; x_wconf 85' lang='lat' dir='ltr'>es,</span> 
     </span>
    </p>
   </div>
   <div class='ocr_carea' id='block_1_31' title="bbox 2199 1542 3721 1620">
    <p class='ocr_par' dir='ltr' id='par_1_31' title="bbox 2199 1542 3721 1620">
     <span class='ocr_line' id='line_1_32' title="bbox 2199 1542 3721 1620; baseline 0.007 -25"><span class='ocrx_word' id='word_1_235' title='bbox 2199 1547 2256 1595; x_wconf 92' lang='lat' dir='ltr'>et</span> <span class='ocrx_word' id='word_1_236' title='bbox 2271 1542 2419 1612; x_wconf 92' lang='lat' dir='ltr'>quod</span> <span class='ocrx_word' id='word_1_237' title='bbox 2442 1542 2567 1613; x_wconf 89' lang='lat' dir='ltr'>plus</span> <span class='ocrx_word' id='word_1_238' title='bbox 2586 1543 2843 1599; x_wconf 91' lang='lat' dir='ltr'>omnibus</span> <span class='ocrx_word' id='word_1_239' title='bbox 2872 1546 3192 1602; x_wconf 89' lang='lat' dir='ltr'>hominibus</span> <span class='ocrx_word' id='word_1_240' title='bbox 3212 1549 3288 1602; x_wconf 88' lang='lat' dir='ltr'>sis</span> <span class='ocrx_word' id='word_1_241' title='bbox 3302 1555 3565 1620; x_wconf 84' lang='lat' dir='ltr'>peccator;</span> <span class='ocrx_word' id='word_1_242' title='bbox 3586 1556 3633 1606; x_wconf 89' lang='lat' dir='ltr'>et</span> <span class='ocrx_word' id='word_1_243' title='bbox 3648 1569 3721 1606; x_wconf 85' lang='lat' dir='ltr'>ne-</span> 
     </span>
    </p>
   </div>
   <div class='ocr_carea' id='block_1_32' title="bbox 2199 1624 3719 1710">
    <p class='ocr_par' dir='ltr' id='par_1_32' title="bbox 2199 1624 3719 1710">
     <span class='ocr_line' id='line_1_33' title="bbox 2199 1624 3719 1710; baseline 0.007 -25"><span class='ocrx_word' id='word_1_244' title='bbox 2199 1648 2308 1702; x_wconf 90' lang='lat' dir='ltr'>que</span> <span class='ocrx_word' id='word_1_245' title='bbox 2327 1635 2461 1687; x_wconf 89' lang='lat' dir='ltr'>tunc</span> <span class='ocrx_word' id='word_1_246' title='bbox 2478 1637 2595 1686; x_wconf 89' lang='lat' dir='ltr'>tam</span> <span class='ocrx_word' id='word_1_247' title='bbox 2618 1633 2831 1703; x_wconf 87' lang='lat' dir='ltr'>grande</span> <span class='ocrx_word' id='word_1_248' title='bbox 2847 1634 3055 1706; x_wconf 88' lang='lat' dir='ltr'>aliquid</span> <span class='ocrx_word' id='word_1_249' title='bbox 3070 1636 3276 1709; x_wconf 84' lang='lat' dir='ltr'>sapias.</span> <span class='ocrx_word' id='word_1_250' title='bbox 3294 1624 3539 1710; x_wconf 83' lang='lat' dir='ltr'>tanquam</span> <span class='ocrx_word' id='word_1_251' title='bbox 3551 1640 3719 1710; x_wconf 87' lang='lat' dir='ltr'>aliquid</span> 
     </span>
    </p>
   </div>
   <div class='ocr_carea' id='block_1_33' title="bbox 515 1719 3724 1798">
    <p class='ocr_par' dir='ltr' id='par_1_33' title="bbox 515 1719 3724 1798">
     <span class='ocr_line' id='line_1_34' title="bbox 515 1719 3724 1798; baseline 0.001 -18"><span class='ocrx_word' id='word_1_252' title='bbox 515 1741 599 1793; x_wconf 90' lang='lat' dir='ltr'>ro,</span> <span class='ocrx_word' id='word_1_253' title='bbox 625 1725 805 1781; x_wconf 88' lang='lat' dir='ltr'>factus</span> <span class='ocrx_word' id='word_1_254' title='bbox 825 1731 976 1781; x_wconf 90' lang='lat' dir='ltr'>esset</span> <span class='ocrx_word' id='word_1_255' title='bbox 991 1725 1049 1779; x_wconf 93' lang='lat' dir='ltr'>in</span> <span class='ocrx_word' id='word_1_256' title='bbox 1070 1723 1294 1788; x_wconf 87' lang='lat' dir='ltr'>exstasi,</span> <span class='ocrx_word' id='word_1_257' title='bbox 1317 1728 1376 1777; x_wconf 90' lang='lat' dir='ltr'>et</span> <span class='ocrx_word' id='word_1_258' title='bbox 1389 1723 1568 1776; x_wconf 86' lang='lat' dir='ltr'>altero</span> <span class='ocrx_word' id='word_1_259' title='bbox 1581 1720 1843 1775; x_wconf 88' lang='lat' dir='ltr'>audiente</span> <span class='ocrx_word' id='word_1_260' title='bbox 1862 1719 2113 1774; x_wconf 88' lang='lat' dir='ltr'>nesciens</span> <span class='ocrx_word' id='word_1_261' title='bbox 2126 1728 2174 1789; x_wconf 85' lang='grc' dir='ltr'><strong>Β</strong></span> <span class='ocrx_word' id='word_1_262' title='bbox 2195 1720 2327 1776; x_wconf 88' lang='lat' dir='ltr'>boni</span> <span class='ocrx_word' id='word_1_263' title='bbox 2351 1722 2568 1787; x_wconf 86' lang='lat' dir='ltr'>feceris,</span> <span class='ocrx_word' id='word_1_264' title='bbox 2603 1722 2783 1777; x_wconf 86' lang='lat' dir='ltr'>sciens</span> <span class='ocrx_word' id='word_1_265' title='bbox 2810 1724 2960 1795; x_wconf 90' lang='lat' dir='ltr'>quod</span> <span class='ocrx_word' id='word_1_266' title='bbox 2988 1726 3139 1781; x_wconf 88' lang='lat' dir='ltr'>elata</span> <span class='ocrx_word' id='word_1_267' title='bbox 3178 1727 3435 1798; x_wconf 85' lang='lat' dir='ltr'>cogitatio</span> <span class='ocrx_word' id='word_1_268' title='bbox 3459 1728 3549 1783; x_wconf 90' lang='lat' dir='ltr'>illa</span> <span class='ocrx_word' id='word_1_269' title='bbox 3573 1729 3724 1783; x_wconf 85' lang='lat' dir='ltr'>omnia</span> 
     </span>
    </p>
   </div>
   <div class='ocr_carea' id='block_1_34' title="bbox 514 1809 2106 1888">
    <p class='ocr_par' dir='ltr' id='par_1_34' title="bbox 514 1809 2106 1888">
     <span class='ocr_line' id='line_1_35' title="bbox 514 1809 2106 1888; baseline -0.006 -17"><span class='ocrx_word' id='word_1_270' title='bbox 514 1816 869 1888; x_wconf 87' lang='lat' dir='ltr'>suspirasset,</span> <span class='ocrx_word' id='word_1_271' title='bbox 882 1813 1051 1887; x_wconf 72' lang='lat' dir='ltr'>caepit</span> <span class='ocrx_word' id='word_1_272' title='bbox 1067 1813 1359 1886; x_wconf 76' lang='lat' dir='ltr'>paenitere,</span> <span class='ocrx_word' id='word_1_273' title='bbox 1379 1828 1443 1866; x_wconf 92' lang='lat' dir='ltr'>ac</span> <span class='ocrx_word' id='word_1_274' title='bbox 1457 1810 1640 1865; x_wconf 89' lang='lat' dir='ltr'>dicere</span> <span class='ocrx_word' id='word_1_275' title='bbox 1662 1828 1673 1863; x_wconf 94' lang='lat'>:</span> <span class='ocrx_word' id='word_1_276' title='bbox 1692 1810 1928 1880; x_wconf 87' lang='lat' dir='ltr'>lndulge</span> <span class='ocrx_word' id='word_1_277' title='bbox 1949 1809 2106 1877; x_wconf 61' lang='lat' dir='ltr'>nﬁhi,</span> 
     </span>
    </p>
   </div>
   <div class='ocr_carea' id='block_1_35' title="bbox 426 1902 2110 1977">
    <p class='ocr_par' dir='ltr' id='par_1_35' title="bbox 426 1902 2110 1977">
     <span class='ocr_line' id='line_1_36' title="bbox 426 1902 2110 1977; baseline -0.001 -21"><span class='ocrx_word' id='word_1_278' title='bbox 426 1952 429 1956; x_wconf 22' lang='grc' dir='ltr'><em>Α</em></span> <span class='ocrx_word' id='word_1_279' title='bbox 513 1906 708 1973; x_wconf 84' lang='lat' dir='ltr'>frater,</span> <span class='ocrx_word' id='word_1_280' title='bbox 764 1921 1017 1977; x_wconf 86' lang='lat' dir='ltr'>exposco;</span> <span class='ocrx_word' id='word_1_281' title='bbox 1074 1903 1315 1958; x_wconf 89' lang='lat' dir='ltr'>necdum</span> <span class='ocrx_word' id='word_1_282' title='bbox 1355 1902 1506 1955; x_wconf 92' lang='lat' dir='ltr'>enim</span> <span class='ocrx_word' id='word_1_283' title='bbox 1534 1917 1625 1955; x_wconf 89' lang='lat' dir='ltr'>me</span> <span class='ocrx_word' id='word_1_284' title='bbox 1666 1916 1936 1969; x_wconf 89' lang='lat' dir='ltr'>cognosco</span> <span class='ocrx_word' id='word_1_285' title='bbox 1990 1915 2110 1954; x_wconf 89' lang='lat' dir='ltr'>esse</span> 
     </span>
    </p>
   </div>
   <div class='ocr_carea' id='block_1_36' title="bbox 512 1989 2109 2065">
    <p class='ocr_par' dir='ltr' id='par_1_36' title="bbox 512 1989 2109 2065">
     <span class='ocr_line' id='line_1_37' title="bbox 512 1989 2109 2065; baseline -0.004 -16"><span class='ocrx_word' id='word_1_286' title='bbox 512 1994 873 2060; x_wconf 89' lang='lat' dir='ltr'>monachum,</span> <span class='ocrx_word' id='word_1_287' title='bbox 891 1994 1025 2065; x_wconf 89' lang='lat' dir='ltr'>quia</span> <span class='ocrx_word' id='word_1_288' title='bbox 1051 1993 1316 2048; x_wconf 89' lang='lat' dir='ltr'>audiente</span> <span class='ocrx_word' id='word_1_289' title='bbox 1344 1991 1522 2045; x_wconf 90' lang='lat' dir='ltr'>altero</span> <span class='ocrx_word' id='word_1_290' title='bbox 1551 1989 1845 2062; x_wconf 89' lang='lat' dir='ltr'>suspiravi.</span> <span class='ocrx_word' id='word_1_291' title='bbox 1879 1989 2109 2053; x_wconf 89' lang='lat' dir='ltr'>Quoties</span> 
     </span>
    </p>
   </div>
   <div class='ocr_carea' id='block_1_37' title="bbox 512 2081 2111 2139">
    <p class='ocr_par' dir='ltr' id='par_1_37' title="bbox 512 2081 2111 2139">
     <span class='ocr_line' id='line_1_38' title="bbox 512 2081 2111 2139; baseline -0.004 0"><span class='ocrx_word' id='word_1_292' title='bbox 512 2088 703 2139; x_wconf 82' lang='lat' dir='ltr'>autem</span> <span class='ocrx_word' id='word_1_293' title='bbox 732 2084 791 2139; x_wconf 92' lang='lat' dir='ltr'>in</span> <span class='ocrx_word' id='word_1_294' title='bbox 834 2084 1088 2139; x_wconf 87' lang='lat' dir='ltr'>oratione</span> <span class='ocrx_word' id='word_1_295' title='bbox 1134 2090 1303 2137; x_wconf 81' lang='lat' dir='ltr'>senex</span> <span class='ocrx_word' id='word_1_296' title='bbox 1346 2081 1497 2135; x_wconf 92' lang='lat' dir='ltr'>idem</span> <span class='ocrx_word' id='word_1_297' title='bbox 1547 2084 1703 2134; x_wconf 89' lang='lat' dir='ltr'>stans</span> <span class='ocrx_word' id='word_1_298' title='bbox 1746 2095 1951 2133; x_wconf 90' lang='lat' dir='ltr'>manus</span> <span class='ocrx_word' id='word_1_299' title='bbox 1978 2095 2111 2133; x_wconf 90' lang='lat' dir='ltr'>suas</span> 
     </span>
    </p>
   </div>
   <div class='ocr_carea' id='block_1_38' title="bbox 512 2169 2107 2243">
    <p class='ocr_par' dir='ltr' id='par_1_38' title="bbox 512 2169 2107 2243">
     <span class='ocr_line' id='line_1_39' title="bbox 512 2169 2107 2243; baseline -0.004 -15"><span class='ocrx_word' id='word_1_300' title='bbox 512 2174 692 2228; x_wconf 85' lang='lat' dir='ltr'>erexit</span> <span class='ocrx_word' id='word_1_301' title='bbox 714 2173 786 2228; x_wconf 91' lang='lat' dir='ltr'>ad</span> <span class='ocrx_word' id='word_1_302' title='bbox 810 2174 1032 2239; x_wconf 63' lang='lat' dir='ltr'>celum,</span> <span class='ocrx_word' id='word_1_303' title='bbox 1056 2172 1167 2227; x_wconf 87' lang='lat' dir='ltr'>cito</span> <span class='ocrx_word' id='word_1_304' title='bbox 1194 2169 1511 2243; x_wconf 90' lang='lat' dir='ltr'>deponebat</span> <span class='ocrx_word' id='word_1_305' title='bbox 1536 2185 1759 2233; x_wconf 90' lang='lat' dir='ltr'>manus,</span> <span class='ocrx_word' id='word_1_306' title='bbox 1791 2172 2107 2240; x_wconf 84' lang='lat' dir='ltr'>propterea,</span> 
     </span>
    </p>
   </div>
   <div class='ocr_carea' id='block_1_39' title="bbox 510 2257 2107 2335">
    <p class='ocr_par' dir='ltr' id='par_1_39' title="bbox 510 2257 2107 2335">
     <span class='ocr_line' id='line_1_40' title="bbox 510 2257 2107 2335; baseline -0.003 -18"><span class='ocrx_word' id='word_1_307' title='bbox 510 2262 555 2317; x_wconf 93' lang='lat' dir='ltr'>si</span> <span class='ocrx_word' id='word_1_308' title='bbox 588 2263 732 2317; x_wconf 86' lang='lat' dir='ltr'>alter</span> <span class='ocrx_word' id='word_1_309' title='bbox 759 2279 1003 2335; x_wconf 67' lang='lat' dir='ltr'>praesens</span> <span class='ocrx_word' id='word_1_310' title='bbox 1033 2265 1199 2329; x_wconf 87' lang='lat' dir='ltr'>esset,</span> <span class='ocrx_word' id='word_1_311' title='bbox 1230 2277 1301 2315; x_wconf 90' lang='lat' dir='ltr'>ne</span> <span class='ocrx_word' id='word_1_312' title='bbox 1325 2261 1431 2314; x_wconf 91' lang='lat' dir='ltr'>hoc</span> <span class='ocrx_word' id='word_1_313' title='bbox 1469 2259 1655 2331; x_wconf 91' lang='lat' dir='ltr'>ipsum</span> <span class='ocrx_word' id='word_1_314' title='bbox 1696 2258 1776 2312; x_wconf 90' lang='lat' dir='ltr'>illi</span> <span class='ocrx_word' id='word_1_315' title='bbox 1811 2274 1913 2329; x_wconf 92' lang='lat' dir='ltr'>pro</span> <span class='ocrx_word' id='word_1_316' title='bbox 1940 2257 2107 2312; x_wconf 89' lang='lat' dir='ltr'>laude</span> 
     </span>
    </p>
   </div>
   <div class='ocr_carea' id='block_1_40' title="bbox 508 2357 811 2408">
    <p class='ocr_par' dir='ltr' id='par_1_40' title="bbox 508 2357 811 2408">
     <span class='ocr_line' id='line_1_41' title="bbox 508 2357 811 2408; baseline 0 -2"><span class='ocrx_word' id='word_1_317' title='bbox 508 2357 811 2408; x_wconf 82' lang='lat' dir='ltr'>constaret.</span> 
     </span>
    </p>
   </div>
   <div class='ocr_carea' id='block_1_41' title="bbox 580 2435 2107 2508">
    <p class='ocr_par' dir='ltr' id='par_1_41' title="bbox 580 2435 2107 2508">
     <span class='ocr_line' id='line_1_42' title="bbox 580 2435 2107 2508; baseline -0.004 -12"><span class='ocrx_word' id='word_1_318' title='bbox 580 2442 632 2498; x_wconf 93' lang='lat'>7.</span> <span class='ocrx_word' id='word_1_319' title='bbox 648 2441 888 2507; x_wconf 89' lang='lat' dir='ltr'>Quidam</span> <span class='ocrx_word' id='word_1_320' title='bbox 910 2455 1079 2496; x_wconf 83' lang='lat' dir='ltr'>senex</span> <span class='ocrx_word' id='word_1_321' title='bbox 1100 2439 1392 2495; x_wconf 88' lang='lat' dir='ltr'>habitabat</span> <span class='ocrx_word' id='word_1_322' title='bbox 1403 2439 1461 2494; x_wconf 91' lang='lat' dir='ltr'>in</span> <span class='ocrx_word' id='word_1_323' title='bbox 1477 2437 1832 2494; x_wconf 90' lang='lat' dir='ltr'>inferioribus</span> <span class='ocrx_word' id='word_1_324' title='bbox 1853 2435 2107 2508; x_wconf 88' lang='lat' dir='ltr'>partibus</span> 
     </span>
    </p>
   </div>
   <div class='ocr_carea' id='block_1_42' title="bbox 507 2523 2099 2602">
    <p class='ocr_par' dir='ltr' id='par_1_42' title="bbox 507 2523 2099 2602">
     <span class='ocr_line' id='line_1_43' title="bbox 507 2523 2099 2602; baseline -0.004 -17"><span class='ocrx_word' id='word_1_325' title='bbox 507 2529 755 2602; x_wconf 67' lang='lat' dir='ltr'>Egypti,</span> <span class='ocrx_word' id='word_1_326' title='bbox 786 2535 845 2585; x_wconf 91' lang='lat' dir='ltr'>et</span> <span class='ocrx_word' id='word_1_327' title='bbox 870 2530 1099 2585; x_wconf 85' lang='lat' dir='ltr'>sedebat</span> <span class='ocrx_word' id='word_1_328' title='bbox 1129 2529 1623 2601; x_wconf 72' lang='lat' dir='ltr'>quiescens(Ru/f.,</span> <span class='ocrx_word' id='word_1_329' title='bbox 1650 2529 1745 2582; x_wconf 87' lang='lat' dir='ltr'>lib.</span> <span class='ocrx_word' id='word_1_330' title='bbox 1770 2541 1849 2593; x_wconf 79' lang='grc' dir='ltr'>ιιι,</span> <span class='ocrx_word' id='word_1_331' title='bbox 1879 2542 1936 2580; x_wconf 88' lang='grc' dir='ltr'>η.</span> <span class='ocrx_word' id='word_1_332' title='bbox 1969 2523 2099 2593; x_wconf 86' lang='grc'>118;</span> 
     </span>
    </p>
   </div>
   <div class='ocr_carea' id='block_1_43' title="bbox 503 2615 2106 2685">
    <p class='ocr_par' dir='ltr' id='par_1_43' title="bbox 503 2615 2106 2685">
     <span class='ocr_line' id='line_1_44' title="bbox 503 2615 2106 2685; baseline -0.004 -11"><span class='ocrx_word' id='word_1_333' title='bbox 503 2622 761 2685; x_wconf 75' lang='lat' dir='ltr'>Joannes,</span> <span class='ocrx_word' id='word_1_334' title='bbox 791 2621 961 2675; x_wconf 82' lang='lat' dir='ltr'>libett.</span> <span class='ocrx_word' id='word_1_335' title='bbox 993 2633 1067 2685; x_wconf 86' lang='lat' dir='ltr'>Iv,</span> <span class='ocrx_word' id='word_1_336' title='bbox 1096 2636 1155 2674; x_wconf 91' lang='lat' dir='ltr'>n.</span> <span class='ocrx_word' id='word_1_337' title='bbox 1181 2618 1291 2685; x_wconf 82' lang='lat'>35).</span> <span class='ocrx_word' id='word_1_338' title='bbox 1322 2619 1479 2673; x_wconf 91' lang='lat' dir='ltr'>Unus</span> <span class='ocrx_word' id='word_1_339' title='bbox 1503 2624 1693 2672; x_wconf 90' lang='lat' dir='ltr'>autem</span> <span class='ocrx_word' id='word_1_340' title='bbox 1723 2615 2002 2672; x_wconf 83' lang='lat' dir='ltr'>saecularis</span> <span class='ocrx_word' id='word_1_341' title='bbox 2021 2632 2106 2669; x_wconf 84' lang='lat' dir='ltr'>re-</span> 
     </span>
    </p>
   </div>
   <div class='ocr_carea' id='block_1_44' title="bbox 505 2705 2105 2778">
    <p class='ocr_par' dir='ltr' id='par_1_44' title="bbox 505 2705 2105 2778">
     <span class='ocr_line' id='line_1_45' title="bbox 505 2705 2105 2778; baseline -0.001 -18"><span class='ocrx_word' id='word_1_342' title='bbox 505 2706 736 2778; x_wconf 89' lang='lat' dir='ltr'>ligiosus</span> <span class='ocrx_word' id='word_1_343' title='bbox 766 2707 1124 2762; x_wconf 85' lang='lat' dir='ltr'>ministrabat</span> <span class='ocrx_word' id='word_1_344' title='bbox 1151 2708 1221 2761; x_wconf 90' lang='lat' dir='ltr'>ei.</span> <span class='ocrx_word' id='word_1_345' title='bbox 1257 2706 1506 2777; x_wconf 86' lang='lat' dir='ltr'>Contigit</span> <span class='ocrx_word' id='word_1_346' title='bbox 1523 2711 1714 2760; x_wconf 89' lang='lat' dir='ltr'>autem</span> <span class='ocrx_word' id='word_1_347' title='bbox 1742 2711 1807 2760; x_wconf 88' lang='lat' dir='ltr'>ut</span> <span class='ocrx_word' id='word_1_348' title='bbox 1832 2705 1979 2760; x_wconf 85' lang='lat' dir='ltr'>filius</span> <span class='ocrx_word' id='word_1_349' title='bbox 2006 2721 2105 2759; x_wconf 85' lang='lat' dir='ltr'>sae-</span> 
     </span>
    </p>
   </div>
   <div class='ocr_carea' id='block_1_45' title="bbox 503 2792 2103 2866">
    <p class='ocr_par' dir='ltr' id='par_1_45' title="bbox 503 2792 2103 2866">
     <span class='ocr_line' id='line_1_46' title="bbox 503 2792 2103 2866; baseline -0.001 -17"><span class='ocrx_word' id='word_1_350' title='bbox 503 2795 709 2850; x_wconf 89' lang='lat' dir='ltr'>cularis</span> <span class='ocrx_word' id='word_1_351' title='bbox 722 2797 1126 2851; x_wconf 85' lang='lat' dir='ltr'>infirmaretur.</span> <span class='ocrx_word' id='word_1_352' title='bbox 1143 2796 1335 2851; x_wconf 91' lang='lat' dir='ltr'>Multis</span> <span class='ocrx_word' id='word_1_353' title='bbox 1358 2811 1491 2866; x_wconf 88' lang='lat' dir='ltr'>ergo</span> <span class='ocrx_word' id='word_1_354' title='bbox 1509 2793 1766 2866; x_wconf 85' lang='lat' dir='ltr'>precibus</span> <span class='ocrx_word' id='word_1_355' title='bbox 1782 2792 2103 2865; x_wconf 87' lang='lat' dir='ltr'>postulabat</span> 
     </span>
    </p>
   </div>
   <div class='ocr_carea' id='block_1_46' title="bbox 504 2882 2103 2952">
    <p class='ocr_par' dir='ltr' id='par_1_46' title="bbox 504 2882 2103 2952">
     <span class='ocr_line' id='line_1_47' title="bbox 504 2882 2103 2952; baseline -0.003 -10"><span class='ocrx_word' id='word_1_356' title='bbox 504 2903 716 2952; x_wconf 86' lang='lat' dir='ltr'>senem,</span> <span class='ocrx_word' id='word_1_357' title='bbox 734 2892 799 2942; x_wconf 93' lang='lat' dir='ltr'>ut</span> <span class='ocrx_word' id='word_1_358' title='bbox 813 2886 1027 2941; x_wconf 88' lang='lat' dir='ltr'>veniret</span> <span class='ocrx_word' id='word_1_359' title='bbox 1045 2886 1117 2940; x_wconf 88' lang='lat' dir='ltr'>ad</span> <span class='ocrx_word' id='word_1_360' title='bbox 1137 2886 1373 2940; x_wconf 91' lang='lat' dir='ltr'>domum</span> <span class='ocrx_word' id='word_1_361' title='bbox 1389 2901 1568 2951; x_wconf 88' lang='lat' dir='ltr'>suam,</span> <span class='ocrx_word' id='word_1_362' title='bbox 1601 2888 1657 2939; x_wconf 90' lang='lat' dir='ltr'>et</span> <span class='ocrx_word' id='word_1_363' title='bbox 1676 2884 1884 2938; x_wconf 89' lang='lat' dir='ltr'>faceret</span> <span class='ocrx_word' id='word_1_364' title='bbox 1899 2882 2103 2937; x_wconf 86' lang='lat' dir='ltr'>oratio-</span> 
     </span>
    </p>
   </div>
   <div class='ocr_carea' id='block_1_47' title="bbox 501 2971 2102 3047">
    <p class='ocr_par' dir='ltr' id='par_1_47' title="bbox 501 2971 2102 3047">
     <span class='ocr_line' id='line_1_48' title="bbox 501 2971 2102 3047; baseline -0.004 -16"><span class='ocrx_word' id='word_1_365' title='bbox 501 2992 633 3031; x_wconf 88' lang='lat' dir='ltr'>nem</span> <span class='ocrx_word' id='word_1_366' title='bbox 659 2992 761 3047; x_wconf 89' lang='lat' dir='ltr'>pro</span> <span class='ocrx_word' id='word_1_367' title='bbox 786 2975 1024 3033; x_wconf 85' lang='lat' dir='ltr'>infante.</span> <span class='ocrx_word' id='word_1_368' title='bbox 1063 2973 1388 3046; x_wconf 83' lang='lat' dir='ltr'>Exsurgens</span> <span class='ocrx_word' id='word_1_369' title='bbox 1414 2989 1544 3029; x_wconf 91' lang='lat' dir='ltr'>vero</span> <span class='ocrx_word' id='word_1_370' title='bbox 1575 2971 2102 3039; x_wconf 83' lang='lat' dir='ltr'>senex,ambulabat</span> 
     </span>
    </p>
   </div>
   <div class='ocr_carea' id='block_1_48' title="bbox 2198 1810 2649 1867">
    <p class='ocr_par' dir='ltr' id='par_1_48' title="bbox 2198 1810 2649 1867">
     <span class='ocr_line' id='line_1_49' title="bbox 2198 1810 2649 1867; baseline 0.004 -2"><span class='ocrx_word' id='word_1_371' title='bbox 2198 1810 2345 1866; x_wconf 89' lang='lat' dir='ltr'>bona</span> <span class='ocrx_word' id='word_1_372' title='bbox 2380 1811 2649 1867; x_wconf 89' lang='lat' dir='ltr'>dissolvit.</span> 
     </span>
    </p>
   </div>
   <div class='ocr_carea' id='block_1_49' title="bbox 2262 1899 3769 1978">
    <p class='ocr_par' dir='ltr' id='par_1_49' title="bbox 2262 1899 3769 1978">
     <span class='ocr_line' id='line_1_50' title="bbox 2262 1899 3769 1978; baseline 0.003 -22"><span class='ocrx_word' id='word_1_373' title='bbox 2262 1899 2321 1958; x_wconf 87' lang='grc'>4.</span> <span class='ocrx_word' id='word_1_374' title='bbox 2352 1900 2503 1956; x_wconf 83' lang='lat' dir='ltr'>Dixit</span> <span class='ocrx_word' id='word_1_375' title='bbox 2515 1918 2683 1956; x_wconf 85' lang='lat' dir='ltr'>senex</span> <span class='ocrx_word' id='word_1_376' title='bbox 2704 1903 2924 1958; x_wconf 88' lang='lat' dir='ltr'>cuidam</span> <span class='ocrx_word' id='word_1_377' title='bbox 2941 1906 3165 1974; x_wconf 79' lang='lat' dir='ltr'>(Pelag.,</span> <span class='ocrx_word' id='word_1_378' title='bbox 3190 1908 3362 1962; x_wconf 82' lang='lat' dir='ltr'>Iibelt.</span> <span class='ocrx_word' id='word_1_379' title='bbox 3382 1906 3718 1978; x_wconf 71' lang='lat' dir='ltr'>xv,num.’a&#39;o):</span> <span class='ocrx_word' id='word_1_380' title='bbox 3766 1952 3769 1957; x_wconf 87' lang='lat'>.</span> 
     </span>
    </p>
   </div>
   <div class='ocr_carea' id='block_1_50' title="bbox 2191 1989 3725 2063">
    <p class='ocr_par' dir='ltr' id='par_1_50' title="bbox 2191 1989 3725 2063">
     <span class='ocr_line' id='line_1_51' title="bbox 2191 1989 3725 2063; baseline 0.004 -19"><span class='ocrx_word' id='word_1_381' title='bbox 2191 1989 2317 2044; x_wconf 89' lang='lat' dir='ltr'>Non</span> <span class='ocrx_word' id='word_1_382' title='bbox 2343 2006 2592 2061; x_wconf 90' lang='lat' dir='ltr'>apponas</span> <span class='ocrx_word' id='word_1_383' title='bbox 2617 2008 2713 2047; x_wconf 90' lang='lat' dir='ltr'>cor</span> <span class='ocrx_word' id='word_1_384' title='bbox 2739 1998 2899 2048; x_wconf 92' lang='lat' dir='ltr'>tuum</span> <span class='ocrx_word' id='word_1_385' title='bbox 2928 1994 3196 2050; x_wconf 89' lang='lat' dir='ltr'>adversus</span> <span class='ocrx_word' id='word_1_386' title='bbox 3230 1996 3452 2051; x_wconf 82' lang='lat' dir='ltr'>fratrem</span> <span class='ocrx_word' id='word_1_387' title='bbox 3486 2002 3640 2063; x_wconf 89' lang='lat' dir='ltr'>tuum,</span> <span class='ocrx_word' id='word_1_388' title='bbox 3662 1996 3725 2050; x_wconf 90' lang='lat' dir='ltr'>di-</span> 
     </span>
    </p>
   </div>
   <div class='ocr_carea' id='block_1_51' title="bbox 2191 2080 3726 2156">
    <p class='ocr_par' dir='ltr' id='par_1_51' title="bbox 2191 2080 3726 2156">
     <span class='ocr_line' id='line_1_52' title="bbox 2191 2080 3726 2156; baseline 0.005 -25"><span class='ocrx_word' id='word_1_389' title='bbox 2191 2094 2324 2132; x_wconf 91' lang='lat' dir='ltr'>cens</span> <span class='ocrx_word' id='word_1_390' title='bbox 2356 2095 2367 2130; x_wconf 93' lang='lat'>:</span> <span class='ocrx_word' id='word_1_391' title='bbox 2404 2080 2694 2143; x_wconf 88' lang='lat' dir='ltr'>Quomodo</span> <span class='ocrx_word' id='word_1_392' title='bbox 2713 2087 2776 2136; x_wconf 92' lang='lat' dir='ltr'>tu</span> <span class='ocrx_word' id='word_1_393' title='bbox 2804 2083 3047 2154; x_wconf 89' lang='lat' dir='ltr'>amplius</span> <span class='ocrx_word' id='word_1_394' title='bbox 3074 2082 3297 2139; x_wconf 89' lang='lat' dir='ltr'>sobrius</span> <span class='ocrx_word' id='word_1_395' title='bbox 3323 2102 3381 2139; x_wconf 91' lang='lat' dir='ltr'>es</span> <span class='ocrx_word' id='word_1_396' title='bbox 3404 2101 3560 2156; x_wconf 89' lang='lat' dir='ltr'>quam</span> <span class='ocrx_word' id='word_1_397' title='bbox 3574 2084 3666 2150; x_wconf 88' lang='lat' dir='ltr'>ille,</span> <span class='ocrx_word' id='word_1_398' title='bbox 3682 2091 3726 2139; x_wconf 87' lang='lat' dir='ltr'>et</span> 
     </span>
    </p>
   </div>
   <div class='ocr_carea' id='block_1_52' title="bbox 2192 2167 3727 2244">
    <p class='ocr_par' dir='ltr' id='par_1_52' title="bbox 2192 2167 3727 2244">
     <span class='ocr_line' id='line_1_53' title="bbox 2192 2167 3727 2244; baseline 0.002 -23"><span class='ocrx_word' id='word_1_399' title='bbox 2192 2167 2600 2223; x_wconf 85' lang='lat' dir='ltr'>continentior?</span> <span class='ocrx_word' id='word_1_400' title='bbox 2619 2170 2719 2224; x_wconf 91' lang='lat' dir='ltr'>sed</span> <span class='ocrx_word' id='word_1_401' title='bbox 2742 2170 3000 2225; x_wconf 87' lang='lat' dir='ltr'>subditus</span> <span class='ocrx_word' id='word_1_402' title='bbox 3020 2176 3140 2227; x_wconf 89' lang='lat' dir='ltr'>esto</span> <span class='ocrx_word' id='word_1_403' title='bbox 3160 2172 3358 2243; x_wconf 69' lang='lat' dir='ltr'>gratiae</span> <span class='ocrx_word' id='word_1_404' title='bbox 3380 2173 3475 2227; x_wconf 88' lang='lat' dir='ltr'>Dei</span> <span class='ocrx_word' id='word_1_405' title='bbox 3500 2172 3552 2227; x_wconf 92' lang='lat' dir='ltr'>in</span> <span class='ocrx_word' id='word_1_406' title='bbox 3568 2172 3727 2244; x_wconf 86' lang='lat' dir='ltr'>spiritu</span> 
     </span>
    </p>
   </div>
   <div class='ocr_carea' id='block_1_53' title="bbox 2191 2258 3727 2332">
    <p class='ocr_par' dir='ltr' id='par_1_53' title="bbox 2191 2258 3727 2332">
     <span class='ocr_line' id='line_1_54' title="bbox 2191 2258 3727 2332; baseline 0.002 -21"><span class='ocrx_word' id='word_1_407' title='bbox 2191 2258 2558 2328; x_wconf 87' lang='lat' dir='ltr'>paupertatis,</span> <span class='ocrx_word' id='word_1_408' title='bbox 2582 2264 2641 2312; x_wconf 91' lang='lat' dir='ltr'>et</span> <span class='ocrx_word' id='word_1_409' title='bbox 2655 2276 2757 2329; x_wconf 90' lang='lat' dir='ltr'>per</span> <span class='ocrx_word' id='word_1_410' title='bbox 2773 2260 3107 2315; x_wconf 88' lang='lat' dir='ltr'>charitatem</span> <span class='ocrx_word' id='word_1_411' title='bbox 3134 2278 3249 2316; x_wconf 90' lang='lat' dir='ltr'>non</span> <span class='ocrx_word' id='word_1_412' title='bbox 3266 2263 3464 2330; x_wconf 83' lang='lat' dir='ltr'>ﬁctam,</span> <span class='ocrx_word' id='word_1_413' title='bbox 3486 2278 3551 2316; x_wconf 91' lang='lat' dir='ltr'>ne</span> <span class='ocrx_word' id='word_1_414' title='bbox 3567 2261 3727 2332; x_wconf 85' lang='lat' dir='ltr'>spiritu</span> 
     </span>
    </p>
   </div>
   <div class='ocr_carea' id='block_1_54' title="bbox 2189 2347 3268 2418">
    <p class='ocr_par' dir='ltr' id='par_1_54' title="bbox 2189 2347 3268 2418">
     <span class='ocr_line' id='line_1_55' title="bbox 2189 2347 3268 2418; baseline 0.006 -18"><span class='ocrx_word' id='word_1_415' title='bbox 2189 2347 2544 2402; x_wconf 85' lang='lat' dir='ltr'>exaltationis</span> <span class='ocrx_word' id='word_1_416' title='bbox 2572 2348 2773 2418; x_wconf 90' lang='lat' dir='ltr'>perdas</span> <span class='ocrx_word' id='word_1_417' title='bbox 2803 2348 3053 2405; x_wconf 86' lang='lat' dir='ltr'>laborem</span> <span class='ocrx_word' id='word_1_418' title='bbox 3081 2355 3268 2406; x_wconf 88' lang='lat' dir='ltr'>tuum.</span> 
     </span>
    </p>
   </div>
   <div class='ocr_carea' id='block_1_55' title="bbox 2260 2436 3727 2512">
    <p class='ocr_par' dir='ltr' id='par_1_55' title="bbox 2260 2436 3727 2512">
     <span class='ocr_line' id='line_1_56' title="bbox 2260 2436 3727 2512; baseline 0.001 -22"><span class='ocrx_word' id='word_1_419' title='bbox 2260 2436 2314 2490; x_wconf 88' lang='grc'>5.</span> <span class='ocrx_word' id='word_1_420' title='bbox 2338 2437 2480 2491; x_wconf 91' lang='lat' dir='ltr'>Item</span> <span class='ocrx_word' id='word_1_421' title='bbox 2508 2436 2649 2492; x_wconf 84' lang='lat' dir='ltr'>dixit</span> <span class='ocrx_word' id='word_1_422' title='bbox 2674 2454 2841 2493; x_wconf 82' lang='lat' dir='ltr'>senex</span> <span class='ocrx_word' id='word_1_423' title='bbox 2866 2457 2876 2492; x_wconf 91' lang='lat'>:</span> <span class='ocrx_word' id='word_1_424' title='bbox 2904 2439 3414 2512; x_wconf 89' lang='lat' dir='ltr'>Quantumcunque</span> <span class='ocrx_word' id='word_1_425' title='bbox 3432 2441 3570 2495; x_wconf 89' lang='lat' dir='ltr'>enim</span> <span class='ocrx_word' id='word_1_426' title='bbox 3592 2455 3643 2493; x_wconf 91' lang='lat' dir='ltr'>se</span> <span class='ocrx_word' id='word_1_427' title='bbox 3657 2437 3727 2491; x_wconf 87' lang='lat' dir='ltr'>de-</span> 
     </span>
    </p>
   </div>
   <div class='ocr_carea' id='block_1_56' title="bbox 2187 2525 3731 2602">
    <p class='ocr_par' dir='ltr' id='par_1_56' title="bbox 2187 2525 3731 2602">
     <span class='ocr_line' id='line_1_57' title="bbox 2187 2525 3731 2602; baseline 0.001 -23"><span class='ocrx_word' id='word_1_428' title='bbox 2187 2526 2438 2596; x_wconf 90' lang='lat' dir='ltr'>posuerit</span> <span class='ocrx_word' id='word_1_429' title='bbox 2456 2526 2621 2582; x_wconf 90' lang='lat' dir='ltr'>homo</span> <span class='ocrx_word' id='word_1_430' title='bbox 2637 2527 2695 2581; x_wconf 90' lang='lat' dir='ltr'>in</span> <span class='ocrx_word' id='word_1_431' title='bbox 2716 2528 3054 2595; x_wconf 86' lang='lat' dir='ltr'>humilitate,</span> <span class='ocrx_word' id='word_1_432' title='bbox 3073 2535 3302 2585; x_wconf 86' lang='lat' dir='ltr'>tantum</span> <span class='ocrx_word' id='word_1_433' title='bbox 3323 2546 3533 2602; x_wconf 90' lang='lat' dir='ltr'>quoque</span> <span class='ocrx_word' id='word_1_434' title='bbox 3555 2525 3731 2601; x_wconf 85' lang='lat' dir='ltr'>proficit</span> 
     </span>
    </p>
   </div>
   <div class='ocr_carea' id='block_1_57' title="bbox 2185 2613 3723 2689">
    <p class='ocr_par' dir='ltr' id='par_1_57' title="bbox 2185 2613 3723 2689">
     <span class='ocr_line' id='line_1_58' title="bbox 2185 2613 3723 2689; baseline 0 -22"><span class='ocrx_word' id='word_1_435' title='bbox 2185 2613 2245 2668; x_wconf 91' lang='lat' dir='ltr'>in</span> <span class='ocrx_word' id='word_1_436' title='bbox 2274 2615 2453 2669; x_wconf 88' lang='lat' dir='ltr'>altum</span> <span class='ocrx_word' id='word_1_437' title='bbox 2470 2615 2660 2684; x_wconf 62' lang='lat' dir='ltr'>(llum,</span> <span class='ocrx_word' id='word_1_438' title='bbox 2700 2619 2795 2671; x_wconf 86' lang='lat' dir='ltr'>lib.</span> <span class='ocrx_word' id='word_1_439' title='bbox 2840 2632 2920 2685; x_wconf 81' lang='grc' dir='ltr'>ιιι,</span> <span class='ocrx_word' id='word_1_440' title='bbox 2953 2636 3009 2674; x_wconf 90' lang='lat' dir='ltr'>n.</span> <span class='ocrx_word' id='word_1_441' title='bbox 3050 2618 3187 2687; x_wconf 71' lang='lat'>171;</span> <span class='ocrx_word' id='word_1_442' title='bbox 3226 2623 3427 2689; x_wconf 80' lang='lat' dir='ltr'>Pelag.,</span> <span class='ocrx_word' id='word_1_443' title='bbox 3473 2622 3621 2673; x_wconf 82' lang='lat' dir='ltr'>libetl.</span> <span class='ocrx_word' id='word_1_444' title='bbox 3657 2632 3723 2679; x_wconf 87' lang='lat' dir='ltr'>xv,</span> 
     </span>
    </p>
   </div>
   <div class='ocr_carea' id='block_1_58' title="bbox 2186 2704 3730 2777">
    <p class='ocr_par' dir='ltr' id='par_1_58' title="bbox 2186 2704 3730 2777">
     <span class='ocr_line' id='line_1_59' title="bbox 2186 2704 3730 2777; baseline 0.001 -19"><span class='ocrx_word' id='word_1_445' title='bbox 2186 2720 2244 2758; x_wconf 83' lang='grc' dir='ltr'>η.</span> <span class='ocrx_word' id='word_1_446' title='bbox 2281 2704 2389 2773; x_wconf 83' lang='lat'>77).</span> <span class='ocrx_word' id='word_1_447' title='bbox 2417 2705 2572 2760; x_wconf 88' lang='lat' dir='ltr'>Sicut</span> <span class='ocrx_word' id='word_1_448' title='bbox 2599 2705 2750 2760; x_wconf 89' lang='lat' dir='ltr'>enim</span> <span class='ocrx_word' id='word_1_449' title='bbox 2770 2706 3052 2777; x_wconf 84' lang='lat' dir='ltr'>superbia,</span> <span class='ocrx_word' id='word_1_450' title='bbox 3073 2708 3122 2762; x_wconf 86' lang='lat' dir='ltr'>si</span> <span class='ocrx_word' id='word_1_451' title='bbox 3149 2709 3468 2764; x_wconf 84' lang='lat' dir='ltr'>ascenderit</span> <span class='ocrx_word' id='word_1_452' title='bbox 3483 2708 3536 2762; x_wconf 93' lang='lat' dir='ltr'>in</span> <span class='ocrx_word' id='word_1_453' title='bbox 3551 2706 3730 2769; x_wconf 72' lang='lat' dir='ltr'>caalnm,</span> 
     </span>
    </p>
   </div>
   <div class='ocr_carea' id='block_1_59' title="bbox 2182 2792 3730 2863">
    <p class='ocr_par' dir='ltr' id='par_1_59' title="bbox 2182 2792 3730 2863">
     <span class='ocr_line' id='line_1_60' title="bbox 2182 2792 3730 2863; baseline 0 -17"><span class='ocrx_word' id='word_1_454' title='bbox 2182 2807 2362 2863; x_wconf 89' lang='lat' dir='ltr'>usque</span> <span class='ocrx_word' id='word_1_455' title='bbox 2391 2793 2460 2847; x_wconf 88' lang='lat' dir='ltr'>ad</span> <span class='ocrx_word' id='word_1_456' title='bbox 2492 2794 2772 2850; x_wconf 81' lang='lat' dir='ltr'>infernum</span> <span class='ocrx_word' id='word_1_457' title='bbox 2801 2796 3095 2851; x_wconf 88' lang='lat' dir='ltr'>deducitur</span> <span class='ocrx_word' id='word_1_458' title='bbox 3120 2816 3135 2850; x_wconf 87' lang='lat'>:</span> <span class='ocrx_word' id='word_1_459' title='bbox 3180 2798 3266 2852; x_wconf 90' lang='lat' dir='ltr'>ita</span> <span class='ocrx_word' id='word_1_460' title='bbox 3294 2803 3351 2852; x_wconf 86' lang='lat' dir='ltr'>et</span> <span class='ocrx_word' id='word_1_461' title='bbox 3397 2796 3668 2859; x_wconf 82' lang='lat' dir='ltr'>humilitas,</span> <span class='ocrx_word' id='word_1_462' title='bbox 3692 2792 3730 2846; x_wconf 86' lang='lat' dir='ltr'>si</span> 
     </span>
    </p>
   </div>
   <div class='ocr_carea' id='block_1_60' title="bbox 2183 2880 3735 2956">
    <p class='ocr_par' dir='ltr' id='par_1_60' title="bbox 2183 2880 3735 2956">
     <span class='ocr_line' id='line_1_61' title="bbox 2183 2880 3735 2956; baseline 0.001 -21"><span class='ocrx_word' id='word_1_463' title='bbox 2183 2880 2537 2938; x_wconf 89' lang='lat' dir='ltr'>descenderit</span> <span class='ocrx_word' id='word_1_464' title='bbox 2560 2885 2632 2939; x_wconf 89' lang='lat' dir='ltr'>ad</span> <span class='ocrx_word' id='word_1_465' title='bbox 2660 2884 2960 2954; x_wconf 86' lang='lat' dir='ltr'>infernum,</span> <span class='ocrx_word' id='word_1_466' title='bbox 2990 2898 3128 2942; x_wconf 79' lang='lat' dir='ltr'>tunc</span> <span class='ocrx_word' id='word_1_467' title='bbox 3148 2886 3483 2942; x_wconf 87' lang='lat' dir='ltr'>exaltabitur</span> <span class='ocrx_word' id='word_1_468' title='bbox 3508 2900 3662 2956; x_wconf 87' lang='lat' dir='ltr'>usque</span> <span class='ocrx_word' id='word_1_469' title='bbox 3679 2881 3735 2937; x_wconf 83' lang='lat' dir='ltr'>ad</span> 
     </span>
    </p>
   </div>
   <div class='ocr_carea' id='block_1_61' title="bbox 2183 2971 2406 3027">
    <p class='ocr_par' dir='ltr' id='par_1_61' title="bbox 2183 2971 2406 3027">
     <span class='ocr_line' id='line_1_62' title="bbox 2183 2971 2406 3027; baseline 0.009 -3"><span class='ocrx_word' id='word_1_470' title='bbox 2183 2971 2382 3027; x_wconf 90' lang='lat' dir='ltr'>coelum</span> <span class='ocrx_word' id='word_1_471' title='bbox 2393 3013 2406 3026; x_wconf 94' lang='lat'>.</span> 
     </span>
    </p>
   </div>
   <div class='ocr_carea' id='block_1_62' title="bbox 499 3047 3741 3138">
    <p class='ocr_par' dir='ltr' id='par_1_62' title="bbox 499 3047 3741 3138">
     <span class='ocr_line' id='line_1_63' title="bbox 499 3047 3741 3138; baseline -0.002 -19"><span class='ocrx_word' id='word_1_472' title='bbox 499 3081 628 3121; x_wconf 92' lang='lat' dir='ltr'>cum</span> <span class='ocrx_word' id='word_1_473' title='bbox 654 3081 740 3120; x_wconf 91' lang='lat' dir='ltr'>eo.</span> <span class='ocrx_word' id='word_1_474' title='bbox 767 3065 869 3121; x_wconf 88' lang='lat' dir='ltr'>Ille</span> <span class='ocrx_word' id='word_1_475' title='bbox 890 3071 1080 3120; x_wconf 89' lang='lat' dir='ltr'>autem</span> <span class='ocrx_word' id='word_1_476' title='bbox 1100 3064 1463 3135; x_wconf 79' lang='lat' dir='ltr'>praecessit,et</span> <span class='ocrx_word' id='word_1_477' title='bbox 1482 3062 1769 3134; x_wconf 89' lang='lat' dir='ltr'>ingressus</span> <span class='ocrx_word' id='word_1_478' title='bbox 1787 3062 1845 3116; x_wconf 91' lang='lat' dir='ltr'>in</span> <span class='ocrx_word' id='word_1_479' title='bbox 1864 3047 2153 3117; x_wconf 83' lang='lat' dir='ltr'>domumC</span> <span class='ocrx_word' id='word_1_480' title='bbox 2247 3057 2301 3114; x_wconf 89' lang='lat'>6.</span> <span class='ocrx_word' id='word_1_481' title='bbox 2336 3060 2523 3115; x_wconf 87' lang='lat' dir='ltr'>Abbas</span> <span class='ocrx_word' id='word_1_482' title='bbox 2552 3061 2850 3131; x_wconf 87' lang='lat' dir='ltr'>Macarius,</span> <span class='ocrx_word' id='word_1_483' title='bbox 2884 3063 3020 3119; x_wconf 90' lang='lat' dir='ltr'>dum</span> <span class='ocrx_word' id='word_1_484' title='bbox 3044 3065 3298 3121; x_wconf 88' lang='lat' dir='ltr'>diluculo</span> <span class='ocrx_word' id='word_1_485' title='bbox 3319 3065 3617 3138; x_wconf 88' lang='lat' dir='ltr'>palmarum</span> <span class='ocrx_word' id='word_1_486' title='bbox 3630 3059 3741 3115; x_wconf 78' lang='lat' dir='ltr'>folia</span> 
     </span>
    </p>
   </div>
   <div class='ocr_carea' id='block_1_63' title="bbox 499 3153 2095 3222">
    <p class='ocr_par' dir='ltr' id='par_1_63' title="bbox 499 3153 2095 3222">
     <span class='ocr_line' id='line_1_64' title="bbox 499 3153 2095 3222; baseline -0.003 -11"><span class='ocrx_word' id='word_1_487' title='bbox 499 3172 680 3222; x_wconf 81' lang='lat' dir='ltr'>suam,</span> <span class='ocrx_word' id='word_1_488' title='bbox 713 3153 884 3209; x_wconf 84' lang='lat' dir='ltr'>dixit:</span> <span class='ocrx_word' id='word_1_489' title='bbox 916 3154 1115 3209; x_wconf 85' lang='lat' dir='ltr'>Venite</span> <span class='ocrx_word' id='word_1_490' title='bbox 1143 3154 1203 3209; x_wconf 92' lang='lat' dir='ltr'>in</span> <span class='ocrx_word' id='word_1_491' title='bbox 1221 3170 1516 3209; x_wconf 90' lang='lat' dir='ltr'>occursum</span> <span class='ocrx_word' id='word_1_492' title='bbox 1542 3153 1912 3208; x_wconf 81' lang='lat' dir='ltr'>anachoretae.</span> <span class='ocrx_word' id='word_1_493' title='bbox 1943 3154 2095 3216; x_wconf 90' lang='lat' dir='ltr'>Quos</span> 
     </span>
    </p>
   </div>
   <div class='ocr_carea' id='block_1_64' title="bbox 499 3241 2094 3314">
    <p class='ocr_par' dir='ltr' id='par_1_64' title="bbox 499 3241 2094 3314">
     <span class='ocr_line' id='line_1_65' title="bbox 499 3241 2094 3314; baseline -0.003 -14"><span class='ocrx_word' id='word_1_494' title='bbox 499 3262 627 3300; x_wconf 90' lang='lat' dir='ltr'>cum</span> <span class='ocrx_word' id='word_1_495' title='bbox 638 3261 807 3300; x_wconf 86' lang='lat' dir='ltr'>senex</span> <span class='ocrx_word' id='word_1_496' title='bbox 820 3242 1050 3299; x_wconf 89' lang='lat' dir='ltr'>vidisset</span> <span class='ocrx_word' id='word_1_497' title='bbox 1067 3260 1102 3297; x_wconf 90' lang='lat' dir='ltr'>a</span> <span class='ocrx_word' id='word_1_498' title='bbox 1117 3244 1283 3313; x_wconf 90' lang='lat' dir='ltr'>longe</span> <span class='ocrx_word' id='word_1_499' title='bbox 1297 3259 1550 3314; x_wconf 90' lang='lat' dir='ltr'>egressos</span> <span class='ocrx_word' id='word_1_500' title='bbox 1569 3259 1696 3297; x_wconf 91' lang='lat' dir='ltr'>cum</span> <span class='ocrx_word' id='word_1_501' title='bbox 1718 3241 2069 3314; x_wconf 88' lang='lat' dir='ltr'>lampadibus</span> <span class='ocrx_word' id='word_1_502' title='bbox 2080 3281 2094 3308; x_wconf 93' lang='lat'>,</span> 
     </span>
    </p>
   </div>
   <div class='ocr_carea' id='block_1_65' title="bbox 498 3331 2094 3406">
    <p class='ocr_par' dir='ltr' id='par_1_65' title="bbox 498 3331 2094 3406">
     <span class='ocr_line' id='line_1_66' title="bbox 498 3331 2094 3406; baseline -0.002 -17"><span class='ocrx_word' id='word_1_503' title='bbox 498 3334 678 3390; x_wconf 84' lang='lat' dir='ltr'>sensit</span> <span class='ocrx_word' id='word_1_504' title='bbox 703 3333 851 3406; x_wconf 91' lang='lat' dir='ltr'>quod</span> <span class='ocrx_word' id='word_1_505' title='bbox 874 3333 947 3388; x_wconf 89' lang='lat' dir='ltr'>ad</span> <span class='ocrx_word' id='word_1_506' title='bbox 972 3350 1033 3387; x_wconf 90' lang='lat' dir='ltr'>se</span> <span class='ocrx_word' id='word_1_507' title='bbox 1062 3333 1346 3400; x_wconf 89' lang='lat' dir='ltr'>venirent;</span> <span class='ocrx_word' id='word_1_508' title='bbox 1379 3337 1437 3386; x_wconf 90' lang='lat' dir='ltr'>et</span> <span class='ocrx_word' id='word_1_509' title='bbox 1464 3333 1658 3386; x_wconf 91' lang='lat' dir='ltr'>statim</span> <span class='ocrx_word' id='word_1_510' title='bbox 1687 3331 2007 3403; x_wconf 90' lang='lat' dir='ltr'>despolians</span> <span class='ocrx_word' id='word_1_511' title='bbox 2033 3348 2094 3386; x_wconf 92' lang='lat' dir='ltr'>se</span> 
     </span>
    </p>
   </div>
   <div class='ocr_carea' id='block_1_66' title="bbox 498 3420 2094 3492">
    <p class='ocr_par' dir='ltr' id='par_1_66' title="bbox 498 3420 2094 3492">
     <span class='ocr_line' id='line_1_67' title="bbox 498 3420 2094 3492; baseline -0.002 -14"><span class='ocrx_word' id='word_1_512' title='bbox 498 3423 832 3478; x_wconf 89' lang='lat' dir='ltr'>vestimenta</span> <span class='ocrx_word' id='word_1_513' title='bbox 862 3439 963 3477; x_wconf 87' lang='lat' dir='ltr'>sua</span> <span class='ocrx_word' id='word_1_514' title='bbox 1005 3422 1160 3477; x_wconf 90' lang='lat' dir='ltr'>misit</span> <span class='ocrx_word' id='word_1_515' title='bbox 1200 3422 1260 3476; x_wconf 90' lang='lat' dir='ltr'>in</span> <span class='ocrx_word' id='word_1_516' title='bbox 1308 3421 1559 3487; x_wconf 84' lang='lat' dir='ltr'>fluvium,</span> <span class='ocrx_word' id='word_1_517' title='bbox 1607 3427 1665 3476; x_wconf 92' lang='lat' dir='ltr'>et</span> <span class='ocrx_word' id='word_1_518' title='bbox 1700 3420 1870 3492; x_wconf 86' lang='lat' dir='ltr'>coepit</span> <span class='ocrx_word' id='word_1_519' title='bbox 1908 3421 2094 3475; x_wconf 89' lang='lat' dir='ltr'>lavare</span> 
     </span>
    </p>
   </div>
   <div class='ocr_carea' id='block_1_67' title="bbox 499 3510 2094 3582">
    <p class='ocr_par' dir='ltr' id='par_1_67' title="bbox 499 3510 2094 3582">
     <span class='ocr_line' id='line_1_68' title="bbox 499 3510 2094 3582; baseline -0.003 -14"><span class='ocrx_word' id='word_1_520' title='bbox 499 3518 655 3568; x_wconf 88' lang='lat' dir='ltr'>stans</span> <span class='ocrx_word' id='word_1_521' title='bbox 693 3512 896 3568; x_wconf 92' lang='lat' dir='ltr'>nudus.</span> <span class='ocrx_word' id='word_1_522' title='bbox 926 3512 1027 3567; x_wconf 90' lang='lat' dir='ltr'>Ille</span> <span class='ocrx_word' id='word_1_523' title='bbox 1055 3517 1246 3566; x_wconf 89' lang='lat' dir='ltr'>autem</span> <span class='ocrx_word' id='word_1_524' title='bbox 1276 3512 1372 3582; x_wconf 91' lang='lat' dir='ltr'>qui</span> <span class='ocrx_word' id='word_1_525' title='bbox 1402 3510 1760 3566; x_wconf 85' lang='lat' dir='ltr'>ministrabat</span> <span class='ocrx_word' id='word_1_526' title='bbox 1788 3511 1859 3577; x_wconf 92' lang='lat' dir='ltr'>ei,</span> <span class='ocrx_word' id='word_1_527' title='bbox 1901 3510 2094 3565; x_wconf 91' lang='lat' dir='ltr'>videns</span> 
     </span>
    </p>
   </div>
   <div class='ocr_carea' id='block_1_68' title="bbox 498 3600 2095 3672">
    <p class='ocr_par' dir='ltr' id='par_1_68' title="bbox 498 3600 2095 3672">
     <span class='ocr_line' id='line_1_69' title="bbox 498 3600 2095 3672; baseline -0.002 -15"><span class='ocrx_word' id='word_1_528' title='bbox 498 3602 616 3657; x_wconf 81' lang='lat' dir='ltr'>haec</span> <span class='ocrx_word' id='word_1_529' title='bbox 652 3602 899 3657; x_wconf 90' lang='lat' dir='ltr'>erubuit.</span> <span class='ocrx_word' id='word_1_530' title='bbox 921 3602 994 3657; x_wconf 87' lang='lat' dir='ltr'>Et</span> <span class='ocrx_word' id='word_1_531' title='bbox 1016 3600 1251 3672; x_wconf 86' lang='lat' dir='ltr'>rogabat</span> <span class='ocrx_word' id='word_1_532' title='bbox 1277 3601 1553 3667; x_wconf 86' lang='lat' dir='ltr'>homines,</span> <span class='ocrx_word' id='word_1_533' title='bbox 1588 3600 1777 3655; x_wconf 88' lang='lat' dir='ltr'>dicens</span> <span class='ocrx_word' id='word_1_534' title='bbox 1802 3619 1813 3654; x_wconf 87' lang='lat'>:</span> <span class='ocrx_word' id='word_1_535' title='bbox 1840 3600 2095 3655; x_wconf 88' lang='lat' dir='ltr'>Reverti-</span> 
     </span>
    </p>
   </div>
   <div class='ocr_carea' id='block_1_69' title="bbox 499 3689 2099 3761">
    <p class='ocr_par' dir='ltr' id='par_1_69' title="bbox 499 3689 2099 3761">
     <span class='ocr_line' id='line_1_70' title="bbox 499 3689 2099 3761; baseline -0.002 -15"><span class='ocrx_word' id='word_1_536' title='bbox 499 3692 661 3759; x_wconf 91' lang='lat' dir='ltr'>mini,</span> <span class='ocrx_word' id='word_1_537' title='bbox 679 3707 852 3747; x_wconf 87' lang='lat' dir='ltr'>senex</span> <span class='ocrx_word' id='word_1_538' title='bbox 865 3690 1017 3746; x_wconf 90' lang='lat' dir='ltr'>enim</span> <span class='ocrx_word' id='word_1_539' title='bbox 1036 3696 1230 3746; x_wconf 89' lang='lat' dir='ltr'>noster</span> <span class='ocrx_word' id='word_1_540' title='bbox 1248 3707 1474 3745; x_wconf 89' lang='lat' dir='ltr'>sensum</span> <span class='ocrx_word' id='word_1_541' title='bbox 1499 3689 1762 3761; x_wconf 89' lang='lat' dir='ltr'>perdidit.</span> <span class='ocrx_word' id='word_1_542' title='bbox 1781 3690 1851 3744; x_wconf 91' lang='lat' dir='ltr'>Et</span> <span class='ocrx_word' id='word_1_543' title='bbox 1870 3689 2099 3744; x_wconf 90' lang='lat' dir='ltr'>veniens</span> 
     </span>
    </p>
   </div>
   <div class='ocr_carea' id='block_1_70' title="bbox 501 3778 2099 3850">
    <p class='ocr_par' dir='ltr' id='par_1_70' title="bbox 501 3778 2099 3850">
     <span class='ocr_line' id='line_1_71' title="bbox 501 3778 2099 3850; baseline -0.002 -15"><span class='ocrx_word' id='word_1_544' title='bbox 501 3780 573 3835; x_wconf 89' lang='lat' dir='ltr'>ad</span> <span class='ocrx_word' id='word_1_545' title='bbox 599 3797 748 3846; x_wconf 89' lang='lat' dir='ltr'>eum,</span> <span class='ocrx_word' id='word_1_546' title='bbox 789 3780 868 3835; x_wconf 87' lang='lat' dir='ltr'>ait</span> <span class='ocrx_word' id='word_1_547' title='bbox 903 3780 987 3835; x_wconf 91' lang='lat' dir='ltr'>illi</span> <span class='ocrx_word' id='word_1_548' title='bbox 1021 3797 1033 3833; x_wconf 93' lang='lat'>:</span> <span class='ocrx_word' id='word_1_549' title='bbox 1064 3779 1242 3847; x_wconf 83' lang='lat' dir='ltr'>Abba,</span> <span class='ocrx_word' id='word_1_550' title='bbox 1275 3779 1410 3850; x_wconf 91' lang='lat' dir='ltr'>quid</span> <span class='ocrx_word' id='word_1_551' title='bbox 1439 3784 1526 3834; x_wconf 89' lang='lat' dir='ltr'>est</span> <span class='ocrx_word' id='word_1_552' title='bbox 1564 3779 1669 3834; x_wconf 91' lang='lat' dir='ltr'>hoc</span> <span class='ocrx_word' id='word_1_553' title='bbox 1698 3778 1847 3850; x_wconf 92' lang='lat' dir='ltr'>quod</span> <span class='ocrx_word' id='word_1_554' title='bbox 1874 3778 2099 3833; x_wconf 85' lang='lat' dir='ltr'>fecisti?</span> 
     </span>
    </p>
   </div>
   <div class='ocr_carea' id='block_1_71' title="bbox 502 3868 2100 3941">
    <p class='ocr_par' dir='ltr' id='par_1_71' title="bbox 502 3868 2100 3941">
     <span class='ocr_line' id='line_1_72' title="bbox 502 3868 2100 3941; baseline -0.001 -16"><span class='ocrx_word' id='word_1_555' title='bbox 502 3869 712 3925; x_wconf 90' lang='lat' dir='ltr'>Omnes</span> <span class='ocrx_word' id='word_1_556' title='bbox 738 3869 890 3923; x_wconf 89' lang='lat' dir='ltr'>enim</span> <span class='ocrx_word' id='word_1_557' title='bbox 921 3868 1017 3941; x_wconf 89' lang='lat' dir='ltr'>qui</span> <span class='ocrx_word' id='word_1_558' title='bbox 1042 3873 1100 3923; x_wconf 91' lang='lat' dir='ltr'>te</span> <span class='ocrx_word' id='word_1_559' title='bbox 1123 3869 1381 3924; x_wconf 88' lang='lat' dir='ltr'>viderunt</span> <span class='ocrx_word' id='word_1_560' title='bbox 1408 3868 1670 3925; x_wconf 90' lang='lat' dir='ltr'>dixerunt</span> <span class='ocrx_word' id='word_1_561' title='bbox 1695 3868 1871 3934; x_wconf 88' lang='lat' dir='ltr'>:Quia</span> <span class='ocrx_word' id='word_1_562' title='bbox 1897 3868 2100 3923; x_wconf 83' lang='lat' dir='ltr'>daemo-</span> 
     </span>
    </p>
   </div>
   <div class='ocr_carea' id='block_1_72' title="bbox 500 3956 2098 4029">
    <p class='ocr_par' dir='ltr' id='par_1_72' title="bbox 500 3956 2098 4029">
     <span class='ocr_line' id='line_1_73' title="bbox 500 3956 2098 4029; baseline 0.001 -17"><span class='ocrx_word' id='word_1_563' title='bbox 500 3958 661 4012; x_wconf 89' lang='lat' dir='ltr'>nium</span> <span class='ocrx_word' id='word_1_564' title='bbox 680 3956 849 4013; x_wconf 88' lang='lat' dir='ltr'>habet</span> <span class='ocrx_word' id='word_1_565' title='bbox 876 3975 1065 4015; x_wconf 87' lang='lat' dir='ltr'>senex.</span> <span class='ocrx_word' id='word_1_566' title='bbox 1096 3957 1202 4014; x_wconf 89' lang='lat' dir='ltr'>Cui</span> <span class='ocrx_word' id='word_1_567' title='bbox 1238 3959 1335 4013; x_wconf 89' lang='lat' dir='ltr'>ille</span> <span class='ocrx_word' id='word_1_568' title='bbox 1364 3974 1376 4009; x_wconf 90' lang='lat'>:</span> <span class='ocrx_word' id='word_1_569' title='bbox 1409 3959 1524 4029; x_wconf 87' lang='lat' dir='ltr'>Ego</span> <span class='ocrx_word' id='word_1_570' title='bbox 1552 3975 1683 4013; x_wconf 88' lang='lat' dir='ltr'>vero</span> <span class='ocrx_word' id='word_1_571' title='bbox 1709 3957 1962 4014; x_wconf 83' lang='lat' dir='ltr'>volebam</span> <span class='ocrx_word' id='word_1_572' title='bbox 1992 3958 2098 4013; x_wconf 91' lang='lat' dir='ltr'>hoc</span> 
     </span>
    </p>
   </div>
   <div class='ocr_carea' id='block_1_73' title="bbox 501 4045 718 4102">
    <p class='ocr_par' dir='ltr' id='par_1_73' title="bbox 501 4045 718 4102">
     <span class='ocr_line' id='line_1_74' title="bbox 501 4045 718 4102; baseline 0.009 -2"><span class='ocrx_word' id='word_1_573' title='bbox 501 4045 718 4102; x_wconf 81' lang='lat' dir='ltr'>audire.</span> 
     </span>
    </p>
   </div>
   <div class='ocr_carea' id='block_1_74' title="bbox 570 4135 2100 4209">
    <p class='ocr_par' dir='ltr' id='par_1_74' title="bbox 570 4135 2100 4209">
     <span class='ocr_line' id='line_1_75' title="bbox 570 4135 2100 4209; baseline -0.001 -15"><span class='ocrx_word' id='word_1_574' title='bbox 570 4136 625 4194; x_wconf 92' lang='lat'>8.</span> <span class='ocrx_word' id='word_1_575' title='bbox 642 4140 784 4194; x_wconf 86' lang='lat' dir='ltr'>Item</span> <span class='ocrx_word' id='word_1_576' title='bbox 817 4137 928 4193; x_wconf 90' lang='lat' dir='ltr'>alia</span> <span class='ocrx_word' id='word_1_577' title='bbox 946 4138 1065 4193; x_wconf 89' lang='lat' dir='ltr'>vice</span> <span class='ocrx_word' id='word_1_578' title='bbox 1087 4135 1311 4192; x_wconf 85' lang='lat' dir='ltr'>volebat</span> <span class='ocrx_word' id='word_1_579' title='bbox 1329 4154 1460 4193; x_wconf 90' lang='lat' dir='ltr'>eum</span> <span class='ocrx_word' id='word_1_580' title='bbox 1481 4137 1686 4209; x_wconf 88' lang='lat' dir='ltr'>aliquis</span> <span class='ocrx_word' id='word_1_581' title='bbox 1707 4137 1895 4192; x_wconf 90' lang='lat' dir='ltr'>videre</span> <span class='ocrx_word' id='word_1_582' title='bbox 1926 4153 1996 4192; x_wconf 84' lang='lat' dir='ltr'>ex</span> <span class='ocrx_word' id='word_1_583' title='bbox 2008 4138 2100 4208; x_wconf 90' lang='lat' dir='ltr'>ju-</span> 
     </span>
    </p>
   </div>
   <div class='ocr_carea' id='block_1_75' title="bbox 499 4226 2094 4300">
    <p class='ocr_par' dir='ltr' id='par_1_75' title="bbox 499 4226 2094 4300">
     <span class='ocr_line' id='line_1_76' title="bbox 499 4226 2094 4300; baseline -0.004 -14"><span class='ocrx_word' id='word_1_584' title='bbox 499 4231 736 4296; x_wconf 90' lang='lat' dir='ltr'>dicibus,</span> <span class='ocrx_word' id='word_1_585' title='bbox 769 4234 826 4283; x_wconf 90' lang='lat' dir='ltr'>et</span> <span class='ocrx_word' id='word_1_586' title='bbox 849 4232 1255 4300; x_wconf 83' lang='lat' dir='ltr'>praecesserunt</span> <span class='ocrx_word' id='word_1_587' title='bbox 1281 4227 1489 4293; x_wconf 89' lang='lat' dir='ltr'>clerici,</span> <span class='ocrx_word' id='word_1_588' title='bbox 1516 4227 1764 4282; x_wconf 90' lang='lat' dir='ltr'>dicentes</span> <span class='ocrx_word' id='word_1_589' title='bbox 1786 4227 1836 4281; x_wconf 91' lang='lat' dir='ltr'>ei</span> <span class='ocrx_word' id='word_1_590' title='bbox 1872 4244 1884 4279; x_wconf 89' lang='lat'>:</span> <span class='ocrx_word' id='word_1_591' title='bbox 1916 4226 2094 4295; x_wconf 82' lang='lat' dir='ltr'>Abba,</span> 
     </span>
    </p>
   </div>
   <div class='ocr_carea' id='block_1_76' title="bbox 498 4316 2099 4393">
    <p class='ocr_par' dir='ltr' id='par_1_76' title="bbox 498 4316 2099 4393">
     <span class='ocr_line' id='line_1_77' title="bbox 498 4316 2099 4393; baseline -0.004 -17"><span class='ocrx_word' id='word_1_592' title='bbox 498 4335 754 4393; x_wconf 69' lang='lat' dir='ltr'>praepara</span> <span class='ocrx_word' id='word_1_593' title='bbox 771 4324 849 4385; x_wconf 90' lang='lat' dir='ltr'>te,</span> <span class='ocrx_word' id='word_1_594' title='bbox 867 4317 1133 4389; x_wconf 87' lang='lat' dir='ltr'>quoniam</span> <span class='ocrx_word' id='word_1_595' title='bbox 1157 4317 1332 4388; x_wconf 88' lang='lat' dir='ltr'>judex</span> <span class='ocrx_word' id='word_1_596' title='bbox 1351 4316 1586 4372; x_wconf 92' lang='lat' dir='ltr'>audiens</span> <span class='ocrx_word' id='word_1_597' title='bbox 1605 4333 1776 4388; x_wconf 89' lang='lat' dir='ltr'>opera</span> <span class='ocrx_word' id='word_1_598' title='bbox 1791 4322 1893 4371; x_wconf 89' lang='lat' dir='ltr'>tua</span> <span class='ocrx_word' id='word_1_599' title='bbox 1912 4316 2099 4371; x_wconf 84' lang='lat' dir='ltr'>veniet</span> 
     </span>
    </p>
   </div>
   <div class='ocr_carea' id='block_1_77' title="bbox 2179 3150 3740 3221">
    <p class='ocr_par' dir='ltr' id='par_1_77' title="bbox 2179 3150 3740 3221">
     <span class='ocr_line' id='line_1_78' title="bbox 2179 3150 3740 3221; baseline 0 -17"><span class='ocrx_word' id='word_1_600' title='bbox 2179 3155 2412 3221; x_wconf 89' lang='lat' dir='ltr'>portans</span> <span class='ocrx_word' id='word_1_601' title='bbox 2431 3151 2500 3205; x_wconf 89' lang='lat' dir='ltr'>ad</span> <span class='ocrx_word' id='word_1_602' title='bbox 2520 3151 2720 3207; x_wconf 89' lang='lat' dir='ltr'>cellam</span> <span class='ocrx_word' id='word_1_603' title='bbox 2740 3169 2900 3208; x_wconf 92' lang='lat' dir='ltr'>suam</span> <span class='ocrx_word' id='word_1_604' title='bbox 2919 3160 3322 3221; x_wconf 89' lang='lat' dir='ltr'>reverteretur,</span> <span class='ocrx_word' id='word_1_605' title='bbox 3337 3153 3567 3209; x_wconf 87' lang='lat' dir='ltr'>occurrit</span> <span class='ocrx_word' id='word_1_606' title='bbox 3582 3152 3627 3206; x_wconf 90' lang='lat' dir='ltr'>ei</span> <span class='ocrx_word' id='word_1_607' title='bbox 3643 3150 3740 3204; x_wconf 78' lang='lat' dir='ltr'>dia-</span> 
     </span>
    </p>
   </div>
   <div class='ocr_carea' id='block_1_78' title="bbox 2180 3238 3741 3316">
    <p class='ocr_par' dir='ltr' id='par_1_78' title="bbox 2180 3238 3741 3316">
     <span class='ocr_line' id='line_1_79' title="bbox 2180 3238 3741 3316; baseline 0 -23"><span class='ocrx_word' id='word_1_608' title='bbox 2180 3238 2341 3294; x_wconf 88' lang='lat' dir='ltr'>bolus</span> <span class='ocrx_word' id='word_1_609' title='bbox 2371 3256 2500 3294; x_wconf 80' lang='lat' dir='ltr'>cum</span> <span class='ocrx_word' id='word_1_610' title='bbox 2529 3240 2669 3296; x_wconf 90' lang='lat' dir='ltr'>falce</span> <span class='ocrx_word' id='word_1_611' title='bbox 2696 3248 2994 3313; x_wconf 60' lang='lat' dir='ltr'>prmacuta,</span> <span class='ocrx_word' id='word_1_612' title='bbox 3019 3244 3217 3300; x_wconf 89' lang='lat' dir='ltr'>volens</span> <span class='ocrx_word' id='word_1_613' title='bbox 3248 3261 3379 3299; x_wconf 90' lang='lat' dir='ltr'>eum</span> <span class='ocrx_word' id='word_1_614' title='bbox 3399 3241 3741 3316; x_wconf 76' lang='lat' dir='ltr'>percutem,et</span> 
     </span>
    </p>
   </div>
   <div class='ocr_carea' id='block_1_79' title="bbox 2178 3329 3738 3402">
    <p class='ocr_par' dir='ltr' id='par_1_79' title="bbox 2178 3329 3738 3402">
     <span class='ocr_line' id='line_1_80' title="bbox 2178 3329 3738 3402; baseline -0.001 -20"><span class='ocrx_word' id='word_1_615' title='bbox 2178 3344 2290 3383; x_wconf 90' lang='lat' dir='ltr'>non</span> <span class='ocrx_word' id='word_1_616' title='bbox 2317 3329 2540 3384; x_wconf 88' lang='lat' dir='ltr'>valebat</span> <span class='ocrx_word' id='word_1_617' title='bbox 2570 3332 2766 3399; x_wconf 69' lang='lat' dir='ltr'>(Ra/7.,</span> <span class='ocrx_word' id='word_1_618' title='bbox 2802 3336 2840 3387; x_wconf 84' lang='grc' dir='ltr'>ι.</span> <span class='ocrx_word' id='word_1_619' title='bbox 2872 3347 2930 3399; x_wconf 82' lang='grc' dir='ltr'>ιι,</span> <span class='ocrx_word' id='word_1_620' title='bbox 2966 3350 3023 3387; x_wconf 81' lang='lat' dir='ltr'>n;</span> <span class='ocrx_word' id='word_1_621' title='bbox 3053 3332 3163 3390; x_wconf 76' lang='grc'>124</span> <span class='ocrx_word' id='word_1_622' title='bbox 3202 3352 3217 3402; x_wconf 89' lang='lat'>;</span> <span class='ocrx_word' id='word_1_623' title='bbox 3253 3336 3460 3401; x_wconf 82' lang='lat' dir='ltr'>Pelag.,</span> <span class='ocrx_word' id='word_1_624' title='bbox 3491 3332 3641 3387; x_wconf 75' lang='lat' dir='ltr'>libelt.</span> <span class='ocrx_word' id='word_1_625' title='bbox 3667 3342 3738 3393; x_wconf 82' lang='lat' dir='ltr'>xv,</span> 
     </span>
    </p>
   </div>
   <div class='ocr_carea' id='block_1_80' title="bbox 2178 3416 3738 3493">
    <p class='ocr_par' dir='ltr' id='par_1_80' title="bbox 2178 3416 3738 3493">
     <span class='ocr_line' id='line_1_81' title="bbox 2178 3416 3738 3493; baseline 0.007 -21"><span class='ocrx_word' id='word_1_626' title='bbox 2178 3434 2237 3472; x_wconf 91' lang='lat' dir='ltr'>n.</span> <span class='ocrx_word' id='word_1_627' title='bbox 2256 3416 2366 3486; x_wconf 77' lang='lat'>26).</span> <span class='ocrx_word' id='word_1_628' title='bbox 2393 3419 2501 3483; x_wconf 91' lang='lat' dir='ltr'>Qui</span> <span class='ocrx_word' id='word_1_629' title='bbox 2521 3420 2856 3488; x_wconf 83' lang='lat' dir='ltr'>exclamans,</span> <span class='ocrx_word' id='word_1_630' title='bbox 2883 3421 2993 3475; x_wconf 89' lang='lat' dir='ltr'>ait:</span> <span class='ocrx_word' id='word_1_631' title='bbox 3015 3422 3285 3493; x_wconf 84' lang='lat' dir='ltr'>Magnam</span> <span class='ocrx_word' id='word_1_632' title='bbox 3310 3422 3423 3477; x_wconf 90' lang='lat' dir='ltr'>vim</span> <span class='ocrx_word' id='word_1_633' title='bbox 3441 3438 3476 3475; x_wconf 90' lang='lat' dir='ltr'>a</span> <span class='ocrx_word' id='word_1_634' title='bbox 3497 3426 3549 3475; x_wconf 87' lang='lat' dir='ltr'>te</span> <span class='ocrx_word' id='word_1_635' title='bbox 3566 3416 3738 3490; x_wconf 59' lang='lat' dir='ltr'>patior.</span> 
     </span>
    </p>
   </div>
   <div class='ocr_carea' id='block_1_81' title="bbox 2176 3506 3741 3582">
    <p class='ocr_par' dir='ltr' id='par_1_81' title="bbox 2176 3506 3741 3582">
     <span class='ocr_line' id='line_1_82' title="bbox 2176 3506 3741 3582; baseline -0.001 -20"><span class='ocrx_word' id='word_1_636' title='bbox 2176 3508 2406 3577; x_wconf 90' lang='lat' dir='ltr'>Macari,</span> <span class='ocrx_word' id='word_1_637' title='bbox 2449 3509 2546 3581; x_wconf 92' lang='lat' dir='ltr'>qui</span> <span class='ocrx_word' id='word_1_638' title='bbox 2574 3526 2701 3564; x_wconf 91' lang='lat' dir='ltr'>cum</span> <span class='ocrx_word' id='word_1_639' title='bbox 2729 3515 2788 3564; x_wconf 89' lang='lat' dir='ltr'>te</span> <span class='ocrx_word' id='word_1_640' title='bbox 2816 3510 2978 3582; x_wconf 93' lang='lat' dir='ltr'>cupio</span> <span class='ocrx_word' id='word_1_641' title='bbox 3017 3527 3248 3579; x_wconf 88' lang='lat' dir='ltr'>nocere,</span> <span class='ocrx_word' id='word_1_642' title='bbox 3282 3527 3397 3566; x_wconf 91' lang='lat' dir='ltr'>non</span> <span class='ocrx_word' id='word_1_643' title='bbox 3424 3510 3603 3575; x_wconf 88' lang='lat' dir='ltr'>valeo;</span> <span class='ocrx_word' id='word_1_644' title='bbox 3629 3506 3741 3560; x_wconf 86' lang='lat' dir='ltr'>dum</span> 
     </span>
    </p>
   </div>
   <div class='ocr_carea' id='block_1_82' title="bbox 2178 3598 3741 3673">
    <p class='ocr_par' dir='ltr' id='par_1_82' title="bbox 2178 3598 3741 3673">
     <span class='ocr_line' id='line_1_83' title="bbox 2178 3598 3741 3673; baseline -0.001 -21"><span class='ocrx_word' id='word_1_645' title='bbox 2178 3614 2523 3670; x_wconf 82' lang='lat' dir='ltr'>quaecunque</span> <span class='ocrx_word' id='word_1_646' title='bbox 2539 3603 2602 3654; x_wconf 91' lang='lat' dir='ltr'>tu</span> <span class='ocrx_word' id='word_1_647' title='bbox 2629 3598 2783 3667; x_wconf 85' lang='lat' dir='ltr'>facis,</span> <span class='ocrx_word' id='word_1_648' title='bbox 2813 3617 2916 3671; x_wconf 89' lang='lat' dir='ltr'>ego</span> <span class='ocrx_word' id='word_1_649' title='bbox 2939 3600 3122 3671; x_wconf 88' lang='lat' dir='ltr'>magis</span> <span class='ocrx_word' id='word_1_650' title='bbox 3148 3616 3503 3673; x_wconf 89' lang='lat' dir='ltr'>exsuperem.</span> <span class='ocrx_word' id='word_1_651' title='bbox 3532 3598 3609 3653; x_wconf 88' lang='lat' dir='ltr'>Tu</span> <span class='ocrx_word' id='word_1_652' title='bbox 3630 3609 3741 3665; x_wconf 80' lang='lat' dir='ltr'>ergo</span> 
     </span>
    </p>
   </div>
   <div class='ocr_carea' id='block_1_83' title="bbox 2179 3685 3741 3761">
    <p class='ocr_par' dir='ltr' id='par_1_83' title="bbox 2179 3685 3741 3761">
     <span class='ocr_line' id='line_1_84' title="bbox 2179 3685 3741 3761; baseline -0.004 -19"><span class='ocrx_word' id='word_1_653' title='bbox 2179 3687 2464 3742; x_wconf 90' lang='lat' dir='ltr'>interdum</span> <span class='ocrx_word' id='word_1_654' title='bbox 2489 3690 2737 3760; x_wconf 86' lang='lat' dir='ltr'>jejunas,</span> <span class='ocrx_word' id='word_1_655' title='bbox 2768 3706 2871 3760; x_wconf 88' lang='lat' dir='ltr'>ego</span> <span class='ocrx_word' id='word_1_656' title='bbox 2909 3693 3209 3761; x_wconf 88' lang='lat' dir='ltr'>nunquam</span> <span class='ocrx_word' id='word_1_657' title='bbox 3250 3690 3367 3744; x_wconf 91' lang='lat' dir='ltr'>ullo</span> <span class='ocrx_word' id='word_1_658' title='bbox 3394 3688 3514 3744; x_wconf 92' lang='lat' dir='ltr'>cibo</span> <span class='ocrx_word' id='word_1_659' title='bbox 3537 3685 3741 3742; x_wconf 80' lang='lat' dir='ltr'>reﬁcior.</span> 
     </span>
    </p>
   </div>
   <div class='ocr_carea' id='block_1_84' title="bbox 2178 3772 3740 3851">
    <p class='ocr_par' dir='ltr' id='par_1_84' title="bbox 2178 3772 3740 3851">
     <span class='ocr_line' id='line_1_85' title="bbox 2178 3772 3740 3851; baseline -0.002 -19"><span class='ocrx_word' id='word_1_660' title='bbox 2178 3777 2262 3832; x_wconf 92' lang='lat' dir='ltr'>Tu</span> <span class='ocrx_word' id='word_1_661' title='bbox 2291 3795 2435 3849; x_wconf 59' lang='lat' dir='ltr'>saepe</span> <span class='ocrx_word' id='word_1_662' title='bbox 2463 3778 2677 3849; x_wconf 88' lang='lat' dir='ltr'>vigilas,</span> <span class='ocrx_word' id='word_1_663' title='bbox 2706 3795 2797 3833; x_wconf 91' lang='lat' dir='ltr'>me</span> <span class='ocrx_word' id='word_1_664' title='bbox 2817 3795 2946 3833; x_wconf 90' lang='lat' dir='ltr'>vero</span> <span class='ocrx_word' id='word_1_665' title='bbox 2975 3795 3277 3851; x_wconf 85' lang='lat' dir='ltr'>nunquam</span> <span class='ocrx_word' id='word_1_666' title='bbox 3297 3795 3467 3851; x_wconf 90' lang='lat' dir='ltr'>sopor</span> <span class='ocrx_word' id='word_1_667' title='bbox 3484 3772 3740 3848; x_wconf 71' lang='lat' dir='ltr'>oppressit,</span> 
     </span>
    </p>
   </div>
   <div class='ocr_carea' id='block_1_85' title="bbox 2179 3866 3746 3940">
    <p class='ocr_par' dir='ltr' id='par_1_85' title="bbox 2179 3866 3746 3940">
     <span class='ocr_line' id='line_1_86' title="bbox 2179 3866 3746 3940; baseline -0.004 -17"><span class='ocrx_word' id='word_1_668' title='bbox 2179 3867 2278 3923; x_wconf 90' lang='lat' dir='ltr'>sed</span> <span class='ocrx_word' id='word_1_669' title='bbox 2289 3884 2403 3923; x_wconf 89' lang='lat' dir='ltr'>una</span> <span class='ocrx_word' id='word_1_670' title='bbox 2433 3884 2494 3922; x_wconf 89' lang='lat' dir='ltr'>re</span> <span class='ocrx_word' id='word_1_671' title='bbox 2516 3884 2606 3922; x_wconf 90' lang='lat' dir='ltr'>me</span> <span class='ocrx_word' id='word_1_672' title='bbox 2626 3868 2801 3923; x_wconf 91' lang='lat' dir='ltr'>vincis</span> <span class='ocrx_word' id='word_1_673' title='bbox 2820 3868 2959 3939; x_wconf 89' lang='lat' dir='ltr'>ipse,</span> <span class='ocrx_word' id='word_1_674' title='bbox 2978 3868 3183 3924; x_wconf 87' lang='lat' dir='ltr'>fateor.</span> <span class='ocrx_word' id='word_1_675' title='bbox 3210 3870 3471 3940; x_wconf 89' lang='lat' dir='ltr'>Cumque</span> <span class='ocrx_word' id='word_1_676' title='bbox 3488 3866 3556 3921; x_wconf 88' lang='lat' dir='ltr'>ab</span> <span class='ocrx_word' id='word_1_677' title='bbox 3572 3881 3630 3920; x_wconf 87' lang='lat' dir='ltr'>eo</span> <span class='ocrx_word' id='word_1_678' title='bbox 3645 3877 3746 3917; x_wconf 86' lang='lat' dir='ltr'>rem</span> 
     </span>
    </p>
   </div>
   <div class='ocr_carea' id='block_1_86' title="bbox 2177 3950 3743 4029">
    <p class='ocr_par' dir='ltr' id='par_1_86' title="bbox 2177 3950 3743 4029">
     <span class='ocr_line' id='line_1_87' title="bbox 2177 3950 3743 4029; baseline -0.001 -18"><span class='ocrx_word' id='word_1_679' title='bbox 2177 3956 2358 4028; x_wconf 90' lang='lat' dir='ltr'>ipsam</span> <span class='ocrx_word' id='word_1_680' title='bbox 2384 3957 2663 4012; x_wconf 88' lang='lat' dir='ltr'>Macarius</span> <span class='ocrx_word' id='word_1_681' title='bbox 2689 3957 3035 4029; x_wconf 85' lang='lat' dir='ltr'>requisisset,</span> <span class='ocrx_word' id='word_1_682' title='bbox 3062 3958 3182 4014; x_wconf 87' lang='lat' dir='ltr'>ait:</span> <span class='ocrx_word' id='word_1_683' title='bbox 3211 3958 3515 4014; x_wconf 84' lang='lat' dir='ltr'>Humilitas</span> <span class='ocrx_word' id='word_1_684' title='bbox 3540 3950 3743 4009; x_wconf 74' lang='lat' dir='ltr'>tuasola</span> 
     </span>
    </p>
   </div>
   <div class='ocr_carea' id='block_1_87' title="bbox 2178 4042 3745 4114">
    <p class='ocr_par' dir='ltr' id='par_1_87' title="bbox 2178 4042 3745 4114">
     <span class='ocr_line' id='line_1_88' title="bbox 2178 4042 3745 4114; baseline -0.003 -14"><span class='ocrx_word' id='word_1_685' title='bbox 2178 4063 2269 4100; x_wconf 91' lang='lat' dir='ltr'>me</span> <span class='ocrx_word' id='word_1_686' title='bbox 2296 4046 2483 4101; x_wconf 87' lang='lat' dir='ltr'>vincit.</span> <span class='ocrx_word' id='word_1_687' title='bbox 2513 4047 2642 4101; x_wconf 60' lang='lat' dir='ltr'>Hac</span> <span class='ocrx_word' id='word_1_688' title='bbox 2660 4046 2881 4102; x_wconf 90' lang='lat' dir='ltr'>dicente</span> <span class='ocrx_word' id='word_1_689' title='bbox 2901 4047 3150 4114; x_wconf 88' lang='lat' dir='ltr'>inimico,</span> <span class='ocrx_word' id='word_1_690' title='bbox 3174 4054 3236 4104; x_wconf 86' lang='lat' dir='ltr'>et</span> <span class='ocrx_word' id='word_1_691' title='bbox 3261 4046 3591 4103; x_wconf 83' lang='lat' dir='ltr'>extendente</span> <span class='ocrx_word' id='word_1_692' title='bbox 3606 4042 3745 4096; x_wconf 77' lang='lat' dir='ltr'>beato</span> 
     </span>
    </p>
   </div>
   <div class='ocr_carea' id='block_1_88' title="bbox 2180 4134 3749 4208">
    <p class='ocr_par' dir='ltr' id='par_1_88' title="bbox 2180 4134 3749 4208">
     <span class='ocr_line' id='line_1_89' title="bbox 2180 4134 3749 4208; baseline -0.004 -18"><span class='ocrx_word' id='word_1_693' title='bbox 2180 4135 2423 4190; x_wconf 88' lang='lat' dir='ltr'>Macario</span> <span class='ocrx_word' id='word_1_694' title='bbox 2451 4153 2653 4191; x_wconf 89' lang='lat' dir='ltr'>manus</span> <span class='ocrx_word' id='word_1_695' title='bbox 2681 4153 2812 4192; x_wconf 88' lang='lat' dir='ltr'>suas</span> <span class='ocrx_word' id='word_1_696' title='bbox 2832 4136 2905 4191; x_wconf 88' lang='lat' dir='ltr'>ad</span> <span class='ocrx_word' id='word_1_697' title='bbox 2923 4137 3269 4205; x_wconf 88' lang='lat' dir='ltr'>orationem,</span> <span class='ocrx_word' id='word_1_698' title='bbox 3294 4136 3525 4208; x_wconf 87' lang='lat' dir='ltr'>spiritus</span> <span class='ocrx_word' id='word_1_699' title='bbox 3543 4134 3749 4188; x_wconf 84' lang='lat' dir='ltr'>immun-</span> 
     </span>
    </p>
   </div>
   <div class='ocr_carea' id='block_1_89' title="bbox 2179 4224 2926 4280">
    <p class='ocr_par' dir='ltr' id='par_1_89' title="bbox 2179 4224 2926 4280">
     <span class='ocr_line' id='line_1_90' title="bbox 2179 4224 2926 4280; baseline 0.001 -2"><span class='ocrx_word' id='word_1_700' title='bbox 2179 4224 2285 4279; x_wconf 90' lang='lat' dir='ltr'>dus</span> <span class='ocrx_word' id='word_1_701' title='bbox 2314 4225 2464 4279; x_wconf 86' lang='lat' dir='ltr'>inter</span> <span class='ocrx_word' id='word_1_702' title='bbox 2491 4241 2658 4280; x_wconf 88' lang='lat' dir='ltr'>auras</span> <span class='ocrx_word' id='word_1_703' title='bbox 2682 4225 2926 4280; x_wconf 88' lang='lat' dir='ltr'>evanuit.</span> 
     </span>
    </p>
   </div>
   <div class='ocr_carea' id='block_1_90' title="bbox 2252 4307 3751 4379">
    <p class='ocr_par' dir='ltr' id='par_1_90' title="bbox 2252 4307 3751 4379">
     <span class='ocr_line' id='line_1_91' title="bbox 2252 4307 3751 4379; baseline -0.005 -11"><span class='ocrx_word' id='word_1_704' title='bbox 2252 4315 2304 4368; x_wconf 92' lang='lat'>7.</span> <span class='ocrx_word' id='word_1_705' title='bbox 2337 4314 2578 4379; x_wconf 89' lang='lat' dir='ltr'>Quidam</span> <span class='ocrx_word' id='word_1_706' title='bbox 2608 4331 2673 4369; x_wconf 91' lang='lat' dir='ltr'>ex</span> <span class='ocrx_word' id='word_1_707' title='bbox 2694 4314 2952 4369; x_wconf 82' lang='lat' dir='ltr'>Patribus</span> <span class='ocrx_word' id='word_1_708' title='bbox 2979 4314 3206 4370; x_wconf 87' lang='lat' dir='ltr'>dicebat</span> <span class='ocrx_word' id='word_1_709' title='bbox 3231 4331 3246 4371; x_wconf 90' lang='lat'>:</span> <span class='ocrx_word' id='word_1_710' title='bbox 3271 4315 3473 4371; x_wconf 88' lang='lat' dir='ltr'>Omnis</span> <span class='ocrx_word' id='word_1_711' title='bbox 3491 4310 3637 4366; x_wconf 84' lang='lat' dir='ltr'>labor</span> <span class='ocrx_word' id='word_1_712' title='bbox 3651 4307 3751 4362; x_wconf 81' lang='lat' dir='ltr'>sine</span> 
     </span>
    </p>
   </div>
   <div class='ocr_carea' id='block_1_91' title="bbox 499 4397 3755 4478">
    <p class='ocr_par' dir='ltr' id='par_1_91' title="bbox 499 4397 3755 4478">
     <span class='ocr_line' id='line_1_92' title="bbox 499 4397 3755 4478; baseline -0.004 -14"><span class='ocrx_word' id='word_1_713' title='bbox 499 4411 570 4464; x_wconf 88' lang='lat' dir='ltr'>ad</span> <span class='ocrx_word' id='word_1_714' title='bbox 599 4414 674 4476; x_wconf 92' lang='lat' dir='ltr'>te,</span> <span class='ocrx_word' id='word_1_715' title='bbox 722 4407 977 4463; x_wconf 90' lang='lat' dir='ltr'>benedici</span> <span class='ocrx_word' id='word_1_716' title='bbox 1013 4406 1243 4478; x_wconf 88' lang='lat' dir='ltr'>cupiens</span> <span class='ocrx_word' id='word_1_717' title='bbox 1270 4423 1305 4461; x_wconf 89' lang='lat' dir='ltr'>a</span> <span class='ocrx_word' id='word_1_718' title='bbox 1345 4410 1401 4459; x_wconf 93' lang='lat' dir='ltr'>te</span> <span class='ocrx_word' id='word_1_719' title='bbox 1426 4408 1648 4475; x_wconf 84' lang='lat' dir='ltr'>(Pelag.,</span> <span class='ocrx_word' id='word_1_720' title='bbox 1686 4408 1856 4474; x_wconf 77' lang='lat' dir='ltr'>libell,</span> <span class='ocrx_word' id='word_1_721' title='bbox 1880 4421 1993 4472; x_wconf 88' lang='lat' dir='ltr'>vm,</span> <span class='ocrx_word' id='word_1_722' title='bbox 2028 4422 2083 4460; x_wconf 78' lang='grc' dir='ltr'>η.</span> <span class='ocrx_word' id='word_1_723' title='bbox 2106 4407 2157 4467; x_wconf 84' lang='grc'>1)</span> <span class='ocrx_word' id='word_1_724' title='bbox 2179 4402 2499 4458; x_wconf 91' lang='lat' dir='ltr'>humilitate</span> <span class='ocrx_word' id='word_1_725' title='bbox 2527 4419 2705 4458; x_wconf 86' lang='lat' dir='ltr'>vanus</span> <span class='ocrx_word' id='word_1_726' title='bbox 2729 4409 2814 4458; x_wconf 90' lang='lat' dir='ltr'>est</span> <span class='ocrx_word' id='word_1_727' title='bbox 2846 4406 3027 4471; x_wconf 66' lang='lat' dir='ltr'>(Ra/)1,</span> <span class='ocrx_word' id='word_1_728' title='bbox 3052 4405 3092 4457; x_wconf 86' lang='grc' dir='ltr'>ι.</span> <span class='ocrx_word' id='word_1_729' title='bbox 3114 4419 3207 4472; x_wconf 80' lang='lat' dir='ltr'>m,</span> <span class='ocrx_word' id='word_1_730' title='bbox 3244 4420 3307 4459; x_wconf 80' lang='grc' dir='ltr'>η.</span> <span class='ocrx_word' id='word_1_731' title='bbox 3334 4397 3755 4474; x_wconf 70' lang='lat' dir='ltr'>126).llumilitas</span> 
     </span>
    </p>
   </div>
   <div class='ocr_carea' id='block_1_92' title="bbox 499 4494 2090 4567">
    <p class='ocr_par' dir='ltr' id='par_1_92' title="bbox 499 4494 2090 4567">
     <span class='ocr_line' id='line_1_93' title="bbox 499 4494 2090 4567; baseline -0.004 -12"><span class='ocrx_word' id='word_1_732' title='bbox 499 4499 588 4567; x_wconf 88' lang='grc'>18,</span> <span class='ocrx_word' id='word_1_733' title='bbox 612 4501 835 4552; x_wconf 82' lang='lat' dir='ltr'>nomine</span> <span class='ocrx_word' id='word_1_734' title='bbox 867 4494 1153 4566; x_wconf 75' lang='lat' dir='ltr'>Simonis).</span> <span class='ocrx_word' id='word_1_735' title='bbox 1186 4496 1287 4550; x_wconf 90' lang='lat' dir='ltr'>Ille</span> <span class='ocrx_word' id='word_1_736' title='bbox 1311 4500 1501 4549; x_wconf 89' lang='lat' dir='ltr'>autem</span> <span class='ocrx_word' id='word_1_737' title='bbox 1532 4495 1670 4549; x_wconf 84' lang='lat' dir='ltr'>dixit</span> <span class='ocrx_word' id='word_1_738' title='bbox 1703 4514 1715 4549; x_wconf 90' lang='lat'>:</span> <span class='ocrx_word' id='word_1_739' title='bbox 1753 4496 1841 4550; x_wconf 91' lang='lat' dir='ltr'>Ita</span> <span class='ocrx_word' id='word_1_740' title='bbox 1868 4495 2090 4563; x_wconf 84' lang='lat' dir='ltr'>faciam,</span> 
     </span>
    </p>
   </div>
   <div class='ocr_carea' id='block_1_93' title="bbox 498 4584 2091 4660">
    <p class='ocr_par' dir='ltr' id='par_1_93' title="bbox 498 4584 2091 4660">
     <span class='ocr_line' id='line_1_94' title="bbox 498 4584 2091 4660; baseline -0.003 -17"><span class='ocrx_word' id='word_1_741' title='bbox 498 4605 602 4659; x_wconf 88' lang='lat' dir='ltr'>ego</span> <span class='ocrx_word' id='word_1_742' title='bbox 628 4585 954 4660; x_wconf 67' lang='lat' dir='ltr'>praeparabo</span> <span class='ocrx_word' id='word_1_743' title='bbox 984 4602 1094 4639; x_wconf 89' lang='lat' dir='ltr'>me.</span> <span class='ocrx_word' id='word_1_744' title='bbox 1123 4584 1375 4639; x_wconf 85' lang='lat' dir='ltr'>Vestitus</span> <span class='ocrx_word' id='word_1_745' title='bbox 1414 4601 1548 4655; x_wconf 90' lang='lat' dir='ltr'>ergo</span> <span class='ocrx_word' id='word_1_746' title='bbox 1576 4584 1832 4639; x_wconf 89' lang='lat' dir='ltr'>lebetone</span> <span class='ocrx_word' id='word_1_747' title='bbox 1863 4585 1933 4655; x_wconf 83' lang='lat'>(1)</span> <span class='ocrx_word' id='word_1_748' title='bbox 1968 4602 2091 4652; x_wconf 90' lang='lat' dir='ltr'>suo,</span> 
     </span>
    </p>
   </div>
   <div class='ocr_carea' id='block_1_94' title="bbox 497 4673 2098 4749">
    <p class='ocr_par' dir='ltr' id='par_1_94' title="bbox 497 4673 2098 4749">
     <span class='ocr_line' id='line_1_95' title="bbox 497 4673 2098 4749; baseline -0.003 -16"><span class='ocrx_word' id='word_1_749' title='bbox 497 4684 556 4733; x_wconf 88' lang='lat' dir='ltr'>et</span> <span class='ocrx_word' id='word_1_750' title='bbox 583 4679 786 4733; x_wconf 90' lang='lat' dir='ltr'>tollens</span> <span class='ocrx_word' id='word_1_751' title='bbox 814 4692 1019 4749; x_wconf 90' lang='lat' dir='ltr'>panem</span> <span class='ocrx_word' id='word_1_752' title='bbox 1047 4680 1105 4729; x_wconf 89' lang='lat' dir='ltr'>et</span> <span class='ocrx_word' id='word_1_753' title='bbox 1138 4690 1367 4729; x_wconf 87' lang='lat' dir='ltr'>caseum</span> <span class='ocrx_word' id='word_1_754' title='bbox 1397 4674 1457 4727; x_wconf 90' lang='lat' dir='ltr'>in</span> <span class='ocrx_word' id='word_1_755' title='bbox 1496 4673 1773 4741; x_wconf 89' lang='lat' dir='ltr'>manibus,</span> <span class='ocrx_word' id='word_1_756' title='bbox 1806 4674 2098 4729; x_wconf 86' lang='lat' dir='ltr'>adscendit</span> 
     </span>
    </p>
   </div>
   <div class='ocr_carea' id='block_1_95' title="bbox 495 4763 2095 4839">
    <p class='ocr_par' dir='ltr' id='par_1_95' title="bbox 495 4763 2095 4839">
     <span class='ocr_line' id='line_1_96' title="bbox 495 4763 2095 4839; baseline -0.003 -16"><span class='ocrx_word' id='word_1_757' title='bbox 495 4767 555 4822; x_wconf 91' lang='lat' dir='ltr'>in</span> <span class='ocrx_word' id='word_1_758' title='bbox 574 4772 815 4839; x_wconf 88' lang='lat' dir='ltr'>portam,</span> <span class='ocrx_word' id='word_1_759' title='bbox 833 4771 890 4821; x_wconf 91' lang='lat' dir='ltr'>et</span> <span class='ocrx_word' id='word_1_760' title='bbox 907 4763 1228 4820; x_wconf 85' lang='lat' dir='ltr'>divaricatis</span> <span class='ocrx_word' id='word_1_761' title='bbox 1247 4763 1482 4836; x_wconf 87' lang='lat' dir='ltr'>pedibus</span> <span class='ocrx_word' id='word_1_762' title='bbox 1501 4763 1721 4830; x_wconf 89' lang='lat' dir='ltr'>sedens,</span> <span class='ocrx_word' id='word_1_763' title='bbox 1742 4763 1911 4834; x_wconf 88' lang='lat' dir='ltr'>coepit</span> <span class='ocrx_word' id='word_1_764' title='bbox 1940 4780 2095 4818; x_wconf 84' lang='lat' dir='ltr'>man-</span> 
     </span>
    </p>
   </div>
   <div class='ocr_carea' id='block_1_96' title="bbox 497 4852 2095 4923">
    <p class='ocr_par' dir='ltr' id='par_1_96' title="bbox 497 4852 2095 4923">
     <span class='ocr_line' id='line_1_97' title="bbox 497 4852 2095 4923; baseline -0.002 -13"><span class='ocrx_word' id='word_1_765' title='bbox 497 4855 1004 4911; x_wconf 71' lang='lat' dir='ltr'>ducare..Veniens</span> <span class='ocrx_word' id='word_1_766' title='bbox 1049 4859 1241 4909; x_wconf 88' lang='lat' dir='ltr'>autem</span> <span class='ocrx_word' id='word_1_767' title='bbox 1286 4869 1414 4907; x_wconf 90' lang='lat' dir='ltr'>cum</span> <span class='ocrx_word' id='word_1_768' title='bbox 1466 4852 1647 4906; x_wconf 84' lang='lat' dir='ltr'>ofﬁcio</span> <span class='ocrx_word' id='word_1_769' title='bbox 1678 4869 1780 4907; x_wconf 89' lang='lat' dir='ltr'>suo</span> <span class='ocrx_word' id='word_1_770' title='bbox 1812 4853 2005 4923; x_wconf 89' lang='lat' dir='ltr'>judex,</span> <span class='ocrx_word' id='word_1_771' title='bbox 2038 4858 2095 4907; x_wconf 88' lang='lat' dir='ltr'>et</span> 
     </span>
    </p>
   </div>
   <div class='ocr_carea' id='block_1_97' title="bbox 494 4941 2095 5012">
    <p class='ocr_par' dir='ltr' id='par_1_97' title="bbox 494 4941 2095 5012">
     <span class='ocr_line' id='line_1_98' title="bbox 494 4941 2095 5012; baseline -0.002 -14"><span class='ocrx_word' id='word_1_772' title='bbox 494 4944 689 5000; x_wconf 88' lang='lat' dir='ltr'>videns</span> <span class='ocrx_word' id='word_1_773' title='bbox 718 4962 868 5011; x_wconf 91' lang='lat' dir='ltr'>eum,</span> <span class='ocrx_word' id='word_1_774' title='bbox 900 4944 1040 4999; x_wconf 87' lang='lat' dir='ltr'>dixit</span> <span class='ocrx_word' id='word_1_775' title='bbox 1072 4963 1083 4998; x_wconf 91' lang='lat'>:</span> <span class='ocrx_word' id='word_1_776' title='bbox 1112 4944 1227 4998; x_wconf 90' lang='lat' dir='ltr'>Iste</span> <span class='ocrx_word' id='word_1_777' title='bbox 1251 4947 1339 4996; x_wconf 91' lang='lat' dir='ltr'>est</span> <span class='ocrx_word' id='word_1_778' title='bbox 1363 4942 1701 4996; x_wconf 87' lang='lat' dir='ltr'>anachoreta</span> <span class='ocrx_word' id='word_1_779' title='bbox 1727 4942 1797 4996; x_wconf 90' lang='lat' dir='ltr'>de</span> <span class='ocrx_word' id='word_1_780' title='bbox 1817 4957 1927 5012; x_wconf 93' lang='lat' dir='ltr'>quo</span> <span class='ocrx_word' id='word_1_781' title='bbox 1956 4941 2095 4996; x_wconf 88' lang='lat' dir='ltr'>talia</span> 
     </span>
    </p>
   </div>
   <div class='ocr_carea' id='block_1_98' title="bbox 498 5030 1982 5099">
    <p class='ocr_par' dir='ltr' id='par_1_98' title="bbox 498 5030 1982 5099">
     <span class='ocr_line' id='line_1_99' title="bbox 498 5030 1982 5099; baseline -0.003 -11"><span class='ocrx_word' id='word_1_782' title='bbox 498 5033 901 5090; x_wconf 81' lang='lat' dir='ltr'>audiebamus?</span> <span class='ocrx_word' id='word_1_783' title='bbox 930 5034 999 5089; x_wconf 91' lang='lat' dir='ltr'>Et</span> <span class='ocrx_word' id='word_1_784' title='bbox 1034 5038 1399 5088; x_wconf 89' lang='lat' dir='ltr'>contemnens</span> <span class='ocrx_word' id='word_1_785' title='bbox 1428 5047 1579 5099; x_wconf 90' lang='lat' dir='ltr'>eum,</span> <span class='ocrx_word' id='word_1_786' title='bbox 1602 5031 1683 5085; x_wconf 90' lang='lat' dir='ltr'>ita</span> <span class='ocrx_word' id='word_1_787' title='bbox 1710 5030 1982 5087; x_wconf 86' lang='lat' dir='ltr'>discessit.</span> 
     </span>
    </p>
   </div>
   <div class='ocr_carea' id='block_1_99' title="bbox 1073 5158 1499 5217">
    <p class='ocr_par' dir='ltr' id='par_1_99' title="bbox 1073 5158 1499 5217">
     <span class='ocr_line' id='line_1_100' title="bbox 1073 5158 1499 5217; baseline -0.007 -1"><span class='ocrx_word' id='word_1_788' title='bbox 1073 5160 1317 5216; x_wconf 89' lang='lat' dir='ltr'>CAPUT</span> <span class='ocrx_word' id='word_1_789' title='bbox 1343 5158 1499 5217; x_wconf 84' lang='lat' dir='ltr'>XIII.</span> 
     </span>
    </p>
   </div>
   <div class='ocr_carea' id='block_1_100' title="bbox 883 5286 1691 5356">
    <p class='ocr_par' dir='ltr' id='par_1_100' title="bbox 883 5286 1691 5356">
     <span class='ocr_line' id='line_1_101' title="bbox 883 5286 1691 5356; baseline 0 -15"><span class='ocrx_word' id='word_1_790' title='bbox 883 5286 1085 5341; x_wconf 79' lang='lat' dir='ltr'>Contra</span> <span class='ocrx_word' id='word_1_791' title='bbox 1116 5289 1381 5356; x_wconf 74' lang='lat' dir='ltr'>spiritum</span> <span class='ocrx_word' id='word_1_792' title='bbox 1409 5287 1691 5356; x_wconf 59' lang='lat' dir='ltr'>superbis.</span> 
     </span>
    </p>
   </div>
   <div class='ocr_carea' id='block_1_101' title="bbox 567 5392 2086 5465">
    <p class='ocr_par' dir='ltr' id='par_1_101' title="bbox 567 5392 2086 5465">
     <span class='ocr_line' id='line_1_102' title="bbox 567 5392 2086 5465; baseline -0.004 -13"><span class='ocrx_word' id='word_1_793' title='bbox 567 5394 617 5454; x_wconf 86' lang='lat'>1.</span> <span class='ocrx_word' id='word_1_794' title='bbox 641 5393 884 5462; x_wconf 88' lang='lat' dir='ltr'>Quidam</span> <span class='ocrx_word' id='word_1_795' title='bbox 905 5410 1073 5450; x_wconf 89' lang='lat' dir='ltr'>senex</span> <span class='ocrx_word' id='word_1_796' title='bbox 1092 5393 1258 5449; x_wconf 87' lang='lat' dir='ltr'>dixit:</span> <span class='ocrx_word' id='word_1_797' title='bbox 1283 5394 1390 5459; x_wconf 91' lang='lat' dir='ltr'>Qui</span> <span class='ocrx_word' id='word_1_798' title='bbox 1411 5393 1481 5449; x_wconf 90' lang='lat' dir='ltr'>ab</span> <span class='ocrx_word' id='word_1_799' title='bbox 1497 5392 1819 5449; x_wconf 90' lang='lat' dir='ltr'>hominibus</span> <span class='ocrx_word' id='word_1_800' title='bbox 1845 5392 2086 5465; x_wconf 91' lang='lat' dir='ltr'>amplius</span> 
     </span>
    </p>
   </div>
   <div class='ocr_carea' id='block_1_102' title="bbox 2177 4491 3755 4563">
    <p class='ocr_par' dir='ltr' id='par_1_102' title="bbox 2177 4491 3755 4563">
     <span class='ocr_line' id='line_1_103' title="bbox 2177 4491 3755 4563; baseline -0.002 -18"><span class='ocrx_word' id='word_1_801' title='bbox 2177 4491 2325 4546; x_wconf 88' lang='lat' dir='ltr'>enim</span> <span class='ocrx_word' id='word_1_802' title='bbox 2338 4509 2650 4563; x_wconf 64' lang='lat' dir='ltr'>praecursor</span> <span class='ocrx_word' id='word_1_803' title='bbox 2670 4501 2755 4547; x_wconf 88' lang='lat' dir='ltr'>est</span> <span class='ocrx_word' id='word_1_804' title='bbox 2775 4492 3068 4547; x_wconf 85' lang='lat' dir='ltr'>charitatis</span> <span class='ocrx_word' id='word_1_805' title='bbox 3085 4494 3275 4548; x_wconf 91' lang='lat' dir='ltr'>.Sicut</span> <span class='ocrx_word' id='word_1_806' title='bbox 3293 4495 3538 4549; x_wconf 86' lang='lat' dir='ltr'>Joannes</span> <span class='ocrx_word' id='word_1_807' title='bbox 3550 4500 3755 4560; x_wconf 65' lang='lat' dir='ltr'>praeur-</span> 
     </span>
    </p>
   </div>
   <div class='ocr_carea' id='block_1_103' title="bbox 2177 4576 3759 4649">
    <p class='ocr_par' dir='ltr' id='par_1_103' title="bbox 2177 4576 3759 4649">
     <span class='ocr_line' id='line_1_104' title="bbox 2177 4576 3759 4649; baseline -0.006 -14"><span class='ocrx_word' id='word_1_808' title='bbox 2177 4598 2270 4635; x_wconf 91' lang='lat' dir='ltr'>sor</span> <span class='ocrx_word' id='word_1_809' title='bbox 2297 4588 2420 4637; x_wconf 87' lang='lat' dir='ltr'>erat</span> <span class='ocrx_word' id='word_1_810' title='bbox 2445 4584 2474 4637; x_wconf 87' lang='lat' dir='ltr'><strong>J</strong></span> <span class='ocrx_word' id='word_1_811' title='bbox 2480 4599 2598 4648; x_wconf 92' lang='lat' dir='ltr'>esu,</span> <span class='ocrx_word' id='word_1_812' title='bbox 2614 4599 2808 4637; x_wconf 89' lang='lat' dir='ltr'>omnes</span> <span class='ocrx_word' id='word_1_813' title='bbox 2836 4582 3068 4637; x_wconf 89' lang='lat' dir='ltr'>trahens</span> <span class='ocrx_word' id='word_1_814' title='bbox 3093 4588 3228 4649; x_wconf 58' lang='grc' dir='ltr'>σε</span> <span class='ocrx_word' id='word_1_815' title='bbox 3248 4588 3292 4648; x_wconf 84' lang='grc' dir='ltr'>ι</span> <span class='ocrx_word' id='word_1_816' title='bbox 3332 4582 3407 4636; x_wconf 86' lang='lat' dir='ltr'>ad</span> <span class='ocrx_word' id='word_1_817' title='bbox 3432 4596 3559 4636; x_wconf 90' lang='lat' dir='ltr'>eum</span> <span class='ocrx_word' id='word_1_818' title='bbox 3582 4595 3595 4632; x_wconf 90' lang='lat'>:</span> <span class='ocrx_word' id='word_1_819' title='bbox 3617 4576 3689 4630; x_wconf 83' lang='lat' dir='ltr'>ita</span> <span class='ocrx_word' id='word_1_820' title='bbox 3711 4576 3759 4626; x_wconf 85' lang='lat' dir='ltr'>et</span> 
     </span>
    </p>
   </div>
   <div class='ocr_carea' id='block_1_104' title="bbox 2176 4667 3756 4739">
    <p class='ocr_par' dir='ltr' id='par_1_104' title="bbox 2176 4667 3756 4739">
     <span class='ocr_line' id='line_1_105' title="bbox 2176 4667 3756 4739; baseline 0.001 -15"><span class='ocrx_word' id='word_1_821' title='bbox 2176 4671 2468 4726; x_wconf 88' lang='lat' dir='ltr'>humilitas</span> <span class='ocrx_word' id='word_1_822' title='bbox 2497 4672 2733 4727; x_wconf 86' lang='lat' dir='ltr'>attrahit</span> <span class='ocrx_word' id='word_1_823' title='bbox 2768 4672 2840 4725; x_wconf 90' lang='lat' dir='ltr'>ad</span> <span class='ocrx_word' id='word_1_824' title='bbox 2869 4672 3235 4739; x_wconf 84' lang='lat' dir='ltr'>charitatem,</span> <span class='ocrx_word' id='word_1_825' title='bbox 3269 4672 3330 4727; x_wconf 91' lang='lat' dir='ltr'>id</span> <span class='ocrx_word' id='word_1_826' title='bbox 3362 4676 3470 4737; x_wconf 88' lang='lat' dir='ltr'>est,</span> <span class='ocrx_word' id='word_1_827' title='bbox 3502 4668 3571 4723; x_wconf 81' lang='lat' dir='ltr'>ad</span> <span class='ocrx_word' id='word_1_828' title='bbox 3597 4667 3756 4737; x_wconf 73' lang='lat' dir='ltr'>ipsum</span> 
     </span>
    </p>
   </div>
   <div class='ocr_carea' id='block_1_105' title="bbox 2175 4760 3122 4832">
    <p class='ocr_par' dir='ltr' id='par_1_105' title="bbox 2175 4760 3122 4832">
     <span class='ocr_line' id='line_1_106' title="bbox 2175 4760 3122 4832; baseline 0.004 -17"><span class='ocrx_word' id='word_1_829' title='bbox 2175 4761 2374 4828; x_wconf 89' lang='lat' dir='ltr'>Deum,</span> <span class='ocrx_word' id='word_1_830' title='bbox 2403 4761 2535 4832; x_wconf 89' lang='lat' dir='ltr'>quia</span> <span class='ocrx_word' id='word_1_831' title='bbox 2553 4762 2701 4817; x_wconf 88' lang='lat' dir='ltr'>Deus</span> <span class='ocrx_word' id='word_1_832' title='bbox 2738 4760 2982 4817; x_wconf 86' lang='lat' dir='ltr'>charitas</span> <span class='ocrx_word' id='word_1_833' title='bbox 3018 4767 3122 4819; x_wconf 88' lang='lat' dir='ltr'>est.</span> 
     </span>
    </p>
   </div>
   <div class='ocr_carea' id='block_1_106' title="bbox 2246 4843 3759 4922">
    <p class='ocr_par' dir='ltr' id='par_1_106' title="bbox 2246 4843 3759 4922">
     <span class='ocr_line' id='line_1_107' title="bbox 2246 4843 3759 4922; baseline -0.007 -16"><span class='ocrx_word' id='word_1_834' title='bbox 2246 4851 2297 4906; x_wconf 92' lang='lat'>8.</span> <span class='ocrx_word' id='word_1_835' title='bbox 2329 4850 2570 4914; x_wconf 91' lang='lat' dir='ltr'>Quidam</span> <span class='ocrx_word' id='word_1_836' title='bbox 2597 4851 2771 4906; x_wconf 88' lang='lat' dir='ltr'>frater</span> <span class='ocrx_word' id='word_1_837' title='bbox 2790 4850 3082 4922; x_wconf 89' lang='lat' dir='ltr'>requisivit</span> <span class='ocrx_word' id='word_1_838' title='bbox 3110 4868 3150 4905; x_wconf 89' lang='lat' dir='ltr'>a</span> <span class='ocrx_word' id='word_1_839' title='bbox 3179 4867 3324 4907; x_wconf 89' lang='lat' dir='ltr'>sene</span> <span class='ocrx_word' id='word_1_840' title='bbox 3349 4870 3363 4905; x_wconf 91' lang='lat'>:</span> <span class='ocrx_word' id='word_1_841' title='bbox 3397 4848 3542 4914; x_wconf 90' lang='lat' dir='ltr'>Quid</span> <span class='ocrx_word' id='word_1_842' title='bbox 3569 4850 3649 4900; x_wconf 88' lang='lat' dir='ltr'>est</span> <span class='ocrx_word' id='word_1_843' title='bbox 3670 4843 3759 4896; x_wconf 90' lang='lat' dir='ltr'>hu-</span> 
     </span>
    </p>
   </div>
   <div class='ocr_carea' id='block_1_107' title="bbox 2176 4940 3757 5008">
    <p class='ocr_par' dir='ltr' id='par_1_107' title="bbox 2176 4940 3757 5008">
     <span class='ocr_line' id='line_1_108' title="bbox 2176 4940 3757 5008; baseline -0.004 -15"><span class='ocrx_word' id='word_1_844' title='bbox 2176 4940 2428 4995; x_wconf 81' lang='lat' dir='ltr'>militas?</span> <span class='ocrx_word' id='word_1_845' title='bbox 2457 4941 2561 4995; x_wconf 91' lang='lat' dir='ltr'>Cui</span> <span class='ocrx_word' id='word_1_846' title='bbox 2584 4958 2750 4996; x_wconf 89' lang='lat' dir='ltr'>senex</span> <span class='ocrx_word' id='word_1_847' title='bbox 2782 4958 2793 4992; x_wconf 91' lang='lat'>:</span> <span class='ocrx_word' id='word_1_848' title='bbox 2821 4940 3110 4996; x_wconf 60' lang='lat' dir='ltr'>Arbor‘est</span> <span class='ocrx_word' id='word_1_849' title='bbox 3134 4941 3291 5008; x_wconf 70' lang='lat' dir='ltr'>vitae,</span> <span class='ocrx_word' id='word_1_850' title='bbox 3308 4941 3372 4996; x_wconf 88' lang='lat' dir='ltr'>in</span> <span class='ocrx_word' id='word_1_851' title='bbox 3392 4940 3568 4995; x_wconf 88' lang='lat' dir='ltr'>altum</span> <span class='ocrx_word' id='word_1_852' title='bbox 3590 4945 3757 4989; x_wconf 81' lang='lat' dir='ltr'>excre-</span> 
     </span>
    </p>
   </div>
   <div class='ocr_carea' id='block_1_108' title="bbox 2175 5030 3578 5102">
    <p class='ocr_par' dir='ltr' id='par_1_108' title="bbox 2175 5030 3578 5102">
     <span class='ocr_line' id='line_1_109' title="bbox 2175 5030 3578 5102; baseline -0.004 -18"><span class='ocrx_word' id='word_1_853' title='bbox 2175 5046 2337 5085; x_wconf 88' lang='lat' dir='ltr'>scens</span> <span class='ocrx_word' id='word_1_854' title='bbox 2357 5030 2586 5102; x_wconf 81' lang='lat' dir='ltr'>(Petag.,</span> <span class='ocrx_word' id='word_1_855' title='bbox 2618 5033 2786 5085; x_wconf 84' lang='lat' dir='ltr'>libetl.</span> <span class='ocrx_word' id='word_1_856' title='bbox 2814 5048 2901 5097; x_wconf 89' lang='lat' dir='ltr'>xv,</span> <span class='ocrx_word' id='word_1_857' title='bbox 2934 5034 3169 5085; x_wconf 83' lang='lat' dir='ltr'>nomine</span> <span class='ocrx_word' id='word_1_858' title='bbox 3195 5030 3578 5100; x_wconf 77' lang='lat' dir='ltr'>Ilyperochiil.</span> 
     </span>
    </p>
   </div>
   <div class='ocr_carea' id='block_1_109' title="bbox 2244 5106 3757 5191">
    <p class='ocr_par' dir='ltr' id='par_1_109' title="bbox 2244 5106 3757 5191">
     <span class='ocr_line' id='line_1_110' title="bbox 2244 5106 3757 5191; baseline -0.005 -16"><span class='ocrx_word' id='word_1_859' title='bbox 2244 5119 2297 5175; x_wconf 92' lang='lat'>9.</span> <span class='ocrx_word' id='word_1_860' title='bbox 2330 5120 2474 5175; x_wconf 91' lang='lat' dir='ltr'>Item</span> <span class='ocrx_word' id='word_1_861' title='bbox 2500 5119 2673 5175; x_wconf 87' lang='lat' dir='ltr'>dixit:</span> <span class='ocrx_word' id='word_1_862' title='bbox 2694 5121 2885 5187; x_wconf 88' lang='lat' dir='ltr'>Terra,</span> <span class='ocrx_word' id='word_1_863' title='bbox 2909 5118 2968 5174; x_wconf 92' lang='lat' dir='ltr'>in</span> <span class='ocrx_word' id='word_1_864' title='bbox 2998 5136 3109 5191; x_wconf 88' lang='lat' dir='ltr'>qua</span> <span class='ocrx_word' id='word_1_865' title='bbox 3133 5120 3297 5175; x_wconf 88' lang='lat' dir='ltr'>Deus</span> <span class='ocrx_word' id='word_1_866' title='bbox 3322 5119 3468 5174; x_wconf 86' lang='lat' dir='ltr'>dixit</span> <span class='ocrx_word' id='word_1_867' title='bbox 3492 5115 3597 5172; x_wconf 87' lang='lat' dir='ltr'>sibi</span> <span class='ocrx_word' id='word_1_868' title='bbox 3614 5106 3757 5168; x_wconf 53' lang='lat' dir='ltr'>sacri:</span> 
     </span>
    </p>
   </div>
   <div class='ocr_carea' id='block_1_110' title="bbox 2171 5195 3756 5279">
    <p class='ocr_par' dir='ltr' id='par_1_110' title="bbox 2171 5195 3756 5279">
     <span class='ocr_line' id='line_1_111' title="bbox 2171 5195 3756 5279; baseline -0.008 -14"><span class='ocrx_word' id='word_1_869' title='bbox 2171 5209 2359 5266; x_wconf 85' lang='lat' dir='ltr'>ﬁcium</span> <span class='ocrx_word' id='word_1_870' title='bbox 2386 5211 2606 5277; x_wconf 80' lang='lat' dir='ltr'>offerre,</span> <span class='ocrx_word' id='word_1_871' title='bbox 2629 5208 2919 5265; x_wconf 88' lang='lat' dir='ltr'>humilitas</span> <span class='ocrx_word' id='word_1_872' title='bbox 2949 5215 3035 5264; x_wconf 88' lang='lat' dir='ltr'>est</span> <span class='ocrx_word' id='word_1_873' title='bbox 3053 5211 3294 5279; x_wconf 80' lang='lat' dir='ltr'>(Pelag.,</span> <span class='ocrx_word' id='word_1_874' title='bbox 3329 5211 3505 5264; x_wconf 78' lang='lat' dir='ltr'>h&#39;belt.</span> <span class='ocrx_word' id='word_1_875' title='bbox 3523 5223 3606 5272; x_wconf 85' lang='lat' dir='ltr'>xv,</span> <span class='ocrx_word' id='word_1_876' title='bbox 3630 5220 3681 5257; x_wconf 77' lang='grc' dir='ltr'>η.</span> <span class='ocrx_word' id='word_1_877' title='bbox 3701 5195 3756 5253; x_wconf 83' lang='grc'>37</span> 
     </span>
    </p>
   </div>
   <div class='ocr_carea' id='block_1_111' title="bbox 2169 5303 2704 5369">
    <p class='ocr_par' dir='ltr' id='par_1_111' title="bbox 2169 5303 2704 5369">
     <span class='ocr_line' id='line_1_112' title="bbox 2169 5303 2704 5369; baseline -0.002 -12"><span class='ocrx_word' id='word_1_878' title='bbox 2169 5304 2393 5357; x_wconf 82' lang='lat' dir='ltr'>nomine</span> <span class='ocrx_word' id='word_1_879' title='bbox 2419 5303 2704 5369; x_wconf 75' lang='lat' dir='ltr'>Pastoris).</span> 
     </span>
    </p>
   </div>
   <div class='ocr_carea' id='block_1_112' title="bbox 2200 5376 3757 5461">
    <p class='ocr_par' dir='ltr' id='par_1_112' title="bbox 2200 5376 3757 5461">
     <span class='ocr_line' id='line_1_113' title="bbox 2200 5376 3757 5461; baseline -0.006 -16"><span class='ocrx_word' id='word_1_880' title='bbox 2200 5442 2205 5445; x_wconf 94' lang='lat'>_</span> <span class='ocrx_word' id='word_1_881' title='bbox 2240 5388 2326 5449; x_wconf 88' lang='grc'>10.</span> <span class='ocrx_word' id='word_1_882' title='bbox 2371 5391 2582 5446; x_wconf 89' lang='lat' dir='ltr'>lterum</span> <span class='ocrx_word' id='word_1_883' title='bbox 2619 5389 2927 5461; x_wconf 80' lang='lat' dir='ltr'>requisitas</span> <span class='ocrx_word' id='word_1_884' title='bbox 2955 5404 3126 5445; x_wconf 84' lang='lat' dir='ltr'>senex</span> <span class='ocrx_word' id='word_1_885' title='bbox 3164 5389 3413 5461; x_wconf 85' lang='lat' dir='ltr'>quidam</span> <span class='ocrx_word' id='word_1_886' title='bbox 3445 5405 3459 5441; x_wconf 92' lang='lat'>:</span> <span class='ocrx_word' id='word_1_887' title='bbox 3495 5376 3757 5450; x_wconf 84' lang='lat' dir='ltr'>Quomodo</span> 
     </span>
    </p>
   </div>
   <div class='ocr_carea' id='block_1_113' title="bbox 493 5471 3755 5556">
    <p class='ocr_par' dir='ltr' id='par_1_113' title="bbox 493 5471 3755 5556">
     <span class='ocr_line' id='line_1_114' title="bbox 493 5471 3755 5556; baseline -0.005 -15"><span class='ocrx_word' id='word_1_888' title='bbox 493 5484 806 5543; x_wconf 87' lang='lat' dir='ltr'>honoratur</span> <span class='ocrx_word' id='word_1_889' title='bbox 823 5488 925 5540; x_wconf 89' lang='lat' dir='ltr'>aut</span> <span class='ocrx_word' id='word_1_890' title='bbox 950 5482 1232 5551; x_wconf 85' lang='lat' dir='ltr'>laudatur,</span> <span class='ocrx_word' id='word_1_891' title='bbox 1266 5499 1380 5538; x_wconf 92' lang='lat' dir='ltr'>non</span> <span class='ocrx_word' id='word_1_892' title='bbox 1397 5499 1629 5556; x_wconf 86' lang='lat' dir='ltr'>parvum</span> <span class='ocrx_word' id='word_1_893' title='bbox 1646 5483 1915 5538; x_wconf 87' lang='lat' dir='ltr'>damnum</span> <span class='ocrx_word' id='word_1_894' title='bbox 1943 5482 2085 5554; x_wconf 88' lang='lat' dir='ltr'>pati-</span> <span class='ocrx_word' id='word_1_895' title='bbox 2164 5485 2351 5556; x_wconf 89' lang='lat' dir='ltr'>potest</span> <span class='ocrx_word' id='word_1_896' title='bbox 2362 5479 2554 5535; x_wconf 87' lang='lat' dir='ltr'>anima</span> <span class='ocrx_word' id='word_1_897' title='bbox 2566 5479 2944 5535; x_wconf 88' lang='lat' dir='ltr'>humilitatem</span> <span class='ocrx_word' id='word_1_898' title='bbox 2953 5478 3194 5550; x_wconf 87' lang='lat' dir='ltr'>adipisci</span> <span class='ocrx_word' id='word_1_899' title='bbox 3206 5479 3234 5533; x_wconf 78' lang='lat' dir='ltr'>’I</span> <span class='ocrx_word' id='word_1_900' title='bbox 3246 5476 3590 5550; x_wconf 82' lang='lat' dir='ltr'>Respondit:</span> <span class='ocrx_word' id='word_1_901' title='bbox 3606 5471 3755 5526; x_wconf 67' lang='lat' dir='ltr'>Sisua</span> 
     </span>
    </p>
   </div>
   <div class='ocr_carea' id='block_1_114' title="bbox 488 5566 3755 5653">
    <p class='ocr_par' dir='ltr' id='par_1_114' title="bbox 488 5566 3755 5653">
     <span class='ocr_line' id='line_1_115' title="bbox 488 5566 3755 5653; baseline -0.002 -19"><span class='ocrx_word' id='word_1_902' title='bbox 488 5581 613 5648; x_wconf 88' lang='lat' dir='ltr'>tur;</span> <span class='ocrx_word' id='word_1_903' title='bbox 641 5575 738 5653; x_wconf 89' lang='lat' dir='ltr'>qui</span> <span class='ocrx_word' id='word_1_904' title='bbox 766 5579 955 5632; x_wconf 89' lang='lat' dir='ltr'>autem</span> <span class='ocrx_word' id='word_1_905' title='bbox 982 5572 1053 5630; x_wconf 88' lang='lat' dir='ltr'>ab</span> <span class='ocrx_word' id='word_1_906' title='bbox 1080 5571 1402 5630; x_wconf 87' lang='lat' dir='ltr'>hominibus</span> <span class='ocrx_word' id='word_1_907' title='bbox 1428 5589 1543 5630; x_wconf 86' lang='lat' dir='ltr'>non</span> <span class='ocrx_word' id='word_1_908' title='bbox 1562 5573 1892 5641; x_wconf 86' lang='lat' dir='ltr'>honoratur,</span> <span class='ocrx_word' id='word_1_909' title='bbox 1922 5572 2084 5629; x_wconf 90' lang='lat' dir='ltr'>desu-</span> <span class='ocrx_word' id='word_1_910' title='bbox 2163 5570 2556 5629; x_wconf 87' lang='lat' dir='ltr'>tantummodo</span> <span class='ocrx_word' id='word_1_911' title='bbox 2576 5569 2727 5625; x_wconf 90' lang='lat' dir='ltr'>mala</span> <span class='ocrx_word' id='word_1_912' title='bbox 2742 5569 2912 5626; x_wconf 87' lang='lat' dir='ltr'>homo</span> <span class='ocrx_word' id='word_1_913' title='bbox 2928 5566 3284 5627; x_wconf 82' lang='lat' dir='ltr'>consideret.</span> <span class='ocrx_word' id='word_1_914' title='bbox 3311 5566 3552 5627; x_wconf 78' lang='lat' dir='ltr'>Dicebat</span> <span class='ocrx_word' id='word_1_915' title='bbox 3565 5566 3755 5628; x_wconf 63' lang='lat' dir='ltr'>autem,</span> 
     </span>
    </p>
   </div>
  </div>
