3976 6186
258 307 408 370 1037
1530 310 1772 369 VERBA
1812 310 2204 369 SENIORUM.
3407 320 3544 383 1038

264 435 413 501 Quia
440 433 707 508 perfectio
752 432 998 489 hominis
1034 438 1121 489 est
1155 434 1444 491 humilitas
1468 434 1661 510 (Ra/7.,
1702 440 1741 492 ι.
1774 450 1858 505 III,
1879 439 2006 498 An.
2037 435 2155 508 80).
2179 438 2267 494 Ita
2295 444 2353 495 et
2379 456 2483 495 nos
2510 457 2612 514 per
2638 442 2741 498 Dei
2776 442 3256 515 dispensationem
3291 447 3543 517 tegimen

263 542 328 581 η.
366 524 495 593 171;
528 526 770 594 Append.
802 526 994 592 Mart,
1027 541 1087 580 η.
1112 522 1227 596 58).
1941 527 2259 600 accipimus,
2294 535 2359 585 ut
2385 546 2453 585 ea
2479 547 2602 602 quae
2617 532 3089 603 operamurbona,
3113 551 3228 590 non
3251 536 3539 592 valeamus

339 613 585 672 il.Dixit
602 613 781 669 abbas
804 614 1043 669 Motois:
1071 613 1374 672 Humilitas
1395 633 1498 672 nec
1526 616 1648 689 ipsa
1671 616 1862 671 irasci-
1942 616 2255 686 intendere,
2288 636 2358 674 ne
2383 636 2485 675 nos
2511 621 2619 693 ipsi
2646 621 3048 691 beatificantes,
3066 624 3350 696 possimus
3372 627 3543 681 extol-

258 709 380 772 tur,
401 721 506 760 nec
535 704 677 759 alios
695 703 864 759 irasci
884 704 1179 775 permittit.
1636 710 1662 743 δ
1944 707 2079 773 lere,
2113 714 2170 763 et
2197 709 2511 791 mercedem,
2525 711 2810 782 propriam
2838 713 3182 768 amittamus.
3208 715 3353 769 Nam
3385 721 3440 770 et
3472 715 3541 771 ob

344 792 432 850 12.
463 795 607 848 Item
634 793 777 848 dixit
807 811 819 847 :
856 793 1158 849 Humilitas
1186 799 1290 862 est,
1324 795 1372 850 si
1412 796 1635 868 quando
1664 812 1860 868 pecca-
1944 797 2049 851 hoc
2077 798 2301 869 quando
2327 799 2703 871 relinquimur
2730 800 2791 855 in
2818 801 3057 857 sordidis
3086 803 3538 874 cogitationibus,

258 883 411 939 verit
435 883 495 938 in
522 888 578 938 te
607 881 784 938 frater
807 888 962 951 tuus,
984 888 1287 956 antequam
1313 885 1601 957 paeniteat,
1623 885 1864 941 indulse-
1943 902 2170 942 necesse
2185 894 2272 942 est
2289 893 2353 943 ut
2369 889 2477 943 hoc
2493 891 2885 945 tantummodo
2906 892 3334 962 prmvideamus,
3353 899 3417 948 ut
3438 910 3540 948 nos

261 972 349 1027 ris
369 972 423 1027 ei
448 973 671 1043 (Petag.,
699 974 868 1027 libelt.
900 990 990 1040 xv,
1016 990 1075 1027 η.
1106 970 1224 1043 60).
1950 976 2101 1047 ipsos
2126 982 2184 1031 et
2209 982 2462 1032 nostram
2490 979 2830 1033 sententiam
2866 979 3334 1049 condemnemus;
3383 987 3442 1036 et
3477 999 3545 1037 ea

859 1062 1093 1118 CAPUT
1129 1063 1276 1119 XIV.
1952 1082 2074 1137 quae
2104 1071 2238 1121 sunt
2256 1066 2314 1120 in
2331 1065 2490 1122 nobis
2511 1067 2757 1135 sordida,
2772 1068 2911 1123 illud
2931 1085 3164 1140 parvum
3176 1069 3385 1126 bonum
3402 1088 3543 1143 opus

266 1152 426 1219 Quod
447 1153 678 1221 perfecti
697 1153 826 1218 viri,
848 1156 1105 1221 quamvis
1121 1156 1351 1222 possint,
1369 1157 1569 1209 nolunt
1588 1157 1868 1209 miracula
1949 1159 2207 1210 nostrum
2234 1156 2293 1210 in
2314 1156 2474 1211 nobis
2501 1157 2821 1214 obscurent.
2851 1159 3153 1230 Nunquam
3193 1160 3343 1214 enim
3372 1161 3542 1217 homo

735 1242 932 1309 facere,
958 1258 1026 1297 ne
1052 1245 1411 1298 extollantur.
1948 1243 2130 1299 bonus
2158 1250 2262 1311 est,
2283 1245 2454 1300 etiam
2484 1246 2533 1300 si
2565 1245 2745 1301 bonus
2775 1263 2898 1301 esse
2927 1247 3225 1315 desideret,
3254 1249 3363 1303 nisi
3393 1250 3544 1306 Deus

346 1328 397 1383 i.
429 1328 615 1383 Abbas
638 1330 865 1401 Ioseph,
896 1331 1031 1385 dum
1058 1347 1185 1386 cum
1211 1332 1335 1387 aliis
1364 1331 1640 1388 fratribus
1666 1333 1739 1387 ad
1768 1331 1868 1387 ab-
1949 1332 2287 1391 habitaverit
2309 1334 2368 1389 in
2392 1335 2532 1406 ipso,
2551 1336 2686 1407 quia
2710 1352 2878 1390 nemo
2905 1335 3085 1391 bonus
3106 1337 3214 1392 nisi
3229 1337 3380 1393 solus
3395 1339 3545 1396 Deus

268 1418 463 1474 batem
481 1418 799 1474 Pimenium
819 1420 1037 1475 veniret
1061 1422 1309 1489 (Ra/71,1.
1334 1436 1418 1489 Ill,
1450 1421 1652 1489 n.168;
1679 1424 1865 1489 Joan.,
1954 1423 2105 1491 (Luc.
2126 1424 2301 1493 xvm).
2331 1422 2569 1495 Oportet
2589 1430 2779 1479 autem
2808 1430 2873 1479 ut
2901 1442 3003 1480 nos
3031 1426 3182 1497 ipsos
3209 1443 3433 1499 semper
3461 1445 3548 1485 ve-

269 1510 444 1563 libelt.
474 1521 539 1570 η.
556 1508 985 1581 n.10),quidam
1004 1527 1071 1564 ex
1093 1510 1422 1582 parentibus
1446 1510 1701 1582 praedicti
1720 1509 1869 1565 senis
1951 1512 2156 1566 raciter
2174 1512 2515 1568 incusemus.
2542 1514 2779 1578 Quando
2802 1514 2954 1569 enim
2983 1532 3044 1570 se
3073 1516 3310 1587 quisque
3328 1534 3441 1572 non
3461 1535 3547 1573 re-

268 1596 514 1652 Pimenii
533 1597 1184 1671 attulitinfantem,cujus
1194 1599 1363 1655 facies
1374 1617 1476 1671 per
1489 1599 1867 1671 arreptionem
1951 1601 2266 1672 prehendit,
2290 1602 2602 1657 mercedem
2633 1603 2917 1675 propriam
2938 1603 3168 1660 amittit.

266 1685 483 1741 diaboli
505 1686 691 1742 fuerat
718 1687 1059 1759 depravata;
1093 1693 1151 1743 et
1172 1689 1372 1744 sedens
1392 1694 1556 1761 pater
1586 1691 1709 1760 ejus
1739 1705 1869 1744 cum
1890 1759 1933 1767 _
2021 1688 2075 1743 2.
2106 1691 2264 1746 Idem
2308 1690 2511 1746 beatus
2552 1693 2850 1759 Antonius,
2884 1693 3021 1747 dum
3050 1692 3110 1747 in
3147 1693 3287 1748 cella
3315 1695 3547 1767 propria

269 1791 342 1831 eo
388 1776 525 1830 foris
565 1777 986 1844 monasterium,
1028 1777 1303 1849 plorabat.
1335 1778 1476 1834 Cum
1504 1783 1692 1833 autem
1723 1794 1871 1833 unus
1890 1759 2160 1847 Boraret,
2190 1780 2340 1835 venit
2370 1781 2440 1835 ad
2462 1798 2593 1836 eum
2623 1798 2744 1849 vox,
2778 1782 3003 1836 dicens:
3038 1783 3268 1849 Antoni,
3303 1759 3544 1841 necdum

269 1881 445 1920 senex
470 1865 541 1920 ad
569 1882 760 1921 vocem
793 1866 980 1921 ﬂentis
1009 1883 1266 1937 egressus
1292 1872 1457 1935 esset,
1471 1873 1528 1922 et
1555 1868 1871 1938 interroga-
1953 1868 2334 1940 pervenistiad
2349 1886 2671 1924 mensuram
2684 1870 3028 1942 coriarii,qui
3044 1875 3132 1925 est
3147 1871 3547 1930 inAlexandria

270 1960 368 2009 ret
406 1971 537 2009 eum
582 1972 685 2010 cur
709 1956 974 2028 ploraret,
1004 1956 1099 2011 ille
1149 1957 1471 2028 respondit:
1500 1958 1713 2012 Parens
1745 1974 1871 2011 sum
1952 1958 2143 2029 (Ra/)2,
2173 1962 2211 2013 ι.
2234 1973 2316 2023 In,
2346 1976 2404 2012 n.
2443 1958 2586 2030 130).
2619 1960 2741 2023 Quo
2764 1960 2977 2028 audito,
3003 1977 3170 2015 senex
3198 1978 3546 2033 consurgens

271 2042 440 2098 istius
476 2044 733 2110 Pimenii,
767 2050 826 2098 et
850 2044 920 2099 ob
952 2046 1057 2100 hoc
1091 2046 1238 2113 veni,
1272 2052 1337 2101 ut
1359 2047 1573 2101 videret
1598 2047 1873 2101 infantem
1954 2054 2374 2118 mane,arrepto
2389 2047 2587 2103 baculo
2610 2048 2668 2103 in
2697 2049 2977 2104 civitatem
3006 2050 3242 2105 festinus
3272 2054 3545 2123 pervenit.

270 2132 450 2194 hunc.
463 2133 652 2200 Vides,
679 2133 923 2201 domine,
945 2151 1068 2206 quae
1097 2135 1227 2190 huic
1254 2135 1453 2190 infanti
1481 2152 1581 2206 per
1606 2136 1875 2190 Satanam
1957 2137 2210 2207 Cumque
2239 2137 2311 2191 ad
2333 2137 2684 2208 designatum
2707 2138 2994 2193 hominem
3013 2140 3374 2211 pervenisset,
3394 2142 3570 2213 etin-_

273 2223 1165 2293 contigerittentatio.’l‘imuimus
1186 2225 1335 2279 enim
1353 2241 1529 2296 usque
1548 2241 1696 2279 nunc
1719 2225 1875 2280 illum
1954 2242 2181 2296 gressus
2208 2225 2420 2292 fuisset,
2455 2226 2549 2281 ille
2591 2227 2708 2281 viso
2737 2232 2897 2283 tanto
2937 2228 3056 2283 viro
3088 2228 3399 2300 obstupuit.
3443 2231 3547 2287 Cui

273 2313 388 2367 huc
414 2312 632 2379 offerre,
679 2313 813 2384 quia
856 2329 970 2368 non
997 2313 1114 2368 vult
1157 2330 1259 2368 nos
1288 2313 1497 2368 videre.
1548 2314 1615 2368 Et
1652 2330 1800 2368 nunc
1828 2313 1876 2368 si
1958 2313 2096 2368 dixit
2121 2331 2289 2369 senex
2324 2334 2335 2369 :
2373 2314 2539 2369 Refer
2558 2316 2697 2370 mihi
2720 2333 2892 2387 opera
2916 2322 3037 2384 tua,
3050 2317 3184 2388 quia
3210 2324 3441 2389 propter
3467 2326 3547 2386 te,

274 2401 603 2472 cognoverit
614 2402 763 2473 quod
789 2402 881 2457 hic
906 2419 1010 2474 ego
1031 2419 1320 2469 sum,cum
1345 2402 1672 2458 confusione
1691 2402 1878 2474 ejiciet
1956 2402 2150 2457 relicto
2160 2403 2401 2470 deserto,
2420 2401 2529 2458 huc
2544 2405 2801 2469 veni.Qui
2826 2406 3190 2477 respondens,
3215 2407 3300 2461 ait
3323 2409 3550 2465 :Nescio

277 2507 393 2546 me.
409 2492 525 2562 Ego
554 2496 745 2547 autem
763 2509 860 2547 vos
880 2492 1094 2559 videns,
1112 2492 1329 2559 Patres,
1351 2492 1446 2563 qui
1468 2493 1633 2548 modo
1652 2493 1723 2546 ad
1745 2508 1876 2547 eum
1958 2508 2048 2547 me
2072 2493 2375 2563 aliquando
2395 2493 2607 2564 aliquid
2632 2494 2763 2549 boni
2787 2500 3159 2566 perpetrasse,
3181 2497 3331 2552 unde
3353 2514 3425 2553 ex
3446 2515 3552 2554 cu-

283 2580 535 2646 veuistis,
566 2580 895 2652 praesumpsi
922 2582 1116 2637 venire
1142 2581 1271 2639 huc.
1294 2582 1586 2645 Quomodo
1615 2598 1748 2652 ergo
1770 2580 1873 2648 vis,
1958 2580 2057 2634 bili
2084 2582 2312 2653 proprio
2352 2598 2517 2637 mane
2549 2599 2916 2654 consurgens,
2952 2589 3254 2656 antequam
3289 2586 3349 2642 in
3386 2604 3554 2659 opere

276 2669 421 2724 vade
438 2674 496 2724 et
512 2669 778 2725 miserere
798 2671 928 2738 mei,
943 2669 1089 2725 abba
1106 2688 1120 2735 ;
1139 2676 1198 2725 et
1221 2670 1355 2725 tolle
1374 2670 1653 2725 infantem
1675 2670 1869 2737 istum,
1959 2686 2085 2724 meo
2114 2670 2411 2738 resideam,
2444 2671 2759 2743 dico.quod
2790 2673 2973 2727 omnis
3002 2674 3118 2728 haec
3154 2674 3350 2730 civitas
3377 2692 3412 2731 a
3451 2676 3555 2730 mi-

279 2763 343 2813 et
374 2758 529 2813 defer
555 2758 708 2814 intus
732 2765 938 2827 tecum,
954 2764 1018 2814 ut
1036 2764 1160 2814 oret
1183 2776 1284 2831 pro
1313 2776 1423 2814 me.
1447 2760 1627 2825 Quem
1646 2776 1774 2814 cum
1786 2776 1875 2814 se-
1961 2775 2099 2814 nore
2124 2776 2301 2830 usque
2321 2760 2389 2814 ad
2423 2761 2717 2831 majorem,
2752 2761 3074 2833 ingreditur
3100 2763 3156 2817 in
3183 2780 3423 2834 regnum
3452 2765 3555 2820 Dei

279 2863 390 2902 nex
408 2847 649 2915 tulisset,
674 2857 731 2903 et
753 2848 1039 2919 ingressus
1065 2848 1264 2903 fuisset
1293 2849 1352 2904 in
1383 2848 1601 2910 cellam.
1635 2848 1878 2920 sapienti
1960 2853 2192 2919 propter
2208 2848 2462 2919 justiﬁes
2491 2866 2640 2916 suas,
2658 2866 2761 2920 ego
2789 2855 2981 2905 autem
3007 2851 3158 2907 solus
3181 2859 3412 2926 prOpter
3424 2871 3555 2926 pec-

280 2936 516 2991 consilio
539 2953 696 3004 usus,
728 2953 843 2992 non
872 2938 1033 2992 illum
1062 2938 1267 2993 obtulit
1281 2937 1463 3010 primo
1485 2937 1675 2993 abbati
1700 2937 1880 2992 Pime-
1961 2940 2089 2990 cata
2112 2952 2240 2990 mea
2267 2953 2491 3008 poenam
2520 2937 2921 3008 sempiternam
2942 2938 3416 3009 ingrediar.Quod
3432 2959 3557 2998 ver-

278 3025 400 3094 nio,
429 3025 528 3080 sed
552 3026 862 3082 minoribus
890 3026 1171 3093 Patribus,
1189 3032 1247 3082 et
1267 3026 1487 3082 dicebat
1507 3044 1519 3079 :
1543 3027 1777 3098 Signate
1797 3027 1883 3081 in-
1960 3024 2096 3079 bum
2125 3042 2310 3092 mane,
2346 3030 2403 3080 et
2430 3030 2735 3097 antequam
2769 3026 3052 3097 quiescam
3095 3044 3241 3097 sero,
3273 3043 3341 3083 ex
3372 3030 3558 3086 cordis

279 3114 517 3182 fantem,
540 3114 758 3182 fratres,
778 3115 1046 3171 facientes
1070 3116 1405 3185 orationem,
1422 3133 1626 3187 rogans
1654 3133 1756 3188 per
1771 3116 1884 3170 sin-
1900 3118 1944 3178 ί]
1969 3112 2079 3166 mei
2110 3112 2290 3168 sentio
2318 3112 2574 3168 veritate.
2592 3114 2753 3178 Quod
2784 3114 3021 3169 audiens
3042 3114 3240 3170 beatus
3254 3117 3551 3186 Antonius,

278 3204 447 3276 gulos
474 3220 655 3260 senes.
688 3205 758 3259 Et
792 3211 921 3277 post
945 3222 1140 3261 omnes
1170 3206 1373 3260 detulit
1400 3206 1563 3260 illum
1603 3205 1876 3260 Pimenio.
1962 3200 2278 3272 respondit:
2305 3201 2372 3256 In
2398 3201 2757 3269 veritate,fili,
2776 3202 2922 3258 sicut
2935 3202 3115 3258 bonus
3135 3203 3333 3259 artifex
3355 3205 3557 3262 sedens

281 3295 363 3348 At
386 3292 483 3348 ille
506 3293 732 3349 nolebat
754 3311 882 3349 eum
913 3311 1016 3350 nec
1044 3296 1311 3367 aspicere.
1340 3296 1481 3351 Cum
1504 3299 1692 3350 autem
1713 3311 1880 3366 roga-
1961 3291 2020 3345 in
2039 3291 2205 3345 domo
2220 3295 2338 3356 tua,
2370 3296 2561 3356 θνα
2581 3307 2712 3346 cum
2731 3291 2925 3363 requie
2937 3308 3173 3363 regnum
3199 3292 3303 3346 Dei
3322 3292 3558 3365 adeptus

280 3387 551 3437 renteum
566 3388 632 3438 ut
646 3383 791 3438 sicut
803 3399 1016 3451 omnes,
1032 3384 1117 3439 sic
1136 3390 1195 3439 et
1214 3385 1334 3456 ipse
1355 3391 1561 3451 oraret,
1580 3383 1878 3455 ingemuit,
1962 3397 2022 3435 es
2054 3397 2067 3432 :
2094 3395 2201 3450 ego
2231 3384 2421 3434 autem
2449 3379 2601 3434 velut
2618 3380 2740 3435 sine
2768 3380 3105 3436 discretione
3134 3398 3300 3436 omne
3332 3386 3583 3453 tempus.

285 3477 346 3526 et
367 3487 608 3541 surgens
625 3472 1020 3539 oravit,dicens
1037 3489 1051 3527 :
1071 3473 1385 3541 Deus,sana
1401 3474 1675 3528 facturam
1697 3478 1877 3540 tuam,
1961 3485 2153 3524 meum
2182 3469 2241 3523 in
2270 3468 2574 3523 solitudine
2603 3475 2983 3538 conversatus,
3010 3470 3251 3525 necdum
3280 3470 3433 3526 verbi
3473 3470 3555 3526 tui

285 3576 361 3615 ne
391 3560 713 3616 dominetur
734 3561 786 3616 ei
814 3561 1093 3617 inimicus.
1127 3563 1198 3617 Et
1224 3562 1470 3634 signavit
1499 3562 1791 3629 infantem,
1825 3566 1884 3616 et
1958 3560 2239 3630 assumpsi
2266 3575 2610 3613 mensuram.

284 3666 418 3705 mox
435 3665 607 3705 sanus
636 3657 721 3706 est
749 3651 899 3722 patri
918 3651 1192 3706 redditus.
2036 3647 2088 3705 3.
2123 3647 2363 3713 Quidam
2392 3647 2568 3702 frater
2603 3647 2898 3719 requisivit
2924 3647 3186 3715 abbatem
3216 3649 3554 3717 Pimenium,

356 3739 413 3796 2.
447 3740 590 3794 Cum
614 3740 843 3811 quidam
870 3740 1150 3795 saecularis
1168 3740 1229 3794 in
1252 3740 1545 3795 ecclesiam
1560 3740 1789 3795 veniens
1813 3738 1884 3794 ab
1965 3738 2157 3792 dicens
2183 3740 2368 3807 (Ra/[2,
2403 3739 2499 3792 tib.
2532 3752 2615 3804 nl,
2646 3754 2705 3791 η.
2738 3736 2863 3806 131)
2883 3753 2895 3786 ε
2919 3738 3065 3802 Quid
3087 3744 3190 3806 est,
3216 3739 3559 3811 Pater,quod

287 3828 583 3883 immundo
607 3829 812 3900 spiritu
839 3834 1149 3896 teneretur,
1170 3834 1228 3884 et
1249 3846 1443 3884 omnes
1467 3828 1777 3884 orationem
1808 3828 1886 3883 fe-
1965 3827 2266 3899 Apostolus
2285 3826 2437 3881 dicit:
2455 3826 2659 3881 Omnia
2671 3826 2883 3881 munda
2895 3826 3119 3881 mundis
3135 3826 3246 3883 ?At
3262 3828 3356 3882 ille
3373 3827 3513 3883 dixit
3542 3847 3554 3883 :

289 3918 516 3984 cissent,
536 3913 862 3974 nullatenus
881 3918 1114 3991 spiritus
1137 3918 1469 3973 immundus
1494 3917 1887 3989 egrediebatur
1968 3916 2029 3972 Si
2049 3916 2174 3987 quis
2215 3916 2285 3970 ad
2332 3916 2483 3972 hunc
2520 3932 2836 3970 sermonem
2884 3917 3175 3987 pervenire
3204 3917 3469 3988 potuerit,
3496 3922 3564 3971 ut

289 4006 364 4061 ab
391 4023 458 4062 eo
491 4009 677 4076 (Ra/71,
711 4012 750 4064 ι.
780 4023 839 4077 Il,
872 4026 931 4063 η.
958 4007 1089 4077 121ς
1120 4011 1483 4072 Joan.,libell.
1509 4022 1570 4073 II,
1598 4024 1656 4062 η.
1685 4005 1763 4069 4).
1795 4007 1888 4061 Di-
1969 4023 2098 4060 eum
2127 4005 2423 4075 intelligat,
2447 4005 2658 4059 videbit
2678 4021 2737 4059 se
2766 4005 3039 4060 minorem
3071 4023 3193 4060 esse
3220 4007 3394 4061 totius
3414 4022 3564 4061 crea-

290 4102 430 4151 cunt
456 4113 589 4168 ergo
607 4097 760 4153 inter
786 4115 847 4153 se
874 4098 1077 4153 fratres
1105 4116 1117 4152 :
1145 4097 1291 4163 Quid
1321 4113 1618 4169 possumus
1636 4095 1766 4150 huic
1780 4096 1890 4167 spi-
1969 4099 2129 4150 turaa.
2164 4095 2267 4148 Cui
2304 4094 2480 4149 frater
2513 4112 2525 4147 :
2562 4094 2633 4148 Et
2673 4094 2953 4165 quomodo
2996 4111 3087 4149 me
3117 4112 3345 4166 possum
3374 4096 3562 4151 videre

290 4186 432 4241 ritui
452 4186 672 4242 facere?
701 4203 867 4242 nemo
886 4188 1051 4243 illum
1079 4192 1266 4259 potest
1285 4191 1562 4249 excutere,
1584 4185 1694 4240 nisi
1714 4184 1888 4240 abbas
1971 4184 2247 4239 minorem
2278 4183 2347 4237 ab
2368 4200 2433 4238 eo
2455 4183 2550 4254 qui
2579 4183 2859 4238 homicida
2877 4184 3005 4238 est?
3026 4185 3335 4256 Respondit
3358 4201 3556 4240 senex:

291 4275 564 4331 Besarion
583 4296 596 4344 ;
617 4276 715 4331 sed
734 4277 781 4331 si
798 4272 904 4332 hoc
927 4277 1251 4343 dixerimus,
1272 4276 1367 4331 ille
1387 4292 1490 4331 nec
1505 4276 1577 4329 ad
1598 4274 1889 4329 ecclesiam
1972 4272 2031 4327 Si
2044 4272 2291 4344 potuerit
2315 4272 2480 4327 homo
2493 4270 2560 4326 ad
2581 4288 2898 4326 sermonem
2925 4273 3073 4326 hunc
3090 4272 3344 4343 Apostoli
3365 4288 3561 4343 perve-

293 4365 601 4436 acquiescit
626 4367 836 4421 venire.
871 4367 980 4422 Sed
1008 4366 1280 4421 faciamus
1298 4366 1490 4420 taliter
1521 4383 1532 4418 :
1567 4363 1791 4436 quando
1819 4363 1890 4418 ad
1972 4361 2115 4429 nire,
2148 4367 2205 4416 et
2234 4361 2435 4415 viderit
2458 4360 2743 4415 hominem
2774 4361 2872 4432 qui
2902 4362 3044 4415 forte
3072 4361 3247 4415 alium
3276 4360 3559 4423 occiderit.

292 4454 588 4509 ecclesiam
616 4460 749 4510 ante
778 4472 975 4511 omnes
1000 4456 1143 4511 solet
1159 4455 1365 4521 venire,
1385 4454 1534 4508 hunc
1554 4453 1650 4525 qui
1680 4452 1894 4525 patitur
1912 4437 2106 4504 Ddicit
2130 4449 2190 4504 in
2210 4449 2512 4521 semetipso
2537 4469 2548 4504 :
2574 4449 2674 4503 Ille
2703 4449 2928 4521 quidem
2946 4449 3049 4503 hoc
3069 4449 3252 4503 solum
3272 4454 3564 4520 peccatum

292 4542 572 4597 faciamus
605 4543 822 4613 sedere,
853 4550 913 4600 et
943 4550 1139 4616 postea
1184 4544 1471 4598 dicamus:
1504 4541 1683 4608 Abba,
1725 4540 1887 4609 abba,
1975 4539 2123 4605 fecit,
2155 4555 2257 4609 ego
2288 4544 2478 4593 autem
2508 4539 2661 4593 omni
2689 4539 2829 4593 hora
2863 4538 3228 4594 homicidium
3251 4538 3571 4607 committo,

294 4631 510 4687 suscita
529 4632 678 4687 hunc
712 4633 1105 4688 dormientem.
1137 4633 1412 4687 Fecerunt
1439 4647 1571 4703 ergo
1597 4631 1694 4685 ita.
1711 4631 1780 4684 Et
1806 4647 1895 4683 ve-
1975 4629 2253 4699 meipsum
2275 4627 2639 4683 interﬁciens.
2659 4628 2871 4682 Etcum
2895 4627 3071 4681 frater
3089 4627 3402 4699 requireret
3430 4644 3566 4698 quo-

291 4721 488 4776 niente
507 4720 708 4776 abbate
720 4722 1327 4789 Besarione,steterunt
1340 4737 1535 4775 omnes
1546 4721 1603 4775 in
1616 4719 1888 4785 oratione,
1975 4718 2140 4772 modo
2160 4718 2265 4771 hoc
2293 4722 2481 4789 posset
2493 4717 2633 4784 fieri,
2662 4716 2950 4788 respondit
2968 4733 3137 4770 senex
3158 4717 3316 4771 :Hzec
3333 4716 3450 4771 sola
3462 4716 3565 4770 ho-

293 4814 355 4865 et
379 4810 575 4865 dicunt
603 4812 656 4865 ei
689 4810 901 4878 :Abba,
933 4811 1143 4867 suscita
1180 4811 1353 4866 istum
1385 4810 1482 4881 qui
1530 4809 1755 4864 dormit.
1792 4809 1892 4864 Ille
1972 4805 3154 4878 minisjustitiaest,utsempersemetipsum
3168 4805 3563 4876 reprehendat;

294 4905 491 4954 autem
514 4900 682 4954 dixit:
709 4901 971 4972 Surge,et
983 4900 1249 4971 egredere
1268 4899 1439 4954 foras.
1458 4899 1528 4953 Et
1550 4915 1681 4953 mox
1701 4914 1891 4968 egres—
1974 4901 2033 4951 et
2058 4902 2192 4951 tunc
2212 4895 2633 4966 justiﬁcabitur,
2666 4911 2793 4950 cum
2824 4910 2928 4948 sua
2954 4898 3182 4965 peccata
3209 4894 3564 4950 condemnat.

295 5005 396 5043 sus
425 4993 514 5043 est
536 4988 607 5043 ab
634 5006 700 5044 eo
719 4990 948 5061 spiritus
970 4990 1317 5057 immundus,
1336 4994 1394 5043 et
1412 5004 1583 5043 sanus
1609 4988 1787 5042 factus
1808 4991 1895 5041 est
2044 4987 2097 5040 4.
2128 4985 2366 5050 Quidam
2396 4985 2570 5039 frater
2597 4984 2738 5039 dixit
2765 4984 2836 5037 ad
2861 4999 3052 5037 senem
3087 5001 3098 5035 :
3134 4983 3413 5053 Cogitatio
3442 5000 3571 5039 mea

292 5095 364 5133 ex
392 5077 492 5132 illa
520 5079 680 5133 hora.
1975 5076 2112 5130 dicit
2138 5074 2296 5140 mihi,
2315 5075 2503 5128 Bonus
2522 5091 2668 5129 sum.
2689 5072 3000 5143 Respondit
3016 5071 3067 5126 ei
3087 5086 3293 5126 senex:
3325 5072 3431 5137 Qui
3455 5090 3569 5129 non

898 5166 1132 5223 CAPUT
1160 5168 1279 5223 XV.
1974 5164 2126 5219 videt
2150 5168 2378 5234 peccata
2418 5179 2538 5230 sua,
2571 5178 2797 5232 semper
2821 5161 2915 5215 ille
2937 5160 2997 5214 in
3026 5161 3187 5216 bonis
3215 5178 3336 5217 esse
3365 5179 3426 5217 se
3445 5180 3568 5217 cre-

298 5258 457 5327 Quod
492 5260 713 5313 utiliter
748 5261 1037 5327 aliquoties
1080 5262 1145 5313 in
1183 5258 1422 5312 sordidis
1470 5256 1893 5325 cogitationibus
1976 5254 2086 5318 dit;
2136 5253 2234 5322 qui
2275 5258 2466 5306 autem
2496 5251 2646 5305 videt
2674 5251 2790 5319 illa,
2819 5249 3189 5321 cogitationes
3221 5250 3305 5306 illi
3331 5251 3570 5305 suadere

638 5350 1059 5417 relinquimur,
1094 5364 1162 5402 ne
1182 5350 1538 5402 extollamur.
1977 5359 2091 5397 non
2117 5348 2353 5413 possunt
2377 5341 2524 5413 quod
2554 5340 2612 5395 in
2631 5339 2792 5394 bonis
2810 5339 2902 5408 sit;
2930 5339 3034 5394 scit
3056 5340 3208 5395 enim
3230 5340 3379 5411 quod
3396 5340 3566 5393 videt.

376 5434 427 5493 1.
458 5435 616 5508 Saepe
640 5435 863 5492 dicebat
888 5437 1086 5492 beatus
1112 5435 1389 5491 Antonius
1412 5456 1425 5491 :
1454 5434 1576 5490 Nisi
1602 5434 1782 5507 pistor
1808 5449 1896 5487 ve-
1978 5432 2133 5503 Opus
2157 5447 2291 5501 ergo
2318 5435 2403 5485 est
2431 5429 2685 5484 laborare
2711 5430 2972 5497 multum,
3006 5435 3070 5484 ut
3095 5447 3155 5484 se
3179 5429 3414 5501 quisque
3443 5444 3570 5483 con~

295 5524 448 5582 laret
461 5526 653 5581 oculos
665 5525 1266 5593 animalis,mercedem
1280 5541 1441 5580 suam
1458 5523 1754 5596 recipiens,
1775 5522 1896 5594 ipse
1978 5521 2221 5589 sideret;
2272 5536 2403 5575 nam
2436 5519 2800 5590 negligentia,
2835 5518 3187 5592 ignaviaque,
3217 5523 3274 5572 et
3300 5516 3568 5576 relaxatio

295 5620 659 5674 consumeret
688 5617 996 5690 (Rufﬂn.,t.
1024 5629 1175 5685 m,n.
1207 5613 1337 5685 128;
1364 5616 1569 5687 Petag.,
1598 5614 1767 5670 libett.
1804 5629 1893 5682 xv,
1980 5614 2257 5668 excaecant
2283 5609 2472 5667 oculos
2492 5608 2676 5666 cordis
2700 5608 2901 5678 nostri,
