3964 6206
468 293 611 357 1089
1573 298 1667 353 DE
1705 296 1893 354 VITIS
1931 298 2025 352 PA‘

2117 296 2226 353 ΗΜ
2263 298 2479 356 LIBER
2514 300 2637 357 VII.
3585 300 3699 363 1040

539 426 594 480 5.
627 426 869 491 Quidam
886 424 1061 479 frater
1084 422 1224 478 dixit
1237 420 1424 477 abbati
1453 421 1740 477 Pimenio:
1766 422 2134 493 Cogitatio-A
2148 423 2306 478 nobis
2337 442 2479 496 opus
2515 424 2735 490 animae,
2787 420 2954 491 abba,
2992 426 3050 476 et
3093 437 3265 493 opera
3303 439 3575 478 manuum.
3611 427 3699 482 Cui

469 531 570 571 nes
599 532 736 570 mea;
763 531 876 569 non
907 513 1244 586 permittunt
1258 529 1347 567 me
1375 517 1603 584 peccata
1620 529 1744 567 mea
1762 512 2058 584 respicere,
2146 530 2341 569 senex:
2375 514 2581 569 Omnia
2592 528 2937 583 quaecunque
2961 528 3062 582 pro
3080 511 3344 565 mandato
3364 511 3461 567 Dei
3476 513 3697 581 facimus,

467 605 565 659 sed
595 605 791 659 Patres
819 603 930 657 mei
951 608 1163 673 cogunt
1184 619 1271 656 me
1292 602 1540 671 cogitare
1561 603 2063 673 peccata.Respon-
2145 604 2202 657 in
2232 603 2495 675 operibus
2534 602 2735 656 animm
2765 601 3082 672 reputanda
3108 606 3268 665 sunt;
3308 618 3428 672 quae
3473 619 3592 657 vero
3616 620 3700 674 pro

465 693 549 747 dit
575 692 749 748 abbas
787 691 1100 756 Pimenion,
1132 692 1201 745 de
1232 690 1433 745 abbate
1460 691 1673 745 Isidoro
1702 691 1970 757 referens,
2004 697 2061 745 et
2142 698 2335 747 nostra
2363 692 2582 762 agimus
2620 690 2866 745 utilitate
2892 690 2980 744 vel
3027 689 3335 755 commodo,
3378 690 3493 745 haec
3538 692 3702 747 omnia

463 781 655 836 dicens
678 799 690 834 :
724 782 872 836 Dum
892 782 1188 852 plangeret
1216 780 1388 834 abbas
1412 779 1660 834 Isidorus
1687 780 1745 834 in
1765 782 1907 834 cella
1933 798 2052 846 sua,
2141 798 2311 853 opera
2328 797 2600 835 manuum
2633 797 2755 834 esse
2781 784 3112 834 noscuntur.

462 876 521 924 et
539 869 849 942 discipulus
872 871 995 941 ejus
1007 869 1066 923 in
1091 869 1201 924 alia
1223 870 1363 923 cella
1374 869 1615 936 sederet,
1632 870 1943 941 contigitut
1961 870 2058 924 illa
2211 870 2263 927 3.
2295 870 2484 925 Abbas
2512 869 2729 940 Apollo,
2763 869 2811 923 si
2835 868 2958 940 quis
2984 868 3054 922 de
3081 867 3344 922 fratribus
3386 884 3512 922 eum
3538 869 3590 923 in
3615 886 3700 925 suo

459 959 599 1013 hora
619 958 771 1013 idem
801 959 1108 1030 discipulus
1129 958 1201 1013 ad
1216 957 1377 1013 illum
1397 958 1771 1028 vcniret,quia
1786 958 1880 1012 ille
1900 958 2057 1029 plan—
2138 959 2466 1029 requisisset
2486 975 2655 1030 opere
2684 964 2740 1012 et
2758 958 2970 1022 labore,
2988 974 3117 1011 mox
3135 956 3405 1029 pergebat
3419 973 3542 1012 cum
3569 961 3701 1015 omni

456 1048 644 1119 gebat,
673 1054 730 1104 et
758 1049 1052 1120 requisivit
1080 1065 1231 1115 eum,
1257 1048 1447 1102 dicens
1470 1064 1482 1098 :
1516 1048 1659 1113 Quid
1681 1048 1919 1120 plangis,
1954 1049 2056 1102 Pa—
2136 1048 2348 1115 laetitia,
2373 1048 2565 1104 dicens
2591 1066 2602 1100 :
2639 1048 2754 1118 Ego
2775 1065 2904 1102 cum
2928 1064 3061 1118 rege
3081 1063 3205 1100 meo
3229 1046 3451 1101 Christo
3473 1048 3603 1102 vado
3616 1048 3702 1103 ho-

454 1143 545 1194 ter
564 1140 588 1192 Ῥ
606 1141 681 1194 At
696 1138 1120 1210 illerespondit:
1145 1139 1382 1193 Peccata
1409 1154 1534 1192 mea
1563 1140 1788 1209 plango,
1810 1139 1911 1193 fili.
1939 1140 2054 1194 Ite-
2136 1138 2227 1191 die
2257 1137 2480 1208 Operari
2514 1153 2615 1208 pro
2643 1137 2834 1191 anima
2861 1152 3007 1191 mea.
3049 1136 3179 1190 Haec
3209 1142 3295 1190 est
3317 1135 3467 1190 enim
3493 1152 3699 1205 merces,

455 1244 583 1283 rum
604 1229 740 1283 dicit
755 1229 826 1283 ei:
847 1229 973 1283 Non
993 1228 1166 1283 habes
1186 1227 1600 1300 peccata,abba.
1620 1228 1770 1282 Dicit
1786 1229 1836 1283 ei
1849 1246 2046 1284 senex:
2136 1243 2258 1298 quae
2284 1226 2486 1281 animae.
2512 1232 2825 1297 reputatur.

456 1319 502 1374 Ο
531 1318 631 1385 fili,
654 1319 703 1373 si
723 1324 951 1389 peccata
979 1334 1106 1372 mea
1135 1318 1285 1372 Deus
1312 1317 1701 1373 manifestaret
1729 1318 2052 1375 hominibus
2704 1315 2938 1369 CAPUT
2956 1314 3156 1370 XVIII.

452 1422 557 1462 nec
577 1411 712 1475 tres,
743 1422 848 1461 nec
870 1411 1111 1477 quatuor
1139 1406 1478 1472 sufficerent,
1503 1406 1603 1460 sed
1622 1422 1724 1460 nec
1754 1406 1962 1478 plures.

1051 1496 1286 1551 CAPUT
1312 1495 1459 1550 XVI.

853 1586 1126 1653 Quomodo
1156 1588 1363 1639 uitetur
1384 1586 1667 1639 detractio.

522 1674 572 1729 1,
606 1673 848 1739 Quidam
875 1673 1052 1729 frater
1085 1673 1379 1745 requisivit
1415 1673 1676 1728 abbatem
1705 1674 2043 1743 Pimenium,

2389 1407 2463 1460 De
2492 1407 2827 1473 refutatione
2851 1407 3093 1473 propria:
3120 1406 3445 1458 voluntatis.

2207 1494 2261 1548 1.
2294 1495 2536 1558 Quidam
2569 1493 2909 1547 anachoreta
2936 1492 3168 1547 sedebat
3188 1494 3355 1564 juxta
3394 1489 3696 1558 caanobium,

2138 1584 2343 1638 multas
2362 1584 2597 1638 virtutes
2627 1583 2836 1637 faciens
2860 1584 3053 1654 (Ra/)2,
3073 1586 3109 1638 t.
3145 1596 3226 1649 ut,
3253 1599 3310 1636 η.
3351 1578 3485 1647 150;
3516 1583 3695 1648 Pelag.,

2137 1674 2303 1728 libell.
2338 1687 2461 1739 xm,
2494 1689 2552 1727 η.
2584 1671 2661 1741 8).
2695 1674 2766 1726 Et
2794 1688 2922 1726 cum
2953 1671 3237 1725 venissent
3265 1671 3340 1725 ad
3370 1671 3525 1725 illum
3550 1669 3700 1741 aliqui

447 1763 664 1818 dicens:
692 1763 983 1827 Quomodo
1025 1768 1213 1834 potest
1240 1763 1408 1817 homo
1442 1764 1638 1829 vitare,
1680 1780 1750 1817 ne
1779 1764 2047 1835 loquatur
2132 1762 2390 1816 monachi
2406 1761 3159 1831 decoenobio,compulerunt
3177 1777 3307 1815 eum
3332 1776 3447 1814 non
3465 1765 3703 1814 consueta

448 1852 593 1906 male
615 1852 868 1923 proximo
897 1868 1000 1906 suo
1033 1852 1218 1921 (Hum,
1247 1855 1294 1906 ἰ.
1337 1865 1422 1918 m,
1446 1867 1506 1905 η.
1537 1849 1705 1921 133)?
1736 1852 2048 1924 Respondit

447 1957 647 1994 senex:
674 1941 791 2012 Ego
816 1946 874 1994 et
900 1940 1188 2012 proximus
1216 1955 1377 1994 meus
1390 1940 1514 1995 duae
1534 1940 1808 2011 imagines
1825 1959 2039 1997 sumus.

446 2031 588 2084 Cum
608 2045 745 2100 ergo
769 2045 955 2083 meam
980 2028 1285 2100 imaginem
1311 2030 1743 2100 reprehendero,
1760 2031 2045 2086 invenitur

445 2118 633 2188 imago
661 2118 853 2173 fratris
876 2117 989 2172 mei
1017 2119 1167 2189 apud
1187 2134 1277 2173 me
1295 2118 1659 2184 venerabilis;
1684 2120 1909 2191 quando
1939 2137 2041 2176 au-

446 2212 563 2261 tem
583 2223 768 2262 meam
789 2207 1249 2267 laudavero.tunc
1262 2206 1455 2263 fratris
1467 2208 1578 2262 mei
1593 2208 1897 2280 imaginem
1918 2226 2044 2281 pra-

440 2311 568 2350 vam
601 2296 1028 2368 respicio.Tunc
1047 2313 1182 2368 ergo
1212 2297 1309 2351 alii
1336 2314 1450 2352 non
1478 2298 1733 2363 detraho,
1751 2298 1798 2352 si
1820 2315 2044 2370 semper

444 2385 723 2457 meipsum
743 2385 1094 2457 reprehendo
1114 2404 1126 2439 :
1147 2384 1279 2457 quia
1290 2403 1561 2458 magnum
1577 2386 1759 2441 virum
1782 2387 2036 2459 despicit,

443 2474 541 2545 qui
569 2474 818 2546 seipsum
838 2490 953 2529 non
982 2474 1320 2539 considerat.

509 2561 563 2618 2.
592 2563 824 2618 Dicebat
851 2563 1082 2634 quidam
1106 2564 1372 2619 Patrum:
1396 2563 1678 2634 Quidquid
1702 2564 1874 2620 habes
1888 2565 2035 2633 odio,

439 2650 537 2704 alii
556 2667 627 2705 ne
654 2650 826 2706 facias
857 2654 1042 2720 (Ra/I1,
1077 2655 1114 2706 ι.
1148 2666 1232 2717 m,
1259 2669 1318 2706 η.
1361 2651 1501 2720 153ς
1534 2655 1740 2722 Petag.,
1787 2656 1959 2710 libell.
1993 2670 2035 2721 ι,

439 2755 601 2794 num.
629 2738 743 2809 21).
780 2740 839 2794 Si
865 2739 986 2794 odis
1016 2739 1112 2811 qui
1134 2739 1237 2794 tibi
1268 2741 1414 2795 male
1449 2741 1714 2813 loquitur,
1746 2759 1930 2814 neque
1970 2749 2035 2798 tu

441 2829 588 2883 male
608 2829 856 2900 loquaris
877 2829 946 2883 de
968 2828 1098 2883 alio.
1116 2830 1174 2885 Si
1204 2830 1331 2885 odio
1351 2830 1523 2885 habes
1544 2831 1639 2902 qui
1659 2831 1762 2885 tibi
1787 2832 1921 2887 facit
1940 2850 2038 2888 ca-

439 2917 732 2983 lumniam,
765 2934 949 2988 neque
975 2918 1313 2973 calumniam
1335 2924 1398 2974 tu
1417 2919 1582 2974 alicui
1610 2920 1799 2975 facias.
1829 2921 1888 2976 Si
1909 2921 2036 2977 odio

438 3005 611 3063 habes
635 3007 731 3079 qui
753 3013 808 3062 te
821 3007 879 3061 in
893 3013 1218 3079 contemptu
1231 3009 1405 3072 ducit,
1422 3014 1521 3063 aut
1538 3009 1763 3081 injuriis
1785 3011 2032 3081 appetit,

2050 3059 2093 3120 C

2126 1856 2321 1916 ονε
2350 1852 2489 1905 hora
2510 1851 2870 1904 manducare.
2894 1849 2963 1903 Et
2989 1853 3117 1920 post
3136 1849 3240 1903 hoc
3263 1848 3528 1902 dixerunt
3545 1847 3591 1901 ei
3608 1846 3703 1901 fra-

2126 1945 2269 1993 tres:
2305 1941 2685 1994 Contristatus
2707 1956 2786 2005 es,
2812 1937 2973 2003 abba,
3008 1938 3239 2009 aliquid,
3259 1938 3399 2008 quia
3419 1937 3579 1991 hodie
3596 1953 3704 1991 con-

2127 2034 2215 2083 tra
2227 2029 2692 2084 consuetudinem
2705 2028 2909 2083 fecisti?
2924 2027 3137 2092 Quibus
3156 2027 3250 2081 ille
3262 2026 3704 2098 respondit:'l‘unc

2127 2123 2214 2172 est
2241 2118 2382 2172 mihi
2409 2118 2722 2186 tribulatio,
2748 2117 2972 2188 quando
3000 2117 3284 2189 propriam
3320 2117 3504 2170 fecero
3529 2114 3702 2170 volun-

2125 2211 2319 2262 tatem.

2195 2296 2248 2353 2.
2281 2296 2524 2361 Quidam
2566 2297 2742 2351 frater
2769 2295 2996 2350 veniens
3035 2294 3095 2349 in
3148 2295 3368 2367 Scythi,
3405 2300 3471 2349 ut
3513 2294 3703 2349 videret

2124 2384 2385 2440 abbatem
2412 2386 2713 2440 Arsenium
2744 2383 3082 2456 postulabat.
3110 2384 3373 2455 Cumque
3404 2383 3502 2437 alii
3521 2384 3697 2437 fratres

2121 2476 2191 2543 ei,
2222 2482 2287 2530 ut
2313 2476 2605 2547 paululum
2636 2475 3030 2547 requiesceret,
3047 2475 3375 2542 suaderent,
3398 2471 3693 2545 respondit:

2122 2563 2252 2619 Non
2282 2565 2557 2619 manduco
2584 2581 2810 2636 panem,
2863 2564 2971 2617 nisi
3015 2563 3173 2617 illum
3205 2563 3400 2618 videre
3443 2577 3693 2617 meruero.

2118 2655 2275 2708 Tunc
2299 2671 2446 2709 unus
2473 2670 2538 2708 ex
2561 2652 2828 2708 fratribus
2847 2653 3033 2725 ipsum
3055 2652 3214 2707 duxit
3231 2652 3305 2707 ad
3333 2651 3589 2706 abbatem
3612 2652 3697 2704 Ar-

2118 2742 2357 2811 senium,
2390 2744 2725 2815 pulsatoque
2768 2743 2914 2797 ostio
2951 2743 3182 2808 cellulae,
3216 2741 3536 2796 introduxit
3564 2755 3693 2795 eum.

2118 2833 2332 2888 Deinde
2360 2832 2623 2904 suscepti,
2642 2837 2700 2887 et
2727 2831 2981 2886 oratione
2999 2830 3695 2896 facta,consederunt.Cum

2118 2928 2311 2978 autem
2333 2921 2532 2977 beatus
2560 2927 2777 2976 taceret
2804 2921 3095 2983 Arsenius,
3116 2921 3229 2987 ille,
3246 2920 3348 2990 qui
3364 2920 3592 2974 fratrem
3607 2917 3695 2972 ad.

2118 3011 2373 3078 duxerat,
2396 3011 2475 3066 ait
2507 3033 2518 3068 :
2554 3012 2668 3081 Ego
2713 3010 2959 3066 discedo.
2989 3009 3099 3065 Sed
3129 3015 3185 3064 et
3213 3010 3263 3063 is
3286 3010 3390 3081 qui
3415 3025 3480 3063 ex
3504 3021 3687 3077 magno

433 3104 534 3152 aut
561 3096 745 3151 aufert
762 3096 911 3168 quod
936 3102 1098 3152 tuum
1110 3103 1213 3164 est,
1237 3102 1333 3152 aut
1355 3098 1571 3169 aliquid
1591 3099 1703 3153 tale
1721 3099 1871 3163 facit,
1890 3100 2032 3155 nihil
2050 3096 2093 3120 υ
2117 3102 2400 3156 desiderio
2428 3106 2677 3166 venerat,
2708 3099 2902 3154 videns
2932 3100 3066 3170 quia
3093 3098 3234 3153 nihil
3265 3099 3323 3152 ei
3347 3099 3562 3153 locutus
3585 3096 3699 3150 fuis-

431 3185 635 3240 horum
665 3185 836 3240 facias
862 3185 1049 3241 alicui.
1083 3186 1195 3250 Qui
1221 3191 1414 3241 autem
1444 3187 1549 3241 hoc
1577 3187 1805 3242 verbum
1838 3193 2027 3243 custo-

431 3273 553 3328 dire
576 3278 780 3345 potest,
807 3273 1015 3329 sufficit
1034 3274 1085 3329 ei
1114 3274 1187 3329 ad
1218 3276 1480 3330 salutem.
1768 3268 1777 3281 ’

500 3362 555 3416 3.
592 3362 751 3418 Unus
782 3379 851 3417 ex
883 3363 1091 3418 sanctis
1120 3364 1382 3419 Patribus
1418 3364 1611 3418 videns
1649 3365 1824 3420 alium
1852 3366 2026 3438 negli-

427 3452 1280 3523 gentem,flevitamare,dicens:
1306 3454 1401 3507 Vae
1421 3453 1720 3525 mihi,quia
1739 3456 2019 3526 quomodo

428 3540 597 3595 hodie
625 3540 734 3595 iste
765 3546 975 3612 peccat,
1018 3541 1097 3596 sic
1126 3547 1183 3596 et
1220 3559 1322 3613 ego
1352 3543 1616 3597 crastino.
1648 3544 1716 3597 Et
1761 3544 2028 3599 monebat

431 3628 771 3700 discipulum
798 3631 1192 3699 suum,dicens
1219 3651 1230 3685 :
1259 3632 1524 3695 Quamvis
1552 3632 1753 3703 aliquis
1780 3634 2027 3704 graviter

427 3725 701 3789 praesente
730 3725 786 3773 te
814 3720 1139 3790 peccaverit,
1171 3737 1245 3774 nc
1262 3721 1599 3775 condemnes
1629 3738 1788 3790 eum;
1824 3723 1920 3776 sed
1947 3722 2026 3778 sic

429 3807 578 3877 apud
606 3813 663 3860 te
692 3807 783 3872 sit,
818 3812 1089 3878 tanquam
1116 3813 1180 3862 tu
1230 3809 1357 3879 plus
1386 3826 1451 3863 eo
1501 3826 1714 3880 pecces,
1769 3812 2025 3881 quamvis

426 3896 522 3950 ille
553 3896 834 3952 saecularis
863 3898 954 3964 sit,
983 3899 1092 3953 nisi
1132 3899 1277 3953 forte
1310 3900 1491 3954 Deum
1525 3900 2019 3972 blasphemaverit,

427 3985 576 4056 quod
597 3990 683 4039 est
710 3985 1121 4041 haereticorum.

494 4075 548 4129 4.
580 4074 1070 4141 Quidampomine
1090 4077 1424 4132 Timotheus
1451 4078 1808 4146 anachoreta,
1842 4081 2022 4152 negli-

419 4168 646 4234 gentem
668 4165 968 4236 quemdam
992 4165 1224 4221 fratrem
1250 4167 1506 4233 audiens,
1530 4168 1904 4239 interroganti
1932 4169 2026 4224 ab-

418 4252 536 4307 bati
566 4254 702 4325 quid
732 4253 817 4309 illi
854 4254 1017 4310 fratri
1041 4255 1268 4322 faceret,
1297 4256 1454 4311 dedit
1478 4257 1770 4335 cqnsilium
1801 4263 1865 4313 ut
1894 4274 2024 4313 eum

418 4343 721 4414 expelleret
751 4345 932 4412 (Rulli,
959 4348 997 4399 ι.
1031 4359 1091 4411 Il,
1126 4362 1185 4399 η.
1214 4344 1358 4409 MO).
1381 4346 1520 4400 Cum
1555 4363 1691 4417 ergo
1710 4346 1805 4401 ille
1835 4348 2023 4419 expul-

2112 3197 2201 3246 aet
2228 3190 2400 3245 abbas
2427 3189 2716 3255 Arsenius,
2749 3206 2864 3260 prae
2890 3188 3227 3244 verecundia
3254 3188 3468 3242 tacitus
3494 3187 3692 3248 sedens,

2110 3281 2251 3335 dixit
2282 3298 2293 3333 :
2323 3281 2391 3334 Et
2418 3296 2521 3350 ego
2553 3295 2776 3350 quoque
2797 3284 3005 3343 tecum,
3038 3277 3230 3343 frater,
3263 3276 3605 3332 abscedo.Ac
3622 3274 3690 3329 sic

2108 3375 2348 3441 uterque
2370 3370 2765 3423 discesserunt.
2795 3367 3123 3422 Postulabat
3142 3371 3340 3421 autem
3357 3372 3425 3421 ut
3441 3366 3603 3421 etiam
3629 3363 3691 3417 ad

2108 3459 2368 3515 abbatem
2398 3457 2754 3531 Moysen,qui
2778 3473 2843 3512 ex
2863 3456 3178 3512 latronibus
3191 3456 3688 3517 conversusfuerat,

2106 3545 2493 3600 deduceretur.
2523 3544 2571 3597 A
2600 3559 2709 3614 quo
2740 3542 3496 3614 susceptus,factacharitate
3522 3539 3692 3593 dimis-

2106 3651 2202 3688 sus
2232 3641 2316 3688 est
2325 3676 2339 3690 .
2357 3634 2554 3688 Frater
2572 3638 2762 3687 autem
2778 3632 2874 3703 qui
2884 3632 2956 3686 ad
2968 3637 3238 3702 utrosque
3251 3631 3444 3701 ipsum
3457 3630 3689 3693 duxerat,

2108 3723 2248 3777 dixit
2277 3723 2360 3776 illi
2391 3741 2402 3775 :
2452 3723 2589 3776 Ecce
2639 3727 2907 3792 utrosque
2938 3737 3078 3792 quos
3118 3720 3452 3791 postulabas
3480 3717 3685 3773 vidisti:

2108 3812 2232 3883 quis
2258 3811 2360 3865 tibi
2387 3811 2514 3883 plus
2545 3828 2611 3864 ex
2634 3810 2908 3865 ambobus
2928 3809 3155 3881 placet?
3182 3811 3261 3863 At
3290 3809 3394 3863 ille
3412 3809 3495 3863 ait
3525 3824 3539 3862 :
3570 3804 3688 3862 Mihi

2107 3901 2323 3955 interea
2351 3901 2443 3955 hic
2472 3900 2674 3955 melior
2698 3900 2937 3967 videtur,
2954 3899 3050 3970 qui
3075 3915 3178 3953 nos
3200 3904 3478 3969 utrosque
3493 3902 3549 3951 et
3564 3896 3689 3950 bene

2106 3990 2368 4062 suscepit,
2418 3996 2477 4044 et
2512 3990 2654 4044 bene
2709 3988 2879 4060 pavit.
2931 3988 3054 4052 Quo
3092 4005 3357 4042 sermone
3398 3989 3685 4058 comperto,

2106 4096 2251 4135 unus
2273 4097 2339 4133 ex
2369 4078 2630 4133 Patribus
2661 4078 2731 4133 ad
2762 4078 3063 4132 Dominum
3092 4077 3296 4143 oravit,
3331 4077 3525 4131 dicens
3553 4097 3565 4131 :
3589 4075 3688 4128 Do-

2106 4169 2276 4232 mine,
2311 4170 2456 4223 hanc
2471 4169 2609 4222 mihi
2637 4184 2755 4222 rem
2779 4184 2975 4239 precor
2989 4166 3243 4231 ostende,
3266 4166 3405 4237 quia
3422 4181 3565 4220 unus
3579 4177 3690 4234 pro-

2104 4265 2231 4331 pter
2250 4275 2457 4312 nomen
2484 4263 2646 4312 tuum
2674 4273 2868 4311 omnes
2899 4255 3153 4310 homines
3169 4255 3363 4310 videre
3392 4261 3494 4309 aut
3510 4251 3687 4325 appel-

2105 4349 2222 4402 lare
2244 4347 2469 4418 refugit,
2488 4348 2633 4400 alter
2645 4362 2776 4401 vero
2787 4344 3050 4400 omnibus
3074 4350 3307 4416 propter
3321 4360 3532 4398 nomen
3543 4348 3688 4395 tuum

414 4447 515 4487 sus
543 4436 708 4499 esset,
738 4432 974 4487 tentatio
1000 4432 1150 4488 venit
1172 4450 1343 4505 super
1376 4434 1757 4490 Timotheum.
1786 4435 1855 4490 Et
1884 4453 2012 4491 cum
2033 4427 2410 4492 Dcommunis
2439 4442 2542 4490 est.
2560 4437 2629 4491 Et
2656 4451 2798 4502 ecce,
2831 4434 2890 4488 in
2920 4433 3126 4489 exstasi
3150 4434 3276 4488 duae
3304 4433 3392 4487 illi
3417 4448 3581 4487 naves
3598 4445 3689 4501 per

412 4521 744 4593 imploraret
790 4520 851 4575 in
880 4527 1180 4593 conspectu
1220 4521 1343 4590 Dei,
1393 4528 1450 4577 et
1479 4523 1724 4579 diceret:
1760 4525 2008 4593 Peccavi,

411 4609 678 4665 miserere
708 4610 849 4679 mei;
874 4610 1032 4665 venit
1061 4611 1131 4665 ad
1162 4627 1289 4665 eum
1320 4628 1441 4677 vox,
1458 4612 1650 4667 dicens
1669 4614 2007 4683 :Timothee,

410 4696 536 4752 ideo
566 4698 669 4754 tibi
702 4699 809 4753 hoc
829 4699 1036 4763 evenit,
1069 4699 1201 4771 quia
1226 4699 1459 4756 fratrem
1481 4706 1641 4757 tuum
1670 4702 1730 4757 in
1759 4707 2011 4776 tempore

408 4787 736 4844 tentationis
763 4806 878 4845 suae
903 4788 1241 4861 despexisti,

980 4913 1214 4969 CAPUT
1230 4914 1407 4970 XVII.

733 5038 806 5092 De
824 5041 1107 5093 uoluntate
1132 5040 1387 5108 proximi
1404 5040 1682 5107 facienda.

481 5139 535 5200 1.
564 5139 762 5197 Frater
790 5144 1023 5215 quidam
1048 5144 1337 5217 requisivit
1380 5144 1639 5200 abbatem
1685 5145 2001 5215 Pimenion,

404 5231 598 5288 dicens
623 5243 635 5278 ε
662 5231 807 5296 Quid
837 5243 923 5287 est
943 5233 1081 5288 fides
1100 5233 1129 5287 ?
1154 5235 1262 5311 Cui
1290 5251 1460 5289 senex
1492 5250 1503 5284 :
1537 5237 1603 5291 In
1642 5236 1915 5291 charitate
1944 5243 2002 5292 et

400 5320 723 5377 humilitate
749 5337 973 5392 semper
996 5322 1180 5377 vivere
1212 5328 1271 5377 et
1296 5323 1479 5379 facere
1501 5324 1713 5380 bonum
1744 5326 1999 5397 proximo

399 5428 504 5468 suo
512 5454 525 5467 .

2098 4527 2329 4581 ﬂuvium
2358 4530 2596 4581 ostensus
2621 4529 2798 4580 sunt:
2831 4529 2888 4578 et
2914 4523 2974 4577 in
3003 4538 3120 4578 una
3150 4523 3385 4593 quidem
3414 4521 3553 4576 vidit
3576 4518 3686 4589 Spi-

2094 4616 2268 4670 ritum
2298 4621 2554 4670 sanctum
2584 4631 2712 4668 cum
2741 4613 2964 4667 silentio
2983 4618 3041 4667 et
3064 4612 3278 4683 requie.
3310 4628 3431 4667 una
3449 4627 3575 4665 cum
3599 4606 3689 4662 ab-

2094 4703 2226 4758 bate
2254 4704 2490 4759 Arsenio
2518 4703 2911 4773 navigantem;
2945 4702 3005 4755 in
3033 4702 3213 4756 altera
3236 4718 3370 4755 vero
3401 4699 3529 4754 navi
3559 4695 3685 4751 vidit

2093 4792 2355 4847 abbatem
2400 4794 2631 4865 Moysen
2664 4798 2723 4846 et
2749 4792 2976 4861 angelos
3026 4790 3147 4857 Dei,
3185 4791 3298 4845 mel
3329 4795 3390 4845 et
3420 4789 3605 4844 favum
3631 4784 3683 4840 in

2093 4899 2154 4937 os
2184 4888 2241 4937 et
2267 4882 2324 4936 in
2355 4882 2552 4937 dentes
2577 4883 2699 4953 ejus
2718 4881 3051 4936 inserentes.

2684 5005 2919 5061 CAPUT
2944 5004 3091 5061 XIX.

2159 5132 2233 5186 De
2252 5134 2521 5201 obsequiis
2544 5132 2988 5199 inﬁrmantium,
3006 5133 3088 5185 vel
3116 5131 3341 5211 inﬁrmi
3344 5132 3456 5183 tate
3475 5130 3610 5197 ipsa.

2156 5237 2210 5291 1.
2244 5237 2484 5301 Quidam
2503 5236 2679 5292 frater
2707 5235 3000 5308 requisivit
3026 5251 3208 5301 senes,
3234 5234 3431 5288 dicens
3452 5235 3675 5300 (Petag.,

2085 5328 2254 5381 libelt.
2279 5340 2418 5390 xvu,
2448 5343 2610 5381 num.
2646 5324 2729 5394 18)
2766 5343 2778 5379 :
2826 5325 2885 5380 Si
2920 5325 3030 5380 duo
3070 5324 3273 5379 fratres
3300 5322 3364 5377 in
3414 5338 3531 5376 una
3556 5322 3677 5375 sunt

2082 5415 2242 5482 cella,
2259 5420 2318 5470 et
2339 5415 2434 5470 ille
2446 5415 2671 5487 quidem
2686 5430 2833 5469 unus
2856 5430 2951 5468 sex
2970 5412 3168 5468 diebus
3186 5411 3430 5482 integris
3443 5412 3669 5482 jejunat,

464 5504 520 5558 2.
540 5500 729 5558 Abbas
757 5498 1083 5558 Theodorus
1112 5516 1240 5555 cum
1265 5500 1335 5556 de
1364 5519 1533 5574 opere
1563 5521 1835 5560 manuum
1865 5505 1991 5560 ani-
2080 5504 2177 5559 ille
2206 5509 2397 5559 autem
2425 5505 2571 5559 alter
2595 5503 2917 5558 infirmitati
2943 5502 3078 5558 facit
3105 5501 3479 5573 obsequium;
3524 5499 3671 5568 cujus

395 5607 612 5667 maeque
649 5592 992 5665 loqueretur,
1023 5588 1159 5646 dicit
1184 5589 1257 5646 ad
1306 5604 1436 5648 eum
1462 5592 1638 5650 frater
1669 5615 1682 5650 :
1745 5594 1997 5669 Explana
2078 5611 2212 5665 ergo
2241 5611 2381 5667 opus
2401 5595 2585 5664 majus
2606 5598 2693 5649 est
2719 5593 2871 5666 apud
2897 5593 3082 5649 Deum
3099 5592 3128 5647 ‘I
3147 5590 3461 5665 Respondit
3478 5603 3671 5646 mox:
