3976 6186
318 305 454 366 1011

1621 298 1861 357 VERBA
1899 295 2290 355 SENIORUM.

3453 304 3593 365 1042

314 433 377 489 Si
411 431 506 487 ille
525 430 622 503 qui
635 430 860 504 jejunat
872 444 967 482 sex
991 427 1129 493 dies,
1146 441 1423 497 pernares
1453 442 1514 480 se
1541 418 2150 496 suspenderit,Aciens
2177 422 2367 478 animo
2396 424 2541 495 ejus,
2576 423 2797 483 dicebat
2827 443 2839 480 :
2881 427 3028 493 Noli,
3063 429 3143 484 mi
3178 429 3421 499 domine,
3454 433 3594 488 talia

312 539 430 578 non
456 521 566 576 erit
593 518 794 574 similis
816 518 899 572 illi
930 517 1093 571 alteri
1123 516 1181 570 in
1203 521 1503 587 conspectu
1516 516 1637 570 Dei.

383 612 439 668 2.
453 612 698 667 Joannes
708 608 894 663 minor
904 606 1193 671 Thebaeus,
1214 605 1521 677 discipulus
1539 603 1757 658 abbatis
1776 604 1913 658 Am-

1995 510 2169 582 loqui,
2202 512 2299 567 sed
2334 512 2423 567 dic
2480 514 2666 585 potius
2723 515 2859 587 quid
2901 522 2959 572 te
3012 519 3477 589 contristaverim,
3537 526 3597 578 et

1996 601 2251 655 emendo.
2284 602 2714 673 Elephantiosus
2733 611 2923 660 autem
2952 623 3083 661 cum
3106 607 3296 664 furore
3324 609 3544 667 dicebat
3576 629 3588 665 :
3640 610 3653 617 ’

309 702 521 769 monis,
539 697 837 754 duodecim
866 696 1030 751 annis
1056 695 1162 766 ipsi
1184 696 1304 749 seni
1326 693 1634 749 infirmanti
1657 693 1788 747 fecit
1813 692 1913 747 ob-
1997 690 2170 757 Vade,
2196 691 2324 745 nolo
2353 692 2492 746 istas
2520 693 2872 749 adulationes
2887 699 3041 764 tuas;
3060 698 3270 768 projice
3283 716 3372 754 me
3401 700 3461 754 in
3489 716 3594 772 pu-

308 790 573 862 sequium
593 804 787 857 ;senex
802 791 992 841 tamen
1005 801 1133 839 cum
1152 784 1381 838 vidisset
1402 800 1528 837 eum
1542 782 1910 847 laborantem,
1997 777 2223 846 blicum,
2247 780 2670 851 refrigeratione
2683 788 2902 839 tuanon
2918 801 3076 855 egeo.
3096 786 3589 859 Eulogiusautem,

306 895 604 950 nunquam
635 876 717 931 illi
735 891 1050 931 sermonem
1072 873 1340 928 blandum
1360 877 1460 927 aut
1478 872 1745 943 placitum
1761 872 1913 925 locu-
1999 872 2241 928 Obsecro
2300 880 2379 943 te,
2409 874 2612 947 inquit,
2647 876 2867 947 placare
2901 896 2912 930 :
2947 884 3047 934 aut
3090 880 3223 951 quid
3278 884 3353 946 te,
3386 882 3592 953 inquit,

308 974 408 1024 tus
438 973 525 1023 est
550 970 734 1036 (Ra/71,
769 967 865 1019 lib.
898 979 979 1029 In,
1018 980 1071 1017 η.
1105 962 1205 1018 155
1236 981 1248 1028 ;
1282 964 1483 1029 Pelag.,
1503 964 1672 1016 libell.
1708 975 1821 1024 va,
1857 976 1913 1014 η.
1999 963 2464 1031 contristaverim,
2488 967 2803 1020 venerande
2832 983 3020 1034 senex,
3063 968 3284 1024 edicito.
3317 970 3596 1042 Elephan-

304 1057 392 1129 4).
419 1059 559 1111 Cum
586 1061 777 1111 autem
809 1055 878 1108 de
907 1054 1013 1107 hoc
1046 1052 1254 1106 mundo
1276 1050 1561 1115 transiret,
1594 1048 1918 1105 sedentibus
1998 1051 2176 1106 tiosus
2203 1059 2394 1107 autem
2424 1055 2678 1125 asperior
2722 1055 2780 1109 in
2831 1055 3038 1123 furore,
3072 1057 3293 1113 dicebat
3320 1060 3391 1114 ad
3415 1076 3545 1114 eum
3579 1078 3592 1114 :

308 1146 441 1201 aliis
468 1145 717 1209 senibus,
748 1142 934 1198 tenuit
960 1157 1162 1195 manus
1193 1142 1334 1210 ejus,
1364 1144 1421 1193 et
1451 1139 1594 1192 dixit
1623 1138 1673 1192 ei
1704 1138 1872 1193 tertio
1900 1157 1911 1192 :
1998 1142 2123 1195 Jam
2152 1142 2537 1197 fraudulentas
2558 1143 2848 1198 irrisiones
2868 1150 2996 1200 tuas
3024 1163 3137 1200 non
3157 1148 3294 1213 fero,
3327 1148 3599 1204 adulatio-

306 1235 575 1300 Salveris,
608 1233 857 1298 salveris,
902 1231 1151 1285 salveris.
1186 1231 1255 1283 Et
1284 1229 1517 1283 tradidit
1563 1229 1722 1282 illum
1765 1227 1915 1281 seni-
1998 1247 2099 1284 nes
2118 1235 2174 1285 et
2198 1230 2664 1287 subsannationes
2676 1239 2803 1288 tuas
2825 1251 2935 1289 non
2965 1235 3164 1299 tolero.
3184 1236 3301 1290 Nec
3317 1238 3453 1291 mihi
3482 1238 3599 1292 hac

303 1324 436 1391 bus,
470 1324 658 1377 dicens
690 1342 702 1376 :
733 1322 831 1376 Ille
860 1337 973 1374 non
988 1319 1290 1383 homo,sed
1319 1318 1553 1387 angelus
1582 1322 1685 1383 est,
1710 1316 1805 1387 qui
1833 1322 1918 1371 tot
1998 1320 2157 1374 arida
2185 1337 2464 1391 parcaque
2484 1322 2597 1376 vita
2610 1323 2864 1392 jucunda
2882 1329 2985 1390 est,
3010 1324 3133 1378 volo
3162 1325 3423 1380 carnibus
3442 1331 3599 1382 satu-

308 1413 479 1468 annis
522 1411 662 1466 mihi
690 1409 1002 1465 inﬁrmanti
1027 1407 1293 1473 serviens,
1321 1423 1421 1460 nec
1449 1405 1655 1461 bonum
1710 1422 1918 1460 sermo-
1998 1410 2132 1463 rari.
2165 1410 2419 1481 Cumque
2448 1411 2499 1464 ei
2525 1411 2784 1467 exhibita;
2812 1413 2982 1467 aviro
2999 1413 3409 1484 patientissimo
3440 1416 3604 1470 Eulo-

302 1518 440 1557 nem
476 1500 731 1566 audiens,
765 1498 894 1553 fecit
939 1502 1132 1552 tamen
1180 1495 1510 1567 obsequium
1539 1512 1665 1550 cum
1707 1511 1913 1565 magna
1994 1498 2087 1569 gio
2117 1515 2315 1553 carnes
2335 1498 2587 1567 fuissent,
2612 1500 2781 1571 erepit
2821 1500 3027 1556 iterum
3055 1503 3404 1573 proclamare
3435 1522 3448 1557 ε
3474 1505 3602 1559 Νοιι

302 1591 605 1663 patientia.
1994 1592 2172 1658 potes,
2204 1588 2405 1659 inquit,
2439 1606 2576 1643 meae
2604 1590 2923 1644 satisfacere
2951 1592 3251 1657 voluntati,
3281 1609 3465 1663 neque
3510 1599 3598 1648 te-

378 1680 434 1735 3.
462 1680 656 1734 Plures
676 1678 848 1748 igitur
876 1675 1110 1731 diversis
1138 1674 1459 1729 laborantes
1484 1674 1972 1752 necessitatibus“
1995 1693 2122 1731 cum
2146 1677 2431 1732 solitarius
2472 1677 2728 1733 habitare
2756 1679 3027 1750 praevaleo
3051 1698 3062 1733 :
3088 1681 3358 1752 populum
3388 1681 3598 1747 videre,

300 1737 916 1825 conveneruntufratres
936 1766 1007 1819 ad
1039 1770 1294 1819 sanctum
1317 1763 1622 1817 Antonium
1649 1765 1907 1830 (Pallad.,
1925 1737 1973 1797 Β
1994 1765 2062 1819 ad
2092 1766 2376 1837 publicum
2400 1766 2481 1821 ire
2499 1737 2774 1822 desidero:
2792 1767 2942 1823 Dicit
2963 1769 3015 1822 ei
3028 1737 3292 1839 Eulogius
3319 1788 3331 1824 :
3362 1768 3484 1840 Ego
3502 1737 3598 1825 ad:

299 1875 353 1913 ε.
380 1856 491 1927 26),
526 1858 676 1911 inter
703 1872 844 1927 quos
873 1861 931 1909 et
960 1854 1225 1923 Eulogius
1249 1852 1316 1922 (‘2)
1342 1852 1569 1923 quidam
1604 1852 1911 1907 monachus
1993 1854 2136 1909 duco
2166 1854 2268 1909 tibi
2297 1856 2713 1910 multitudinem
2741 1857 3000 1911 fratrum.
3026 1858 3243 1912 Rursus
3268 1858 3508 1913 ferocior
3531 1875 3598 1914 ac

297 1947 737 2011 Alexandrinus,
769 1961 895 2000 cum
927 1943 1136 2014 alioqui
1166 1942 1551 2013 elephantiaco
1572 1940 1766 1995 morbo
1786 1958 1911 1996 cru-
1992 1960 2135 2014 pene
2150 1943 2512 2015 blasphemus
2526 1951 2770 2015 aegrotus
2798 1964 2811 2000 :
2836 1946 2970 2011 Nec,
2998 1946 3203 2017 inquit,
3220 1946 3417 2002 faciem
3433 1952 3595 2003 tuam

297 2035 580 2101 ciabatur,
613 2051 752 2106 quos
768 2034 898 2088 illuc
924 2037 1152 2104 propter
1172 2030 1555 2101 hujuscemodi
1569 2046 1795 2085 causam
1822 2047 1910 2085 ve-
1991 2033 2179 2101 videre
2205 2034 2348 2101 volo,
2372 2039 2429 2088 et
2455 2033 2686 2088 adducis
2714 2034 2852 2091 mihi
2882 2035 3091 2089 similes
3116 2041 3261 2103 tuos,
3293 2036 3467 2091 solius
3494 2053 3597 2109 pa-

296 2126 456 2179 nisse
509 2122 920 2178 memorabant.
962 2122 1067 2175 llic
1111 2120 1377 2191 Eulogius
1434 2119 1795 2174 scholasticus
1836 2120 1907 2189 (3)
1989 2122 3323 2196 nisdevoratores;concutiensquesemetipsum,
3341 2115 3597 2196 inquieta

297 2219 445 2279 erat,
468 2212 828 2267 saecularibus
851 2210 1053 2266 litteris
1067 2209 1907 2274 eruditus.Quiimmortalitatis
1988 2228 2118 2266 voce
2153 2212 2376 2279 clamat,
2400 2213 2591 2267 dicens
2624 2232 2636 2266 :
2671 2213 2773 2267 Hic
2794 2230 2917 2268 esse
2941 2214 3090 2280 nolo,
3114 2214 3185 2268 ad
3204 2213 3491 2285 publicum
3511 2214 3594 2270 ire

294 2302 582 2357 desiderio
619 2307 834 2373 captus,
870 2301 998 2355 huic
1026 2300 1236 2354 mundo
1274 2298 1694 2353 renuntiaverat
1727 2319 1739 2361 ;
1772 2298 1907 2352 divi-
1987 2300 2717 2357 desidero.0violentia!ln
2737 2318 2867 2356 eum
2896 2303 3080 2358 locum
3109 2303 3419 2375 meprojice
3442 2303 3592 2358 unde

295 2392 490 2462 sisque
518 2390 686 2445 rebus
716 2390 832 2445 suis
860 2389 1117 2444 omnibus
1154 2394 1322 2458 atque
1352 2386 1641 2458 dispersis,
1698 2403 1901 2457 parum

296 2481 513 2553 aliquid
525 2479 891 2552 pecuniarum
910 2478 1219 2548 reliquerat
1231 2476 1336 2531 sibi
1346 2475 1566 2547 ;quibus
1586 2476 1717 2547 quia
1729 2492 1830 2546 per
1842 2492 1902 2531 se

295 2570 521 2642 operari
543 2586 655 2624 non
677 2572 915 2640 poterat,
935 2572 1209 2621 uteretur.
1239 2567 1381 2621 Cum
1400 2565 1574 2636 igitur
1602 2581 1732 2620 eum
1753 2582 1901 2636 quae-

1983 2406 2074 2443 me
2093 2390 2389 2445 sustulisti.
2418 2392 2599 2445 Tanta
2622 2407 2755 2462 ergo
2782 2396 2904 2446 erat
2935 2392 3059 2462 ejus
3087 2391 3587 2464 insania,adeoque

1984 2495 2182 2533 sensus
2223 2480 2346 2549 ejus
2373 2479 2602 2547 infirmi,
2639 2480 3053 2551 quodammodo
3081 2486 3140 2536 et
3161 2498 3346 2536 mores
3395 2481 3577 2552 [forte,

1984 2568 2270 2639 humores]
2326 2573 2643 2641 perveterat
2672 2570 2910 2637 daemon,
2942 2575 3009 2625 ut
3035 2576 3094 2625 et
3120 2571 3322 2642 laqueo
3352 2587 3411 2626 se
3440 2570 3586 2626 forte

294 2660 429 2714 dam
459 2658 637 2713 animi
683 2657 918 2712 defectio
940 2656 1220 2726 fatigaret,
1257 2661 1313 2709 et
1337 2671 1519 2725 neque
1547 2670 1675 2708 cum
1706 2653 1899 2708 multis
1982 2659 2385 2729 suspendisset,
2417 2659 2465 2713 si
2484 2674 2703 2724 manus,
2736 2675 2836 2730 per
2855 2675 2993 2730 quas
3021 2659 3127 2714 hoc
3147 2660 3331 2715 facere
3373 2665 3581 2731 posset,

293 2748 357 2803 in
378 2747 718 2803 monasterio
739 2748 963 2818 degere,
979 2762 1160 2816 neque
1175 2744 1483 2799 solitariam
1507 2743 1677 2797 vitam
1710 2748 1900 2814 posset
1979 2746 2285 2802 habuisset.
2312 2748 2398 2802 Ad
2417 2748 2721 2803 monachos
2749 2748 2941 2820 itaque
2965 2748 3174 2803 vicinos
3204 2749 3389 2821 pergit
3421 2750 3586 2805 Eulo-

291 2839 443 2893 ferre
491 2838 788 2909 patienter,
813 2836 1022 2908 reperit
1050 2834 1350 2906 quemdam
1371 2832 1590 2905 publice
1628 2833 1688 2886 in
1709 2832 1898 2903 platea
1975 2836 2121 2907 gius,
2155 2836 2236 2891 ita
2252 2836 2440 2891 dicens
2466 2837 2548 2892 eis
2580 2856 2591 2889 :
2615 2836 2989 2903 Quidfaciam,
3007 2837 3142 2908 quia
3162 2837 3582 2909 elephantiosus

285 2930 592 3000 jacentem,
617 2927 699 2981 ita
728 2925 1095 2980 invalitudine
1121 2924 1234 2990 illa,
1278 2940 1445 2995 quam
1472 2922 1729 2993 superius
1758 2921 1892 2988 dixi,
1978 2925 2082 2979 iste
2111 2925 2333 3005 penitus
2354 2925 2653 2997 desperare
2674 2942 2765 2980 me
2780 2926 2944 2981 fecit?
2966 2927 3174 2981 Dicunt
3200 2927 3252 2981 ei
3282 2945 3293 2981 :
3318 2927 3497 2992 Quam
3511 2927 3582 2982 ob

294 3017 612 3089 impletum,
644 3020 707 3070 ut
724 3015 843 3069 sine
863 3013 1096 3086 pedibus
1117 3019 1175 3068 et
1189 3011 1449 3066 manibus
1466 3010 1751 3064 videretur
1773 3028 1785 3062 :
1805 3009 1895 3064 cui
1977 3031 2201 3069 causam
2232 3014 2260 3069 ?
2289 3014 2597 3087 Respondit
2625 3015 2705 3070 eis
2734 3033 2747 3069 :
2781 3014 2925 3079 Quia
2954 3016 3098 3070 dura
3128 3020 3261 3070 sunt
3290 3033 3413 3087 qua:
3440 3016 3579 3071 mihi

291 3106 487 3177 lingua
496 3105 889 3160 tantummodo
906 3103 1176 3158 immunis
1189 3103 1406 3156 atantis
1417 3101 1761 3155 cruciatibus
1772 3106 1894 3156 erat
1911 3089 1955 3149 (ἶ
1977 3109 2212 3159 conatur
2235 3104 2543 3176 imponere,
2567 3109 2625 3159 et
2654 3104 2787 3175 quid
2809 3120 2973 3175 agam
2988 3104 3189 3174 ignoro
3213 3123 3227 3159 :
3252 3104 3577 3175 projiciam-

288 3212 408 3267 qua
433 3195 615 3265 magis
653 3199 844 3266 posset
868 3193 940 3248 ab
968 3191 1318 3247 intuentibus
1348 3191 1625 3245 malorum
1656 3207 1889 3245 suorum

285 3284 605 3339 remedium
623 3283 949 3354 promereri.
975 3283 1227 3352 Cumque
1239 3298 1367 3335 eum
1382 3280 1648 3334 assistens
1661 3280 1890 3334 vidisset

286 3374 577 3444 Eulogius,
611 3372 862 3426 oratione
881 3372 1031 3425 facta
1057 3371 1125 3424 ad
1148 3371 1346 3434 Deum,
1380 3374 1438 3423 et
1463 3369 1611 3423 facta
1641 3369 1885 3439 quadam

284 3479 417 3517 cum
443 3461 681 3516 Domino
699 3461 974 3532 pactione,
1000 3460 1085 3514 his
1110 3461 1386 3514 allocutus
1415 3464 1503 3513 est
1529 3458 1711 3512 verbis
1739 3477 1750 3511 :
1774 3459 1886 3513 Do-

285 3550 458 3617 mine,
490 3550 694 3621 inquit,
728 3551 896 3613 Deus,
929 3550 986 3603 in
1016 3554 1113 3604 tuo
1156 3548 1383 3603 nomine
1420 3547 1663 3617 suscipio
1714 3547 1881 3601 istum

281 3646 404 3696 tam
418 3639 655 3694 immani
669 3638 983 3694 valetudine
994 3638 1383 3709 praepeditum,
1399 3642 1459 3691 ut
1475 3642 1704 3707 propter
1714 3636 1883 3691 istum

283 3730 495 3803 possim
512 3734 570 3783 et
591 3730 708 3800 ipse
724 3728 946 3782 salvari.
979 3728 1144 3781 Adsis
1157 3744 1289 3796 ergo
1311 3726 1468 3791 mihi,
1490 3727 1519 3780 J
1524 3743 1622 3779 esu
1640 3726 1879 3793 Christe,

281 3825 456 3890 atque
488 3818 817 3890 patientiam
838 3817 898 3871 in
917 3817 1016 3871 tali
1046 3816 1359 3870 ministerio
1411 3815 1688 3885 largiaris.
1736 3816 1886 3870 Mox-

281 3925 395 3981 que
415 3908 489 3963 ad
514 3909 796 3978 jacentem
816 3907 977 3961 illum
1002 3906 1081 3960 ait
1106 3925 1117 3959 :
1139 3905 1237 3959 Vis
1257 3905 1449 3971 frater,
1473 3904 1717 3975 suscipio
1746 3911 1802 3960 te
1825 3905 1883 3960 in

282 3997 452 4052 domo
490 4012 635 4061 mea,
660 4002 715 4051 et
736 4012 1068 4067 quacunque
1094 4000 1290 4066 potero
1323 3995 1830 4059 ratione,sustento
1858 3995 1883 4048 ’ἲ

283 4086 540 4157 Cumque
570 4086 686 4140 haec
699 4085 792 4139 ille
814 4083 1346 4157 libenteramplecti,
1369 4084 1416 4137 si
1446 4083 1794 4153 dignaretur,
1820 4101 1881 4139 se

280 4175 496 4231 diceret
520 4174 764 4229 :Vadam
778 4190 931 4244 ergo,
955 4160 1477 4245 inquit,‘etasinum
1524 4189 1634 4243 quo
1662 4173 1881 4228 veharis

279 4264 579 4319 adducam.
598 4263 701 4319 Cui
721 4263 1081 4317 vehementer
1098 4263 1383 4317 exsultans
1394 4262 1678 4316 consensit
1702 4278 1881 4333 aegro-

278 4358 396 4408 tus.
416 4353 594 4424 quue
612 4368 740 4406 mox
767 4352 898 4406 fecit
913 4351 1201 4421 Eulogius,
1224 4356 1281 4405 et
1295 4357 1669 4405 memoratum
1690 4351 1761 4405 ad
1786 4352 1882 4406 ho-

1974 3210 2045 3248 ne
2075 3211 2205 3248 eum
2235 3194 2258 3246 7
2281 3194 2389 3249 Sed
2410 3194 2575 3248 aliter
2602 3194 2718 3249 Deo
2747 3193 3006 3248 dexteras
3022 3193 3174 3260 dedi,
3202 3194 3273 3248 de
3309 3193 3415 3248 hoc
3437 3193 3575 3249 satis

1969 3300 2182 3338 vereor.
2217 3284 2342 3337 Non
2369 3283 2661 3354 projiciam
2691 3299 2818 3337 eum
2847 3283 2980 3351 ;sed
3000 3288 3084 3337 tot
3098 3300 3164 3337 ac
3189 3288 3350 3338 tanta
3366 3282 3574 3337 iterum

1968 3372 2186 3427 dierum
2210 3389 2275 3427 ac
2298 3372 2547 3427 noctium
2567 3372 2716 3427 mala
2736 3372 2883 3427 ferre
2911 3389 3023 3427 non
3044 3389 3275 3444 possum
3306 3390 3321 3440 ;
3345 3371 3480 3444 quid
3498 3371 3571 3427 de

1967 3462 2087 3533 ipso
2114 3462 2290 3532 igitur
2314 3479 2349 3516 a
2367 3478 2456 3516 me
2484 3462 2603 3527 ﬁat,
2630 3461 2846 3532 ignoro.
2878 3461 2963 3517 Ad
2989 3478 3158 3533 quem
3183 3461 3265 3515 illi
3285 3460 3372 3515 his
3384 3460 3569 3516 verbis

1966 3551 2279 3622 loquuntur
2300 3569 2311 3605 :
2333 3552 2479 3606 Dum
2506 3551 2689 3605 adhuc
2713 3550 2847 3605 vivit
2861 3556 2919 3605 et
2929 3555 3187 3622 superest
3198 3551 3435 3621 Magnus
3448 3549 3564 3613 ille,

1965 3640 2047 3695 sic
2097 3640 2244 3695 enim
2292 3639 2611 3706 vocabatur,
2668 3639 2963 3705 Antonius,
3011 3639 3250 3694 ascende
3295 3639 3367 3693 ad
3412 3655 3563 3704 eum,

1966 3746 2290 3801 aegrumque
2309 3730 2437 3783 navi
2457 3728 2868 3801 impositum,in
2897 3728 3299 3783 monasterium
3311 3728 3434 3798 ejus
3462 3728 3563 3781 de-

1965 3819 2066 3886 fer,
2095 3824 2419 3890 exspectans
2448 3817 2526 3872 ibi
2553 3818 2730 3872 donec
2759 3818 3080 3889 speluncam
3111 3833 3275 3872 suam
3304 3832 3587 3887 egressus‘

1965 3908 2242 3963 adveniat.
2266 3908 2445 3972 Quem
2474 3924 2600 3962 cum
2630 3907 2853 3974 videris,
2880 3909 3086 3961 referes
3110 3906 3222 3961 ista
3257 3922 3379 3977 quae
3408 3897 3565 3977 pateé

1964 3998 2062 4063 ris,
2085 4004 2255 4069 atque
2282 3997 2352 4051 ab
2381 4012 2448 4051 eo
2478 3996 2772 4052 consilium
2788 3994 3097 4068 postulabis
3121 4014 3135 4061 ;
3167 3994 3437 4067 quidquid
3457 3993 3561 4049 tibi

1962 4104 2132 4158 super
2159 4087 2264 4141 hoc
2299 4085 2517 4152 dixerit,
2546 4085 2735 4151 facies,
2771 4090 2827 4139 et
2866 4086 2989 4155 ejus
3041 4083 3445 4138 monitionibus
3473 4099 3562 4137 ac-

1964 4176 2233 4246 quiesces.
2254 4175 2435 4229 sciens
2459 4191 2494 4228 a
2523 4175 2639 4229 Deo
2663 4173 2851 4244 juberi
2875 4172 2976 4227 tibi
2995 4173 3143 4244 quod
3172 4172 3267 4227 ille
3286 4188 3559 4244 praecepe-

1962 4265 2055 4319 rit.
2086 4266 2213 4320 Mox
2240 4264 2415 4333 igitur
2429 4262 2781 4318 sermonibus
2812 4262 3051 4318 fratrum
3080 4260 3319 4316 libenter
3341 4261 3559 4316 instru-

1963 4359 2105 4419 ctus,
2119 4353 2501 4424 supradictum
2522 4368 2733 4422 aegrum
2745 4350 2965 4405 blandis
2990 4350 3552 4422 precibussuperans,

278 4443 515 4514 spitium
526 4458 689 4496 suum
711 4442 834 4496 sine
853 4441 1121 4495 dilatione
1156 4440 1481 4495 transvexit.
1513 4441 1621 4494 Per
1650 4441 1879 4511 quinde-
1897 4442 2192 4503 Dlittorali
2206 4440 2751 4513 naviculzeimposuit
2764 4459 2777 4508 ;
2791 4440 3127 4511 sustulitque
3139 4439 3210 4494 de
3220 4439 3443 4494 civitate
3458 4456 3560 4510 per

278 4532 395 4588 cim
420 4530 911 4602 igiturannosjugi
929 4530 1217 4584 curatione
1240 4536 1297 4584 et
1310 4535 1581 4601 perpetua
1606 4529 1657 4583 ei
1671 4530 1875 4584 sollici-

277 4620 479 4676 tudine
498 4619 800 4674 serviebat:
819 4636 920 4690 per
947 4635 1114 4689 quem
1136 4635 1300 4672 omne
1324 4624 1547 4690 tempus
1576 4624 1633 4672 et
1652 4620 1764 4686 ille,
1788 4619 1879 4674 cui

276 4715 505 4766 tantum
531 4708 888 4763 deferebatur
921 4707 1271 4778 obsequium,
1302 4723 1430 4761 cum
1461 4708 1773 4777 gratiarum
1790 4726 1879 4763 ac-

280 4800 441 4854 tione
468 4804 668 4853 cuncta
694 4796 992 4863 tolerabat,
1010 4803 1069 4851 et
1088 4796 1303 4867 Eulogii
1332 4796 1592 4851 manibus
1621 4803 1678 4851 et
1707 4798 1880 4853 medi-

279 4888 574 4951 camentis,
596 4886 843 4959 cibisque
873 4886 1173 4949 etbalneis,
1206 4891 1375 4956 prout
1402 4886 1755 4957 Campetebat
1784 4904 1879 4941 va-

280 4976 541 5043 letudini,
582 4976 903 5031 curabatur.
927 4977 1063 5029 Post
1087 4974 1403 5046 quindecim
1434 4992 1563 5029 vero
1601 4993 1778 5031 annos
1798 4977 1880 5031 in-

280 5071 493 5125 stinctu
518 5069 803 5135 damonis,
837 5068 1192 5141 supradictus
1222 5068 1777 5139 zegrotusimmemor
1797 5075 1884 5124 tot

279 5157 539 5214 laborum
571 5157 789 5228 Eulogii
814 5163 1212 5229 tantorumque
1238 5157 1590 5222 meritorum,
1625 5158 1792 5229 erepit
1813 5157 1881 5213 ab

280 5264 350 5303 eo
380 5247 519 5301 velle
562 5246 868 5312 discedere,
904 5247 1206 5317 multisque
1233 5246 1457 5316 injuriis
1486 5251 1654 5317 atque
1685 5264 1883 5318 oppro-

278 5336 419 5392 briis
458 5335 747 5407 increpare
776 5352 927 5403 eum,
959 5336 1149 5389 dicens
1183 5354 1195 5389 :
1228 5334 1481 5405 Fugitive
1516 5334 1606 5406 (Ἠ,
1639 5336 1733 5407 qui
1753 5354 1883 5408 pro-

281 5425 466 5499 priam
481 5425 711 5479 domum
722 5424 1354 5495 devorasti,furatusque
1366 5441 1425 5478 es
1441 5424 1680 5479 alienam
1693 5431 1817 5491 61
1824 5432 1884 5492 4

281 5514 678 5581 substantiam,
695 5514 753 5569 in
775 5530 865 5568 me
886 5513 1233 5568 occasionem
1252 5513 1451 5568 salutis
1475 5518 1585 5568 tua":
1614 5515 1888 5586 reperisse

287 5610 347 5661 te
369 5602 596 5660 credis?
618 5603 886 5675 Eulogius
914 5607 1105 5659 autem
1136 5600 1371 5673 rogabat
1399 5619 1549 5671 eum,
1581 5609 1638 5659 et
1666 5605 1890 5663 satisfa-

1959 4538 2201 4599 noctem,
2222 4537 2280 4586 et
2297 4532 2367 4586 ad
2388 4531 2788 4602 discipulorum
2808 4530 2990 4585 sancti
3005 4528 3237 4584 Antonii
3264 4528 3558 4583 habitacu-

1958 4623 2077 4677 lum
2105 4621 2280 4676 duxit.
2314 4620 2518 4676 Evenit
2543 4625 2733 4675 autem
2762 4625 2828 4675 ut
2854 4619 2964 4674 alio
2994 4619 3082 4673 die
3112 4617 3442 4690 vespertinis
3462 4617 3560 4672 ho-

1960 4712 2038 4766 ris
2055 4710 2444 4783 superveniret
2457 4710 2590 4764 illuc
2600 4708 2797 4764 beatus
2811 4707 3107 4773 Antonius,
3131 4706 3410 4761 referente
3419 4705 3559 4760 mihi

1961 4800 2165 4856 Cronio
2191 4800 2340 4871 quod
2360 4799 2656 4870 chlamyde
2684 4814 2749 4852 ex
2770 4796 3006 4869 pellibus
3029 4796 3179 4850 facta
3199 4795 3429 4851 indutus
3461 4794 3558 4850 ad-

1960 4889 2195 4946 venerit.
2220 4888 2451 4944 Solebat
2469 4893 2660 4942 autem
2678 4886 2906 4941 veniens
2931 4885 3001 4940 ad
3027 4884 3431 4940 monasterium
3450 4883 3561 4939 fra-

1960 4985 2113 5034 trum
2149 4995 2346 5033 vocare
2374 4994 2438 5032 ex
2467 4976 2603 5049 ipsis
2630 4975 2955 5039 Macarium,
2979 4990 3220 5044 eumque
3248 4972 3337 5028 his
3376 4973 3563 5028 verbis

1962 5069 2312 5139 interrogare
2341 5083 2354 5123 :
2380 5067 2672 5121 Venerunt
2690 5064 2870 5118 adhuc
2890 5062 3066 5134 aliqui
3095 5063 3298 5117 fratres
3318 5063 3343 5112 ?
3369 5062 3445 5118 Et
3466 5062 3562 5119 ille

1965 5157 2182 5212 venisse
2210 5155 2446 5210 dicebat.
2474 5155 2556 5209 De
2585 5154 2844 5225 Egypto,
2876 5151 3079 5223 inquit,
3112 5157 3264 5221 sunt,
3286 5170 3359 5208 an
3378 5153 3447 5209 de
3474 5154 3564 5208 Je-

1966 5245 2286 5317 rosolyma?
2308 5245 2424 5299 Hoc
2448 5248 2637 5298 autem
2669 5242 2892 5313 signum
2915 5241 2984 5296 ab
3013 5242 3100 5297 his
3127 5243 3377 5313 jusserat
3418 5242 3563 5308 dari,

1966 5341 2032 5390 ut
2051 5334 2269 5405 quoties
2298 5332 2472 5404 aliqui
2502 5348 2614 5386 non
2642 5331 2779 5385 satis
2809 5331 2964 5402 digni
2993 5332 3268 5404 colloquio
3284 5332 3458 5404 ipsius
3477 5349 3565 5386 ve-

1968 5426 2174 5489 nirent,
2191 5423 2481 5478 advenisse
2507 5420 2755 5492 ;Egyptii
2770 5420 3111 5489 dicerentur;
3130 5422 3348 5493 quoties
3372 5425 3562 5474 autem

1970 5513 2148 5569 sancti
2172 5512 2399 5584 quidam
2423 5516 2482 5565 et
2504 5510 2827 5583 spirituales
2856 5511 3181 5566 viderentur
3199 5509 3321 5576 viri,
3346 5508 3563 5564 venisse

1972 5604 2041 5659 de
2052 5602 2403 5675 Jerosolyma
2420 5600 2841 5657 nuntiarentur.
2854 5600 3012 5658 Tunc
3021 5616 3154 5672 ergo
3165 5596 3564 5669 veniensjuxta
