3964 6206
369 292 521 353 1043
1485 292 1579 348 DE
1614 290 1805 348 VITIS
1842 289 2141 348 PATRUM
2176 291 2391 349 LIBER
2426 292 2551 348 VII.
3515 285 3661 345 1044

377 420 837 477 consuetudinem
866 433 1047 485 suam,
1066 434 1192 473 cum
1214 418 1593 489 interrogaret
1611 422 1803 474 utrum
1822 419 2138 478 lere-Atio
2166 420 2279 474 ista
2330 419 2537 473 idcirco
2578 415 2778 472 accidit
2830 414 3001 481 vobis,
3052 413 3186 487 quia
3240 413 3314 468 ad
3339 413 3509 469 ﬁnem
3528 413 3663 467 vite

377 509 775 582 solymitaaillic
792 510 996 563 fratres
1016 513 1221 575 essent,
1263 525 1336 562 an
1365 508 1631 580 Egyptii,
1684 508 1975 579 respondit
2053 509 2219 565 ambo
2250 508 2496 573 venistis,
2527 508 2696 562 etiam
2717 510 2956 577 uterque
2973 509 3224 559 vestrum
3242 502 3664 558 merebiturco-

377 600 679 669 Macarius,
708 598 896 653 dicens
919 616 933 653 :
958 599 1037 653 Ex
1059 603 1301 669 utroque
1329 598 1441 652 illic
1469 598 1741 669 quosdam
1766 613 1974 668 genere
2054 599 2264 654 ronari.
2289 598 2442 653 Nihil
2468 614 2602 668 ergo
2618 596 2782 651 aliter
2809 595 3072 658 feceritis,
3093 610 3165 648 ne
3183 594 3233 648 si
3255 593 3399 647 forte
3419 591 3660 663 angelus

374 689 578 745 vidisse
603 704 683 744 se.
703 688 846 745 Cum
862 692 1053 743 autem
1075 688 1307 741 dixisset
1323 687 1405 742 illi
1420 692 1646 742 sanctus
1662 686 1965 741 Antonius:
2054 690 2301 755 veniens,
2329 703 2424 743 vos
2452 688 2511 741 in
2537 702 2604 741 eo
2641 701 2809 757 quem
2832 684 2946 738 dixi
2973 684 3094 738 loco
3118 681 3369 737 invenire
3395 697 3511 736 non
3530 697 3667 752 pos-

371 779 482 834 Fac
496 778 607 833 illis
633 777 906 844 laetitiam,
933 782 991 831 et
1016 783 1243 831 sumant
1257 776 1462 842 cibum,
1495 782 1563 830 et
1579 793 1693 830 una
1721 792 1847 830 cum
1869 776 1971 842 eis,
2058 779 2151 843 sit,
2176 778 2401 849 utrique
2423 776 2643 831 coronis
2663 773 3020 829 fraudemini.
3052 772 3161 836 Qui
3201 787 3330 826 cum
3354 770 3427 825 ad
3452 770 3669 825 cellam

374 866 628 922 oratione
645 868 940 937 completa,
968 865 1316 938 jubebantur
1358 866 1647 921 discedere
1681 885 1692 920 :
1725 882 1789 920 ac
1844 882 1974 921 vero
2057 884 2216 923 suam
2232 863 2795 921 velociterredeundo
2810 859 3663 933 redintegratapacevenissent,

372 970 503 1012 cum
529 955 952 1029 Jerosolymitas
977 972 1195 1011 venisse
1220 955 1523 1022 didicisset,
1556 972 1657 1026 per
1675 960 1852 1010 totam
1880 971 1977 1010 no-
2055 959 2205 1012 intra
2234 956 2609 1028 quadraginta
2635 953 2755 1008 dies
2793 952 3059 1022 Eulogius
3077 949 3230 1022 prior
3258 947 3415 1014 obiit,
3450 955 3507 1003 et
3526 953 3672 1019 post

374 1050 518 1099 ctem
539 1062 666 1100 cum
690 1046 771 1099 eis
790 1046 1011 1111 sedens,
1043 1061 1113 1099 ea
1142 1044 1250 1099 illis
1278 1061 1401 1115 quae
1429 1044 1597 1099 saluti
1626 1059 1821 1098 eorum
1850 1060 1976 1115 pro~
2054 1047 2270 1118 aliquot
2286 1044 2769 1116 diessupradictus
2787 1040 2991 1097 defecit
3009 1037 3474 1111 :sgrotus,animo
3488 1037 3672 1092 vehe-

371 1136 606 1190 ficerent
631 1133 985 1206 loquebatur.
1010 1133 1498 1205 llemorataigitur
1517 1140 1681 1188 nocte
1697 1150 1825 1187 eum
1842 1149 1971 1188 con-
2050 1141 2273 1191 menter
2295 1133 2609 1190 incolumis.
2654 1131 2893 1187 Cronius
2921 1134 3112 1186 autem
3156 1144 3282 1183 cum
3342 1127 3670 1199 plurimum

371 1223 583 1279 sedisse
621 1223 957 1291 referebant,
990 1228 1047 1278 et
1072 1239 1537 1294 unumquemque
1584 1223 1661 1276 ad
1696 1238 1755 1276 se
1784 1223 1853 1277 de
1881 1222 1968 1277 his
2050 1224 2319 1297 temporis
2348 1223 2407 1278 in
2435 1221 2737 1278 Thebaidis
2773 1220 2974 1275 fuisset
3025 1218 3179 1286 locis,
3213 1218 3282 1272 ad
3306 1217 3672 1272 monasteria

372 1314 470 1385 qui
490 1317 884 1380 convenerant,
908 1329 1183 1367 evocasse.
1207 1313 1461 1383 Cumque
1481 1328 1514 1365 a
1533 1312 1689 1366 nullo
1711 1311 1836 1383 quis
1856 1311 1970 1367 illic
2049 1313 2432 1370 Alexandrina
2455 1310 2779 1378 descendit;
2800 1309 3095 1381 evenitque
3118 1313 3184 1363 ut
3200 1308 3271 1361 ad
3289 1307 3447 1361 illum
3458 1323 3673 1362 occur-

373 1403 640 1473 Eulogius
660 1407 969 1469 vocaretur,
985 1401 1253 1468 audisset,
1270 1401 1388 1472 ipse
1410 1401 1464 1455 in
1482 1400 1730 1456 tenebris
1743 1401 1972 1472 propria
2050 1408 2202 1460 reret
2239 1403 2409 1470 diem,
2434 1401 2531 1473 qui
2555 1400 2723 1455 unius
2750 1399 2977 1471 quidem
3004 1397 3479 1469 quadragesimus,
3514 1396 3673 1450 alte-

370 1508 505 1546 voce
528 1508 632 1547 sua
656 1492 814 1545 illum
841 1497 931 1545 ter
967 1490 1193 1545 nomine
1219 1491 1452 1545 vocavit.
1487 1490 1591 1545 Cui
1616 1507 1745 1545 cum
1775 1507 1973 1561 supra-
2052 1494 2171 1548 rius
2208 1497 2400 1547 autem
2427 1490 2630 1545 tertius
2657 1488 2969 1544 celebratus
2996 1492 3133 1542 tunc
3162 1502 3197 1540 a
3222 1484 3486 1540 fratribus
3502 1485 3672 1540 dice-

371 1581 555 1636 dictus
599 1581 962 1635 scholasticus
990 1597 1103 1635 non
1133 1580 1515 1651 responderet,
1565 1585 1770 1651 putans
1822 1580 1973 1651 quod
2054 1582 2239 1637 batur.
2263 1582 2403 1639 Cum
2423 1579 2600 1650 igitur
2626 1578 2865 1633 Cronius
2891 1576 3279 1642 hocaudisset,
3309 1574 3605 1646 obstupuit
3642 1593 3663 1641 ;

370 1671 516 1725 alter
542 1670 745 1741 aliquis
766 1670 1030 1741 Eulogius
1064 1675 1376 1735 vocaretur,
1402 1669 1537 1723 dicit
1563 1670 1614 1723 ei
1636 1685 1830 1723 rursus
1861 1687 1874 1722 :
1895 1670 1974 1725 Te
1992 1742 2015 1743 ί
2056 1676 2391 1743 sumptoque
2414 1668 2712 1739 Evangelia
2726 1672 2939 1723 sancto.
2958 1665 3198 1737 atquein
3212 1664 3397 1719 medio
3410 1664 3665 1719 fratrum

368 1775 521 1827 voco,
553 1759 769 1830 Eulogi,
793 1760 889 1830 qui
927 1759 998 1813 ab
1027 1758 1365 1814 Alexandria
1390 1759 1613 1813 civitate
1634 1759 1852 1813 venisti.
1882 1742 2036 1813 Di-B
2053 1742 2253 1833 posito,
2279 1776 2407 1815 cum
2428 1762 2782 1813 sacramento
2828 1756 2966 1828 ipsis
2994 1772 3096 1827 per
3138 1755 3393 1809 ordinem
3445 1760 3667 1809 cuncta.

367 1848 445 1904 cit
464 1849 517 1903 ei
545 1848 812 1919 Eulogius
839 1867 852 1904 :
885 1848 1050 1914 Quid,
1077 1865 1284 1919 quaeso,
1323 1847 1488 1918 jubes
1517 1848 1542 1901 7
1572 1848 1646 1902 Et
1670 1848 1968 1915 Antonius,
2054 1848 2541 1922 exposuit,dicens:
2560 1848 2774 1901 Horum
2786 1846 3036 1900 omnium
3051 1861 3177 1916 quae
3192 1845 3659 1910 commemoravi,

368 1937 533 2005 Quid,
566 1937 769 2008 inquit,
824 1937 934 1992 huc
969 1937 1170 1991 venisti
1192 1936 1216 1990 ?
1237 1936 1546 2008 Respondit
1573 1936 1857 2007 Eulogius,
1890 1936 1971 1990 di-
2051 1941 2327 2010 interpres
2353 1938 2474 2010 ipse
2503 1936 2584 1991 fui
2612 1952 2956 2001 sermonum,
2998 1951 3064 1989 eo
3095 1933 3244 2005 quod
3271 1934 3462 1988 Graece
3492 1934 3663 2005 loqui

365 2043 499 2081 cens
523 2045 533 2079 :
557 2026 663 2091 Qui
692 2026 795 2081 tibi
844 2043 1049 2081 nomen
1080 2043 1267 2081 meum
1293 2027 1540 2080 revelare
1571 2026 1833 2097 dignatus
1862 2031 1965 2092 est,
2050 2034 2275 2084 sanctus
2287 2027 2564 2082 Antonius
2577 2024 2879 2081 nesciebat.
2897 2024 3012 2095 Ego
3024 2030 3216 2079 autem
3234 2027 3537 2094 utramque
3554 2022 3668 2076 lin-

364 2116 486 2187 ipse
506 2116 678 2171 etiam
719 2120 777 2170 et
796 2114 1070 2171 adventus
1090 2115 1201 2169 mei
1227 2132 1452 2170 causam
1483 2116 1676 2186 procul
1695 2114 1863 2169 dubio
1884 2131 1969 2169 re-
2050 2135 2219 2189 gnam
2241 2132 2526 2181 noveram,
2548 2121 2719 2186 atque
2749 2115 2898 2169 inter
2915 2115 3067 2185 ipsos
3086 2112 3372 2183 loquebar,
3394 2111 3511 2166 illis
3536 2112 3667 2183 qui-

366 2205 588 2259 velavit.
628 2205 784 2260 Tunc
813 2204 940 2259 ille:
973 2206 1177 2270 Quare,
1225 2205 1426 2275 inquit,
1460 2205 1679 2259 veneris
1708 2204 1840 2265 scio,
1865 2204 1964 2258 sed
2047 2208 2175 2263 dem
2211 2207 2422 2271 Graeco,
2455 2204 2548 2259 isti
2580 2209 2768 2259 autem
2797 2204 3058 2275 Egyptio
3087 2218 3184 2256 ore
3213 2201 3585 2273 respondens.

365 2299 497 2349 ante
538 2310 734 2349 omnes
783 2294 886 2348 hos
916 2294 1135 2359 fratres,
1179 2300 1243 2348 ut
1270 2310 1465 2348 omnes
1514 2294 1768 2358 audiant,
1798 2292 1961 2347 refer.
2118 2296 2173 2351 4.
2215 2294 2338 2350 Hoc
2370 2300 2592 2365 quoque
2644 2291 2885 2347 Cronius
2937 2291 3058 2362 ipse
3105 2289 3265 2344 nobis
3310 2289 3656 2354 referebat‘,

362 2384 560 2438 Jussus
585 2383 757 2454 igitur
783 2400 819 2438 a
847 2400 1055 2454 magno
1084 2383 1329 2437 Antonio
1350 2399 1542 2437 servus
1568 2382 1776 2437 Christi
1805 2382 1968 2436 Eulo-
2050 2384 2197 2457 quod
2221 2384 2272 2438 ei
2288 2388 2516 2437 sanctus
2530 2382 2827 2447 Antonius,
2845 2381 2905 2435 in
2931 2380 3032 2435 illa
3059 2380 3180 2451 ipsa
3207 2385 3369 2435 nocte
3387 2396 3501 2451 qua
3518 2379 3662 2434 bea-

360 2472 508 2543 gius,
540 2472 735 2527 retulit
784 2478 914 2526 ante
945 2488 1139 2526 omnes
1174 2490 1184 2524 :
1221 2473 1399 2526 Istum
1430 2471 1879 2542 elephantiosum
1909 2472 1968 2525 in

362 2562 550 2633 platea
567 2560 791 2633 publica
809 2561 991 2632 reperi
1010 2562 1341 2632 projectum,
1375 2562 1537 2631 cujus
1556 2577 1749 2614 curam
1777 2561 1965 2615 nullus

362 2650 655 2705 hominum
682 2649 950 2720 gerebat;
983 2655 1040 2703 et
1093 2649 1325 2720 promisi
1365 2650 1481 2704 Deo
1535 2655 1597 2703 ut
1625 2650 1964 2704 deservirem

2048 2480 2170 2529 tum
2201 2473 2498 2543 Eulogium
2546 2472 2775 2535 dimisit,
2797 2470 3030 2525 dixisset
3060 2470 3195 2541 quia
3214 2486 3317 2541 per
3332 2475 3519 2525 totum
3554 2486 3661 2524 an-

2050 2578 2187 2619 num
2216 2563 2548 2634 deprecatus
2577 2561 2793 2623 fuisset,
2811 2566 2876 2615 ut
2899 2559 3335 2614 ostenderentur
3355 2560 3409 2613 ei
3438 2575 3545 2630 per
3572 2576 3662 2614 re-

2050 2652 2385 2708 velationem
2433 2651 2555 2705 loca
2583 2655 2940 2722 peccatorum
2970 2652 3140 2719 atque
3164 2650 3473 2719 justorum.
3499 2648 3572 2703 Et
3597 2665 3658 2704 se

361 2739 682 2810 aegritudini
712 2741 834 2809 ejus
881 2739 1161 2810 quomodo
1190 2755 1427 2810 possem,
1458 2744 1627 2809 etego
1656 2755 1756 2811 per
1778 2740 1958 2806 illum,
2044 2742 2249 2796 vidisse
2268 2739 2490 2795 dicebat
2517 2755 2815 2812 procerum
2847 2738 3146 2809 quemdam
3174 2753 3354 2808 usque
3382 2738 3454 2791 ad
3474 2737 3658 2792 nubes

364 2833 421 2883 et
447 2829 543 2883 ille
563 2844 669 2900 per
695 2844 784 2882 me
822 2828 1151 2882 salvaretur.
1168 2828 1246 2881 Ex
1263 2844 1373 2898 quo
1420 2833 1609 2881 autem
1632 2828 1845 2899 pariter
1872 2843 1963 2881 su-
2042 2831 2351 2902 gigantem,
2376 2829 2508 2884 tetri
2525 2828 2744 2894 coloris,
2770 2833 3027 2883 extensas
3047 2825 3347 2881 habentem
3367 2827 3658 2882 ademlum

364 2934 511 2984 mus,
564 2918 795 2989 quintus
851 2917 1099 2971 decimus
1129 2933 1310 2971 annus
1341 2921 1445 2980 est,
1480 2916 1625 2970 sicut
1655 2922 1711 2970 et
1766 2922 1964 2972 vestra:
2045 2937 2245 2974 manus
2283 2924 2452 2990 atque
2479 2918 2624 2973 inira
2653 2917 2824 2989 pedes
2850 2917 3027 2988 ipsius
3076 2917 3259 2971 lacum
3289 2915 3360 2970 ad
3409 2917 3658 2987 speciem

362 3006 648 3062 sanctitati
668 3006 834 3061 credo
855 3006 1045 3061 omnia
1071 3006 1335 3060 revelata.
1354 3005 1495 3069 Quia
1508 3005 1682 3075 igitur
1710 3006 1964 3077 postplu—
1991 3062 2023 3086 η
2046 3009 2435 3075 marisfusum,
2454 3008 2552 3063 ubi
2566 3012 2837 3078 tanquam
2856 3023 2986 3061 aves
3005 3005 3289 3077 inquietas
3307 3005 3531 3060 animas
3559 3022 3658 3061 vo-

364 3096 539 3151 rimos
565 3111 743 3150 annos
763 3111 889 3150 cum
912 3112 947 3149 a
992 3112 1081 3149 me
1103 3095 1246 3149 nihil
1268 3094 1401 3149 mali
1457 3094 1771 3166 pertulerit,
1797 3092 2024 3150 variis“
2046 3098 2229 3154 lantes
2276 3097 2415 3152 vidit
2446 3096 2724 3152 Antonius
2752 3114 2763 3149 :
2797 3101 2856 3150 et
2883 3095 2995 3150 illae
3027 3094 3254 3167 quidem
3305 3111 3655 3167 quaecunque

366 3202 456 3239 me
479 3184 737 3256 procellis
766 3201 831 3239 ac
856 3183 1285 3255 tempestatibus
1313 3189 1492 3251 vexat,
1512 3183 1582 3238 ob
1611 3184 1760 3255 quod
1780 3189 1839 3238 et
1864 3201 1968 3255 ego

364 3274 548 3347 ipsum
581 3291 616 3328 a
644 3291 734 3329 me
753 3275 1027 3346 projicere
1055 3273 1310 3344 cogitavi,
1339 3279 1638 3346 propterea
1664 3273 1735 3327 ad
1765 3273 1969 3327 sancti-

365 3369 543 3419 tatem
569 3368 728 3419 tuam
752 3363 897 3431 veni,
926 3368 992 3418 ut
1020 3363 1152 3434 quid
1172 3380 1239 3417 ex
1254 3363 1360 3417 hoc
1386 3364 1586 3417 faciam
1607 3363 1857 3434 digneris
1877 3379 1968 3418 me

364 3453 481 3508 tuis
511 3453 743 3508 edocere
768 3453 1031 3518 consiliis,
1066 3459 1125 3507 et
1151 3451 1497 3507 orationibus
1527 3452 1813 3523 adjuvare.
1842 3453 1970 3507 Pes~

366 3542 525 3598 simis
562 3543 712 3597 enim
743 3542 987 3597 motibus
1025 3546 1176 3597 totus
1200 3542 1406 3612 fatigor
1431 3547 1488 3596 et
1516 3541 1752 3596 crucior.
1775 3546 1971 3608 σεδ

370 3632 475 3687 Cui
502 3632 624 3687 haec
643 3636 778 3687 tunc
806 3632 1083 3687 Antonius
1113 3648 1305 3685 severa
1334 3637 1502 3702 atque
1527 3631 1797 3686 iracunda
1837 3648 1969 3685 voce

369 3722 661 3792 respondit
692 3740 703 3775 :
738 3722 821 3775 Tu
852 3721 1012 3775 illum
1033 3737 1068 3775 a
1106 3732 1162 3774 te
1192 3719 1439 3791 projicis,
1472 3719 1674 3790 Eulogi
1702 3720 1843 3774 ?sed
1873 3721 1968 3775 ille

371 3824 500 3864 eum
538 3826 653 3864 non
680 3810 923 3880 projicit,
947 3809 1042 3881 qui
1071 3825 1199 3862 eum
1228 3825 1260 3862 a
1288 3825 1348 3862 se
1375 3808 1584 3862 factum
1624 3826 1745 3863 esse
1768 3825 1969 3880 cogno-

372 3897 497 3952 scit.
537 3897 771 3968 Projicis
801 3914 927 3951 eum
949 3898 974 3950 ?
1005 3897 1293 3951 meliorem
1314 3902 1371 3951 te
1400 3896 1663 3964 inveniet,
1697 3903 1754 3952 et
1799 3898 1971 3969 eliget

372 3986 523 4042 Deus
548 3985 645 4057 qui
665 3986 894 4057 colligat
907 3986 1260 4041 destitutum.
1285 3986 1539 4058 Cumque
1560 3988 1969 4059 perterritusad

373 4076 491 4130 haec
513 4076 780 4147 Eulogius
803 4075 972 4130 verba
990 4075 1274 4142 tacuisset,
1302 4075 1494 4131 relicto
1521 4093 1715 4132 rursus
1744 4084 1971 4133 sanctus

371 4166 651 4221 Antonius
679 4165 931 4237 Eulogio,
960 4166 1127 4236 coepit
1146 4172 1420 4236 aegrotum
1448 4166 1690 4238 propriis
1704 4168 1975 4222 sermoni-

371 4255 476 4310 bus
504 4255 818 4323 verberare,
849 4261 906 4310 et
933 4256 1050 4311 haec
1072 4255 1142 4309 ad
1172 4272 1301 4309 eum
1332 4272 1460 4310 cum
1481 4257 1723 4311 clamore
1735 4256 1974 4312 maxime

376 4346 528 4417 loqui
561 4365 572 4401 :
596 4345 1005 4417 Elephantiose,
1034 4349 1261 4399 coenoet
1284 4345 1403 4399 luto
1424 4345 1669 4411 horride,
1694 4362 1796 4400 nec
1823 4352 1974 4401 terra

2050 3204 2221 3260 supra
2244 3188 2422 3259 ipsius
2444 3202 2645 3241 manus
2664 3192 2945 3257 caputque
2964 3184 3226 3239 volabant
3243 3185 3653 3240 conservaban-

2048 3283 2179 3346 tur;
2207 3293 2551 3349 quaecunque
2578 3280 2769 3330 autem
2799 3274 2904 3329 sub
2930 3273 3190 3329 manibus
3208 3274 3386 3345 ipsius
3415 3280 3655 3346 reperta

2049 3366 2303 3433 fuissent,
2336 3364 2737 3436 mergebantur
2753 3364 2814 3418 in
2839 3362 3046 3418 lacum.
3078 3364 3286 3417 Vocem
3309 3368 3503 3418 autem
3522 3370 3659 3419 tunc

2049 3456 2223 3511 talem
2250 3454 2358 3509 sibi
2385 3454 2605 3509 venisse
2653 3451 2969 3508 referebat:
3001 3452 3119 3506 Has
3165 3468 3363 3507 omnes
3414 3452 3655 3522 animas,

2053 3562 2194 3617 quas
2229 3545 2481 3599 volantes
2528 3543 2705 3606 vides,
2739 3542 2883 3596 scias
2920 3541 3138 3595 animas
3168 3557 3293 3595 esse
3346 3542 3653 3612 justorum,

2053 3651 2176 3706 quae
2206 3634 2265 3689 in
2278 3633 2525 3705 paradisi
2540 3631 2890 3687 habitatione
2907 3631 3303 3701 requiescunt;
3332 3631 3443 3686 ille
3466 3637 3658 3686 autem

2052 3724 2255 3779 animae
2283 3723 2405 3777 alia:
2450 3723 2520 3777 ad
2550 3722 2772 3777 inferna
2801 3722 3127 3787 mittuntur,
3167 3720 3316 3792 quod
3363 3722 3661 3792 patiuntur

2050 3813 2368 3885 quicunque
2380 3812 2593 3866 carnali
2619 3811 2756 3866 obed
2764 3810 2932 3866 ierint
2945 3810 3240 3875 voluntati,
3257 3816 3312 3864 et
3334 3810 3659 3882 quicunque

2049 3902 2398 3957 iracundiam
2444 3901 2771 3967 retinentes,
2804 3899 3041 3955 reddere
3070 3898 3234 3953 malis
3262 3899 3423 3971 paria
3469 3905 3657 3955 tenta-

2051 3991 2253 4046 verint.

2126 4082 2177 4135 5.
2210 4078 2549 4136 Referebant
2593 4084 2782 4134 autem
2832 4076 2995 4132 nobis
3023 4081 3138 4132 tam
3194 4077 3435 4133 Cronius
3485 4094 3658 4149 quam

2055 4174 2281 4225 sanctus
2312 4170 2537 4237 Hierax,
2559 4174 2728 4240 atque
2751 4167 2845 4222 alii
2862 4167 3051 4239 plures
3072 4166 3240 4222 vicini
3263 4166 3523 4232 fratrum,
3548 4168 3659 4223 ista

2057 4277 2179 4331 quae
2208 4259 2411 4313 dicam.
2446 4257 2687 4323 Quidam
2734 4273 2902 4312 senex
2929 4257 3070 4311 dixit
3101 4275 3113 4309 :
3146 4256 3291 4321 Quia
3319 4257 3365 4311 si
3385 4257 3492 4311 scit
3532 4274 3657 4312 mo-

2054 4350 2268 4404 nachus
2297 4364 2419 4403 esse
2468 4348 2731 4419 aliquem,
2760 4347 2909 4418 apud
2939 4362 3106 4416 quem
3134 4346 3408 4417 proficere
3440 4354 3646 4417 posset,

376 4436 547 4512 digne
579 4451 681 4489 nec
696 4434 854 4501 coelo,
872 4450 985 4488 non
997 4433 1208 4487 desinis
1230 4432 1496 4503 injuriam
1516 4434 1619 4487 Dei
1640 4435 1925 4490 vociferari
1947 4429 2150 4493 ?Dsed
2180 4437 2495 4493 necessaria
2523 4436 2772 4508 corporis
2801 4452 2927 4491 cum
2960 4435 3152 4489 labore
3205 4434 3397 4501 habet,
3427 4442 3487 4489 et
3531 4452 3655 4507 pro-

374 4524 569 4579 Nescis
588 4524 737 4595 quod
751 4523 848 4595 qui
877 4523 1161 4576 ministrat
1178 4521 1281 4575 tibi
1311 4522 1569 4577 Christus
1585 4529 1672 4577 est
1693 4524 1716 4577 ?
1734 4525 1973 4589 Quema-

374 4614 643 4668 dmodum
674 4628 845 4668 ausus
873 4617 959 4667 est
1006 4616 1202 4665 contra
1252 4611 1539 4665 Christum
1593 4613 1728 4667 talia
1768 4614 1974 4685 loqui?

378 4705 520 4759 Nam
546 4708 776 4775 propter
805 4702 1093 4757 Christum
1135 4718 1194 4755 se
1224 4699 1329 4754 iste
1352 4701 1577 4755 servitio
1606 4703 1704 4756 tali
1733 4709 1790 4757 et
1818 4703 1975 4759 obse-

379 4794 526 4864 quiis
554 4792 892 4864 subjugavit,
921 4807 1088 4863 quem
1115 4795 1172 4844 et
1197 4789 1383 4861 ipsum
1414 4790 1663 4846 mordaci
1714 4809 1973 4849 sermone

378 4883 683 4937 laceratum
713 4881 959 4953 reliquit.
991 4878 1394 4950 Conversisque
1416 4878 1598 4935 verbis
1621 4881 1690 4935 ad
1722 4882 1861 4938 alios
1877 4884 1977 4939 fra-

377 4976 513 5036 tres,
546 4970 616 5024 ad
631 4985 1090 5042 unumquemque
1118 4968 1217 5035 ita,
1240 4973 1304 5022 ut
1331 4968 1474 5022 ratio
1498 4969 1848 5040 singulorum
1869 4974 1978 5028 exi-

378 5057 565 5129 gebat,
597 5058 831 5119 locutus.
866 5076 1061 5113 rursus
1090 5058 1161 5112 ad
1191 5056 1486 5127 Eulogium
1517 5063 1573 5112 et
1602 5060 1673 5114 ad
1702 5066 1976 5130 aegrotum

379 5146 546 5211 redit,
578 5146 820 5218 dicitque
850 5147 930 5202 eis
959 5166 970 5201 :
1007 5148 1089 5201 Ne
1132 5146 1257 5218 quis
1280 5151 1551 5214 vestrum,
1602 5165 1635 5201 ο
1667 5149 1785 5217 filii,
1833 5167 1977 5221 quo-

380 5252 550 5309 quam
572 5252 631 5289 se
660 5241 857 5302 vertat,
892 5242 1091 5290 neuter
1119 5235 1189 5289 ab
1227 5237 1403 5290 altero
1433 5242 1742 5307 separetur,
1775 5241 1874 5294 sed
1901 5243 1971 5296 ad

380 5327 577 5383 cellam
603 5329 865 5390 vestram,
900 5326 958 5379 in
982 5342 1096 5396 qua
1123 5342 1223 5395 per
1241 5330 1462 5380 tantum
1485 5330 1707 5398 tempus
1738 5330 1968 5399 vixistis,

381 5418 560 5473 redite
588 5416 647 5471 in
676 5432 831 5487 pace,
855 5431 1079 5468 omnem
1109 5415 1398 5469 tristitiam
1426 5414 1788 5487 deponentes.
1845 5423 1971 5476 Jam

382 5524 530 5563 nunc
550 5509 699 5563 enim
730 5506 800 5560 ad
820 5522 913 5559 vos
934 5504 1204 5558 Dominus
1223 5505 1371 5558 Deus
1385 5503 1573 5560 mittet
1602 5526 1612 5560 :
1639 5525 1768 5563 nam
1795 5516 1973 5566 tenta-

457 5597 471 5631 ³
499 5597 655 5667 Idem
681 5599 739 5654 in
767 5598 898 5654 Vita
924 5593 1173 5659 Antonii,
1205 5611 1253 5647 c.
1273 5591 1362 5651 38.

2053 4533 2249 4600 pterea
2274 4543 2387 4582 non
2425 4526 2581 4581 vadit
2635 4527 2707 4581 ad
2762 4542 2911 4591 eum,
2968 4524 3295 4595 hujusmodi
3348 4525 3655 4579 monachus

2054 4634 2166 4672 non
2196 4617 2373 4671 credit
2400 4633 2522 4671 esse
2543 4617 2741 4671 Deum.

2124 4704 2179 4763 6.
2212 4706 2363 4761 Dixit
2402 4706 2631 4776 quidam
2660 4721 2828 4759 senex
2869 4722 2881 4757 :
2915 4702 3025 4767 Qui
3047 4703 3164 4758 vult
3192 4718 3444 4757 eremum
3496 4702 3652 4758 habi-

2054 4802 2196 4863 tare,
2219 4795 2384 4850 debet
2409 4811 2531 4850 esse
2560 4795 2772 4859 doctor,
2806 4809 2920 4848 non
2946 4793 3043 4864 qui
3088 4791 3345 4847 doctrina
3371 4798 3552 4863 egeat,
3584 4808 3650 4847 ne

2058 4885 2461 4941 detrimentum
2495 4883 2775 4939 sustinere
2824 4882 3079 4937 videatur
3108 4883 3328 4953 (Pelag.,
3372 4883 3544 4937 h'bell.
3595 4896 3646 4949 π,

2059 4992 2217 5030 num.
2251 4973 2361 5043 90).

2663 5095 2898 5152 CAPUT
2925 5096 3042 5150 XX.

2235 5225 2386 5292 Quod
2416 5226 2720 5291 inﬁrmitas
2748 5223 2991 5291 corporis
3015 5224 3190 5291 prosit
3231 5224 3460 5277 anima.

2130 5331 2176 5388 1.
2209 5333 2446 5402 Magnus
2465 5330 2693 5402 quidam
2719 5345 2885 5383 senex
2921 5328 3227 5383 infirmanti
3256 5329 3535 5401 discipulo
3557 5348 3654 5386 suo

2054 5422 2193 5476 dixit
2223 5424 2342 5476 :Ne
2370 5419 2736 5480 contristeris,
2767 5418 2866 5481 fili,
2899 5434 2965 5472 ex
3014 5417 3344 5473 inﬁmitate
3376 5420 3465 5475 vel
3496 5421 3657 5492 plaga

2054 5511 2300 5582 corporis
2328 5510 2413 5565 tui
2436 5511 2616 5579 (Ru/I.,
2647 5511 2741 5563 lib.
2774 5522 2857 5575 ιιι,
2885 5525 2942 5564 η.
2972 5506 3070 5564 157
3098 5525 3111 5575 ;
3135 5509 3337 5575 Pelag.,
3363 5511 3540 5564 libell.
3563 5523 3653 5573 vn,

2058 5618 2115 5655 η.
2147 5599 2236 5667 i6,
2269 5602 2490 5655 nomine
2527 5600 2883 5669 Syncleu'cz).
2925 5598 3163 5654 Summa
3185 5597 3334 5654 enim
3361 5598 3659 5671 religioest
