3976 6186
325 248 474 308 1045

1638 258 1877 315 VERBA
1913 259 2305 318 SENIORUM.

3477 259 3614 318 1046

327 376 472 430 utin
502 375 831 434 infirmitate
861 379 986 451 quis
1002 380 1215 450 gratias
1234 388 1365 454 agat
1391 383 1595 439 Deo.Si
1622 382 1834 439 ferrum
1846 401 1925 453 es,
1944 386 2194 454 AJoan.,
2224 388 2393 441 libell.
2417 403 2455 453 1,
2488 403 2546 441 η.
2584 382 2693 456 16).
2725 383 2962 456 Rogavit
2979 399 3114 455 ergo
3134 383 3338 452 Deum,
3366 387 3433 439 ut
3460 383 3508 438 si
3528 383 3612 440 ita

327 482 433 537 per
460 465 650 537 ignem
680 467 896 524 amittis
917 471 1254 541 aeruginem;
1287 472 1334 526 si
1351 489 1478 528 vero
1510 490 1711 528 aurum
1736 491 1813 539 es,
1830 491 1932 545 per

327 554 518 625 ignem
546 555 836 626 probatus,
870 573 899 611 a
931 559 1153 629 magnis
1174 561 1245 615 ad
1287 562 1502 633 majora
1541 562 1811 633 procedis.
1844 564 1928 618 Ne

325 644 572 699 anxieris
595 661 751 716 ergo,
783 646 993 713 frater;
1033 648 1081 703 si
1111 650 1261 704 enim
1289 656 1345 705 te
1375 652 1523 706 Deus
1551 652 1670 706 vult
1705 652 1765 706 in
1800 669 1928 707 cor-

325 750 464 805 pore
484 735 754 805 torqueri,
787 741 848 791 tu
879 737 1004 809 quis
1031 755 1089 793 es
1119 738 1214 810 qui
1244 741 1365 811 ejus
1388 741 1663 796 voluntati
1700 741 1927 796 resistas

323 827 429 877 aut
459 824 694 879 moleste
720 825 866 880 feras
884 825 912 879 ?
948 828 1175 883 Sustine
1197 846 1348 899 ergo,
1384 835 1441 885 et
1470 847 1606 902 roga
1635 832 1834 898 Deum,
1864 836 1929 887 ut

325 928 455 984 qua:
483 913 603 984 ipse
630 915 768 982 vult,
794 915 891 970 illa
911 918 1199 973 concedat.

399 999 460 1059 ‘2.
501 1002 741 1066 Quidam
789 1022 958 1060 senex
1009 1023 1136 1061 cum
1193 1008 1518 1081 frequenter
1543 1010 1929 1068 inﬁrmaretur

319 1106 561 1163 corpore
603 1098 661 1147 et
702 1093 1017 1166 langueret,
1069 1098 1306 1169 contigit
1342 1104 1406 1154 ut
1448 1116 1563 1154 uno
1591 1116 1740 1155 anno
1772 1102 1929 1157 nulla

318 1196 457 1235 eum
487 1182 763 1251 aegritudo
808 1185 1199 1256 contingeret;
1233 1193 1291 1243 et
1321 1194 1620 1261 propterea
1662 1190 1834 1246 flebat
1870 1199 1929 1249 et

316 1272 575 1341 graviter
602 1272 840 1343 ferebat,
867 1274 1057 1330 dicens
1080 1294 1094 1330 :
1125 1276 1421 1348 Reliquisti
1450 1294 1559 1345 me,
1592 1279 1847 1348 Domine,
1868 1286 1925 1336 et

317 1361 556 1415 noluisti
583 1378 674 1417 me
704 1364 963 1435 praesenti
992 1364 1097 1419 hoc
1140 1382 1287 1420 anno
1325 1366 1554 1422 visitare
1587 1369 1769 1438 (Ra/I1,
1821 1372 1917 1427 lib.

318 1464 409 1517 ιιι,
428 1467 586 1506 num.
607 1451 713 1508 158
740 1474 757 1524 ς
787 1455 995 1523 Pelag.,
1032 1457 1201 1510 libell.
1233 1471 1329 1521 vn,
1366 1473 1526 1512 num.
1555 1456 1666 1528 4i).

918 1543 1149 1600 CAPUT
1176 1546 1322 1600 XXI.

890 1634 965 1687 De
997 1637 1192 1688 timore
1230 1636 1346 1689 Dei.

2013 479 2178 543 esset,
2202 480 2548 547 agnosceret.
2582 476 2725 529 Cum
2746 490 2879 545 ergo
2908 477 3036 545 post
3061 472 3399 528 oblationem
3420 490 3610 529 conse-

2010 569 2225 620 cratam
2239 565 2625 636 unusquisque
2640 564 2710 619 ad
2725 563 3175 618 communionem
3194 563 3498 629 accederet,
3508 580 3609 635 per

2009 652 2360 724 singulorum
2382 654 2550 709 facies
2561 652 2910 724 intelligebat
2929 657 2986 707 et
2999 652 3607 709 animos.Peccatorum

2010 743 2158 797 enim
2184 744 2353 798 facies
2381 744 2573 814 nigras
2601 741 2934 814 inspiciebat
2952 745 3018 796 ut
3045 741 3399 802 carbones.et
3417 742 3606 797 oculos

2008 833 2283 904 sanguine
2335 833 2616 904 repletos;
2662 831 2803 886 alios
2847 847 2975 885 vero
3011 830 3147 885 vidit
3177 831 3328 885 clara
3356 831 3514 895 facie,
3548 835 3607 886 et

2007 916 2255 976 vestibus
2296 921 2438 977 albis
2467 920 2712 975 indutos.
2743 920 2883 975 Cum
2912 924 3102 974 autem
3134 936 3336 992 corpus
3378 920 3604 974 Domini

2006 1010 2403 1082 suscepissent,
2423 1010 2479 1065 in
2504 1010 2877 1082 quorumdam
2903 1009 3371 1075 vultibuslumen,
3388 1008 3447 1064 in
3469 1025 3605 1081 quo-

2004 1100 2264 1155 rumdam
2281 1116 2411 1155 vero
2423 1101 2655 1155 ﬂamma
2666 1098 3058 1154 videbatur.Ut
3068 1102 3256 1153 autem
3274 1102 3606 1170 agnosceret

2005 1188 2074 1242 de
2087 1189 2220 1255 illis,
2236 1206 2474 1261 quorum
2488 1190 2701 1243 crimen
2718 1188 2994 1255 audierat,
3017 1188 3467 1243 communionem
3487 1187 3603 1243 illis

2004 1279 2284 1348 porrexit:
2313 1284 2370 1334 et
2394 1278 2531 1333 vidit
2560 1295 2736 1333 unum
2765 1295 2831 1332 ex
2860 1277 2971 1332 illis
3001 1278 3153 1332 clara
3170 1276 3310 1331 facie
3337 1282 3395 1330 et
3420 1277 3601 1331 hono-

2003 1366 2185 1434 rabili,
2202 1367 2453 1439 albisque
2477 1368 2722 1422 vestibus
2742 1367 3180 1432 circumdatum;
3206 1367 3446 1420 alterum
3469 1382 3599 1421 vero

2003 1456 2247 1527 nigrum,
2264 1462 2321 1513 et
2339 1457 2591 1512 horribili
2608 1458 2784 1512 vultu.
2800 1455 2875 1511 Et
2890 1461 3186 1528 postquam
3211 1455 3384 1510 divini
3394 1460 3601 1527 myste-

1999 1545 2070 1598 rii
2078 1546 2321 1616 gratiam
2338 1552 2904 1618 susceperunt,unum
2922 1547 3016 1601 lux
3034 1546 3288 1616 quaedam
3310 1545 3598 1599 illumina-

1998 1635 2097 1703 vit,
2130 1638 2370 1693 alterum
2400 1644 2588 1693 autem
2620 1638 2781 1710 quasi
2810 1639 3038 1692 ﬂamma
3066 1636 3372 1692 succendit.
3403 1637 3600 1692 Oravit

398 1717 446 1775 1.
475 1719 662 1774 Abbas
690 1720 923 1777 Piemon
959 1724 1265 1794 requisitas
1294 1740 1329 1778 a
1352 1724 1527 1780 fratre
1557 1721 1977 1797 quemadmo-B
1996 1742 2129 1798 ergo
2166 1728 2462 1800 episcopus
2490 1729 2671 1783 Deum
2709 1727 2779 1782 de
2810 1727 3044 1798 singulis
3073 1743 3195 1798 quae
3219 1730 3445 1781 ostensa
3482 1726 3598 1780 fue-

314 1808 456 1863 dum
486 1810 673 1864 anima
692 1811 999 1874 resisteret,
1020 1817 1077 1867 et
1104 1813 1304 1869 timere
1334 1814 1510 1869 Deum
1543 1832 1656 1870 non
1683 1817 1820 1872 vult.
1847 1818 1918 1873 Et

311 1899 609 1970 respondit
630 1916 800 1955 senex
826 1920 838 1955 :
861 1902 1067 1957 Anima
1097 1903 1325 1975 quidem
1345 1906 1465 1958 vult
1486 1905 1685 1959 timere
1711 1907 1910 1975 Deum,

310 1988 415 2042 sed
444 1993 639 2055 613
660 1990 897 2045 necdum
934 1996 1158 2063 tempus
1188 1998 1290 2047 est.
1319 1993 1512 2049 Timor
1537 1994 1688 2049 enim
1717 1996 1912 2050 Domi-

307 2076 392 2137 ni.
420 2094 629 2148 magna
657 2079 924 2151 perfectio
955 2086 1065 2138 est.

382 2165 437 2222 ‘2.
473 2167 713 2232 Quidam
737 2168 912 2224 frater
939 2187 973 2224 a
992 2187 1126 2225 sene
1157 2171 1469 2242 requisivit,
1494 2172 1685 2228 dicens
1717 2188 1729 2223 :
1758 2175 1911 2239 Quo-
1942 2194 1957 2203 '

304 2257 477 2312 modo
505 2257 678 2313 timor
708 2259 809 2314 Dei
839 2261 992 2315 venit
1018 2264 1075 2316 in
1099 2262 1385 2317 animam?
1404 2264 1474 2318 Et
1499 2264 1581 2318 ait
1607 2281 1777 2319 senex
1805 2283 1817 2319 :
1852 2266 1911 2320 Si

306 2346 436 2417 quis
454 2346 611 2418 prius
638 2347 1015 2405 humilitatem
1042 2352 1441 2422 possederit,ut
1458 2353 1741 2408 neminem
1763 2355 1912 2425 judi-

302 2440 397 2489 cet
428 2436 515 2490 vel
540 2437 894 2505 condemnet,
926 2440 1013 2493 vel
1036 2440 1271 2511 largitor
1298 2440 1373 2495 sit
1402 2441 1904 2513 eleemosynarum,

301 2530 364 2579 et
392 2531 457 2580 ut
483 2525 623 2579 nihil
648 2526 872 2595 habeat,
903 2533 1039 2583 tunc
1066 2529 1221 2583 venit
1245 2530 1417 2584 timor
1443 2530 1545 2585 Dei
1567 2531 1627 2586 in
1656 2531 1903 2586 animam

1998 1821 2128 1870 rant
2150 1833 2210 1871 se
2225 1816 2464 1872 edoceri.
2486 1818 2693 1872 Astans
2722 1820 2914 1871 autem
2938 1815 3172 1885 angelus
3201 1813 3597 1880 Domini,dixit

1996 1904 2067 1959 ad
2096 1921 2225 1959 eum
2256 1920 2268 1955 :
2293 1906 2498 1961 Omnia
2526 1923 2649 1977 quae
2678 1906 2748 1960 de
2768 1905 2891 1960 istis
2920 1903 3296 1971 audisti,vera
3316 1905 3593 1960 sunt.Sed

1993 1992 2088 2047 ille
2118 2011 2266 2049 unus
2309 1995 2368 2049 in
2402 1994 2661 2050 sordibus
2679 1994 2796 2049 suis
2822 1995 3004 2048 adhuc
3015 1997 3401 2065 permanet,et
3428 1994 3486 2048 in
3502 2010 3593 2048 vo-

1993 2082 2210 2137 luntate
2240 2084 2526 2154 peccandi,
2555 2084 2680 2138 ideo
2709 2084 2869 2138 illum
2911 2082 3075 2154 nigra
3101 2082 3241 2137 facie
3278 2087 3336 2137 et
3362 2084 3594 2136 flamma

1992 2173 2254 2227 succendi
2280 2173 2488 2228 vidisti.
2519 2174 2619 2228 llle
2644 2179 2833 2228 autem
2854 2174 2998 2227 alter
3025 2171 3224 2226 similis
3252 2171 3333 2226 illi
3363 2171 3589 2242 quidem

1997 2266 2137 2327 erat,
2159 2262 2306 2318 sicut
2328 2263 2624 2330 audieras;
2653 2262 2750 2317 sed
2788 2262 2914 2317 ideo
2938 2261 3099 2316 illum
3119 2262 3271 2315 clara
3296 2261 3437 2315 facie
3457 2260 3588 2315 illu-

1994 2350 2161 2405 strari
2187 2351 2390 2417 vidisti,
2415 2351 2550 2423 quia
2576 2351 2900 2406 recordatus
2916 2366 3111 2405 eorum
3128 2366 3252 2421 quae
3265 2349 3421 2421 prius
3449 2348 3590 2404 fece-

1991 2444 2098 2504 rat,
2123 2445 2181 2494 et
2208 2440 2610 2495 abrenuntians
2638 2440 2749 2494 illis
2775 2440 2939 2494 malis
2959 2439 3239 2511 operibus,
3265 2455 3392 2493 cum
3412 2438 3589 2511 lacry-

1989 2528 2096 2582 mis
2121 2534 2179 2584 et
2206 2529 2511 2601 gemitibus
2523 2530 2626 2584 Dei
2648 2528 3089 2584 misericordiam
3108 2527 3445 2600 postulabat,
3461 2545 3588 2600 pro-

303 2616 530 2684 (Pelag.,
560 2617 733 2671 libell.
766 2631 862 2684 vn,
895 2634 1051 2672 num.
1090 2616 1195 2688 19).
1984 2616 2214 2672 mittens
2240 2622 2306 2672 ut
2329 2617 2376 2671 si
2400 2617 2685 2689 praeterita
2711 2616 2795 2670 illi
2819 2616 3058 2671 fuissent
3083 2615 3315 2671 dimissa
3334 2620 3582 2688 peccata,

373 2703 427 2756 3.
460 2703 611 2758 Dixit
652 2722 821 2759 senex
855 2724 867 2760 :
901 2706 1110 2774 Timor,
1145 2713 1202 2762 et
1238 2708 1546 2767 humilitas.
1587 2714 1645 2765 et
1681 2715 1903 2781 egestas
1984 2705 2226 2760 ulterius
2246 2706 2316 2760 ad
2347 2706 2669 2761 eademnon
2682 2706 2916 2773 rediret;
2940 2710 2998 2760 et
3022 2703 3149 2759 ideo
3173 2703 3453 2776 prioribus
3472 2704 3584 2759 cri-

298 2792 627 2848 victualium
657 2801 925 2850 maneant
950 2796 1010 2850 in
1034 2801 1090 2851 te
1116 2798 1344 2867 (Pelag.,
1380 2802 1551 2853 libell.
1567 2814 1606 2867 I,
1624 2800 1899 2869 num.20).
1983 2794 2231 2849 minibus
2261 2795 2480 2862 deletis:
2503 2796 2575 2850 ad
2596 2796 2740 2849 hanc
2756 2795 3021 2867 ετδῐίεων
3048 2811 3219 2866 quam
3234 2793 3439 2859 νίάίείίι
3459 2810 3584 2866 ΡθΓ’

373 2880 426 2938 4.
472 2882 670 2937 Frater
706 2884 934 2955 quidam
984 2885 1352 2957 interrogavit
1401 2904 1614 2953 senem,
1656 2890 1848 2946 dicens
1882 2913 1895 2947 ε
1986 2883 2151 2938 venit.
2173 2885 2314 2939 Cum
2329 2888 2519 2939 autem
2539 2884 2833 2956 episcopus
2848 2885 2917 2938 de
2934 2883 3119 2954 gratia
3134 2883 3236 2938 Dei
3257 2882 3578 2951 miraretur,

299 2970 462 3026 Unde
483 2977 587 3039 est,
601 2971 873 3040 abba,cor
888 2991 1078 3028 meum
1095 2975 1321 3042 durum,
1341 2982 1399 3031 et
1417 2994 1529 3032 non
1544 2978 1896 3036 timctDeum
1926 3041 1954 3044 μ
1981 2989 2046 3027 80
2076 2973 2224 3044 quod
2252 2989 2365 3027 non
2377 2974 2560 3027 30111111
2591 2973 2659 3027 de
2689 2972 2987 3027 tormentis
3012 2978 3128 3027 tam
3149 2972 3464 3044 ιιιῐῬίενίῐω
3475 2973 3580 3027 h0-

302 3061 532 3133 (Pelag.,
564 3064 735 3117 libell.
768 3077 851 3128 Ill,
890 3081 947 3119 n.
980 3062 1090 3131 22;
1139 3041 1382 3135 Append.
1430 3068 1620 3133 Μανι,,
1668 3085 1725 3122 η,
1764 3069 1854 3139 2‘2)
1874 3041 1958 3125 CIC
1980 3041 2190 3118 minem
2214 3063 2459 3118 liberum
2488 3062 2769 3127 statuerit,
2794 3061 2891 3116 sed
2920 3066 2974 3116 et
3005 3066 3163 3115 tanto
3192 3041 3579 3117 honoredeco-

292 3149 450 3204 Dixit
476 3150 527 3204 ei
557 3166 725 3204 senex
756 3170 767 3204 :
799 3152 943 3206 Puto
972 3154 1121 3224 quod
1148 3155 1196 3208 si
1227 3155 1393 3209 homo
1420 3161 1609 3211 teneat
1638 3157 1894 3230 increpa-
1978 3153 2204 3219 raverit,
2220 3152 2513 3224 respondit
2530 3152 2790 3223 angelus:
2815 3151 2965 3205 Bene
2978 3150 3222 3218 miraris,
3239 3151 3408 3205 homo
3424 3152 3575 3206 enim

292 3240 512 3294 tionem
550 3240 608 3294 in
644 3240 809 3294 corde
854 3259 976 3307 suo,
1026 3244 1310 3314 possideat
1347 3245 1608 3299 timorem
1647 3247 1891 3303 Domini.

1986 3258 2054 3295 es.
2075 3243 2220 3296 Nam
2239 3241 2513 3296 Dominus
2527 3246 2721 3295 noster
2738 3257 2804 3295 ac
2822 3243 3025 3307 vester,
3048 3239 3383 3294 naturaliter
3395 3239 3575 3296 bonus

291 3328 451 3384 Dixit
477 3329 527 3383 ei
555 3330 730 3385 frater
755 3348 767 3383 :
804 3331 947 3395 Quid
974 3338 1059 3386 est
1084 3333 1427 3403 increpatio?
1453 3334 1549 3388 Ait
1577 3352 1745 3390 senex
1775 3355 1789 3392 :
1821 3338 1896 3393 Ut
1977 3336 2035 3385 et
2063 3331 2344 3386 humanus
2372 3336 2457 3385 est
2473 3329 2819 3385 cessantibus
2846 3346 2881 3383 ει
2903 3330 3228 3401 Ρθοωῐίετθῐ
3246 3329 3574 3401 Paenitenti-

291 3417 354 3471 in
377 3420 532 3472 omni
557 3435 617 3474 re
647 3420 898 3490 increpet
918 3421 1085 3475 homo
1101 3422 1346 3475 animam
1371 3439 1550 3489 suam,
1570 3424 1804 3480 dicendo
1823 3426 1889 3480 ei:
1975 3420 2079 3475 bus
2106 3420 2164 3474 in
2194 3420 2567 3475 confessione:
2592 3419 2724 3491 quia
2751 3436 2863 3473 non
2893 3419 3074 3473 solum
3091 3419 3574 3473 tormentadimit-

291 3507 513 3561 Memor
536 3509 946 3580 esto,quoniam
969 3516 1188 3581 oportet
1207 3515 1261 3565 te
1291 3512 1404 3565 Deo
1434 3515 1894 3570 occurrere.Dicit
1974 3510 2062 3576 tit,
2112 3509 2210 3564 sed
2267 3515 2325 3564 et
2370 3510 2582 3564 honore
2631 3508 2803 3563 efﬁcit
2831 3507 3047 3579 dignos.
3089 3507 3182 3562 Sic
3224 3507 3375 3563 enim
3420 3509 3571 3564 Deus

293 3601 489 3651 autem
524 3602 582 3652 et
607 3597 696 3652 hic
728 3617 739 3652 :
772 3598 915 3663 Quid
942 3616 1045 3669 ego
1076 3600 1221 3655 volui
1249 3617 1375 3655 cum
1406 3601 1675 3656 homine?
1695 3604 1891 3659 Existi-

1986 3598 2162 3653 iilexit
2192 3598 2464 3664 homines,
2481 3604 2551 3652 ut
2567 3597 2929 3668 Unigenitum
2953 3612 3117 3652 suum
3142 3596 3304 3652 daret
3320 3614 3422 3669 pro
3439 3615 3569 3669 pec-

289 3704 385 3742 mo
416 3692 607 3742 autem
638 3688 771 3759 quia
809 3688 857 3742 si
901 3690 1026 3760 quis
1063 3691 1121 3744 in
1159 3691 1247 3744 his
1277 3696 1589 3762 permanet,
1621 3693 1809 3749 veniet
1836 3693 1887 3748 ei
1970 3688 2269 3754 catoribus,
2305 3694 2361 3742 et
2390 3704 2492 3759 pro
2521 3687 2655 3759 ipsis
2684 3688 2755 3742 ad
2784 3694 3021 3741 mortem
3054 3686 3364 3741 destinaret
3391 3689 3568 3756 (Joan.

288 3777 465 3832 timor
478 3777 600 3832 Dei.

863 3869 1097 3924 CAPUT
1143 3870 1317 3924 XXII.

858 3960 930 4013 De
970 3960 1315 4013 Pmm'tentz'a.

1971 3779 2081 3847 ιιι).
2100 3777 2206 3842 Qui
2231 3793 2383 3849 ergo,
2417 3794 2544 3832 cum
2567 3776 2780 3831 inimici
2800 3776 2920 3847 ejus
2949 3774 3304 3843 essent,mori
3318 3793 3419 3847 pro
3432 3776 3569 3848 ipsis

1972 3866 2158 3938 elegit,
2168 3873 2377 3938 quanto
2394 3867 2574 3938 magis
2593 3867 2894 3921 miseretur
2904 3881 3100 3920 eorum
3122 3881 3248 3920 cum
3272 3865 3425 3920 illius
3444 3882 3570 3938 pro-

1971 3956 2079 4026 prii
2107 3956 2260 4011 sint?
2281 3957 2397 4011 Hoc
2425 3973 2561 4026 ergo
2582 3955 2744 4022 scias,
2770 3955 2919 4027 quod
2948 3955 3107 4009 nulla
3133 3960 3364 4026 peccata
3391 3954 3571 4010 homi-

370 4042 417 4099 l.
452 4042 769 4116 Requisivit
797 4047 1025 4118 quidam
1046 4047 1220 4101 frater
1248 4046 1508 4103 abbatem
1547 4048 1883 4119 Pimenium,
1971 4061 2106 4109 num
2165 4045 2265 4100 Dei
2308 4045 2620 4099 bonitatem
2650 4045 2896 4109 vincunt,
2946 4044 2993 4098 si
3042 4043 3436 4099 tantummodo
3467 4061 3570 4116 per

286 4133 483 4188 dicens
517 4152 528 4187 :
562 4135 707 4199 Quid
734 4141 819 4189 est
846 4136 1212 4208 pmnitcntia?
1243 4137 1345 4192 Cui
1376 4152 1546 4192 senex
1566 4140 1883 4209 respondit:
1968 4134 2357 4205 paenitentiam
2385 4134 2772 4205 unusquisque
2803 4150 2925 4204 quae
2962 4133 3120 4203 Prius
3146 4133 3355 4187 fecerat
3382 4132 3567 4187 abole-

287 4222 627 4278 Paenitentia
677 4229 1033 4295 peccatorum
1063 4231 1166 4292 est,
1204 4226 1441 4281 ulterius
1473 4243 1584 4280 non
1634 4244 1880 4297 peccare.
1967 4223 2110 4277 verit
2137 4224 2305 4276 mala.
2337 4222 2652 4278 Misericors
2681 4221 2830 4275 enim
2853 4225 2939 4275 est
2975 4221 3144 4287 Deus,
3178 4227 3235 4275 et
3261 4220 3562 4276 infirmita-

288 4314 423 4368 Haec
448 4313 597 4367 enim
612 4331 714 4368 vox
741 4315 812 4368 ad
834 4314 1118 4369 hominem
1149 4332 1370 4387 semper
1390 4316 1598 4369 clamat
1618 4333 1795 4387 usque
1815 4318 1885 4371 ad
1968 4316 2079 4365 tem
2092 4311 2318 4383 generis
2340 4311 2575 4365 humani
2586 4310 2708 4375 scit,
2725 4315 2780 4363 et
2792 4310 3117 4381 passionum
3148 4309 3556 4376 fortitudinem,

285 4402 552 4457 ultimam
587 4403 1041 4474 respirationem:
1061 4405 1237 4459 Hodie
1267 4404 1674 4471 convertimini,
1706 4422 1777 4460 ne
1800 4395 1949 4462 vo.D
1969 4406 2025 4455 et
2052 4401 2259 4455 diaboli
2290 4402 2555 4455 virtutem
2578 4400 2664 4453 vel
2694 4398 2987 4463 malitiam,
3021 4405 3078 4452 et
3097 4397 3424 4453 cadentibus
3441 4398 3562 4469 qui-

286 4491 378 4546 bis
404 4492 702 4562 repentina
728 4508 880 4546 mors
906 4498 1179 4564 tanquam
1216 4493 1307 4548 fur
1335 4493 1713 4565 superveniat.

360 4579 415 4637 2.
442 4579 629 4635 Abbas
657 4580 945 4636 Pimenius
974 4582 1260 4637 dixitcum
1287 4582 1529 4653 gemitu:
1553 4583 1761 4638 Omnes
1779 4585 1887 4638 vir-

284 4674 444 4725 tutes
480 4669 745 4741 ingressae
772 4676 904 4726 sunt
932 4670 990 4725 in
1024 4672 1219 4726 cellam
1248 4688 1451 4737 meam,
1486 4683 1689 4744 praeter
1711 4690 1884 4729 unam

285 4758 573 4824 virtutem,
628 4765 686 4814 et
735 4777 801 4814 ex
847 4762 970 4831 ejus
1012 4759 1202 4814 labore
1249 4765 1362 4814 stat
1397 4761 1563 4816 homo
1596 4763 1879 4834 (Append.,

284 4850 478 4914 Mart,
512 4865 571 4902 η.
621 4847 733 4919 59).
767 4850 1262 4920 Interrogaverunt
1291 4866 1419 4904 eum
1467 4850 1669 4906 fratres
1701 4870 1712 4905 :
1749 4852 1883 4916 Quae

285 4942 375 4992 est
398 4937 508 4992 ista
551 4938 748 5005 virtus,
780 4938 961 4993 abba?
988 4939 1300 5010 Respondit
1332 4956 1501 4994 senex
1527 4954 1539 4989 :
1569 4944 1634 4994 ut
1660 4956 1883 5012 semper

280 5027 531 5098 seipsum
560 5019 938 5099 reprehendat
974 5028 1161 5083 homo.

843 5115 1086 5172 CAPUT
1121 5116 1322 5171 XXIII.

280 5206 436 5274 Quod
457 5221 557 5275 per
580 5208 964 5275 pwnz'tcntiam
995 5223 1108 5260 uno
1143 5208 1231 5260 die
1254 5211 1424 5275 potest
1447 5207 1606 5260 homo
1634 5209 1876 5261 reconci-

931 5299 1070 5350 liari
1112 5297 1231 5350 Deo.

348 5385 401 5438 1.
436 5384 673 5449 Quidam
695 5402 759 5439 ex
782 5384 1044 5440 Patribus
1064 5384 1133 5439 de
1162 5385 1349 5456 aliquo
1374 5383 1650 5439 referebat
1670 5385 1879 5456 episco-

276 5490 369 5545 po,
403 5489 469 5528 eo
508 5474 655 5545 quod
685 5473 934 5528 audisset
963 5473 1104 5529 duos
1141 5490 1206 5527 ex
1243 5473 1404 5546 plebe
1445 5491 1549 5527 sua
1585 5474 1730 5528 viros
1756 5490 1876 5528 esse

274 5562 466 5620 nimim
481 5562 848 5638 impuritatis,
863 5567 921 5621 et
938 5563 1224 5622 adulteros
1234 5565 1422 5637 (Ra/7‘.,
1455 5564 1551 5620 lib.
1573 5577 1731 5633 111,11.
1751 5558 1871 5634 166;

1967 4490 2096 4544 dem
2127 4489 2447 4544 hominibus
2475 4489 2533 4543 in
2570 4492 2878 4560 peccatum,
2911 4493 3184 4559 tanquam
3222 4487 3352 4542 filiis
3380 4488 3561 4542 indul-

1965 4596 2123 4650 gens,
2158 4584 2441 4651 exspectat
2478 4577 2964 4645 emendationem;
2997 4576 3397 4650 pmnitentibus
3426 4594 3558 4633 vero

1967 4675 2237 4740 tanquam
2260 4668 2540 4740 languidis
2552 4685 2672 4723 com
2678 4668 2893 4739 patitur
2909 4671 2967 4721 et
2991 4666 3290 4720 miseretur
3315 4689 3327 4725 :
3359 4671 3416 4721 et
3431 4683 3559 4722 mox

1964 4759 2183 4813 solvens
2211 4764 2439 4830 peccata
2464 4774 2679 4824 eorum,
2697 4758 2978 4828 justorum
3002 4755 3112 4809 illis
3137 4755 3307 4809 etiam
3327 4756 3559 4827 praemia

1964 4847 2178 4902 tribuit.
2213 4848 2464 4902 Audiens
2493 4852 2685 4902 autem
2723 4845 3034 4918 episcopus,
3068 4843 3430 4904 miratusest
3465 4845 3556 4901 ni-

1964 4937 2089 5003 mis,
2117 4942 2177 4991 et
2202 4937 2536 5008 glorificavit
2563 4934 3130 5002 Deum,manifestans
3149 4933 3411 4990 omnibus
3431 4951 3555 5007 quae

2334 5115 2541 5170 Paulus
2573 5114 2817 5186 Simplex
2848 5110 3091 5168 habebat
3116 5112 3262 5168 hanc
3283 5114 3549 5186 gratiam,

1958 5210 2023 5260 ut
2051 5204 2431 5276 ingredientes
2450 5205 2509 5259 in
2528 5204 2815 5259 ecclesiam
2830 5203 3028 5258 sedens
3041 5203 3407 5276 aspiciens,ex
3427 5204 3553 5276 ipsa

1958 5295 2099 5349 facie
2127 5312 2322 5349 eorum
2347 5295 2787 5365 uniuscujusque
2816 5294 3205 5365 cogitationes,
3228 5293 3341 5348 sive
3365 5295 3545 5361 malm,

1959 5383 2071 5438 sive
2111 5383 2268 5439 bonae
2312 5388 2517 5449 essent,
2568 5384 2804 5438 sentiret
2835 5383 3018 5455 (Ruf/2,
3052 5385 3148 5438 lib.
3188 5397 3272 5449 III,
3307 5400 3365 5437 η.
3412 5379 3545 5445 167;

1957 5475 2161 5542 Ρθῐαῃ..
2194 5476 2361 5527 libell.
2395 5488 2541 5531 xvm.
2577 5489 2735 5527 nmn.
2768 5472 2877 5541 ‘20).
2910 5474 3051 5528 Cum
3082 5489 3213 5543 ergo
3242 5469 3546 5541 aliquando

1957 5565 2237 5622 venissent
2281 5561 2353 5619 ad
2408 5562 2719 5635 ecclesiam,
2770 5562 2905 5621 vidit
2953 5579 3048 5621 eos
3099 5562 3251 5619 clara
3294 5557 3435 5616 facie
3489 5562 3548 5616 et
