  <div class='ocr_page' id='page_1' title='image "/cluster/home/n/w/nwhite01/storage/ocr_20150623/73/hvd.32044054758776/529.png"; bbox 0 0 3964 6206; ppageno 0'>
   <div class='ocr_carea' id='block_1_1' title="bbox 399 199 531 260">
    <p class='ocr_par' dir='ltr' id='par_1_1' title="bbox 399 199 531 260">
     <span class='ocr_line' id='line_1_1' title="bbox 399 199 531 260; baseline -0.015 0"><span class='ocrx_word' id='word_1_1' title='bbox 399 199 531 260; x_wconf 74' lang='grc'><strong>1047</strong></span> 
     </span>
    </p>
   </div>
   <div class='ocr_carea' id='block_1_2' title="bbox 1493 202 2559 262">
    <p class='ocr_par' dir='ltr' id='par_1_2' title="bbox 1493 202 2559 262">
     <span class='ocr_line' id='line_1_2' title="bbox 1493 202 2559 262; baseline -0.002 -2"><span class='ocrx_word' id='word_1_2' title='bbox 1493 203 1588 260; x_wconf 92' lang='lat' dir='ltr'><strong>DE</strong></span> <span class='ocrx_word' id='word_1_3' title='bbox 1622 204 1814 262; x_wconf 85' lang='lat' dir='ltr'><strong>VITIS</strong></span> <span class='ocrx_word' id='word_1_4' title='bbox 1851 202 2148 261; x_wconf 83' lang='lat' dir='ltr'><strong>PATRUM</strong></span> <span class='ocrx_word' id='word_1_5' title='bbox 2184 203 2400 260; x_wconf 87' lang='lat' dir='ltr'><strong>LIBER</strong></span> <span class='ocrx_word' id='word_1_6' title='bbox 2433 203 2559 259; x_wconf 92' lang='lat' dir='ltr'><strong>VII.</strong></span> 
     </span>
    </p>
   </div>
   <div class='ocr_carea' id='block_1_3' title="bbox 3521 194 3676 259">
    <p class='ocr_par' dir='ltr' id='par_1_3' title="bbox 3521 194 3676 259">
     <span class='ocr_line' id='line_1_3' title="bbox 3521 194 3676 259; baseline 0 0"><span class='ocrx_word' id='word_1_7' title='bbox 3521 194 3676 259; x_wconf 71' lang='grc'><strong>1048</strong></span> 
     </span>
    </p>
   </div>
   <div class='ocr_carea' id='block_1_4' title="bbox 387 322 3671 404">
    <p class='ocr_par' dir='ltr' id='par_1_4' title="bbox 387 322 3671 404">
     <span class='ocr_line' id='line_1_4' title="bbox 387 322 3671 404; baseline -0.003 -17"><span class='ocrx_word' id='word_1_8' title='bbox 387 331 514 394; x_wconf 64' lang='lat'><strong>6&#39;!</strong></span> <span class='ocrx_word' id='word_1_9' title='bbox 525 333 579 396; x_wconf 60' lang='grc' dir='ltr'>α</span> <span class='ocrx_word' id='word_1_10' title='bbox 597 329 723 387; x_wconf 73' lang='lat' dir='ltr'><strong>laeto</strong></span> <span class='ocrx_word' id='word_1_11' title='bbox 733 329 1234 402; x_wconf 88' lang='lat' dir='ltr'><strong>animoingredi,et</strong></span> <span class='ocrx_word' id='word_1_12' title='bbox 1249 329 1480 401; x_wconf 81' lang='lat' dir='ltr'><strong>angelos</strong></span> <span class='ocrx_word' id='word_1_13' title='bbox 1499 347 1694 386; x_wconf 87' lang='lat' dir='ltr'><strong>eorum</strong></span> <span class='ocrx_word' id='word_1_14' title='bbox 1706 347 1834 386; x_wconf 92' lang='lat' dir='ltr'><strong>cum</strong></span> <span class='ocrx_word' id='word_1_15' title='bbox 1847 347 1983 401; x_wconf 86' lang='lat' dir='ltr'><strong>gau-</strong></span> <span class='ocrx_word' id='word_1_16' title='bbox 1997 333 2238 404; x_wconf 77' lang='lat' dir='ltr'><strong>Aepera</strong></span> <span class='ocrx_word' id='word_1_17' title='bbox 2255 333 2374 398; x_wconf 87' lang='lat' dir='ltr'><strong>tua,</strong></span> <span class='ocrx_word' id='word_1_18' title='bbox 2395 327 2658 386; x_wconf 81' lang='lat' dir='ltr'><strong>Domine!</strong></span> <span class='ocrx_word' id='word_1_19' title='bbox 2689 326 2883 383; x_wconf 81' lang='lat' dir='ltr'><strong>omnia</strong></span> <span class='ocrx_word' id='word_1_20' title='bbox 2904 325 2964 381; x_wconf 90' lang='lat' dir='ltr'><strong>in</strong></span> <span class='ocrx_word' id='word_1_21' title='bbox 2977 324 3259 398; x_wconf 78' lang='lat' dir='ltr'><strong>sapientia</strong></span> <span class='ocrx_word' id='word_1_22' title='bbox 3281 322 3464 380; x_wconf 79' lang='lat' dir='ltr'><strong>fecisti</strong></span> <span class='ocrx_word' id='word_1_23' title='bbox 3492 325 3645 392; x_wconf 76' lang='lat' dir='ltr'><strong>(Psal</strong></span> <span class='ocrx_word' id='word_1_24' title='bbox 3654 362 3671 374; x_wconf 92' lang='lat'><strong>.</strong></span> 
     </span>
    </p>
   </div>
   <div class='ocr_carea' id='block_1_5' title="bbox 389 414 1986 490">
    <p class='ocr_par' dir='ltr' id='par_1_5' title="bbox 389 414 1986 490">
     <span class='ocr_line' id='line_1_5' title="bbox 389 414 1986 490; baseline 0.003 -21"><span class='ocrx_word' id='word_1_25' title='bbox 389 414 734 489; x_wconf 83' lang='lat' dir='ltr'><strong>diopariter</strong></span> <span class='ocrx_word' id='word_1_26' title='bbox 757 435 884 474; x_wconf 88' lang='lat' dir='ltr'><strong>cum</strong></span> <span class='ocrx_word' id='word_1_27' title='bbox 911 418 1066 490; x_wconf 88' lang='lat' dir='ltr'><strong>ipsis.</strong></span> <span class='ocrx_word' id='word_1_28' title='bbox 1086 418 1272 474; x_wconf 90' lang='lat' dir='ltr'><strong>Unum</strong></span> <span class='ocrx_word' id='word_1_29' title='bbox 1303 423 1495 473; x_wconf 90' lang='lat' dir='ltr'><strong>autem</strong></span> <span class='ocrx_word' id='word_1_30' title='bbox 1522 419 1662 474; x_wconf 88' lang='lat' dir='ltr'>vidit</span> <span class='ocrx_word' id='word_1_31' title='bbox 1688 419 1912 490; x_wconf 87' lang='lat' dir='ltr'><strong>nigrum</strong></span> <span class='ocrx_word' id='word_1_32' title='bbox 1927 424 1986 474; x_wconf 91' lang='lat' dir='ltr'><strong>et</strong></span> 
     </span>
    </p>
   </div>
   <div class='ocr_carea' id='block_1_6' title="bbox 388 505 1984 581">
    <p class='ocr_par' dir='ltr' id='par_1_6' title="bbox 388 505 1984 581">
     <span class='ocr_line' id='line_1_6' title="bbox 388 505 1984 581; baseline 0.002 -21"><span class='ocrx_word' id='word_1_33' title='bbox 388 505 720 562; x_wconf 89' lang='lat' dir='ltr'><strong>nebulosum</strong></span> <span class='ocrx_word' id='word_1_34' title='bbox 748 507 1049 562; x_wconf 85' lang='lat' dir='ltr'><strong>habentem</strong></span> <span class='ocrx_word' id='word_1_35' title='bbox 1079 509 1654 580; x_wconf 79' lang='lat' dir='ltr'><strong>corpus,etdaemones</strong></span> <span class='ocrx_word' id='word_1_36' title='bbox 1668 508 1799 563; x_wconf 88' lang='lat' dir='ltr'><strong>hinc</strong></span> <span class='ocrx_word' id='word_1_37' title='bbox 1814 514 1984 581; x_wconf 88' lang='lat' dir='ltr'><strong>atque</strong></span> 
     </span>
    </p>
   </div>
   <div class='ocr_carea' id='block_1_7' title="bbox 389 593 1983 670">
    <p class='ocr_par' dir='ltr' id='par_1_7' title="bbox 389 593 1983 670">
     <span class='ocr_line' id='line_1_7' title="bbox 389 593 1983 670; baseline 0.003 -22"><span class='ocrx_word' id='word_1_38' title='bbox 389 593 521 649; x_wconf 91' lang='lat' dir='ltr'><strong>inde</strong></span> <span class='ocrx_word' id='word_1_39' title='bbox 548 596 837 670; x_wconf 80' lang='lat' dir='ltr'><strong>trahentes</strong></span> <span class='ocrx_word' id='word_1_40' title='bbox 865 613 994 651; x_wconf 90' lang='lat' dir='ltr'><strong>eum</strong></span> <span class='ocrx_word' id='word_1_41' title='bbox 1033 597 1102 651; x_wconf 90' lang='lat' dir='ltr'><strong>ad</strong></span> <span class='ocrx_word' id='word_1_42' title='bbox 1147 613 1226 664; x_wconf 90' lang='lat' dir='ltr'><strong>se,</strong></span> <span class='ocrx_word' id='word_1_43' title='bbox 1259 597 1431 652; x_wconf 89' lang='lat' dir='ltr'><strong>misso</strong></span> <span class='ocrx_word' id='word_1_44' title='bbox 1461 597 1617 652; x_wconf 87' lang='lat' dir='ltr'><strong>freno</strong></span> <span class='ocrx_word' id='word_1_45' title='bbox 1663 597 1722 652; x_wconf 91' lang='lat' dir='ltr'><strong>in</strong></span> <span class='ocrx_word' id='word_1_46' title='bbox 1751 597 1983 653; x_wconf 89' lang='lat' dir='ltr'><strong>naribus</strong></span> 
     </span>
    </p>
   </div>
   <div class='ocr_carea' id='block_1_8' title="bbox 389 683 1978 758">
    <p class='ocr_par' dir='ltr' id='par_1_8' title="bbox 389 683 1978 758">
     <span class='ocr_line' id='line_1_8' title="bbox 389 683 1978 758; baseline 0.003 -22"><span class='ocrx_word' id='word_1_47' title='bbox 389 683 532 753; x_wconf 86' lang='lat' dir='ltr'><strong>ejus,</strong></span> <span class='ocrx_word' id='word_1_48' title='bbox 563 688 622 738; x_wconf 90' lang='lat' dir='ltr'><strong>et</strong></span> <span class='ocrx_word' id='word_1_49' title='bbox 648 686 909 756; x_wconf 83' lang='lat' dir='ltr'><strong>angelum</strong></span> <span class='ocrx_word' id='word_1_50' title='bbox 935 691 1191 741; x_wconf 91' lang='lat' dir='ltr'><strong>sanctum</strong></span> <span class='ocrx_word' id='word_1_51' title='bbox 1209 687 1331 757; x_wconf 86' lang='lat' dir='ltr'><strong>ejus</strong></span> <span class='ocrx_word' id='word_1_52' title='bbox 1346 687 1415 740; x_wconf 92' lang='lat' dir='ltr'><strong>de</strong></span> <span class='ocrx_word' id='word_1_53' title='bbox 1436 687 1605 757; x_wconf 86' lang='lat' dir='ltr'><strong>longe</strong></span> <span class='ocrx_word' id='word_1_54' title='bbox 1631 692 1978 758; x_wconf 88' lang='lat' dir='ltr'><strong>sequentem,</strong></span> 
     </span>
    </p>
   </div>
   <div class='ocr_carea' id='block_1_9' title="bbox 385 771 1983 846">
    <p class='ocr_par' dir='ltr' id='par_1_9' title="bbox 385 771 1983 846">
     <span class='ocr_line' id='line_1_9' title="bbox 385 771 1983 846; baseline 0.003 -21"><span class='ocrx_word' id='word_1_55' title='bbox 385 771 628 826; x_wconf 84' lang='lat' dir='ltr'><strong>tristem.</strong></span> <span class='ocrx_word' id='word_1_56' title='bbox 659 773 871 830; x_wconf 79' lang='lat' dir='ltr'><strong>Beatus</strong></span> <span class='ocrx_word' id='word_1_57' title='bbox 899 791 1032 846; x_wconf 89' lang='lat' dir='ltr'><strong>ergo</strong></span> <span class='ocrx_word' id='word_1_58' title='bbox 1053 775 1260 830; x_wconf 89' lang='lat' dir='ltr'><strong>Paulus</strong></span> <span class='ocrx_word' id='word_1_59' title='bbox 1288 775 1456 846; x_wconf 71' lang='lat' dir='ltr'><strong>coepit</strong></span> <span class='ocrx_word' id='word_1_60' title='bbox 1478 776 1614 830; x_wconf 83' lang='lat' dir='ltr'><strong>flere</strong></span> <span class='ocrx_word' id='word_1_61' title='bbox 1633 775 1983 830; x_wconf 87' lang='lat' dir='ltr'><strong>amarissime</strong></span> 
     </span>
    </p>
   </div>
   <div class='ocr_carea' id='block_1_10' title="bbox 387 863 1983 937">
    <p class='ocr_par' dir='ltr' id='par_1_10' title="bbox 387 863 1983 937">
     <span class='ocr_line' id='line_1_10' title="bbox 387 863 1983 937; baseline 0.003 -22"><span class='ocrx_word' id='word_1_62' title='bbox 387 863 445 915; x_wconf 84' lang='lat' dir='ltr'><strong>et</strong></span> <span class='ocrx_word' id='word_1_63' title='bbox 471 865 667 932; x_wconf 87' lang='lat' dir='ltr'><strong>pectus</strong></span> <span class='ocrx_word' id='word_1_64' title='bbox 697 879 860 918; x_wconf 92' lang='lat' dir='ltr'><strong>suum</strong></span> <span class='ocrx_word' id='word_1_65' title='bbox 882 864 1354 932; x_wconf 90' lang='lat' dir='ltr'><strong>tundere,sedens</strong></span> <span class='ocrx_word' id='word_1_66' title='bbox 1381 870 1512 918; x_wconf 86' lang='lat' dir='ltr'><strong>ante</strong></span> <span class='ocrx_word' id='word_1_67' title='bbox 1524 865 1832 931; x_wconf 82' lang='lat' dir='ltr'><strong>ecclesiam,</strong></span> <span class='ocrx_word' id='word_1_68' title='bbox 1851 881 1983 937; x_wconf 90' lang='lat' dir='ltr'><strong>pro-</strong></span> 
     </span>
    </p>
   </div>
   <div class='ocr_carea' id='block_1_11' title="bbox 383 953 1984 1024">
    <p class='ocr_par' dir='ltr' id='par_1_11' title="bbox 383 953 1984 1024">
     <span class='ocr_line' id='line_1_11' title="bbox 383 953 1984 1024; baseline 0.002 -20"><span class='ocrx_word' id='word_1_69' title='bbox 383 953 514 1021; x_wconf 85' lang='lat' dir='ltr'><strong>pter</strong></span> <span class='ocrx_word' id='word_1_70' title='bbox 536 966 664 1006; x_wconf 91' lang='lat' dir='ltr'><strong>eum</strong></span> <span class='ocrx_word' id='word_1_71' title='bbox 688 968 855 1024; x_wconf 87' lang='lat' dir='ltr'><strong>quem</strong></span> <span class='ocrx_word' id='word_1_72' title='bbox 883 953 1056 1007; x_wconf 84' lang='lat' dir='ltr'><strong>talem</strong></span> <span class='ocrx_word' id='word_1_73' title='bbox 1097 958 1409 1024; x_wconf 84' lang='lat' dir='ltr'><strong>aspexerat.</strong></span> <span class='ocrx_word' id='word_1_74' title='bbox 1433 953 1642 1008; x_wconf 89' lang='lat' dir='ltr'><strong>Omnes</strong></span> <span class='ocrx_word' id='word_1_75' title='bbox 1667 959 1858 1008; x_wconf 87' lang='lat' dir='ltr'><strong>autem</strong></span> <span class='ocrx_word' id='word_1_76' title='bbox 1887 953 1984 1008; x_wconf 83' lang='lat' dir='ltr'><strong>alii</strong></span> 
     </span>
    </p>
   </div>
   <div class='ocr_carea' id='block_1_12' title="bbox 383 1039 1988 1114">
    <p class='ocr_par' dir='ltr' id='par_1_12' title="bbox 383 1039 1988 1114">
     <span class='ocr_line' id='line_1_12' title="bbox 383 1039 1988 1114; baseline 0.003 -21"><span class='ocrx_word' id='word_1_77' title='bbox 383 1055 548 1094; x_wconf 88' lang='lat' dir='ltr'><strong>senes</strong></span> <span class='ocrx_word' id='word_1_78' title='bbox 575 1039 828 1096; x_wconf 86' lang='lat' dir='ltr'><strong>videntes</strong></span> <span class='ocrx_word' id='word_1_79' title='bbox 855 1059 985 1096; x_wconf 91' lang='lat' dir='ltr'><strong>eum</strong></span> <span class='ocrx_word' id='word_1_80' title='bbox 1001 1042 1082 1096; x_wconf 92' lang='lat' dir='ltr'><strong>sic</strong></span> <span class='ocrx_word' id='word_1_81' title='bbox 1107 1043 1354 1109; x_wconf 87' lang='lat' dir='ltr'><strong>ﬂentem,</strong></span> <span class='ocrx_word' id='word_1_82' title='bbox 1388 1047 1679 1114; x_wconf 87' lang='lat' dir='ltr'><strong>coeperunt</strong></span> <span class='ocrx_word' id='word_1_83' title='bbox 1705 1059 1905 1114; x_wconf 88' lang='lat' dir='ltr'><strong>rogare</strong></span> <span class='ocrx_word' id='word_1_84' title='bbox 1921 1050 1988 1099; x_wconf 91' lang='lat' dir='ltr'><strong>ut</strong></span> 
     </span>
    </p>
   </div>
   <div class='ocr_carea' id='block_1_13' title="bbox 384 1126 1980 1200">
    <p class='ocr_par' dir='ltr' id='par_1_13' title="bbox 384 1126 1980 1200">
     <span class='ocr_line' id='line_1_13' title="bbox 384 1126 1980 1200; baseline 0.003 -18"><span class='ocrx_word' id='word_1_85' title='bbox 384 1126 432 1182; x_wconf 89' lang='lat' dir='ltr'><strong>si</strong></span> <span class='ocrx_word' id='word_1_86' title='bbox 466 1127 600 1200; x_wconf 90' lang='lat' dir='ltr'><strong>quid</strong></span> <span class='ocrx_word' id='word_1_87' title='bbox 628 1129 688 1184; x_wconf 90' lang='lat' dir='ltr'><strong>in</strong></span> <span class='ocrx_word' id='word_1_88' title='bbox 713 1129 825 1185; x_wconf 89' lang='lat' dir='ltr'><strong>illis</strong></span> <span class='ocrx_word' id='word_1_89' title='bbox 863 1131 1110 1197; x_wconf 86' lang='lat' dir='ltr'><strong>vidisset,</strong></span> <span class='ocrx_word' id='word_1_90' title='bbox 1143 1131 1548 1199; x_wconf 88' lang='lat' dir='ltr'><strong>manifestaret,</strong></span> <span class='ocrx_word' id='word_1_91' title='bbox 1589 1138 1690 1187; x_wconf 88' lang='lat' dir='ltr'><strong>aut</strong></span> <span class='ocrx_word' id='word_1_92' title='bbox 1713 1149 1843 1186; x_wconf 92' lang='lat' dir='ltr'><strong>cum</strong></span> <span class='ocrx_word' id='word_1_93' title='bbox 1869 1133 1980 1188; x_wconf 90' lang='lat' dir='ltr'><strong>illis</strong></span> 
     </span>
    </p>
   </div>
   <div class='ocr_carea' id='block_1_14' title="bbox 381 1215 1984 1291">
    <p class='ocr_par' dir='ltr' id='par_1_14' title="bbox 381 1215 1984 1291">
     <span class='ocr_line' id='line_1_14' title="bbox 381 1215 1984 1291; baseline 0.003 -20"><span class='ocrx_word' id='word_1_94' title='bbox 381 1215 776 1288; x_wconf 82' lang='lat' dir='ltr'><strong>ingrederetur</strong></span> <span class='ocrx_word' id='word_1_95' title='bbox 799 1219 857 1274; x_wconf 92' lang='lat' dir='ltr'><strong>in</strong></span> <span class='ocrx_word' id='word_1_96' title='bbox 885 1221 1394 1291; x_wconf 82' lang='lat' dir='ltr'><strong>congregationem.</strong></span> <span class='ocrx_word' id='word_1_97' title='bbox 1438 1221 1538 1276; x_wconf 94' lang='lat' dir='ltr'><strong>Ille</strong></span> <span class='ocrx_word' id='word_1_98' title='bbox 1566 1226 1756 1276; x_wconf 89' lang='lat' dir='ltr'><strong>autem</strong></span> <span class='ocrx_word' id='word_1_99' title='bbox 1800 1221 1984 1277; x_wconf 88' lang='lat' dir='ltr'><strong>noluit</strong></span> 
     </span>
    </p>
   </div>
   <div class='ocr_carea' id='block_1_15' title="bbox 384 1304 1982 1382">
    <p class='ocr_par' dir='ltr' id='par_1_15' title="bbox 384 1304 1982 1382">
     <span class='ocr_line' id='line_1_15' title="bbox 384 1304 1982 1382; baseline 0.003 -22"><span class='ocrx_word' id='word_1_100' title='bbox 384 1304 624 1376; x_wconf 81' lang='lat' dir='ltr'><strong>ingredi,</strong></span> <span class='ocrx_word' id='word_1_101' title='bbox 657 1309 757 1363; x_wconf 87' lang='lat' dir='ltr'><strong>sed</strong></span> <span class='ocrx_word' id='word_1_102' title='bbox 789 1325 1012 1380; x_wconf 87' lang='lat' dir='ltr'><strong>semper</strong></span> <span class='ocrx_word' id='word_1_103' title='bbox 1067 1309 1237 1364; x_wconf 90' lang='lat' dir='ltr'><strong>ﬂebat</strong></span> <span class='ocrx_word' id='word_1_104' title='bbox 1265 1315 1495 1382; x_wconf 88' lang='lat' dir='ltr'><strong>propter</strong></span> <span class='ocrx_word' id='word_1_105' title='bbox 1523 1327 1651 1364; x_wconf 90' lang='lat' dir='ltr'><strong>eum</strong></span> <span class='ocrx_word' id='word_1_106' title='bbox 1681 1327 1847 1382; x_wconf 87' lang='lat' dir='ltr'><strong>quem</strong></span> <span class='ocrx_word' id='word_1_107' title='bbox 1903 1311 1982 1366; x_wconf 90' lang='lat' dir='ltr'><strong>sic</strong></span> 
     </span>
    </p>
   </div>
   <div class='ocr_carea' id='block_1_16' title="bbox 383 1395 1980 1472">
    <p class='ocr_par' dir='ltr' id='par_1_16' title="bbox 383 1395 1980 1472">
     <span class='ocr_line' id='line_1_16' title="bbox 383 1395 1980 1472; baseline 0.004 -24"><span class='ocrx_word' id='word_1_108' title='bbox 383 1395 618 1458; x_wconf 84' lang='lat' dir='ltr'><strong>viderat.</strong></span> <span class='ocrx_word' id='word_1_109' title='bbox 642 1397 778 1452; x_wconf 87' lang='lat' dir='ltr'><strong>Post</strong></span> <span class='ocrx_word' id='word_1_110' title='bbox 802 1399 1092 1469; x_wconf 88' lang='lat' dir='ltr'><strong>paululum</strong></span> <span class='ocrx_word' id='word_1_111' title='bbox 1117 1405 1462 1467; x_wconf 89' lang='lat' dir='ltr'><strong>autem,cum</strong></span> <span class='ocrx_word' id='word_1_112' title='bbox 1478 1399 1734 1454; x_wconf 90' lang='lat' dir='ltr'><strong>absoluta</strong></span> <span class='ocrx_word' id='word_1_113' title='bbox 1752 1416 1980 1472; x_wconf 87' lang='lat' dir='ltr'><strong>congre-</strong></span> 
     </span>
    </p>
   </div>
   <div class='ocr_carea' id='block_1_17' title="bbox 385 1484 1983 1553">
    <p class='ocr_par' dir='ltr' id='par_1_17' title="bbox 385 1484 1983 1553">
     <span class='ocr_line' id='line_1_17' title="bbox 385 1484 1983 1553; baseline 0.003 -15"><span class='ocrx_word' id='word_1_114' title='bbox 385 1484 614 1553; x_wconf 87' lang='lat' dir='ltr'><strong>gatione</strong></span> <span class='ocrx_word' id='word_1_115' title='bbox 661 1486 1031 1553; x_wconf 88' lang='lat' dir='ltr'><strong>discederent,</strong></span> <span class='ocrx_word' id='word_1_116' title='bbox 1078 1488 1286 1543; x_wconf 87' lang='lat' dir='ltr'><strong>iterum</strong></span> <span class='ocrx_word' id='word_1_117' title='bbox 1330 1488 1585 1543; x_wconf 91' lang='lat' dir='ltr'><strong>omnium</strong></span> <span class='ocrx_word' id='word_1_118' title='bbox 1632 1489 1847 1544; x_wconf 85' lang='lat' dir='ltr'><strong>vultum</strong></span> <span class='ocrx_word' id='word_1_119' title='bbox 1873 1489 1983 1544; x_wconf 90' lang='lat' dir='ltr'><strong>cir-</strong></span> 
     </span>
    </p>
   </div>
   <div class='ocr_carea' id='block_1_18' title="bbox 382 1573 1983 1649">
    <p class='ocr_par' dir='ltr' id='par_1_18' title="bbox 382 1573 1983 1649">
     <span class='ocr_line' id='line_1_18' title="bbox 382 1573 1983 1649; baseline 0.003 -22"><span class='ocrx_word' id='word_1_120' title='bbox 382 1573 804 1645; x_wconf 87' lang='lat' dir='ltr'><strong>cumspiciebat,</strong></span> <span class='ocrx_word' id='word_1_121' title='bbox 828 1576 875 1630; x_wconf 88' lang='lat' dir='ltr'><strong>si</strong></span> <span class='ocrx_word' id='word_1_122' title='bbox 908 1577 1048 1632; x_wconf 81' lang='lat' dir='ltr'><strong>tales</strong></span> <span class='ocrx_word' id='word_1_123' title='bbox 1081 1577 1484 1648; x_wconf 85' lang='lat' dir='ltr'><strong>egrederentur</strong></span> <span class='ocrx_word' id='word_1_124' title='bbox 1521 1578 1714 1649; x_wconf 86' lang='lat' dir='ltr'><strong>quales</strong></span> <span class='ocrx_word' id='word_1_125' title='bbox 1743 1577 1983 1648; x_wconf 90' lang='lat' dir='ltr'><strong>ingressi</strong></span> 
     </span>
    </p>
   </div>
   <div class='ocr_carea' id='block_1_19' title="bbox 2065 422 3091 562">
    <p class='ocr_par' dir='ltr' id='par_1_19' title="bbox 2065 422 3091 562">
     <span class='ocr_line' id='line_1_19' title="bbox 2065 422 3091 562; baseline -0.004 0"><span class='ocrx_word' id='word_1_126' title='bbox 2065 422 2208 490; x_wconf 46' lang='lat' dir='ltr'><strong>om).</strong></span> <span class='ocrx_word' id='word_1_127' title='bbox 2635 505 2868 562; x_wconf 86' lang='lat' dir='ltr'><strong>CAPUT</strong></span> <span class='ocrx_word' id='word_1_128' title='bbox 2893 503 3091 560; x_wconf 82' lang='lat' dir='ltr'><strong>XXIV.</strong></span> 
     </span>
    </p>
   </div>
   <div class='ocr_carea' id='block_1_20' title="bbox 2066 592 3674 668">
    <p class='ocr_par' dir='ltr' id='par_1_20' title="bbox 2066 592 3674 668">
     <span class='ocr_line' id='line_1_20' title="bbox 2066 592 3674 668; baseline -0.004 -16"><span class='ocrx_word' id='word_1_129' title='bbox 2066 599 2219 666; x_wconf 78' lang='lat' dir='ltr'><strong>Quod</strong></span> <span class='ocrx_word' id='word_1_130' title='bbox 2247 603 2297 652; x_wconf 76' lang='lat' dir='ltr'><strong>ct</strong></span> <span class='ocrx_word' id='word_1_131' title='bbox 2341 601 2402 652; x_wconf 78' lang='lat' dir='ltr'><strong>in</strong></span> <span class='ocrx_word' id='word_1_132' title='bbox 2425 599 2702 668; x_wconf 74' lang='lat' dir='ltr'><strong>proposito</strong></span> <span class='ocrx_word' id='word_1_133' title='bbox 2743 595 3082 666; x_wconf 58' lang='lat' dir='ltr'><strong>paenitentia;</strong></span> <span class='ocrx_word' id='word_1_134' title='bbox 3119 596 3171 648; x_wconf 76' lang='lat' dir='ltr'><strong>si</strong></span> <span class='ocrx_word' id='word_1_135' title='bbox 3209 597 3454 647; x_wconf 75' lang='lat' dir='ltr'><strong>transeat</strong></span> <span class='ocrx_word' id='word_1_136' title='bbox 3481 592 3674 657; x_wconf 82' lang='lat' dir='ltr'><strong>homo,</strong></span> 
     </span>
    </p>
   </div>
   <div class='ocr_carea' id='block_1_21' title="bbox 2578 685 3149 752">
    <p class='ocr_par' dir='ltr' id='par_1_21' title="bbox 2578 685 3149 752">
     <span class='ocr_line' id='line_1_21' title="bbox 2578 685 3149 752; baseline -0.009 -12"><span class='ocrx_word' id='word_1_137' title='bbox 2578 691 2765 740; x_wconf 81' lang='lat' dir='ltr'><strong>tamen</strong></span> <span class='ocrx_word' id='word_1_138' title='bbox 2791 685 3149 752; x_wconf 76' lang='lat' dir='ltr'><strong>suscipiatur.</strong></span> 
     </span>
    </p>
   </div>
   <div class='ocr_carea' id='block_1_22' title="bbox 2143 767 3682 848">
    <p class='ocr_par' dir='ltr' id='par_1_22' title="bbox 2143 767 3682 848">
     <span class='ocr_line' id='line_1_22' title="bbox 2143 767 3682 848; baseline -0.006 -16"><span class='ocrx_word' id='word_1_139' title='bbox 2143 776 2364 834; x_wconf 81' lang='lat' dir='ltr'><strong>LVenit</strong></span> <span class='ocrx_word' id='word_1_140' title='bbox 2391 775 2618 848; x_wconf 89' lang='lat' dir='ltr'><strong>quidam</strong></span> <span class='ocrx_word' id='word_1_141' title='bbox 2645 777 2820 830; x_wconf 78' lang='lat' dir='ltr'><strong>frater</strong></span> <span class='ocrx_word' id='word_1_142' title='bbox 2839 773 2909 828; x_wconf 89' lang='lat' dir='ltr'><strong>ad</strong></span> <span class='ocrx_word' id='word_1_143' title='bbox 2927 771 3192 827; x_wconf 89' lang='lat' dir='ltr'><strong>abbatem</strong></span> <span class='ocrx_word' id='word_1_144' title='bbox 3219 767 3682 836; x_wconf 84' lang='lat' dir='ltr'><strong>Pimenium,di-</strong></span> 
     </span>
    </p>
   </div>
   <div class='ocr_carea' id='block_1_23' title="bbox 2065 857 3684 937">
    <p class='ocr_par' dir='ltr' id='par_1_23' title="bbox 2065 857 3684 937">
     <span class='ocr_line' id='line_1_23' title="bbox 2065 857 3684 937; baseline -0.006 -17"><span class='ocrx_word' id='word_1_145' title='bbox 2065 881 2215 932; x_wconf 90' lang='lat' dir='ltr'><strong>cens,</strong></span> <span class='ocrx_word' id='word_1_146' title='bbox 2241 867 2388 937; x_wconf 90' lang='lat' dir='ltr'><strong>quod</strong></span> <span class='ocrx_word' id='word_1_147' title='bbox 2401 865 2676 936; x_wconf 88' lang='lat' dir='ltr'><strong>grandem</strong></span> <span class='ocrx_word' id='word_1_148' title='bbox 2699 862 3120 917; x_wconf 82' lang='lat' dir='ltr'><strong>tribulationem</strong></span> <span class='ocrx_word' id='word_1_149' title='bbox 3131 877 3327 933; x_wconf 85' lang='lat' dir='ltr'><strong>passus</strong></span> <span class='ocrx_word' id='word_1_150' title='bbox 3339 857 3684 916; x_wconf 83' lang='lat' dir='ltr'><strong>csset.Dicit</strong></span> 
     </span>
    </p>
   </div>
   <div class='ocr_carea' id='block_1_24' title="bbox 2066 947 3684 1026">
    <p class='ocr_par' dir='ltr' id='par_1_24' title="bbox 2066 947 3684 1026">
     <span class='ocr_line' id='line_1_24' title="bbox 2066 947 3684 1026; baseline -0.006 -16"><span class='ocrx_word' id='word_1_151' title='bbox 2066 954 2118 1010; x_wconf 90' lang='lat' dir='ltr'><strong>ei</strong></span> <span class='ocrx_word' id='word_1_152' title='bbox 2141 972 2312 1010; x_wconf 84' lang='lat' dir='ltr'><strong>senex</strong></span> <span class='ocrx_word' id='word_1_153' title='bbox 2335 973 2348 1011; x_wconf 91' lang='lat'><strong>:</strong></span> <span class='ocrx_word' id='word_1_154' title='bbox 2376 956 2529 1026; x_wconf 90' lang='lat' dir='ltr'><strong>Fuge</strong></span> <span class='ocrx_word' id='word_1_155' title='bbox 2559 954 2629 1008; x_wconf 90' lang='lat' dir='ltr'><strong>de</strong></span> <span class='ocrx_word' id='word_1_156' title='bbox 2675 953 2795 1008; x_wconf 93' lang='lat' dir='ltr'><strong>loco</strong></span> <span class='ocrx_word' id='word_1_157' title='bbox 2821 952 2936 1018; x_wconf 91' lang='lat' dir='ltr'><strong>illo,</strong></span> <span class='ocrx_word' id='word_1_158' title='bbox 2961 955 3234 1023; x_wconf 86' lang='lat' dir='ltr'><strong>quantum</strong></span> <span class='ocrx_word' id='word_1_159' title='bbox 3257 949 3442 1004; x_wconf 88' lang='lat' dir='ltr'><strong>tribus</strong></span> <span class='ocrx_word' id='word_1_160' title='bbox 3468 947 3684 1003; x_wconf 84' lang='lat' dir='ltr'><strong>diebus</strong></span> 
     </span>
    </p>
   </div>
   <div class='ocr_carea' id='block_1_25' title="bbox 2067 1039 3681 1112">
    <p class='ocr_par' dir='ltr' id='par_1_25' title="bbox 2067 1039 3681 1112">
     <span class='ocr_line' id='line_1_25' title="bbox 2067 1039 3681 1112; baseline -0.006 -12"><span class='ocrx_word' id='word_1_161' title='bbox 2067 1050 2125 1100; x_wconf 90' lang='lat' dir='ltr'><strong>et</strong></span> <span class='ocrx_word' id='word_1_162' title='bbox 2152 1044 2334 1100; x_wconf 88' lang='lat' dir='ltr'><strong>tribus</strong></span> <span class='ocrx_word' id='word_1_163' title='bbox 2363 1043 2622 1099; x_wconf 90' lang='lat' dir='ltr'><strong>noctibus</strong></span> <span class='ocrx_word' id='word_1_164' title='bbox 2650 1041 2940 1097; x_wconf 89' lang='lat' dir='ltr'><strong>ambulare</strong></span> <span class='ocrx_word' id='word_1_165' title='bbox 2983 1045 3178 1112; x_wconf 89' lang='lat' dir='ltr'><strong>potes;</strong></span> <span class='ocrx_word' id='word_1_166' title='bbox 3232 1044 3292 1094; x_wconf 91' lang='lat' dir='ltr'><strong>et</strong></span> <span class='ocrx_word' id='word_1_167' title='bbox 3328 1039 3415 1093; x_wconf 86' lang='lat' dir='ltr'><strong>fac</strong></span> <span class='ocrx_word' id='word_1_168' title='bbox 3448 1053 3681 1092; x_wconf 85' lang='lat' dir='ltr'><strong>annum</strong></span> 
     </span>
    </p>
   </div>
   <div class='ocr_carea' id='block_1_26' title="bbox 2063 1125 3682 1206">
    <p class='ocr_par' dir='ltr' id='par_1_26' title="bbox 2063 1125 3682 1206">
     <span class='ocr_line' id='line_1_26' title="bbox 2063 1125 3682 1206; baseline -0.005 -18"><span class='ocrx_word' id='word_1_169' title='bbox 2063 1134 2366 1206; x_wconf 89' lang='lat' dir='ltr'><strong>integrum,</strong></span> <span class='ocrx_word' id='word_1_170' title='bbox 2404 1134 2673 1204; x_wconf 89' lang='lat' dir='ltr'><strong>jejunans</strong></span> <span class='ocrx_word' id='word_1_171' title='bbox 2720 1147 2901 1202; x_wconf 90' lang='lat' dir='ltr'><strong>usque</strong></span> <span class='ocrx_word' id='word_1_172' title='bbox 2929 1130 3000 1184; x_wconf 90' lang='lat' dir='ltr'><strong>ad</strong></span> <span class='ocrx_word' id='word_1_173' title='bbox 3029 1134 3271 1184; x_wconf 88' lang='lat' dir='ltr'><strong>noctem.</strong></span> <span class='ocrx_word' id='word_1_174' title='bbox 3305 1127 3409 1183; x_wconf 90' lang='lat' dir='ltr'><strong>Cui</strong></span> <span class='ocrx_word' id='word_1_175' title='bbox 3437 1127 3568 1181; x_wconf 88' lang='lat' dir='ltr'><strong>ille:</strong></span> <span class='ocrx_word' id='word_1_176' title='bbox 3609 1125 3682 1180; x_wconf 89' lang='lat' dir='ltr'><strong>Si</strong></span> 
     </span>
    </p>
   </div>
   <div class='ocr_carea' id='block_1_27' title="bbox 2063 1214 3674 1293">
    <p class='ocr_par' dir='ltr' id='par_1_27' title="bbox 2063 1214 3674 1293">
     <span class='ocr_line' id='line_1_27' title="bbox 2063 1214 3674 1293; baseline -0.005 -16"><span class='ocrx_word' id='word_1_177' title='bbox 2063 1229 2320 1278; x_wconf 90' lang='lat' dir='ltr'><strong>mortuus</strong></span> <span class='ocrx_word' id='word_1_178' title='bbox 2349 1223 2509 1278; x_wconf 88' lang='lat' dir='ltr'><strong>fuero</strong></span> <span class='ocrx_word' id='word_1_179' title='bbox 2528 1227 2832 1293; x_wconf 87' lang='lat' dir='ltr'><strong>antequam</strong></span> <span class='ocrx_word' id='word_1_180' title='bbox 2860 1235 3008 1274; x_wconf 89' lang='lat' dir='ltr'><strong>unus</strong></span> <span class='ocrx_word' id='word_1_181' title='bbox 3032 1235 3214 1273; x_wconf 90' lang='lat' dir='ltr'><strong>annus</strong></span> <span class='ocrx_word' id='word_1_182' title='bbox 3226 1221 3500 1280; x_wconf 83' lang='lat' dir='ltr'><strong>transeat,</strong></span> <span class='ocrx_word' id='word_1_183' title='bbox 3523 1214 3674 1287; x_wconf 86' lang='lat' dir='ltr'><strong>quid</strong></span> 
     </span>
    </p>
   </div>
   <div class='ocr_carea' id='block_1_28' title="bbox 2063 1305 3684 1368">
    <p class='ocr_par' dir='ltr' id='par_1_28' title="bbox 2063 1305 3684 1368">
     <span class='ocr_line' id='line_1_28' title="bbox 2063 1305 3684 1368; baseline -0.005 -1"><span class='ocrx_word' id='word_1_184' title='bbox 2063 1313 2132 1367; x_wconf 92' lang='lat' dir='ltr'><strong>de</strong></span> <span class='ocrx_word' id='word_1_185' title='bbox 2146 1329 2236 1366; x_wconf 91' lang='lat' dir='ltr'><strong>me</strong></span> <span class='ocrx_word' id='word_1_186' title='bbox 2257 1311 2389 1368; x_wconf 84' lang='lat' dir='ltr'><strong>ﬂet?</strong></span> <span class='ocrx_word' id='word_1_187' title='bbox 2418 1311 2572 1366; x_wconf 80' lang='lat' dir='ltr'><strong>Dixit</strong></span> <span class='ocrx_word' id='word_1_188' title='bbox 2597 1310 2769 1365; x_wconf 88' lang='lat' dir='ltr'><strong>abbas</strong></span> <span class='ocrx_word' id='word_1_189' title='bbox 2797 1307 3083 1364; x_wconf 88' lang='lat' dir='ltr'><strong>Pimenius</strong></span> <span class='ocrx_word' id='word_1_190' title='bbox 3105 1326 3117 1361; x_wconf 90' lang='lat'><strong>:</strong></span> <span class='ocrx_word' id='word_1_191' title='bbox 3141 1307 3376 1362; x_wconf 90' lang='lat' dir='ltr'><strong>Conﬁdo</strong></span> <span class='ocrx_word' id='word_1_192' title='bbox 3405 1305 3462 1360; x_wconf 93' lang='lat' dir='ltr'><strong>in</strong></span> <span class='ocrx_word' id='word_1_193' title='bbox 3479 1305 3684 1360; x_wconf 85' lang='lat' dir='ltr'><strong>Deum</strong></span> 
     </span>
    </p>
   </div>
   <div class='ocr_carea' id='block_1_29' title="bbox 2063 1395 3683 1473">
    <p class='ocr_par' dir='ltr' id='par_1_29' title="bbox 2063 1395 3683 1473">
     <span class='ocr_line' id='line_1_29' title="bbox 2063 1395 3683 1473; baseline -0.005 -17"><span class='ocrx_word' id='word_1_194' title='bbox 2063 1401 2194 1473; x_wconf 90' lang='lat' dir='ltr'><strong>quia</strong></span> <span class='ocrx_word' id='word_1_195' title='bbox 2223 1401 2270 1456; x_wconf 91' lang='lat' dir='ltr'><strong>si</strong></span> <span class='ocrx_word' id='word_1_196' title='bbox 2296 1406 2359 1456; x_wconf 90' lang='lat' dir='ltr'><strong>tu</strong></span> <span class='ocrx_word' id='word_1_197' title='bbox 2387 1417 2514 1456; x_wconf 90' lang='lat' dir='ltr'><strong>cum</strong></span> <span class='ocrx_word' id='word_1_198' title='bbox 2543 1399 2642 1454; x_wconf 88' lang='lat' dir='ltr'><strong>tali</strong></span> <span class='ocrx_word' id='word_1_199' title='bbox 2662 1397 2949 1471; x_wconf 86' lang='lat' dir='ltr'><strong>proposito</strong></span> <span class='ocrx_word' id='word_1_200' title='bbox 2968 1415 3004 1452; x_wconf 91' lang='lat' dir='ltr'><strong>a</strong></span> <span class='ocrx_word' id='word_1_201' title='bbox 3026 1414 3116 1452; x_wconf 91' lang='lat' dir='ltr'><strong>me</strong></span> <span class='ocrx_word' id='word_1_202' title='bbox 3127 1395 3300 1450; x_wconf 89' lang='lat' dir='ltr'><strong>fueris</strong></span> <span class='ocrx_word' id='word_1_203' title='bbox 3317 1399 3683 1467; x_wconf 83' lang='lat' dir='ltr'><strong>egressus,ut</strong></span> 
     </span>
    </p>
   </div>
   <div class='ocr_carea' id='block_1_30' title="bbox 2065 1483 3680 1555">
    <p class='ocr_par' dir='ltr' id='par_1_30' title="bbox 2065 1483 3680 1555">
     <span class='ocr_line' id='line_1_30' title="bbox 2065 1483 3680 1555; baseline -0.004 -11"><span class='ocrx_word' id='word_1_204' title='bbox 2065 1491 2172 1546; x_wconf 90' lang='lat' dir='ltr'><strong>hoc</strong></span> <span class='ocrx_word' id='word_1_205' title='bbox 2188 1489 2380 1555; x_wconf 89' lang='lat' dir='ltr'><strong>facias,</strong></span> <span class='ocrx_word' id='word_1_206' title='bbox 2413 1489 2584 1544; x_wconf 88' lang='lat' dir='ltr'><strong>etiam</strong></span> <span class='ocrx_word' id='word_1_207' title='bbox 2615 1488 2664 1542; x_wconf 88' lang='lat' dir='ltr'><strong>si</strong></span> <span class='ocrx_word' id='word_1_208' title='bbox 2694 1505 2822 1542; x_wconf 85' lang='lat' dir='ltr'><strong>mox</strong></span> <span class='ocrx_word' id='word_1_209' title='bbox 2852 1491 3108 1542; x_wconf 88' lang='lat' dir='ltr'><strong>mortuus</strong></span> <span class='ocrx_word' id='word_1_210' title='bbox 3136 1484 3328 1550; x_wconf 87' lang='lat' dir='ltr'><strong>fueris,</strong></span> <span class='ocrx_word' id='word_1_211' title='bbox 3358 1501 3488 1539; x_wconf 89' lang='lat' dir='ltr'><strong>cum</strong></span> <span class='ocrx_word' id='word_1_212' title='bbox 3508 1483 3680 1538; x_wconf 87' lang='lat' dir='ltr'><strong>desi—</strong></span> 
     </span>
    </p>
   </div>
   <div class='ocr_carea' id='block_1_31' title="bbox 2065 1573 3674 1650">
    <p class='ocr_par' dir='ltr' id='par_1_31' title="bbox 2065 1573 3674 1650">
     <span class='ocr_line' id='line_1_31' title="bbox 2065 1573 3674 1650; baseline -0.005 -16"><span class='ocrx_word' id='word_1_213' title='bbox 2065 1579 2222 1634; x_wconf 89' lang='lat' dir='ltr'><strong>derio</strong></span> <span class='ocrx_word' id='word_1_214' title='bbox 2258 1578 2406 1633; x_wconf 91' lang='lat' dir='ltr'><strong>bono</strong></span> <span class='ocrx_word' id='word_1_215' title='bbox 2431 1577 2768 1650; x_wconf 87' lang='lat' dir='ltr'><strong>suscipietur</strong></span> <span class='ocrx_word' id='word_1_216' title='bbox 2793 1575 3124 1648; x_wconf 66' lang='lat' dir='ltr'><strong>paenitentia</strong></span> <span class='ocrx_word' id='word_1_217' title='bbox 3151 1580 3254 1629; x_wconf 87' lang='lat' dir='ltr'><strong>tua</strong></span> <span class='ocrx_word' id='word_1_218' title='bbox 3276 1573 3423 1646; x_wconf 91' lang='lat' dir='ltr'><strong>apud</strong></span> <span class='ocrx_word' id='word_1_219' title='bbox 3451 1573 3674 1628; x_wconf 88' lang='lat' dir='ltr'><strong>Deum.</strong></span> 
     </span>
    </p>
   </div>
   <div class='ocr_carea' id='block_1_32' title="bbox 385 1648 3672 1738">
    <p class='ocr_par' dir='ltr' id='par_1_32' title="bbox 385 1648 3672 1738">
     <span class='ocr_line' id='line_1_32' title="bbox 385 1648 3672 1738; baseline 0 -22"><span class='ocrx_word' id='word_1_220' title='bbox 385 1666 520 1732; x_wconf 83' lang='lat' dir='ltr'><strong>sunt</strong></span> <span class='ocrx_word' id='word_1_221' title='bbox 557 1663 626 1717; x_wconf 90' lang='lat' dir='ltr'><strong>Et</strong></span> <span class='ocrx_word' id='word_1_222' title='bbox 638 1662 778 1718; x_wconf 90' lang='lat' dir='ltr'><strong>vidit</strong></span> <span class='ocrx_word' id='word_1_223' title='bbox 795 1663 956 1719; x_wconf 92' lang='lat' dir='ltr'><strong>illum</strong></span> <span class='ocrx_word' id='word_1_224' title='bbox 974 1683 1140 1738; x_wconf 90' lang='lat' dir='ltr'><strong>quem</strong></span> <span class='ocrx_word' id='word_1_225' title='bbox 1170 1672 1302 1720; x_wconf 87' lang='lat' dir='ltr'><strong>ante</strong></span> <span class='ocrx_word' id='word_1_226' title='bbox 1329 1648 1552 1720; x_wconf 80' lang='lat' dir='ltr'><strong>viderat</strong></span> <span class='ocrx_word' id='word_1_227' title='bbox 1570 1666 1795 1737; x_wconf 87' lang='lat' dir='ltr'><strong>nigrum</strong></span> <span class='ocrx_word' id='word_1_228' title='bbox 1815 1671 1872 1721; x_wconf 91' lang='lat' dir='ltr'><strong>et</strong></span> <span class='ocrx_word' id='word_1_229' title='bbox 1889 1683 1983 1722; x_wconf 90' lang='lat' dir='ltr'><strong>ne-</strong></span> <span class='ocrx_word' id='word_1_230' title='bbox 2004 1648 2054 1709; x_wconf 81' lang='grc' dir='ltr'>Β</span> <span class='ocrx_word' id='word_1_231' title='bbox 2133 1671 2190 1727; x_wconf 72' lang='grc'><strong>2,</strong></span> <span class='ocrx_word' id='word_1_232' title='bbox 2223 1667 2460 1734; x_wconf 86' lang='lat' dir='ltr'><strong>Quidam</strong></span> <span class='ocrx_word' id='word_1_233' title='bbox 2487 1648 2663 1722; x_wconf 79' lang='lat' dir='ltr'><strong>frater</strong></span> <span class='ocrx_word' id='word_1_234' title='bbox 2676 1665 2904 1721; x_wconf 87' lang='lat' dir='ltr'><strong>sedebat</strong></span> <span class='ocrx_word' id='word_1_235' title='bbox 2936 1665 2996 1719; x_wconf 91' lang='lat' dir='ltr'><strong>in</strong></span> <span class='ocrx_word' id='word_1_236' title='bbox 3023 1665 3162 1720; x_wconf 91' lang='lat' dir='ltr'><strong>cella</strong></span> <span class='ocrx_word' id='word_1_237' title='bbox 3191 1680 3292 1718; x_wconf 88' lang='lat' dir='ltr'><strong>sua</strong></span> <span class='ocrx_word' id='word_1_238' title='bbox 3316 1663 3377 1717; x_wconf 90' lang='lat' dir='ltr'><strong>in</strong></span> <span class='ocrx_word' id='word_1_239' title='bbox 3393 1662 3672 1734; x_wconf 64' lang='lat' dir='ltr'><strong>Egypto;</strong></span> 
     </span>
    </p>
   </div>
   <div class='ocr_carea' id='block_1_33' title="bbox 383 1749 1977 1827">
    <p class='ocr_par' dir='ltr' id='par_1_33' title="bbox 383 1749 1977 1827">
     <span class='ocr_line' id='line_1_33' title="bbox 383 1749 1977 1827; baseline 0.004 -24"><span class='ocrx_word' id='word_1_240' title='bbox 383 1749 664 1818; x_wconf 89' lang='lat' dir='ltr'><strong>bulosum,</strong></span> <span class='ocrx_word' id='word_1_241' title='bbox 706 1769 995 1823; x_wconf 87' lang='lat' dir='ltr'><strong>egressum</strong></span> <span class='ocrx_word' id='word_1_242' title='bbox 1029 1754 1178 1808; x_wconf 89' lang='lat' dir='ltr'><strong>clara</strong></span> <span class='ocrx_word' id='word_1_243' title='bbox 1205 1753 1347 1808; x_wconf 87' lang='lat' dir='ltr'><strong>facie</strong></span> <span class='ocrx_word' id='word_1_244' title='bbox 1375 1760 1433 1809; x_wconf 90' lang='lat' dir='ltr'><strong>et</strong></span> <span class='ocrx_word' id='word_1_245' title='bbox 1459 1755 1697 1810; x_wconf 88' lang='lat' dir='ltr'><strong>candido</strong></span> <span class='ocrx_word' id='word_1_246' title='bbox 1727 1772 1977 1827; x_wconf 89' lang='lat' dir='ltr'><strong>corpore,</strong></span> 
     </span>
    </p>
   </div>
   <div class='ocr_carea' id='block_1_34' title="bbox 383 1839 1981 1915">
    <p class='ocr_par' dir='ltr' id='par_1_34' title="bbox 383 1839 1981 1915">
     <span class='ocr_line' id='line_1_34' title="bbox 383 1839 1981 1915; baseline 0.003 -21"><span class='ocrx_word' id='word_1_247' title='bbox 383 1839 666 1896; x_wconf 66' lang='lat' dir='ltr'><strong>daemones</strong></span> <span class='ocrx_word' id='word_1_248' title='bbox 691 1842 760 1896; x_wconf 93' lang='lat' dir='ltr'><strong>de</strong></span> <span class='ocrx_word' id='word_1_249' title='bbox 789 1843 954 1914; x_wconf 91' lang='lat' dir='ltr'><strong>longe</strong></span> <span class='ocrx_word' id='word_1_250' title='bbox 983 1849 1280 1915; x_wconf 86' lang='lat' dir='ltr'><strong>sequentes</strong></span> <span class='ocrx_word' id='word_1_251' title='bbox 1300 1861 1426 1899; x_wconf 85' lang='lat' dir='ltr'><strong>eum</strong></span> <span class='ocrx_word' id='word_1_252' title='bbox 1454 1863 1466 1912; x_wconf 86' lang='lat'><strong>;</strong></span> <span class='ocrx_word' id='word_1_253' title='bbox 1509 1850 1762 1899; x_wconf 89' lang='lat' dir='ltr'><strong>sanctum</strong></span> <span class='ocrx_word' id='word_1_254' title='bbox 1790 1849 1981 1900; x_wconf 89' lang='lat' dir='ltr'><strong>autem</strong></span> 
     </span>
    </p>
   </div>
   <div class='ocr_carea' id='block_1_35' title="bbox 384 1929 1986 2005">
    <p class='ocr_par' dir='ltr' id='par_1_35' title="bbox 384 1929 1986 2005">
     <span class='ocr_line' id='line_1_35' title="bbox 384 1929 1986 2005; baseline 0.004 -23"><span class='ocrx_word' id='word_1_255' title='bbox 384 1929 647 2000; x_wconf 89' lang='lat' dir='ltr'><strong>angelum</strong></span> <span class='ocrx_word' id='word_1_256' title='bbox 681 1931 802 2000; x_wconf 88' lang='lat' dir='ltr'><strong>ejus</strong></span> <span class='ocrx_word' id='word_1_257' title='bbox 830 1949 1002 2004; x_wconf 90' lang='lat' dir='ltr'><strong>prope</strong></span> <span class='ocrx_word' id='word_1_258' title='bbox 1032 1933 1427 2000; x_wconf 89' lang='lat' dir='ltr'><strong>eum,hilarem</strong></span> <span class='ocrx_word' id='word_1_259' title='bbox 1449 1938 1507 1988; x_wconf 90' lang='lat' dir='ltr'><strong>et</strong></span> <span class='ocrx_word' id='word_1_260' title='bbox 1531 1933 1874 2005; x_wconf 85' lang='lat' dir='ltr'><strong>gaudentem</strong></span> <span class='ocrx_word' id='word_1_261' title='bbox 1891 1951 1986 1988; x_wconf 80' lang='lat' dir='ltr'><strong>su-&#39;</strong></span> 
     </span>
    </p>
   </div>
   <div class='ocr_carea' id='block_1_36' title="bbox 381 2019 1980 2094">
    <p class='ocr_par' dir='ltr' id='par_1_36' title="bbox 381 2019 1980 2094">
     <span class='ocr_line' id='line_1_36' title="bbox 381 2019 1980 2094; baseline 0.003 -22"><span class='ocrx_word' id='word_1_262' title='bbox 381 2033 485 2088; x_wconf 90' lang='lat' dir='ltr'><strong>per</strong></span> <span class='ocrx_word' id='word_1_263' title='bbox 513 2034 643 2073; x_wconf 91' lang='lat' dir='ltr'><strong>eum</strong></span> <span class='ocrx_word' id='word_1_264' title='bbox 671 2019 858 2075; x_wconf 89' lang='lat' dir='ltr'><strong>nimis.</strong></span> <span class='ocrx_word' id='word_1_265' title='bbox 889 2021 1045 2076; x_wconf 89' lang='lat' dir='ltr'><strong>Tunc</strong></span> <span class='ocrx_word' id='word_1_266' title='bbox 1062 2027 1288 2076; x_wconf 90' lang='lat' dir='ltr'><strong>sanctus</strong></span> <span class='ocrx_word' id='word_1_267' title='bbox 1299 2022 1507 2077; x_wconf 87' lang='lat' dir='ltr'><strong>Paulus</strong></span> <span class='ocrx_word' id='word_1_268' title='bbox 1523 2038 1980 2094; x_wconf 86' lang='lat' dir='ltr'><strong>exsurgens,cum</strong></span> 
     </span>
    </p>
   </div>
   <div class='ocr_carea' id='block_1_37' title="bbox 383 2107 1980 2178">
    <p class='ocr_par' dir='ltr' id='par_1_37' title="bbox 383 2107 1980 2178">
     <span class='ocr_line' id='line_1_37' title="bbox 383 2107 1980 2178; baseline 0.003 -18"><span class='ocrx_word' id='word_1_269' title='bbox 383 2107 592 2178; x_wconf 88' lang='lat' dir='ltr'><strong>gaudio</strong></span> <span class='ocrx_word' id='word_1_270' title='bbox 622 2108 1048 2176; x_wconf 88' lang='lat' dir='ltr'><strong>vociferabatur,</strong></span> <span class='ocrx_word' id='word_1_271' title='bbox 1095 2110 1432 2166; x_wconf 90' lang='lat' dir='ltr'><strong>benedicens</strong></span> <span class='ocrx_word' id='word_1_272' title='bbox 1471 2111 1792 2177; x_wconf 90' lang='lat' dir='ltr'><strong>Dominum,</strong></span> <span class='ocrx_word' id='word_1_273' title='bbox 1817 2128 1881 2165; x_wconf 91' lang='lat' dir='ltr'><strong>ac</strong></span> <span class='ocrx_word' id='word_1_274' title='bbox 1899 2111 1980 2165; x_wconf 88' lang='lat' dir='ltr'><strong>di-</strong></span> 
     </span>
    </p>
   </div>
   <div class='ocr_carea' id='block_1_38' title="bbox 384 2197 1976 2271">
    <p class='ocr_par' dir='ltr' id='par_1_38' title="bbox 384 2197 1976 2271">
     <span class='ocr_line' id='line_1_38' title="bbox 384 2197 1976 2271; baseline 0.003 -21"><span class='ocrx_word' id='word_1_275' title='bbox 384 2211 515 2251; x_wconf 89' lang='lat' dir='ltr'><strong>cens</strong></span> <span class='ocrx_word' id='word_1_276' title='bbox 545 2215 556 2250; x_wconf 87' lang='lat'><strong>:</strong></span> <span class='ocrx_word' id='word_1_277' title='bbox 589 2197 635 2252; x_wconf 93' lang='grc' dir='ltr'><strong>Ο</strong></span> <span class='ocrx_word' id='word_1_278' title='bbox 667 2205 878 2269; x_wconf 90' lang='lat' dir='ltr'><strong>quanta</strong></span> <span class='ocrx_word' id='word_1_279' title='bbox 905 2199 1290 2255; x_wconf 88' lang='lat' dir='ltr'><strong>misericordia</strong></span> <span class='ocrx_word' id='word_1_280' title='bbox 1308 2206 1366 2255; x_wconf 91' lang='lat' dir='ltr'><strong>et</strong></span> <span class='ocrx_word' id='word_1_281' title='bbox 1403 2200 1721 2271; x_wconf 87' lang='lat' dir='ltr'><strong>benignitas</strong></span> <span class='ocrx_word' id='word_1_282' title='bbox 1741 2201 1842 2255; x_wconf 90' lang='lat' dir='ltr'><strong>Dei</strong></span> <span class='ocrx_word' id='word_1_283' title='bbox 1871 2205 1976 2266; x_wconf 85' lang='lat' dir='ltr'><strong>est,</strong></span> 
     </span>
    </p>
   </div>
   <div class='ocr_carea' id='block_1_39' title="bbox 387 2287 1980 2358">
    <p class='ocr_par' dir='ltr' id='par_1_39' title="bbox 387 2287 1980 2358">
     <span class='ocr_line' id='line_1_39' title="bbox 387 2287 1980 2358; baseline 0.004 -19"><span class='ocrx_word' id='word_1_284' title='bbox 387 2292 599 2357; x_wconf 88' lang='lat' dir='ltr'><strong>quanta</strong></span> <span class='ocrx_word' id='word_1_285' title='bbox 627 2287 749 2358; x_wconf 86' lang='lat' dir='ltr'><strong>ejus</strong></span> <span class='ocrx_word' id='word_1_286' title='bbox 766 2288 1052 2345; x_wconf 87' lang='lat' dir='ltr'><strong>miseratio</strong></span> <span class='ocrx_word' id='word_1_287' title='bbox 1073 2291 1189 2344; x_wconf 84' lang='lat' dir='ltr'><strong>est!</strong></span> <span class='ocrx_word' id='word_1_288' title='bbox 1223 2291 1292 2344; x_wconf 89' lang='lat' dir='ltr'><strong>Et</strong></span> <span class='ocrx_word' id='word_1_289' title='bbox 1319 2290 1624 2344; x_wconf 88' lang='lat' dir='ltr'><strong>ascendens</strong></span> <span class='ocrx_word' id='word_1_290' title='bbox 1649 2290 1707 2344; x_wconf 91' lang='lat' dir='ltr'><strong>in</strong></span> <span class='ocrx_word' id='word_1_291' title='bbox 1722 2291 1980 2346; x_wconf 87' lang='lat' dir='ltr'><strong>altiorem</strong></span> 
     </span>
    </p>
   </div>
   <div class='ocr_carea' id='block_1_40' title="bbox 384 2374 1985 2451">
    <p class='ocr_par' dir='ltr' id='par_1_40' title="bbox 384 2374 1985 2451">
     <span class='ocr_line' id='line_1_40' title="bbox 384 2374 1985 2451; baseline 0.003 -23"><span class='ocrx_word' id='word_1_292' title='bbox 384 2374 589 2442; x_wconf 91' lang='lat' dir='ltr'><strong>locum,</strong></span> <span class='ocrx_word' id='word_1_293' title='bbox 619 2393 753 2431; x_wconf 84' lang='lat' dir='ltr'><strong>voce</strong></span> <span class='ocrx_word' id='word_1_294' title='bbox 779 2395 984 2449; x_wconf 84' lang='lat' dir='ltr'><strong>magna</strong></span> <span class='ocrx_word' id='word_1_295' title='bbox 1008 2377 1231 2433; x_wconf 86' lang='lat' dir='ltr'><strong>dicebat</strong></span> <span class='ocrx_word' id='word_1_296' title='bbox 1254 2397 1266 2432; x_wconf 90' lang='lat'><strong>:</strong></span> <span class='ocrx_word' id='word_1_297' title='bbox 1300 2379 1517 2446; x_wconf 87' lang='lat' dir='ltr'><strong>Venite,</strong></span> <span class='ocrx_word' id='word_1_298' title='bbox 1537 2385 1594 2434; x_wconf 91' lang='lat' dir='ltr'><strong>et</strong></span> <span class='ocrx_word' id='word_1_299' title='bbox 1612 2379 1794 2434; x_wconf 90' lang='lat' dir='ltr'><strong>videte</strong></span> <span class='ocrx_word' id='word_1_300' title='bbox 1813 2395 1985 2451; x_wconf 88' lang='lat' dir='ltr'><strong>opera</strong></span> 
     </span>
    </p>
   </div>
   <div class='ocr_carea' id='block_1_41' title="bbox 387 2463 1984 2539">
    <p class='ocr_par' dir='ltr' id='par_1_41' title="bbox 387 2463 1984 2539">
     <span class='ocr_line' id='line_1_41' title="bbox 387 2463 1984 2539; baseline 0.003 -21"><span class='ocrx_word' id='word_1_301' title='bbox 387 2463 491 2519; x_wconf 90' lang='lat' dir='ltr'><strong>Dei</strong></span> <span class='ocrx_word' id='word_1_302' title='bbox 509 2483 521 2518; x_wconf 88' lang='lat'><strong>:</strong></span> <span class='ocrx_word' id='word_1_303' title='bbox 545 2465 814 2532; x_wconf 85' lang='lat' dir='ltr'><strong>venite,et</strong></span> <span class='ocrx_word' id='word_1_304' title='bbox 831 2467 1014 2522; x_wconf 89' lang='lat' dir='ltr'><strong>videte</strong></span> <span class='ocrx_word' id='word_1_305' title='bbox 1029 2468 1499 2539; x_wconf 82' lang='lat' dir='ltr'><strong>querrladmodum</strong></span> <span class='ocrx_word' id='word_1_306' title='bbox 1513 2485 1708 2522; x_wconf 90' lang='lat' dir='ltr'><strong>omnes</strong></span> <span class='ocrx_word' id='word_1_307' title='bbox 1729 2469 1984 2523; x_wconf 81' lang='lat' dir='ltr'><strong>homines</strong></span> 
     </span>
    </p>
   </div>
   <div class='ocr_carea' id='block_1_42' title="bbox 388 2552 1985 2627">
    <p class='ocr_par' dir='ltr' id='par_1_42' title="bbox 388 2552 1985 2627">
     <span class='ocr_line' id='line_1_42' title="bbox 388 2552 1985 2627; baseline 0.003 -21"><span class='ocrx_word' id='word_1_308' title='bbox 388 2552 570 2607; x_wconf 89' lang='lat' dir='ltr'><strong>salvos</strong></span> <span class='ocrx_word' id='word_1_309' title='bbox 598 2554 718 2609; x_wconf 91' lang='lat' dir='ltr'><strong>vult</strong></span> <span class='ocrx_word' id='word_1_310' title='bbox 745 2555 887 2622; x_wconf 89' lang='lat' dir='ltr'><strong>ﬁeri,</strong></span> <span class='ocrx_word' id='word_1_311' title='bbox 929 2560 988 2610; x_wconf 89' lang='lat' dir='ltr'><strong>ct</strong></span> <span class='ocrx_word' id='word_1_312' title='bbox 1024 2557 1095 2610; x_wconf 90' lang='lat' dir='ltr'><strong>ad</strong></span> <span class='ocrx_word' id='word_1_313' title='bbox 1132 2555 1477 2627; x_wconf 87' lang='lat' dir='ltr'><strong>agnitionem</strong></span> <span class='ocrx_word' id='word_1_314' title='bbox 1506 2557 1758 2611; x_wconf 86' lang='lat' dir='ltr'><strong>veritatis</strong></span> <span class='ocrx_word' id='word_1_315' title='bbox 1795 2557 1985 2612; x_wconf 85' lang='lat' dir='ltr'><strong>venire</strong></span> 
     </span>
    </p>
   </div>
   <div class='ocr_carea' id='block_1_43' title="bbox 391 2638 1987 2715">
    <p class='ocr_par' dir='ltr' id='par_1_43' title="bbox 391 2638 1987 2715">
     <span class='ocr_line' id='line_1_43' title="bbox 391 2638 1987 2715; baseline 0.004 -19"><span class='ocrx_word' id='word_1_316' title='bbox 391 2638 441 2715; x_wconf 87' lang='grc' dir='ltr'><strong>(Ι</strong></span> <span class='ocrx_word' id='word_1_317' title='bbox 469 2643 610 2696; x_wconf 84' lang='lat' dir='ltr'><strong>Tim.</strong></span> <span class='ocrx_word' id='word_1_318' title='bbox 641 2647 728 2713; x_wconf 90' lang='lat' dir='ltr'><strong>n).</strong></span> <span class='ocrx_word' id='word_1_319' title='bbox 768 2644 989 2713; x_wconf 85' lang='lat' dir='ltr'><strong>Venite,</strong></span> <span class='ocrx_word' id='word_1_320' title='bbox 1019 2645 1318 2700; x_wconf 90' lang='lat' dir='ltr'><strong>adoremus</strong></span> <span class='ocrx_word' id='word_1_321' title='bbox 1351 2663 1502 2714; x_wconf 90' lang='lat' dir='ltr'><strong>eum;</strong></span> <span class='ocrx_word' id='word_1_322' title='bbox 1535 2646 1813 2702; x_wconf 88' lang='lat' dir='ltr'><strong>dicentes:</strong></span> <span class='ocrx_word' id='word_1_323' title='bbox 1839 2647 1987 2712; x_wconf 83' lang='lat' dir='ltr'><strong>Quia</strong></span> 
     </span>
    </p>
   </div>
   <div class='ocr_carea' id='block_1_44' title="bbox 389 2731 1988 2804">
    <p class='ocr_par' dir='ltr' id='par_1_44' title="bbox 389 2731 1988 2804">
     <span class='ocr_line' id='line_1_44' title="bbox 389 2731 1988 2804; baseline 0.004 -20"><span class='ocrx_word' id='word_1_324' title='bbox 389 2734 454 2784; x_wconf 90' lang='lat' dir='ltr'><strong>tu</strong></span> <span class='ocrx_word' id='word_1_325' title='bbox 485 2731 637 2785; x_wconf 90' lang='lat' dir='ltr'><strong>solus</strong></span> <span class='ocrx_word' id='word_1_326' title='bbox 659 2736 818 2804; x_wconf 89' lang='lat' dir='ltr'><strong>potes</strong></span> <span class='ocrx_word' id='word_1_327' title='bbox 847 2739 1075 2804; x_wconf 88' lang='lat' dir='ltr'><strong>peccata</strong></span> <span class='ocrx_word' id='word_1_328' title='bbox 1093 2735 1396 2790; x_wconf 88' lang='lat' dir='ltr'><strong>dimittere.</strong></span> <span class='ocrx_word' id='word_1_329' title='bbox 1429 2736 1570 2790; x_wconf 90' lang='lat' dir='ltr'><strong>Cum</strong></span> <span class='ocrx_word' id='word_1_330' title='bbox 1587 2742 1776 2790; x_wconf 87' lang='lat' dir='ltr'><strong>autem</strong></span> <span class='ocrx_word' id='word_1_331' title='bbox 1792 2752 1988 2791; x_wconf 90' lang='lat' dir='ltr'><strong>omnes</strong></span> 
     </span>
    </p>
   </div>
   <div class='ocr_carea' id='block_1_45' title="bbox 391 2820 1990 2897">
    <p class='ocr_par' dir='ltr' id='par_1_45' title="bbox 391 2820 1990 2897">
     <span class='ocr_line' id='line_1_45' title="bbox 391 2820 1990 2897; baseline 0.004 -23"><span class='ocrx_word' id='word_1_332' title='bbox 391 2820 798 2888; x_wconf 86' lang='lat' dir='ltr'><strong>convenissent,</strong></span> <span class='ocrx_word' id='word_1_333' title='bbox 814 2823 1071 2894; x_wconf 84' lang='lat' dir='ltr'><strong>exposuit</strong></span> <span class='ocrx_word' id='word_1_334' title='bbox 1096 2823 1176 2878; x_wconf 90' lang='lat' dir='ltr'><strong>eis</strong></span> <span class='ocrx_word' id='word_1_335' title='bbox 1205 2825 1413 2880; x_wconf 88' lang='lat' dir='ltr'><strong>Paulus</strong></span> <span class='ocrx_word' id='word_1_336' title='bbox 1443 2842 1565 2897; x_wconf 77' lang='lat' dir='ltr'><strong>quae</strong></span> <span class='ocrx_word' id='word_1_337' title='bbox 1594 2825 1990 2881; x_wconf 88' lang='lat' dir='ltr'><strong>vidissetante-</strong></span> 
     </span>
    </p>
   </div>
   <div class='ocr_carea' id='block_1_46' title="bbox 2061 1751 3674 1829">
    <p class='ocr_par' dir='ltr' id='par_1_46' title="bbox 2061 1751 3674 1829">
     <span class='ocr_line' id='line_1_46' title="bbox 2061 1751 3674 1829; baseline -0.006 -16"><span class='ocrx_word' id='word_1_338' title='bbox 2061 1759 2121 1813; x_wconf 89' lang='lat' dir='ltr'><strong>in</strong></span> <span class='ocrx_word' id='word_1_339' title='bbox 2149 1774 2356 1829; x_wconf 86' lang='lat' dir='ltr'><strong>magna</strong></span> <span class='ocrx_word' id='word_1_340' title='bbox 2380 1757 2698 1812; x_wconf 81' lang='lat' dir='ltr'><strong>humilitate</strong></span> <span class='ocrx_word' id='word_1_341' title='bbox 2717 1755 3050 1828; x_wconf 66' lang='lat' dir='ltr'><strong>praecipuus,</strong></span> <span class='ocrx_word' id='word_1_342' title='bbox 3064 1760 3120 1808; x_wconf 90' lang='lat' dir='ltr'><strong>et</strong></span> <span class='ocrx_word' id='word_1_343' title='bbox 3144 1751 3390 1812; x_wconf 77' lang='lat' dir='ltr'><strong>habebat</strong></span> <span class='ocrx_word' id='word_1_344' title='bbox 3404 1767 3674 1806; x_wconf 81' lang='lat' dir='ltr'><strong>sororem</strong></span> 
     </span>
    </p>
   </div>
   <div class='ocr_carea' id='block_1_47' title="bbox 2061 1838 3674 1915">
    <p class='ocr_par' dir='ltr' id='par_1_47' title="bbox 2061 1838 3674 1915">
     <span class='ocr_line' id='line_1_47' title="bbox 2061 1838 3674 1915; baseline -0.006 -14"><span class='ocrx_word' id='word_1_345' title='bbox 2061 1847 2121 1901; x_wconf 92' lang='lat' dir='ltr'><strong>in</strong></span> <span class='ocrx_word' id='word_1_346' title='bbox 2135 1847 2359 1901; x_wconf 87' lang='lat' dir='ltr'><strong>civitate</strong></span> <span class='ocrx_word' id='word_1_347' title='bbox 2377 1845 2751 1911; x_wconf 87' lang='lat' dir='ltr'><strong>meretricem,</strong></span> <span class='ocrx_word' id='word_1_348' title='bbox 2767 1861 2891 1915; x_wconf 80' lang='lat' dir='ltr'><strong>quae</strong></span> <span class='ocrx_word' id='word_1_349' title='bbox 2911 1843 3104 1898; x_wconf 89' lang='lat' dir='ltr'><strong>multis</strong></span> <span class='ocrx_word' id='word_1_350' title='bbox 3113 1840 3406 1897; x_wconf 91' lang='lat' dir='ltr'><strong>animabus</strong></span> <span class='ocrx_word' id='word_1_351' title='bbox 3417 1838 3674 1912; x_wconf 84' lang='lat' dir='ltr'><strong>perditio</strong></span> 
     </span>
    </p>
   </div>
   <div class='ocr_carea' id='block_1_48' title="bbox 2059 1928 3672 2004">
    <p class='ocr_par' dir='ltr' id='par_1_48' title="bbox 2059 1928 3672 2004">
     <span class='ocr_line' id='line_1_48' title="bbox 2059 1928 3672 2004; baseline -0.005 -14"><span class='ocrx_word' id='word_1_352' title='bbox 2059 1936 2244 1990; x_wconf 78' lang='lat' dir='ltr'><strong>fuerat</strong></span> <span class='ocrx_word' id='word_1_353' title='bbox 2279 1937 2461 2004; x_wconf 63' lang='lat' dir='ltr'><strong>(Ila/IX,</strong></span> <span class='ocrx_word' id='word_1_354' title='bbox 2496 1937 2534 1990; x_wconf 83' lang='grc' dir='ltr'><strong>ι.</strong></span> <span class='ocrx_word' id='word_1_355' title='bbox 2569 1948 2653 2000; x_wconf 87' lang='lat' dir='ltr'><strong>III,</strong></span> <span class='ocrx_word' id='word_1_356' title='bbox 2687 1951 2745 1987; x_wconf 86' lang='grc' dir='ltr'><strong>η.</strong></span> <span class='ocrx_word' id='word_1_357' title='bbox 2775 1931 2926 2001; x_wconf 82' lang='lat'><strong>217).</strong></span> <span class='ocrx_word' id='word_1_358' title='bbox 2961 1933 3306 2004; x_wconf 89' lang='lat' dir='ltr'><strong>Frequenter</strong></span> <span class='ocrx_word' id='word_1_359' title='bbox 3333 1935 3528 1984; x_wconf 87' lang='lat' dir='ltr'><strong>autem</strong></span> <span class='ocrx_word' id='word_1_360' title='bbox 3573 1928 3672 1982; x_wconf 86' lang='lat' dir='ltr'><strong>in—</strong></span> 
     </span>
    </p>
   </div>
   <div class='ocr_carea' id='block_1_49' title="bbox 2061 2021 3674 2093">
    <p class='ocr_par' dir='ltr' id='par_1_49' title="bbox 2061 2021 3674 2093">
     <span class='ocr_line' id='line_1_49' title="bbox 2061 2021 3674 2093; baseline -0.005 -14"><span class='ocrx_word' id='word_1_361' title='bbox 2061 2023 2350 2080; x_wconf 88' lang='lat' dir='ltr'><strong>sultabant</strong></span> <span class='ocrx_word' id='word_1_362' title='bbox 2384 2039 2547 2078; x_wconf 90' lang='lat' dir='ltr'><strong>senes</strong></span> <span class='ocrx_word' id='word_1_363' title='bbox 2571 2021 2732 2077; x_wconf 87' lang='lat' dir='ltr'><strong>fratri</strong></span> <span class='ocrx_word' id='word_1_364' title='bbox 2762 2021 2864 2089; x_wconf 91' lang='lat' dir='ltr'><strong>illi,</strong></span> <span class='ocrx_word' id='word_1_365' title='bbox 2896 2026 2955 2076; x_wconf 89' lang='lat' dir='ltr'><strong>et</strong></span> <span class='ocrx_word' id='word_1_366' title='bbox 2979 2021 3068 2075; x_wconf 88' lang='lat' dir='ltr'><strong>vix</strong></span> <span class='ocrx_word' id='word_1_367' title='bbox 3095 2024 3402 2093; x_wconf 89' lang='lat' dir='ltr'><strong>potuerunt</strong></span> <span class='ocrx_word' id='word_1_368' title='bbox 3422 2033 3674 2091; x_wconf 85' lang='lat' dir='ltr'><strong>persua-</strong></span> 
     </span>
    </p>
   </div>
   <div class='ocr_carea' id='block_1_50' title="bbox 2062 2106 3675 2183">
    <p class='ocr_par' dir='ltr' id='par_1_50' title="bbox 2062 2106 3675 2183">
     <span class='ocr_line' id='line_1_50' title="bbox 2062 2106 3675 2183; baseline -0.005 -15"><span class='ocrx_word' id='word_1_369' title='bbox 2062 2114 2194 2168; x_wconf 82' lang='lat' dir='ltr'><strong>dere</strong></span> <span class='ocrx_word' id='word_1_370' title='bbox 2218 2113 2319 2180; x_wconf 88' lang='lat' dir='ltr'><strong>illi,</strong></span> <span class='ocrx_word' id='word_1_371' title='bbox 2336 2117 2400 2167; x_wconf 88' lang='lat' dir='ltr'><strong>ut</strong></span> <span class='ocrx_word' id='word_1_372' title='bbox 2426 2112 2643 2166; x_wconf 84' lang='lat' dir='ltr'><strong>veniret</strong></span> <span class='ocrx_word' id='word_1_373' title='bbox 2669 2111 2738 2166; x_wconf 87' lang='lat' dir='ltr'><strong>ad</strong></span> <span class='ocrx_word' id='word_1_374' title='bbox 2769 2111 2944 2177; x_wconf 90' lang='lat' dir='ltr'><strong>illam,</strong></span> <span class='ocrx_word' id='word_1_375' title='bbox 2963 2115 3242 2183; x_wconf 81' lang='lat' dir='ltr'><strong>quatenus</strong></span> <span class='ocrx_word' id='word_1_376' title='bbox 3270 2125 3372 2180; x_wconf 88' lang='lat' dir='ltr'><strong>per</strong></span> <span class='ocrx_word' id='word_1_377' title='bbox 3397 2106 3675 2162; x_wconf 85' lang='lat' dir='ltr'><strong>admoni-</strong></span> 
     </span>
    </p>
   </div>
   <div class='ocr_carea' id='block_1_51' title="bbox 2061 2195 3673 2274">
    <p class='ocr_par' dir='ltr' id='par_1_51' title="bbox 2061 2195 3673 2274">
     <span class='ocr_line' id='line_1_51' title="bbox 2061 2195 3673 2274; baseline -0.006 -16"><span class='ocrx_word' id='word_1_378' title='bbox 2061 2203 2272 2258; x_wconf 89' lang='lat' dir='ltr'><strong>tionem</strong></span> <span class='ocrx_word' id='word_1_379' title='bbox 2303 2203 2425 2272; x_wconf 89' lang='lat' dir='ltr'><strong>ejus</strong></span> <span class='ocrx_word' id='word_1_380' title='bbox 2471 2201 2660 2274; x_wconf 85' lang='lat' dir='ltr'><strong>posset</strong></span> <span class='ocrx_word' id='word_1_381' title='bbox 2687 2204 2979 2272; x_wconf 89' lang='lat' dir='ltr'><strong>peccatum</strong></span> <span class='ocrx_word' id='word_1_382' title='bbox 3026 2199 3173 2272; x_wconf 90' lang='lat' dir='ltr'><strong>quod</strong></span> <span class='ocrx_word' id='word_1_383' title='bbox 3205 2215 3306 2270; x_wconf 89' lang='lat' dir='ltr'><strong>per</strong></span> <span class='ocrx_word' id='word_1_384' title='bbox 3333 2213 3459 2252; x_wconf 89' lang='lat' dir='ltr'><strong>eam</strong></span> <span class='ocrx_word' id='word_1_385' title='bbox 3490 2195 3673 2250; x_wconf 83' lang='lat' dir='ltr'><strong>ﬁebat</strong></span> 
     </span>
    </p>
   </div>
   <div class='ocr_carea' id='block_1_52' title="bbox 2065 2285 3675 2360">
    <p class='ocr_par' dir='ltr' id='par_1_52' title="bbox 2065 2285 3675 2360">
     <span class='ocr_line' id='line_1_52' title="bbox 2065 2285 3675 2360; baseline -0.005 -13"><span class='ocrx_word' id='word_1_386' title='bbox 2065 2293 2339 2348; x_wconf 88' lang='lat' dir='ltr'><strong>evincere.</strong></span> <span class='ocrx_word' id='word_1_387' title='bbox 2367 2292 2509 2346; x_wconf 90' lang='lat' dir='ltr'><strong>Cum</strong></span> <span class='ocrx_word' id='word_1_388' title='bbox 2546 2307 2680 2360; x_wconf 85' lang='lat' dir='ltr'><strong>ergo</strong></span> <span class='ocrx_word' id='word_1_389' title='bbox 2728 2289 2974 2344; x_wconf 89' lang='lat' dir='ltr'><strong>venisset</strong></span> <span class='ocrx_word' id='word_1_390' title='bbox 2992 2289 3064 2342; x_wconf 92' lang='lat' dir='ltr'><strong>ad</strong></span> <span class='ocrx_word' id='word_1_391' title='bbox 3095 2289 3298 2354; x_wconf 89' lang='lat' dir='ltr'><strong>locum,</strong></span> <span class='ocrx_word' id='word_1_392' title='bbox 3331 2285 3566 2358; x_wconf 88' lang='lat' dir='ltr'><strong>quidam</strong></span> <span class='ocrx_word' id='word_1_393' title='bbox 3601 2302 3675 2339; x_wconf 79' lang='lat' dir='ltr'><strong>ex</strong></span> 
     </span>
    </p>
   </div>
   <div class='ocr_carea' id='block_1_53' title="bbox 2065 2375 3672 2452">
    <p class='ocr_par' dir='ltr' id='par_1_53' title="bbox 2065 2375 3672 2452">
     <span class='ocr_line' id='line_1_53' title="bbox 2065 2375 3672 2452; baseline -0.005 -16"><span class='ocrx_word' id='word_1_394' title='bbox 2065 2381 2213 2436; x_wconf 89' lang='lat' dir='ltr'><strong>notis</strong></span> <span class='ocrx_word' id='word_1_395' title='bbox 2243 2382 2364 2452; x_wconf 89' lang='lat' dir='ltr'><strong>ejus</strong></span> <span class='ocrx_word' id='word_1_396' title='bbox 2411 2379 2605 2434; x_wconf 78' lang='lat' dir='ltr'><strong>videns</strong></span> <span class='ocrx_word' id='word_1_397' title='bbox 2634 2395 2782 2445; x_wconf 90' lang='lat' dir='ltr'><strong>eum,</strong></span> <span class='ocrx_word' id='word_1_398' title='bbox 2823 2377 3106 2450; x_wconf 65' lang='lat' dir='ltr'><strong>praecessit</strong></span> <span class='ocrx_word' id='word_1_399' title='bbox 3149 2382 3208 2432; x_wconf 92' lang='lat' dir='ltr'><strong>et</strong></span> <span class='ocrx_word' id='word_1_400' title='bbox 3249 2375 3536 2431; x_wconf 87' lang='lat' dir='ltr'><strong>nuntiavit</strong></span> <span class='ocrx_word' id='word_1_401' title='bbox 3562 2375 3672 2440; x_wconf 91' lang='lat' dir='ltr'><strong>illi,</strong></span> 
     </span>
    </p>
   </div>
   <div class='ocr_carea' id='block_1_54' title="bbox 2066 2465 3677 2534">
    <p class='ocr_par' dir='ltr' id='par_1_54' title="bbox 2066 2465 3677 2534">
     <span class='ocr_line' id='line_1_54' title="bbox 2066 2465 3677 2534; baseline -0.005 -9"><span class='ocrx_word' id='word_1_402' title='bbox 2066 2471 2258 2526; x_wconf 92' lang='lat' dir='ltr'><strong>dicens</strong></span> <span class='ocrx_word' id='word_1_403' title='bbox 2285 2489 2296 2524; x_wconf 91' lang='lat'><strong>:</strong></span> <span class='ocrx_word' id='word_1_404' title='bbox 2333 2469 2472 2524; x_wconf 90' lang='lat' dir='ltr'><strong>Ecce</strong></span> <span class='ocrx_word' id='word_1_405' title='bbox 2498 2467 2674 2523; x_wconf 82' lang='lat' dir='ltr'><strong>frater</strong></span> <span class='ocrx_word' id='word_1_406' title='bbox 2691 2474 2823 2523; x_wconf 90' lang='lat' dir='ltr'><strong>tuus</strong></span> <span class='ocrx_word' id='word_1_407' title='bbox 2844 2467 2998 2522; x_wconf 89' lang='lat' dir='ltr'><strong>venit</strong></span> <span class='ocrx_word' id='word_1_408' title='bbox 3016 2467 3086 2522; x_wconf 92' lang='lat' dir='ltr'><strong>ad</strong></span> <span class='ocrx_word' id='word_1_409' title='bbox 3106 2471 3182 2522; x_wconf 88' lang='lat' dir='ltr'><strong>te.</strong></span> <span class='ocrx_word' id='word_1_410' title='bbox 3217 2465 3320 2520; x_wconf 88' lang='lat' dir='ltr'><strong>Illa</strong></span> <span class='ocrx_word' id='word_1_411' title='bbox 3339 2470 3534 2519; x_wconf 86' lang='lat' dir='ltr'><strong>autem</strong></span> <span class='ocrx_word' id='word_1_412' title='bbox 3554 2479 3677 2534; x_wconf 71' lang='lat' dir='ltr'><strong>pm</strong></span> 
     </span>
    </p>
   </div>
   <div class='ocr_carea' id='block_1_55' title="bbox 2065 2553 3670 2632">
    <p class='ocr_par' dir='ltr' id='par_1_55' title="bbox 2065 2553 3670 2632">
     <span class='ocr_line' id='line_1_55' title="bbox 2065 2553 3670 2632; baseline -0.005 -17"><span class='ocrx_word' id='word_1_413' title='bbox 2065 2559 2272 2632; x_wconf 84' lang='lat' dir='ltr'><strong>gaudio</strong></span> <span class='ocrx_word' id='word_1_414' title='bbox 2303 2557 2510 2613; x_wconf 86' lang='lat' dir='ltr'><strong>relictis</strong></span> <span class='ocrx_word' id='word_1_415' title='bbox 2529 2557 2875 2612; x_wconf 77' lang='lat' dir='ltr'><strong>amatoribus</strong></span> <span class='ocrx_word' id='word_1_416' title='bbox 2899 2555 3254 2628; x_wconf 88' lang='lat' dir='ltr'><strong>suis,quibus</strong></span> <span class='ocrx_word' id='word_1_417' title='bbox 3283 2553 3670 2616; x_wconf 82' lang='lat' dir='ltr'><strong>ministrabat,</strong></span> 
     </span>
    </p>
   </div>
   <div class='ocr_carea' id='block_1_56' title="bbox 2069 2643 3672 2720">
    <p class='ocr_par' dir='ltr' id='par_1_56' title="bbox 2069 2643 3672 2720">
     <span class='ocr_line' id='line_1_56' title="bbox 2069 2643 3672 2720; baseline -0.006 -16"><span class='ocrx_word' id='word_1_418' title='bbox 2069 2648 2251 2720; x_wconf 88' lang='lat' dir='ltr'><strong>capite</strong></span> <span class='ocrx_word' id='word_1_419' title='bbox 2263 2647 2612 2718; x_wconf 86' lang='lat' dir='ltr'><strong>discooperto</strong></span> <span class='ocrx_word' id='word_1_420' title='bbox 2624 2646 2696 2700; x_wconf 91' lang='lat' dir='ltr'><strong>ad</strong></span> <span class='ocrx_word' id='word_1_421' title='bbox 2707 2645 3011 2700; x_wconf 90' lang='lat' dir='ltr'><strong>occurrend</strong></span> <span class='ocrx_word' id='word_1_422' title='bbox 3020 2661 3112 2700; x_wconf 91' lang='lat' dir='ltr'><strong>um</strong></span> <span class='ocrx_word' id='word_1_423' title='bbox 3132 2643 3292 2698; x_wconf 83' lang='lat' dir='ltr'><strong>fratri</strong></span> <span class='ocrx_word' id='word_1_424' title='bbox 3315 2658 3546 2714; x_wconf 83' lang='lat' dir='ltr'><strong>egressa</strong></span> <span class='ocrx_word' id='word_1_425' title='bbox 3562 2646 3672 2695; x_wconf 84' lang='lat' dir='ltr'><strong>est.</strong></span> 
     </span>
    </p>
   </div>
   <div class='ocr_carea' id='block_1_57' title="bbox 2067 2732 3678 2808">
    <p class='ocr_par' dir='ltr' id='par_1_57' title="bbox 2067 2732 3678 2808">
     <span class='ocr_line' id='line_1_57' title="bbox 2067 2732 3678 2808; baseline -0.004 -16"><span class='ocrx_word' id='word_1_426' title='bbox 2067 2739 2212 2792; x_wconf 91' lang='lat' dir='ltr'><strong>Dum</strong></span> <span class='ocrx_word' id='word_1_427' title='bbox 2229 2753 2361 2808; x_wconf 86' lang='lat' dir='ltr'><strong>ergo</strong></span> <span class='ocrx_word' id='word_1_428' title='bbox 2372 2739 2620 2791; x_wconf 87' lang='lat' dir='ltr'><strong>tentaret</strong></span> <span class='ocrx_word' id='word_1_429' title='bbox 2638 2751 2768 2789; x_wconf 90' lang='lat' dir='ltr'><strong>eum</strong></span> <span class='ocrx_word' id='word_1_430' title='bbox 2778 2733 3060 2806; x_wconf 86' lang='lat' dir='ltr'><strong>amplecti,</strong></span> <span class='ocrx_word' id='word_1_431' title='bbox 3087 2732 3229 2788; x_wconf 86' lang='lat' dir='ltr'><strong>dixit</strong></span> <span class='ocrx_word' id='word_1_432' title='bbox 3242 2733 3294 2787; x_wconf 91' lang='lat' dir='ltr'><strong>ei</strong></span> <span class='ocrx_word' id='word_1_433' title='bbox 3319 2751 3332 2787; x_wconf 90' lang='lat'><strong>:</strong></span> <span class='ocrx_word' id='word_1_434' title='bbox 3360 2732 3535 2787; x_wconf 87' lang='lat' dir='ltr'><strong>Soror</strong></span> <span class='ocrx_word' id='word_1_435' title='bbox 3544 2747 3678 2785; x_wconf 86' lang='lat' dir='ltr'><strong>mea</strong></span> 
     </span>
    </p>
   </div>
   <div class='ocr_carea' id='block_1_58' title="bbox 2070 2823 3676 2897">
    <p class='ocr_par' dir='ltr' id='par_1_58' title="bbox 2070 2823 3676 2897">
     <span class='ocr_line' id='line_1_58' title="bbox 2070 2823 3676 2897; baseline -0.004 -17"><span class='ocrx_word' id='word_1_436' title='bbox 2070 2826 2421 2892; x_wconf 88' lang='lat' dir='ltr'><strong>charissima,</strong></span> <span class='ocrx_word' id='word_1_437' title='bbox 2469 2841 2634 2897; x_wconf 88' lang='lat' dir='ltr'><strong>parce</strong></span> <span class='ocrx_word' id='word_1_438' title='bbox 2669 2824 2870 2879; x_wconf 68' lang='lat' dir='ltr'><strong>animae</strong></span> <span class='ocrx_word' id='word_1_439' title='bbox 2900 2829 3033 2888; x_wconf 69' lang='lat' dir='ltr'><strong>tum,</strong></span> <span class='ocrx_word' id='word_1_440' title='bbox 3060 2823 3326 2894; x_wconf 89' lang='lat' dir='ltr'><strong>quoniam</strong></span> <span class='ocrx_word' id='word_1_441' title='bbox 3355 2826 3592 2894; x_wconf 87' lang='lat' dir='ltr'><strong>propter</strong></span> <span class='ocrx_word' id='word_1_442' title='bbox 3614 2826 3676 2874; x_wconf 78' lang='lat' dir='ltr'><strong>te</strong></span> 
     </span>
    </p>
   </div>
   <div class='ocr_carea' id='block_1_59' title="bbox 393 2909 3676 2986">
    <p class='ocr_par' dir='ltr' id='par_1_59' title="bbox 393 2909 3676 2986">
     <span class='ocr_line' id='line_1_59' title="bbox 393 2909 3676 2986; baseline 0 -22"><span class='ocrx_word' id='word_1_443' title='bbox 393 2925 560 2980; x_wconf 88' lang='lat' dir='ltr'><strong>quam</strong></span> <span class='ocrx_word' id='word_1_444' title='bbox 591 2909 982 2981; x_wconf 87' lang='lat' dir='ltr'><strong>ingrederetur</strong></span> <span class='ocrx_word' id='word_1_445' title='bbox 1007 2913 1068 2967; x_wconf 90' lang='lat' dir='ltr'><strong>in</strong></span> <span class='ocrx_word' id='word_1_446' title='bbox 1091 2913 1404 2980; x_wconf 81' lang='lat' dir='ltr'><strong>ecclesiam,</strong></span> <span class='ocrx_word' id='word_1_447' title='bbox 1429 2919 1485 2968; x_wconf 92' lang='lat' dir='ltr'><strong>et</strong></span> <span class='ocrx_word' id='word_1_448' title='bbox 1516 2931 1640 2985; x_wconf 73' lang='lat' dir='ltr'><strong>quae</strong></span> <span class='ocrx_word' id='word_1_449' title='bbox 1667 2920 1864 2986; x_wconf 88' lang='lat' dir='ltr'><strong>postea</strong></span> <span class='ocrx_word' id='word_1_450' title='bbox 1889 2934 1902 2983; x_wconf 88' lang='lat'><strong>;</strong></span> <span class='ocrx_word' id='word_1_451' title='bbox 1935 2921 2050 2986; x_wconf 51' lang='lat' dir='ltr'><strong>et“</strong></span> <span class='ocrx_word' id='word_1_452' title='bbox 2073 2915 2236 2970; x_wconf 89' lang='lat' dir='ltr'><strong>multi</strong></span> <span class='ocrx_word' id='word_1_453' title='bbox 2272 2919 2531 2986; x_wconf 87' lang='lat' dir='ltr'><strong>pereunt,</strong></span> <span class='ocrx_word' id='word_1_454' title='bbox 2573 2919 2630 2968; x_wconf 92' lang='lat' dir='ltr'><strong>et</strong></span> <span class='ocrx_word' id='word_1_455' title='bbox 2673 2913 3149 2986; x_wconf 88' lang='lat' dir='ltr'><strong>quemadmodum</strong></span> <span class='ocrx_word' id='word_1_456' title='bbox 3194 2911 3402 2983; x_wconf 87' lang='lat' dir='ltr'><strong>poteris</strong></span> <span class='ocrx_word' id='word_1_457' title='bbox 3431 2911 3676 2968; x_wconf 74' lang='lat' dir='ltr'><strong>sufferre</strong></span> 
     </span>
    </p>
   </div>
   <div class='ocr_carea' id='block_1_60' title="bbox 390 2997 2001 3074">
    <p class='ocr_par' dir='ltr' id='par_1_60' title="bbox 390 2997 2001 3074">
     <span class='ocr_line' id='line_1_60' title="bbox 390 2997 2001 3074; baseline 0.004 -22"><span class='ocrx_word' id='word_1_458' title='bbox 390 2997 620 3070; x_wconf 90' lang='lat' dir='ltr'><strong>petebat</strong></span> <span class='ocrx_word' id='word_1_459' title='bbox 643 2999 802 3054; x_wconf 89' lang='lat' dir='ltr'><strong>illum</strong></span> <span class='ocrx_word' id='word_1_460' title='bbox 821 3001 1051 3056; x_wconf 85' lang='lat' dir='ltr'><strong>fratrem</strong></span> <span class='ocrx_word' id='word_1_461' title='bbox 1082 3019 1247 3074; x_wconf 90' lang='lat' dir='ltr'><strong>quem</strong></span> <span class='ocrx_word' id='word_1_462' title='bbox 1269 3003 1349 3058; x_wconf 91' lang='lat' dir='ltr'><strong>sic</strong></span> <span class='ocrx_word' id='word_1_463' title='bbox 1377 3003 1612 3070; x_wconf 80' lang='lat' dir='ltr'><strong>viderat,</strong></span> <span class='ocrx_word' id='word_1_464' title='bbox 1644 3009 1710 3058; x_wconf 91' lang='lat' dir='ltr'><strong>ut</strong></span> <span class='ocrx_word' id='word_1_465' title='bbox 1733 3003 1784 3058; x_wconf 91' lang='lat' dir='ltr'><strong>ei</strong></span> <span class='ocrx_word' id='word_1_466' title='bbox 1813 3004 2001 3058; x_wconf 44' lang='lat' dir='ltr'><strong>manis</strong></span> 
     </span>
    </p>
   </div>
   <div class='ocr_carea' id='block_1_61' title="bbox 390 3086 1990 3164">
    <p class='ocr_par' dir='ltr' id='par_1_61' title="bbox 390 3086 1990 3164">
     <span class='ocr_line' id='line_1_61' title="bbox 390 3086 1990 3164; baseline 0.004 -23"><span class='ocrx_word' id='word_1_467' title='bbox 390 3086 624 3143; x_wconf 88' lang='lat' dir='ltr'><strong>festaret</strong></span> <span class='ocrx_word' id='word_1_468' title='bbox 651 3089 1018 3161; x_wconf 85' lang='lat' dir='ltr'><strong>cogitationes</strong></span> <span class='ocrx_word' id='word_1_469' title='bbox 1048 3097 1106 3146; x_wconf 91' lang='lat' dir='ltr'><strong>et</strong></span> <span class='ocrx_word' id='word_1_470' title='bbox 1125 3097 1281 3148; x_wconf 91' lang='lat' dir='ltr'><strong>actus</strong></span> <span class='ocrx_word' id='word_1_471' title='bbox 1321 3109 1473 3160; x_wconf 90' lang='lat' dir='ltr'><strong>suos,</strong></span> <span class='ocrx_word' id='word_1_472' title='bbox 1509 3093 1596 3147; x_wconf 86' lang='lat' dir='ltr'><strong>vel</strong></span> <span class='ocrx_word' id='word_1_473' title='bbox 1625 3094 1990 3164; x_wconf 87' lang='lat' dir='ltr'><strong>quemadmo-</strong></span> 
     </span>
    </p>
   </div>
   <div class='ocr_carea' id='block_1_62' title="bbox 393 3177 1992 3238">
    <p class='ocr_par' dir='ltr' id='par_1_62' title="bbox 393 3177 1992 3238">
     <span class='ocr_line' id='line_1_62' title="bbox 393 3177 1992 3238; baseline 0.004 -7"><span class='ocrx_word' id='word_1_474' title='bbox 393 3177 528 3232; x_wconf 89' lang='lat' dir='ltr'><strong>dum</strong></span> <span class='ocrx_word' id='word_1_475' title='bbox 558 3182 773 3233; x_wconf 88' lang='lat' dir='ltr'><strong>tantam</strong></span> <span class='ocrx_word' id='word_1_476' title='bbox 801 3181 1298 3236; x_wconf 86' lang='lat' dir='ltr'><strong>commutationem</strong></span> <span class='ocrx_word' id='word_1_477' title='bbox 1325 3182 1404 3236; x_wconf 91' lang='lat' dir='ltr'><strong>illi</strong></span> <span class='ocrx_word' id='word_1_478' title='bbox 1427 3183 1575 3237; x_wconf 87' lang='lat' dir='ltr'><strong>Deus</strong></span> <span class='ocrx_word' id='word_1_479' title='bbox 1589 3183 1870 3237; x_wconf 89' lang='lat' dir='ltr'><strong>donasset.</strong></span> <span class='ocrx_word' id='word_1_480' title='bbox 1892 3183 1992 3238; x_wconf 91' lang='lat' dir='ltr'><strong>Ille</strong></span> 
     </span>
    </p>
   </div>
   <div class='ocr_carea' id='block_1_63' title="bbox 394 3271 1991 3343">
    <p class='ocr_par' dir='ltr' id='par_1_63' title="bbox 394 3271 1991 3343">
     <span class='ocr_line' id='line_1_63' title="bbox 394 3271 1991 3343; baseline 0.004 -24"><span class='ocrx_word' id='word_1_481' title='bbox 394 3282 526 3322; x_wconf 79' lang='lat' dir='ltr'><strong>vero</strong></span> <span class='ocrx_word' id='word_1_482' title='bbox 549 3273 682 3322; x_wconf 91' lang='lat' dir='ltr'><strong>ante</strong></span> <span class='ocrx_word' id='word_1_483' title='bbox 706 3284 903 3324; x_wconf 88' lang='lat' dir='ltr'><strong>omnes</strong></span> <span class='ocrx_word' id='word_1_484' title='bbox 932 3271 1100 3343; x_wconf 69' lang='lat' dir='ltr'><strong>coepit</strong></span> <span class='ocrx_word' id='word_1_485' title='bbox 1127 3271 1352 3334; x_wconf 88' lang='lat' dir='ltr'><strong>referre,</strong></span> <span class='ocrx_word' id='word_1_486' title='bbox 1386 3271 1577 3326; x_wconf 89' lang='lat' dir='ltr'><strong>dicens</strong></span> <span class='ocrx_word' id='word_1_487' title='bbox 1623 3287 1636 3327; x_wconf 91' lang='lat'><strong>:</strong></span> <span class='ocrx_word' id='word_1_488' title='bbox 1681 3272 1796 3342; x_wconf 89' lang='lat' dir='ltr'><strong>Ego</strong></span> <span class='ocrx_word' id='word_1_489' title='bbox 1824 3272 1991 3326; x_wconf 93' lang='lat' dir='ltr'><strong>homo</strong></span> 
     </span>
    </p>
   </div>
   <div class='ocr_carea' id='block_1_64' title="bbox 395 3359 1996 3432">
    <p class='ocr_par' dir='ltr' id='par_1_64' title="bbox 395 3359 1996 3432">
     <span class='ocr_line' id='line_1_64' title="bbox 395 3359 1996 3432; baseline 0.004 -22"><span class='ocrx_word' id='word_1_490' title='bbox 395 3371 521 3410; x_wconf 89' lang='lat' dir='ltr'><strong>sum</strong></span> <span class='ocrx_word' id='word_1_491' title='bbox 551 3362 825 3428; x_wconf 89' lang='lat' dir='ltr'><strong>peccator,</strong></span> <span class='ocrx_word' id='word_1_492' title='bbox 843 3364 898 3414; x_wconf 90' lang='lat' dir='ltr'><strong>et</strong></span> <span class='ocrx_word' id='word_1_493' title='bbox 922 3359 1116 3414; x_wconf 92' lang='lat' dir='ltr'><strong>multis</strong></span> <span class='ocrx_word' id='word_1_494' title='bbox 1131 3359 1479 3432; x_wconf 88' lang='lat' dir='ltr'><strong>temporibus</strong></span> <span class='ocrx_word' id='word_1_495' title='bbox 1501 3377 1724 3432; x_wconf 89' lang='lat' dir='ltr'><strong>semper</strong></span> <span class='ocrx_word' id='word_1_496' title='bbox 1760 3361 1996 3416; x_wconf 89' lang='lat' dir='ltr'><strong>fornica-</strong></span> 
     </span>
    </p>
   </div>
   <div class='ocr_carea' id='block_1_65' title="bbox 397 3443 1992 3521">
    <p class='ocr_par' dir='ltr' id='par_1_65' title="bbox 397 3443 1992 3521">
     <span class='ocr_line' id='line_1_65' title="bbox 397 3443 1992 3521; baseline 0.003 -21"><span class='ocrx_word' id='word_1_497' title='bbox 397 3443 539 3500; x_wconf 90' lang='lat' dir='ltr'><strong>tioni</strong></span> <span class='ocrx_word' id='word_1_498' title='bbox 567 3445 647 3500; x_wconf 90' lang='lat' dir='ltr'><strong>fui</strong></span> <span class='ocrx_word' id='word_1_499' title='bbox 675 3446 896 3502; x_wconf 89' lang='lat' dir='ltr'><strong>deditus</strong></span> <span class='ocrx_word' id='word_1_500' title='bbox 913 3467 926 3515; x_wconf 87' lang='lat'><strong>;</strong></span> <span class='ocrx_word' id='word_1_501' title='bbox 942 3447 1225 3521; x_wconf 87' lang='lat' dir='ltr'><strong>ingressus</strong></span> <span class='ocrx_word' id='word_1_502' title='bbox 1245 3455 1433 3504; x_wconf 90' lang='lat' dir='ltr'><strong>autem</strong></span> <span class='ocrx_word' id='word_1_503' title='bbox 1457 3449 1680 3504; x_wconf 86' lang='lat' dir='ltr'><strong>nuncin</strong></span> <span class='ocrx_word' id='word_1_504' title='bbox 1700 3449 1992 3504; x_wconf 89' lang='lat' dir='ltr'><strong>ecclesiam</strong></span> 
     </span>
    </p>
   </div>
   <div class='ocr_carea' id='block_1_66' title="bbox 397 3533 1993 3610">
    <p class='ocr_par' dir='ltr' id='par_1_66' title="bbox 397 3533 1993 3610">
     <span class='ocr_line' id='line_1_66' title="bbox 397 3533 1993 3610; baseline 0.003 -21"><span class='ocrx_word' id='word_1_505' title='bbox 397 3533 521 3601; x_wconf 93' lang='lat' dir='ltr'><strong>Dei,</strong></span> <span class='ocrx_word' id='word_1_506' title='bbox 553 3535 740 3590; x_wconf 90' lang='lat' dir='ltr'><strong>audivi</strong></span> <span class='ocrx_word' id='word_1_507' title='bbox 758 3536 927 3592; x_wconf 84' lang='lat' dir='ltr'><strong>verba</strong></span> <span class='ocrx_word' id='word_1_508' title='bbox 957 3555 1080 3609; x_wconf 65' lang='lat' dir='ltr'><strong>quae</strong></span> <span class='ocrx_word' id='word_1_509' title='bbox 1107 3539 1325 3594; x_wconf 90' lang='lat' dir='ltr'><strong>locutus</strong></span> <span class='ocrx_word' id='word_1_510' title='bbox 1345 3544 1431 3594; x_wconf 88' lang='lat' dir='ltr'><strong>est</strong></span> <span class='ocrx_word' id='word_1_511' title='bbox 1461 3539 1732 3593; x_wconf 90' lang='lat' dir='ltr'><strong>Dominus</strong></span> <span class='ocrx_word' id='word_1_512' title='bbox 1744 3555 1844 3610; x_wconf 88' lang='lat' dir='ltr'><strong>per</strong></span> <span class='ocrx_word' id='word_1_513' title='bbox 1862 3555 1993 3610; x_wconf 92' lang='lat' dir='ltr'><strong>pro-</strong></span> 
     </span>
    </p>
   </div>
   <div class='ocr_carea' id='block_1_67' title="bbox 399 3622 1995 3698">
    <p class='ocr_par' dir='ltr' id='par_1_67' title="bbox 399 3622 1995 3698">
     <span class='ocr_line' id='line_1_67' title="bbox 399 3622 1995 3698; baseline 0.003 -21"><span class='ocrx_word' id='word_1_514' title='bbox 399 3622 628 3694; x_wconf 83' lang='lat' dir='ltr'><strong>phetam</strong></span> <span class='ocrx_word' id='word_1_515' title='bbox 659 3624 882 3692; x_wconf 86' lang='lat' dir='ltr'><strong>Isaiam,</strong></span> <span class='ocrx_word' id='word_1_516' title='bbox 925 3627 1113 3682; x_wconf 90' lang='lat' dir='ltr'><strong>dicens</strong></span> <span class='ocrx_word' id='word_1_517' title='bbox 1154 3629 1302 3698; x_wconf 76' lang='lat' dir='ltr'><strong>(Isai.</strong></span> <span class='ocrx_word' id='word_1_518' title='bbox 1347 3631 1388 3696; x_wconf 83' lang='grc' dir='ltr'><strong>Ι)</strong></span> <span class='ocrx_word' id='word_1_519' title='bbox 1419 3645 1430 3681; x_wconf 92' lang='lat'><strong>:</strong></span> <span class='ocrx_word' id='word_1_520' title='bbox 1464 3627 1658 3682; x_wconf 85' lang='lat' dir='ltr'><strong>Mundi</strong></span> <span class='ocrx_word' id='word_1_521' title='bbox 1703 3633 1898 3694; x_wconf 80' lang='lat' dir='ltr'><strong>estote,</strong></span> <span class='ocrx_word' id='word_1_522' title='bbox 1937 3632 1995 3682; x_wconf 90' lang='lat' dir='ltr'><strong>et</strong></span> 
     </span>
    </p>
   </div>
   <div class='ocr_carea' id='block_1_68' title="bbox 395 3712 1994 3789">
    <p class='ocr_par' dir='ltr' id='par_1_68' title="bbox 395 3712 1994 3789">
     <span class='ocr_line' id='line_1_68' title="bbox 395 3712 1994 3789; baseline 0.005 -24"><span class='ocrx_word' id='word_1_523' title='bbox 395 3712 580 3767; x_wconf 84' lang='lat' dir='ltr'><strong>tollite</strong></span> <span class='ocrx_word' id='word_1_524' title='bbox 605 3714 848 3769; x_wconf 88' lang='lat' dir='ltr'><strong>malitias</strong></span> <span class='ocrx_word' id='word_1_525' title='bbox 865 3715 934 3770; x_wconf 92' lang='lat' dir='ltr'><strong>de</strong></span> <span class='ocrx_word' id='word_1_526' title='bbox 953 3717 1252 3771; x_wconf 89' lang='lat' dir='ltr'><strong>animabus</strong></span> <span class='ocrx_word' id='word_1_527' title='bbox 1279 3717 1478 3770; x_wconf 88' lang='lat' dir='ltr'><strong>vestris</strong></span> <span class='ocrx_word' id='word_1_528' title='bbox 1491 3722 1621 3770; x_wconf 88' lang='lat' dir='ltr'><strong>ante</strong></span> <span class='ocrx_word' id='word_1_529' title='bbox 1635 3727 1994 3789; x_wconf 90' lang='lat' dir='ltr'><strong>conspectum</strong></span> 
     </span>
    </p>
   </div>
   <div class='ocr_carea' id='block_1_69' title="bbox 400 3800 1997 3876">
    <p class='ocr_par' dir='ltr' id='par_1_69' title="bbox 400 3800 1997 3876">
     <span class='ocr_line' id='line_1_69' title="bbox 400 3800 1997 3876; baseline 0.004 -23"><span class='ocrx_word' id='word_1_530' title='bbox 400 3800 691 3854; x_wconf 89' lang='lat' dir='ltr'><strong>oculorum</strong></span> <span class='ocrx_word' id='word_1_531' title='bbox 721 3803 1212 3858; x_wconf 84' lang='lat' dir='ltr'><strong>meorum.Discite</strong></span> <span class='ocrx_word' id='word_1_532' title='bbox 1243 3803 1827 3876; x_wconf 76' lang='lat' dir='ltr'><strong>benefacere,quzerite</strong></span> <span class='ocrx_word' id='word_1_533' title='bbox 1841 3805 1997 3876; x_wconf 90' lang='lat' dir='ltr'><strong>judi-</strong></span> 
     </span>
    </p>
   </div>
   <div class='ocr_carea' id='block_1_70' title="bbox 403 3887 2004 3962">
    <p class='ocr_par' dir='ltr' id='par_1_70' title="bbox 403 3887 2004 3962">
     <span class='ocr_line' id='line_1_70' title="bbox 403 3887 2004 3962; baseline 0.005 -21"><span class='ocrx_word' id='word_1_534' title='bbox 403 3887 573 3954; x_wconf 90' lang='lat' dir='ltr'><strong>cium,</strong></span> <span class='ocrx_word' id='word_1_535' title='bbox 605 3893 663 3942; x_wconf 91' lang='lat' dir='ltr'><strong>et</strong></span> <span class='ocrx_word' id='word_1_536' title='bbox 691 3889 738 3942; x_wconf 91' lang='lat' dir='ltr'><strong>si</strong></span> <span class='ocrx_word' id='word_1_537' title='bbox 765 3889 976 3946; x_wconf 88' lang='lat' dir='ltr'><strong>fuerint</strong></span> <span class='ocrx_word' id='word_1_538' title='bbox 1003 3898 1234 3962; x_wconf 87' lang='lat' dir='ltr'><strong>peccata</strong></span> <span class='ocrx_word' id='word_1_539' title='bbox 1266 3898 1450 3947; x_wconf 88' lang='lat' dir='ltr'><strong>vestra</strong></span> <span class='ocrx_word' id='word_1_540' title='bbox 1490 3898 1556 3946; x_wconf 93' lang='lat' dir='ltr'><strong>ut</strong></span> <span class='ocrx_word' id='word_1_541' title='bbox 1599 3893 1906 3961; x_wconf 86' lang='lat' dir='ltr'><strong>coccinum,</strong></span> <span class='ocrx_word' id='word_1_542' title='bbox 1937 3898 2004 3949; x_wconf 87' lang='lat' dir='ltr'><strong>ut</strong></span> 
     </span>
    </p>
   </div>
   <div class='ocr_carea' id='block_1_71' title="bbox 401 3975 2004 4048">
    <p class='ocr_par' dir='ltr' id='par_1_71' title="bbox 401 3975 2004 4048">
     <span class='ocr_line' id='line_1_71' title="bbox 401 3975 2004 4048; baseline 0.005 -18"><span class='ocrx_word' id='word_1_543' title='bbox 401 3975 494 4030; x_wconf 82' lang='lat' dir='ltr'><strong>nix</strong></span> <span class='ocrx_word' id='word_1_544' title='bbox 523 3976 956 4036; x_wconf 85' lang='lat' dir='ltr'><strong>dealbabuntur.</strong></span> <span class='ocrx_word' id='word_1_545' title='bbox 973 3981 1031 4036; x_wconf 91' lang='lat' dir='ltr'><strong>Si</strong></span> <span class='ocrx_word' id='word_1_546' title='bbox 1047 3981 1332 4036; x_wconf 87' lang='lat' dir='ltr'><strong>volueritis</strong></span> <span class='ocrx_word' id='word_1_547' title='bbox 1359 3987 1415 4036; x_wconf 88' lang='lat' dir='ltr'><strong>et</strong></span> <span class='ocrx_word' id='word_1_548' title='bbox 1432 3981 1721 4037; x_wconf 87' lang='lat' dir='ltr'><strong>audieritis</strong></span> <span class='ocrx_word' id='word_1_549' title='bbox 1741 3983 2004 4048; x_wconf 89' lang='lat' dir='ltr'><strong>me,bona</strong></span> 
     </span>
    </p>
   </div>
   <div class='ocr_carea' id='block_1_72' title="bbox 402 4067 2000 4147">
    <p class='ocr_par' dir='ltr' id='par_1_72' title="bbox 402 4067 2000 4147">
     <span class='ocr_line' id='line_1_72' title="bbox 402 4067 2000 4147; baseline 0.005 -28"><span class='ocrx_word' id='word_1_550' title='bbox 402 4071 568 4120; x_wconf 61' lang='lat' dir='ltr'><strong>terra;</strong></span> <span class='ocrx_word' id='word_1_551' title='bbox 587 4067 906 4123; x_wconf 89' lang='lat' dir='ltr'><strong>comedetis.</strong></span> <span class='ocrx_word' id='word_1_552' title='bbox 941 4070 1056 4141; x_wconf 86' lang='lat' dir='ltr'><strong>Ego</strong></span> <span class='ocrx_word' id='word_1_553' title='bbox 1084 4087 1214 4125; x_wconf 86' lang='lat' dir='ltr'><strong>vero</strong></span> <span class='ocrx_word' id='word_1_554' title='bbox 1233 4070 1537 4125; x_wconf 86' lang='lat' dir='ltr'><strong>fornicator</strong></span> <span class='ocrx_word' id='word_1_555' title='bbox 1555 4079 1920 4147; x_wconf 71' lang='lat' dir='ltr'><strong>compunctus</strong></span> <span class='ocrx_word' id='word_1_556' title='bbox 1940 4072 2000 4128; x_wconf 88' lang='lat' dir='ltr'><strong>in</strong></span> 
     </span>
    </p>
   </div>
   <div class='ocr_carea' id='block_1_73' title="bbox 401 4155 1998 4233">
    <p class='ocr_par' dir='ltr' id='par_1_73' title="bbox 401 4155 1998 4233">
     <span class='ocr_line' id='line_1_73' title="bbox 401 4155 1998 4233; baseline 0.004 -24"><span class='ocrx_word' id='word_1_557' title='bbox 401 4155 507 4210; x_wconf 86' lang='lat' dir='ltr'><strong>hoc</strong></span> <span class='ocrx_word' id='word_1_558' title='bbox 535 4172 794 4211; x_wconf 84' lang='lat' dir='ltr'><strong>sermone</strong></span> <span class='ocrx_word' id='word_1_559' title='bbox 821 4159 1124 4230; x_wconf 67' lang='lat' dir='ltr'><strong>prophetae,</strong></span> <span class='ocrx_word' id='word_1_560' title='bbox 1141 4167 1198 4214; x_wconf 86' lang='lat' dir='ltr'><strong>et</strong></span> <span class='ocrx_word' id='word_1_561' title='bbox 1226 4159 1598 4230; x_wconf 89' lang='lat' dir='ltr'><strong>ingemiscens</strong></span> <span class='ocrx_word' id='word_1_562' title='bbox 1627 4160 1774 4215; x_wconf 87' lang='lat' dir='ltr'><strong>intra</strong></span> <span class='ocrx_word' id='word_1_563' title='bbox 1805 4167 1998 4233; x_wconf 91' lang='lat' dir='ltr'><strong>pectus</strong></span> 
     </span>
    </p>
   </div>
   <div class='ocr_carea' id='block_1_74' title="bbox 404 4245 1997 4322">
    <p class='ocr_par' dir='ltr' id='par_1_74' title="bbox 404 4245 1997 4322">
     <span class='ocr_line' id='line_1_74' title="bbox 404 4245 1997 4322; baseline 0.004 -23"><span class='ocrx_word' id='word_1_564' title='bbox 404 4245 744 4312; x_wconf 82' lang='lat' dir='ltr'><strong>meum,dixi</strong></span> <span class='ocrx_word' id='word_1_565' title='bbox 764 4247 836 4302; x_wconf 90' lang='lat' dir='ltr'><strong>ad</strong></span> <span class='ocrx_word' id='word_1_566' title='bbox 869 4248 1170 4304; x_wconf 88' lang='lat' dir='ltr'><strong>Dominum</strong></span> <span class='ocrx_word' id='word_1_567' title='bbox 1197 4267 1208 4302; x_wconf 92' lang='lat'><strong>:</strong></span> <span class='ocrx_word' id='word_1_568' title='bbox 1233 4249 1566 4313; x_wconf 88' lang='lat' dir='ltr'><strong>Domine,tu</strong></span> <span class='ocrx_word' id='word_1_569' title='bbox 1588 4267 1649 4304; x_wconf 82' lang='lat' dir='ltr'><strong>es</strong></span> <span class='ocrx_word' id='word_1_570' title='bbox 1674 4250 1775 4322; x_wconf 65' lang='grc' dir='ltr'><strong>(μί</strong></span> <span class='ocrx_word' id='word_1_571' title='bbox 1799 4251 1997 4306; x_wconf 83' lang='lat' dir='ltr'><strong>venisti</strong></span> 
     </span>
    </p>
   </div>
   <div class='ocr_carea' id='block_1_75' title="bbox 2072 3001 3674 3060">
    <p class='ocr_par' dir='ltr' id='par_1_75' title="bbox 2072 3001 3674 3060">
     <span class='ocr_line' id='line_1_75' title="bbox 2072 3001 3674 3060; baseline -0.003 0"><span class='ocrx_word' id='word_1_572' title='bbox 2072 3023 2266 3060; x_wconf 87' lang='lat' dir='ltr'><strong>amara</strong></span> <span class='ocrx_word' id='word_1_573' title='bbox 2295 3004 2394 3058; x_wconf 91' lang='lat' dir='ltr'><strong>illa</strong></span> <span class='ocrx_word' id='word_1_574' title='bbox 2430 3009 2488 3058; x_wconf 91' lang='lat' dir='ltr'><strong>et</strong></span> <span class='ocrx_word' id='word_1_575' title='bbox 2514 3007 2724 3058; x_wconf 79' lang='lat' dir='ltr'><strong>aeterna</strong></span> <span class='ocrx_word' id='word_1_576' title='bbox 2751 3001 3069 3058; x_wconf 85' lang='lat' dir='ltr'><strong>tormenta?</strong></span> <span class='ocrx_word' id='word_1_577' title='bbox 3090 3001 3194 3056; x_wconf 91' lang='lat' dir='ltr'><strong>llla</strong></span> <span class='ocrx_word' id='word_1_578' title='bbox 3223 3005 3414 3056; x_wconf 88' lang='lat' dir='ltr'><strong>autem</strong></span> <span class='ocrx_word' id='word_1_579' title='bbox 3440 3005 3674 3056; x_wconf 85' lang='lat' dir='ltr'><strong>contre-</strong></span> 
     </span>
    </p>
   </div>
   <div class='ocr_carea' id='block_1_76' title="bbox 2073 3088 3674 3162">
    <p class='ocr_par' dir='ltr' id='par_1_76' title="bbox 2073 3088 3674 3162">
     <span class='ocr_line' id='line_1_76' title="bbox 2073 3088 3674 3162; baseline -0.004 -12"><span class='ocrx_word' id='word_1_580' title='bbox 2073 3095 2331 3160; x_wconf 91' lang='lat' dir='ltr'><strong>miscens,</strong></span> <span class='ocrx_word' id='word_1_581' title='bbox 2361 3093 2502 3148; x_wconf 84' lang='lat' dir='ltr'><strong>dixit</strong></span> <span class='ocrx_word' id='word_1_582' title='bbox 2529 3093 2601 3146; x_wconf 93' lang='lat' dir='ltr'><strong>ad</strong></span> <span class='ocrx_word' id='word_1_583' title='bbox 2641 3102 2773 3147; x_wconf 87' lang='lat' dir='ltr'><strong>eum</strong></span> <span class='ocrx_word' id='word_1_584' title='bbox 2805 3111 2817 3146; x_wconf 91' lang='lat'><strong>:</strong></span> <span class='ocrx_word' id='word_1_585' title='bbox 2854 3091 2990 3158; x_wconf 89' lang='lat' dir='ltr'><strong>Scis,</strong></span> <span class='ocrx_word' id='word_1_586' title='bbox 3013 3089 3215 3157; x_wconf 81' lang='lat' dir='ltr'><strong>&#39;frater,</strong></span> <span class='ocrx_word' id='word_1_587' title='bbox 3250 3091 3382 3162; x_wconf 88' lang='lat' dir='ltr'><strong>quia</strong></span> <span class='ocrx_word' id='word_1_588' title='bbox 3416 3095 3500 3144; x_wconf 89' lang='lat' dir='ltr'><strong>est</strong></span> <span class='ocrx_word' id='word_1_589' title='bbox 3531 3088 3674 3144; x_wconf 83' lang='lat' dir='ltr'><strong>mihi</strong></span> 
     </span>
    </p>
   </div>
   <div class='ocr_carea' id='block_1_77' title="bbox 2072 3179 3675 3246">
    <p class='ocr_par' dir='ltr' id='par_1_77' title="bbox 2072 3179 3675 3246">
     <span class='ocr_line' id='line_1_77' title="bbox 2072 3179 3675 3246; baseline -0.003 -9"><span class='ocrx_word' id='word_1_590' title='bbox 2072 3183 2224 3238; x_wconf 90' lang='lat' dir='ltr'><strong>salus</strong></span> <span class='ocrx_word' id='word_1_591' title='bbox 2251 3183 2334 3237; x_wconf 84' lang='lat' dir='ltr'><strong>vel</strong></span> <span class='ocrx_word' id='word_1_592' title='bbox 2363 3180 2602 3236; x_wconf 90' lang='lat' dir='ltr'><strong>amodo?</strong></span> <span class='ocrx_word' id='word_1_593' title='bbox 2626 3181 2728 3236; x_wconf 91' lang='lat' dir='ltr'><strong>Cui</strong></span> <span class='ocrx_word' id='word_1_594' title='bbox 2747 3180 2841 3235; x_wconf 91' lang='lat' dir='ltr'><strong>ille</strong></span> <span class='ocrx_word' id='word_1_595' title='bbox 2865 3197 2876 3232; x_wconf 91' lang='lat'><strong>:</strong></span> <span class='ocrx_word' id='word_1_596' title='bbox 2906 3179 2968 3234; x_wconf 88' lang='lat' dir='ltr'><strong>Si</strong></span> <span class='ocrx_word' id='word_1_597' title='bbox 2985 3179 3246 3246; x_wconf 88' lang='lat' dir='ltr'><strong>volueris,</strong></span> <span class='ocrx_word' id='word_1_598' title='bbox 3273 3184 3360 3232; x_wconf 87' lang='lat' dir='ltr'><strong>est</strong></span> <span class='ocrx_word' id='word_1_599' title='bbox 3385 3179 3675 3233; x_wconf 78' lang='lat' dir='ltr'><strong>salulela</strong></span> 
     </span>
    </p>
   </div>
   <div class='ocr_carea' id='block_1_78' title="bbox 2075 3267 3670 3342">
    <p class='ocr_par' dir='ltr' id='par_1_78' title="bbox 2075 3267 3670 3342">
     <span class='ocr_line' id='line_1_78' title="bbox 2075 3267 3670 3342; baseline -0.003 -16"><span class='ocrx_word' id='word_1_600' title='bbox 2075 3278 2266 3327; x_wconf 92' lang='lat' dir='ltr'><strong>autem</strong></span> <span class='ocrx_word' id='word_1_601' title='bbox 2295 3272 2518 3342; x_wconf 89' lang='lat' dir='ltr'><strong>jactans</strong></span> <span class='ocrx_word' id='word_1_602' title='bbox 2557 3287 2618 3325; x_wconf 86' lang='lat' dir='ltr'><strong>se</strong></span> <span class='ocrx_word' id='word_1_603' title='bbox 2646 3269 2717 3324; x_wconf 90' lang='lat' dir='ltr'><strong>ad</strong></span> <span class='ocrx_word' id='word_1_604' title='bbox 2761 3269 2930 3342; x_wconf 91' lang='lat' dir='ltr'><strong>pedes</strong></span> <span class='ocrx_word' id='word_1_605' title='bbox 2957 3268 3168 3336; x_wconf 87' lang='lat' dir='ltr'><strong>fratris,</strong></span> <span class='ocrx_word' id='word_1_606' title='bbox 3197 3267 3426 3340; x_wconf 88' lang='lat' dir='ltr'><strong>petebat</strong></span> <span class='ocrx_word' id='word_1_607' title='bbox 3453 3273 3518 3322; x_wconf 90' lang='lat' dir='ltr'><strong>ut</strong></span> <span class='ocrx_word' id='word_1_608' title='bbox 3541 3284 3670 3322; x_wconf 89' lang='lat' dir='ltr'><strong>eam</strong></span> 
     </span>
    </p>
   </div>
   <div class='ocr_carea' id='block_1_79' title="bbox 2075 3353 3673 3423">
    <p class='ocr_par' dir='ltr' id='par_1_79' title="bbox 2075 3353 3673 3423">
     <span class='ocr_line' id='line_1_79' title="bbox 2075 3353 3673 3423; baseline -0.004 -7"><span class='ocrx_word' id='word_1_609' title='bbox 2075 3377 2264 3416; x_wconf 91' lang='lat' dir='ltr'><strong>secum</strong></span> <span class='ocrx_word' id='word_1_610' title='bbox 2291 3360 2523 3415; x_wconf 87' lang='lat' dir='ltr'><strong>duceret</strong></span> <span class='ocrx_word' id='word_1_611' title='bbox 2548 3359 2606 3413; x_wconf 91' lang='lat' dir='ltr'><strong>in</strong></span> <span class='ocrx_word' id='word_1_612' title='bbox 2635 3359 2938 3414; x_wconf 87' lang='lat' dir='ltr'><strong>desertum.</strong></span> <span class='ocrx_word' id='word_1_613' title='bbox 2971 3358 3076 3413; x_wconf 90' lang='lat' dir='ltr'><strong>Cui</strong></span> <span class='ocrx_word' id='word_1_614' title='bbox 3105 3357 3280 3412; x_wconf 85' lang='lat' dir='ltr'><strong>frater</strong></span> <span class='ocrx_word' id='word_1_615' title='bbox 3305 3376 3316 3412; x_wconf 95' lang='lat'><strong>:</strong></span> <span class='ocrx_word' id='word_1_616' title='bbox 3345 3353 3520 3423; x_wconf 88' lang='lat' dir='ltr'><strong>Vade,</strong></span> <span class='ocrx_word' id='word_1_617' title='bbox 3545 3373 3673 3410; x_wconf 89' lang='lat' dir='ltr'><strong>coo-</strong></span> 
     </span>
    </p>
   </div>
   <div class='ocr_carea' id='block_1_80' title="bbox 2075 3447 3670 3522">
    <p class='ocr_par' dir='ltr' id='par_1_80' title="bbox 2075 3447 3670 3522">
     <span class='ocr_line' id='line_1_80' title="bbox 2075 3447 3670 3522; baseline -0.004 -17"><span class='ocrx_word' id='word_1_618' title='bbox 2075 3449 2196 3522; x_wconf 88' lang='lat' dir='ltr'><strong>peri</strong></span> <span class='ocrx_word' id='word_1_619' title='bbox 2215 3454 2384 3521; x_wconf 86' lang='lat' dir='ltr'><strong>caput</strong></span> <span class='ocrx_word' id='word_1_620' title='bbox 2409 3454 2592 3515; x_wconf 91' lang='lat' dir='ltr'><strong>tuum,</strong></span> <span class='ocrx_word' id='word_1_621' title='bbox 2625 3453 2684 3502; x_wconf 89' lang='lat' dir='ltr'><strong>et</strong></span> <span class='ocrx_word' id='word_1_622' title='bbox 2710 3464 2945 3519; x_wconf 90' lang='lat' dir='ltr'><strong>sequere</strong></span> <span class='ocrx_word' id='word_1_623' title='bbox 2981 3463 3090 3502; x_wconf 91' lang='lat' dir='ltr'><strong>me.</strong></span> <span class='ocrx_word' id='word_1_624' title='bbox 3117 3447 3222 3502; x_wconf 90' lang='lat' dir='ltr'><strong>Cui</strong></span> <span class='ocrx_word' id='word_1_625' title='bbox 3261 3447 3360 3501; x_wconf 90' lang='lat' dir='ltr'><strong>illa</strong></span> <span class='ocrx_word' id='word_1_626' title='bbox 3393 3465 3406 3500; x_wconf 92' lang='lat'><strong>:</strong></span> <span class='ocrx_word' id='word_1_627' title='bbox 3439 3447 3670 3500; x_wconf 86' lang='lat' dir='ltr'><strong>Eamus.</strong></span> 
     </span>
    </p>
   </div>
   <div class='ocr_carea' id='block_1_81' title="bbox 2075 3535 3680 3611">
    <p class='ocr_par' dir='ltr' id='par_1_81' title="bbox 2075 3535 3680 3611">
     <span class='ocr_line' id='line_1_81' title="bbox 2075 3535 3680 3611; baseline -0.004 -16"><span class='ocrx_word' id='word_1_628' title='bbox 2075 3539 2312 3611; x_wconf 89' lang='lat' dir='ltr'><strong>Oportet</strong></span> <span class='ocrx_word' id='word_1_629' title='bbox 2333 3555 2422 3594; x_wconf 90' lang='lat' dir='ltr'><strong>me</strong></span> <span class='ocrx_word' id='word_1_630' title='bbox 2449 3538 2598 3592; x_wconf 89' lang='lat' dir='ltr'><strong>enim</strong></span> <span class='ocrx_word' id='word_1_631' title='bbox 2621 3536 2922 3592; x_wconf 88' lang='lat' dir='ltr'><strong>deformari</strong></span> <span class='ocrx_word' id='word_1_632' title='bbox 2949 3536 3099 3591; x_wconf 91' lang='lat' dir='ltr'><strong>inter</strong></span> <span class='ocrx_word' id='word_1_633' title='bbox 3127 3535 3384 3591; x_wconf 89' lang='lat' dir='ltr'><strong>homines</strong></span> <span class='ocrx_word' id='word_1_634' title='bbox 3402 3535 3556 3590; x_wconf 90' lang='lat' dir='ltr'><strong>nudo</strong></span> <span class='ocrx_word' id='word_1_635' title='bbox 3585 3551 3680 3590; x_wconf 86' lang='lat' dir='ltr'><strong>ca-</strong></span> 
     </span>
    </p>
   </div>
   <div class='ocr_carea' id='block_1_82' title="bbox 2074 3623 3680 3702">
    <p class='ocr_par' dir='ltr' id='par_1_82' title="bbox 2074 3623 3680 3702">
     <span class='ocr_line' id='line_1_82' title="bbox 2074 3623 3680 3702; baseline -0.004 -19"><span class='ocrx_word' id='word_1_636' title='bbox 2074 3629 2189 3702; x_wconf 87' lang='lat' dir='ltr'><strong>pite</strong></span> <span class='ocrx_word' id='word_1_637' title='bbox 2217 3626 2691 3694; x_wconf 82' lang='lat' dir='ltr'><strong>deambulantcm,</strong></span> <span class='ocrx_word' id='word_1_638' title='bbox 2721 3642 2887 3698; x_wconf 90' lang='lat' dir='ltr'><strong>quam</strong></span> <span class='ocrx_word' id='word_1_639' title='bbox 2915 3625 2973 3680; x_wconf 92' lang='lat' dir='ltr'><strong>in</strong></span> <span class='ocrx_word' id='word_1_640' title='bbox 3002 3625 3282 3680; x_wconf 88' lang='lat' dir='ltr'><strong>ofﬁcinam</strong></span> <span class='ocrx_word' id='word_1_641' title='bbox 3321 3623 3536 3696; x_wconf 87' lang='lat' dir='ltr'><strong>peccati</strong></span> <span class='ocrx_word' id='word_1_642' title='bbox 3567 3623 3680 3678; x_wconf 89' lang='lat' dir='ltr'><strong>mei</strong></span> 
     </span>
    </p>
   </div>
   <div class='ocr_carea' id='block_1_83' title="bbox 2077 3713 3680 3787">
    <p class='ocr_par' dir='ltr' id='par_1_83' title="bbox 2077 3713 3680 3787">
     <span class='ocr_line' id='line_1_83' title="bbox 2077 3713 3680 3787; baseline -0.003 -15"><span class='ocrx_word' id='word_1_643' title='bbox 2077 3719 2281 3773; x_wconf 90' lang='lat' dir='ltr'><strong>iterum</strong></span> <span class='ocrx_word' id='word_1_644' title='bbox 2303 3716 2542 3787; x_wconf 84' lang='lat' dir='ltr'><strong>ingredi.</strong></span> <span class='ocrx_word' id='word_1_645' title='bbox 2575 3717 2725 3770; x_wconf 89' lang='lat' dir='ltr'><strong>Dum</strong></span> <span class='ocrx_word' id='word_1_646' title='bbox 2752 3731 2882 3770; x_wconf 90' lang='lat' dir='ltr'><strong>vero</strong></span> <span class='ocrx_word' id='word_1_647' title='bbox 2911 3714 3124 3786; x_wconf 88' lang='lat' dir='ltr'><strong>pariter</strong></span> <span class='ocrx_word' id='word_1_648' title='bbox 3150 3713 3528 3778; x_wconf 87' lang='lat' dir='ltr'><strong>ambularent,</strong></span> <span class='ocrx_word' id='word_1_649' title='bbox 3554 3727 3680 3767; x_wconf 83' lang='lat' dir='ltr'><strong>mo-</strong></span> 
     </span>
    </p>
   </div>
   <div class='ocr_carea' id='block_1_84' title="bbox 2081 3802 3680 3876">
    <p class='ocr_par' dir='ltr' id='par_1_84' title="bbox 2081 3802 3680 3876">
     <span class='ocr_line' id='line_1_84' title="bbox 2081 3802 3680 3876; baseline -0.003 -15"><span class='ocrx_word' id='word_1_650' title='bbox 2081 3805 2250 3861; x_wconf 91' lang='lat' dir='ltr'><strong>nebat</strong></span> <span class='ocrx_word' id='word_1_651' title='bbox 2297 3821 2422 3860; x_wconf 89' lang='lat' dir='ltr'><strong>eam</strong></span> <span class='ocrx_word' id='word_1_652' title='bbox 2443 3805 2513 3859; x_wconf 87' lang='lat' dir='ltr'><strong>ad</strong></span> <span class='ocrx_word' id='word_1_653' title='bbox 2539 3804 3162 3876; x_wconf 67' lang='lat' dir='ltr'><strong>pmnitentiamNidens</strong></span> <span class='ocrx_word' id='word_1_654' title='bbox 3189 3808 3378 3858; x_wconf 85' lang='lat' dir='ltr'><strong>autem</strong></span> <span class='ocrx_word' id='word_1_655' title='bbox 3407 3803 3544 3874; x_wconf 89' lang='lat' dir='ltr'><strong>quia</strong></span> <span class='ocrx_word' id='word_1_656' title='bbox 3559 3802 3680 3874; x_wconf 89' lang='lat' dir='ltr'><strong>qui-</strong></span> 
     </span>
    </p>
   </div>
   <div class='ocr_carea' id='block_1_85' title="bbox 2082 3891 3681 3961">
    <p class='ocr_par' dir='ltr' id='par_1_85' title="bbox 2082 3891 3681 3961">
     <span class='ocr_line' id='line_1_85' title="bbox 2082 3891 3681 3961; baseline -0.002 -12"><span class='ocrx_word' id='word_1_657' title='bbox 2082 3895 2213 3950; x_wconf 88' lang='lat' dir='ltr'><strong>dam</strong></span> <span class='ocrx_word' id='word_1_658' title='bbox 2237 3900 2427 3960; x_wconf 59' lang='grc' dir='ltr'><strong>«ηδ</strong></span> <span class='ocrx_word' id='word_1_659' title='bbox 2463 3893 2756 3950; x_wconf 87' lang='lat' dir='ltr'><strong>obviarent</strong></span> <span class='ocrx_word' id='word_1_660' title='bbox 2790 3893 2916 3961; x_wconf 90' lang='lat' dir='ltr'><strong>sibi,</strong></span> <span class='ocrx_word' id='word_1_661' title='bbox 2941 3892 3082 3948; x_wconf 78' lang='lat' dir='ltr'><strong>dixit</strong></span> <span class='ocrx_word' id='word_1_662' title='bbox 3125 3891 3177 3946; x_wconf 89' lang='lat' dir='ltr'><strong>ei</strong></span> <span class='ocrx_word' id='word_1_663' title='bbox 3209 3903 3220 3938; x_wconf 78' lang='grc' dir='ltr'><strong>ε</strong></span> <span class='ocrx_word' id='word_1_664' title='bbox 3257 3892 3536 3957; x_wconf 86' lang='lat' dir='ltr'><strong>Quoniam</strong></span> <span class='ocrx_word' id='word_1_665' title='bbox 3567 3907 3681 3946; x_wconf 87' lang='lat' dir='ltr'><strong>non</strong></span> 
     </span>
    </p>
   </div>
   <div class='ocr_carea' id='block_1_86' title="bbox 2083 3981 3680 4054">
    <p class='ocr_par' dir='ltr' id='par_1_86' title="bbox 2083 3981 3680 4054">
     <span class='ocr_line' id='line_1_86' title="bbox 2083 3981 3680 4054; baseline -0.003 -16"><span class='ocrx_word' id='word_1_666' title='bbox 2083 4000 2279 4038; x_wconf 91' lang='lat' dir='ltr'><strong>omnes</strong></span> <span class='ocrx_word' id='word_1_667' title='bbox 2316 3983 2500 4038; x_wconf 89' lang='lat' dir='ltr'><strong>sciunt</strong></span> <span class='ocrx_word' id='word_1_668' title='bbox 2537 3983 2685 4054; x_wconf 90' lang='lat' dir='ltr'><strong>quod</strong></span> <span class='ocrx_word' id='word_1_669' title='bbox 2715 3999 2874 4037; x_wconf 91' lang='lat' dir='ltr'><strong>soror</strong></span> <span class='ocrx_word' id='word_1_670' title='bbox 2902 3999 3028 4036; x_wconf 91' lang='lat' dir='ltr'><strong>mea</strong></span> <span class='ocrx_word' id='word_1_671' title='bbox 3047 3999 3127 4046; x_wconf 89' lang='lat' dir='ltr'><strong>es,</strong></span> <span class='ocrx_word' id='word_1_672' title='bbox 3159 3997 3359 4053; x_wconf 88' lang='lat' dir='ltr'><strong>parum</strong></span> <span class='ocrx_word' id='word_1_673' title='bbox 3388 3982 3461 4035; x_wconf 90' lang='lat' dir='ltr'><strong>de</strong></span> <span class='ocrx_word' id='word_1_674' title='bbox 3481 3981 3570 4035; x_wconf 88' lang='lat' dir='ltr'><strong>via</strong></span> <span class='ocrx_word' id='word_1_675' title='bbox 3598 3997 3680 4034; x_wconf 82' lang='lat' dir='ltr'><strong>se-</strong></span> 
     </span>
    </p>
   </div>
   <div class='ocr_carea' id='block_1_87' title="bbox 2083 4062 3677 4143">
    <p class='ocr_par' dir='ltr' id='par_1_87' title="bbox 2083 4062 3677 4143">
     <span class='ocr_line' id='line_1_87' title="bbox 2083 4062 3677 4143; baseline -0.003 -15"><span class='ocrx_word' id='word_1_676' title='bbox 2083 4073 2236 4140; x_wconf 89' lang='lat' dir='ltr'><strong>cede,</strong></span> <span class='ocrx_word' id='word_1_677' title='bbox 2258 4073 2434 4128; x_wconf 90' lang='lat' dir='ltr'><strong>donec</strong></span> <span class='ocrx_word' id='word_1_678' title='bbox 2460 4077 2768 4127; x_wconf 77' lang='lat' dir='ltr'><strong>transeant.</strong></span> <span class='ocrx_word' id='word_1_679' title='bbox 2803 4062 2872 4126; x_wconf 86' lang='lat' dir='ltr'><strong>Et</strong></span> <span class='ocrx_word' id='word_1_680' title='bbox 2899 4070 3420 4143; x_wconf 86' lang='lat' dir='ltr'><strong>post,transgressis</strong></span> <span class='ocrx_word' id='word_1_681' title='bbox 3449 4071 3677 4134; x_wconf 84' lang='lat' dir='ltr'><strong>illis,vo—</strong></span> 
     </span>
    </p>
   </div>
   <div class='ocr_carea' id='block_1_88' title="bbox 2079 4159 3674 4230">
    <p class='ocr_par' dir='ltr' id='par_1_88' title="bbox 2079 4159 3674 4230">
     <span class='ocr_line' id='line_1_88' title="bbox 2079 4159 3674 4230; baseline -0.003 -14"><span class='ocrx_word' id='word_1_682' title='bbox 2079 4163 2225 4217; x_wconf 91' lang='lat' dir='ltr'><strong>cavit</strong></span> <span class='ocrx_word' id='word_1_683' title='bbox 2253 4179 2397 4228; x_wconf 88' lang='lat' dir='ltr'><strong>eam,</strong></span> <span class='ocrx_word' id='word_1_684' title='bbox 2441 4167 2499 4216; x_wconf 88' lang='lat' dir='ltr'><strong>et</strong></span> <span class='ocrx_word' id='word_1_685' title='bbox 2526 4161 2698 4216; x_wconf 79' lang='lat' dir='ltr'><strong>dixit:</strong></span> <span class='ocrx_word' id='word_1_686' title='bbox 2721 4159 2954 4230; x_wconf 86' lang='lat' dir='ltr'><strong>Eamus,</strong></span> <span class='ocrx_word' id='word_1_687' title='bbox 3003 4177 3180 4226; x_wconf 89' lang='lat' dir='ltr'><strong>soror,</strong></span> <span class='ocrx_word' id='word_1_688' title='bbox 3212 4159 3357 4213; x_wconf 88' lang='lat' dir='ltr'><strong>viam</strong></span> <span class='ocrx_word' id='word_1_689' title='bbox 3401 4165 3674 4214; x_wconf 89' lang='lat' dir='ltr'><strong>nostram.</strong></span> 
     </span>
    </p>
   </div>
   <div class='ocr_carea' id='block_1_89' title="bbox 2079 4249 3679 4322">
    <p class='ocr_par' dir='ltr' id='par_1_89' title="bbox 2079 4249 3679 4322">
     <span class='ocr_line' id='line_1_89' title="bbox 2079 4249 3679 4322; baseline -0.002 -17"><span class='ocrx_word' id='word_1_690' title='bbox 2079 4252 2183 4306; x_wconf 87' lang='lat' dir='ltr'><strong>Illa</strong></span> <span class='ocrx_word' id='word_1_691' title='bbox 2209 4257 2399 4305; x_wconf 88' lang='lat' dir='ltr'><strong>autem</strong></span> <span class='ocrx_word' id='word_1_692' title='bbox 2429 4267 2541 4305; x_wconf 91' lang='lat' dir='ltr'><strong>non</strong></span> <span class='ocrx_word' id='word_1_693' title='bbox 2566 4250 2958 4322; x_wconf 88' lang='lat' dir='ltr'><strong>respondente,</strong></span> <span class='ocrx_word' id='word_1_694' title='bbox 2977 4249 3308 4321; x_wconf 87' lang='lat' dir='ltr'><strong>perquirens</strong></span> <span class='ocrx_word' id='word_1_695' title='bbox 3327 4249 3679 4304; x_wconf 86' lang='lat' dir='ltr'><strong>inveniteam</strong></span> 
     </span>
    </p>
   </div>
   <div class='ocr_carea' id='block_1_90' title="bbox 402 4333 3674 4412">
    <p class='ocr_par' dir='ltr' id='par_1_90' title="bbox 402 4333 3674 4412">
     <span class='ocr_line' id='line_1_90' title="bbox 402 4333 3674 4412; baseline 0.001 -22"><span class='ocrx_word' id='word_1_696' title='bbox 402 4335 618 4390; x_wconf 88' lang='lat' dir='ltr'><strong>salvare</strong></span> <span class='ocrx_word' id='word_1_697' title='bbox 638 4342 984 4407; x_wconf 89' lang='lat' dir='ltr'><strong>peccatores;</strong></span> <span class='ocrx_word' id='word_1_698' title='bbox 1005 4338 1123 4394; x_wconf 73' lang='lat' dir='ltr'><strong>haec</strong></span> <span class='ocrx_word' id='word_1_699' title='bbox 1154 4355 1284 4409; x_wconf 89' lang='lat' dir='ltr'><strong>ergo</strong></span> <span class='ocrx_word' id='word_1_700' title='bbox 1315 4355 1436 4410; x_wconf 69' lang='lat' dir='ltr'><strong>quae</strong></span> <span class='ocrx_word' id='word_1_701' title='bbox 1464 4355 1612 4393; x_wconf 88' lang='lat' dir='ltr'><strong>nunc</strong></span> <span class='ocrx_word' id='word_1_702' title='bbox 1632 4356 1734 4410; x_wconf 86' lang='lat' dir='ltr'><strong>per</strong></span> <span class='ocrx_word' id='word_1_703' title='bbox 1754 4333 2061 4412; x_wconf 86' lang='lat' dir='ltr'><strong>prophe-D</strong></span> <span class='ocrx_word' id='word_1_704' title='bbox 2080 4347 2379 4406; x_wconf 89' lang='lat' dir='ltr'><strong>mortuam,</strong></span> <span class='ocrx_word' id='word_1_705' title='bbox 2425 4345 2482 4394; x_wconf 87' lang='lat' dir='ltr'><strong>et</strong></span> <span class='ocrx_word' id='word_1_706' title='bbox 2517 4339 2750 4412; x_wconf 87' lang='lat' dir='ltr'><strong>vestigia</strong></span> <span class='ocrx_word' id='word_1_707' title='bbox 2783 4339 2988 4411; x_wconf 88' lang='lat' dir='ltr'><strong>pedum</strong></span> <span class='ocrx_word' id='word_1_708' title='bbox 3020 4339 3143 4410; x_wconf 91' lang='lat' dir='ltr'><strong>ejus</strong></span> <span class='ocrx_word' id='word_1_709' title='bbox 3170 4338 3448 4409; x_wconf 87' lang='lat' dir='ltr'><strong>sanguine</strong></span> <span class='ocrx_word' id='word_1_710' title='bbox 3489 4339 3674 4410; x_wconf 85' lang='lat' dir='ltr'><strong>plena,</strong></span> 
     </span>
    </p>
   </div>
   <div class='ocr_carea' id='block_1_91' title="bbox 401 4425 1998 4500">
    <p class='ocr_par' dir='ltr' id='par_1_91' title="bbox 401 4425 1998 4500">
     <span class='ocr_line' id='line_1_91' title="bbox 401 4425 1998 4500; baseline 0.003 -22"><span class='ocrx_word' id='word_1_711' title='bbox 401 4428 519 4479; x_wconf 89' lang='lat' dir='ltr'><strong>tam</strong></span> <span class='ocrx_word' id='word_1_712' title='bbox 539 4425 848 4496; x_wconf 90' lang='lat' dir='ltr'><strong>promisisti</strong></span> <span class='ocrx_word' id='word_1_713' title='bbox 871 4442 1041 4496; x_wconf 85' lang='lat' dir='ltr'><strong>opera</strong></span> <span class='ocrx_word' id='word_1_714' title='bbox 1059 4427 1274 4498; x_wconf 90' lang='lat' dir='ltr'><strong>comple</strong></span> <span class='ocrx_word' id='word_1_715' title='bbox 1294 4427 1352 4482; x_wconf 92' lang='lat' dir='ltr'><strong>in</strong></span> <span class='ocrx_word' id='word_1_716' title='bbox 1381 4444 1472 4482; x_wconf 91' lang='lat' dir='ltr'><strong>me</strong></span> <span class='ocrx_word' id='word_1_717' title='bbox 1495 4427 1723 4498; x_wconf 86' lang='lat' dir='ltr'><strong>indigno</strong></span> <span class='ocrx_word' id='word_1_718' title='bbox 1738 4433 1998 4500; x_wconf 86' lang='lat' dir='ltr'><strong>etpecca-</strong></span> 
     </span>
    </p>
   </div>
   <div class='ocr_carea' id='block_1_92' title="bbox 402 4514 2002 4588">
    <p class='ocr_par' dir='ltr' id='par_1_92' title="bbox 402 4514 2002 4588">
     <span class='ocr_line' id='line_1_92' title="bbox 402 4514 2002 4588; baseline 0.002 -19"><span class='ocrx_word' id='word_1_719' title='bbox 402 4519 546 4569; x_wconf 87' lang='lat' dir='ltr'><strong>tore.</strong></span> <span class='ocrx_word' id='word_1_720' title='bbox 575 4514 712 4568; x_wconf 90' lang='lat' dir='ltr'><strong>Ecce</strong></span> <span class='ocrx_word' id='word_1_721' title='bbox 741 4514 888 4568; x_wconf 90' lang='lat' dir='ltr'><strong>enim</strong></span> <span class='ocrx_word' id='word_1_722' title='bbox 919 4515 1120 4570; x_wconf 90' lang='lat' dir='ltr'><strong>amodo</strong></span> <span class='ocrx_word' id='word_1_723' title='bbox 1152 4517 1418 4588; x_wconf 86' lang='lat' dir='ltr'><strong>proﬁteor</strong></span> <span class='ocrx_word' id='word_1_724' title='bbox 1445 4515 1632 4580; x_wconf 85' lang='lat' dir='ltr'><strong>tibi,et</strong></span> <span class='ocrx_word' id='word_1_725' title='bbox 1650 4517 1913 4587; x_wconf 89' lang='lat' dir='ltr'><strong>promitto</strong></span> <span class='ocrx_word' id='word_1_726' title='bbox 1935 4534 2002 4572; x_wconf 84' lang='lat' dir='ltr'><strong>ex</strong></span> 
     </span>
    </p>
   </div>
   <div class='ocr_carea' id='block_1_93' title="bbox 402 4611 2002 4684">
    <p class='ocr_par' dir='ltr' id='par_1_93' title="bbox 402 4611 2002 4684">
     <span class='ocr_line' id='line_1_93' title="bbox 402 4611 2002 4684; baseline 0.003 -18"><span class='ocrx_word' id='word_1_727' title='bbox 402 4615 523 4666; x_wconf 83' lang='lat' dir='ltr'><strong>toto</strong></span> <span class='ocrx_word' id='word_1_728' title='bbox 553 4611 886 4684; x_wconf 87' lang='lat' dir='ltr'><strong>corde,quia</strong></span> <span class='ocrx_word' id='word_1_729' title='bbox 905 4613 1144 4668; x_wconf 89' lang='lat' dir='ltr'><strong>ulterius</strong></span> <span class='ocrx_word' id='word_1_730' title='bbox 1169 4614 1272 4668; x_wconf 88' lang='lat' dir='ltr'><strong>hoc</strong></span> <span class='ocrx_word' id='word_1_731' title='bbox 1303 4613 1512 4668; x_wconf 89' lang='lat' dir='ltr'><strong>malum</strong></span> <span class='ocrx_word' id='word_1_732' title='bbox 1529 4629 1642 4668; x_wconf 91' lang='lat' dir='ltr'><strong>non</strong></span> <span class='ocrx_word' id='word_1_733' title='bbox 1659 4613 1878 4683; x_wconf 87' lang='lat' dir='ltr'><strong>faciam,</strong></span> <span class='ocrx_word' id='word_1_734' title='bbox 1903 4615 2002 4671; x_wconf 89' lang='lat' dir='ltr'><strong>sed</strong></span> 
     </span>
    </p>
   </div>
   <div class='ocr_carea' id='block_1_94' title="bbox 298 4708 2003 4782">
    <p class='ocr_par' dir='ltr' id='par_1_94' title="bbox 298 4708 2003 4782">
     <span class='ocr_line' id='line_1_94' title="bbox 298 4708 2003 4782; baseline 0.002 -19"><span class='ocrx_word' id='word_1_735' title='bbox 298 4713 304 4720; x_wconf 89' lang='lat'>&#39;</span> <span class='ocrx_word' id='word_1_736' title='bbox 407 4709 670 4775; x_wconf 80' lang='lat' dir='ltr'><strong>renuntio</strong></span> <span class='ocrx_word' id='word_1_737' title='bbox 689 4710 840 4765; x_wconf 91' lang='lat' dir='ltr'><strong>omni</strong></span> <span class='ocrx_word' id='word_1_738' title='bbox 853 4710 930 4782; x_wconf 89' lang='lat' dir='ltr'><strong>inj</strong></span> <span class='ocrx_word' id='word_1_739' title='bbox 939 4709 1163 4776; x_wconf 70' lang='lat' dir='ltr'><strong>ustitise,</strong></span> <span class='ocrx_word' id='word_1_740' title='bbox 1183 4716 1241 4765; x_wconf 90' lang='lat' dir='ltr'><strong>et</strong></span> <span class='ocrx_word' id='word_1_741' title='bbox 1261 4709 1462 4764; x_wconf 86' lang='lat' dir='ltr'><strong>amodo</strong></span> <span class='ocrx_word' id='word_1_742' title='bbox 1479 4708 1583 4764; x_wconf 89' lang='lat' dir='ltr'><strong>tibi</strong></span> <span class='ocrx_word' id='word_1_743' title='bbox 1599 4709 1778 4765; x_wconf 81' lang='lat' dir='ltr'><strong>servio</strong></span> <span class='ocrx_word' id='word_1_744' title='bbox 1797 4711 1855 4765; x_wconf 92' lang='lat' dir='ltr'><strong>in</strong></span> <span class='ocrx_word' id='word_1_745' title='bbox 1875 4727 2003 4766; x_wconf 88' lang='lat' dir='ltr'><strong>con-</strong></span> 
     </span>
    </p>
   </div>
   <div class='ocr_carea' id='block_1_95' title="bbox 407 4807 2005 4880">
    <p class='ocr_par' dir='ltr' id='par_1_95' title="bbox 407 4807 2005 4880">
     <span class='ocr_line' id='line_1_95' title="bbox 407 4807 2005 4880; baseline 0.001 -18"><span class='ocrx_word' id='word_1_746' title='bbox 407 4807 643 4864; x_wconf 78' lang='lat' dir='ltr'><strong>scientia</strong></span> <span class='ocrx_word' id='word_1_747' title='bbox 666 4810 895 4866; x_wconf 89' lang='lat' dir='ltr'><strong>munda.</strong></span> <span class='ocrx_word' id='word_1_748' title='bbox 929 4809 1014 4864; x_wconf 84' lang='lat' dir='ltr'><strong>Ab</strong></span> <span class='ocrx_word' id='word_1_749' title='bbox 1055 4809 1222 4864; x_wconf 88' lang='lat' dir='ltr'><strong>hodie</strong></span> <span class='ocrx_word' id='word_1_750' title='bbox 1259 4825 1412 4880; x_wconf 86' lang='lat' dir='ltr'><strong>ergo,</strong></span> <span class='ocrx_word' id='word_1_751' title='bbox 1438 4808 1695 4876; x_wconf 89' lang='lat' dir='ltr'><strong>Domine,</strong></span> <span class='ocrx_word' id='word_1_752' title='bbox 1725 4815 1784 4864; x_wconf 91' lang='lat' dir='ltr'><strong>et</strong></span> <span class='ocrx_word' id='word_1_753' title='bbox 1804 4808 1874 4864; x_wconf 89' lang='lat' dir='ltr'><strong>ab</strong></span> <span class='ocrx_word' id='word_1_754' title='bbox 1901 4811 2005 4865; x_wconf 89' lang='lat' dir='ltr'><strong>hac</strong></span> 
     </span>
    </p>
   </div>
   <div class='ocr_carea' id='block_1_96' title="bbox 408 4907 2008 4982">
    <p class='ocr_par' dir='ltr' id='par_1_96' title="bbox 408 4907 2008 4982">
     <span class='ocr_line' id='line_1_96' title="bbox 408 4907 2008 4982; baseline 0.003 -21"><span class='ocrx_word' id='word_1_755' title='bbox 408 4907 550 4963; x_wconf 88' lang='lat' dir='ltr'><strong>hora</strong></span> <span class='ocrx_word' id='word_1_756' title='bbox 575 4910 793 4982; x_wconf 87' lang='lat' dir='ltr'><strong>suscipe</strong></span> <span class='ocrx_word' id='word_1_757' title='bbox 828 4927 919 4966; x_wconf 91' lang='lat' dir='ltr'><strong>me</strong></span> <span class='ocrx_word' id='word_1_758' title='bbox 957 4911 1343 4982; x_wconf 70' lang='lat' dir='ltr'><strong>pmnitentem,</strong></span> <span class='ocrx_word' id='word_1_759' title='bbox 1385 4914 1443 4964; x_wconf 93' lang='lat' dir='ltr'><strong>et</strong></span> <span class='ocrx_word' id='word_1_760' title='bbox 1485 4909 1813 4964; x_wconf 87' lang='lat' dir='ltr'><strong>adorantem</strong></span> <span class='ocrx_word' id='word_1_761' title='bbox 1842 4917 1916 4977; x_wconf 89' lang='lat' dir='ltr'><strong>te,</strong></span> <span class='ocrx_word' id='word_1_762' title='bbox 1949 4916 2008 4965; x_wconf 85' lang='lat' dir='ltr'><strong>et</strong></span> 
     </span>
    </p>
   </div>
   <div class='ocr_carea' id='block_1_97' title="bbox 410 5005 2006 5080">
    <p class='ocr_par' dir='ltr' id='par_1_97' title="bbox 410 5005 2006 5080">
     <span class='ocr_line' id='line_1_97' title="bbox 410 5005 2006 5080; baseline 0.001 -20"><span class='ocrx_word' id='word_1_763' title='bbox 410 5005 897 5064; x_wconf 86' lang='lat' dir='ltr'><strong>abrenuntiantem</strong></span> <span class='ocrx_word' id='word_1_764' title='bbox 927 5009 1186 5064; x_wconf 86' lang='lat' dir='ltr'><strong>omnibus</strong></span> <span class='ocrx_word' id='word_1_765' title='bbox 1228 5007 1488 5080; x_wconf 86' lang='lat' dir='ltr'><strong>peccatis.</strong></span> <span class='ocrx_word' id='word_1_766' title='bbox 1525 5007 1716 5062; x_wconf 88' lang='lat' dir='ltr'><strong>Juravi</strong></span> <span class='ocrx_word' id='word_1_767' title='bbox 1747 5013 1804 5062; x_wconf 92' lang='lat' dir='ltr'><strong>et</strong></span> <span class='ocrx_word' id='word_1_768' title='bbox 1831 5009 2006 5064; x_wconf 85' lang='lat' dir='ltr'><strong>statui</strong></span> 
     </span>
    </p>
   </div>
   <div class='ocr_carea' id='block_1_98' title="bbox 415 5105 2000 5179">
    <p class='ocr_par' dir='ltr' id='par_1_98' title="bbox 415 5105 2000 5179">
     <span class='ocr_line' id='line_1_98' title="bbox 415 5105 2000 5179; baseline -0.001 -18"><span class='ocrx_word' id='word_1_769' title='bbox 415 5105 564 5176; x_wconf 74' lang='lat' dir='ltr'><strong>apud</strong></span> <span class='ocrx_word' id='word_1_770' title='bbox 600 5121 710 5171; x_wconf 90' lang='lat' dir='ltr'><strong>me,</strong></span> <span class='ocrx_word' id='word_1_771' title='bbox 744 5123 964 5162; x_wconf 80' lang='lat' dir='ltr'><strong>servare</strong></span> <span class='ocrx_word' id='word_1_772' title='bbox 991 5125 1184 5162; x_wconf 87' lang='lat' dir='ltr'><strong>omnes</strong></span> <span class='ocrx_word' id='word_1_773' title='bbox 1207 5107 1642 5179; x_wconf 80' lang='lat' dir='ltr'><strong>justilicationes</strong></span> <span class='ocrx_word' id='word_1_774' title='bbox 1670 5113 1798 5161; x_wconf 87' lang='lat' dir='ltr'><strong>tuas</strong></span> <span class='ocrx_word' id='word_1_775' title='bbox 1839 5109 2000 5162; x_wconf 62' lang='lat' dir='ltr'><strong>ipsa].</strong></span> 
     </span>
    </p>
   </div>
   <div class='ocr_carea' id='block_1_99' title="bbox 418 5203 2002 5277">
    <p class='ocr_par' dir='ltr' id='par_1_99' title="bbox 418 5203 2002 5277">
     <span class='ocr_line' id='line_1_99' title="bbox 418 5203 2002 5277; baseline -0.001 -18"><span class='ocrx_word' id='word_1_776' title='bbox 418 5205 604 5269; x_wconf 70' lang='lat' dir='ltr'><strong>cxvm}</strong></span> <span class='ocrx_word' id='word_1_777' title='bbox 637 5203 750 5258; x_wconf 88' lang='lat' dir='ltr'><strong>Sub</strong></span> <span class='ocrx_word' id='word_1_778' title='bbox 769 5205 874 5259; x_wconf 86' lang='lat' dir='ltr'><strong>hac</strong></span> <span class='ocrx_word' id='word_1_779' title='bbox 897 5207 1197 5276; x_wconf 90' lang='lat' dir='ltr'><strong>sponsione</strong></span> <span class='ocrx_word' id='word_1_780' title='bbox 1214 5222 1471 5277; x_wconf 88' lang='lat' dir='ltr'><strong>egressus</strong></span> <span class='ocrx_word' id='word_1_781' title='bbox 1499 5221 1625 5260; x_wconf 92' lang='lat' dir='ltr'><strong>sum</strong></span> <span class='ocrx_word' id='word_1_782' title='bbox 1655 5205 1724 5258; x_wconf 89' lang='lat' dir='ltr'><strong>de</strong></span> <span class='ocrx_word' id='word_1_783' title='bbox 1751 5205 2002 5270; x_wconf 88' lang='lat' dir='ltr'><strong>ecclesia,</strong></span> 
     </span>
    </p>
   </div>
   <div class='ocr_carea' id='block_1_100' title="bbox 411 5303 2006 5375">
    <p class='ocr_par' dir='ltr' id='par_1_100' title="bbox 411 5303 2006 5375">
     <span class='ocr_line' id='line_1_100' title="bbox 411 5303 2006 5375; baseline -0.003 -15"><span class='ocrx_word' id='word_1_784' title='bbox 411 5310 668 5360; x_wconf 88' lang='lat' dir='ltr'><strong>statuens</strong></span> <span class='ocrx_word' id='word_1_785' title='bbox 684 5303 828 5374; x_wconf 85' lang='lat' dir='ltr'><strong>apud</strong></span> <span class='ocrx_word' id='word_1_786' title='bbox 862 5319 951 5356; x_wconf 89' lang='lat' dir='ltr'><strong>me</strong></span> <span class='ocrx_word' id='word_1_787' title='bbox 967 5303 1104 5358; x_wconf 90' lang='lat' dir='ltr'><strong>nihil</strong></span> <span class='ocrx_word' id='word_1_788' title='bbox 1117 5305 1186 5358; x_wconf 91' lang='lat' dir='ltr'><strong>de</strong></span> <span class='ocrx_word' id='word_1_789' title='bbox 1211 5303 1492 5375; x_wconf 88' lang='lat' dir='ltr'><strong>prioribus</strong></span> <span class='ocrx_word' id='word_1_790' title='bbox 1512 5303 1752 5374; x_wconf 87' lang='lat' dir='ltr'><strong>peccatis</strong></span> <span class='ocrx_word' id='word_1_791' title='bbox 1772 5303 2006 5357; x_wconf 84' lang='lat' dir='ltr'><strong>ulterius</strong></span> 
     </span>
    </p>
   </div>
   <div class='ocr_carea' id='block_1_101' title="bbox 409 5400 2004 5466">
    <p class='ocr_par' dir='ltr' id='par_1_101' title="bbox 409 5400 2004 5466">
     <span class='ocr_line' id='line_1_101' title="bbox 409 5400 2004 5466; baseline -0.003 -8"><span class='ocrx_word' id='word_1_792' title='bbox 409 5402 610 5458; x_wconf 82' lang='lat' dir='ltr'><strong>facere.</strong></span> <span class='ocrx_word' id='word_1_793' title='bbox 647 5400 804 5466; x_wconf 91' lang='lat' dir='ltr'><strong>Quod</strong></span> <span class='ocrx_word' id='word_1_794' title='bbox 825 5417 950 5456; x_wconf 87' lang='lat' dir='ltr'><strong>cum</strong></span> <span class='ocrx_word' id='word_1_795' title='bbox 970 5401 1259 5456; x_wconf 88' lang='lat' dir='ltr'><strong>audissent</strong></span> <span class='ocrx_word' id='word_1_796' title='bbox 1277 5401 1880 5465; x_wconf 85' lang='lat' dir='ltr'><strong>omnes,clamaverunt</strong></span> <span class='ocrx_word' id='word_1_797' title='bbox 1893 5417 2004 5456; x_wconf 88' lang='lat' dir='ltr'><strong>una</strong></span> 
     </span>
    </p>
   </div>
   <div class='ocr_carea' id='block_1_102' title="bbox 411 5498 2004 5584">
    <p class='ocr_par' dir='ltr' id='par_1_102' title="bbox 411 5498 2004 5570">
     <span class='ocr_line' id='line_1_102' title="bbox 411 5498 2004 5570; baseline -0.003 -12"><span class='ocrx_word' id='word_1_798' title='bbox 411 5518 542 5560; x_wconf 91' lang='lat' dir='ltr'><strong>voce</strong></span> <span class='ocrx_word' id='word_1_799' title='bbox 571 5500 641 5556; x_wconf 88' lang='lat' dir='ltr'><strong>ad</strong></span> <span class='ocrx_word' id='word_1_800' title='bbox 665 5501 986 5566; x_wconf 89' lang='lat' dir='ltr'><strong>Dominum,</strong></span> <span class='ocrx_word' id='word_1_801' title='bbox 1020 5501 1300 5556; x_wconf 85' lang='lat' dir='ltr'><strong>dicentes:</strong></span> <span class='ocrx_word' id='word_1_802' title='bbox 1329 5501 1510 5566; x_wconf 85' lang='lat' dir='ltr'><strong>Quam</strong></span> <span class='ocrx_word' id='word_1_803' title='bbox 1541 5498 1841 5570; x_wconf 85' lang='lat' dir='ltr'><strong>magniﬁca</strong></span> <span class='ocrx_word' id='word_1_804' title='bbox 1869 5505 2004 5556; x_wconf 92' lang='lat' dir='ltr'><strong>sunt</strong></span> 
     </span>
    </p>
   </div>
   <div class='ocr_carea' id='block_1_103' title="bbox 2081 4427 3673 4485">
    <p class='ocr_par' dir='ltr' id='par_1_103' title="bbox 2081 4427 3673 4485">
     <span class='ocr_line' id='line_1_103' title="bbox 2081 4427 3673 4485; baseline -0.001 -1"><span class='ocrx_word' id='word_1_805' title='bbox 2081 4436 2204 4485; x_wconf 90' lang='lat' dir='ltr'><strong>erat</strong></span> <span class='ocrx_word' id='word_1_806' title='bbox 2232 4430 2381 4484; x_wconf 90' lang='lat' dir='ltr'><strong>enim</strong></span> <span class='ocrx_word' id='word_1_807' title='bbox 2412 4429 2764 4484; x_wconf 86' lang='lat' dir='ltr'><strong>discalceata.</strong></span> <span class='ocrx_word' id='word_1_808' title='bbox 2789 4429 2932 4484; x_wconf 90' lang='lat' dir='ltr'><strong>Cum</strong></span> <span class='ocrx_word' id='word_1_809' title='bbox 2973 4433 3162 4482; x_wconf 87' lang='lat' dir='ltr'><strong>autem</strong></span> <span class='ocrx_word' id='word_1_810' title='bbox 3194 4427 3424 4482; x_wconf 85' lang='lat' dir='ltr'><strong>senibus</strong></span> <span class='ocrx_word' id='word_1_811' title='bbox 3466 4445 3673 4483; x_wconf 84' lang='lat' dir='ltr'><strong>renun-</strong></span> 
     </span>
    </p>
   </div>
   <div class='ocr_carea' id='block_1_104' title="bbox 2081 4516 3670 4588">
    <p class='ocr_par' dir='ltr' id='par_1_104' title="bbox 2081 4516 3670 4588">
     <span class='ocr_line' id='line_1_104' title="bbox 2081 4516 3670 4588; baseline -0.001 -16"><span class='ocrx_word' id='word_1_812' title='bbox 2081 4519 2280 4574; x_wconf 89' lang='lat' dir='ltr'><strong>tiasset</strong></span> <span class='ocrx_word' id='word_1_813' title='bbox 2299 4518 2526 4584; x_wconf 85' lang='lat' dir='ltr'><strong>factum,</strong></span> <span class='ocrx_word' id='word_1_814' title='bbox 2551 4517 2963 4572; x_wconf 87' lang='lat' dir='ltr'><strong>contendebant</strong></span> <span class='ocrx_word' id='word_1_815' title='bbox 2981 4516 3130 4571; x_wconf 88' lang='lat' dir='ltr'><strong>inter</strong></span> <span class='ocrx_word' id='word_1_816' title='bbox 3155 4533 3214 4570; x_wconf 91' lang='lat' dir='ltr'><strong>se</strong></span> <span class='ocrx_word' id='word_1_817' title='bbox 3233 4516 3303 4571; x_wconf 90' lang='lat' dir='ltr'><strong>de</strong></span> <span class='ocrx_word' id='word_1_818' title='bbox 3323 4517 3508 4571; x_wconf 89' lang='lat' dir='ltr'><strong>salute</strong></span> <span class='ocrx_word' id='word_1_819' title='bbox 3533 4519 3670 4588; x_wconf 90' lang='lat' dir='ltr'><strong>ejus.</strong></span> 
     </span>
    </p>
   </div>
   <div class='ocr_carea' id='block_1_105' title="bbox 2082 4604 3674 4677">
    <p class='ocr_par' dir='ltr' id='par_1_105' title="bbox 2082 4604 3674 4677">
     <span class='ocr_line' id='line_1_105' title="bbox 2082 4604 3674 4677; baseline -0.002 -14"><span class='ocrx_word' id='word_1_820' title='bbox 2082 4607 2458 4663; x_wconf 83' lang='lat' dir='ltr'><strong>Manifestavit</strong></span> <span class='ocrx_word' id='word_1_821' title='bbox 2485 4612 2674 4662; x_wconf 88' lang='lat' dir='ltr'><strong>autem</strong></span> <span class='ocrx_word' id='word_1_822' title='bbox 2700 4607 2850 4662; x_wconf 87' lang='lat' dir='ltr'><strong>Deus</strong></span> <span class='ocrx_word' id='word_1_823' title='bbox 2879 4605 2976 4660; x_wconf 86' lang='lat' dir='ltr'><strong>uni</strong></span> <span class='ocrx_word' id='word_1_824' title='bbox 3007 4605 3126 4660; x_wconf 91' lang='lat' dir='ltr'><strong>seni</strong></span> <span class='ocrx_word' id='word_1_825' title='bbox 3154 4605 3224 4660; x_wconf 82' lang='lat' dir='ltr'><strong>de</strong></span> <span class='ocrx_word' id='word_1_826' title='bbox 3259 4604 3405 4677; x_wconf 88' lang='lat' dir='ltr'><strong>ipsa,</strong></span> <span class='ocrx_word' id='word_1_827' title='bbox 3435 4621 3506 4660; x_wconf 88' lang='lat' dir='ltr'><strong>eo</strong></span> <span class='ocrx_word' id='word_1_828' title='bbox 3531 4605 3674 4676; x_wconf 88' lang='lat' dir='ltr'><strong>quod</strong></span> 
     </span>
    </p>
   </div>
   <div class='ocr_carea' id='block_1_106' title="bbox 2081 4693 3672 4768">
    <p class='ocr_par' dir='ltr' id='par_1_106' title="bbox 2081 4693 3672 4768">
     <span class='ocr_line' id='line_1_106' title="bbox 2081 4693 3672 4768; baseline -0.002 -16"><span class='ocrx_word' id='word_1_829' title='bbox 2081 4697 2238 4752; x_wconf 87' lang='lat' dir='ltr'><strong>nulla</strong></span> <span class='ocrx_word' id='word_1_830' title='bbox 2262 4713 2396 4752; x_wconf 88' lang='lat' dir='ltr'><strong>cura</strong></span> <span class='ocrx_word' id='word_1_831' title='bbox 2421 4695 2526 4751; x_wconf 89' lang='lat' dir='ltr'><strong>fuit</strong></span> <span class='ocrx_word' id='word_1_832' title='bbox 2563 4697 2642 4750; x_wconf 90' lang='lat' dir='ltr'><strong>illi</strong></span> <span class='ocrx_word' id='word_1_833' title='bbox 2672 4696 2730 4750; x_wconf 92' lang='lat' dir='ltr'><strong>in</strong></span> <span class='ocrx_word' id='word_1_834' title='bbox 2775 4695 2976 4750; x_wconf 87' lang='lat' dir='ltr'><strong>itinere</strong></span> <span class='ocrx_word' id='word_1_835' title='bbox 3019 4696 3088 4749; x_wconf 91' lang='lat' dir='ltr'><strong>de</strong></span> <span class='ocrx_word' id='word_1_836' title='bbox 3122 4695 3400 4768; x_wconf 76' lang='lat' dir='ltr'><strong>corporali</strong></span> <span class='ocrx_word' id='word_1_837' title='bbox 3424 4711 3550 4762; x_wconf 90' lang='lat' dir='ltr'><strong>usu,</strong></span> <span class='ocrx_word' id='word_1_838' title='bbox 3581 4693 3672 4749; x_wconf 88' lang='lat' dir='ltr'><strong>sed</strong></span> 
     </span>
    </p>
   </div>
   <div class='ocr_carea' id='block_1_107' title="bbox 2086 4785 3675 4857">
    <p class='ocr_par' dir='ltr' id='par_1_107' title="bbox 2086 4785 3675 4857">
     <span class='ocr_line' id='line_1_107' title="bbox 2086 4785 3675 4857; baseline -0.001 -18"><span class='ocrx_word' id='word_1_839' title='bbox 2086 4786 2284 4841; x_wconf 87' lang='lat' dir='ltr'><strong>vulnus</strong></span> <span class='ocrx_word' id='word_1_840' title='bbox 2312 4785 2604 4857; x_wconf 89' lang='lat' dir='ltr'><strong>proprium</strong></span> <span class='ocrx_word' id='word_1_841' title='bbox 2629 4785 2890 4857; x_wconf 83' lang='lat' dir='ltr'><strong>neglexit,</strong></span> <span class='ocrx_word' id='word_1_842' title='bbox 2907 4791 2965 4841; x_wconf 88' lang='lat' dir='ltr'><strong>et</strong></span> <span class='ocrx_word' id='word_1_843' title='bbox 2990 4785 3288 4857; x_wconf 86' lang='lat' dir='ltr'><strong>suspiravit</strong></span> <span class='ocrx_word' id='word_1_844' title='bbox 3299 4785 3356 4840; x_wconf 90' lang='lat' dir='ltr'><strong>in</strong></span> <span class='ocrx_word' id='word_1_845' title='bbox 3382 4789 3498 4840; x_wconf 78' lang='lat' dir='ltr'><strong>tam</strong></span> <span class='ocrx_word' id='word_1_846' title='bbox 3518 4799 3675 4856; x_wconf 53' lang='lat' dir='ltr'><strong>gran.</strong></span> 
     </span>
    </p>
   </div>
   <div class='ocr_carea' id='block_1_108' title="bbox 2086 4873 3674 4946">
    <p class='ocr_par' dir='ltr' id='par_1_108' title="bbox 2086 4873 3674 4946">
     <span class='ocr_line' id='line_1_108' title="bbox 2086 4873 3674 4946; baseline -0.001 -17"><span class='ocrx_word' id='word_1_847' title='bbox 2086 4875 2144 4930; x_wconf 91' lang='lat' dir='ltr'><strong>di</strong></span> <span class='ocrx_word' id='word_1_848' title='bbox 2172 4875 2502 4946; x_wconf 88' lang='lat' dir='ltr'><strong>perditione,</strong></span> <span class='ocrx_word' id='word_1_849' title='bbox 2535 4874 2662 4929; x_wconf 88' lang='lat' dir='ltr'><strong>ideo</strong></span> <span class='ocrx_word' id='word_1_850' title='bbox 2691 4891 2792 4946; x_wconf 90' lang='lat' dir='ltr'><strong>pro</strong></span> <span class='ocrx_word' id='word_1_851' title='bbox 2815 4873 3108 4930; x_wconf 86' lang='lat' dir='ltr'><strong>devotione</strong></span> <span class='ocrx_word' id='word_1_852' title='bbox 3136 4874 3318 4930; x_wconf 86' lang='lat' dir='ltr'><strong>cordis</strong></span> <span class='ocrx_word' id='word_1_853' title='bbox 3346 4875 3472 4946; x_wconf 87' lang='lat' dir='ltr'><strong>ejus</strong></span> <span class='ocrx_word' id='word_1_854' title='bbox 3499 4889 3674 4929; x_wconf 53' lang='lat' dir='ltr'><strong>susse.</strong></span> 
     </span>
    </p>
   </div>
   <div class='ocr_carea' id='block_1_109' title="bbox 2088 4963 2938 5038">
    <p class='ocr_par' dir='ltr' id='par_1_109' title="bbox 2088 4963 2938 5038">
     <span class='ocr_line' id='line_1_109' title="bbox 2088 4963 2938 5038; baseline -0.002 -20"><span class='ocrx_word' id='word_1_855' title='bbox 2088 4964 2170 5036; x_wconf 87' lang='lat' dir='ltr'><strong>pit</strong></span> <span class='ocrx_word' id='word_1_856' title='bbox 2187 4964 2338 5020; x_wconf 90' lang='lat' dir='ltr'><strong>Deus</strong></span> <span class='ocrx_word' id='word_1_857' title='bbox 2369 4963 2757 5038; x_wconf 70' lang='lat' dir='ltr'><strong>paenitentiam</strong></span> <span class='ocrx_word' id='word_1_858' title='bbox 2794 4965 2938 5034; x_wconf 88' lang='lat' dir='ltr'><strong>ejus.</strong></span> 
     </span>
    </p>
   </div>
   <div class='ocr_carea' id='block_1_110' title="bbox 2655 5088 3110 5144">
    <p class='ocr_par' dir='ltr' id='par_1_110' title="bbox 2655 5088 3110 5144">
     <span class='ocr_line' id='line_1_110' title="bbox 2655 5088 3110 5144; baseline -0.002 -1"><span class='ocrx_word' id='word_1_859' title='bbox 2655 5088 2892 5144; x_wconf 81' lang='lat' dir='ltr'><strong>CAPUT</strong></span> <span class='ocrx_word' id='word_1_860' title='bbox 2944 5088 3110 5143; x_wconf 81' lang='lat' dir='ltr'><strong>XXV.</strong></span> 
     </span>
    </p>
   </div>
   <div class='ocr_carea' id='block_1_111' title="bbox 2446 5215 3320 5284">
    <p class='ocr_par' dir='ltr' id='par_1_111' title="bbox 2446 5215 3320 5284">
     <span class='ocr_line' id='line_1_111' title="bbox 2446 5215 3320 5284; baseline -0.003 -16"><span class='ocrx_word' id='word_1_861' title='bbox 2446 5217 2517 5268; x_wconf 81' lang='lat' dir='ltr'><strong>De</strong></span> <span class='ocrx_word' id='word_1_862' title='bbox 2547 5215 2966 5284; x_wconf 65' lang='lat' dir='ltr'><strong>{inpugnatione</strong></span> <span class='ocrx_word' id='word_1_863' title='bbox 2990 5215 3320 5268; x_wconf 66' lang='lat' dir='ltr'><strong>(Lemonum.</strong></span> 
     </span>
    </p>
   </div>
   <div class='ocr_carea' id='block_1_112' title="bbox 2163 5319 3677 5392">
    <p class='ocr_par' dir='ltr' id='par_1_112' title="bbox 2163 5319 3677 5392">
     <span class='ocr_line' id='line_1_112' title="bbox 2163 5319 3677 5392; baseline -0.001 -14"><span class='ocrx_word' id='word_1_864' title='bbox 2163 5320 2210 5378; x_wconf 84' lang='lat'><strong>1.</strong></span> <span class='ocrx_word' id='word_1_865' title='bbox 2243 5319 2482 5385; x_wconf 82' lang='lat' dir='ltr'><strong>Quidam</strong></span> <span class='ocrx_word' id='word_1_866' title='bbox 2513 5321 2686 5376; x_wconf 84' lang='lat' dir='ltr'><strong>frater</strong></span> <span class='ocrx_word' id='word_1_867' title='bbox 2731 5320 3020 5392; x_wconf 89' lang='lat' dir='ltr'><strong>requisivit</strong></span> <span class='ocrx_word' id='word_1_868' title='bbox 3049 5338 3084 5376; x_wconf 90' lang='lat' dir='ltr'><strong>a</strong></span> <span class='ocrx_word' id='word_1_869' title='bbox 3111 5337 3265 5385; x_wconf 87' lang='lat' dir='ltr'><strong>sene,</strong></span> <span class='ocrx_word' id='word_1_870' title='bbox 3296 5321 3490 5376; x_wconf 82' lang='lat' dir='ltr'><strong>dicens</strong></span> <span class='ocrx_word' id='word_1_871' title='bbox 3522 5342 3535 5376; x_wconf 90' lang='lat'><strong>:</strong></span> <span class='ocrx_word' id='word_1_872' title='bbox 3569 5323 3677 5378; x_wconf 88' lang='lat' dir='ltr'><strong>Cur</strong></span> 
     </span>
    </p>
   </div>
   <div class='ocr_carea' id='block_1_113' title="bbox 2087 5408 3668 5482">
    <p class='ocr_par' dir='ltr' id='par_1_113' title="bbox 2087 5408 3668 5482">
     <span class='ocr_line' id='line_1_113' title="bbox 2087 5408 3668 5482; baseline 0.001 -19"><span class='ocrx_word' id='word_1_873' title='bbox 2087 5408 2248 5476; x_wconf 82' lang='lat' dir='ltr'><strong>abba,</strong></span> <span class='ocrx_word' id='word_1_874' title='bbox 2284 5427 2317 5463; x_wconf 88' lang='lat' dir='ltr'><strong>a</strong></span> <span class='ocrx_word' id='word_1_875' title='bbox 2337 5409 3132 5482; x_wconf 76' lang='lat' dir='ltr'><strong>daemonibusimpugnamur?</strong></span> <span class='ocrx_word' id='word_1_876' title='bbox 3159 5411 3472 5482; x_wconf 84' lang='lat' dir='ltr'><strong>Respondit</strong></span> <span class='ocrx_word' id='word_1_877' title='bbox 3491 5428 3668 5466; x_wconf 84' lang='lat' dir='ltr'><strong>senex:</strong></span> 
     </span>
    </p>
   </div>
   <div class='ocr_carea' id='block_1_114' title="bbox 2087 5497 3673 5572">
    <p class='ocr_par' dir='ltr' id='par_1_114' title="bbox 2087 5497 3673 5572">
     <span class='ocr_line' id='line_1_114' title="bbox 2087 5497 3673 5572; baseline 0.001 -18"><span class='ocrx_word' id='word_1_878' title='bbox 2087 5499 2361 5566; x_wconf 88' lang='lat' dir='ltr'><strong>Quoniam</strong></span> <span class='ocrx_word' id='word_1_879' title='bbox 2389 5515 2545 5554; x_wconf 87' lang='lat' dir='ltr'><strong>arma</strong></span> <span class='ocrx_word' id='word_1_880' title='bbox 2591 5504 2780 5554; x_wconf 88' lang='lat' dir='ltr'><strong>nostra</strong></span> <span class='ocrx_word' id='word_1_881' title='bbox 2810 5497 3136 5571; x_wconf 86' lang='lat' dir='ltr'><strong>abjecimus,</strong></span> <span class='ocrx_word' id='word_1_882' title='bbox 3167 5499 3226 5555; x_wconf 91' lang='lat' dir='ltr'><strong>id</strong></span> <span class='ocrx_word' id='word_1_883' title='bbox 3263 5505 3368 5567; x_wconf 87' lang='lat' dir='ltr'><strong>est,</strong></span> <span class='ocrx_word' id='word_1_884' title='bbox 3401 5501 3673 5572; x_wconf 60' lang='lat' dir='ltr'><strong>peniten-</strong></span> 
     </span>
    </p>
   </div>
  </div>
