3976 6186
342 303 487 364 1049
1621 304 1862 362 VERBA
1899 308 1937 363 S

2035 308 2292 366 IORUM.
3472 304 3612 364 1050

338 431 503 498 tiam,
530 430 928 497 humilitatem,
948 416 1343 498 obedientiam,
1366 436 1424 486 et
1438 433 1733 504 penuriam
1743 434 1933 505 (Rulli,
1952 434 2123 497 Abus
2151 436 2392 504 laborat,
2423 439 2481 490 et
2506 435 2713 490 iterum
2736 434 3053 501 relaxatur;
3078 436 3136 487 et
3161 447 3359 487 rursus
3376 431 3616 500 laborat,

341 523 439 576 lib.
466 534 553 587 III,
585 537 648 574 η.
686 519 816 584 173;
846 523 1052 588 Pelag.,
1086 522 1181 575 Iib.
1216 537 1302 585 xv,
1343 537 1503 577 num.
1536 522 1651 592 58).
2018 531 2076 581 et
2094 526 2225 580 inde
2252 523 2523 595 negligit:
2559 524 2650 578 hic
2677 524 2818 578 nihil
2840 522 2974 595 agit,
3002 539 3105 577 nec
3123 523 3410 593 patientiae
3434 538 3621 594 perse-

409 608 463 664 2.
496 610 695 664 Frater
722 609 952 680 quidam
981 608 1239 664 abbatem
1262 609 1503 666 Sisoium
1523 612 1835 683 requisivit,
1857 612 1937 667 di-
2016 614 2328 670 verantiam
2354 612 2679 685 possidebit.

339 714 471 753 cens
500 714 515 754 :
548 699 739 766 Putas,
771 697 936 765 abba,
968 698 1048 753 sic
1072 699 1238 753 modo
1265 700 1620 772 persequitur
1639 718 1740 756 nos
1751 701 1939 756 diabo-
2088 703 2142 758 2.
2171 704 2323 759 Dixit
2349 720 2549 758 senex:
2574 702 2720 767 Quid
2754 707 2842 756 est
2857 717 2997 773 opus
3024 702 3271 773 incipere
3292 700 3613 767 artiﬁcium,

335 787 445 854 Ius,
478 787 626 842 sicut
651 788 916 860 antiquos
941 789 1135 855 (Ra/ﬂ.
1158 791 1255 843 lib.
1278 803 1429 854 m,n.
1461 790 1564 845 174
1594 810 1606 859 ;
1642 794 1847 859 Pelag.,
1870 795 1936 845 li-
2018 794 2066 849 si
2095 810 2208 848 non
2249 793 2430 847 discat
2456 793 2725 864 perficere
2754 791 2937 845 illud?
2986 791 3139 845 Nihil
3169 795 3256 845 est
3302 807 3436 861 ergo
3466 791 3616 861 quod

339 879 462 932 bell.
494 894 588 943 xv,
615 894 774 932 num.
810 877 894 936 45;
920 877 943 930 ’ἶ
968 877 1278 949 Respondit
1305 897 1316 931 :
1353 880 1531 950 Magis
1560 881 1725 935 modo
1749 880 1933 935 homi-
2015 883 2304 955 incipitur,
2336 887 2395 937 et
2422 898 2535 936 non
2568 880 2855 952 perﬁcitur
2878 879 3142 949 (Append.
3168 882 3362 947 Mart.,
3388 878 3613 949 n.102).

337 984 439 1023 nes
467 973 674 1022 nostrae
704 967 883 1022 aetatis
912 968 1286 1038 persequitur,
1320 968 1454 1039 quia
1481 969 1936 1042 appropinquant
1982 1013 1993 1019 -
2549 971 2783 1025 CAPUT
2822 970 3077 1024 XXVIII.

335 1073 547 1128 genera
560 1072 872 1129 poenarum,
898 1055 994 1111 ubi
1012 1056 1105 1113 ille
1126 1074 1251 1111 cum
1283 1058 1595 1129 legionibus
1624 1060 1740 1114 suis
1751 1077 1932 1131 angu-
2488 1062 2559 1114 De
2590 1060 2773 1114 labore
2800 1064 3141 1112 sanctorum.

338 1151 543 1212 statur,
558 1146 691 1201 dum
713 1146 819 1200 scit
838 1150 1121 1217 stagnum,
1140 1145 1235 1201 ubi
1264 1146 1324 1201 in
1352 1147 1481 1218 igne
1500 1153 1557 1202 et
1570 1150 1839 1220 sulphure
1849 1167 1937 1204 ar-
2090 1149 2139 1207 1.
2165 1149 2406 1215 Quidam
2426 1166 2595 1203 senex
2616 1148 2758 1202 dixit
2783 1167 2794 1201 :
2821 1148 3010 1217 Usque
3030 1152 3167 1201 tunc
3184 1145 3402 1201 laboret
3424 1147 3611 1213 homo,

337 1251 504 1291 sums
535 1235 680 1290 erit:
705 1235 830 1290 ideo
851 1235 1169 1291 hominibus
1190 1235 1627 1292 infestatur.Nec
1645 1244 1836 1293 tamen
1854 1239 1937 1294 in-
2015 1256 2308 1313 usquequo
2340 1239 2626 1311 possideat
2648 1237 2934 1292 Christum
2950 1239 3132 1303 (Ila/)2,
3157 1239 3252 1290 lib.
3275 1250 3359 1302 III,
3391 1234 3611 1302 11.180).

338 1326 531 1380 ﬁrmos
561 1341 816 1396 quosque
843 1326 1110 1395 dignatur
1136 1330 1421 1397 appetere,
1446 1343 1605 1397 quos,
1636 1327 1733 1382 ubi
1752 1329 1938 1383 volue-
2017 1330 2124 1395 Qui
2144 1334 2335 1383 autem
2352 1328 2526 1382 semel
2556 1327 2715 1381 illum
2733 1326 2969 1396 adeptus
2998 1324 3183 1389 fuerit,
3195 1326 3315 1395 jam
3333 1340 3447 1378 non
3466 1324 3615 1395 peri-

338 1414 429 1479 rit,
452 1414 564 1468 cito
585 1414 892 1480 subvertit;
917 1415 1014 1469 sed
1042 1414 1215 1469 fortes
1240 1414 1419 1486 magis
1455 1432 1520 1470 ac
1539 1433 1773 1488 magnos
1800 1434 1936 1489 sup-
2017 1419 2263 1475 clitatur.
2297 1416 2655 1473 Permittitur
2682 1420 2875 1469 tamen
2920 1413 3195 1480 laborare,
3231 1429 3616 1468 rememorans

336 1503 594 1574 plantare
618 1520 721 1574 per
747 1502 967 1559 diversa
995 1503 1305 1575 praecipitia
1322 1505 1668 1575 aggreditur.
2011 1504 2923 1574 tribulationemlaboris,undique
2934 1503 3299 1574 semetipsum
3312 1501 3615 1567 custodiat,

406 1590 459 1649 3.
482 1591 670 1645 Abbas
700 1592 986 1647 Pimenius
1016 1593 1309 1664 requisivit
1322 1593 1583 1648 abbatem
1607 1594 1893 1651 Abraham
1914 1614 1926 1650 :
2013 1598 2219 1654 timens
2238 1613 2309 1651 ne
2329 1601 2517 1651 tantos
2531 1593 2752 1648 labores
2771 1593 3015 1646 amittat.
3038 1594 3184 1649 Nam
3208 1597 3265 1646 et
3277 1591 3423 1646 ﬁlios
3436 1590 3615 1646 Israel

336 1679 823 1745 Quemadmodum
863 1699 964 1736 nos
1010 1682 1292 1736 daemones
1337 1683 1673 1755 impugnant
1704 1687 1929 1753 (Pelag.,
2015 1687 2141 1742 ideo
2170 1687 2320 1741 Deus
2346 1701 2446 1756 per
2473 1684 2757 1737 desertum
2779 1680 3153 1753 quadraginta
3180 1680 3343 1735 annis
3371 1680 3614 1734 circum-

338 1772 506 1826 libell.
540 1786 597 1838 x,
634 1788 793 1825 num.
827 1768 961 1839 6'2)?
990 1772 1086 1826 Ait
1111 1788 1309 1826 senex:
1336 1773 1628 1828 Daemones
1644 1773 1932 1828 nobiscum
1950 1790 1997 1850 Β
2016 1776 2193 1834 duxit.
2226 1781 2292 1830 ut
2319 1777 2761 1828 rememorantes
2789 1771 2889 1826 vias
2917 1769 3359 1836 tribulationem,
3400 1768 3616 1823 nollent

336 1875 451 1915 non
480 1865 752 1931 pugnant,
786 1861 920 1932 quia
950 1862 1264 1916 voluntates
1294 1879 1490 1917 eorum
1532 1863 1801 1931 facimus;
1833 1864 1933 1919 sed
2014 1866 2198 1921 redire
2229 1869 2559 1918 retrorsum.

335 1955 546 2004 nostra
565 1948 726 2004 nobis
752 1950 1067 2006 voluntates
1088 1951 1368 2006 dazmones
1409 1952 1541 2007 facti
1569 1958 1719 2019 sunt,
1743 1958 1800 2007 et
1827 1953 1931 2007 tri-
2083 1953 2384 2019 2.Quidam
2397 1952 2571 2006 frater
2597 1948 2889 2021 requisivit
2905 1964 3094 2004 senem
3110 1938 3614 2012 :Quem'admodum

335 2037 537 2093 bulant
564 2054 688 2093 nos.
725 2039 885 2094 Unde
912 2040 1239 2111 Apostolus:
1278 2042 1421 2095 Caro
1450 2042 1794 2112 concupiscit
1829 2042 1931 2096 ad-
2010 2042 2273 2098 laborant
2298 2041 2647 2113 postulantes
2667 2039 2736 2092 de
2756 2037 3087 2092 remissione
3099 2036 3490 2108 peccatorum?
3509 2036 3617 2090 Re-

335 2144 532 2182 versus
557 2128 1085 2201 spiritum,spiritus
1112 2137 1300 2184 autem
1323 2131 1845 2198 adversuscarnem,
1871 2136 1934 2186 ut
2014 2132 2240 2205 spondit
2274 2147 2443 2185 senex
2468 2148 2480 2182 :
2514 2130 2833 2198 Antequam
2864 2126 3157 2198 perveniat
3187 2127 3247 2180 in
3293 2142 3389 2180 eos
3428 2124 3615 2196 gratia

336 2232 452 2271 non
481 2234 829 2289 quaecunque
852 2218 1037 2285 vultis,
1070 2218 1167 2273 illa
1192 2218 1413 2273 faciatis
1456 2220 1650 2288 (Galat.
1680 2220 1757 2291 v).
1782 2222 1932 2276 Num
2014 2238 2138 2294 quae
2158 2224 2352 2285 679
2381 2223 2644 2290 operetur
2674 2234 2773 2289 pro
2795 2216 2985 2271 labore
3003 2216 3274 2287 ipsorum,
3294 2214 3401 2285 ipsi
3420 2213 3615 2285 pallidi

334 2304 419 2361 vis
447 2305 590 2360 scire
620 2323 746 2361 cum
777 2306 980 2378 quibus
1015 2307 1298 2363 damones
1333 2310 1759 2380 pugnaverunt?
1803 2327 1932 2365 cum
2015 2317 2073 2366 et
2090 2311 2148 2364 in
2165 2309 2355 2364 labore
2377 2313 2510 2363 sunt
2533 2329 2545 2369 ;
2570 2323 2741 2379 super
2759 2322 2901 2377 quos
2919 2321 3045 2359 vero
3066 2322 3133 2360 ex
3148 2304 3321 2376 priori
3342 2302 3616 2375 patientia

335 2394 543 2449 abbate
570 2396 780 2468 Moyse,
814 2402 871 2450 et
903 2396 1180 2451 similibus
1199 2399 1352 2468 ejus;
1387 2415 1489 2452 nos
1516 2403 1705 2453 autem
1743 2400 1935 2454 volun-
2010 2401 2129 2470 jam
2155 2398 2338 2469 gratia
2361 2396 2573 2451 Christi
2593 2395 2865 2467 pervenit,
2884 2395 2977 2448 isti
3009 2395 3234 2461 florent,
3252 2397 3310 2446 et
3330 2392 3616 2447 exsultant

334 2489 483 2539 tates
513 2485 697 2539 cordis
725 2486 904 2539 nostri
933 2486 1291 2557 impugnant.

406 2572 462 2629 4.
495 2574 736 2637 Quidam
752 2574 928 2629 frater
953 2575 1247 2645 requisivit
1267 2575 1525 2630 abbatem
1536 2577 1807 2632 Achillem
1821 2578 1930 2648 [ΑΙ.

334 2660 708 2736 Achilleum]:
734 2663 1216 2728 Quemadmodum
1246 2666 1541 2720 adversum
1570 2683 1672 2721 nos
1700 2673 1938 2738 possunt

338 2750 653 2806 demones?
679 2752 983 2823 Respondit
995 2770 1165 2808 senex
1189 2772 1200 2807 :
1226 2754 1334 2808 Per
1348 2755 1663 2810 voluntates
1691 2763 1932 2811 nostras.

339 2840 408 2895 Et
436 2841 662 2911 adjecit,
695 2842 912 2897 dicens:
974 2843 1154 2913 Ligna
1180 2842 1378 2898 Libani
1404 2844 1697 2899 dixerunt:
1755 2846 1935 2910 Quam

337 2929 581 2999 grandia
609 2946 804 2985 sumus
821 2936 876 2985 et
904 2932 1037 2998 alta,
1064 2937 1123 2986 et
1153 2933 1482 3003 parvissima
1498 2934 1838 2989 ferramento
1856 2935 1939 2989 in-

340 3018 599 3073 cidimur.
632 3019 787 3074 Nihil
813 3037 946 3091 ergo
976 3020 1025 3075 ei
1052 3021 1250 3076 demus
1280 3039 1346 3077 ex
1388 3021 1567 3088 nobis,
1600 3029 1659 3077 et
1697 3039 1799 3079 nos
1824 3041 1938 3079 non

2018 2488 2219 2543 animae
2251 2503 2467 2552 eorum,
2524 2494 2581 2540 et
2609 2486 2778 2539 facies
2808 2500 3005 2538 eorum
3033 2484 3186 2537 clara
3214 2487 3301 2536 est
3329 2481 3474 2535 sicut
3502 2481 3606 2547 sol,

2016 2594 2145 2632 cum
2174 2576 2353 2631 nubes
2413 2592 2526 2629 non
2554 2574 2743 2640 habet,
2790 2578 2848 2628 et
2873 2574 3058 2639 lucet;
3113 2570 3338 2643 quando
3365 2586 3495 2625 vero
3527 2569 3611 2625 sol

2016 2666 2166 2722 nube
2186 2665 2527 2737 cooperitur,
2550 2662 2826 2736 pallescit;
2845 2662 2925 2717 sic
2943 2667 3001 2716 et
3014 2661 3223 2728 anima,
3240 2660 3465 2732 quando
3482 2675 3615 2732 pas-

2018 2757 2205 2811 siones
2226 2772 2352 2809 eam
2388 2760 2446 2808 et
2458 2753 2798 2808 tentationes
2815 2751 3135 2806 obscurant.
3151 2751 3285 2815 Quae
3306 2754 3495 2803 autem
3516 2764 3618 2821 per

2016 2846 2261 2917 gratiam
2286 2844 2387 2898 Dei
2408 2843 2682 2898 mundata
2702 2847 2806 2908 est,
2842 2841 2922 2895 ita
2944 2842 3123 2911 fulget
3163 2840 3309 2895 sicut
3342 2838 3615 2910 scriptum

2020 2940 2130 2989 est:
2160 2935 2367 3005 Magna
2386 2937 2471 2987 est
2487 2932 2671 3003 gloria
2692 2932 2814 3001 ejus
2831 2930 2889 2984 in
2916 2930 3151 2985 salutari
3178 2929 3471 2995 tuo(Psal.
3503 2930 3612 2988 xx).

2089 3024 2143 3079 3.
2176 3025 2316 3079 Item
2344 3021 2523 3077 dixit:
2557 3020 2784 3085 Qamvis
2836 3018 3096 3073 laborent
3141 3018 3233 3072 hic
3279 3016 3458 3071 sancti
3488 3016 3612 3082 viri,

340 3108 1130 3178 poteritincidere.Venerunt
1149 3129 1282 3183 ergo
1314 3112 1586 3179 homines,
1621 3118 1677 3168 et
1695 3111 2001 3171 feceruntC
2021 3120 2214 3170 tamen
2244 3117 2302 3167 et
2329 3112 2578 3182 aliqurm
2608 3109 2860 3180 requiem
2902 3107 3208 3179 possident,
3241 3105 3507 3177 quoniam
3538 3104 3610 3159 li-

340 3196 400 3250 in
429 3197 614 3252 securi
654 3198 1013 3254 manubrium
1043 3217 1109 3255 ex
1137 3201 1274 3271 ipsis
1304 3201 1489 3271 lignis,
1527 3206 1585 3256 et
1625 3202 1707 3257 ita
1732 3203 1939 3258 incide-

340 3289 496 3340 runt.
528 3286 710 3356 Ligna
748 3303 882 3358 ergo
912 3294 1045 3342 sunt
1074 3289 1313 3357 anima);
1356 3290 1587 3358 securis,
1627 3291 1884 3347 diabolus
1918 3311 1930 3346 :

341 3373 726 3442 manubrium,
776 3377 1033 3431 voluntas
1072 3384 1267 3433 nostra
1312 3385 1415 3434 est.
1449 3381 1556 3435 Per
1584 3381 1763 3436 malas
1801 3398 1934 3453 ergo

338 3464 659 3520 voluntates
684 3470 905 3520 nostras
934 3466 1252 3522 incidimur.

906 3555 1138 3612 CAPUT
1167 3558 1363 3614 XXVI.

449 3642 700 3709 Qualiter
728 3643 887 3697 homo
914 3647 979 3698 in
1007 3661 1060 3699 se
1098 3649 1435 3714 morti/iocre
1462 3649 1601 3701 vitia
1624 3653 1821 3716 potest.

408 3730 465 3785 1.
494 3730 733 3796 Quidam
762 3732 937 3787 frater
965 3734 1255 3804 requisivit
1280 3734 1539 3789 abbatem
1571 3736 1823 3808 Moysen,
1850 3736 1937 3790 di-

339 3835 473 3874 cens
494 3838 505 3873 :
527 3819 816 3884 Quomodo
839 3827 1023 3893 potest
1040 3839 1101 3877 se
1122 3824 1290 3878 homo
1318 3824 1659 3881 mortiﬁcare
1679 3826 1702 3878 ?
1722 3825 1873 3880 Dixit
1888 3825 1939 3879 ei

340 3925 531 3963 senex:
547 3909 668 3965 Nisi
689 3910 813 3982 quis
834 3911 1142 3968 arbitratus
1164 3913 1401 3968 fueritse
1420 3913 1624 3969 habere
1639 3915 1757 3985 jam
1770 3914 1941 3969 trien-

340 3998 499 4052 nium
526 3998 584 4053 in
609 4001 884 4072 sepulcro,
917 4001 987 4056 ad
1007 4002 1155 4056 hunc
1178 4019 1496 4058 sermonem
1527 4003 1939 4074 pervenirenon

342 4091 530 4158 potest
552 4091 773 4157 (Pelag.,
807 4093 976 4157 libell,
1009 4107 1062 4157 x,
1096 4108 1153 4145 η.
1188 4091 1296 4156 63).

416 4175 473 4231 2.
518 4176 705 4232 Abbas
733 4179 1022 4234 Pimenius
1064 4179 1229 4234 dixit:
1264 4182 1364 4237 Ille
1408 4182 1715 4235 monachus
1753 4186 1939 4253 potest

340 4270 616 4337 tanquam
646 4274 900 4322 mortuus
916 4269 1047 4323 huic
1057 4272 1259 4325 saeculo
1290 4269 1533 4341 esse,qui
1548 4270 1689 4325 duas
1700 4287 1790 4325 res
1802 4271 1936 4326 hor-

340 4355 543 4421 ruerit,
570 4356 625 4410 id
648 4358 944 4423 est,carnis
967 4375 1083 4414 sua:
1103 4360 1355 4431 requiem
1375 4365 1433 4413 et
1458 4375 1657 4413 vanam
1676 4360 1935 4431 gloriam.

2018 3203 2139 3258 beri
2177 3207 2312 3256 sunt
2338 3218 2372 3255 a
2398 3198 2834 3271 cogitationibus
2860 3197 3029 3268 hujus
3059 3195 3276 3250 mundi.

2088 3290 2141 3347 4.
2159 3290 2398 3355 Quidam
2420 3289 2597 3343 frater
2613 3286 2907 3358 requisivit
2924 3302 2957 3339 a
2976 3301 3129 3351 sene,
3152 3282 3342 3339 dicens
3367 3302 3378 3337 :
3406 3283 3616 3348 Quem-

2017 3379 2321 3436 admodum
2352 3394 2502 3432 nunc
2514 3376 2834 3432 laborantes
2859 3374 2918 3429 in
2938 3372 3457 3429 conversationibus
3485 3370 3611 3438 viri,

2015 3485 2131 3524 non
2151 3468 2430 3540 accipiunt
2457 3466 2700 3537 gratiam
2721 3464 2867 3518 sicut
2885 3462 3102 3534 antiqui
3117 3463 3305 3534 (Ra/I2,
3338 3463 3433 3516 lib.
3467 3475 3614 3529 nI,n.

2017 3558 2112 3613 181
2142 3577 2155 3625 ;
2187 3560 2393 3625 Pelag.,
2422 3558 2591 3611 libell.
2613 3569 2742 3621 xvu,
2769 3570 2927 3607 num.
2952 3553 3042 3622 19)
3060 3553 3084 3605 'I
3103 3552 3201 3607 Ait
3230 3551 3381 3607 enim
3408 3566 3577 3606 senex
3601 3568 3613 3603 :

2018 3648 2174 3702 Tunc
2194 3650 2319 3701 erat
2346 3645 2610 3709 charitas,
2629 3650 2687 3698 et
2705 3642 3092 3713 unusquisque
3120 3640 3436 3713 proximum
3451 3655 3619 3693 suum

2021 3752 2247 3791 sursum
2274 3734 2566 3802 trahebat;
2602 3749 2751 3787 nunc
2764 3749 2891 3786 vero
2918 3728 3218 3803 postquam
3246 3729 3495 3783 charitas
3520 3744 3621 3782 re-

2020 3824 2236 3896 friguit,
2296 3823 2504 3894 singuli
2557 3820 2839 3893 proximos
2880 3837 3010 3875 suos
3039 3819 3109 3875 ad
3149 3818 3415 3873 inferiora
3441 3816 3619 3873 dedu-

2024 3918 2192 3979 cunt;
2226 3916 2284 3966 et
2310 3911 2435 3966 ideo
2463 3910 2707 3982 gratiam
2724 3909 2824 3963 Dei
2842 3925 2955 3963 non
2976 3912 3290 3963 merentur.

2590 3998 2825 4054 CAPUT
2852 3998 3048 4053 XXIX.

2413 4090 2485 4142 De
2530 4088 2901 4142 exhortatione
2926 4088 3216 4141 doctrinm.

2101 4178 2144 4235 l.
2181 4176 2557 4247 Interroganti
2586 4174 2809 4230 cuidam
2841 4173 3103 4229 abbatem
3132 4174 3518 4229 Pimenionem
3547 4172 3619 4226 de

2020 4267 2233 4323 duritia
2247 4266 2448 4329 cordis,
2474 4264 2763 4336 respondit
2774 4281 2960 4331 senex,
2976 4264 3166 4319 dicens
3186 4282 3197 4316 :
3221 4264 3439 4317 Natura
3461 4277 3620 4331 aqua:

2022 4356 2205 4411 mollis
2224 4360 2328 4421 est,
2346 4360 2404 4409 et
2420 4354 2623 4425 lapidis
2640 4353 2783 4408 dura
2806 4372 2819 4420 ;
2852 4352 2903 4409 si
2921 4356 3112 4407 autem
3131 4351 3455 4422 frequenter
3474 4365 3623 4420 aqua

413 4443 468 4501 3.
499 4446 678 4500 Senex
709 4446 937 4517 quidam
956 4448 1130 4503 dixit:
1153 4450 1310 4503 Tunc
1338 4448 1447 4503 erit
1465 4449 1771 4504 monachus
1799 4434 2003 4503 liberD
2021 4445 2196 4500 stillat
2214 4461 2384 4516 super
2407 4442 2672 4515 lapidem,
2705 4443 2967 4498 stillando
2986 4440 3233 4513 perforat
3256 4438 3534 4494 illum.Sic
3561 4442 3621 4492 et

338 4532 412 4587 ab
439 4533 718 4603 omnibus,
734 4552 863 4590 cum
891 4537 949 4591 in
978 4554 1144 4609 opere
1174 4543 1395 4592 tantum
1422 4537 1674 4592 intentus
1700 4538 1939 4592 estbono
2022 4533 2254 4589 verbum
2276 4532 2379 4588 Dei
2398 4532 2560 4587 dulce
2584 4537 2642 4587 et
2670 4532 2840 4586 molle
2877 4537 2981 4597 est,
3017 4536 3277 4585 nostrum
3301 4533 3491 4584 autem
3522 4542 3621 4581 cor

341 4621 539 4692 (Ra/7.,
582 4625 681 4678 lib.
721 4638 802 4689 ιιι,
855 4642 911 4679 η.
967 4626 1106 4694 179).
1139 4627 1374 4690 Quando
1403 4627 1555 4681 enim
1594 4626 1742 4681 bona
1772 4643 1943 4698 opera
2022 4624 2247 4679 durum.
2272 4623 2453 4677 Homo
2467 4638 2604 4693 ergo
2619 4621 2854 4677 audiens
2872 4620 3195 4692 frequenter
3216 4623 3317 4673 aut
3334 4616 3614 4677 meditans

338 4717 581 4780 exercet,
618 4713 845 4769 veniens
870 4715 1125 4769 diabolus
1146 4716 1327 4769 locum
1358 4732 1473 4770 non
1499 4715 1738 4779 invenit,
1760 4720 1817 4769 et
1834 4715 1942 4770 dis-
2021 4712 2253 4768 verbum
2278 4710 2399 4779 Dei,
2434 4711 2532 4766 dat
2577 4711 2764 4765 locum
2788 4708 2980 4764 timori
3006 4708 3107 4764 Dei
3130 4706 3350 4779 ingredi
3372 4705 3431 4761 in
3459 4721 3609 4761 eum.

338 4800 525 4856 cedit:
568 4801 615 4856 si
642 4808 833 4858 autem
873 4805 1082 4859 malum
1105 4821 1245 4875 opus
1274 4809 1513 4868 exercet,
1556 4805 1783 4859 veniens
1828 4804 1940 4860 fre-

343 4895 604 4961 quenter,
622 4891 1146 4963 etimpugnateum,
1182 4899 1237 4947 et
1256 4892 1314 4947 in
1342 4894 1625 4948 deteriora
1646 4892 1936 4948 subvertit.

415 4979 469 5035 4.
502 4979 711 5035 Beatus
734 4982 1009 5036 Antonius
1040 4980 1305 5036 monebat
1318 4982 1941 5054 discipulumsuum,di-

344 5082 514 5121 cens:
558 5069 738 5123 Ilorre
783 5076 1032 5124 ventrem
1081 5075 1264 5136 tuum,
1288 5078 1353 5125 ’et
1381 5072 1742 5127 necessitates
1771 5072 1941 5143 hujus

345 5156 554 5224 saeculi,
584 5162 642 5211 et
663 5159 1171 5230 concupiscentiam
1192 5160 1417 5227 malam,
1449 5166 1506 5215 et
1524 5162 1793 5216 honorem
1814 5166 1941 5216 tan-

344 5262 516 5317 quam
538 5246 739 5301 absens
766 5248 836 5303 de
864 5249 969 5304 hoc
996 5250 1198 5304 saeculo
1221 5268 1235 5315 ;
1258 5254 1316 5304 et
1340 5250 1591 5322 requiem
1614 5249 1938 5323 possidebis.

907 5375 1142 5430 CAPUT
1167 5374 1392 5430 XXVII.

882 5501 955 5555 De
978 5502 1406 5569 perseverantia.

417 5608 473 5664 1.
494 5608 683 5667 Abbas
710 5611 989 5669 Antonius
1010 5611 1187 5668 dixit:
1216 5610 1520 5669 Monachus
1539 5609 1586 5665 si
1607 5610 1799 5682 paucis
1830 5610 1945 5667 die-

2595 4835 2832 4891 CAPUT
2861 4834 3030 4890 XXX.

2448 4964 2521 5018 De
2580 4964 2898 5017 curiositate
2942 4961 3192 5016 vitanda.

2096 5072 2148 5126 i.
2178 5072 2357 5127 Senex
2388 5070 2615 5141 quidam
2653 5054 2823 5124 dixit:
2881 5070 3007 5125 Non
3034 5072 3257 5140 oportet
3283 5066 3620 5123 monachum

2024 5162 2313 5235 requirere
2343 5159 2584 5231 qualiter
2606 5159 2681 5214 sit
2704 5159 2819 5225 ille,
2851 5163 2952 5213 aut
2980 5158 3456 5230 quemadmodum
3484 5157 3579 5212 ille
3604 5174 3615 5209 :

2026 5252 2159 5325 quia
2178 5268 2279 5323 per
2307 5249 2808 5319 interrogationem
2826 5248 3152 5318 hujusmodi
3180 5247 3530 5303 abstrahitur
3548 5244 3618 5300 ab

2027 5342 2298 5405 oratione,
2334 5344 2392 5394 et
2416 5338 2615 5393 defluit
2639 5338 2698 5392 in
2737 5337 3114 5393 detractiones
3143 5342 3201 5392 et
3230 5336 3613 5392 verbositates.

2026 5431 2186 5487 Unde
2210 5429 2352 5505 nihil
2380 5434 2465 5483 est
2495 5428 2698 5483 melius
2719 5444 2887 5499 quam
2916 5432 3122 5483 tacere.

2094 5520 2153 5577 2.
2202 5520 2400 5574 Frater
2449 5518 2681 5590 quidam
2718 5517 3008 5591 requisivit
3034 5534 3069 5573 a
3096 5532 3247 5581 sene,
3282 5513 3472 5568 dicens
3507 5529 3521 5566 :
3557 5511 3617 5566 Si

2024 5609 2239 5666 venerit
2256 5609 2431 5682 frater
2450 5608 2671 5681 aliquis,
2692 5624 2981 5665 sermones
3001 5605 3142 5662 mihi
3154 5602 3360 5659 deforis
3375 5599 3619 5657 inferens
