3976 6186
341 277 473 336 1051

1439 278 1534 334 DE
1571 277 1761 336 VITIS
1799 279 2098 338 PATRUM
2133 281 2348 338 LIBER
2385 282 2507 338 VII.

3479 274 3624 339 1052

337 405 570 472 alienos,
590 405 756 478 jubes
786 407 852 460 ut
869 403 1052 459 dicam
1080 401 1162 457 illi
1183 407 1462 476 quatenus
1488 405 1630 460 mihi
1657 406 1784 461 illos
1821 423 1935 462 non
1954 410 2000 470 Α
2021 408 2343 464 ministrare
2372 409 2494 463 loco
2525 423 2671 463 meo.
2706 406 2776 462 Et
2811 405 2992 462 oravit
3018 406 3131 462 sic:
3157 406 3414 473 Domine,
3448 407 3499 461 si
3527 383 3633 462 vo.-

340 495 588 552 afferat?
613 495 710 550 Ait
732 510 905 550 senex
929 493 1114 548 :Nihil
1136 493 1309 559 dicas,
1333 494 1469 566 quia
1498 511 1601 549 nec
1619 512 1724 550 nos
1749 497 1938 567 potui-

341 601 468 640 mus
493 583 1134 639 observareﬂavendum
1157 586 1243 638 est
1261 599 1413 654 ergo,
1440 600 1510 638 ne
1531 583 1674 639 forte
1693 585 1940 640 dicentes

338 675 612 745 proximo,
637 673 754 728 Hoc
778 688 850 726 ne
878 671 1070 738 facias,
1101 688 1203 726 nos
1230 671 1380 726 idem
1411 673 1495 727 vel
1521 674 1718 745 pejora
1745 680 1942 746 postea

336 762 628 818 faciamus.
665 761 770 817 Cui
799 761 974 816 frater
1001 779 1012 815 :
1041 760 1188 826 Quid
1217 777 1350 832 ergo
1380 768 1602 834 oportet
1621 762 1802 818 facere
1822 763 1850 817 ?
1873 765 1944 819 Et

337 868 539 908 senex:
565 851 622 907 Si
645 851 1007 918 voluerimus,
1041 849 1244 922 inquit,
1270 856 1476 920 tacere,
1501 853 1819 924 exemplum
1849 870 1941 910 so-

333 941 454 998 lum
475 941 680 997 sufﬁcit
695 941 970 1013 proximo.

909 1029 1142 1086 CAPUT
1172 1031 1368 1086 XXXI.

779 1121 854 1175 De
881 1121 1225 1174 contentione
1245 1121 1495 1175 vitanda.

415 1210 466 1268 1.
498 1209 742 1275 Quidam
791 1224 961 1264 senex
1001 1207 1140 1264 dixit
1174 1208 1365 1277 (Ra/72,
1415 1212 1515 1264 lib.
1556 1225 1641 1279 ιιι,
1676 1228 1734 1265 η.
1773 1209 1892 1282 185)
1926 1229 1939 1266 :

336 1299 397 1355 Si
425 1299 552 1372 quis
579 1303 766 1354 tecum
803 1303 904 1353 aut
926 1297 996 1352 de
1026 1297 1348 1370 Scripturis,
1383 1305 1484 1354 aut
1506 1299 1576 1354 de
1607 1317 1939 1373 quacunque

333 1405 501 1445 causa
536 1391 760 1444 locutus
800 1387 988 1454 fuerit,
1021 1403 1094 1442 ne
1119 1387 1425 1444 contendas
1453 1405 1581 1443 cum
1602 1405 1668 1444 eo
1697 1407 1711 1442 :
1759 1390 1858 1444 sed
1890 1391 1938 1446 si

333 1479 561 1551 quidem
591 1477 735 1533 bene
789 1477 948 1544 dicit,
979 1477 1246 1532 consenti'
1278 1477 1330 1532 ei
1356 1491 1370 1532 :
1405 1477 1452 1532 si
1480 1494 1610 1532 vero
1648 1479 1822 1550 male,
1849 1479 1939 1534 dic

2017 498 2207 553 luntas
2253 503 2354 552 tua
2383 503 2487 563 est,
2520 502 2588 552 ut
2626 497 2684 552 in
2725 495 3076 551 ordinatione
3115 511 3244 551 mea
3297 497 3624 567 persistam,

2021 587 2256 642 ostende
2304 587 2466 642 mihi.
2527 587 2597 641 Et
2638 591 2834 652 σεο
2884 590 3113 640 ostensa
3141 590 3226 640 est
3259 585 3342 639 illi
3369 585 3637 640 columna

2021 677 2205 748 ignea,
2232 693 2266 731 a
2284 681 2438 731 terra
2457 691 2636 747 usque
2651 675 2723 730 ad
2747 675 2951 728 coelum
2975 674 3318 746 pertingens,
3348 679 3407 729 et
3425 691 3532 729 vox
3559 674 3636 730 ad

2024 782 2155 820 eum
2192 765 2547 832 :.Theodore,
2583 765 2630 819 si
2671 768 2832 836 potes
2861 764 2986 818 fieri
3016 764 3163 818 sicut
3187 764 3452 820 columna
3495 763 3630 832 ista,

2022 855 2162 910 vade
2193 860 2254 910 et
2280 855 2559 909 ministra.
2591 853 2814 909 Sufficit
2840 853 2989 926 quod
3017 852 3201 908 levitis
3227 857 3285 908 et
3311 853 3629 908 sacerdoti-

2023 945 2131 1001 bus
2155 962 2257 1017 per
2279 945 2510 1016 Moysen
2527 943 2742 998 dictum
2767 948 2874 1011 est,
2897 947 2963 998 ut
2979 943 3189 997 mundo
3218 943 3386 997 corde
3416 948 3476 998 et
3507 959 3632 998 cor»

2028 1051 2184 1106 pore,
2215 1033 2458 1089 innoxiis
2485 1031 2746 1088 manibus
2775 1036 2832 1086 et
2858 1031 3192 1088 vestimento
3231 1032 3628 1101 mundissimo,

2027 1141 2129 1196 pro
2158 1123 2290 1178 filiis
2303 1123 2475 1179 Israel
2489 1122 2760 1178 offerrent
2777 1121 3068 1178 sacriﬁcia.
3092 1121 3253 1186 Quod
3275 1121 3370 1175 ille
3387 1121 3630 1177 audiens

2024 1214 2178 1268 ultra
2203 1213 2526 1268 nullatenus
2561 1210 2860 1284 acquievit.
2889 1211 2998 1266 Sed
3033 1227 3159 1265 cum
3189 1210 3433 1266 venisset
3450 1210 3510 1266 in
3536 1226 3628 1266 ec-

2021 1303 2268 1369 clesiam,
2292 1301 2740 1374 deprecabantur
2767 1317 2916 1367 eum,
2935 1303 3002 1355 ut
3027 1300 3077 1354 si
3101 1315 3216 1354 non
3245 1299 3619 1366 ministraret,

2019 1393 2106 1448 vel
2135 1392 2366 1447 calicem
2392 1395 2630 1446 teneret.
2667 1390 2774 1456 Qui
2817 1406 2931 1444 non
2959 1388 3254 1460 acquievit,
3303 1389 3496 1444 dicens
3519 1407 3534 1442 :
3557 1389 3624 1444 Si

2020 1481 2159 1536 mihi
2187 1482 2258 1536 de
2285 1481 2393 1536 hac
2429 1497 2492 1535 re
2531 1479 2776 1552 amplius
2812 1477 3046 1534 verbum
3079 1477 3343 1545 feceritis,
3395 1477 3624 1533 discedo

330 1567 450 1623 illi:
484 1569 569 1623 Tu
595 1567 703 1623 scis
735 1567 1015 1640 quomodo
1038 1566 1303 1638 loquaris.
1334 1567 1746 1638 AitApostolus
1770 1585 1782 1622 :
1810 1569 1938 1624 Noli
2021 1570 2182 1638 hinc;
2203 1575 2262 1626 et
2283 1571 2363 1625 sic
2381 1586 2510 1626 eum
2539 1569 2899 1624 dimiserunt.

331 1658 670 1713 contendere
716 1655 899 1712 verbis
935 1656 1016 1730 (II
1072 1657 1216 1710 Tim.
1246 1659 1328 1724 ιι).
1369 1657 1499 1712 Haec
1530 1656 1849 1723 observans,
1882 1663 1969 1730 et,
2090 1660 2144 1714 2.
2177 1659 2366 1715 Abbas
2392 1661 2550 1715 Isaac
2589 1659 2844 1726 audiens,
2880 1657 3012 1730 quia
3047 1656 3440 1730 presbyterum
3488 1673 3626 1712 eum

331 1747 717 1802 humilitatem
751 1729 1081 1818 possidebis,
1115 1750 1171 1800 et
1199 1745 1392 1800 odium
1434 1745 1658 1800 vitabis.
1705 1748 1849 1802 Nam
1891 1747 1938 1802 si
1954 1729 2000 1790 Β
2017 1748 2216 1804 Patres
2239 1749 2500 1806 volebant
2521 1749 2778 1804 facerein
2799 1729 3011 1820 Scythi,
3036 1747 3183 1818 fugit
3199 1729 3258 1802 in
3277 1745 3617 1818 Egyptum;

328 1836 596 1908 persistas
647 1835 1007 1900 contendens,
1057 1839 1115 1889 et
1160 1834 1242 1888 vis
1289 1835 1587 1890 defendere
1615 1852 1936 1892 sermonem
1974 1852 1982 1859 '
2018 1845 2076 1894 et
2112 1839 2398 1910 ingressus
2455 1839 2514 1893 in
2544 1854 2764 1910 agrum,
2804 1836 2976 1892 latuit
3006 1837 3155 1891 inter
3181 1835 3386 1890 herbas
3427 1837 3619 1904 (Itum,

327 1930 512 1992 tuum,
544 1925 798 1980 nascitur
844 1924 976 2010 inde
1005 1923 1354 1979 scandalum.
1407 1924 1756 1996 Frequenter
1795 1943 1930 1998 ergo
2017 1931 2112 1984 lib.
2147 1943 2231 1996 In,
2265 1945 2426 1985 num.
2459 1926 2572 1998 22).
2625 1927 2876 1997 Contigit
2908 1930 3099 1980 autem
3153 1930 3220 1980 ut
3265 1925 3477 1990 Patres,
3520 1925 3623 1996 qui

327 2015 464 2070 dum
485 2015 683 2070 laudas
715 2015 976 2080 alterum,
995 2014 1060 2068 fit
1087 2013 1259 2068 etiam
1281 2030 1346 2068 ex
1369 2013 1776 2084 justificatione
1803 2031 1933 2071 con-
2013 2017 2396 2088 sequebantur
2420 2033 2571 2082 eum,
2594 2015 2652 2070 in
2673 2015 2870 2070 eodem
2889 2031 3025 2086 agro
3045 2012 3462 2084 requiescerent
3477 2013 3619 2083 quia

331 2104 532 2159 tentio.
556 2105 637 2158 De
666 2119 998 2175 quacunque
1025 2108 1216 2158 autem
1246 2119 1325 2169 re,
1365 2103 1412 2158 si
1431 2104 1681 2174 graviter
1707 2111 1934 2162 conten-
2009 2108 2130 2178 jam
2155 2123 2263 2161 nox
2292 2110 2434 2172 erat,
2455 2111 2513 2161 et
2541 2105 2880 2160 dimiserunt
2907 2104 3150 2169 asinum,
3169 2108 3232 2158 ut
3260 2109 3620 2174 pasceretur.

327 2191 496 2260 deris,
521 2209 636 2248 non
659 2209 891 2265 parvam
913 2192 1254 2248 noxietatem
1275 2193 1504 2260 senties,
1521 2195 1742 2250 etnullo
1765 2195 1931 2250 modo
2014 2197 2115 2251 Ille
2144 2201 2335 2251 autem
2361 2194 2619 2268 pervenit
2646 2193 2926 2266 pascendo
2955 2194 3027 2248 ad
3057 2193 3240 2248 locum
3269 2191 3366 2246 ubi
3393 2190 3618 2247 latebat

325 2282 579 2354 requiem
600 2281 930 2354 possidebis.
945 2281 1116 2352 Magis
1131 2281 1296 2337 stude
1317 2282 1596 2338 custodire
1616 2283 1925 2351 silentium,
2013 2284 2186 2340 abbas
2212 2285 2388 2340 Isaac.
2421 2285 2492 2340 Et
2520 2300 2686 2342 mane
2709 2284 2875 2350 facto,
2909 2286 3224 2354 quaerentes
3251 2281 3500 2348 asinum,
3521 2280 3614 2336 in-

331 2377 390 2428 et
415 2371 484 2428 de
506 2372 661 2426 nullo
689 2388 810 2427 esse
839 2371 1132 2427 sollicitus.
1159 2371 1402 2426 Attende
1424 2372 1778 2428 meditationi
1791 2378 1922 2442 tuae,

328 2477 457 2517 cum
484 2461 692 2517 timore
720 2461 822 2516 Dei
853 2477 1159 2532 exsurgens
1190 2466 1312 2514 tam
1338 2477 1505 2515 mane
1531 2478 1706 2532 quam
1740 2479 1928 2536 vespe-

327 2569 412 2620 re,
439 2555 496 2607 et
517 2551 793 2624 impetum
817 2551 1178 2606 inimicorum
1206 2565 1321 2604 non
1358 2549 1604 2604 timebis.

400 2644 408 2652 ’
879 2639 1114 2694 CAPUT
1137 2639 1364 2696 XXXII.

929 2729 1004 2783 De
1057 2731 1300 2783 silentio.

393 2817 442 2876 1.
475 2818 683 2873 Beatus
709 2817 990 2873 Antonius
1017 2817 1294 2888 discipulo
1320 2833 1424 2872 suo
1455 2818 1672 2875 solebat
1687 2821 1874 2878 dicere
1900 2842 1912 2878 :

320 2907 380 2964 Si
407 2907 752 2963 afl’ectaveris
799 2906 1109 2972 silentium,
1137 2923 1208 2965 ne
1238 2906 1532 2962 arbitreris
1569 2914 1626 2964 te
1656 2927 1921 2969 exercere

317 2995 606 3064 virtutem,
639 2997 738 3052 sed
768 2997 1064 3067 indignum
1093 3001 1151 3051 te
1179 2997 1437 3068 proloqui
1465 2999 1752 3056 conﬁtere.

1937 3047 1982 3110 C

2012 2378 2288 2428 venerunt
2335 2379 2392 2429 et
2437 2389 2668 2441 senem;
2701 2377 2758 2428 et
2801 2370 2992 2426 mirati
3039 2375 3191 2426 sunt.
3225 2371 3370 2426 Cum
3415 2375 3613 2425 autem

2007 2464 2217 2519 vellent
2243 2480 2374 2518 eum
2401 2462 2598 2534 ligare,
2631 2461 2766 2516 dicit
2794 2461 2910 2517 eis:
2953 2463 3081 2516 Jam
3121 2476 3234 2515 non
3260 2459 3440 2531 fugio,
3475 2460 3615 2530 quia

2008 2553 2122 2608 scio
2150 2569 2218 2608 ex
2239 2553 2493 2624 jussione
2540 2551 2642 2608 Dei
2667 2567 2816 2620 esse;
2847 2556 2906 2606 et
2924 2565 3258 2623 quocunque
3283 2549 3501 2620 fugem,
3537 2549 3612 2604 ad

2007 2643 2112 2697 hoc
2139 2646 2510 2714 perventurus
2529 2657 2676 2697 sum.

2077 2729 2128 2789 3.
2152 2730 2340 2786 Abbas
2355 2731 2555 2786 Motois
2572 2730 2727 2785 venit
2741 2729 3044 2801 aliquando
3073 2729 3144 2783 de
3172 2727 3291 2783 loco
3322 2727 3420 2799 qui
3447 2743 3613 2782 voca-

2004 2823 2100 2874 tur
2129 2819 2350 2892 Ragita,
2383 2819 2440 2874 in
2470 2818 2724 2891 partibus
2751 2816 3038 2872 Gebilonis
3059 2817 3257 2886 (Ra/ﬂ,
3291 2819 3389 2872 lib.
3421 2831 3506 2884 III,
3543 2833 3606 2870 η.

2010 2908 2142 2977 188;
2177 2912 2384 2978 Pelag,,
2427 2911 2594 2964 li’bell.
2634 2925 2721 2976 xv,
2757 2923 2916 2962 num.
2947 2905 3056 2975 26).
3091 2907 3228 2962 Erat
3252 2912 3446 2961 autem
3472 2923 3612 2962 cum

2006 3014 2072 3052 eo
2099 2998 2272 3053 etiam
2289 2999 2597 3070 discipulus
2619 3000 2762 3070 ejus.
2784 2997 2994 3080 Videas
3007 3002 3198 3053 autem
3213 2997 3374 3052 illum
3391 2997 3611 3069 episco-

386 3084 442 3144 2.
477 3087 620 3142 Cum
653 3086 882 3158 quidam
905 3085 1082 3141 frater
1109 3085 1296 3140 abbati
1314 3086 1460 3142 Sisoi
1475 3087 1744 3142 dixisset:
1778 3090 1918 3146 Volo
1937 3084 1982 3110 υ
2004 3103 2108 3158 pus
2139 3087 2244 3142 loci
2283 3087 2455 3156 illius,
2505 3091 2710 3142 tenens'
2741 3103 2892 3152 eum,
2923 3087 3161 3142 invitum
3206 3085 3610 3159 presbyterum

316 3175 563 3231 animam
581 3192 768 3231 meam
789 3176 1026 3244 salvare,
1050 3175 1342 3247 respondit
1363 3194 1376 3230 :
1403 3176 1529 3240 Qua
1546 3177 1764 3234 ratione
1793 3195 1919 3250 pos-

315 3281 510 3322 sumus
537 3265 790 3320 animam
815 3269 1068 3320 nostram
1089 3265 1323 3330 salvare,
1349 3281 1480 3320 cum
1506 3265 1703 3338 lingua
1723 3273 1918 3324 nostra

259 3382 270 3398 κ
315 3359 512 3427 aperto
555 3355 700 3410 ostio
741 3371 889 3427 saepe
917 3353 1176 3426 prosiliat
1217 3354 1448 3427 (Pelag.,
1507 3357 1678 3411 libell.
1734 3371 1808 3426 χι,
1853 3375 1912 3414 η.

385 3532 438 3593 3.
487 3533 727 3600 Quidam
775 3533 952 3588 frater
1003 3533 1375 3604 interrogavit
1419 3549 1632 3602 senem,
1683 3533 1908 3591 dicens:

313 3623 616 3696 Usquequo
637 3623 976 3679 servandum
1002 3627 1090 3679 est
1109 3623 1416 3689 silentium,
1433 3623 1638 3677 Pater?
1667 3623 1914 3695 Respon-

311 3713 396 3768 dit
423 3729 626 3768 senex:
658 3713 962 3786 Usquequo
994 3711 1378 3782 interrogeris.
1403 3712 1469 3766 In
1487 3712 1640 3766 omni
1670 3712 1914 3768 enimlo-

311 3817 376 3856 co
405 3802 453 3856 si
479 3803 800 3857 taciturnus
851 3801 1048 3864 fueris,
1079 3801 1332 3872 requiem
1363 3800 1673 3872 possidebis
1718 3803 1906 3874 (Rulf.,

311 3891 409 3945 lib.
442 3903 525 3956 IIl,
557 3906 615 3944 η.
645 3889 794 3960 186).

382 3977 436 4034 4.
481 3977 636 4032 Dixit
663 3993 869 4032 senex:
913 3977 1301 4050 Peregrinatio
1339 3982 1427 4033 est
1451 3983 1638 4034 tacere
1685 3979 1908 4052 (Pelag.,

308 4068 478 4122 libell.
497 4081 573 4134 Iv,
601 4083 762 4122 num.
783 4067 869 4132 44,
889 4071 1114 4122 nomine
1143 4068 1363 4136 Sisoz's).
1495 4077 1498 4079 λ

378 4156 433 4211 5.
460 4156 614 4212 Dixit
634 4157 866 4229 quidam
884 4173 1086 4214 senex:
1113 4157 1498 4228 Peregrinatio
1529 4174 1652 4230 quae
1681 4163 1913 4231 propter

305 4247 487 4302 Deum
507 4247 591 4314 ﬁt,
624 4245 774 4302 bona
799 4252 902 4314 est,
947 4247 996 4302 si
1043 4246 1306 4302 habuerit
1329 4252 1386 4301 et
1415 4246 1738 4302 silentium:
1773 4265 1906 4304 nam

307 4335 515 4391 fiducia
541 4352 654 4392 non
683 4341 770 4392 est
795 4336 1175 4408 peregrinatio
1199 4337 1462 4405 (Append.
1485 4337 1678 4402 Mart,
1713 4353 1770 4390 η.
1799 4335 1905 4405 72).

1999 3175 2148 3230 fecit.
2174 3177 2243 3231 Et
2261 3177 2393 3232 dum
2426 3176 2640 3248 pariter
2656 3175 3034 3242 comederent,
3047 3175 3184 3230 dicit
3201 3175 3254 3230 ei
3269 3174 3600 3247 episcopus:

1997 3261 2234 3336 Indulge
2263 3265 2420 3331 mihi,
2454 3263 2630 3332 abba;
2663 3265 2779 3320 scio
2810 3264 2960 3320 enim
2988 3265 3122 3336 quia
3149 3263 3298 3318 hunc
3326 3265 3603 3318 honorem

1998 3353 2352 3420 nolebas,sed
2381 3370 2484 3425 ego
2513 3371 2548 3408 a
2568 3358 2625 3408 te
2645 3353 2899 3408 benedici
2917 3353 3267 3421 desiderans,
3289 3353 3396 3408 hoc
3415 3352 3607 3408 facere

1997 3443 2351 3515 praesumpsi.
2385 3443 2487 3499 Cui
2514 3459 2683 3498 senex
2732 3459 2832 3514 pro
2860 3442 3182 3498 humilitate
3212 3442 3321 3496 ait:
3375 3442 3447 3497 Et
3473 3458 3605 3497 mea

1996 3532 2260 3603 cogitatio
2282 3549 2484 3604 parum
2503 3531 2741 3598 volebat,
2757 3532 2855 3588 sed
2881 3533 2939 3586 in
2966 3533 3070 3587 hoc
3100 3531 3312 3598 laboro,
3349 3531 3488 3604 quia
3517 3531 3600 3586 di-

1993 3621 2106 3676 vidi
2120 3621 2300 3677 habeo
2319 3639 2354 3678 a
2369 3623 2542 3676 fratre
2554 3622 2649 3694 qui
2661 3638 2880 3676 mecum
2893 3627 3001 3688 est,
3013 3626 3071 3677 et
3084 3622 3236 3676 solus
3253 3638 3364 3676 non
3378 3620 3599 3676 sufﬁcio
3627 3650 3637 3656 -

1995 3711 2278 3766 orationes
2306 3728 2462 3766 meas
2489 3711 2744 3783 implere.
2778 3711 3044 3783 Dixitque
3086 3711 3138 3766 ei
3160 3713 3497 3783 episcopus:
3532 3711 3593 3766 Si

1995 3801 2104 3856 scis
2131 3817 2258 3856 eum
2279 3801 2534 3872 dignum,
2563 3798 2833 3856 ordinabo
2854 3807 2912 3856 et
2931 3817 3034 3872 ego
3073 3800 3253 3855 illum.
3283 3799 3600 3872 Respondit

1994 3888 2166 3946 abbas
2195 3891 2428 3946 Motois:
2461 3891 2520 3946 Si
2549 3889 2776 3962 quidem
2802 3890 3008 3962 dignus
3035 3889 3126 3956 sit,
3159 3888 3344 3944 nescio
3372 3908 3386 3957 ;
3413 3904 3597 3944 unum

1993 3984 2186 4036 tamen
2208 3979 2340 4047 scio,
2372 3980 2506 4052 quia
2533 3979 2736 4034 melior
2763 3984 2850 4035 est
2873 3996 2984 4034 me.
3001 3979 3296 4035 Ordinavit
3323 3984 3516 4034 autem
3538 3984 3598 4034 et

1993 4069 2173 4124 illum.
2204 4069 2452 4142 Uterque
2478 4075 2670 4124 tamen
2698 4069 2777 4124 ita
2827 4073 3264 4141 permanserunt
3309 4084 3493 4140 usque
3521 4067 3597 4123 ad

1993 4159 2162 4214 ﬁnem
2187 4175 2372 4226 suum,
2401 4165 2466 4214 ut
2491 4159 2562 4213 ad
2589 4159 2785 4225 altare,
2831 4164 3104 4230 quantum
3144 4157 3216 4212 ad
3247 4156 3595 4212 oblationem

1989 4249 2340 4315 sacrandam,
2374 4265 2664 4320 nunquam
2700 4248 3052 4304 accederent.
3087 4248 3245 4303 Unde
3261 4245 3490 4302 dicebat
3509 4265 3598 4302 so-

1991 4353 2122 4392 nex:
2153 4338 2385 4393 Confido
2405 4339 2464 4392 in
2479 4338 2657 4392 Deum
2680 4354 2868 4393 meum
2889 4337 3023 4408 quia
3040 4353 3153 4392 non
3173 4335 3354 4391 habeo
3373 4336 3594 4406 grande

377 4429 434 4482 6.
457 4425 644 4482 Abbas
664 4425 936 4480 Arsenius
961 4425 1178 4480 solebat
1204 4425 1390 4480 dicere
1410 4443 1422 4479 :
1447 4425 1784 4496 Peregrinus
1797 4441 1912 4480 mo-
1923 4451 1973 4511 D
1984 4427 2261 4498 judicium
2271 4433 2500 4500 propter
2511 4427 2923 4483 ordinationem
2934 4427 3097 4494 hanc,
3105 4427 3236 4498 quia
3248 4425 3593 4481 oblationem

305 4516 520 4573 nachus
547 4517 606 4571 in
635 4515 820 4570 aliena
848 4519 1002 4570 terra
1029 4515 1239 4570 nullius
1258 4529 1441 4570 causae
1459 4515 1736 4570 mediator
1755 4531 1908 4570 acce-

303 4607 420 4673 dat,
452 4611 511 4662 et
534 4605 780 4678 quietem
792 4605 1004 4678 poterit
1031 4604 1287 4676 adipisci.

375 4696 428 4752 7.
459 4695 646 4751 Abbas
673 4696 856 4767 Ampo
867 4693 1088 4750 dicebat
1112 4712 1124 4748 :
1147 4693 1304 4750 Sicut
1320 4693 1441 4766 apis
1455 4710 1790 4766 quocunque
1815 4713 1907 4751 va-

305 4783 526 4852 dit,mel
544 4790 838 4858 operatur;
861 4784 942 4840 ita
961 4788 1018 4838 et
1028 4783 1336 4838 monachus
1352 4800 1686 4854 quocunque
1700 4785 1901 4856 pergit,

305 4873 356 4928 si
380 4879 609 4946 propter
634 4891 774 4946 opus
788 4873 892 4930 Dei
910 4873 1240 4946 perrexerit,
1261 4873 1616 4928 dulcedinem
1631 4873 1908 4930 bonorum

307 4965 537 5018 actuum
557 4969 744 5036 potest
761 4964 960 5034 afferre
988 4963 1174 5031 (Ra/7i,
1209 4963 1306 5021 lib.
1331 4977 1416 5030 ιιι,
1453 4979 1510 5018 η.
1549 4960 1690 5034 139).

847 5053 1082 5109 CAPUT
1118 5053 1374 5108 XXXIII.

597 5143 670 5196 De
711 5145 973 5212 fugiendo
1000 5145 1293 5198 clericatus
1335 5143 1618 5198 honorem.

387 5229 436 5288 1.
460 5229 646 5287 Abbas
660 5232 1004 5300 Theodorus,
1028 5249 1156 5287 cum
1181 5237 1331 5288 esset
1349 5232 1408 5286 in
1425 5233 1618 5305 Scythi
1638 5232 1909 5289 diaconus

318 5319 629 5388 ordinatus,
659 5321 984 5376 nullatenus
1008 5337 1342 5394 permanere
1366 5321 1774 5394 acquiescebat,
1808 5323 1908 5378 sed

313 5411 510 5466 multis
537 5410 674 5466 locis
720 5409 986 5481 fugiebat.
1039 5413 1108 5466 Et
1133 5413 1341 5468 iterum
1369 5429 1532 5468 senes
1561 5412 1907 5470 reducebant

315 5517 465 5569 eum,
496 5500 746 5556 dicentes
766 5517 778 5553 :
797 5500 880 5556 Ne
903 5499 1260 5572 derelinquas
1286 5502 1473 5558 locum
1485 5507 1670 5558 tuum.
1693 5503 1908 5568 Quibus

316 5589 411 5646 ille
431 5589 536 5648 ait:
556 5590 878 5648 Permittite
907 5605 999 5646 me
1025 5590 1314 5663 deprecari
1332 5592 1532 5662 Deum,
1564 5592 1611 5648 si
1638 5609 1729 5650 me
1747 5592 1910 5666 jubet

1990 4517 2190 4572 offerre
2225 4533 2338 4572 non
2368 4517 2698 4588 praesumpsi
2725 4536 2736 4583 ;
2770 4533 2904 4572 nam
2933 4516 3215 4571 ordinatio
3244 4515 3473 4570 illorum
3503 4520 3595 4570 est

1989 4607 2086 4678 qui
2107 4607 2230 4661 sine
2257 4606 2422 4678 culpa
2449 4611 2598 4675 sunt,
2613 4606 2754 4678 justi
2779 4610 2839 4662 et
2862 4605 3237 4661 immaculati:
3267 4621 3374 4677 ego
3396 4609 3594 4660 autem

1989 4712 2080 4750 me
2109 4695 2251 4750 bene
2279 4711 2570 4766 cognosco.

2519 4785 2751 4842 CAPUT
2804 4785 3050 4841 XXXIV.

2095 4875 2170 4929 De
2197 4890 2404 4942 eremo;
2437 4879 2488 4928 et
2515 4891 2688 4944 quare
2711 4876 2982 4944 fugerunt
3002 4878 3064 4930 in
3094 4875 3476 4930 solitudinem.

2066 4961 2114 5020 1.
2147 4962 2334 5018 Abbas
2355 4964 2630 5020 Arsenius
2647 4964 2718 5020 ab
2739 4964 2940 5020 abbate
2965 4965 3152 5020 Marco
3180 4963 3489 5036 requisitus
3503 4967 3598 5018 est

1989 5052 2293 5125 aliquando
2312 5065 2423 5109 cur
2441 5054 2662 5125 fugeret
2681 5053 2936 5110 homines
2951 5057 3174 5123 (Pelag.,
3207 5057 3392 5119 l.xvn,
3419 5069 3479 5106 η.
3508 5054 3592 5124 5).

1991 5143 2067 5196 At
2082 5143 2175 5197 ille
2192 5143 2513 5214 respondit:
2541 5143 2660 5198 Scit
2683 5145 2832 5199 Deus
2855 5144 2989 5215 quia
3001 5143 3176 5214 diligo
3195 5142 3472 5208 homines,
3490 5143 3596 5198 sed

1992 5249 2121 5286 cum
2143 5233 2259 5288 Deo
2289 5233 2501 5305 pariter
2529 5238 2587 5288 et
2605 5232 2928 5289 hominibus
2955 5250 3078 5289 esse
3095 5249 3208 5288 non
3226 5249 3456 5305 possum
3465 5233 3600 5291 ,διι-

1992 5339 2178 5394 pernae
2199 5322 2351 5378 enim
2369 5323 2760 5378 multitudines
2789 5340 2855 5378 ac
2881 5325 3116 5378 virtutes
3141 5322 3313 5378 unius
3342 5327 3480 5377 sunt
3504 5340 3599 5378 vo-

1990 5411 2224 5467 luntatis
2248 5431 2260 5466 :
2285 5412 2542 5468 homines
2566 5429 2692 5468 vero
2718 5418 2774 5467 et
2795 5413 3003 5466 multas
3021 5409 3230 5466 habent
3252 5411 3596 5474 voluntates,

1991 5505 2048 5556 et
2073 5501 2258 5557 varias
2279 5521 2292 5570 ;
2318 5507 2374 5556 et
2385 5501 2455 5557 ob
2479 5501 2583 5556 hoc
2604 5502 2786 5557 Deum
2805 5501 3146 5574 relinquere,
3167 5507 3227 5556 et
3245 5517 3376 5556 cum
3409 5500 3600 5556 homi-

1992 5590 2160 5648 nibus
2187 5608 2312 5649 esse
2339 5607 2454 5650 non
2472 5607 2719 5666 possum,
