3964 6206
314 306 450 366 1053

1617 306 1855 361 VERBA
1895 305 2285 362 SENIORUM.

3454 295 3591 355 1054

375 431 429 489 2.
461 430 701 496 Quidam
723 428 924 484 fratres
951 429 1086 484 dum
1114 428 1293 484 linum
1324 443 1391 483 ex
1410 425 1696 483 Thebaida
1716 432 1974 500 perge-A
2062 429 2115 484 2.
2148 430 2300 485 Dixit
2325 443 2492 484 senex
2524 446 2535 482 :
2572 425 2857 497 Injuriari,
2877 429 2976 480 aut
3003 422 3248 488 mentiri,
3274 425 3374 477 aut
3396 422 3594 493 perju-

305 526 430 576 rent
458 537 806 591 comparare,
834 519 1093 573 dixerunt
1129 537 1140 572 :
1172 520 1280 572 Per
1305 518 1653 572 occasionem
1683 518 1910 573 beatum

302 609 602 664 Arsenium
634 609 921 663 videamus
942 610 1128 676 (Ra/7.,
1159 609 1253 661 tib.
1288 622 1363 673 In,
1391 624 1545 661 num.
1583 605 1721 676 192).
1752 608 1911 672 Quod

309 714 436 753 cum
465 696 663 752 Daniel
682 696 990 768 discipulus
1005 697 1127 765 ejus
1150 697 1198 750 ei
1221 696 1553 761 nuntiasset,
1569 697 1833 767 praecepit
1849 703 1912 751 ut

309 804 408 858 pro
436 803 549 857 qua
569 802 737 840 causa
765 785 879 840 illic
899 785 1258 840 advenissent
1281 785 1350 838 de
1371 785 1709 839 Alexandria
1732 786 1804 840 ab
1831 786 1910 840 eis

306 876 636 947 inquireret.
670 876 809 929 Cum
823 891 956 946 ergo
986 875 1301 930 nuntiasset
1320 875 1466 945 quod
1490 874 1911 946 propterlinum

306 971 605 1036 pergerent
631 965 1089 1035 comparandum,
1109 965 1401 1035 respondit
1426 965 1694 1019 Arsenius
1723 983 1738 1020 ;
1767 966 1910 1034 Ergo

305 1054 505 1109 faciem
535 1069 721 1108 meam
755 1069 867 1106 non
901 1052 1183 1118 videbunt,
1218 1053 1350 1123 quia
1379 1069 1490 1107 non
1544 1060 1774 1124 propter
1797 1071 1906 1120 me,

1993 535 2139 584 rare,
2157 519 2403 572 alienum
2430 535 2464 571 a
2485 516 2706 571 Christo
2723 516 2942 572 est.Per
2961 514 3063 567 has
3093 516 3335 583 quatuor
3353 527 3442 564 res
3471 511 3593 566 ani-

1992 627 2086 663 ma
2115 609 2446 673 maculatur,
2470 607 2527 660 id
2555 611 2658 671 est,
2689 605 2736 658 si
2765 604 3070 657 amicitiam
3093 601 3216 672 quis
3247 593 3376 655 cum
3399 604 3595 672 poten-

1991 699 2140 754 tibus
2169 697 2448 762 habuerit,
2482 693 2944 766 concupiscentiis
2965 690 3281 746 carnalibus
3309 690 3541 744 studens
3575 708 3588 756 ;

1991 790 2077 843 vel
2106 789 2152 842 si
2185 789 2253 843 de
2272 787 2524 858 proximo
2547 802 2646 839 suo
2692 782 3085 837 detractaverit
3107 801 3120 848 ;
3141 786 3240 835 aut
3258 780 3305 834 si
3326 797 3427 850 per
3455 778 3590 832 civi-

1992 885 2167 933 tatem
2198 877 2510 940 ambulans,
2543 875 2730 929 oculos
2761 889 2890 926 suos
2920 888 3032 925 non
3062 869 3390 924 custodierit
3419 887 3432 936 ;
3461 873 3518 924 et
3536 867 3584 921 si

1994 985 2385 1040 quamcunque
2415 965 2676 1020 notitiam
2701 979 2829 1016 cum
2863 961 3097 1015 muliere
3121 959 3401 1014 habuerit.

2065 1057 2115 1111 3.
2136 1058 2343 1110 Beatus
2362 1053 2632 1109 Arsenius
2659 1049 3095 1120 referebatquod
3124 1065 3250 1102 cum
3271 1047 3330 1100 in
3361 1039 3590 1118 propria

307 1145 403 1200 sed
435 1149 663 1216 propter
691 1160 856 1198 suum
886 1159 1026 1214 Opus
1053 1143 1416 1198 advenerunt.
1443 1143 1596 1197 Vade
1624 1145 1834 1214 itaque,
1855 1149 1913 1197 et
1993 1147 2133 1201 cella
2153 1146 2441 1209 resideret,
2461 1160 2648 1198 vocem
2663 1140 2769 1195 sibi
2800 1139 3022 1194 audiret
3045 1138 3322 1192 dicentem
3340 1141 3403 1190 ut
3425 1152 3588 1205 egre-

303 1235 578 1308 susceptis
607 1236 688 1290 eis
719 1236 803 1290 fac
825 1234 1174 1305 obsequium,
1200 1251 1264 1289 ac
1291 1234 1511 1289 dimitte
1540 1252 1654 1302 eos,
1679 1236 1900 1290 dicens:

304 1325 449 1390 Quia
478 1341 644 1379 senex
671 1341 784 1379 non
803 1329 990 1395 potest
1015 1322 1170 1377 vobis
1195 1339 1504 1378 occurrere.

1989 1237 2218 1291 deretur
2242 1236 2389 1289 foras
2417 1239 2646 1306 propter
2671 1247 2842 1302 opera
2861 1244 3131 1282 manuum
3159 1224 3590 1296 contemplanda

1989 1328 2181 1394 (Ruff.,
2217 1327 2312 1380 lib.
2343 1342 2397 1390 ιι,
2420 1321 2661 1378 num.38
2687 1340 2699 1388 ;
2723 1323 2928 1386 Pelag.,
2963 1318 3306 1378 libetl.xvm,
3342 1331 3479 1368 num
3508 1311 3584 1380 ἓ).

372 1413 425 1467 3.
451 1413 638 1468 Αὺῦεε
656 1414 922 1467 Besarion
945 1414 1080 1466 dum
1093 1412 1480 1466 deambularet
1495 1430 1620 1467 cum
1635 1413 1905 1484 discipulo
1988 1416 2057 1471 Et
2085 1431 2358 1486 egressus,
2381 1413 2521 1468 vidit
2545 1411 2834 1466 hominem
2855 1407 3154 1479 quemdam
3181 1419 3386 1475 aquam
3403 1403 3471 1456 de
3489 1417 3590 1472 pu-

303 1517 406 1556 8110
430 1520 532 1574 per
559 1519 833 1565 eremum.
864 1507 1135 1556 venerunt
1151 1503 1219 1556 ad
1245 1503 1550 1573 quamdam
1582 1503 1904 1573 speluncam
1988 1511 2078 1560 teo
2101 1505 2474 1568 haurientem,
2499 1509 2666 1572 atque
2684 1500 2740 1554 in
2760 1515 2856 1552 vas
2885 1496 3227 1568 perforatum
3244 1493 3584 1556 mittentem,

304 1592 488 1659 (Ru/f.,
524 1594 618 1646 lib.
654 1606 738 1655 In,
786 1608 844 1645 η.
874 1591 1012 1658 194;
1045 1594 1274 1652 Joann.,
1303 1595 1398 1646 tib.
1435 1607 1516 1657 In,
1544 1607 1699 1645 num.
1731 1593 1801 1654 ll.
1838 1592 1906 1646 Et
1985 1587 3010 1666 etaquaegrediens,refundebaturin
3028 1581 3585 1656 puteum.Etiterum

303 1681 543 1750 ingressi
573 1681 669 1746 ibi,
702 1681 1039 1735 invenerunt
1066 1681 1300 1735 fratrem
1329 1681 1637 1747 sedentem,
1667 1686 1722 1735 et
1752 1681 1902 1735 funi-
1984 1701 2184 1755 parum
2239 1697 2586 1754 progressus,
2621 1678 2759 1732 vidit
2813 1675 3128 1746 [Ethiopem
3152 1690 3217 1726 ex
3264 1671 3432 1740 lignis
3461 1687 3494 1723 a
3524 1685 3585 1723 se

302 1771 494 1825 culum
533 1777 880 1842 operantem,
905 1770 999 1841 qui
1022 1787 1202 1841 neque
1231 1771 1551 1841 respexitin
1577 1787 1690 1836 eos,
1721 1787 1903 1841 neque

1996 1773 2218 1828 :oncisis
2248 1772 2526 1826 sarcinam
2555 1769 2870 1823 facientem.
2906 1765 3084 1829 Quam
3125 1779 3249 1817 cum
3289 1763 3579 1823 tentasset,

301 1859 566 1913 salutavit
594 1874 707 1924 eos,
732 1875 912 1928 neque
935 1858 1087 1912 aliud
1112 1859 1328 1912 locutus
1361 1863 1447 1912 est
1477 1859 1572 1912 eis.
1592 1859 1743 1912 Dixit
1771 1876 1902 1928 ergo
1986 1871 2041 1918 et
2066 1862 2476 1934 importabilem
2491 1859 2774 1921 sensisset,
2800 1855 2909 1909 alia
2939 1851 3312 1921 iterumligna
3337 1863 3585 1919 superea

299 1947 475 2001 abbas
495 1947 762 2002 Besarion
787 1948 858 2000 ad
888 1947 1223 2018 discipulum
1247 1964 1411 2001 suum
1447 1966 1457 2000 :
1485 1948 1696 2002 Eamus
1751 1948 1898 2012 hinc,
1985 1953 2285 2022 congessit.
2306 1951 2688 2020 Similiterque
2709 1952 2953 2025 tentans,
2979 1959 3108 1997 cum
3124 1957 3225 1995 nec
3246 1955 3468 1992 movere
3488 1953 3584 2008 po-

299 2037 433 2107 quia
463 2054 574 2091 non
605 2037 724 2090 vult
751 2037 840 2090 hic
869 2053 1036 2091 senex
1068 2037 1220 2106 loqui
1251 2036 1560 2091 nobiscum.
1585 2037 1651 2090 Et
1670 2036 1901 2108 profecti
1983 2043 2200 2108 tuisset,
2237 2048 2426 2096 tamen
2456 2039 2566 2094 alia
2593 2038 2798 2092 addere
2826 2036 2979 2105 ligna
2999 2049 3111 2086 non
3133 2029 3456 2084 destitit.Et
3482 2027 3584 2081 ite-

299 2130 431 2180 sunt
445 2126 514 2180 ad
529 2127 800 2180 Joannem
820 2125 1246 2180 abbatem.Cum
1259 2131 1449 2180 autem
1463 2132 1896 2199 reverterentur,
1982 2151 2108 2187 rum
2129 2147 2456 2204 progressus
2481 2128 2769 2191 Arsenius,
2803 2124 2942 2178 vidit
2961 2129 3090 2176 ante
3106 2125 3327 2192 portam
3345 2115 3585 2171 civitatis

300 2223 573 2271 venerunt
593 2217 663 2270 ad
688 2217 944 2270 “unde”!
969 2217 1311 2286 Speluncam»
1345 2221 1402 2269 et
1429 2216 1567 2270 diXit
1595 2215 1766 2271 abbas
1801 2217 1900 2269 Be-
1985 2224 2124 2277 duos
2141 2223 2377 2292 juvenes
2407 2220 2665 2274 sedentes
2680 2215 2738 2270 in
2751 2214 2909 2286 equis
2935 2232 2946 2266 :
2973 2211 3584 2283 quilignumtransver-

298 2305 515 2359 sarion:
545 2306 1154 2376 Ingrediamuriterum
1174 2307 1244 2360 ad
1263 2306 1410 2360 hunc
1424 2306 1673 2371 fratrem,
1695 2305 1741 2359 si
1759 2305 1900 2360 forte
1981 2329 2104 2367 sum
2138 2315 2447 2383 portantes,
2477 2306 2694 2378 ingredi
2721 2321 2834 2359 non
2875 2306 3134 2374 poterant
3151 2299 3454 2353 civitatem_
3487 2294 3582 2349 Li-

297 2395 386 2449 vel
407 2395 572 2448 modo
595 2395 932 2465 persuadeat
948 2396 1028 2448 illi
1049 2396 1289 2461 Deus,ut
1309 2397 1573 2466 loquatur
1589 2395 1897 2450 nobiscum.
1980 2382 2153 2473 grumi
2186 2401 2356 2464 enim,
2375 2399 2520 2470 quod
2543 2397 2612 2450 ab
2633 2396 2712 2450 eis
2730 2392 3077 2466 portabatur,
3107 2405 3220 2443 non
3249 2403 3345 2442 eos
3360 2382 3588 2456 permit-

299 2485 370 2538 Εἴ
394 2500 521 2538 Cum
543 2484 780 2553 ίηενεεεί
799 2484 1053 2550 Ῡυίδεθηίν
1074 2485 1409 2539 invenerunt
1431 2502 1558 2540 eum
1588 2490 1896 2539 mortuum.
1981 2492 2138 2547 tebat
2166 2491 2397 2555 intrare,
2423 2495 2481 2542 et
2500 2486 2656 2556 sequi
2687 2485 2770 2538 vel
2801 2481 3099 2536 humiliare
3115 2477 3278 2532 alteri
3307 2476 3453 2530 alter
3472 2488 3586 2528 non

297 2572 374 2627 Εἴ
396 2572 534 2626 ἀίιίί
579 2573 851 2644 ἀίεοίΡυῘο
895 2589 996 2626 δυο
1022 2593 1032 2625 ε
1061 2573 1222 2637 Venia
1256 2575 1448 2638 frater,
1501 2590 1900 2644 componamus
1983 2581 2221 2647 volebat,
2251 2585 2308 2633 et
2337 2579 2417 2632 ita
2432 2577 2566 2630 toris
2590 2575 2873 2629 civitatem
2903 2577 3140 2640 uterque
3168 2567 3583 2622 remanserunt.

297 2662 480 2727 illum,
513 2662 644 2732 quia
665 2667 894 2733 ΡΓοΡῐθΓ
931 2653 1058 2716 eum
1092 2661 1242 2716 Deus
1268 2663 1376 2716 huc
1418 2662 1731 2716 transmisit
1777 2679 1896 2716 I108-
1985 2671 2084 2724 Ille
2114 2667 2374 2738 vero,qui
2403 2667 2508 2720 hoc
2522 2669 2716 2719 sancto
2742 2659 2978 2716 Arsenio
3004 2658 3062 2712 in
3090 2655 3293 2728 spiritu
3322 2651 3586 2707 ostende-

299 2751 443 2806 Cum
473 2755 660 2805 autem
691 2751 994 2822 sepelirent
1012 2768 1163 2817 eum,
1193 2751 1527 2806 invenerunt
1544 2752 1677 2822 quia
1699 2752 1903 2805 mulier
1983 2759 2096 2823 bat,
2113 2758 2253 2812 dixit
2269 2757 2352 2810 ei:
2387 2756 2508 2820 Hic,
2534 2770 2698 2826 quem
2722 2751 2876 2823 prius
2901 2747 3083 2802 vidisti
3103 2761 3308 2816 aquam
3325 2743 3397 2797 de
3417 2745 3585 2812 puteo

299 2845 451 2895 esset
479 2859 490 2892 Σ
518 2846 574 2894 et
603 2840 866 2894 admirati
903 2847 1052 2906 sunt,
1107 2848 1164 2894 6t
1191 2841 1451 2896 dixerunt
1477 2859 1488 2894 ζ
1523 2841 1666 2905 Quia
1697 2857 1903 2910 magna
1984 2848 2230 2912 haurire,
2269 2852 2325 2899 et,
2353 2846 2421 2898 de
2446 2861 2573 2898 vase
2589 2842 2868 2914 perforato
2893 2853 3119 2893 rursum
3142 2836 3199 2889 in
3213 2837 3446 2906 puteum
3463 2829 3586 2884 fun-

300 2929 685 2984 misericordia
713 2930 936 2984 Domini
964 2935 1068 2994 est:
1094 2931 1226 3000 (lilia
1257 2936 1312 2984 et
1328 2930 1591 2984 muneres
1603 2930 1903 2984 εοὶιυϐῐίιῐι-
1984 2939 2134 3002 dere,
2168 2935 2476 2989 similitudo
2510 2940 2594 2986 est
2613 2930 2856 2985 hominis
2872 2926 3124 2982 facientis
3146 2925 3580 2993 eleemosynam,

297 3025 414 3082 tur.
449 3025 504 3073 et
532 3018 762 3074 Vincunt
792 3019 1086 3074 ἀωωοῐιίαο
1120 3020 1577 3090 Etgloriﬁcantes
1603 3020 1783 3074 Deum
1803 3019 1899 3091 qui
1932 3097 1956 3100 ι
1986 3028 2080 3100 qui
2100 3027 2309 3080 bonum
2339 3041 2479 3095 Opus
2499 3023 2757 3076 imitatur
2785 3018 3002 3072 efﬁcere
3035 3033 3045 3068 :
3082 3014 3179 3068 sed
3205 3013 3336 3084 quia
3379 3011 3438 3064 in
3457 3009 3585 3064 aliis

299 3113 389 3163 est
437 3113 718 3180 protector
763 3109 1034 3164 omnium.
1064 3109 1133 3163 ad
1165 3109 1390 3180 propria
1421 3109 1728 3176 redierunt,
1770 3097 1962 3162 nar-C
1985 3097 2247 3188 (boribus
2276 3131 2421 3185 εωρο
2451 3109 2751 3166 committit
2793 3107 3169 3178 iniquitatem,
3202 3105 3431 3174 propter
3466 3099 3584 3152 haec

297 3202 492 3252 rantes
521 3215 642 3270 quae
662 3198 938 3253 viderant.
1986 3187 2139 3260 mala
2166 3204 2302 3258 illud
2333 3219 2531 3274 parum
2563 3200 2694 3254 boni
2726 3215 2784 3253 se
2806 3195 3197 3266 coinquinans,
3253 3189 3455 3265 perdit.
3482 3187 3580 3243 Ille

859 3288 1092 3343 CAPUT
1120 3289 1343 3345 XXXV.
1987 3300 2194 3360 autem,
2227 3310 2394 3364 quem
2415 3290 2601 3344 vidisti
2624 3289 2778 3359 ligna
2801 3285 3186 3344 eoncidere,et
3201 3295 3430 3352 gravem
3459 3294 3580 3331 sar-

657 3379 782 3444 Quw
808 3379 879 3431 sit
912 3379 1254 3431 observantia
1285 3380 1541 3431 cremitm.

1996 3384 2168 3438 sinam
2194 3382 2495 3447 addidisse,
2529 3379 2821 3448 facerequc
2849 3374 3185 3446 graviorem,
3223 3371 3390 3423 homo
3420 3367 3580 3421 estin

374 3465 427 3520 1.
480 3464 667 3519 Abbas
697 3465 918 3538 Moyses
947 3467 1017 3520 ad
1065 3466 1343 3520 solitarios
1388 3466 1604 3521 solebat
1653 3467 1902 3538 proferre

298 3567 638 3619 sermonem,
662 3553 852 3608 dicens
881 3573 893 3608 :
915 3555 1168 3619 Quatuor
1195 3560 1328 3608 sunt
1354 3554 1684 3626 principalia
1709 3556 1902 3611 obser-

296 3641 500 3696 vantia
527 3643 823 3713 regularis,
857 3643 913 3698 id
950 3649 1052 3710 est,
1076 3645 1318 3709 tacendi,
1344 3645 1602 3699 servandi
1634 3647 1900 3702 mandata

297 3731 419 3797 Dei,
444 3732 778 3786 humiliandi
797 3734 1180 3805 semetipsum,
1197 3740 1253 3788 et
1273 3735 1534 3804 angustia
1555 3737 1900 3806 paupertatis

303 3822 490 3888 (Ra/li,
526 3823 621 3874 lib.
674 3835 754 3886 IlI,
802 3839 866 3876 η.
903 3820 1041 3893 196).
1081 3824 1216 3877 Tres
1273 3829 1460 3878 autem
1508 3825 1609 3878 has
1667 3826 1901 3881 virtutes

301 3909 470 3964 homo
487 3909 709 3965 difficile
731 3912 996 3982 possidet,
1027 3916 1092 3966 ut
1117 3929 1339 3984 semper
1366 3914 1573 3983 lugeat,
1601 3921 1656 3968 et
1683 3932 1904 3986 semper

299 4016 535 4054 suorum
550 4017 767 4055 memor
798 4001 874 4055 sit
900 4007 1276 4072 peccatorum,
1310 4007 1368 4056 et
1395 4003 1548 4057 omni
1576 4004 1715 4058 hora
1732 4010 1903 4075 ponat

298 4088 407 4142 sibi
446 4106 559 4161 prae
589 4090 762 4145 oculis
788 4097 1045 4144 mortem.

369 4176 426 4234 2.
461 4179 666 4233 Beatus
684 4180 962 4234 Antonius
995 4180 1208 4235 solebat
1231 4180 1416 4235 dicere
1440 4182 1663 4235 :Patres
1683 4181 1900 4253 antiqui

1984 3473 2228 3544 peccatis
2248 3471 2505 3544 plurimis
2535 3467 2890 3531 constitutus,
2919 3463 3016 3535 qui
3046 3466 3172 3533 post
3193 3456 3583 3531 paenitentiam

1985 3563 2137 3619 aliud
2167 3579 2336 3633 super
2372 3559 2612 3632 peccatis
2641 3557 2758 3612 suis
2785 3571 2927 3636 onus
2971 3554 3318 3623 augmentat.
3353 3547 3424 3602 Hi
3456 3562 3582 3599 vero

1985 3670 2142 3726 quos,
2166 3658 2481 3706 transverso
2501 3649 2656 3718 ligno
2685 3646 2978 3708 renitente,
2996 3641 3278 3696 civitatem
3295 3654 3407 3692 non
3422 3650 3584 3708 posse

1984 3737 2567 3813 ingrediconspexisti,
2586 3741 2720 3791 sunt
2739 3735 2832 3807 qui
2838 3736 3040 3805 jugum
3055 3728 3371 3784 miserabile
3390 3727 3584 3780 viden-

1983 3838 2078 3886 tur
2093 3833 2236 3886 ferre
2249 3828 2590 3901 superbiam,
2620 3829 2676 3880 et
2694 3824 2856 3879 alteri
2871 3840 2930 3878 se
2948 3821 3248 3876 humiliare
3259 3818 3581 3881 noluerunt,

1985 3929 2049 3976 ut
2078 3937 2177 3992 per
2206 3921 2309 3973 hoc
2339 3915 2640 3981 emendati,
2672 3915 2820 3968 viam
2852 3910 3058 3966 Christi
3082 3909 3357 3964 humilem
3380 3920 3583 3977 seque-

1983 4016 2181 4065 rentur
2214 4027 2226 4076 ;
2259 4015 2426 4078 atque
2447 4006 2571 4060 ideo
2601 4009 2757 4059 extra
2786 4017 3022 4073 regnum
3056 4000 3157 4055 Dei
3187 4004 3304 4054 tam
3324 3996 3382 4051 hi
3413 4009 3584 4067 quam

1985 4100 2065 4154 illi
2099 4100 2508 4153 remanserunt.

2051 4188 2105 4242 4.
2139 4185 2512 4256 Interrogavit
2538 4183 2712 4237 frater
2740 4180 3003 4236 abbatem
3043 4178 3308 4242 Sisoium,
3341 4175 3532 4230 dicens
3567 4193 3577 4227 :

296 4267 510 4338 θενεεεί
533 4274 666 4323 sunt
693 4269 750 4323 in
784 4271 1089 4335 desertum,
1121 4270 1296 4341 θίίΡεί
1323 4276 1504 4336 681
1545 4270 1666 4324 sani
1698 4272 1895 4336 effecti,
1982 4278 2226 4334 Dimissa
2257 4275 2495 4331 estmibi
2521 4273 2819 4327 haareditas
2839 4287 2874 4324 a
2901 4267 3226 4340 parentibus
3254 4265 3426 4330 meis;
3450 4262 3584 4333 quid

295 4356 430 4410 facti
459 4365 591 4411 sunt
619 4359 820 4412 medici
855 4377 865 4411 :
901 4365 958 4413 et
989 4360 1214 4426 reversi,
1250 4361 1390 4414 alios
1421 4366 1761 4414 sanaverunt
1787 4380 1800 4425 ;
1833 4377 1896 4414 ex

1996 4368 2182 4421 r‘aciam
2211 4366 2280 4420 de
2302 4365 2434 4419 illa?
2455 4361 2762 4433 Respondit
2780 4376 2946 4414 senex
2970 4377 2980 4411 :
3007 4358 3065 4412 Si
3082 4357 3294 4422 dixero,
3318 4355 3402 4408 Da
3426 4352 3582 4406 illam

293 4444 458 4500 nobis
495 4453 684 4501 autem
718 4448 763 4502 si
796 4465 961 4520 quem
983 4449 1173 4520 egredi
1201 4449 1497 4520 contigerit
1516 4450 1573 4503 in
1591 4450 1894 4517 desertum,
1922 4423 2038 4510 Din
2057 4455 2346 4510 ecclesiam
2362 4452 2595 4517 clericis,
2621 4451 2701 4504 illi
2725 4451 3024 4521 epulantur
3039 4447 3257 4518 exipsa.
3289 4444 3348 4499 Si
3365 4443 3577 4507 dixero,

293 4539 600 4606 antequam
630 4537 737 4608 ἱρδί
765 4554 1048 4601 sanemm‘.
1077 4554 1268 4592 curam
1293 4539 1418 4592 aliis
1446 4538 1776 4593 adhibemus
1801 4558 1813 4606 ;
1844 4545 1901 4593 et
1980 4547 2063 4600 Da
2091 4546 2244 4600 illam
2264 4541 2694 4613 consanguineis
2722 4540 2853 4606 tuis,
2885 4539 3096 4593 nullam
3112 4535 3343 4591 habebis
3370 4548 3582 4587 merce-

295 4624 599 4679 revertitur
625 4627 695 4680 ad
727 4644 828 4682 nos
855 4627 1156 4682 infirmitas
1202 4634 1415 4694 nostra,
1449 4633 1506 4682 et
1529 4629 1672 4682 ﬁunt
1699 4629 1901 4683 ultima
1981 4635 2127 4689 dem.
2147 4635 2204 4690 Si
2219 4651 2350 4704 ergo
2368 4633 2448 4686 vis
2466 4633 2700 4703 implere
2721 4630 3049 4684 mandatum
3066 4627 3336 4688 divinum,
3355 4623 3586 4678 dahanc

293 4720 492 4768 nostra
511 4716 703 4786 pejora
731 4717 1029 4788 prioribus,
1052 4723 1279 4788 propter
1296 4718 1443 4788 quod
1466 4718 1671 4772 dicitur
1699 4718 1858 4773 nobis
1881 4737 1892 4772 :

1996 4723 2322 4796 pauperibus
2345 4729 2401 4776 et
2428 4721 2636 4793 egenis,
2669 4726 2725 4774 et
2740 4719 3018 4791 perfectus
3032 4717 3143 4771 eris
3170 4716 3389 4785 (Pelag.,
3410 4713 3582 4767 libelt.

295 4803 343 4858 Ο
366 4803 599 4872 medice,
628 4805 782 4876 prius
803 4806 904 4860 tibi
921 4824 1112 4862 curam
1142 4807 1402 4878 impende
1425 4809 1602 4879 (Luca;
1621 4807 1717 4878 v1).
1982 4833 2038 4881 x,
2075 4831 2131 4870 η.
2164 4812 2248 4880 56,
2285 4816 2509 4867 nomine
2534 4813 2773 4865 Pastor-is
2806 4829 2822 4874 ;
2850 4809 3094 4877 Append.
3127 4807 3316 4870 gllart.,
3359 4819 3416 4857 η.
3445 4803 3519 4870 7).

853 4897 1086 4952 CAPUT
1113 4898 1360 4952 XXXVI.
2525 4901 2757 4955 CAPUT
2785 4899 3058 4953 XXXVII.

513 4989 620 5054 Qui
647 4989 760 5040 sint
797 4989 1005 5040 similes
1031 4990 1202 5040 unius
1235 4990 1426 5041 meriti
1459 4989 1683 5056 fratres.
1990 4997 2319 5064 Temperat-is
2363 4995 2638 5063 profectus
2716 4989 3183 5059 derelinquendus
3242 4991 3315 5041 cst
3360 4991 3585 5055 propter

373 5073 396 5132 1
410 5075 670 5140 .Quidam
683 5077 856 5131 frater
866 5076 1230 5147 interrogavit
1242 5077 1627 5132 Pimenionem
1642 5076 1901 5132 abbatem
2482 5098 2727 5136 amorem
2755 5081 3068 5134 charitatis.

293 5163 487 5218 dicens
522 5165 662 5230 =QUi
693 5171 825 5220 sunt
853 5165 1020 5220 unius
1038 5165 1223 5220 meriti
1237 5166 1438 5221 fratres
1460 5168 1690 5237 (Pelag.,
1727 5168 1899 5222 lzbell.
2064 5172 2109 5230 ι.
2145 5173 2328 5228 Abbas
2352 5173 2565 5228 Sisoius
2588 5171 2758 5226 dixit:
2788 5171 2928 5224 Cum
2953 5168 3179 5222 fuissem
3207 5166 3508 5238 aliquando
3527 5165 3585 5218 in

295 5271 352 5319 Χ,
409 5270 570 5310 nam.
631 5255 721 5324 52)
751 5255 1115 5327 ?Respondit
1163 5273 1331 5310 senex
1365 5275 1376 5309 :
1433 5257 1492 5311 Si
1538 5256 1749 5310 fuerint
1788 5262 1902 5310 tres
1986 5269 2251 5328 mercato,
2284 5269 2341 5317 et
2367 5262 2664 5334 sportellas
2682 5277 2835 5314 meas
2865 5258 3023 5313 fratri
3052 5257 3370 5320 venderem,
3395 5255 3586 5308 videns

293 5340 486 5409 simul,
513 5361 659 5399 unus
688 5346 916 5415 quidem
964 5345 1021 5398 in
1054 5347 1206 5399 omni
1235 5345 1402 5400 verbo
1429 5346 1515 5400 vel
1543 5363 1709 5418 opere
1741 5346 1902 5417 quie-
1987 5349 2117 5419 quia
2154 5348 2447 5402 iracundia
2474 5345 2897 5418 approximabat
2945 5344 3102 5409 mihi,
3123 5343 3310 5397 dimisi
3363 5339 3584 5394 vascula

296 5449 478 5498 scens,
511 5434 655 5489 alter
681 5441 870 5489 autem
892 5435 1185 5490 inﬁrmans
1201 5440 1257 5489 et
1279 5436 1492 5505 gratias
1509 5435 1907 5506 agens,tertius
1991 5456 2117 5494 mea
2147 5438 2368 5510 fugiens
2400 5438 2654 5505 (Appcnd.
2688 5438 2876 5502 Mart,
2917 5453 2973 5490 n.
3002 5435 3028 5488 1
3049 5435 3112 5502 ι).

294 5537 429 5576 vero
441 5539 566 5577 cum
582 5525 793 5578 munda
811 5525 1150 5580 conscientia
1182 5525 1290 5580 illis
1311 5525 1638 5597 obsequium
1665 5525 1898 5580 faciens:
2059 5527 2111 5583 2.
2141 5527 2292 5583 Dixit
2305 5525 2475 5579 abbas
2489 5525 2730 5578 Joannes
2755 5550 2766 5580 :
2783 5525 3155 5578 Ascenderam
3171 5516 3472 5591 aliquando
3486 5531 3585 5587 per

297 5612 356 5667 hi
395 5617 512 5669 tres
540 5613 708 5670 unius
734 5614 922 5670 meriti
963 5621 1114 5670 sunt.
1985 5617 2132 5674 viam
2157 5614 2331 5675 eremi
2357 5616 2416 5670 in
2436 5613 2647 5688 Scythi,
2677 5621 2873 5671 texens
2894 5615 3164 5686 plectam;
3186 5615 3245 5666 et
3271 5606 3456 5665 audivi
3482 5622 3574 5663 ca-
