3976 6186
349 309 494 371 1055
1494 312 1589 367 DE
1624 311 1814 368 VITIS
1852 310 2152 368 PATRUM
2189 313 2403 369 LIBER
2438 314 2561 369 VII.
3497 316 3641 375 1056

348 439 649 512 melarium
682 439 1001 511 loquentem
1058 454 1347 494 sermones
1400 454 1589 505 vanos,
1616 443 1674 493 et
1701 454 1772 492 ne
1803 437 2010 497 forteA
2028 441 2152 492 tum
2190 444 2414 511 tempus
2454 438 2619 494 debet
2640 439 2807 493 homo
2837 456 2871 493 a
2899 455 2959 493 se
2989 438 3315 496 abscindere
3344 443 3642 513 passiones

349 527 641 595 irascerer,
677 528 862 583 dimisi
892 529 1132 599 plectam
1163 545 1367 596 meam,
1416 534 1475 583 et
1499 528 1617 599 fugi
1679 527 1951 599 (Append.
2040 530 2297 598 (Append.
2325 531 2510 594 Mart,
2545 546 2604 583 π.
2636 527 3092 600 ‘23)?Respondit
3117 547 3129 583 :
3164 530 3444 602 Scriptum
3464 538 3553 587 est
3583 533 3645 588 in

352 618 544 683 Hart,
579 635 636 672 η.
663 617 784 685 1'2).
2038 618 2337 688 Evangelio
2361 636 2372 670 :
2394 618 2538 683 Quia
2566 623 2883 690 peccatores
2904 619 3054 673 Deus
3068 635 3179 673 non
3203 621 3390 688 audit;
3415 622 3516 675 sed
3545 622 3645 693 qui

429 703 481 763 3.
506 706 878 776 Interrogavit
893 705 1068 760 frater
1088 706 1347 761 abbatem
1370 707 1706 771 Pimenium,
1730 707 1948 761 dicens:
2037 707 2220 760 cultor
2248 708 2349 761 Dei
2380 714 2485 775 est,
2531 713 2585 762 et
2628 708 2972 763 voluntatem
3006 709 3129 779 ejus
3156 708 3288 763 facit
3321 696 3497 778 (Joan.
3540 715 3641 779 Ix).

355 794 499 859 Quid
522 800 607 850 est
636 796 784 866 quod
817 796 1091 850 Dominus
1128 797 1294 850 dixit:
1325 798 1594 867 Majorem
1622 796 1954 850 charitatem
2038 796 2169 850 Ideo
2199 813 2327 850 cum
2364 797 2579 851 venerit
2622 797 2991 868 impugnatio,
3024 796 3248 852 abscide
3298 798 3474 866 illam,
3504 800 3647 870 quia

354 899 523 938 nemo
547 884 734 952 habet,
767 901 934 956 quam
954 890 1019 939 ut
1038 885 1281 940 animam
1310 903 1469 940 suam
1496 891 1672 957 ponat
1700 886 1823 956 quis
1853 903 1953 957 pro
2035 885 2250 955 fragilis
2286 892 2372 940 est
2389 886 2579 941 anima
2611 904 2623 953 ;
2648 892 2778 940 ante
2825 890 3078 941 armetur
3123 903 3295 958 quam
3316 904 3351 941 a
3393 889 3643 960 peccatis

356 972 555 1028 amicis
571 974 686 1028 suis
707 974 905 1041 (Joan.,
930 973 1028 1044 xv)
1056 974 1369 1045 ?quomodo
1387 976 1492 1029 hoc
1521 975 1687 1029 facit?
1709 975 1955 1046 Respon—
2035 975 2381 1046 inquinetur.

356 1061 442 1116 dit
465 1079 671 1117 senex:
705 1063 763 1117 Si
794 1063 919 1134 quis
949 1063 1109 1117 audit
1129 1063 1361 1117 verbum
1392 1065 1603 1118 malum
1632 1082 1667 1117 a
1698 1065 1951 1136 proximo
2105 1062 2158 1117 ‘2.
2188 1063 2461 1118 Abbatem
2492 1064 2808 1119 Pimenium
2852 1065 3220 1136 interrogavit
3246 1066 3421 1120 frater
3451 1084 3462 1120 :
3490 1067 3645 1131 Quid

357 1167 480 1217 suo,
503 1156 562 1205 et
578 1152 714 1206 dum
732 1152 910 1223 possit
928 1152 1132 1207 similia
1145 1154 1501 1223 respondere,
1527 1161 1739 1225 pugnat
1760 1161 1950 1208 tamen
2032 1152 2253 1218 faciam,
2291 1154 2424 1225 quia
2442 1152 2780 1208 conturbant
2819 1171 2910 1208 me
2958 1154 3323 1225 cogitationes
3346 1156 3642 1211 sedentem

355 1237 417 1293 in
433 1240 600 1294 corde
616 1257 716 1295 suo
741 1245 967 1311 portare
991 1240 1260 1306 laborem,
1297 1246 1354 1295 et
1381 1242 1493 1295 vim
1523 1242 1627 1296 sibi
1662 1242 1813 1306 facit,
1884 1258 1954 1296 ne
2037 1242 2095 1296 in
2124 1243 2266 1297 cella
2292 1242 2316 1296 ?
2344 1243 2655 1314 Respondit
2685 1261 2699 1299 :
2734 1243 3030 1297 Neminem
3080 1244 3373 1316 despicias,
3416 1246 3642 1300 nullum

353 1330 695 1400 respondeat
707 1332 936 1396 malum,
953 1336 1019 1384 ut
1041 1331 1333 1385 contristet
1351 1331 1509 1385 illum
1530 1331 1663 1399 ;iste
1683 1331 1811 1385 talis
1829 1332 1954 1385 ani-
2037 1332 2329 1403 dijudices,
2362 1332 2431 1386 de
2448 1332 2601 1386 nullo
2617 1333 2762 1386 male
2793 1333 3044 1403 loquaris
3066 1351 3079 1399 ;
3111 1339 3170 1387 et
3187 1334 3336 1387 Deus
3363 1333 3521 1388 dabit
3540 1334 3649 1389 tibi

359 1434 513 1472 mam
535 1435 694 1472 suam
709 1419 981 1491 ponitpro
996 1419 1173 1474 amico
1189 1436 1290 1474 suo
1306 1422 1490 1488 (Rulli,
1518 1422 1613 1474 lib.
1645 1434 1729 1484 In,
1746 1436 1801 1474 η.
1826 1419 1953 1476 201.
2038 1422 2313 1493 requiem,
2346 1428 2404 1475 et
2427 1426 2639 1476 statuet
2667 1421 2974 1476 sessionem
2997 1427 3155 1476 tuam
3184 1423 3307 1477 sine
3337 1423 3647 1479 conturba-

330 1508 563 1587 ⁸Ριειαςλ,
598 1509 767 1562 libelt.
800 1522 1109 1571 xvn,num.
1147 1506 1243 1575 10;
1267 1510 1509 1577 Append.
1539 1510 1729 1574 Mart,
1765 1508 1953 1578 11.14).
2040 1512 2193 1566 tione
2225 1512 2408 1578 (Ra/Ii,
2430 1513 2524 1565 lib.
2556 1526 2637 1571 ιιι.
2681 1527 2739 1564 n.
2770 1508 2905 1577 100;
2938 1513 3140 1579 Pelag.,
3168 1514 3339 1567 libelt.
3373 1526 3447 1576 Ix,
3476 1530 3534 1567 η.
3566 1513 3644 1570 8:

430 1595 483 1652 4.
510 1594 696 1650 Abbas
740 1596 1016 1650 Macarius
1041 1596 1213 1651 dixit:
1249 1597 1306 1651 Si
1336 1596 1750 1650 reminiscimur
1779 1596 1957 1650 malo-
2040 1602 2285 1670 Append.
2309 1602 2499 1667 Mart,
2535 1617 2592 1654 n.
2625 1597 2727 1667 39).
2780 1599 3103 1654 Custodiam
3133 1600 3284 1654 enim
3330 1602 3644 1669 seniorum,

356 1698 485 1738 rum
507 1701 628 1755 quae
649 1683 719 1739 ab
747 1685 1068 1740 hominibus
1081 1686 1347 1757 patimur,
1365 1686 1650 1757 perdimus
1676 1686 1961 1739 memoriae
2044 1694 2101 1743 et
2130 1688 2376 1760 quietem
2414 1688 2662 1759 ipsorum
2692 1688 3003 1743 considera.
3036 1688 3301 1745 Meditare
3331 1689 3389 1743 in
3437 1690 3649 1745 divinis

354 1772 641 1828 Virtutem.
674 1775 817 1829 Item
837 1774 977 1830 dixit
1008 1793 1019 1827 :
1058 1775 1115 1829 Si
1137 1780 1326 1830 autem
1357 1775 1655 1829 recolimus
1679 1776 1955 1829 malorum
1972 1777 2020 1836 B
2042 1778 2261 1844 ofﬁciis,
2288 1782 2346 1832 et
2373 1778 2516 1831 scias
2546 1777 2713 1831 horas
2743 1777 3039 1831 canonicas
3051 1777 3141 1831 die
3167 1794 3233 1832 ac
3246 1783 3429 1833 nocte.
3452 1779 3650 1833 Timor

358 1878 481 1933 qua
494 1863 657 1918 nobis
673 1864 1961 1935 ajdzemonibusmittuntur,sineperturbatione
2044 1866 2269 1922 Domini
2301 1883 2413 1920 non
2443 1866 2695 1921 discedat
2724 1883 2759 1920 a
2777 1866 2943 1921 corde
2968 1872 3065 1920 tuo
3089 1884 3100 1919 :
3128 1872 3185 1920 et
3211 1883 3325 1921 non
3356 1867 3646 1937 glorieris,

356 1951 587 2017 erimus,
628 1953 867 2007 scientes
889 1954 1036 2026 quod
1069 1954 1140 2007 ab
1170 1954 1333 2008 initio
1364 1953 1512 2007 bona
1538 1954 1688 2008 Deus
1717 1953 1944 2020 creavit,
2044 1973 2226 2027 neque
2255 1961 2311 2010 te
2340 1956 2585 2010 aestimes
2627 1972 2755 2009 cum
2798 1955 2968 2026 justis
2989 1996 3002 2022 ,
3036 1960 3092 2009 et
3122 1972 3188 2009 ex
3242 1956 3399 2010 omni
3435 1956 3651 2011 virtute

356 2039 614 2095 diabolus
642 2058 771 2096 vero
802 2042 954 2096 mala
982 2043 1466 2114 superseminavit.
1505 2044 1586 2097 En
1618 2048 1750 2097 sunt
1774 2044 1962 2115 perdi-

359 2128 1291 2200 tionesinnumeraelPelag.,libelt.
1317 2151 1374 2199 x,
1398 2149 1557 2187 num.
1593 2130 1680 2197 34;
1713 2132 1956 2201 Append.

356 2223 623 2290 Mart.,n.
658 2224 766 2290 15).
793 2225 861 2279 Et
875 2225 1111 2289 addidit,
1143 2226 1333 2281 dicens
1356 2227 1659 2297 :Culpaest
1678 2227 1956 2287 monachi,

356 2313 406 2368 si
424 2312 635 2368 lsesusa
652 2313 1158 2385 fratribus,primus
1173 2315 1232 2369 in
1253 2315 1526 2369 charitate
1546 2320 1784 2387 purgato
1795 2316 1960 2371 corde

360 2417 474 2455 non
505 2402 749 2456 occurrit
764 2403 1152 2470 (Joan.,libell.
1178 2418 1217 2470 ι,
1249 2421 1305 2457 n.
1328 2405 1357 2457 7
1384 2423 1395 2471 ;
1418 2405 1659 2472 Append.
1685 2406 1875 2470 Mart,
1897 2422 1953 2459 η.

354 2489 467 2561 16).
491 2491 637 2544 Nam
652 2491 962 2545 Sunamitis
982 2508 1095 2546 non
1115 2492 1415 2547 meruisset
1432 2492 1680 2563 recipere
1700 2493 1957 2548 Elisazum

320 2608 329 2615 σ
358 2579 693 2651 prophetam
718 2579 777 2633 in
790 2580 1019 2634 domum
1042 2597 1223 2647 suam,
1240 2581 1349 2635 nisi
1379 2581 1512 2652 quia
1530 2598 1657 2635 cum
1668 2582 1823 2636 nullo
1847 2582 1956 2637 alio

359 2668 813 2725 habuitcausam.
830 2670 1138 2725 Sunamitis
1155 2670 1306 2724 enim
1317 2670 1375 2724 in
1389 2687 1627 2742 persona
1637 2675 1724 2725 est
1732 2671 1953 2739 animae,

360 2758 591 2813 Elisaeus
609 2776 740 2814 vero
756 2759 813 2813 in
830 2776 1068 2831 persona
1081 2760 1324 2831 Spiritus
1342 2760 1520 2814 sancti
1539 2766 1731 2827 σθω
1751 2763 1957 2832 figura-

358 2851 452 2902 tus
476 2865 489 2915 ;
518 2847 650 2919 quia
672 2849 781 2903 nisi
802 2865 944 2920 pura
963 2850 1038 2903 sit
1050 2849 1256 2915 anima,
1280 2866 1392 2904 non
1415 2850 1956 2922 meretursuscipere

2042 2050 2143 2100 tua
2164 2045 2402 2110 custodi,
2428 2050 2494 2099 ut
2517 2060 2629 2099 non
2659 2044 2828 2098 facias
2848 2044 3135 2115 propriam
3156 2044 3522 2099 voluntatem.

2115 2134 2169 2189 3.
2202 2135 2356 2190 Idem
2386 2133 2527 2189 dixit
2553 2152 2564 2187 :
2604 2134 2759 2188 Sicut
2785 2134 2851 2188 ad
2884 2150 3209 2188 succensam
3239 2134 3408 2188 ollam
3439 2151 3650 2191 musca

2042 2240 2155 2279 non
2184 2223 2639 2295 appr0pinquant
2670 2241 2684 2291 ;
2714 2222 2761 2277 si
2787 2239 2916 2276 vero
2945 2223 3133 2295 tepida
3164 2222 3351 2289 fuerit,
3388 2223 3653 2278 insidunt

2042 2313 2102 2367 in
2128 2330 2272 2379 eam,
2301 2318 2358 2367 et
2386 2313 2599 2367 faciunt
2612 2329 2857 2379 vermes;
2885 2312 2966 2366 ita
2979 2318 3032 2367 et
3047 2313 3385 2367 monachum
3414 2329 3651 2367 succen-

2040 2419 2166 2457 sum
2179 2403 2309 2473 igne
2329 2402 2501 2456 divini
2523 2402 2785 2473 Spiritus,
2813 2401 3094 2456 dzemones
3107 2401 3361 2472 fugiunt;
3385 2402 3647 2473 tepidum

2039 2508 2169 2547 vero
2197 2491 2443 2545 illudunt
2462 2496 2521 2545 et
2542 2491 2919 2562 insequuntur
2949 2492 3130 2561 {lin/li,
3165 2493 3261 2546 lib.
3292 2505 3445 2559 m,n.
3475 2490 3645 2559 204);

2039 2582 2280 2651 Append.
2313 2582 2503 2646 Mart,
2534 2597 2590 2634 η.
2626 2578 2739 2651 42).

2651 2669 2885 2724 CAPUT
2911 2669 3025 2724 XL.

2536 2759 2682 2812 Unde
2717 2761 2857 2812 vitia
2886 2761 3176 2811 oriuntur.

2112 2851 2164 2902 l.
2196 2848 2462 2903 Sanctum
2478 2847 2785 2901 Antonium
2802 2847 3313 2919 requisivitfrater:
3346 2847 3646 2912 Quomodo

360 2936 633 3007 Spiritum
661 2937 785 2992 Dei.
809 2938 895 2992 Ita
924 2938 1009 2992 ira
1027 2939 1339 2994 inveterata
1359 2945 1594 2994 excaecat
1620 2940 1808 2994 oculos
1836 2956 1955 2994 cor-
2030 2937 2185 2994 Deus
2214 2936 2559 3008 repromittit
2571 2935 2720 2991 bona
2738 2937 2939 2992 animae
2964 2954 3065 3009 per
3085 2936 3476 2992 assiduitatem
3496 2936 3650 2992 Scri-

355 3024 461 3092 dis,
494 3030 552 3079 ct
577 3026 825 3081 animam
854 3028 1097 3083 excludit
1123 3027 1193 3082 ab
1217 3028 1487 3083 oratione.

884 3118 1116 3172 CAPUT
1136 3118 1435 3173 XXXVIII.

2033 3031 2413 3098 pturarum,et
2436 3042 2548 3080 non
2576 3027 2694 3080 vult
2710 3025 2899 3080 anima
2925 3025 2985 3080 in
3011 3025 3171 3081 bonis
3185 3026 3647 3098 permanere,sai

1968 3095 2013 3156 CI
2033 3095 2278 3170 declinat
2295 3115 2366 3169 ad
2392 3114 2739 3182 transitoria,
2786 3115 3015 3182 caduca,
3046 3121 3103 3170 et
3126 3095 3418 3169 immunda
3445 3115 3471 3167 Τ
3508 3115 3652 3169 Res-

358 3204 503 3272 Quid
517 3206 841 3260 lamentatio
868 3210 948 3260 vel
958 3211 1279 3275 paupertas,
1301 3222 1420 3275 qua-
1438 3210 1501 3275 βε
1519 3207 1948 3276 propterDcum,
2034 3205 2254 3276 pondit:
2280 3204 2366 3260 Ad
2390 3204 2494 3258 hoc
2515 3204 2777 3275 jungitur
2804 3205 2952 3276 quod
2980 3204 3280 3259 Psalmista
3295 3204 3378 3258 ait
3396 3203 3647 3275 :Iniqui-

1011 3301 1282 3363 operetur.

429 3379 479 3437 1.
513 3382 782 3437 Sanctum
828 3382 1136 3438 Antonium
1171 3383 1464 3455 requisivit
1492 3364 1687 3451 frater,
1712 3384 1903 3439 dicens
1935 3402 1946 3438 :

354 3469 502 3534 Quid
530 3470 729 3526 faciam
757 3488 860 3543 pro
883 3472 1122 3544 peccatis
1151 3472 1332 3528 meis?
1351 3472 1660 3544 Respondit
1680 3473 1815 3537 :Qui
1836 3474 1957 3529 vult

353 3558 581 3615 liberari
605 3578 640 3615 a
658 3563 917 3633 peccatis,
936 3562 1072 3617 ﬂetu
1088 3566 1144 3617 et
1156 3563 1382 3633 planctu
1401 3562 1732 3617 liberabitur
1751 3562 1821 3617 ab
1837 3563 1918 3617 eis
1941 3582 1954 3630 ;

354 3653 413 3704 et
431 3650 527 3720 qui
554 3651 674 3705 vult
698 3651 963 3706 azdiﬁcari
991 3652 1051 3705 in
1081 3651 1407 3719 virtutibus,
1430 3668 1531 3723 per
1554 3653 1750 3706 ﬂetum
1780 3652 1958 3724 lacry-

353 3754 578 3793 marum
592 3741 919 3795 aediﬁcatur.
934 3741 1063 3812 Ipsa
1082 3740 1331 3795 laudatio
1346 3741 1686 3811 psalmorum
1700 3741 1955 3811 planctus

359 3832 466 3881 est.
501 3828 783 3883 Memento
823 3830 1136 3900 exemplum
1151 3828 1395 3883 Ezechias
1423 3829 1572 3899 regis
1600 3830 1957 3894 Judae,'sicut

355 3915 627 3986 scriptum
666 3922 753 3971 est
780 3934 881 3987 per
905 3917 1111 3971 Isaiam
1152 3918 1486 3989 prophetam
1515 3919 1668 3985 (Isaz‘.
1702 3922 1950 3989 xxxvm),

356 4002 454 4075 qui
491 4004 677 4059 flendo
706 4021 819 4060 non
849 4006 1031 4061 solum
1060 4006 1364 4061 sanitatem
1394 4008 1623 4079 recepit,
1656 4009 1753 4063 sed
1784 4010 1954 4064 etiam

353 4108 459 4165 per
474 4094 791 4164 quindecim
811 4111 989 4150 annos
1007 4101 1375 4167 augmentum
1402 4097 1524 4152 vitae
1545 4098 1873 4169 promeruit,
1899 4104 1957 4153 et

356 4184 845 4254 supervenientem
898 4185 1073 4240 hostis
1099 4187 1422 4252 exercitum,
1447 4186 1703 4242 videlicet
1729 4194 1954 4243 centum

357 4276 416 4328 et
443 4273 725 4343 octoginta
747 4275 997 4346 quinque
1014 4275 1272 4341 millium,
1300 4292 1401 4347 per
1429 4276 1806 4349 lacrymarum
1833 4279 1955 4347 ejus

353 4360 708 4432 rigationem,
765 4363 944 4419 virtus
988 4365 1210 4420 Domini
1257 4365 1317 4420 in
1359 4371 1599 4421 mortem
1629 4366 1950 4437 prostravit.

358 4451 600 4506 Sanctus
627 4453 830 4508 Petrus
840 4454 1126 4524 apostolus
1151 4454 1337 4509 ﬂendo
1350 4454 1561 4526 recepit
1575 4455 1723 4525 quod
1738 4455 1797 4509 in
1809 4454 1965 4509 Chri-
1982 4448 2033 4508 D

359 4543 512 4594 stum
532 4542 788 4612 negando
801 4542 1177 4597 commiserat.
1196 4544 1394 4610 Maria,
1413 4544 1681 4614 quiacum
1696 4543 1959 4615 lacrymis

357 4628 563 4699 rigavit
586 4630 756 4701 pedes
770 4629 1015 4695 Domini,
1034 4630 1244 4684 meruit
1255 4630 1449 4684 audire
1466 4647 1526 4684 se
1539 4632 1809 4702 optimam
1836 4648 1961 4703 par-

358 4719 474 4772 tem
491 4718 741 4789 elegisse.
764 4720 892 4791 Ipse
917 4719 1089 4774 timor
1116 4719 1341 4775 Domini
1368 4725 1594 4775 sanctus
1622 4737 1959 4793 permanens

360 4804 420 4860 in
446 4808 709 4863 saeculum
738 4809 944 4864 saeculi.

430 4893 485 4948 2.
512 4896 717 4951 Beatus
745 4897 1022 4953 Macarius
1042 4897 1182 4953 dixit
1207 4916 1219 4952 :
1255 4899 1320 4953 In
1346 4899 1599 4965 veritate,
1616 4899 1665 4953 si
1696 4898 1844 4953 facta
1871 4904 1957 4953 est

365 4985 638 5039 monacho
667 4986 950 5058 despectio
976 4987 1138 5059 quasi
1162 4987 1305 5054 laus,
1323 4992 1623 5059 paupertas
1652 4987 1798 5043 sicut
1812 4988 1954 5042 divi-

360 5070 473 5139 tiae,
506 5072 696 5145 inopia
738 5075 882 5131 sicut
900 5077 1094 5148 epulae,
1115 5093 1406 5149 nunquam
1435 5077 1675 5132 moritur
1691 5078 1951 5147 (Append.

361 5163 553 5229 Mart,
596 5178 654 5217 η.
710 5162 820 5233 23).
868 5166 1216 5237 Impossibile
1243 5171 1330 5222 est
1354 5169 1497 5221 bene
1526 5166 1867 5233 credentem,
1899 5171 1958 5221 et

362 5250 456 5324 pie
483 5251 760 5306 colentem
778 5254 977 5320 Deum,
990 5256 1189 5310 cadere
1206 5255 1265 5310 in
1276 5255 1594 5328 passionem
1608 5255 1959 5311 immundam

361 5346 420 5398 et
444 5340 505 5396 in
524 5358 774 5397 errorem
801 5342 1138 5400 daemonum.

901 5432 1134 5489 CAPUT
1170 5435 1417 5490 XXXIX.

467 5524 535 5577 In
554 5522 659 5577 hac
683 5523 800 5576 vita
829 5522 988 5576 homo
1014 5526 1260 5593 requiem
1280 5527 1532 5580 invenire
1552 5540 1664 5580 non
1670 5530 1861 5595 potest.

442 5610 493 5667 1.
526 5609 800 5668 Abbatem
813 5610 1057 5668 Sisoium
1070 5611 1362 5683 requisivit
1374 5612 1548 5670 frater
1578 5635 1589 5669 :
1616 5615 1751 5670 Post
1780 5630 1959 5686 quan-

2033 3298 2210 3348 tatem
2230 3294 2276 3347 si
2308 3293 2567 3365 conspexi
2590 3294 2646 3347 in
2675 3294 2841 3347 corde
2870 3310 3016 3359 meo,
3047 3310 3160 3348 non
3189 3292 3452 3347 exaudiet
3490 3293 3648 3348 Deus

2038 3384 2200 3453 (Psal.
2236 3386 2374 3452 lxv).
2429 3384 2659 3453 Ignoras
2689 3382 2837 3455 quod
2866 3399 2991 3437 cum
3020 3388 3213 3437 venter
3240 3382 3441 3454 plenus
3470 3382 3647 3437 fuerit

2037 3489 2182 3536 esca,
2206 3472 2399 3526 statim
2424 3471 2699 3527 ebulliunt
2718 3489 2922 3541 magna
2957 3472 3109 3538 vitia,
3124 3488 3249 3543 quae
3268 3471 3529 3526 Salvator
3545 3488 3645 3525 no-

2037 3566 2154 3616 ster
2178 3578 2279 3633 per
2300 3560 2660 3631 Evangelium
2684 3561 2939 3632 praedixit
2962 3579 2972 3614 :
2996 3561 3121 3615 Non
3138 3559 3641 3631 coinquinat,un

2037 3650 2097 3704 in
2125 3667 2188 3705 os
2215 3650 2411 3716 intrat,
2436 3649 2683 3703 animam
2713 3646 2960 3703 hominis
2980 3648 3106 3715 ;sed
3126 3648 3196 3702 de
3221 3647 3389 3702 corde
3410 3652 3638 3709 exeunt,

2038 3756 2159 3811 quae
2191 3739 2249 3793 in
2281 3739 2572 3793 interitum
2593 3738 2929 3809 demergunt
2958 3737 3249 3791 hominem
3271 3737 3489 3805 (Matth.
3522 3740 3635 3794 xvl.

2036 3829 2176 3883 Vide
2187 3828 2321 3899 quid
2346 3827 2551 3882 dixerit
2564 3827 2837 3898 primum:
2864 3826 3244 3897 Cogitationes
3262 3825 3445 3901 malae,
3460 3825 3644 3879 homi-

2036 3917 2196 3981 cidia,
2215 3916 2507 3982 adulteria,
2523 3915 2938 3982 fornicationes,
2952 3915 3122 3981 furta,
3136 3915 3278 3969 falsa
3292 3914 3421 3969 testi
3428 3915 3637 3971 monia.

2037 4011 2096 4062 et
2124 4006 2499 4077 blasphemiae.
2540 4004 2685 4069 Quia
2713 4004 2810 4075 qui
2860 4004 3102 4059 necdum
3148 4004 3401 4075 gustavit
3441 4004 3638 4059 dulce-

2036 4096 2224 4150 dinem
2254 4095 2584 4161 caelestium,
2613 4099 2677 4149 ut
2706 4111 2771 4147 ex
2796 4098 2915 4148 toto
2938 4093 3105 4147 corde
3150 4092 3410 4164 exquirat
3433 4093 3641 4157 Deum,

2037 4185 2164 4240 ideo
2218 4184 2287 4238 ad
2336 4183 2631 4237 immunda
2684 4183 3003 4237 revertitur.
3044 4181 3182 4246 Quis
3245 4182 3455 4253 poterit
3490 4187 3645 4237 recte

2036 4275 2222 4329 dicere
2245 4273 2270 4327 τ
2296 4273 2372 4328 Ut
2393 4274 2715 4343 jumentum
2766 4272 2945 4327 factus
2982 4288 3107 4326 sum
3135 4271 3286 4342 apud
3314 4276 3391 4338 te,
3421 4276 3482 4327 et
3538 4287 3646 4343 ego

2036 4380 2260 4436 semper
2285 4366 2469 4418 tecum
2496 4362 2666 4434 (Psal.
2699 4362 2928 4427 LXXXII).

2651 4451 2885 4505 CAPUT
2910 4449 3053 4505 XLI.

2324 4542 2577 4608 Qualiter
2613 4542 2844 4593 virtutes
2866 4540 3110 4593 obtinere
3129 4543 3356 4608 oportet.

2110 4630 2165 4685 1.
2191 4629 2500 4693 Quemdam
2519 4644 2710 4684 senem
2733 4627 3027 4698 requisivit
3038 4626 3234 4693 frater,
3253 4627 3477 4683 dicens:
3496 4627 3649 4682 Doce

2040 4735 2150 4783 me,
2175 4719 2344 4773 Pater
2375 4719 2633 4787 (Append.
2657 4719 2846 4783 Mart.,
2873 4733 2933 4771 η.
2957 4712 3069 4784 46).
3086 4717 3157 4771 Et
3196 4716 3339 4770 dixit
3352 4716 3405 4771 ei
3427 4735 3439 4770 :
3465 4716 3646 4783 Vade,

2041 4825 2171 4863 ama
2190 4807 2294 4863 tibi
2319 4806 2439 4878 ipse
2450 4802 2572 4860 ’vim
2603 4805 2805 4860 facere.
2832 4804 3078 4875 Evagina
3102 4804 3357 4875 gladium
3376 4809 3565 4869 tuum,
3591 4811 3652 4861 et

2041 4897 2127 4953 exi
2156 4898 2214 4951 in
2242 4896 2468 4950 bellum.
2499 4895 2655 4950 Dixit
2682 4894 2734 4949 ei
2761 4894 2937 4948 frater
2965 4911 2976 4943 :
3008 4894 3135 4948 Non
3163 4910 3253 4948 me
3306 4894 3653 4965 permittunt

2035 4986 2420 5058 cogitationes.
2434 4984 2950 5057 Responditsenex:
2987 4982 3269 5053 Scriptum
3294 4987 3383 5036 est
3404 5000 3416 5035 :
3442 4983 3654 5037 Invoca

2037 5093 2127 5131 me
2150 5076 2209 5129 in
2237 5075 2328 5130 die
2354 5073 2735 5129 tribulationis
2775 5077 2887 5127 tuae
2905 5091 2916 5125 :
2934 5070 3166 5143 eripiam
3183 5076 3260 5137 te,
3284 5075 3343 5126 et
3362 5071 3653 5143 gloriﬁca-

2038 5165 2125 5224 bis
2153 5181 2263 5220 me.
2298 5165 2500 5220 Invoca
2515 5179 2649 5233 ergo
2670 5162 2870 5227 Deum,
2896 5166 2953 5216 et
2972 5160 3245 5232 eripiette
3262 5161 3435 5231 [PsaL
3461 5162 3650 5232 Lux].

2112 5254 2165 5311 2.
2194 5254 2574 5308 Perrexerunt
2607 5251 2719 5305 duo
2747 5250 2949 5305 fratres
2976 5249 3050 5303 ad
3077 5264 3254 5303 unum
3283 5264 3477 5303 senem
3523 5265 3659 5304 san-

2045 5349 2196 5398 ctum
2225 5343 2283 5397 in
2299 5342 2494 5414 Scythi
2509 5340 2797 5395 sedentem
2815 5339 3157 5409 singularem
3186 5357 3199 5403 ;
3232 5337 3487 5409 dixitque
3503 5354 3657 5394 unus

2047 5448 2115 5488 ex
2142 5433 2254 5487 illis
2286 5452 2297 5487 :
2330 5431 2509 5496 Abba,
2529 5446 2694 5485 omne
2712 5429 2886 5484 Vetus
2903 5432 2961 5482 et
2977 5428 3196 5483 Novum
3221 5427 3653 5482 Testamentum

2049 5522 2379 5579 memoriter
2407 5520 2575 5575 didici
2607 5520 2833 5590 [Pelag.,
2869 5519 3039 5574 libell.
3071 5533 3123 5583 x,
3157 5532 3217 5570 η.
3246 5513 3363 5588 9i].
3412 5515 3561 5570 Dicit
3588 5516 3645 5571 ei

2042 5628 2209 5669 senex
2240 5630 2251 5666 :
2278 5609 2530 5683 Implesti
2551 5623 2742 5665 aerem
2767 5605 2969 5663 verbis.
3002 5606 3073 5663 Et
3090 5604 3234 5663 alter
3251 5604 3424 5662 dixit:
3452 5604 3573 5677 Ego
3594 5611 3657 5662 et
