3976 6186
346 284 484 341 1057

1647 285 1887 341 VERBA
1926 282 2319 340 SENIORUM.

3478 292 3624 351 1058

342 410 520 464 Vetus
533 413 590 463 et
617 410 839 464 Novum
865 408 1290 464 Testamentum
1310 413 1490 464 totum
1522 410 1738 483 scripsi,
1772 416 1830 465 et
1848 426 1942 483 pe-
1957 409 2363 481 Alapidabani,
2379 409 2632 464 locutum
2663 414 2751 465 est
2778 416 2879 466 aut
2902 412 3111 469 iratum
3129 413 3157 469 ?
3178 419 3278 470 aut
3292 417 3519 487 quando
3532 418 3625 474 in-

341 516 443 554 nes
475 516 567 554 me
600 498 797 556 habeo.
831 498 901 553 Et
938 498 1069 553 huic
1103 499 1394 570 respondit
1424 518 1436 553 :
1484 500 1555 554 Et
1585 505 1648 555 tu
1695 499 1942 572 implesti

338 588 615 643 fenestras
644 594 774 643 tuas
799 588 1029 642 chartis.
1069 588 1158 642 An
1183 588 1461 658 ignoratis
1490 590 1587 661 qui
1630 590 1771 644 dixit
1799 608 1811 643 :
1840 590 1944 644 Re-

341 693 521 747 gnum
541 677 643 732 Dei
670 695 783 732 non
814 683 898 732 est
925 677 984 731 in
1003 694 1279 744 sermone,
1312 679 1410 732 sed
1438 678 1496 733 in
1516 679 1724 734 virtute
1742 682 1789 748 (I
1817 678 1936 733 Cor.

341 769 416 835 1v)
442 767 465 819 ?
493 767 563 821 Et
588 770 797 822 iterum
820 791 833 824 :
855 768 980 821 Non
999 767 1286 822 auditores
1306 768 1450 838 legis
1471 769 1614 839 justi
1642 774 1775 825 sunt
1793 772 1943 841 apud

346 855 546 922 Deum,
576 857 676 910 sed
707 856 947 911 factores
988 855 1130 927 legis
1170 857 1637 926 justiﬁcabuntur
1663 860 1831 927 (Rom.
1857 862 1937 930 II).

340 944 713 1015 Inquirebant
733 962 867 1015 ergo
887 944 957 999 ab
987 961 1052 999 eo
1072 944 1217 999 viam
1246 946 1463 1001 salutis.
1478 947 1579 1002 Ille
1589 953 1777 1002 autem
1802 948 1943 1004 dixit

343 1032 425 1087 eis
458 1052 471 1087 :
500 1032 730 1088 Initium
777 1033 1066 1104 sapientiae
1094 1034 1268 1089 timor
1291 1035 1518 1089 Domini
1549 1038 1712 1105 (Psal.
1746 1040 1852 1105 cx),
1885 1043 1942 1093 et

342 1121 773 1176 humilitascum
792 1122 1087 1193 patientia.
1113 1123 1385 1178 Omnibus
1403 1123 1491 1177 his
1512 1123 1743 1180 insertis
1772 1132 1939 1183 uten-

342 1210 515 1277 tibus,
548 1227 728 1282 pauca
756 1210 1061 1266 sufﬁciunt.

926 1301 1161 1357 CAPUT
1191 1302 1359 1357 XLII.

596 1392 870 1459 Quomodo
892 1393 956 1445 in
986 1393 1238 1446 cwnobz'z's
1268 1394 1566 1447 vivendum
1593 1396 1686 1450 sit.

414 1484 609 1546 683
633 1479 680 1536 1.
703 1480 844 1535 Cum
871 1480 1098 1551 quidam
1131 1480 1452 1536 adolescens
1481 1482 1656 1537 frater
1681 1483 1941 1539 abbatem

340 1569 696 1639 Agathonem
719 1569 1049 1641 requireret,
1068 1570 1258 1624 dicens
1276 1589 1287 1624 :
1304 1571 1442 1625 Volo
1463 1588 1794 1643 permanere
1813 1590 1941 1629 cum

341 1657 644 1726 fratribus;
676 1658 767 1712 dic
812 1658 951 1714 mihi
997 1659 1276 1729 quomodo
1312 1659 1561 1716 habitem
1591 1679 1720 1717 cum
1763 1662 1940 1734 ipsis?

2025 499 2372 570 dulgentiam
2396 498 2675 570 petebam,
2703 502 2959 573 nunquid
2990 503 3257 559 exaltavit
3284 522 3344 560 se
3371 512 3473 562 aut
3496 508 3621 579 glo-

2024 588 2233 642 riatum
2262 587 2394 643 est?
2423 588 2526 643 Cui
2573 587 2746 643 abbas
2793 591 3079 647 Pimenius
3124 596 3419 666 respondit
3448 616 3460 650 :
3496 597 3622 652 Non

2025 676 2240 748 utique.
2271 678 2426 733 Tunc
2453 677 2593 732 dixit
2619 695 2788 734 senex
2823 698 2834 733 :
2868 681 3093 737 Fratres
3117 700 3245 738 ecce
3273 689 3490 756 septem
3521 703 3619 741 su-

2025 783 2169 833 mus,
2191 767 2238 820 si
2253 766 2419 820 vultis
2439 783 2576 837 ergo
2588 768 2805 839 pariter
2822 786 3070 835 manere,
3093 777 3155 826 ut
3175 774 3395 829 lucrum
3418 775 3620 842 animm

2022 854 2310 922 faciamus,
2346 857 2421 910 sit
2448 856 2658 911 idolum
2688 857 2849 912 nobis
2890 859 3041 914 istud
3083 861 3144 915 in
3174 865 3513 935 exemplum,
3545 880 3618 920 ne

2024 943 2247 1015 quando
2274 944 2580 1015 injuriatur
2605 945 2827 1016 aliquis,
2859 946 3166 1016 irascatur;
3193 967 3263 1005 ne
3294 953 3517 1022 quando
3547 953 3618 1008 ab

2023 1049 2089 1087 eo
2115 1033 2276 1087 venia
2304 1034 2534 1105 petitur,
2548 1034 2841 1105 glorietur,
2858 1041 2959 1090 aut
2986 1038 3284 1097 extollatur
3308 1059 3321 1108 ;
3353 1042 3401 1096 si
3426 1048 3619 1098 autem

2021 1122 2104 1177 ita
2134 1139 2247 1178 non
2280 1122 2465 1187 vultis,
2500 1124 2885 1194 unusquisque
2912 1126 3078 1180 vadat
3118 1144 3228 1198 quo
3256 1130 3394 1184 vult.
3429 1132 3505 1186 At
3531 1131 3616 1187 illi

2023 1212 2383 1284 projicientes
2411 1229 2471 1267 se
2500 1212 2557 1266 in
2579 1218 2812 1280 terram,
2831 1216 3254 1286 Spaponderunt
3269 1236 3328 1273 se
3346 1218 3425 1274 ita
3445 1220 3619 1277 factu-

2024 1318 2117 1356 ros
2150 1307 2245 1356 :et
2272 1302 2350 1356 sic
2378 1308 2811 1373 permanserunt
2853 1320 2956 1374 per
3000 1306 3208 1361 multos
3256 1323 3451 1374 annos,
3489 1326 3619 1366 cum

2024 1406 2230 1461 magna
2257 1392 2575 1446 humilitate
2593 1396 2652 1446 et
2678 1391 3037 1461 abstinentia,
3071 1411 3249 1450 unum
3274 1414 3338 1451 ex
3365 1397 3504 1469 ipsis
3530 1398 3620 1455 fa-

2024 1481 2236 1535 cientes
2254 1481 2718 1552 dispensatorem.
2744 1482 2812 1535 Et
2830 1488 2953 1537 erat
2974 1483 3054 1537 eis
3072 1485 3419 1554 perfectio,et
3439 1505 3619 1544 unum

2024 1570 2396 1636 desiderium;
2444 1576 2503 1625 et
2544 1570 2820 1641 quidquid
2852 1572 3097 1641 positum
3126 1579 3277 1629 esset
3306 1576 3366 1630 in
3396 1594 3615 1647 mensa,

2023 1658 2437 1727 reﬁciebantur,
2469 1659 2623 1715 nullo
2652 1660 2874 1714 dicente
2897 1678 2908 1713 :
2928 1661 3082 1715 After
3093 1661 3253 1717 nobis
3282 1663 3421 1719 illud
3446 1685 3458 1719 :
3493 1672 3611 1733 aut,

341 1746 652 1818 Respondit
671 1747 724 1801 ei
752 1764 920 1803 senex
949 1766 960 1802 :
997 1726 1243 1804 Observa
1271 1766 1384 1820 pra:
1431 1750 1690 1805 omnibus
1713 1726 1837 1820 hoc,
1872 1726 1999 1808 utB
2018 1747 2176 1802 Istud
2206 1749 2333 1803 nolo
2363 1748 2674 1804 comedere.
2703 1748 2960 1813 Quatuor
2977 1750 3255 1821 siquidem
3282 1752 3454 1808 horas
3478 1726 3614 1809 dor;

334 1837 522 1906 qualis
552 1836 734 1907 primo
761 1836 853 1891 die
885 1837 1199 1907 ingrederis
1227 1839 1378 1910 apud
1408 1839 1577 1910 ipsos,
1628 1841 1759 1895 talis
1806 1842 1935 1896 reli-

330 1941 505 1995 quum
529 1941 768 1996 peragas
792 1931 1035 1997 tempus,
1057 1932 1114 1981 et
1135 1944 1263 1982 cum
1286 1929 1475 1998 quiete
1492 1929 1824 2001 adimplebis
1839 1947 1935 2001 pe-

326 2014 772 2085 regrinationem
802 2020 956 2070 tuam
989 2018 1176 2084 (Ra/)2,
1210 2019 1305 2072 lib.
1338 2031 1424 2083 III,
1450 2034 1507 2072 η.
1539 2018 1681 2086 198;
1715 2021 1923 2087 Pctag.,

331 2104 482 2157 libelt
497 2120 575 2167 .x,
600 2121 761 2158 num.
784 2103 858 2172 8).
878 2104 1110 2159 Custodi
1135 2106 1305 2172 enim,
1333 2123 1404 2161 ne
1425 2108 1649 2178 quando
1666 2108 1930 2163 ﬁduciam

339 2191 609 2262 loquendi
662 2209 936 2260 assumas,
968 2193 1188 2249 dicente
1215 2195 1483 2266 Apostolo
1519 2215 1530 2250 :
1565 2194 1748 2250 Nemo
1777 2197 1930 2251 mili-

330 2287 461 2336 tans
490 2282 734 2354 Christo,
772 2283 1024 2355 implicat
1066 2301 1126 2339 se
1178 2285 1420 2356 negotiis
1468 2286 1826 2342 saecularibus
1856 2288 1937 2356 (ΙΙ

338 2372 481 2425 Tim.
511 2372 571 2441 ιι)
585 2412 596 2424 .

401 2459 456 2516 2.
488 2462 632 2516 Item
662 2460 804 2516 dixit
824 2461 1122 2532 Agathon:
1159 2463 1217 2518 Si
1247 2463 1469 2519 habitas
1497 2481 1624 2520 cum
1652 2466 1923 2536 proximo,

334 2554 454 2604 esto
482 2550 629 2605 sicut
654 2551 917 2606 columna
950 2551 1190 2622 lapidea,
1219 2570 1342 2625 quae
1371 2555 1418 2608 si
1457 2555 1780 2625 injuriatur,
1816 2572 1930 2612 non

329 2639 636 2706 irascitur;
671 2640 720 2694 si
746 2641 1113 2711 gloriﬁcatur,
1158 2660 1271 2698 non
1325 2644 1614 2699 extollitur
1661 2644 1930 2715 (Append.

334 2729 594 2797 Martin.,
617 2746 780 2784 num.
809 2729 920 2801 10).

404 2816 461 2871 2.
483 2817 672 2873 Abbas
709 2819 996 2876 Pimenius
1027 2820 1284 2876 abbatem
1313 2822 1683 2878 Nesteronem
1728 2823 1930 2879 seden-

332 2910 449 2960 tem
477 2906 539 2961 in
566 2907 820 2963 coenobio
839 2911 1147 2981 requisivit,
1164 2911 1355 2966 dicens
1382 2930 1392 2965 :
1417 2912 1578 2966 Unde
1606 2913 1844 2984 adeptus
1870 2931 1930 2969 es

332 2995 477 3051 hanc
502 2996 782 3061 virtutem,
813 2998 1007 3067 frater,
1049 3006 1115 3055 ut
1153 3000 1596 3072 quotiescunque
1641 3001 1930 3057 tribulatio

2016 1836 2268 1891 miebant
2288 1837 2347 1892 in
2374 1844 2555 1905 nocte,
2589 1843 2646 1892 et
2675 1840 2917 1909 quatuor
2945 1839 3278 1910 psallebant,
3296 1847 3355 1896 et
3372 1847 3617 1914 quatuor

2015 1926 2412 1997 operabantur.
2456 1927 2521 1981 In
2562 1927 2653 1981 die
2690 1944 2820 1981 vero
2864 1944 2967 1999 per
3008 1928 3305 1985 intervalla
3344 1931 3615 1989 horarum

2015 2016 2213 2069 ofﬁciis
2242 2016 2444 2071 divinis
2472 2016 2824 2083 insistebant,
2859 2022 3156 2089 operantes
3182 2024 3240 2074 et
3264 2020 3533 2091 legentes,
3557 2027 3616 2077 et

2014 2104 2311 2160 fundentes
2340 2105 2473 2159 folia
2493 2106 2831 2176 palmarum,
2854 2123 3033 2178 usque
3062 2107 3132 2162 ad
3153 2108 3351 2165 horam
3381 2127 3611 2166 nonam.

2015 2194 2150 2248 Post
2177 2195 2280 2249 hoc
2310 2211 2438 2249 vero
2470 2195 2676 2249 victum
2700 2195 2805 2250 sibi
2833 2196 3244 2268 praeparabant,
3287 2199 3614 2270 colligentes

2016 2283 2288 2355 quasdam
2312 2282 2516 2338 herbas
2540 2288 2724 2339 terrae.

2584 2410 2818 2465 CAPUT
2840 2410 3037 2467 XLIII.

2156 2535 2282 2602 Qua:
2309 2537 2379 2589 sit
2408 2536 2752 2590 observantia
2781 2538 3104 2605 spiritualz's
3135 2538 3463 2609 disciplinae.

2088 2641 2143 2695 1.
2169 2642 2409 2705 Quidam
2430 2641 2604 2697 frater
2616 2644 2878 2712 (Append.
2902 2643 3154 2709 Mart.,n.
3176 2645 3292 2712 106)
3317 2647 3611 2719 requisivit

2016 2735 2275 2785 sanctum
2296 2732 2661 2802 Serapionem
2692 2731 2973 2798 abbatem,
3006 2732 3309 2790 habentem
3333 2735 3437 2791 sub
3465 2738 3610 2808 regi-

2015 2820 2168 2873 mine
2195 2837 2298 2874 suo
2326 2820 2518 2874 decem
2557 2821 2737 2874 millia
2770 2822 3193 2890 monachorum,
3226 2824 3417 2880 dicens
3449 2838 3462 2873 :
3498 2827 3612 2882 Alii

2011 2908 2213 2964 fratres
2233 2909 2303 2964 de
2326 2908 2578 2964 cmnobio
2607 2910 2898 2980 elegerunt
2925 2927 3034 2976 me,
3068 2917 3134 2966 ut
3156 2929 3260 2982 ego
3280 2914 3392 2969 illis
3413 2915 3613 2986 preci-

2012 2999 2201 3070 piam;
2227 2998 2459 3053 ostende
2490 2998 2628 3052 mihi
2658 2999 2936 3069 quomodo
2946 2999 3158 3070 jubes?
3188 3001 3497 3072 Respondit
3516 3004 3611 3059 Se-

331 3085 569 3156 contigit
594 3085 654 3140 in
667 3086 936 3153 cmnobio,
962 3105 1145 3161 neque
1160 3090 1428 3161 loquaris,
1447 3106 1630 3161 neque
1656 3082 1994 3147 mediatorC
2016 3088 2211 3161 rapion
2243 3108 2254 3143 :
2290 3089 2507 3143 Durum
2534 3092 2619 3143 est
2647 3103 2830 3142 meum
2851 3088 3086 3143 fortasse
3109 3089 3426 3160 imperium.
3460 3088 3608 3148 Nam

332 3174 568 3228 accedas
599 3176 821 3244 (Petag.,
863 3178 1144 3244 libell.xv,
1178 3176 1484 3248 num.30)?
1516 3180 1584 3233 Et
1606 3196 1732 3234 cum
1758 3180 1932 3235 nollet

330 3261 538 3329 dicere,
586 3270 783 3334 postea
835 3267 1154 3337 compulsus
1200 3284 1234 3321 a
1283 3284 1435 3333 sene,
1481 3268 1660 3323 dixit:
1696 3270 1931 3341 Indulge

332 3351 495 3419 mihi,
517 3350 680 3420 abba,
698 3354 831 3425 quia
844 3355 903 3409 in
924 3356 1204 3427 principio
1229 3357 1452 3428 quando
1472 3356 1758 3428 ingressus
1780 3376 1927 3427 sum,

329 3439 451 3494 dixi
479 3441 804 3512 cogitationi
842 3461 981 3500 meae
1012 3464 1026 3499 :
1059 3446 1286 3500 Ecce.tu
1325 3451 1385 3500 et
1419 3447 1511 3500 hic
1554 3447 1747 3503 asinus
1795 3450 1930 3503 estis

332 3544 515 3599 pares.
549 3530 706 3586 Sicut
729 3533 881 3587 enim
908 3534 1000 3588 hic
1026 3534 1217 3589 asinus
1243 3536 1490 3606 vapulat,
1524 3542 1581 3591 et
1609 3554 1722 3591 non
1754 3538 1931 3608 loqui-

330 3623 464 3686 tur;
496 3619 820 3689 injuriatur,
846 3627 903 3676 et
928 3622 1068 3676 nihil
1097 3624 1397 3695 respondet
1423 3643 1434 3693 ;
1461 3625 1540 3679 ita
1570 3642 1703 3696 ergo
1736 3631 1854 3680 esto
1875 3632 1932 3681 et

334 3712 420 3776 tu,
454 3724 589 3762 nam
618 3709 697 3763 sic
722 3710 857 3765 dicit
884 3716 942 3765 et
968 3712 1217 3783 psalmus
1252 3732 1263 3765 :
1296 3714 1371 3767 Ut
1391 3714 1716 3784 jumentum
1746 3716 1931 3770 factus

333 3813 461 3851 sum
489 3799 641 3868 apud
668 3804 744 3865 te,
772 3805 830 3854 et
857 3817 959 3871 ego
987 3817 1208 3872 semper
1235 3807 1420 3856 tecum
1454 3806 1614 3870 (Psal.
1640 3818 1827 3866 Lxxm.

405 3888 459 3941 4.
493 3888 634 3941 Cum
664 3889 967 3959 aliquando
992 3907 1131 3961 gens
1160 3892 1494 3946 Mazicorum
1523 3892 1581 3946 in
1612 3893 1802 3964 Scythi
1831 3909 1927 3947 su-

334 3977 722 4047 perveniens‘,
754 3979 961 4032 multos
991 3995 1057 4033 ex
1087 3980 1347 4034 Patribus
1386 3980 1699 4048 occidisset,
1752 3981 1926 4036 abbas

332 4064 624 4120 Pimenius
644 4082 760 4120 una
776 4084 903 4121 cum
925 4068 1035 4123 alio
1047 4069 1213 4124 Patre
1234 4070 1471 4135 seniore,
1499 4070 1726 4124 nomine
1739 4070 1925 4135 Anub,

331 4159 393 4208 et
419 4170 548 4209 cum
579 4155 703 4209 aliis
735 4157 980 4228 quinque
994 4158 1254 4213 Patribus
1275 4159 1495 4229 fugiens
1511 4159 1663 4225 inde,
1688 4160 1842 4214 venit
1855 4160 1927 4215 ad

330 4243 520 4297 locum
546 4243 642 4314 qui
670 4245 877 4299 dicitur
903 4247 1236 4316 Terenuthi;
1261 4253 1317 4301 et
1345 4248 1929 4304 inveneruntibitem-

331 4332 490 4403 plum
516 4333 813 4404 antiquum
833 4334 1136 4402 desertum,
1160 4342 1218 4391 et
1238 4343 1568 4392 manserunt
1588 4338 1647 4391 in
1681 4354 1746 4392 eo
1769 4338 1826 4392 hi
1845 4355 1929 4393 se-

2014 3178 2285 3232 Dominus
2304 3183 2497 3232 noster
2506 3178 2534 3232 J
2539 3194 2668 3231 esus
2684 3176 2941 3232 Christus
2956 3194 3058 3249 per
3069 3179 3431 3250 Evangelium
3441 3197 3611 3238 suum

2015 3267 2264 3334 instruit,
2286 3267 2475 3321 dicens
2489 3286 2505 3321 :
2521 3266 2580 3322 Si
2594 3265 2831 3337 diligitis
2842 3268 3226 3333 me,mandata
3249 3285 3376 3324 mea
3394 3275 3611 3326 servate

2018 3355 2194 3426 (Joan.
2225 3354 2362 3426 xlv).
2386 3354 2459 3410 Et
2482 3372 2613 3410 cum
2635 3355 2893 3426 discipuli
2920 3355 2990 3410 de
3010 3356 3254 3426 primatu
3277 3357 3429 3413 inter
3448 3375 3509 3414 se
3527 3360 3611 3415 di-

2013 3449 2353 3515 sceptarent,
2380 3444 2505 3515 quis
2533 3461 2729 3499 eorum
2754 3449 2902 3499 esset
2928 3446 3134 3513 senior,
3176 3446 3258 3501 ait
3294 3448 3364 3502 ad
3390 3464 3519 3503 eos:
3549 3448 3610 3504 Si

2014 3533 2137 3604 quis
2177 3534 2414 3587 voluerit
2435 3533 2584 3588 inter
2610 3550 2706 3588 vos
2737 3518 2920 3604 majbr
2948 3534 3091 3600 ﬁeri,
3118 3535 3228 3590 erit
3245 3541 3430 3591 vester
3449 3538 3612 3593 mini-

2013 3628 2147 3689 ster,
2185 3628 2243 3677 et
2265 3623 2584 3693 quicunque
2612 3622 2850 3677 voluerit
2875 3622 2935 3676 in
2972 3623 3127 3678 vobis
3152 3625 3307 3696 prior
3335 3642 3477 3694 esse,
3500 3626 3611 3682 erit

2014 3712 2265 3766 omnium
2286 3728 2479 3766 servus
2511 3713 2700 3783 (Marc.
2730 3720 2805 3782 Χ).
2836 3713 3039 3767 Petrus
3068 3715 3375 3783 apostolus,
3399 3715 3458 3770 in
3487 3715 3610 3787 epi-

2012 3802 2155 3856 stola
2185 3818 2306 3869 sua,
2341 3806 2535 3855 monet
2566 3806 2815 3872 pastores
2847 3819 2858 3854 :
2885 3801 3103 3856 Pascite
3133 3803 3228 3873 qui
3253 3803 3313 3857 in
3338 3803 3494 3858 vobis
3523 3808 3613 3859 est

2008 3907 2237 3960 gregem
2256 3890 2378 3957 Dei,
2397 3890 2776 3961 providentes,
2799 3907 2912 3944 non
2933 3897 3140 3957 coacte,
3167 3892 3265 3946 sed
3292 3893 3609 3948 voluntarie

2010 3980 2319 4033 secundum
2350 3981 2559 4047 Deum;
2593 3996 2696 4034 nec
2723 3980 2907 4051 turpis
2930 3980 3072 4034 lucri
3096 3981 3299 4051 gratia,
3319 3982 3611 4037 sedforma

2013 4074 2189 4122 estote
2207 4068 2394 4138 gregis
2414 4087 2427 4135 ;
2453 4074 2510 4122 et
2528 4084 2656 4122 cum
2676 4068 3003 4139 apparuerit
3021 4070 3278 4141 princeps
3294 4077 3607 4141 pastorum,

2010 4157 2332 4229 percipietis
2352 4157 2871 4211 immarcescibilem
2910 4158 3104 4228 gloriae
3133 4175 3395 4213 coronam
3419 4163 3472 4228 (I
3494 4164 3607 4216 Pet.

2014 4250 2088 4315 v).
2121 4247 2208 4300 Ita
2234 4245 2402 4300 facito
2419 4246 2572 4317 prius
2595 4246 2738 4316 quod
2756 4246 3030 4317 praecipis,
3049 4252 3114 4300 ut
3127 4263 3238 4301 non
3259 4253 3479 4302 tantum
3495 4248 3609 4304 illis

2013 4341 2306 4407 praecepta,
2328 4335 2427 4389 sed
2456 4334 2758 4388 formulam
2789 4335 3057 4406 praebeas,
3083 4340 3148 4389 ut
3177 4342 3277 4391 tua
3312 4336 3612 4393 imitentur

330 4426 484 4492 ptem
506 4422 734 4493 pariter,
749 4423 1339 4495 doneccognoscerent
1354 4426 1450 4481 ubi
1467 4426 1851 4499 unusquisque
1868 4425 2287 4499 inDexempla.
2337 4425 2421 4479 Ne
2460 4424 2536 4477 sis
2579 4424 2979 4488 mercenarius,
3029 4425 3128 4478 sed
3170 4430 3361 4496 pastor
3398 4425 3605 4494 ovium,

330 4510 574 4582 Egypto
599 4528 898 4568 mansurus
928 4518 1093 4568 esset.
1125 4515 1502 4570 Decreverunt
1545 4521 1735 4570 autem
1781 4516 1930 4571 inter

333 4616 418 4661 se,
433 4599 684 4655 dicentes
708 4620 720 4654 :
744 4602 1068 4672 Septimana
1078 4603 1186 4657 hac
1205 4604 1593 4676 unusquisque
1613 4605 1930 4676 requiescat

330 4688 483 4760 apud
513 4706 594 4755 se,
627 4695 685 4744 et
701 4690 844 4744 alter
867 4691 1197 4747 adalterum
1220 4709 1333 4747 non
1362 4693 1641 4764 loquatur.
1669 4695 1809 4749 Cum
1835 4711 1931 4750 au-

332 4782 451 4832 tem
480 4777 538 4832 id
558 4778 823 4846 facerent,
846 4786 970 4836 erat
989 4781 1049 4835 in
1064 4782 1275 4852 templo
1297 4782 1394 4836 illo
1422 4788 1607 4837 statua
1637 4784 1929 4854 cujusdam

330 4865 488 4921 idoli.
518 4866 705 4921 Abbas
733 4885 866 4941 ergo
893 4869 1057 4925 Anub
1084 4888 1407 4942 exsurgens,
1440 4888 1605 4926 mane
1643 4873 1930 4944 lapidabat

331 4973 459 5010 eam
486 4956 548 5011 in
578 4957 747 5026 facie;
780 4965 836 5013 et
864 4976 1091 5031 vespere
1120 4960 1365 5027 veniens,
1400 4960 1620 5016 dicebat
1647 4962 1719 5016 ad
1749 4979 1874 5017 eam
1905 4982 1916 5017 :

328 5044 582 5117 Peccavi,
602 5047 830 5119 indulge
852 5049 1007 5103 mihi.
1035 5051 1103 5104 Et
1129 5051 1208 5105 sic
1230 5051 1360 5105 fecit
1386 5067 1488 5122 per
1517 5057 1695 5105 totam
1725 5052 1931 5107 hebdo-

330 5135 459 5189 mari
477 5153 579 5190 im.
608 5136 710 5191 Die
736 5143 929 5193 autem
958 5138 1207 5205 Sabbati,
1234 5157 1362 5194 cum
1392 5140 1674 5196 venissent
1695 5141 1924 5212 pariter,

328 5223 471 5279 dixit
497 5225 550 5279 ei
579 5225 751 5281 abbas
772 5228 1058 5283 Pimenius
1082 5247 1093 5282 :
1122 5230 1265 5294 Quid
1284 5230 1509 5285 voluisti
1530 5231 1634 5285 hac
1659 5236 1781 5285 tota
1795 5231 1930 5286 heb-

330 5313 578 5369 domada
616 5316 819 5383 facere,
852 5324 917 5372 ut
946 5318 1111 5373 homo
1153 5320 1332 5375 ﬁdelis
1377 5320 1591 5375 diceres
1629 5321 1797 5388 idolo,
1833 5322 1928 5375 In-

330 5403 501 5475 dulge
528 5406 688 5461 mihi.
721 5407 878 5461 Dixit
902 5408 954 5462 ei
985 5425 1153 5463 senex
1178 5408 1341 5465 Anub
1375 5427 1386 5462 :
1424 5410 1543 5464 Hoc
1567 5427 1670 5481 ego
1699 5416 1931 5482 propter

328 5509 429 5548 vos
458 5494 598 5563 feci;
629 5495 799 5550 dicite
827 5497 986 5565 mihi,
1018 5499 1274 5569 nunquid
1305 5498 1530 5569 quando
1569 5499 1674 5554 hoc
1714 5500 1930 5556 idolum

2016 4514 2148 4586 quia
2177 4514 2432 4569 Salvator
2462 4518 2654 4568 noster
2674 4512 2902 4568 beatum
2927 4512 3086 4577 dixit,
3117 4530 3282 4585 quem
3317 4516 3610 4571 constituit

2016 4620 2186 4674 super
2213 4602 2486 4658 familiam
2516 4619 2695 4672 suam,
2713 4608 2778 4658 ut
2796 4603 2892 4658 det
2919 4602 3031 4657 illis
3060 4602 3246 4658 cibum
3274 4603 3334 4660 in
3354 4610 3609 4677 tempore

2018 4693 2232 4760 (Matth.
2265 4695 2437 4761 xxxv).

2082 4781 2135 4837 2.
2165 4781 2538 4852 Interrogavit
2556 4780 2728 4835 abbas
2757 4780 2977 4851 Moyses
2998 4780 3258 4837 abbatem
3291 4782 3603 4851 Silvanum,

2012 4871 2228 4926 dicens:
2256 4872 2449 4925 Potest
2466 4871 2634 4924 homo
2654 4886 2755 4941 per
2776 4869 3028 4940 singulos
3048 4870 3166 4926 dies
3186 4873 3609 4945 apprehendere

2012 4958 2450 5012 conversationis
2488 4958 2760 5012 initium?
2797 4958 3146 5029 Respondit:
3179 4960 3417 5032 Oportet
3456 4963 3610 5019 enim

2012 5047 2433 5119 apprehendere
2464 5063 2926 5119 unumquemque
2973 5047 3189 5119 aliquid
3237 5066 3303 5105 ex
3349 5050 3609 5109 omnibus

2012 5138 2272 5206 (Append.
2301 5137 2490 5203 Mart,
2526 5152 2583 5189 η.
2616 5132 2759 5204 198).
2791 5136 3038 5207 Surgens
3064 5154 3249 5206 mane,
3280 5146 3470 5195 umat
3495 5141 3609 5196 ini-

2011 5226 2154 5281 tium
2167 5226 2455 5296 sapientiae
2481 5244 2492 5278 :
2516 5225 2573 5279 in
2589 5225 2743 5279 omni
2758 5224 2985 5293 virtute,
3005 5231 3063 5280 et
3088 5227 3149 5282 in
3170 5230 3325 5284 omni
3342 5230 3608 5285 mandato
3652 5286 3653 5289 η

2010 5316 2132 5382 Dei,
2164 5316 2223 5369 in
2251 5320 2444 5381 394
2460 5331 2666 5384 magna
2681 5313 2979 5385 patientia,
2998 5322 3055 5370 et
3078 5317 3525 5388 longanimitate,
3550 5323 3610 5374 et

2010 5407 2284 5461 charitate
2313 5404 2434 5469 Dei,
2455 5420 2583 5458 cum
2606 5402 2924 5458 humilitate
2951 5404 3154 5460 animm
3176 5411 3234 5461 et
3259 5407 3526 5478 corporis,
3545 5407 3608 5462 in

2011 5497 2192 5552 multa
2211 5494 2619 5549 sustentatione
2639 5498 2696 5547 et
2712 5494 3153 5551 commoratione
3184 5495 3355 5562 cellae,
3386 5495 3446 5550 in
3484 5511 3606 5553 ora-

407 5618 425 5654 ¹
457 5620 622 5690 [iu/[2,
657 5622 753 5675 lib.
787 5635 865 5689 ιιι,
900 5637 958 5676 n.
996 5620 1117 5690 199,
1151 5638 1292 5694 pene
1318 5622 1389 5677 ad
1414 5621 1686 5693 verbum;
1721 5623 1893 5695 Pelag
1922 5662 1936 5688 ,
1968 5624 2143 5681 libell.
2184 5639 2273 5678 xv.
2304 5637 2464 5678 num.
2503 5619 2583 5679 11.
