4024 6206
482 291 628 348 1059
1595 281 1689 336 DE
1724 279 1915 336 VITIS
1951 275 2248 333 PATRUM
2284 276 2498 334 LIBER
2535 277 2656 334 VII.
3593 284 3716 343 1050

487 420 643 473 tione
673 420 732 471 et
754 411 1164 486 deprecatione,
1211 424 1338 464 cum
1385 407 1622 480 gemitu,
1667 423 1793 461 cum
1833 405 2147 478 puritateA
2729 403 2962 460 CAPUT
2994 405 3182 460 XLIV.

489 508 673 564 cordis
701 511 757 560 et
795 503 1102 567 oculorum,
1144 505 1201 554 et
1241 497 1494 554 custodia
1531 497 1735 568 lingua:
1770 513 1835 550 ac
1875 511 2083 549 sermo—
2235 495 2308 549 Dc
2336 495 2784 548 meditationibus
2799 495 2871 564 (5)
2893 497 3176 550 duodecim
3198 497 3652 553 anachoretarum.

491 615 646 661 num,
662 596 719 649 in
739 590 1226 648 abrenuntiatione
1247 605 1433 642 rerum
1456 586 1852 650 materialium,
1869 584 2085 638 deside-
2233 584 2598 638 Anachoretaz
2627 584 2926 655 aliquando
2958 584 3258 655 sapientes,
3292 586 3464 640 sancti
3491 593 3545 642 et
3571 589 3715 660 Spiri-

488 688 702 741 riorum
723 682 923 748 carnis,
957 679 1352 734 cruciationem
1375 676 1644 731 habentes
1673 676 1733 729 in
1753 673 2078 738 certamine,
2165 672 2324 739 tales,
2353 674 2646 728 duodecim
2675 690 2926 739 numero,
2951 676 3271 745 congregati
3299 676 3356 730 in
3385 676 3626 747 idipsum,
3645 695 3718 732 ex-

488 777 548 830 in
575 771 920 830 continentia
939 769 1179 842 spiritali
1205 774 1262 822 et
1285 783 1462 837 agone
1485 782 1704 837 pugnae,
1723 764 1781 817 in
1803 763 2084 835 pmniten-
2165 762 2449 833 petierunt
2469 781 2503 817 a
2531 763 2867 834 semetipsis,
2911 763 3099 818 dicere
3142 780 3588 837 unumquemque
3614 784 3718 838 quae

487 865 570 919 tia
599 870 656 918 et
684 864 858 926 luctu,
889 861 947 914 in
977 841 1334 929 simplicitate
1363 856 1563 910 animae
1596 860 1652 907 et
1675 853 2078 918 taciturnitate,
2166 852 2544 906 emendaverit
2586 853 2644 906 in
2682 852 2824 906 cella
2867 869 2990 920 sua,
3019 857 3078 907 et
3125 870 3292 924 quam
3332 841 3719 911 meditationem

487 953 546 1008 in
581 952 812 1024 jejuniis
843 956 899 1004 et
928 949 1131 1019 vigiliis
1162 945 1468 1011 nocturnis,
1504 945 1562 998 in
1599 943 1924 1015 operatione
1968 959 2084 995 ma-
2165 942 2469 996 meditatus
2498 943 2572 996 sit
2600 942 2949 1012 spiritaliter.

489 1059 686 1109 nuum,
719 1039 1028 1095 secundum
1058 1037 1206 1108 quod
1235 1036 1371 1090 dicit
1394 1033 1680 1105 apostolus
1705 1033 1932 1096 Paulus,
1949 1047 2084 1101 ope-
2244 1030 2290 1088 1.
2315 1032 2383 1085 Et
2409 1031 2548 1085 dixit
2572 1032 2803 1102 primus,
2833 1031 2928 1102 qui
2955 1036 3012 1085 et
3030 1030 3218 1086 senior
3244 1047 3466 1086 eorum:
3491 1033 3612 1104 Ego,
3632 1033 3721 1088 fra-

488 1137 680 1187 rantes
709 1129 969 1184 manibus
988 1127 1206 1191 vestris,
1233 1125 1288 1178 in
1313 1125 1461 1177 fame
1493 1129 1550 1177 et
1569 1122 1680 1188 siti,
1705 1122 1763 1175 in
1791 1121 1998 1191 frigore
2030 1124 2086 1174 et
2166 1125 2300 1186 tres,
2336 1138 2402 1174 ex
2433 1137 2542 1191 quo
2573 1120 2714 1192 coepi
2766 1121 3076 1192 quiescere,
3115 1125 3297 1175 totum
3342 1122 3575 1176 crucifixi
3625 1140 3720 1177 me-

491 1220 829 1286 nuditate,in
845 1217 1127 1272 laboribus
1147 1221 1203 1270 et
1217 1213 1490 1285 angustiis
1510 1220 1566 1266 et
1583 1209 2080 1283 persecutionibus,
2166 1209 2353 1281 ipsum
2384 1210 2468 1263 his
2497 1227 2621 1280 qua:
2653 1209 2996 1265 extrinsecus
3026 1216 3160 1264 sunt
3186 1211 3509 1276 actionibus,
3527 1212 3723 1266 remini-

487 1313 548 1367 in
574 1310 744 1366 foveis
775 1315 831 1363 et
872 1306 1151 1378 speluncis
1193 1310 1251 1358 et
1285 1301 1536 1356 cavernis
1568 1303 1645 1367 (ΙΙ
1667 1301 1786 1355 Cor.
1821 1298 1918 1368 x1).
1953 1300 2084 1352 Esto
2167 1316 2326 1353 scens
2348 1299 2493 1370 quod
2519 1300 2790 1371 scriptum
2834 1305 2919 1354 est
2949 1322 2963 1356 :
2996 1301 3393 1371 Dirumpamus
3421 1301 3622 1354 vincula
3649 1318 3723 1355 eo-

488 1402 668 1456 factor
695 1398 866 1463 verbi,
887 1403 944 1451 et
962 1413 1074 1450 non
1103 1395 1327 1449 auditor
1346 1398 1568 1447 tantum
1603 1391 1735 1457 (Jac.
1761 1392 1822 1457 ι),
1849 1404 2086 1459 operans
2170 1406 2317 1455 rum,
2352 1394 2408 1442 et
2428 1389 2791 1460 projiciamus
2822 1406 2856 1443 a
2885 1389 3044 1444 nobis
3069 1390 3273 1460 jugum
3303 1390 3540 1460 ipsorum
3580 1393 3718 1456 (Psal.
3778 1402 3782 1406 ‘

488 1491 767 1546 talentum
795 1488 854 1541 in
882 1483 1364 1556 duplum,habens
1389 1486 1601 1536 vestem
1631 1478 1961 1550 nuptialem,
1995 1479 2087 1530 ﬁr-
2170 1480 2251 1540 II).
2283 1479 2351 1532 Et
2386 1479 2539 1532 velut
2565 1495 2790 1533 murum
2820 1479 3029 1532 faciens
3057 1478 3206 1532 inter
3219 1479 3468 1533 animum
3487 1483 3540 1533 et
3561 1495 3723 1550 corpo-

494 1586 680 1635 matus
709 1593 880 1648 supra
908 1576 1132 1629 firmam
1170 1579 1410 1644 petram.
2170 1568 2316 1622 rales
2345 1574 2521 1635 actus,
2550 1567 2660 1622 dixi
2686 1568 2745 1622 in
2769 1573 2956 1622 mente
2995 1585 3121 1622 mea
3155 1587 3167 1621 :
3201 1568 3659 1632 Quemadmodum
3683 1568 3725 1622 is

564 1671 930 1738 Eleemosyna
957 1670 1015 1718 et
1044 1664 1182 1718 ﬁdes
1213 1679 1325 1716 non
1354 1668 1413 1716 te
1442 1659 1839 1729 derelinquant
1867 1657 1908 1711 ¹.
1930 1656 2090 1727 Cogi-
2171 1657 2267 1727 qui
2297 1657 2446 1712 intra
2476 1675 2701 1712 murum
2728 1663 2830 1724 est,
2863 1662 3104 1712 stantem
3133 1657 3273 1712 foris
3298 1673 3409 1711 non
3444 1657 3614 1727 videt;
3660 1657 3726 1711 sic

490 1765 618 1814 tans
648 1763 786 1820 esto,
821 1754 975 1809 omni
1005 1754 1092 1807 die
1116 1758 1357 1840 mortem
1384 1750 1620 1803 vicinam
1649 1765 1774 1802 esse
1803 1765 1813 1800 :
1842 1752 1900 1802 et
1928 1745 2088 1817 quasi
2117 1762 2272 1826 Bnec
2301 1751 2362 1801 tu
2391 1747 2528 1800 velis
2566 1747 2866 1802 exteriores
2897 1753 3058 1801 actus
3089 1747 3360 1818 aspicere,
3400 1746 3493 1800 sed
3514 1746 3724 1818 teipsum

484 1851 605 1921 jam
617 1848 841 1902 clausus
866 1845 926 1899 in
955 1836 1342 1906 monumento,
1366 1839 1506 1893 nihil
1528 1839 1596 1892 de
1625 1838 1730 1891 hoc
1759 1837 1961 1891 saeculo
1991 1852 2088 1888 cu-
2170 1836 2410 1902 intuere,
2439 1837 2722 1890 sustinens
2746 1837 2993 1908 quotidie
3015 1853 3173 1907 spem
3193 1837 3314 1890 Dei.
3336 1837 3424 1891 Sic
3450 1842 3624 1890 autem
3648 1836 3727 1888 ha-

491 1955 601 2004 res,
635 1936 767 2007 quia
793 1932 1108 1988 sollicitudo
1139 1930 1325 1985 saeculi
1347 1935 1403 1983 et
1436 1927 1712 1999 cupiditas
1742 1926 2084 1990 divitiarum,
2170 1925 2299 1980 beto
2325 1925 2598 1996 malignas
2627 1926 2992 1996 cogitationes
3022 1931 3122 1980 aut
3165 1925 3343 1979 malas
3373 1926 3728 1996 concupiscen-

490 2028 754 2082 hzecsunt
781 2023 974 2094 spinae,
996 2038 1133 2092 quas
1154 2019 1425 2074 Dominus
1445 2034 1637 2072 cavere
1665 2015 1806 2069 dixit
1829 2015 1886 2069 in
1911 2015 2090 2068 Evan-
2172 2015 2300 2079 tias,
2363 2015 2509 2069 sicut
2573 2015 2849 2086 serpentis
2902 2021 2959 2070 et
3011 2014 3375 2086 scorpionum
3425 2015 3639 2084 prolem.
3681 2011 3727 2066 Si

490 2117 658 2188 gelio,
685 2131 808 2186 qua:
827 2112 1038 2166 bonum
1058 2127 1249 2164 semen
1271 2106 1702 2180 suffocant(Luc.
1727 2104 1869 2172 vm).
1896 2103 2091 2158 Inedia
2173 2104 2395 2174 quando
2425 2109 2616 2158 autem
2647 2121 2742 2158 eas
2766 2104 2823 2158 in
2854 2105 3020 2159 corde
3059 2121 3187 2158 meo
3217 2103 3372 2157 nasci
3400 2119 3627 2168 sensero,
3656 2107 3727 2155 at-

493 2221 770 2270 escarum,
797 2201 1087 2256 humilitas
1109 2204 1166 2254 et
1184 2200 1366 2253 luctus
1393 2214 1503 2251 non
1533 2196 1845 2250 recedanta
1861 2199 1935 2259 te,
1959 2193 2091 2264 quia
2170 2193 2408 2248 tendens
2438 2193 2563 2247 illas
2579 2211 2708 2248 cum
2733 2194 3169 2248 comminatione
3197 2200 3257 2248 et
3274 2194 3359 2246 ira
3383 2192 3724 2256 arefacioeas;

491 2295 765 2351 Dominus
796 2291 1031 2362 dissipat
1061 2305 1189 2342 ossa
1233 2287 1527 2341 hominum
1575 2285 1679 2339 sibi
1724 2283 2085 2355 placentium.
2173 2298 2274 2336 nec
2303 2299 2553 2352 unquam
2582 2299 2756 2346 cesso,
2789 2283 3037 2338 irascens
3069 2281 3293 2354 corpori
3319 2288 3375 2335 et
3403 2281 3568 2336 menti
3593 2295 3724 2344 meae,

491 2386 684 2441 Timor
713 2382 865 2438 omni
898 2381 1038 2434 hora
1067 2382 1398 2450 permaneat
1427 2376 1486 2430 in
1523 2381 1598 2440 te,
1653 2374 1797 2428 sicut
1823 2372 2091 2442 scriptum
2172 2388 2243 2426 ne
2273 2371 2407 2442 quid
2433 2388 2667 2442 pravum
2698 2371 2881 2425 faciat.

493 2480 580 2530 est
603 2487 613 2518 ε
646 2475 882 2542 Propter
903 2470 1165 2523 timorem
1190 2472 1371 2531 tuum,
1392 2465 1649 2529 Domine,
1679 2463 1737 2516 in
1767 2467 1928 2516 utero
1957 2476 2092 2514 con-
2242 2459 2594 2517 2.Secundus
2611 2461 2717 2516 ait:
2747 2462 2860 2531 Ego
2881 2461 3083 2528 dixi,ex
3100 2478 3214 2532 quo
3229 2460 3538 2516 renuntiavi
3555 2465 3721 2514 terrae:

497 2563 766 2635 cepimus,
783 2566 841 2614 et
859 2558 1160 2622 doluimus,
1181 2561 1237 2609 et
1265 2554 1585 2626 peperimus
1601 2551 1860 2622 spiritum
1896 2549 2092 2604 salutis
2177 2550 2354 2604 Hodie
2383 2555 2614 2605 renatus
2646 2567 2723 2613 es,
2756 2550 2922 2604 hodie
2954 2551 3404 2628 coepistiservire
3435 2551 3558 2616 Deo,
3588 2547 3726 2603 hodie

492 2655 674 2724 (Isaia
700 2652 872 2715 XXVI).
907 2648 1039 2701 Haec
1067 2661 1218 2715 ergo,
1253 2650 1310 2698 et
1341 2643 1389 2697 si
1419 2658 1530 2713 qua
1553 2641 1664 2695 alia
1693 2641 1870 2694 virtus
1899 2644 2002 2704 est,
2034 2638 2092 2691 in
2174 2639 2266 2694 hic
2284 2639 2596 2694 inhabitare
2617 2639 2832 2710 coepisti
2856 2655 2868 2689 :
2893 2641 2971 2694 sic
2991 2645 3110 2694 esto
3134 2640 3390 2711 quotidie
3418 2637 3724 2709 peregrinus,

494 2740 583 2794 his
613 2737 896 2810 prospice;
928 2741 988 2790 et
1017 2751 1088 2788 ne
1132 2739 1188 2788 te
1219 2748 1511 2786 mensures
1552 2747 1679 2784 cum
1721 2729 1959 2800 magnis,
1993 2732 2093 2781 aut
2174 2735 2230 2784 et
2259 2731 2503 2785 crastino
2527 2731 2869 2784 liberandus.
2904 2731 3021 2785 Hoc
3057 2730 3203 2785 mihi
3242 2729 3486 2802 quotidie
3509 2728 3727 2784 consule-

490 2831 711 2901 justum
739 2833 796 2882 te
821 2825 1099 2891 aestimes;
1131 2823 1228 2877 sed
1257 2826 1312 2876 te
1327 2821 1490 2875 crede
1518 2819 1839 2874 inferiorem
1869 2835 1991 2872 esse
2009 2823 2094 2872 to-
2174 2818 2324 2877 bam.

494 2918 609 2973 tius
633 2914 996 2981 creaturas,id
1014 2918 1117 2977 est,
1154 2911 1404 2965 viliorem
1439 2909 1630 2980 quovis
1646 2909 1872 2963 homine
1902 2924 2093 2978 pecca—
2245 2909 2298 2966 3.
2332 2909 2555 2964 Tertius
2587 2909 2728 2964 dixit
2754 2930 2766 2964 :
2797 2909 2913 2980 Ego
2951 2909 3199 2965 diluculo
3229 2909 3466 2965 ascendo
3493 2907 3558 2963 ad
3582 2907 3730 2961 Deum

495 3013 638 3062 tore.
673 3006 780 3070 Qui
810 3021 870 3059 se
900 3003 1184 3058 existimat
1220 2999 1432 3070 aliquid
1470 3016 1609 3065 esse,
1643 3015 1771 3052 cum
1810 2997 1951 3051 nihil
1994 2997 2084 3062 sit,
2107 3015 2396 3070 nmeum;
2431 3005 2489 3053 et
2517 2999 3120 3070 adoransillum,jacto
3143 3017 3239 3054 me
3261 2999 3319 3053 in
3339 2999 3527 3053 faciem
3555 3010 3728 3058 meam,

499 3045 638 3062 υυιυ.
676 3045 780 3070 ψη
811 3045 870 3059 νυ
901 3045 1184 3058 suum..."
1220 3045 1432 3070 ..-ηιμ-ν.
1474 3045 1609 3065 νην,
1647 3045 1771 3052 π---
1994 3045 2084 3062 τη,
2174 3045 2396 3066 -..ν-..η
2434 3045 2489 3053 ν-
2517 3045 3117 3070 -.η...,---,-,,-..,δ..ν--
3145 3045 3239 3054 .--ν
3261 3045 3527 3053 ---_-__

493 3097 615 3168 ipse
644 3112 703 3150 se
723 3093 942 3149 seducit
965 3093 1163 3160 (Galat.
1181 3093 1276 3156 γι).
1303 3090 1428 3143 Non
1459 3088 1730 3158 dijudices
1748 3086 2088 3157 proximum,
2107 3045 2154 3108 Ο
2173 3088 2488 3143 confitendo
2518 3089 2709 3160 culpas
2735 3104 2924 3155 meas;
2979 3093 3035 3142 et
3077 3089 3162 3143 sic
3207 3087 3557 3152 descendens,
3587 3083 3729 3139 adoro

494 3200 678 3256 neque
692 3182 964 3254 despicias
979 3180 1162 3234 aliena
1183 3176 1754 3247 delinquentium,sed
1772 3181 1870 3230 tua
1889 3177 2091 3246 plange
2173 3178 2401 3248 angelos
2426 3177 2547 3244 Dei,
2571 3194 2778 3248 rogans
2806 3177 2931 3231 illos
2949 3177 3271 3249 supplicare
3303 3180 3415 3232 Deo
3443 3193 3537 3248 pro
3563 3190 3658 3237 me,
3685 3177 3731 3225 et

493 3276 804 3346 peccata,et
814 3271 882 3325 de
903 3269 1110 3324 nullius
1137 3267 1382 3322 hominis
1401 3271 1530 3320 actu
1558 3265 1828 3319 sollicitus
1847 3264 1939 3318 sis.
1958 3265 2088 3319 Esto
2173 3284 2396 3321 omnem
2413 3267 2828 3321 creaturam.Et
2844 3283 2972 3321 cum
2996 3268 3104 3321 ista
3115 3267 3510 3338 adimplevero,
3533 3262 3655 3317 vado
3672 3259 3730 3314 ad

493 3367 823 3418 mansuetus
851 3360 1072 3431 spiritu,
1105 3364 1162 3412 et
1187 3373 1298 3411 non
1322 3355 1641 3410 iracundus.
1658 3355 1810 3409 Nihil
1839 3354 1898 3408 in
1923 3355 2090 3408 corde
2172 3356 2436 3428 abyssum
2464 3377 2476 3425 ;
2508 3363 2568 3411 et
2592 3356 2725 3427 quid
2747 3355 2924 3411 Judaei
2950 3356 3182 3422 faciunt,
3240 3353 3589 3426 Jerosolymis
3614 3366 3730 3404 eun—

385 3442 396 3456 ’
494 3458 616 3518 tuo,
654 3467 837 3522 neque
868 3448 1077 3512 odium,
1112 3462 1295 3530 neque
1332 3450 1527 3499 contra
1559 3443 1849 3498 inimicum
1879 3443 2091 3514 aliquid
2175 3450 2277 3509 tes,
2312 3445 2666 3500 concidentes
2695 3463 2773 3510 se,
2803 3451 2861 3499 et
2897 3446 3278 3516 lacrymantes
3300 3462 3364 3500 ac
3391 3445 3626 3514 lugentes
3650 3454 3726 3492 ca-

493 3543 616 3597 sine
639 3557 810 3596 causa
837 3537 1081 3592 habeas:
1115 3552 1297 3606 neque
1321 3534 1594 3606 despicias
1614 3550 1745 3587 eum
1772 3534 1830 3587 in
1865 3533 2094 3586 tribula-
2176 3551 2299 3588 sum
2330 3540 2555 3605 patrum
2585 3551 2838 3600 suorum,
2880 3535 2985 3588 hoc
3027 3551 3129 3605 ego
3169 3535 3446 3589 circuiens
3483 3537 3536 3586 et
3567 3543 3730 3599 exspe-

494 3631 648 3686 tione
686 3631 828 3700 ejus,
865 3643 1048 3698 neque
1077 3625 1280 3679 reddas
1309 3625 1520 3677 malum
1543 3639 1644 3694 pro
1661 3623 1829 3687 malo,
1849 3623 1946 3676 sed
1973 3627 2092 3676 esto
2177 3628 2354 3688 etans,
2388 3623 2614 3694 propria
2666 3623 2920 3677 membra
2964 3623 3268 3679 tormentis
3309 3622 3499 3688 subdo,
3540 3625 3592 3673 et
3625 3630 3730 3670 cum

493 3720 758 3792 paciﬁcus
777 3733 906 3772 cum
928 3714 1216 3770 omnibus:
1241 3713 1346 3767 hoc
1386 3718 1472 3766 est
1505 3711 1785 3765 vinculum
1807 3711 2095 3782 perfectio-
2177 3713 2527 3784 plorantibus
2556 3713 2734 3784 ploro.

495 3810 605 3864 nis.
637 3810 762 3862 Non
793 3813 848 3861 te
877 3805 1073 3859 credas
1100 3801 1312 3856 malum
1352 3801 1597 3867 facienti,
1638 3817 1820 3871 neque
1845 3817 2094 3871 congau-
2250 3803 2303 3855 4.
2340 3803 2584 3866 Quartus
2613 3802 2732 3856 ait:
2766 3803 2880 3872 Ego
2906 3803 2986 3857 sic
3022 3819 3168 3868 sum,
3202 3819 3268 3856 ac
3287 3802 3334 3856 si
3355 3801 3410 3855 in
3434 3801 3607 3854 monte
3641 3793 3734 3849 Oli-

496 3899 632 3953 deas
656 3896 707 3950 ei
736 3896 831 3966 qui
854 3893 987 3947 fecit
1015 3891 1266 3963 proximo
1293 3906 1396 3944 suo
1424 3890 1653 3944 malum.
1685 3891 1807 3944 Non
1832 3890 2095 3944 detrahas
2176 3907 2370 3945 varum
2397 3891 2595 3945 sedens
2625 3908 2753 3946 cum
2783 3893 3022 3945 Domino
3046 3898 3103 3945 et
3122 3891 3416 3963 discipulis
3428 3887 3729 3955 oQSejus.

499 3986 628 4042 aliis
658 3985 792 4056 quia
818 3984 968 4038 Deus
991 3980 1163 4052 judex
1205 3984 1262 4032 et
1295 3979 1455 4032 testis
1499 3985 1585 4032 est
1611 3979 1672 4033 in
1700 3978 1978 4033 omnibus.
2010 3981 2095 4033 Ne
2178 3981 2248 4034 Et
2270 3981 2381 4034 dixi
2407 3981 2546 4034 mihi
2577 3999 2588 4034 :
2624 3981 2853 4034 Nullum
2883 3997 3154 4051 agnoscas
3187 3980 3489 4035 secundum
3519 3987 3730 4031 carnem.

501 4074 688 4130 oderis
711 4073 958 4144 aliquem
975 4074 1509 4141 propterpeccatum
1525 4068 1805 4138 ejus,quia
1823 4069 2095 4140 scriptum
2183 4071 2279 4124 sed
2307 4086 2435 4123 cum
2482 4070 2571 4124 his
2616 4075 2735 4124 esto
2782 4087 3005 4141 semper
3056 4070 3303 4124 ccelestis
3343 4060 3732 4124 conversationis

495 4170 584 4220 est
615 4184 626 4218 :
661 4163 846 4218 Nolite
869 4160 1144 4231 judicare,
1169 4165 1233 4212 ut
1253 4174 1363 4212 non
1381 4158 1712 4228 judicemini
1737 4159 1948 4228 (Matth.
1973 4157 2095 4228 vn).
2181 4159 2449 4225 imitator,
2477 4159 2622 4213 sicut
2645 4158 2792 4214 bona
2811 4160 2989 4213 Maria
3018 4159 3356 4230 Magdalena
3373 4158 3440 4212 ad
3459 4153 3730 4227 pedesJesu

495 4256 644 4310 Dum
673 4253 850 4307 alium
889 4249 1103 4320 arguis,
1136 4248 1259 4302 vide
1282 4263 1351 4301 ne
1381 4249 1577 4318 pejora
1605 4247 1941 4302 committas.
1973 4248 2098 4302 Non
2181 4249 2399 4314 sedens,
2433 4254 2489 4302 et
2514 4249 2680 4303 verba
2708 4250 2830 4319 ejus
2862 4249 3115 4303 audiens.
3141 4247 3477 4302 Ef‘ﬁciamini
3505 4240 3663 4298 sancti
3687 4241 3734 4291 et

502 4342 778 4415 despicias
806 4344 1150 4412 peccantem,
1183 4337 1281 4392 sed
1311 4353 1409 4391 ora
1439 4353 1537 4408 pro
1574 4337 1688 4403 illo,
1728 4343 1793 4390 ut
1826 4338 1974 4391 Deus
2018 4337 2151 4415 illi_
2182 4338 2410 4409 perfecti
2433 4338 2578 4392 sicut
2599 4344 2656 4392 et
2675 4339 2844 4392 Pater
2864 4344 3048 4392 vester
3075 4339 3172 4408 qui
3195 4339 3255 4392 in
3284 4336 3434 4391 caelis
3451 4341 3530 4388 est
3550 4328 3730 4394 (Matth.

497 4433 596 4488 (let
623 4429 1041 4486 conversionem
1071 4427 1141 4480 ad
1165 4426 1584 4497 paenitentiam;
1618 4431 1674 4479 et
1695 4426 1742 4479 si
1771 4409 2162 4479 audierisdeD
2183 4427 2254 4497 v).
2289 4429 2375 4493 Et,
2427 4427 2632 4481 Discite
2663 4443 2697 4480 a
2727 4444 2835 4492 me,
2884 4427 3016 4498 quia
3063 4427 3220 4481 mitis
3259 4443 3384 4481 sum
3441 4429 3495 4478 et
3540 4415 3734 4475 humilis

498 4523 686 4594 aliquo
707 4519 856 4591 quod
878 4521 1009 4588 agat
1042 4516 1258 4586 iniqua,
1284 4515 1560 4586 responde
1577 4515 1766 4568 dicens
1791 4534 1802 4567 :
1830 4513 2100 4584 Nunquid
2181 4516 2346 4570 corde
2379 4517 2589 4583 (Matth.
2622 4520 2719 4584 xl).

458 4658 468 4678 ,
501 4629 604 4684 ego
634 4611 836 4664 horum
859 4623 982 4661 sum
1005 4605 1211 4676 judex?
1232 4605 1396 4658 homo
1415 4621 1538 4658 sum
1561 4610 2100 4675 peccator,mortuus
2257 4606 2306 4659 5.
2341 4605 2582 4669 Quintus
2604 4605 2684 4658 ait
2709 4621 2720 4655 :
2748 4605 2861 4674 Ego
2890 4605 3119 4675 angelos
3148 4605 3381 4677 aspicio,
3414 4597 3734 4656 ascendentes

499 4717 623 4756 sum
642 4697 879 4772 peccatis
906 4696 1065 4749 meis.
1091 4695 1345 4748 Mortuus
1365 4694 1514 4748 enim
1541 4711 1766 4748 causam
1791 4710 1903 4747 non
1931 4693 2102 4748 habet
2183 4699 2241 4748 et
2263 4694 2664 4748 descendentes
2694 4693 2764 4747 ad
2805 4695 3151 4747 vocationem
3179 4695 3514 4755 animarum,
3545 4695 3597 4741 et
3619 4699 3736 4738 sem-

499 4806 695 4845 curare
716 4804 815 4860 pro
839 4785 1047 4856 aliquo.
1075 4783 1181 4848 Qui
1213 4783 1330 4838 haec
1359 4783 1548 4837 omnia
1570 4789 1835 4854 procurat
1864 4788 1922 4836 et
1950 4782 2098 4852 cogi-
2180 4800 2279 4855 per
2328 4784 2496 4836 finem
2534 4799 2722 4836 meum
2761 4783 3040 4854 opperior,
3091 4783 3286 4837 dicens
3319 4800 3330 4835 :
3370 4783 3618 4835 Paratum
3658 4784 3736 4826 σοι’

497 4885 601 4944 tat,
635 4877 924 4949 operarius
955 4880 1041 4928 est
1069 4873 1250 4927 omnis
1297 4873 1550 4942 justitiae,
1592 4873 1727 4925 dum
1766 4873 1834 4926 de
1875 4871 2097 4925 Christo
2180 4889 2368 4927 meum
2389 4873 2554 4936 Deus,
2589 4878 2847 4942 paratum
2879 4889 2974 4926 cor
3003 4888 3190 4926 meum
3226 4875 3394 4940 (Psal.
3417 4879 3553 4933 cvn).

499 4948 854 5037 redemptore
876 4970 1068 5018 nostro
1086 4963 1359 5035 propheta
1387 4962 1701 5026 denuntiet,
1731 4962 1951 5038 dicens:
1985 4962 2098 5032 Ego
2252 4961 2306 5016 6.
2338 4961 2486 5016 Dixit
2501 4967 2720 5016 sextus:
2747 4962 2860 5030 Ego
2878 4978 2978 5032 per
2997 4961 3116 5015 dies
3148 4961 3401 5031 singulos
3415 4955 3575 5012 statui
3597 4948 3735 5005 verba

499 5062 689 5112 autem
719 5071 843 5109 sum
872 5054 1093 5119 vermis,
1119 5059 1175 5106 et
1201 5070 1312 5107 non
1336 5053 1502 5106 homo
1537 5055 1696 5118 (Psal.
1724 5051 1932 5120 xxx).Et
1953 5050 2098 5104 alius
2181 5068 2306 5106 mea
2336 5050 2517 5105 audiri
2538 5067 2571 5104 a
2599 5050 2858 5106 Domino.
2892 5056 3095 5120 putans
3144 5050 3286 5104 mihi
3315 5049 3423 5102 dici
3455 5066 3466 5100 :
3498 5043 3735 5100 Laboth

497 5145 774 5220 propheta
803 5142 1063 5197 Habacuc
1091 5142 1228 5196 dicit
1254 5160 1266 5196 :
1291 5142 1456 5213 Lapis
1475 5141 1543 5195 de
1574 5141 1786 5212 pariete
1814 5140 2093 5204 clamavit,
2180 5147 2410 5212 propter
2438 5157 2547 5205 me,
2573 5145 2629 5194 et
2645 5156 2748 5209 ego
2779 5140 3064 5210 quiescere
3088 5139 3289 5193 faciam
3307 5155 3420 5192 vos.
3442 5135 3622 5189 Adhuc
3640 5142 3736 5181 mo-

500 5217 557 5291 et
587 5232 884 5289 scarabeus
911 5232 978 5284 de
999 5231 1151 5300 ligno
1177 5230 1428 5301 loquitur
1451 5232 1668 5298 (llabac.
1702 5233 1764 5298 II)
1791 5250 1803 5287 :
1837 5247 1938 5284 nos
1968 5245 2098 5283 vero
2180 5230 2368 5284 dicum
2395 5229 2700 5292 decertate,
2724 5234 2781 5282 et
2805 5228 3061 5282 videbitis
3086 5229 3336 5282 salutare
3362 5241 3540 5280 meum
3568 5226 3619 5274 et
3641 5217 3736 5287 glo-

497 5325 634 5380 dum
664 5322 722 5376 in
751 5319 942 5374 multis
970 5320 1312 5384 extollimur,
1344 5320 1400 5373 in
1431 5319 1624 5374 multis
1641 5320 2094 5391 supplantamur.
2181 5320 2324 5373 riam
2349 5335 2553 5372 meam.
2591 5317 2649 5372 Si
2679 5317 2913 5388 diligitis
2956 5335 3064 5384 me,
3107 5317 3152 5371 si
3202 5317 3304 5371 filii
3349 5315 3455 5368 mei
3493 5310 3633 5372 estis,
3676 5301 3732 5356 ad

499 5413 608 5480 Qui
636 5428 766 5466 vero
795 5410 912 5462 haec
955 5408 1214 5473 custodit,
1245 5409 1379 5463 vivit
1422 5409 1525 5463 sub
1570 5409 1756 5480 gratia
1797 5415 1854 5462 et
1889 5409 2094 5463 virtute
2176 5410 2403 5463 Patrem
2445 5413 2707 5478 rogantes
2754 5407 3119 5461 revertimini.
3149 5407 3209 5461 Si
3254 5406 3454 5459 fratres
3478 5399 3579 5456 mei
3604 5393 3728 5454 estis,

497 5501 725 5563 Domini
755 5497 929 5554 nostri
954 5497 1084 5552 ἔθευ
1109 5496 1339 5552 Christi.
2177 5497 2488 5553 erubescite
2509 5514 2610 5569 pro
2635 5496 3224 5567 me,quemadmodum
3243 5499 3567 5567 proptervos
3585 5483 3730 5540 multa

573 5627 594 5670 ³
632 5624 802 5700 Rulli,
833 5622 930 5683 lib.
960 5635 1046 5693 ιιι,
1082 5639 1140 5682 n.
1173 5619 1313 5694 206;
1343 5623 1558 5696 Pelag,
1589 5623 1758 5680 libell.
1789 5638 1843 5692 x,
1877 5640 1936 5679 n.
1969 5622 2058 5694 63,
2090 5623 2316 5680 nomine
2349 5623 2556 5697 Moysis
2583 5642 2595 5692 ;
2628 5621 2883 5695 Append.
2916 5622 3104 5695 Mart.,
3132 5636 3291 5678 num.
3329 5617 3446 5677 108.
