4024 6206
403 298 535 361 1061

1390 296 1627 357 VERBA
1663 293 2061 354 SENIORUM.
2093 289 2432 349 NOTATIO.

3542 290 3682 350 1069

398 441 697 500 perpessus
727 422 948 479 sum.Si
979 438 1109 479 oves
1136 435 1274 478 mere
1300 423 1455 491 estis,
1486 423 1839 479 Dominicam
1872 421 2065 494 pas-A
2152 435 2241 493 12,
2274 432 2651 489 Duodecimus
2696 431 2777 486 ait
2807 450 2818 485 ε
2872 431 2984 486 Vos
3026 430 3273 502 quidem,
3312 432 3529 503 Patres,
3572 452 3681 491 (χε-

398 516 614 571 sionem
639 514 964 587 sequimini.

469 604 522 659 7.
558 605 843 677 Septimus
873 604 987 658 ait:
1009 605 1123 675 Ego
1151 603 1259 658 ista
1275 603 1499 658 assidue
1520 602 1778 670 meditor,
1803 607 1860 657 et
1874 601 1996 656 sine

393 694 811 750 intermissione
839 694 1127 765 colloquor
1154 693 1312 761 mihi,
1334 693 1519 759 fidem,
1542 710 1699 764 spem
1729 697 1785 746 et
1811 690 1996 745 chari-

393 790 601 851 tatem;
633 790 698 838 ut
726 801 824 855 spe
854 783 1081 854 quidem
1104 783 1402 853 gaudeam,
1431 782 1730 836 dilectione
1756 798 1886 835 vero
1902 780 2025 835 ne?

401 874 612 929 minem
643 872 947 944 aliquando
974 872 1323 939 contristem,
1356 876 1412 925 et
1440 872 1548 926 fide
1579 871 1952 926 corroborem.

470 959 523 1018 8.
549 962 788 1018 Octavus
813 964 931 1016 ait:
953 962 1072 1032 Ego
1098 961 1377 1015 volentem
1399 961 1683 1015 diabolum
1711 964 1989 1032 exspecto,

398 1056 743 1125 quaerentem
768 1067 934 1123 quem
967 1051 1210 1105 devoret.
1246 1051 1317 1104 Et
1351 1050 1667 1121 ubicunque
1706 1049 1853 1116 ierit,
1895 1066 1995 1104 ex-

393 1146 585 1214 specto
615 1141 774 1195 illum
804 1139 1167 1194 interioribus
1194 1140 1370 1193 oculis
1410 1140 1570 1199 meis.
1603 1144 1660 1193 et
1688 1138 1992 1193 Dominum

395 1231 578 1286 Deum
606 1231 872 1285 adversus
900 1229 1061 1284 illum
1083 1229 1397 1301 interpello.
1416 1233 1479 1282 ut
1508 1228 1627 1282 sine
1656 1228 1855 1282 eﬂ'ectu
1878 1243 1993 1281 ma-

393 1324 547 1386 neat,
578 1325 635 1374 et
672 1319 732 1373 in
762 1318 916 1373 nullo
946 1318 1265 1389 praevaleat,
1298 1316 1543 1371 maxime
1580 1316 1639 1371 in
1664 1314 1992 1371 timentibus

394 1409 591 1464 Deum.

468 1495 520 1554 9.
547 1498 744 1553 Nonus
771 1496 887 1552 ait:
924 1497 1039 1567 Ego
1066 1495 1313 1567 quotidie
1339 1495 1627 1551 ecclesiam
1651 1496 1997 1551 intellectua-

393 1586 531 1641 lium
558 1586 832 1641 virtutum
861 1590 1138 1657 exspecto,
1169 1586 1472 1640 Dominum
1500 1585 1693 1656 gloriae
1723 1586 1780 1639 in
1807 1584 1993 1639 medio

392 1692 592 1731 earum
650 1676 808 1730 video
858 1691 1026 1747 super
1074 1691 1269 1729 omnes
1314 1675 1721 1746 splendentem.
1755 1674 1992 1738 Quando

2077 526 2279 579 lestem
2319 523 2592 578 habentes
2635 521 3133 587 conversationem,
3161 522 3449 578 caelestem
3492 529 3550 580 et
3586 542 3680 581 sa-

2076 614 2347 686 pientiam
2368 611 2682 685 possidetis.
2718 611 2871 665 Nihil
2901 610 3128 665 mirum.
3154 611 3413 668 Elevatos
3429 630 3523 669 vos
3553 632 3684 687 ope-

2078 703 2235 758 ribus
2267 703 2445 769 video,
2479 708 2536 756 et
2577 701 2867 772 superiora
2902 705 3199 755 sectantes.
3253 701 3400 765 Quid
3439 703 3627 758 dicam
3651 702 3679 758 ?

2078 792 2299 847 Virtute
2324 791 2475 846 enim
2503 790 2674 845 etiam
2701 789 3028 861 transpositi
3049 789 3184 844 estis
3205 795 3682 858 terram,vosmet-

2076 880 2226 952 ipsos
2255 898 2322 936 ex
2349 885 2468 935 toto
2497 880 2809 934 alienantes
2835 877 2905 932 ab
2955 894 3039 932 ea.
3096 878 3243 942 Quid
3294 880 3521 934 dicam?
3565 882 3679 936 Vos

2074 975 2331 1025 terrenos
2378 969 2607 1040 angelos
2644 975 2700 1023 et
2742 968 2994 1022 caelestes
3032 968 3289 1023 homines
3320 968 3531 1039 dicens,
3562 986 3676 1025 non

2075 1060 2440 1132 peccaverim.
2466 1060 2584 1128 Ego
2608 1074 2739 1113 vero
2768 1074 2857 1111 me
2876 1057 2970 1111 his
2994 1056 3285 1127 indignum
3309 1058 3679 1129 judicans,vi-

2074 1150 2179 1203 dco
2213 1149 2361 1220 quod
2390 1154 2620 1220 peccata
2648 1163 2791 1211 mea,
2836 1145 3155 1216 ubicunque
3176 1145 3313 1213 iero,
3346 1149 3672 1218 praecedunt

2074 1254 2166 1293 me
2184 1255 2408 1309 semper
2419 1238 2489 1292 ad
2510 1238 2799 1292 dexteram
2821 1240 2879 1290 et
2891 1235 2962 1290 ad
2978 1235 3267 1291 sinistram
3296 1254 3307 1289 :
3330 1237 3387 1291 in
3398 1237 3680 1294 infernum

2077 1345 2206 1383 vero
2259 1326 2576 1398 adjudicavi
2616 1325 2917 1398 meipsum,
2960 1324 3191 1379 dicens:
3252 1325 3384 1379 Esto
3413 1342 3540 1380 cum
3588 1327 3676 1383 his

2079 1416 2281 1488 quibus
2299 1417 2503 1486 dignus
2522 1415 2730 1481 es,istis
2746 1419 2875 1485 post
2891 1414 3175 1468 modicum
3193 1414 3678 1471 annumeraberis.

2076 1506 2251 1561 Video
2280 1505 2456 1576 igitur
2479 1504 2555 1559 ibi
2584 1521 2747 1576 pares
2766 1503 3012 1574 gemitus
3033 1508 3091 1557 et
3120 1503 3479 1559 incessabiles
3507 1504 3683 1578 lacry-

2075 1612 2216 1662 mas,
2249 1611 2371 1666 quae
2400 1611 2435 1648 a
2462 1594 2616 1648 nullo
2638 1592 2835 1647 referri
2878 1597 3109 1663 queunt.
3152 1592 3376 1663 Aspicio
3406 1594 3680 1665 quosdam

2076 1684 2381 1739 stridentes
2401 1682 2682 1749 dentibus,
2715 1688 2769 1737 et
2796 1681 3061 1737 salientes
3079 1686 3200 1736 toto
3229 1698 3481 1753 corpore,
3497 1689 3553 1737 et
3568 1689 3679 1740 tre-

391 1771 583 1820 autem
618 1764 915 1820 abscedam
959 1763 1030 1819 ab
1070 1781 1157 1829 eo,
1182 1765 1420 1819 ascendo
1451 1765 1509 1819 in
1539 1765 1759 1829 ccelum,
1794 1780 1990 1835 exspe-
2012 1777 2059 1837 Β
2078 1773 2542 1845 ωθηιεεαοερίιρ
2558 1788 2736 1843 usque
2765 1772 2838 1826 ad
2864 1770 3054 1843 pedes.
3078 1768 3153 1824 Et
3163 1771 3388 1841 jactans
3408 1788 3679 1844 mesuper

391 1859 552 1909 etans
607 1853 968 1909 admirandas
1022 1853 1469 1925 pulchritudines
1526 1854 1876 1925 angelorum,
1935 1858 1993 1907 et

394 1960 536 2016 quos
567 1944 835 1999 emittunt
860 1944 1100 2016 hymnos
1126 1942 1533 1997 incessabiliter
1551 1944 1687 2010 Deo,
1718 1948 1775 1997 et
1799 1943 1992 1997 dulces

397 2050 595 2089 eorum
636 2034 975 2093 cantilenas;
1019 2032 1355 2103 diﬁ‘erorque
1400 2033 1551 2087 sonis
1581 2049 1646 2087 ac
1674 2032 1899 2087 vocibus
1933 2037 1991 2086 et

397 2123 693 2189 suavitate,
739 2129 806 2177 ut
842 2123 1013 2178 libeat
1057 2124 1343 2179 reminisci
1383 2124 1532 2194 quod
1561 2122 1832 2193 scriptum
1862 2127 1987 2177 est:

398 2212 536 2267 Caeli
566 2217 834 2267 enarrant
860 2213 1099 2284 gloriam
1137 2214 1257 2280 Dei,
1290 2218 1346 2267 et
1373 2229 1543 2284 opera
1572 2228 1843 2266 manuum
1872 2212 1993 2282 ejus

397 2301 741 2357 annuntiant
771 2301 1190 2358 ﬁrmamentum
1223 2305 1387 2368 (Psal.
1407 2300 1859 2370 xvm).Etomnia
1872 2317 1995 2373 quae

398 2408 567 2463 super
587 2398 798 2446 terram
818 2397 969 2457 sunt,
994 2392 1143 2447 sicut
1161 2391 1408 2446 cinerem
1424 2396 1480 2445 et
1498 2397 1748 2446 stercora
1774 2390 1992 2462 opinor.

472 2479 559 2537 lO.
582 2481 846 2536 Decimus
858 2482 970 2537 ait:
1005 2482 1122 2552 Ego
1145 2482 1409 2552 angelum
1428 2498 1619 2536 meum
1637 2481 1997 2536 assistentem

405 2570 546 2624 mihi
567 2572 731 2641 juxta
747 2588 839 2625 me
876 2576 1137 2642 exspecto
1162 2589 1175 2624 ι
1209 2576 1268 2625 et
1294 2571 1547 2625 custodio
1577 2570 1990 2641 memetipsum,

399 2660 551 2731 quod
577 2660 847 2732 scriptum
879 2666 966 2715 est
987 2660 1381 2715 reminiscens:
1414 2659 1782 2714 Providebam
1812 2659 1995 2715 Domi-

396 2765 533 2805 num
562 2750 621 2804 in
654 2755 953 2822 conspectu
982 2766 1107 2804 meo
1135 2766 1375 2821 semper,
1408 2749 1673 2821 quoniam
1704 2766 1740 2803 a
1784 2748 1993 2803 dextris

395 2844 484 2893 est
538 2838 698 2903 mihi,
742 2855 816 2892 ne
865 2854 1220 2893 commovear
1250 2840 1410 2908 (Psal.
1442 2842 1550 2907 xv).
1584 2838 1779 2893 Timeo
1818 2837 1993 2909 igitur

2072 1865 2304 1929 terram,
2356 1867 2413 1917 et
2451 1862 2795 1933 amplectens
2857 1860 3123 1925 cinerem,
3151 1860 3421 1931 deprecor
3471 1860 3676 1928 Deum,

2074 1968 2365 2023 nunquam
2385 1968 2616 2006 casuum
2639 1967 2728 2005 me
2756 1950 2981 2005 illorum
3003 1949 3385 2021 experimenta
3398 1950 3670 2022 accipere.

2078 2041 2256 2095 Video
2287 2046 2345 2095 et
2378 2056 2537 2095 mare
2565 2040 2711 2112 ignis
2740 2038 3028 2094 bullientis
3053 2037 3445 2106 immensibile,
3480 2044 3538 2093 et
3564 2040 3676 2094 cir-

2075 2130 2407 2186 cumﬂentes
2434 2135 2492 2185 et
2522 2130 2861 2199 mugientes,
2878 2133 2944 2183 ut
2972 2133 3172 2199 putent
3198 2126 3374 2199 aliqui
3401 2143 3578 2199 usque
3606 2127 3679 2183 ad

2076 2218 2244 2272 ccclos
2270 2218 2546 2288 attingere
2576 2218 2778 2271 ﬂuctus
2795 2215 3091 2287 ignis,etin
3106 2216 3399 2271 tremendo
3416 2216 3511 2270 illo
3532 2216 3678 2271 mari

2076 2305 2515 2361 innumerabiles
2550 2305 2807 2361 homines
2843 2304 3088 2375 dejectos
3118 2302 3188 2359 ab
3234 2302 3548 2374 agrestibus
3577 2321 3588 2358 :
3623 2307 3682 2359 et

2077 2411 2193 2450 una
2211 2411 2342 2450 voce
2363 2412 2558 2450 omnes
2584 2395 2710 2449 illos
2740 2394 3047 2448 clamantes
3088 2398 3146 2447 et
3172 2392 3455 2447 ululantes
3486 2392 3673 2460 simul,

2080 2485 2274 2555 quales
2293 2502 2458 2539 nemo
2479 2501 2649 2556 super
2668 2489 2879 2538 terram
2898 2482 3148 2537 ululatus
3162 2488 3221 2537 et
3235 2498 3397 2537 voces
3424 2498 3677 2553 unquam

2079 2574 2356 2641 audierat,
2411 2580 2469 2628 et
2510 2574 2656 2629 sicut
2683 2573 2903 2628 arentia
2935 2571 3119 2626 omnis
3146 2571 3375 2642 virgulti
3400 2587 3673 2639 cremare,

2079 2663 2468 2718 misericordia
2487 2669 2678 2718 autem
2699 2662 2802 2717 Dei
2831 2666 3118 2716 avertente
3136 2677 3196 2716 se
3219 2660 3289 2714 ab
3313 2660 3424 2715 illis
3446 2664 3679 2733 propter

2074 2752 2384 2823 injustitias
2413 2770 2630 2810 eorum.
2646 2753 2712 2807 Et
2737 2758 2872 2807 tunc
2888 2752 3134 2805 lamento
3150 2766 3332 2821 genus
3360 2749 3674 2818 hominum,

2075 2842 2224 2913 quod
2242 2842 2449 2896 audeat
2460 2842 2613 2913 loqui
2634 2842 2719 2895 vel
2739 2840 2968 2896 cuilibet
2981 2839 3293 2906 attendere,
3308 2840 3483 2894 tantis
3502 2855 3677 2894 mun-

395 2943 547 2993 eum,
580 2932 646 2981 ut
663 2927 1072 2982 custodientem
1092 2927 1210 2982 vias
1239 2944 1412 2994 meas,
1438 2933 1495 2981 et
1523 2926 1773 2998 quotidie
1800 2943 1991 2982 ascen-
2072 2932 2144 2985 do
2174 2931 2433 3002 repositis
2462 2931 2645 2985 malis.
2681 2931 2751 2985 Et
2780 2930 2839 2984 in
2867 2930 2955 2983 his
2985 2935 3151 2983 teneo
3180 2933 3431 2982 mentem
3464 2945 3670 2997 meam,

394 3017 623 3072 dentem
666 3017 735 3072 ad
778 3018 980 3085 Deum,
1027 3022 1085 3072 et
1119 3017 1502 3072 insinuantem
1550 3022 1708 3072 actus
1750 3033 1905 3072 meos
1934 3021 1990 3071 et
2069 3020 2283 3075 luctum
2317 3021 2619 3088 meditans,
2657 3020 2803 3092 quod
2826 3019 2907 3073 ait
2935 3018 3225 3084 Dominus,
3249 3017 3545 3088 indignum
3578 3034 3669 3073 me

390 3106 575 3162 verba.

2003 3095 2047 3156 ί]
2067 3110 2205 3165 coelo
2235 3116 2294 3165 et
2316 3117 2470 3165 terra
2492 3110 2774 3181 judicans,
2802 3113 3182 3180 reputansque
3216 3105 3363 3178 quod
3393 3106 3668 3179 scriptum

459 3196 521 3253 il
544 3196 907 3254 .Undecimus
928 3197 1010 3251 ait
1041 3214 1053 3250 :
1086 3197 1202 3267 Ego
1231 3211 1527 3268 personam
1548 3196 1845 3267 imponens
1873 3195 1987 3250 vir-
2069 3205 2157 3254 est
2188 3219 2199 3254 :
2241 3200 2423 3255 Factae
2451 3205 2585 3255 sunt
2612 3199 2752 3255 mihi
2798 3200 3059 3270 lacrymae
3096 3213 3235 3252 meae
3272 3211 3446 3268 panes
3485 3195 3577 3251 die
3606 3212 3673 3251 ac

388 3286 626 3352 tutibus,
658 3286 827 3341 veluti
851 3286 898 3341 si
930 3284 1304 3351 abstinentiae,
1334 3284 1598 3352 castitati,
1626 3284 1983 3355 benignitati,
2070 3295 2231 3344 nocte
2261 3289 2428 3351 (Psal.
2459 3294 2589 3358 xu).

391 3375 698 3443 dilectioni,
742 3376 802 3430 in
844 3375 1122 3446 meipsum
1153 3374 1326 3440 steti;
1369 3379 1427 3429 et
1467 3374 1826 3429 circumdans
1851 3373 1989 3427 mihi

2141 3376 2272 3433 Haec
2298 3378 2637 3450 sapientium
2655 3382 2713 3433 et
2731 3374 3109 3449 spiritualium
3131 3390 3402 3447 responsa
3417 3374 3671 3430 Patrum.

389 3465 538 3531 illas,
590 3471 649 3519 et
700 3463 1021 3536 ubicunque
1060 3464 1199 3527 iero,
1228 3463 1351 3519 dico
1379 3464 1517 3518 mihi
1546 3464 1653 3534 ipsi
1689 3482 1700 3517 :
1730 3462 1826 3518 ubi
1857 3467 1991 3518 sunt
2070 3467 2140 3522 Et
2165 3468 2353 3523 veniat
2381 3475 2439 3522 et
2466 3469 2525 3522 in
2546 3485 2648 3522 nos
2677 3467 2850 3537 digna
2878 3465 3167 3531 memoria,
3198 3470 3264 3520 ut
3284 3464 3673 3520 narrationem

392 3570 664 3626 sequaces
689 3554 847 3609 tuae?
874 3555 959 3609 Ne
986 3552 1360 3625 pusillanimis
1387 3552 1485 3619 sis,
1508 3569 1579 3607 ne
1608 3552 1857 3620 deﬁcias,
1888 3553 1991 3607 ha-

2074 3557 2511 3612 conversationis
2548 3573 2717 3628 opere
2745 3555 3042 3610 ostendere
3083 3556 3381 3627 possimus,
3439 3560 3506 3610 ut
3542 3553 3675 3609 facti

388 3643 529 3698 bens
545 3645 782 3714 juxtate
810 3659 877 3697 ea
903 3658 1143 3714 semper.
1163 3642 1523 3713 Quaecunque
1552 3641 1747 3710 libent,
1766 3643 1993 3714 loquere
2073 3646 2551 3718 invituperabiles,
2597 3651 2654 3700 et
2702 3645 2951 3717 perfecti,
3003 3650 3061 3699 et
3123 3642 3668 3716 irreprehensibiles,

391 3731 463 3786 de
490 3732 715 3795 virtute,
740 3736 804 3786 ut
822 3736 951 3804 post
967 3737 1208 3786 mortem
1230 3731 1604 3787 testiﬁcentur
1624 3732 1694 3787 de
1719 3738 1777 3787 te
1800 3749 1988 3788 coram

390 3820 530 3889 Deo,
562 3821 695 3893 quia
720 3820 1055 3876 invenerunt
1082 3820 1334 3892 requiem
1355 3820 1416 3876 in
1446 3826 1520 3876 te.

2074 3736 2398 3808 placeamus
2416 3735 2691 3791 Salvatori
2717 3740 2929 3790 nostro.
2964 3733 3069 3790 Cui
3090 3739 3178 3789 est
3208 3734 3387 3789 honor
3405 3738 3464 3789 et
3490 3731 3674 3804 gloria

2071 3825 2131 3880 in
2156 3826 2359 3881 saecula
2389 3825 2740 3881 saeculorum.
2767 3826 2967 3879 Amen.

1631 3937 2016 3995 ROSWEYDI
2053 3941 2393 3997 NOTATIO.

468 4039 664 4101 686
689 4035 876 4090 Pauca
901 4034 1008 4089 hoc
1034 4034 1177 4090 libro
1198 4033 1444 4089 notanda
1468 4038 1603 4089 sunt
1635 4052 1763 4090 cum
1793 4053 1859 4091 ex
1889 4053 1993 4091 an-

397 4107 617 4162 tedictis
651 4107 743 4161 lux
764 4106 1050 4177 aﬂ'ulgeat.

469 4178 555 4249 (1)
582 4176 881 4249 Lebetone.]
910 4176 1205 4248 Pelagius,
1227 4176 1415 4231 libello
1430 4190 1545 4245 vm,
1567 4177 1996 4246 num.18,habet

398 4248 569 4304 sacco.
601 4248 741 4302 Vide
760 4248 1179 4303 Onomasticon.

476 4322 548 4392 (2)
590 4319 901 4392 Eulogiug]
932 4319 1158 4392 Eadem,
1171 4319 1413 4392 historia
1428 4336 1597 4392 sensu
1624 4319 1819 4375 eodem
1844 4320 1995 4392 apud

2074 4040 2337 4093 dominus
2353 4039 2686 4093 helluo.Non
2701 4039 3129 4109 potius.domim'
3138 4037 3394 4104 helluo,si
3408 4036 3456 4091 is
3472 4051 3676 4109 sensus

2075 4109 2276 4191 placet;
2299 4110 2447 4191 quod
2465 4108 3281 4191 Herveto’dominamspoljasti
3298 4114 3321 4162 ?
3341 4108 3674 4163 Paschasius

2076 4181 2250 4234 etiam
2275 4180 2498 4234 videtur
2525 4180 2728 4251 legisse
2752 4182 3033 4251 φαγοκύρις,
3061 4180 3159 4251 sed
3183 4180 3293 4233 alio
3317 4195 3511 4251 sensu;
3542 4194 3677 4233 nam

2073 4251 2554 4320 vertit,proprz'am
2575 4249 2802 4305 domum
2818 4249 3092 4305 devorasti
3097 4250 3303 4314 .Quare
3317 4249 3399 4303 illi
3416 4250 3676 4320 φαγοκύρις

2078 4329 2181 4405 est,
2189 4322 2348 4405 quasi
2361 4323 2539 4393 κυρίων
2552 4322 2703 4393 φάγος
2713 4322 3677 4405 propriaminferum‘dcvoratar.Et

399 4391 638 4463 Pallad,
667 4406 790 4463 cap.
821 4389 909 4456 '26,
940 4391 1414 4463 quempHervetus
1443 4391 1698 4445 Latinam
1730 4389 1990 4447 reddidit.
2019 4439 2061 4463 η
2076 4389 2255 4448 facilis
2277 4411 2312 4448 a
2335 4389 2569 4447 suarum
2588 4389 2776 4446 rerum
2805 4389 3206 4463 dilapidatione
3229 4391 3297 4445 ad
3316 4390 3530 4445 furtum
3549 4405 3676 4460 gra-

399 4439 1996 4536 uagas(agamagam;is'aagluagav‘oatau
2019 4439 2062 4498 ί)
2077 4439 2312 4528 his};
2335 4439 2605 4536 ἧὶῖιοῖὲὲ
2621 4439 3675 4536 ἶίῐεῗιιᾧ’ἑ”ἕὸιῖἶιὶἓῐέῖῃῐιῖιῖ,ίζςέι’ἷὶιῗὶ›ὗ-

398 4550 527 4588 rum
582 4533 969 4599 translatione,
1002 4534 1099 4606 uti
1136 4539 1195 4606 et
1230 4540 1391 4606 vetus
1431 4534 1991 4606 Palladiiinterpres.

398 4606 538 4660 Ecce
567 4606 751 4660 locum
779 4621 976 4672 unum,
1006 4604 1103 4658 sed
1134 4604 1434 4672 insignem,
1466 4622 1622 4660 num.
1652 4604 1707 4659 4.

468 4677 548 4748 (3)
582 4676 992 4758 Scholasticusj
1041 4676 1212 4758 Varia
1232 4675 1422 4758 ‘hujus
1461 4677 1609 4730 vocis
1636 4675 1992 4758 signiﬁcatio.

400 4747 540 4820 Fere
583 4764 689 4820 prop
714 4747 982 4802 advocato
1012 4747 1097 4801 vel
1127 4747 1507 4802 declamatore
1538 4747 1824 4820 accipitur.
1857 4749 1997 4804 Vide

400 4818 820 4876 Onomasticon.

476 4892 548 4959 (4)
574 4894 840 4957 Fugitive,
872 4893 972 4960 qui
995 4892 1285 4959 propriam
1318 4892 1546 4944 domum
1586 4892 1880 4957 devorasti,
1907 4894 2005 4960 fu-

401 4968 666 5043 ratusquc
694 4966 1007 5043 “ahenam
1025 4960 1895 5043 substantiam.1vetusPalladii
1911 4964 2001 5043 in-

400 5037 620 5105 terpres
653 5056 665 5089 :
694 5052 719 5105 ᾳ
753 5034 931 5088 Multa
958 5033 1107 5086 mala
1135 5032 1479 5095 commisisti,
1512 5032 1742 5103 fugitive
1766 5034 2000 5089 forsitan

402 5104 618 5159 domini
642 5104 748 5169 tui,
773 5106 982 5159 alienas
1004 5105 1272 5175 pecunias
1299 5106 1518 5158 furatus
1542 5121 1622 5158 es.
1649 5124 1674 5157 »
1700 5105 1995 5174 Hervetus,

401 5177 679 5231 recentior
711 5176 947 5230 Palladii
976 5174 1254 5242 interpres
1288 5194 1299 5228 :
1340 5194 1362 5225 ι
1397 5174 1503 5229 Abi
1533 5175 1681 5242 hinc,
1729 5177 1999 5232 scelerate

399 5247 652 5318 fugitive,
676 5247 982 5303 suifuratus
1006 5263 1066 5300 es
1088 5246 1301 5300 alienas
1329 5246 1614 5318 pecunias,
1630 5252 1688 5301 et
1706 5247 1998 5303 dominum

400 5320 675 5389 spoliasti.
704 5339 727 5370 ι
750 5320 883 5382 Quae
903 5319 1181 5373 Meursius
1195 5318 1255 5371 in
1274 5318 1559 5372 Glossario
1589 5334 1691 5372 suo
1721 5334 1785 5371 ex
1807 5320 1998 5389 Gnaeo

400 5387 507 5462 nis.
541 5390 622 5445 sic
648 5394 1017 5462 repraesentat
1046 5408 1058 5443 :
1093 5390 1295 5462 Σχάτα,
1328 5390 1583 5462 γλούττονᾉ,
1616 5390 1870 5462 pavonum,
1904 5387 1998 5444 ἀλ-

399 5460 575 5532 λότρια
598 5460 836 5535 χρήρατα
864 5462 1083 5535 ἔκλεψας.
1122 5460 1229 5525 Qui
1258 5466 1449 5535 tamen
1479 5460 1644 5535 unica
1670 5460 1911 5535 dictione
1940 5468 1998 5517 et

398 5530 502 5605 per
537 5554 566 5586 κ
601 5530 740 5604 légit
775 5530 1178 5605 σκατογλούττῳν
1212 5550 1225 5585 :
1258 5532 1485 5605 vultque
1523 5530 1774 5605 Palladio
1813 5552 1994 5605 anato-

2079 4554 2245 4601 rasse,
2266 4542 2323 4590 et
2332 4533 2521 4590 aliena
2538 4537 2601 4603 fu
2610 4541 2799 4589 ratum
2820 4533 3127 4589 esse.Vetus
3142 4533 3377 4589 Palladii
3396 4533 3676 4603 interpres

2078 4608 2282 4678 legisse
2304 4607 2521 4661 videtur
2539 4608 2769 4678 φυγοκύρι
2794 4623 2806 4659 :
2828 4607 2995 4660 vertit
3014 4606 3183 4678 enim,
3209 4606 3443 4678 fugitive
3460 4605 3679 4678 domini

2080 4627 2282 4678 leglsse
2304 4627 2521 4661 Videtur
2539 4627 2599 4677 φυ
2636 4627 2769 4678 οκυρι
2794 4627 2806 4659 :
2828 4627 2995 4660 verum
3014 4627 3183 4672 emm,
3209 4627 3443 4674 [uguwc
3460 4627 3675 4657 uumuu

2080 4684 2183 4733 tui.
2219 4678 2378 4743 Quod
2416 4678 2564 4732 idem
2602 4627 2882 4733 iieursius
2920 4695 2987 4731 ex
3024 4677 3207 4749 σχάτα,
3247 4677 3503 4747 γλούττον,
3546 4673 3679 4749 facit

2088 4752 2515 4832 σχαταγλούττων,
2572 4750 2822 4832 nondum
2860 4744 3113 4832 ‘probaife
3161 4744 3389 4832 possum
3432 4764 3444 4798 :
3486 4744 3675 4816 potius

2088 4817 2324 4875 dixerim
2366 4838 2488 4875 esse
2516 4838 2583 4875 ea
2611 4821 2722 4875 duo
2761 4817 2934 4874 verba
2955 4817 3242 4891 probrosa,
3267 4817 3371 4872 etsi
3387 4832 3536 4871 nunc
3563 4832 3678 4871 non

2086 4893 2169 4947 ita
2196 4892 2438 4948 cognita.

2160 4910 3019 5043 L(£0152}{iis(iustior:ibus.]AQuia
3041 4961 3101 5016 in
3122 4966 3376 5043 tempore
3391 4976 3457 5043 ex
3470 4960 3673 5043 εμπερ-

2084 5031 2247 5090 stana
2264 5035 2623 5097 Bibliotheca,
2649 5031 3064 5105 promptissime
3086 5032 3453 5087 submittente
3470 5031 3678 5087 Davide

2084 5107 2417 5172 Hoeschelio,
2460 5107 2565 5161 hoc
2594 5107 2777 5176 ipsum
2808 5110 2977 5176 caput
3006 5105 3196 5159 Greece
3226 5119 3554 5176 expressum
3583 5119 3680 5159 ac-

2082 5178 2223 5249 cepi,
2253 5179 2414 5248 juvat
2440 5177 2530 5231 hic
2558 5177 2886 5231 subnectere
2910 5193 2921 5229 :

2083 5286 2319 5357 Διήγησις
2352 5285 2395 5337 ιϐ
2425 5286 2671 5357 πατέρῳν,
2704 5281 2781 5337 ἐπὶ
2809 5281 2866 5337 τὰ
2906 5281 3025 5337 αὖτό
3064 5282 3392 5357 ᾳυνελθόντων
3431 5283 3540 5354 περὶ
3577 5286 3676 5337 τῶν

2556 5353 2745 5409 οἰκείων
2776 5355 3196 5428 κατορθωμάτων.

2163 5460 2521 5535 Ἀναχωρηταί
2559 5481 2677 5515 ποτε
2716 5462 2859 5535 ᾳοφοὶ
2886 5464 2966 5535 καὶ
2995 5460 3336 5535 *πνευμᾳτικοξῃ
3368 5458 3561 5535 δώξεκα
3588 5455 3673 5535 εςὸν

2078 5528 2329 5605 domum:
2352 5528 2670 5605 άυναχθέντες
2721 5528 2799 5588 Eni
2846 5532 2904 5587 τὸ
2953 5532 3090 5605 αὐτὸ,
3124 5528 3670 5605 ’ἀπήτῄσανιὲαμτοὺςρ

398 5590 827 5676 ἦλούττωνῖάθω
1008 5590 1494 5677 quodqxatopaiyo;
1521 5601 1903 5677 Aristophani,
1933 5604 1993 5659 id

2080 5590 2224 5658 εἰπεὶν
2251 5590 2536 5677 ΔἕκαιστονἜ
2573 5608 2896 5677 κατώρθωσεν
2945 5604 2993 5660 ἑν
3038 5590 3111 5677 τῷ
3379 5595 3545 5668 αὐτοῦ,
3586 5590 3668 5662 κάῖ

399 5670 507 5753 est,
535 5670 1094 5737 stercorimanducds.
1125 5674 1321 5734 Eidem
1346 5670 1591 5735 Meursio
1619 5670 1993 5752 φαίοκύριςθει

2080 5677 2219 5732 ποίαν
2244 5672 2446 5748 ἄσκησιν
2474 5676 2657 5748 ἤσκησε
2684 5670 2766 5735 iani
2794 5670 3119 5757 πνευματικῆν
3148 5670 3343 5752 ἀρηήν.
