4008 6210
293 271 437 329 1065
1323 275 1402 331 ΙΝ
1439 275 1774 332 PALLADII
1812 275 1876 331 LI

1979 274 2091 329 .UM
2128 270 2537 329 PRIELUDIA.
3420 274 3562 335 1666

282 397 477 452 Vestis
506 413 729 472 quoque
757 398 834 452 sit
851 399 1109 472 monachi
1135 400 1601 472 quaenuditatem
1632 405 1688 456 et
1718 400 1884 472 frigo-
1898 404 1950 463 Α
1969 399 2079 456 Sed
2097 404 2335 472 rectum,
2365 399 2567 472 inditi,
2600 397 2658 452 id
2689 402 2774 453 est
2799 399 3046 455 ascititii.

281 485 419 543 rem!
463 470 718 543 repellat,
739 486 863 543 _non
914 471 1074 543 inditi
1112 470 1331 543 coloris,
1363 489 1474 543 qua
1517 473 1574 526 in
1611 470 1886 543 jactantia
2038 471 2279 543 Adverte
2303 471 2492 535 etiam,
2517 470 2782 543 pleraque
2795 488 2916 542 quae
2938 489 3064 526 cum
3083 470 3308 526 Rufﬁno
3323 471 3561 528 Pascha-

285 541 572 615 elationis,
608 547 707 595 aut
726 541 794 615 in
823 542 1068 615 vanitate
1089 542 1278 615 anima
1307 541 1628 599 ﬂuctuetur.
1666 564 1691 596 »
1969 543 2085 598 sius
2113 542 2282 615 habet
2309 541 2658 615 communia,
2676 541 2875 615 iisdem
2903 546 3018 597 fere
3047 543 3230 598 verbis
3258 544 3407 615 apud
3431 545 3563 599 Ruf-

362 613 697 667 Correxerat
726 612 815 666 hic
839 613 1040 668 sciolus
1067 614 1296 685 quidam
1338 617 1516 669 indici
1551 632 1653 686 pro
1691 616 1884 670 inditi.
1969 616 2145 667 ﬁnum
2177 619 2233 667 et
2260 613 2620 668 Paschasium
2650 614 2866 668 haberi.

287 757 3548 799 Ἦ

1156 934 1363 1086 DE
1441 933 1912 1090 VITIS
1997 934 2708 1089 PATRUM

659 1219 1564 1464 LIBER
1717 1221 3204 1508 OCTAVUS,

1843 1563 2024 1625 SIVE

799 1739 1864 1882 HISTORIA
2001 1742 3086 1916 LAUSIACA,

733 1970 1172 2067 AUCTORE
1248 1969 1773 2089 PALLADIO,
1837 1973 2595 2069 HELENOPOLEOS
2684 1975 3162 2071 EPISCOPO.

986 2127 1673 2199 INTERPRETE
1744 2124 2295 2198 GEN'I‘IANO
2362 2127 2899 2203 HERVETO.
2965 2215 2968 2218 λ

669 2454 819 2550 ΙΝ
923 2452 1620 2550 PALLADII
1717 2453 2287 2552 LIBRUM
2396 2451 3214 2576 PRAELUDIA,

1347 2638 1448 2699 ET
1499 2638 1604 2698 DE
1643 2636 1915 2700 EODEM
1955 2637 2183 2700 LlBRO
2237 2637 2546 2701 ELOGIA.

1696 2862 2216 3006 feriati.

377 3093 570 3156 388
601 3088 762 3154 Quod
790 3087 932 3144 libro
961 3089 1144 3160 primo
1173 3092 1230 3144 et
1268 3089 1511 3144 secundo
1560 3090 1942 3160 praestitimus,
1991 3094 2055 3143 ut
2086 3096 2401 3158 auctorum,
2438 3109 2676 3163 quorum
2723 3097 2972 3168 potiores
3007 3100 3068 3154 in
3108 3100 3178 3156 iis
3216 3101 3374 3159 libris
3402 3111 3591 3176 partes

308 3183 492 3248 erant,
514 3179 992 3251 peregrinationes
1031 3177 1135 3232 sub
1173 3194 1348 3233 unum
1390 3184 1677 3249 aspectum
1714 3196 1782 3234 ex
1828 3177 2139 3234 Annalibus
2178 3179 2543 3235 illustrissimi
2575 3185 2874 3241 cardinalis
2911 3187 3139 3244 Baronii
3177 3190 3587 3264 exhiberemus,

307 3269 460 3324 idem
491 3269 580 3324 hic
618 3274 883 3340 praestare
912 3268 1258 3323 conabimur.
1295 3268 1496 3339 Accipe
1525 3268 1702 3338 igitur
1739 3268 1976 3322 Palladii
2021 3269 2554 3339 peregrinationem,
2589 3289 2690 3343 per
2727 3292 2905 3331 annos
2941 3282 3000 3332 et
3040 3279 3161 3334 loca
3205 3281 3394 3354 aliquo
3424 3286 3590 3341 modo

305 3359 620 3430 generatim
657 3360 952 3430 digestam.
986 3359 1129 3413 Nam
1160 3357 1377 3428 reliqua
1416 3357 1636 3412 minuta
1676 3362 1732 3410 et
1782 3358 2148 3428 particulares
2197 3364 2501 3414 conventus
2530 3361 2589 3415 in
2616 3363 2794 3433 ipsius
2825 3371 2986 3421 textu
3027 3368 3198 3440 leges.
3232 3371 3506 3443 Subjunxi
3533 3381 3592 3430 et

309 3448 567 3504 Melaniae
589 3448 830 3519 junioris
854 3448 1034 3503 varias
1062 3446 1450 3518 profectiones,
1483 3445 1554 3499 ad
1584 3446 1768 3499 lucem
1796 3446 2052 3512 Palladii,
2083 3447 2180 3517 qui
2221 3447 2404 3501 obiter
2453 3455 2675 3504 tantum
2715 3454 2968 3523 quaedam
3002 3457 3072 3512 de
3116 3459 3238 3529 ejus
3267 3461 3470 3517 itinere
3499 3465 3589 3519 in-

309 3538 517 3594 sinuat.
546 3539 627 3593 De
655 3538 897 3593 Melania
924 3537 1161 3601 seniore,
1185 3537 1346 3606 cujus
1374 3535 1544 3588 etiam
1576 3534 1862 3588 Palladius
1899 3535 2176 3601 meminit,
2206 3535 2378 3590 habes
2411 3536 2532 3592 fuse
2556 3555 2727 3611 supra
2754 3543 2811 3596 in
2841 3545 3126 3614 praeludiis
3157 3549 3230 3602 ad
3262 3549 3469 3606 librum
3496 3569 3587 3608 se-

307 3627 575 3693 cundum,
608 3643 737 3681 cum
775 3627 844 3681 de
885 3625 1114 3690 Rufﬁni,
1156 3625 1251 3696 qui
1293 3626 1416 3694 ejus
1462 3623 1592 3678 libri
1641 3624 1721 3678 vel
1766 3629 1978 3691 auctor,
2012 3625 2100 3677 vel
2144 3624 2424 3696 interpres
2467 3633 2571 3694 est,
2627 3633 3082 3701 peregrinatione
3128 3639 3369 3708 egimus,
3417 3657 3586 3712 quem

305 3715 561 3771 Melania:
588 3715 752 3770 lateri
776 3715 1040 3769 comitem
1071 3713 1314 3780 haesisse,
1350 3719 1407 3768 et
1444 3713 1911 3784 ptegrinationis
1935 3714 2058 3784 ejus
2088 3712 2261 3769 fuisse
2293 3715 2528 3782 socium,
2570 3721 2770 3774 statuit
2794 3721 3082 3780 Baronius.

300 3869 3574 3909 __________._________—__._________________

828 3972 1372 4030 PEREGRINATIO
1924 3976 1972 4036 B
2059 3975 2248 4029 Mirati
2267 3994 2464 4032 sumus
2484 3980 2544 4048 (ο)
2574 3979 2818 4051 aliquem
2848 3981 3104 4039 dubitare
3125 4002 3261 4043 num
3288 3989 3380 4045 hic
3395 3989 3586 4047 Palla-

1081 4113 1220 4139 ωηατ
1235 4114 1334 4139 mu
1357 4112 1598 4139 “tam”
1985 4062 2110 4116 dius
2136 4063 2287 4118 idem
2311 4065 2386 4120 sit
2404 4083 2532 4120 cum
2557 4066 2652 4120 illo
2685 4085 2849 4139 quem
2871 4070 3040 4126 fuisse
3070 4076 3300 4132 natione
3325 4079 3582 4137 Galatam

601 4114 872 4168 PALLADII,
917 4113 1335 4156 HELENOPOLEOS
1356 4112 1616 4155 EPISCOPI.
1991 4112 2106 4116 "'“‘
2136 4112 2288 4164 “‘“j
2311 4112 2385 4120 *η
2406 4112 2532 4166 "'"j
2557 4112 2657 4166 "'1
2687 4112 2849 4139 1""-
2871 4112 3040 4126 ι--υυν
3070 4112 3300 4132 ιιαυινιισ
3326 4112 3582 4137 una:qu

795 4229 825 4238 κ
908 4229 928 4238 Α
985 4229 1022 4238 ι.
1108 4229 1142 4238 _
1260 4227 1298 4238 Η
1985 4156 2042 4205 et
2058 4153 2402 4222 professione
2428 4155 2812 4226 Origemstam
2831 4166 3060 4216 sanctus
3076 4163 3452 4238 Hieronymus
3471 4176 3586 4225 tra-

785 4229 1052 4296 Profectio
1080 4227 1418 4296 ng'ypliacao
1986 4240 2100 4306 dit;
2144 4258 2268 4295 cum
2299 4242 2449 4296 idem
2478 4243 2597 4313 ipse
2644 4245 2929 4301 Palladius
2959 4265 3024 4303 eo
3075 4227 3478 4312 commentario
3525 4260 3582 4315 id

380 4335 541 4387 Anno
586 4334 794 4388 Christi
833 4332 963 4390 388.
1001 4336 1226 4397 Raram,
1273 4339 1313 4385 t.
1345 4332 1519 4399 IV,ad
1545 4348 1671 4385 eum
1707 4347 1802 4384 an.
1839 4361 1903 4371 —
1987 4329 2319 4398 profiteatur
2345 4330 2432 4385 his
2451 4331 2632 4386 verbis
2657 4333 2915 4404 (Pallad,
2947 4338 3166 4408 cap.2'2)
3195 4358 3207 4392 :
3239 4363 3262 4394 ι
3300 4345 3583 4418 Respondi

308 4426 506 4487 689
530 4422 648 4476 Hoc
668 4421 864 4476 eodem
883 4438 1030 4505 anno
1057 4421 1287 4492 [Christi
1319 4419 1443 4486 388,
1468 4419 1650 4474 Siricii
1671 4436 1829 4491 papae
1849 4419 1900 4484 4,
1988 4433 2078 4471 me
2105 4434 2226 4472 esse
2255 4420 2635 4490 peregrinum,
2663 4427 2720 4477 et
2737 4422 2806 4477 de
2838 4424 3068 4481 Galatiae
3089 4430 3342 4499 partibus
3367 4437 3576 4505 venire,

307 4509 692 4565 Valentiniani
711 4512 801 4577 13,
828 4502 1125 4566 Theodosii
1151 4507 1455 4580 10impp.],
1488 4508 1590 4562 sub
1610 4507 1905 4562 consulatu
1989 4510 2045 4558 et
2069 4522 2244 4560 unum
2264 4523 2330 4561 ex
2359 4509 2581 4578 Evagrii
2610 4511 2875 4566 fratribus
2907 4531 3026 4570 esse
3065 4519 3348 4576 confessus
3378 4540 3522 4579 sum.

308 4599 570 4654 videlicet
583 4599 882 4654 Theodosii
903 4599 1164 4664 secundo,
1183 4598 1467 4653 Palladius
1486 4597 1904 4668 Galata,utipse
1987 4593 2116 4647 Haec
2138 4593 2276 4664 ipse.
2319 4595 2493 4649 Porro
2521 4596 2736 4664 ambos,
2767 4599 3080 4657 Palladium
3111 4594 3325 4662 scilicet
3353 4615 3410 4664 et
3439 4612 3580 4668 Eva-

306 4693 556 4743 testatur
571 4689 830 4755 (Pallad.,
861 4691 924 4742 in
958 4689 1227 4750 Lamiam,
1261 4703 1374 4754 cap,
1414 4685 1484 4751 1),
1508 4685 1904 4740 Alexandriam
1984 4681 2190 4752 grium,
2219 4683 2480 4752 Origenis
2509 4687 2795 4742 erroribus
2823 4688 2995 4744 fuisse
3023 4702 3334 4767 corruptos,
3356 4716 3468 4755 non
3489 4702 3582 4756 ob-

305 4777 476 4849 Petiit
501 4795 513 4830 :
539 4776 634 4847 qui
652 4781 776 4830 tum
796 4793 862 4830 ex
890 4775 961 4829 iis
984 4792 1107 4846 quae
1133 4773 1210 4828 ibi
1233 4789 1486 4828 eremum
1507 4774 1733 4845 Egypti
1749 4789 1908 4844 pera-
1988 4787 2149 4825 scure
2176 4777 2297 4825 tum
2327 4771 2702 4845 Hieronymus
2727 4781 2850 4832 tum
2877 4779 3044 4836 etiam
3064 4783 3410 4856 Epiphanius
3425 4791 3580 4846 affir-

305 4871 507 4936 gratus
548 4865 704 4930 vidit,
735 4871 859 4919 tum
911 4864 982 4918 ab
1029 4863 1152 4918 aliis
1189 4863 1420 4928 audivit,
1453 4863 1678 4932 scripsit
1714 4867 1909 4932 postea
1988 4866 2232 4914 marunt.

309 4955 782 5010 commentarium
811 4954 881 5008 ad
930 4953 1175 5008 Lausum
1214 4951 1574 5042 praefectum;
1624 4967 1793 5023 quam
1837 4951 1906 5042 ob
2058 4950 3342 5042 PalladiusigiturEvagrioinhaerens,ejusdem
3359 4985 3581 5042 quoque

308 5043 814 5098 causameumdem
829 5043 1032 5098 librum
1053 5042 1336 5097 interdum
1353 5041 1706 5130 Lausiaca(a)
1721 5040 1908 5130 appel-
1990 5037 2172 5130 morbi
2199 5039 2532 5130 contagione
2575 5042 2899 5110 contabuit;
2943 5047 3011 5102 de
3052 5066 3162 5121 quo
3201 5037 3580 5130 Hieronymus

308 5132 523 5199 larunt,
559 5133 649 5188 cui
682 5138 741 5187 et
766 5132 966 5217 titulus
980 5132 1073 5186 ille
1092 5132 1354 5203 praeﬁxas
1380 5129 1583 5185 alicubi
1605 5129 1904 5220 reperitur,
1991 5128 2256 5220 adversus
2283 5127 2616 5220 Pelagianos
2629 5146 2818 5200 agens,
2850 5134 2967 5189 haec
2998 5137 3200 5194 habet:
3225 5161 3250 5194 (ί
3273 5127 3580 5220 Palladius,

307 5227 377 5277 ut
403 5222 704 5277 Paradisus
729 5214 1134 5291 Heraclidisw)
1153 5220 1492 5274 nominetur.
1512 5219 1719 5273 Mansit
1745 5219 1834 5270 hic
1853 5218 1907 5270 in
1934 5289 1964 5293 _
1992 5216 2205 5271 servilis
2224 5217 2773 5287 nequitiae,eamdem
2801 5223 3056 5281 haeresim
3079 5229 3395 5291 instaurare
3419 5214 3583 5293 cona-

309 5327 503 5365 eremo
524 5327 649 5364 cum
672 5310 906 5381 Evagrio
936 5289 1164 5365 Pontico
1189 5309 1406 5380 aliquot
1431 5307 1594 5361 annis
1615 5307 1708 5376 (de
1738 5305 1908 5360 trien-
1924 5289 1967 5348 δ
1992 5301 2083 5358 tus
2100 5311 2202 5370 est,
2219 5312 2276 5358 et
2289 5322 2488 5359 novam
2509 5309 2893 5366 translationis
2915 5313 3203 5374 Hebraicae
3222 5289 3584 5381 mihi

309 5400 407 5456 nio
454 5399 533 5455 ibi
577 5399 824 5455 confecto
872 5401 992 5470 ipse
1042 5398 1301 5454 meminit
1337 5398 1599 5486 (Pallad,
1648 5411 1765 5486 cap.
1797 5393 1906 5461 1'2).
1993 5393 2160 5486 niam
2177 5399 2394 5486 struere
2429 5413 2439 5447 :
2483 5411 2618 5450 num
2659 5403 2716 5452 et
2743 5399 2893 5456 illius
2921 5403 3148 5475 ingenio
3196 5413 3585 5486 nobilitatique

311 5489 490 5544 Porro
519 5487 748 5559 Evagrii
778 5488 992 5544 Pontici
1011 5486 1431 5553 consuetudine,
1465 5485 1722 5555 Origenis
1755 5500 1907 5538 erro-
1993 5482 2295 5538 invidimus
2314 5483 2499 5538 ?nunc
2521 5502 2744 5558 quoque
2765 5493 3092 5562 mysterium
3113 5499 3426 5570 iniquitatis
3449 5482 3584 5576 ope-

313 5579 471 5635 ribus
499 5577 750 5634 imbutus
795 5582 897 5634 est.
1995 5577 2154 5628 ratur
2177 5572 2448 5643 (Hierom,
2477 5589 2705 5642 proam.
2755 5581 2964 5636 advers.
3019 5586 3246 5657 Pelag.),
3281 5605 3310 5641 ι
3359 5597 3467 5648 etc.
3483 5572 3586 5651 ‘01)

563 5679 832 5740 PATROL.
876 5677 1152 5739 LXXIII.
3268 5685 3344 5748 34
