4008 6210
247 299 390 358 1069

1286 303 1362 358 IN
1399 303 1736 361 PALLADII
1773 299 2048 359 LIBRUM
2086 299 2497 360 PRIELUDIA.

3381 318 3518 375 1070

241 430 352 482 dus
381 428 441 482 in
462 427 745 482 mandatis
757 431 822 482 ut
841 428 936 499 qui
957 427 1108 482 intra
1128 428 1268 484 duos
1286 445 1508 487 menses
1523 447 1636 486 non
1652 447 1846 486 occur-
1863 431 1913 490 A
1929 443 2030 500 pro
2054 444 2187 499 pace
2217 429 2589 485 Ecclesiarum
2615 445 2682 486 ea
2709 430 2934 488 functus
2964 439 3049 490 est
3079 436 3377 508 legatione.
3409 444 3519 498 Sed

240 517 416 571 risset
452 517 715 588 Hypaepis
745 518 891 572 Asiae
928 517 1167 573 civitatis
1195 518 1264 573 ad
1313 535 1415 574 sua
1451 521 1663 575 tuenda
1690 522 1841 591 jura,

243 606 396 677 quod
427 606 591 661 vicini
633 611 820 661 essent
847 612 902 661 et
931 608 1027 678 qui
1053 607 1455 678 arguebantur,
1501 616 1558 664 et
1603 609 1846 681 episcopi

241 693 453 766 reliqui
480 712 515 749 a
534 695 814 766 Syncletio
832 697 1106 768 sociisque
1129 698 1438 767 judicandi,
1465 699 1846 754 excommuni-

243 792 410 838 catus
430 790 596 838 esset.
610 785 1219 856 Descenderuntigitur
1235 785 1536 857 Smyrnam
1557 787 1848 858 praenomi-

244 873 370 926 nati
417 873 662 944 episcopi
701 875 1015 944 Syncletius
1045 881 1101 928 et
1137 875 1423 930 Palladius
1463 895 1474 929 :
1531 876 1848 948 Hesychius

246 961 422 1028 enim,
456 962 604 1032 quod
637 961 845 1017 faveret
872 964 1178 1030 Antonino,
1223 965 1382 1018 ﬁnxit
1409 981 1468 1019 se
1499 965 1848 1020 valetudina-

244 1050 420 1105 rium.
437 1051 946 1123 Signiﬁcaruntque
967 1053 1232 1108 continuo
1252 1071 1353 1124 per
1371 1055 1588 1108 litteras
1598 1055 1852 1126 utrisque

245 1139 507 1210 partibus
532 1140 834 1196 adventum
859 1158 1046 1209 suum,
1070 1148 1136 1196 ut
1150 1149 1546 1198 concurrentes
1569 1144 1630 1199 in
1644 1159 1854 1198 memo-

247 1234 436 1283 ratam
457 1229 758 1297 civitatem,
788 1231 1092 1302 implerent
1121 1248 1242 1302 quae
1271 1232 1504 1302 polliciti
1532 1231 1775 1286 fuerant.

323 1335 356 1369 α
389 1318 472 1373 ΙΙΙὶ
505 1324 638 1372 ante
660 1319 914 1389 judicum
935 1321 1236 1374 adventum
1274 1321 1552 1375 amicitias
1583 1321 1845 1387 inierant,

249 1406 460 1477 partim
490 1423 724 1478 persnas
747 1425 909 1474 auro,
932 1409 1138 1480 partim
1151 1411 1521 1480 jurejurando
1541 1411 1847 1465 constricti.

250 1495 591 1566 Congregati
623 1497 797 1566 igitur
823 1498 884 1552 in
909 1498 1032 1568 ipsa
1058 1498 1301 1564 civitate,
1324 1500 1545 1569 judices
1565 1500 1760 1554 ludere
1791 1517 1851 1556 se

250 1599 414 1655 posse
432 1584 710 1656 putabant
731 1586 998 1641 dilatione
1017 1587 1267 1653 testium,
1295 1589 1455 1658 quasi
1475 1605 1710 1659 peregre
1729 1606 1852 1660 pro-

1928 516 2062 588 quid
2081 517 2311 572 tandem
2330 517 2354 570 ?
2382 519 2567 589 ipsum
2588 519 2720 574 foris
2736 538 2837 592 pro
2856 528 3110 597 tempore
3128 535 3376 586 mutasse
3390 549 3521 604 per-

1928 622 2124 662 sonam
2171 607 2376 677 potius,
2417 624 2586 678 quam
2617 611 2869 666 animum
2906 613 3196 685 impietate
3228 619 3515 690 refertum,

1928 712 2042 750 non
2072 696 2190 750 leve
2219 702 2617 767 argumentum
2640 706 2743 767 est,
2761 703 2910 772 quod
2933 720 2999 758 eo
3022 704 3181 772 libro,
3208 725 3375 778 quem
3395 719 3523 783 post

1931 800 2025 838 eas
2053 784 2247 839 turbas
2269 786 2646 858 conscriptum
2666 788 2735 842 ab
2752 806 2816 844 eo
2832 797 3052 847 constat
3067 797 3216 862 (nam
3243 797 3301 851 in
3323 816 3388 853 eo
3408 818 3522 856 me-

1930 872 2094 927 minit
2121 874 2190 927 de
2215 873 2469 928 Melaniae
2497 874 2670 942 obitu,
2697 878 2790 948 qui
2818 881 3051 953 contigit
3080 891 3207 955 post
3235 887 3388 942 urbis
3418 891 3525 944 Ro-

1933 978 2037 1016 mae
2095 962 2390 1031 excidium)
2463 963 2810 1034 Origenistas
2876 973 3189 1042 complures
3253 976 3520 1047 laudavit,

1933 1051 2230 1122 ipsumque
2249 1050 2554 1122 Evagrium
2580 1055 2839 1126 Origenis
2867 1061 3149 1117 erroribus
3188 1064 3525 1124 infamatum

1933 1140 2005 1194 ad
2025 1141 2230 1195 ccelum
2259 1141 2457 1196 evexit.

1935 1231 2179 1284 Palladii
2194 1231 2462 1285 secundus
2482 1234 2709 1288 Romam
2739 1251 2864 1291 cum
2891 1239 3126 1296 Caelestio
3152 1245 3216 1297 in
3237 1261 3402 1302 causa
3429 1251 3530 1304 Pe-

2317 1323 2460 1387 lagii
2489 1322 2859 1380 hae-resiarchs
2887 1329 3170 1385 adventus.

2003 1408 2165 1461 Anno
2195 1408 2402 1462 Christi
2427 1408 2553 1466 417.
2574 1411 2938 1479 Baron.,tom.
2966 1419 3017 1484 V,
3044 1423 3118 1474 ad
3145 1438 3271 1476 eum
3289 1440 3528 1480 annum.

1934 1525 1992 1536 —
2004 1500 2198 1560 θος
2216 1496 2814 1569 Quadringentesimus
2825 1503 3075 1562 decimus
3087 1511 3359 1580 septimus
3377 1515 3536 1570 Chri-

1935 1583 2006 1637 sti
2019 1583 2544 1657 annus[Innocentii
2556 1591 3528 1670 papae-16,Honorii23,TheodosiilO,

250 1673 381 1728 fecti
409 1679 599 1728 essent
635 1674 705 1728 ob
728 1675 914 1729 varias
942 1693 1158 1730 causas.
1186 1677 1272 1730 Ad
1301 1677 1417 1731 haec
1449 1677 1666 1748 judices
1698 1695 1854 1732 accu-
1883 1747 1886 1748 ν
1932 1671 2140 1745 impp.]
2172 1675 2418 1730 Honorio
2448 1679 2702 1748 Augusto
2725 1682 3082 1739 undecimum
3111 1693 3168 1741 et
3197 1688 3529 1746 Constantio

251 1768 498 1818 satorem
519 1770 740 1834 rogant,
766 1764 915 1818 intra
935 1782 1074 1836 quos
1102 1766 1221 1819 dies
1243 1766 1587 1820 adducturus
1607 1773 1753 1821 esset
1771 1774 1856 1821 te-
1874 1747 1919 1806 Β
1941 1762 2247 1817 secundum
2273 1747 2593 1820 consulibus
2621 1770 2900 1838 aperitur:
2927 1789 3035 1842 quo
3064 1775 3325 1847 Pelagius
3352 1780 3531 1835 haere-

253 1857 458 1918 stes,se
480 1859 896 1924 exspectaturos
920 1854 1260 1925 pollicentes.
1283 1855 1459 1909 Ratus
1486 1856 1580 1909 ille
1604 1872 1698 1910 eos
1713 1856 1858 1910 aeris
1939 1851 2178 1916 Siarcha,
2209 1870 2334 1907 cum
2359 1856 2663 1924 accepisset
2690 1874 2801 1912 non
2827 1875 2946 1914 esse
2965 1869 3244 1935 receptam
3266 1867 3336 1921 ab
3362 1869 3533 1924 Inno-

253 1941 680 1996 inclementiam
720 1943 864 1996 ferre
897 1943 1162 2013 graviter,
1197 1960 1262 1998 ac
1295 1961 1395 2015 per
1428 1945 1485 1998 id
1516 1945 1654 1998 velle
1684 1945 1858 2000 disce-

253 2028 390 2083 dere
412 2029 718 2098 (eratenim
738 2031 922 2085 fervor
943 2031 1117 2086 aestivi
1133 2033 1282 2096 solis)
1308 2033 1461 2086 intra
1481 2034 1856 2104 quadraginta

254 2117 376 2172 dies
403 2119 807 2190 producturum
835 2121 1114 2191 promittit
1137 2126 1307 2176 testes
1337 2145 1349 2192 ;
1387 2123 1527 2176 alias
1554 2139 1730 2192 pceme
1759 2139 1853 2176 ca-

255 2224 470 2262 nonum
500 2226 604 2263 sua
622 2227 680 2263 se
710 2216 907 2282 sponte
936 2210 1179 2281 subjicit.
1213 2212 1614 2282 Exspectavere
1638 2212 1856 2282 judices

255 2298 788 2368 quadragintadics:
809 2315 938 2353 cum
955 2299 1048 2354 ille
1079 2299 1146 2354 ad
1172 2299 1570 2371 inquirendum
1595 2299 1858 2354 dimissus

255 2392 449 2453 testes,
470 2387 659 2441 omisit
669 2389 771 2442 hoc
791 2388 1102 2455 interim,et
1123 2389 1666 2460 Constantinopolim
1683 2390 1851 2454 venit,

254 2475 482 2547 illicque
503 2475 746 2530 delituit.
770 2477 876 2532 Ubi
915 2494 1044 2532 vero
1066 2495 1347 2549 nusquam
1369 2478 1702 2549 comparuit,
1724 2478 1857 2532 scri-

253 2580 421 2636 psere
445 2565 662 2636 judices
690 2566 950 2621 omnibus
970 2567 1115 2621 Asiae
1145 2568 1435 2639 episcopis,
1462 2567 1858 2622 denuntiantes

254 2654 821 2722 excommunicatum,
874 2656 987 2710 sive
1032 2661 1098 2711 ut
1126 2656 1490 2722 desertorem,
1524 2656 1638 2710 sive
1673 2661 1738 2710 ut
1765 2656 1857 2710 de-

255 2745 728 2798 tractorem.Post
740 2744 857 2799 haec
872 2745 1010 2799 alios
1032 2740 1408 2816 quadraginta
1427 2745 1546 2799 dies
1561 2745 1857 2816 persisten-

253 2837 363 2897 tes,
399 2849 525 2886 cum
552 2832 646 2886 ille
676 2833 907 2888 minime
947 2840 1261 2906 appareret,
1313 2834 1857 2904 Constantinopolim

253 2921 490 2976 rediere.
523 2921 643 2976 Illic
671 2923 896 2977 invento
937 2924 1194 2990 Eusebio,
1225 2924 1274 2977 ei
1304 2941 1426 2994 quae
1464 2928 1716 2994 gesserat
1761 2940 1857 2976 ex-

253 3009 545 3082 probrant.
564 3011 782 3066 Rursus
799 3012 890 3066 ille
909 3011 1298 3066 inﬁrmitatem
1312 3012 1560 3084 corporis
1581 3013 1850 3082 allegans,

252 3099 552 3170 pollicetur
569 3104 741 3156 testes
772 3100 1171 3156 exhibiturum.
1205 3120 1232 3154 n

771 3192 1039 3258 Profectio
1068 3193 1334 3247 Romana.

329 3280 490 3334 Anno
517 3281 726 3336 Christi
749 3279 873 3336 404.
909 3282 1111 3334 Ba-ron.
1143 3285 1181 3332 t.
1210 3281 1300 3346 1V,
1329 3281 1402 3333 ad
1427 3296 1646 3333 annum
1673 3277 1859 3345 308,et

259 3374 298 3423 t.
354 3370 404 3433 V,
438 3369 510 3422 ad
537 3385 636 3422 an.
669 3369 792 3425 404.
814 3405 878 3415 -
905 3369 1026 3433 Quo
1057 3368 1226 3422 etiam
1253 3373 1527 3439 tempore,
1559 3385 1686 3423 cum
1712 3369 1860 3438 vige-

255 3462 348 3512 ret
375 3457 758 3512 vehementior
785 3457 845 3512 in
877 3459 1136 3512 eumdem
1159 3458 1618 3530 Chrysostomum
1658 3474 1842 3528 perse-

259 3546 431 3612 cutio,
465 3563 530 3600 ex
559 3545 786 3601 Oriente
816 3547 1100 3612 recedens,
1135 3547 1372 3602 Romam
1415 3564 1473 3601 se
1517 3547 1756 3602 contulit
1786 3547 1856 3600 ad

260 3635 670 3702 Innocentium,
698 3652 733 3689 a
762 3653 873 3707 quo
896 3652 1011 3690 una
1041 3653 1169 3690 cum
1210 3636 1334 3690 aliis
1357 3642 1618 3708 exceptus
1650 3641 1752 3690 est.
1788 3636 1857 3690 Et

260 3724 412 3779 unde
441 3724 598 3778 haec?
625 3725 794 3779 dices.
818 3726 1082 3780 Testatur
1101 3724 1156 3778 id
1189 3724 1326 3794 ipse,
1355 3742 1482 3778 cum
1512 3725 1581 3778 de
1618 3724 1854 3778 Piniano

261 3820 432 3884 atque
460 3815 580 3884 ejus
601 3816 836 3885 conjuge
861 3814 1100 3871 Melania
1125 3813 1369 3884 juniore,
1401 3830 1433 3867 a
1474 3812 1675 3884 quibus
1704 3830 1858 3868 exce-

262 3908 393 3974 ptus
422 3903 481 3956 in
499 3902 636 3957 urbe
663 3902 786 3969 fuit,
818 3918 1133 3957 sermonem
1163 3901 1394 3968 habens,
1422 3901 1538 3956 haec
1565 3902 1681 3955 ait:
1719 3925 1742 3952 ιι
1773 3903 1857 3958 Ne

263 3990 426 4048 nobis
449 3992 675 4064 quidem
707 3997 876 4058 certe,
899 4009 1025 4046 cum
1047 3991 1274 4063 plurimi
1298 3991 1468 4045 simul
1484 3991 1856 4062 essemus,qui

263 4082 502 4137 Romam
531 4088 761 4154 propter
794 4081 1018 4136 beatum
1048 4081 1370 4152 episcopum
1407 4081 1682 4135 Joannem
1726 4097 1855 4150 per-

262 4187 611 4234 rexeramus,
634 4171 838 4240 exigua
865 4171 1281 4242 praestiterunt;
1314 4170 1412 4224 sed
1454 4169 1591 4223 dum
1641 4168 1701 4222 in
1747 4168 1857 4223 illis

257 4259 516 4332 partibus
545 4260 894 4330 degeremus,
923 4259 1330 4314 ofﬁciosissimo
1360 4275 1460 4313 nos
1490 4263 1858 4328 susceperunt

261 4348 525 4419 hospitio,
547 4347 988 4420 largissimisque
1015 4347 1349 4419 sumptibus,
1373 4363 1500 4402 cum
1529 4347 1660 4400 inde
1684 4347 1856 4417 proﬁ-

1939 1941 2119 1994 centio
2142 1942 2392 1996 Romano
2413 1944 2674 2013 pontiﬁce
2692 1949 3078 2017 purgationem
3096 1969 3257 2008 suam
3285 1956 3535 2014 habitam

1937 2029 1996 2083 in
2025 2031 2258 2084 concilio
2288 2033 2606 2100 Palaestino,
2623 2037 2720 2089 sed
2741 2037 2914 2107 priori
2931 2041 3079 2110 apud
3095 2059 3222 2098 eum
3243 2043 3535 2102 astrictum

1936 2119 2119 2172 teneri
2139 2119 2516 2187 damnatione,
2545 2128 2611 2176 ut
2626 2141 2757 2178 eum
2781 2126 3016 2193 falleret,
3038 2131 3260 2186 omnem
3280 2134 3538 2191 adhibuit

1937 2207 2166 2261 fallendi
2194 2213 2406 2276 artem;
2440 2211 2647 2265 etenim
2676 2213 2796 2284 ipse
2821 2216 2892 2269 ad
2921 2217 3308 2276 Innocentium
3332 2240 3535 2295 papam

1937 2295 2156 2350 litteras
2184 2297 2358 2365 dedit,
2377 2298 2578 2368 quibus
2599 2302 2962 2371 proﬁteretur
2980 2324 3040 2360 se
3063 2325 3191 2362 vere
3205 2327 3326 2365 esse
3347 2314 3538 2369 catho-

1939 2384 2127 2475 licum.
2162 2386 2328 2440 Dedit
2355 2394 2411 2440 et
2438 2389 2578 2442 alias
2605 2390 2673 2444 de
2704 2392 2812 2447 hoc
2838 2393 2960 2463 ipso
2991 2397 3245 2468 Praylius
3262 2401 3536 2475 Jerosoly-

1941 2474 2420 2546 mitanus,quibus
2433 2477 2683 2546 legitime
2703 2480 2907 2535 factam
2921 2484 3132 2555 Pelagii
3141 2474 3534 2558 purgationem

1942 2562 2305 2632 signiﬁcaret.
2352 2565 2650 2635 Adjectum
2696 2574 2762 2622 ut
2800 2586 2913 2625 una
2941 2588 3067 2627 cum
3106 2575 3195 2630 his
3216 2578 3538 2636 mitteretur

1939 2651 2302 2723 Romam,qui
2323 2671 2480 2724 aeque
2513 2661 2661 2710 esset
2683 2657 2914 2725 haeresis
2934 2660 3236 2720 infamatus
3247 2667 3538 2726 Caelestius

1939 2740 2061 2809 ejus
2087 2741 2393 2812 discipulus
2415 2761 2584 2810 suam
2611 2762 2838 2801 causam
2863 2755 3090 2806 acturus
3115 2770 3356 2827 suosque
3382 2775 3539 2815 accu-

1939 2835 2153 2883 satores
2177 2830 2247 2883 ad
2262 2831 2410 2885 sedis
2431 2835 2750 2902 apostolicae
2760 2837 3226 2911 judicium,quasi
3242 2846 3538 2903 calumniis

1938 2918 2269 2988 exagitatus,
2319 2927 2759 2992 provocaturus;
2796 2941 2906 2995 quo
2954 2929 3267 2986 declararet
3309 2952 3368 2988 se
3423 2953 3538 2993 non

1937 3007 2101 3062 aliter
2119 3008 2353 3062 credere
2373 3025 2542 3080 quam
2566 3012 2716 3082 quod
2736 3015 3010 3070 catholica
3037 3023 3257 3074 teneret
3271 3022 3532 3080 Ecclesia.

1875 3107 1918 3166 ο
2013 3096 2299 3160 Quantum
2331 3103 2519 3152 autem
2541 3103 2602 3164 (ei
2618 3101 2836 3172 opinari
2853 3103 2998 3170 licet,
3018 3123 3144 3161 cum
3167 3109 3256 3164 his
3278 3113 3536 3170 omnibus

1942 3189 2000 3240 et
2027 3186 2098 3240 ad
2127 3186 2244 3241 haec
2269 3186 2459 3240 omnia
2486 3187 2707 3243 videtur
2731 3191 2901 3246 etiam
2931 3194 3149 3265 legatus
3172 3197 3342 3254 fuisse
3358 3201 3538 3258 Palla-

1941 3274 2068 3329 dius
2099 3275 2298 3330 Galata
2327 3277 2617 3347 episcopus
2643 3279 3157 3352 Helenopolitanus,
3189 3305 3355 3359 quem
3381 3291 3538 3347 Pela-

1938 3363 2032 3434 gio
2061 3363 2283 3432 favisse,
2300 3365 2696 3422 testiﬁcatione
2715 3371 2894 3424 sancti
2918 3372 3248 3447 Hieronymi
3276 3381 3537 3451 superius

1940 3451 2153 3507 dictum
2182 3459 2286 3507 est.
2319 3454 2444 3524 Ipse
2482 3456 2632 3509 enim
2675 3458 2960 3515 Palladius
2996 3462 3056 3517 in
3107 3465 3328 3538 dialogo
3367 3486 3537 3540 quem

1938 3541 2162 3611 scripsit
2189 3542 2257 3596 de
2287 3541 2452 3597 rebus
2481 3545 2659 3598 sancti
2701 3547 2931 3602 Joannis
2977 3552 3382 3624 Chrysostomi,
3413 3560 3535 3630 ipso

1939 3631 2062 3699 ejus
2081 3631 2308 3685 exordio
2337 3631 2406 3686 de
2430 3649 2490 3687 se
2519 3640 2762 3689 testatur
2789 3637 3005 3693 venisse
3035 3641 3272 3699 Romam
3295 3647 3398 3702 sub
3429 3649 3532 3704 Zo-

1937 3717 2080 3773 simo
2108 3736 2272 3790 papa.

1939 3809 2226 3863 Palladius
2243 3810 2438 3865 Galata
2465 3813 2532 3864 ab
2552 3813 2888 3882 Hieronymo
2905 3819 3265 3886 impudicitia
3288 3831 3528 3884 notatus.

2009 3898 2213 3952 Baron.
2245 3904 2282 3951 t.
2325 3900 2378 3965 V,
2397 3900 2472 3952 ad
2499 3917 2719 3956 annum
2739 3903 2949 3959 Christi
2967 3905 3162 3964 413.—
3184 3911 3359 3968 Porro
3383 3919 3531 3987 quod

1939 3986 1998 4040 in
2026 4003 2152 4040 eam
2185 3989 2524 4043 dementiam
2571 3992 2844 4062 superbus
2884 3995 2990 4050 iste
3025 3997 3323 4071 (Pelagius)
3351 3986 3530 4062 elatus

1936 4075 2126 4140 fuerit,
2170 4083 2233 4129 ut
2273 4083 2550 4132 assereret
2578 4095 2700 4132 esse
2728 4081 2990 4151 hominis,
3034 4086 3083 4139 vi
3114 4087 3275 4143 liberi
3311 4093 3528 4149 arbitrii

1939 4181 2052 4218 non
2069 4170 2289 4218 tantum
2310 4181 2421 4218 non
2435 4182 2680 4236 peccare,
2705 4169 2802 4222 sed
2822 4171 2994 4225 etiam
3011 4190 3123 4228 non
3134 4180 3358 4246 tentari,
3398 4182 3529 4237 hinc

1937 4253 2056 4325 ipse
2080 4253 2452 4324 Hieronymus
2467 4270 2533 4308 ex
2561 4272 2802 4326 persona
2829 4258 3062 4330 Pelagii,
3091 4265 3324 4336 ejusque
3344 4269 3525 4326 verbis

1937 4341 2054 4397 haec
2079 4342 2159 4396 ait
2190 4355 2201 4388 :
2229 4360 2255 4395 τ(
2284 4342 2394 4396 Alii
2414 4342 2588 4397 clausi
2613 4345 2845 4412 cellulis,
2868 4353 2925 4401 et
2946 4348 3183 4407 feminas
3203 4371 3314 4410 non
3331 4359 3526 4414 viden-

261 4437 1050 4504 cisceremur,honoraverunt
1071 4437 1328 4507 (Pallad,
1357 4440 1420 4490 in
1441 4438 1713 4502 Lamiae,
1733 4451 1850 4506 cap.
1874 4425 2044 4497 Dtes,
2079 4431 2209 4502 quia
2253 4431 2442 4486 miseri
2471 4439 2621 4500 sunt,
2655 4439 2712 4488 et
2746 4435 2914 4491 verba
2941 4455 3068 4494 mea
3105 4458 3216 4496 non
3266 4446 3522 4514 audiunt,

261 4524 373 4595 49).
402 4548 424 4575 ι
457 4527 585 4581 Haec
613 4527 753 4598 ipse.

335 4615 571 4678 Quando
601 4621 792 4670 autem
815 4615 872 4669 id
899 4615 1164 4670 acciderit
1197 4616 1292 4685 (d),
1325 4630 1653 4686 expressum
1681 4614 1855 4669 habes

260 4705 324 4758 in
345 4703 568 4773 dialogo
594 4704 663 4758 de
677 4703 844 4758 rebus
864 4703 1115 4774 ejusdem
1135 4703 1314 4758 sancti
1343 4704 1572 4758 Joannis
1587 4704 1710 4758 “his
1735 4721 1853 4758 ver-

258 4793 348 4847 bis
380 4811 392 4846 :
432 4811 457 4845 ι
488 4792 595 4846 Vix
624 4792 834 4846 mensis
858 4792 1167 4857 efﬂuxerat,
1191 4809 1319 4847 cum
1337 4792 1620 4847 Palladius
1633 4809 1854 4864 quoque

259 4883 558 4953 episcopus
581 4882 790 4936 Heleno
795 4881 982 4952 poleos
999 4884 1104 4948 (est
1118 4881 1265 4935 enim
1283 4881 1640 4952 Helenopolis
1659 4882 1853 4936 civitas

255 4972 320 5026 in
347 4969 630 5041 Bithynia,
663 4970 732 5024 de
762 4987 873 5040 qua
899 4970 1176 5041 superius)
1207 4969 1416 5041 absque
1446 4971 1650 5024 litteris
1679 4971 1848 5036 venit,

259 5060 360 5132 qui
381 5064 438 5114 et
463 5059 581 5129 ipse
607 5058 818 5129 fugisse
846 5058 1066 5113 dicebat
1083 5059 1365 5113 vesaniam
1395 5059 1742 5130 principum;
1766 5077 1854 5115 ex-

256 5147 510 5220 pressius
539 5153 731 5202 autem
769 5152 938 5219 atque
970 5147 1285 5218 signantius
1313 5148 1597 5202 enarravit
1635 5150 1843 5214 omnia,

256 5238 559 5309 ipsumque
571 5238 854 5308 exemplar
873 5237 1039 5292 edicti
1059 5237 1312 5309 protulit,
1327 5257 1356 5290 »
1381 5243 1485 5295 etc.
1505 5239 1660 5293 Licet
1681 5239 1848 5304 hunc,

257 5327 331 5381 de
353 5343 463 5398 quo
493 5327 1050 5398 agimus,Palladium
1066 5327 1346 5381 diversum
1359 5327 1534 5380 abillo
1554 5342 1676 5380 esse
1694 5343 1853 5398 opor-

256 5422 380 5472 teat
398 5416 571 5487 quiin
593 5433 658 5470 eo
685 5415 906 5487 dialogo
929 5415 1345 5487 interloquitur;
1362 5414 1568 5468 etenim
1587 5420 1722 5470 tunc
1745 5416 1855 5488 pri-

257 5521 420 5561 mum
442 5504 678 5559 Romam
700 5522 760 5560 se
773 5505 990 5559 venisse
1010 5505 1163 5571 dicit,
1182 5521 1311 5559 cum
1344 5503 1448 5559 sub
1468 5503 1685 5559 Zosimo
1706 5521 1854 5578 papa

329 5637 354 5665 ⁸
371 5629 577 5694 Exstat
592 5635 732 5686 tom.
756 5630 954 5688 IJoan.
972 5629 1194 5706 Chrys.,
1213 5629 1348 5686 edit.
1372 5629 1572 5700 Paris.,
1589 5629 1693 5687 col.
1716 5629 1803 5687 10.

1936 4523 2270 4590 torquentur
2291 4520 2581 4574 desideriis
2601 4540 2613 4584 ;
2638 4538 2740 4592 ego
2759 4523 2950 4592 etiam,
2967 4527 3015 4580 si
3034 4530 3335 4587 mulierum
3354 4536 3530 4591 vallor

1937 4608 2273 4679 agminibus,
2307 4610 2520 4663 nullam
2559 4610 2738 4665 habeo
2763 4616 3298 4690 concupiscentiam,
3335 4624 3402 4678 de
3433 4643 3524 4680 me

1937 4698 2085 4752 enim
2115 4699 2326 4753 dictum
2352 4705 2461 4754 est:
2493 4701 2710 4768 Lapides
2729 4708 2909 4757 sancti
2924 4709 3224 4762 volvuntur
3241 4727 3404 4780 super
3421 4720 3525 4769 ter-

1938 4803 2060 4841 ram
2091 4788 2335 4855 (Zachar.
2368 4792 2466 4855 Ix);
2499 4793 2556 4840 et
2577 4788 2702 4843 ideo
2722 4805 2834 4844 non
2859 4793 3055 4858 sentio,
3091 4797 3225 4866 quia
3253 4798 3412 4856 liberi
3437 4820 3524 4859 ar-

1936 4875 2088 4930 bitrii
2097 4877 2582 4946 potestateChristi
2595 4877 2905 4948 trophaeum
2915 4881 3178 4938 circumfe
3184 4890 3317 4955 ro(H
3323 4893 3493 4949 icron.
3504 4937 3518 4962 ,

1937 4970 2130 5019 contra
2149 4967 2326 5033 Pelag.
2353 4969 2390 5019 t.
2413 4968 2474 5035 ιι)
2506 4985 2527 5018 ››
2560 4966 2894 5037 Hujusmodi
2925 4970 3090 5040 plane
3117 4975 3403 5036 haereticos
3439 4985 3521 5038 vi-

1935 5071 2030 5109 sus
2059 5060 2144 5109 est
2171 5053 2318 5107 idem
2347 5059 2572 5108 sanctus
2602 5056 2970 5128 Hieronymus
3007 5061 3140 5116 alibi
3169 5069 3518 5143 suggillasse,

1936 5144 2069 5198 dum
2096 5142 2175 5196 ait
2210 5163 2220 5196 :
2255 5163 2276 5193 ι
2303 5143 2362 5196 Si
2382 5147 2516 5196 nota
2535 5143 2793 5198 fecissent
2805 5146 2972 5201 verba
2998 5166 3125 5205 mea
3153 5158 3358 5226 populo
3376 5142 3519 5230 meo,

1934 5249 2047 5286 non
2065 5230 2416 5286 blandientes
2437 5232 2537 5298 eis,
2561 5237 2618 5285 et
2635 5233 2957 5290 adulatione
2971 5240 3360 5312 perdentes,ut
3377 5251 3520 5306 dice-

1936 5326 2061 5374 rent
2093 5337 2106 5375 :
2130 5321 2256 5375 Non
2276 5319 2492 5375 habetis
2519 5327 2764 5391 peccata,
2781 5324 3082 5393 perfectam
3097 5332 3376 5400 justitiam
3398 5357 3521 5409 pos-

1936 5409 2145 5476 sidetis,
2180 5409 2447 5464 sanctitas
2477 5415 2533 5463 et
2561 5410 2830 5480 pudicitia
2843 5419 3012 5486 atque
3035 5419 3258 5487 justitia
3289 5425 3344 5478 in
3369 5427 3520 5483 vobis

1934 5499 2326 5554 tantummodo
2346 5497 2728 5569 reperiuntur;
2745 5505 2801 5556 et
2813 5517 2915 5573 ego
2933 5520 3045 5561 non
3057 5509 3412 5570 tradidissem
3427 5531 3523 5576 eos
