4008 6210
507 278 648 353 1οπ
1606 296 1698 350 DE
1734 297 1921 351 vms
1961 293 2257 351 PA'I’RUM
2295 295 2508 352 LIBER
2545 297 2694 350 vm.
3639 291 3774 349 107-2

491 421 554 477 in
572 418 990 476 immunditiam
1011 423 1068 472 et
1087 417 1476 488 ignominiam,
1496 426 1561 474 ut
1577 421 1828 476 facerent
1841 438 1966 492 quae
1982 437 2093 476 non
2107 425 2156 482 A
2182 421 2410 492 praebet,
2445 438 2571 476 cum
2601 421 2727 492 quis
2749 419 2854 491 ipsi
2881 417 3195 483 blanditur;
3219 433 3284 472 ac
3304 422 3498 471 contra
3525 434 3620 471 eos
3648 435 3775 471 om-

493 509 846 573 conveniunt,
881 513 936 562 et
964 512 1339 576 sequerentur
1368 508 1743 578 cogitationes
1761 527 1890 565 suas
1910 512 2089 582 pcssi-
2172 511 2328 564 nium
2352 511 2592 565 maxime
2619 509 2849 580 suspicit
2869 514 2927 562 et
2949 507 3282 567 admiratur,
3325 506 3421 576 qui
3450 508 3668 575 majore
3713 507 3779 559 li-

492 615 632 652 mas.
666 597 1124 668 Contemplemur
1143 596 1454 663 haereticos,
1488 600 1766 669 quomodo
1794 601 1966 653 semel
1987 600 2087 653 de-
2170 598 2387 653 bertate
2409 599 2627 669 prazditi
2667 603 2816 662 sunt,
2847 597 3232 668 amplioreque
3254 595 3592 648 auctoritate
3623 595 3774 666 apud

490 692 779 758 sperantes
799 685 1213 755 salutem,gulte
1227 702 1286 740 se
1298 686 1526 741 tradant
1537 692 1594 741 et
1613 688 1846 754 deliciis;
1863 705 2088 742 vescan-
2169 703 2264 742 eas
2289 694 2550 742 utuntur.

489 779 586 829 tur
610 775 890 839 carnibus,
905 775 1228 846 frequentes
1257 775 1464 829 adeant
1483 775 1736 846 balneas,
1757 795 1949 832 musco
1969 777 2085 831 fra-
2243 794 2270 828 α
2302 777 2461 840 Quod
2515 777 2562 830 si
2611 781 2668 829 te
2715 775 3040 845 frequenter
3068 789 3194 828 cum
3233 773 3368 843 ipsis
3402 773 3639 840 versari,
3669 788 3777 825 nec

488 870 675 934 grcnt,
711 863 1012 934 unguentis
1046 863 1216 917 variis
1244 863 1498 930 delibuti,
1539 871 1792 935 quaerant
1837 867 2084 938 corporis
2166 866 2280 919 ullo
2309 866 2440 920 inde
2469 865 2806 920 detrimento
2836 863 2982 918 afﬁci
3021 863 3248 927 dixeris,
3291 863 3348 916 id
3383 862 3616 933 quidem
3667 861 3776 914 for-

492 952 968 1024 pulchritudinem
996 954 1262 1020 (Πίθωνι,
1279 955 1342 1006 in
1359 955 1655 1008 Jercmiam
1669 998 1680 1019 ,
1703 956 1799 1010 tib.
1820 967 1893 1021 Iv,
1908 971 1953 1009 ο.
1969 954 2076 1024 23),

483 1048 589 1096 etc.
622 1061 647 1093 ι
681 1041 1076 1111 Perstringens
1107 1040 1164 1094 in
1184 1042 1334 1094 hunc
1359 1043 1588 1096 modum
1619 1049 1845 1098 sanctus
1878 1045 2080 1100 Hiero-

485 1147 686 1202 nymus
716 1130 1006 1200 Pelagium
1033 1135 1200 1200 atque
1214 1130 1566 1200 Pelagianos,
1588 1137 1645 1186 et
1674 1132 1824 1187 haud
1844 1133 2078 1188 dubium

479 1219 632 1274 inter
658 1219 799 1273 alios
828 1219 1096 1288 suggillat
1124 1219 1435 1272 Palladium
1464 1221 1723 1274 Galatam
1755 1223 2079 1294 episc0pum

481 1307 841 1378 Helenopolis
863 1307 919 1360 in
943 1307 1300 1377 Bithynia,de
1317 1323 1426 1378 quo
1442 1325 1586 1380 saepe
1612 1312 1888 1380 superius,
1917 1314 2079 1382 cujus

480 1396 704 1450 disertis
734 1395 915 1450 verbis
943 1395 1200 1450 meminit
1229 1395 1284 1449 in
1315 1397 1640 1467 praefatione
1669 1400 1727 1453 in
1754 1400 1977 1454 eosdem
2008 1401 2076 1454 li-

481 1484 611 1540 bros
639 1485 904 1540 adversus
930 1485 1222 1555 Pelagium
1249 1485 1502 1556 scriptos,
1533 1488 1680 1558 quod
1713 1505 1839 1542 cum
1870 1489 2080 1543 versari

475 1575 682 1628 soleret
696 1573 921 1628 assidue
940 1589 1069 1626 cum
1097 1573 1319 1629 feminis
1337 1575 1635 1645 religiosis,
1660 1593 1865 1647 magna
1887 1583 2080 1632 tamen

469 1661 748 1732 jactantiu
773 1662 1132 1732 gloriaretur,
1155 1663 1302 1733 quod
1324 1664 1507 1718 omnis
1527 1670 1676 1718 esset
1703 1665 1927 1736 penitus
1952 1683 2080 1720 con-

2163 959 2314 1009 tasse
2365 955 2504 1008 mihi
2534 953 2858 1026 persuaderi
2887 953 3088 1007 sinam.
3135 953 3210 1005 At
3245 951 3385 1005 illud
3421 951 3562 1004 item
3603 950 3774 1004 velim

2165 1043 2424 1097 omnibus
2452 1043 2620 1096 ﬁdem
2651 1041 2926 1106 adhiberi,
2963 1041 3124 1112 aquis
3142 1041 3358 1111 lapides
3383 1041 3773 1102 extenuari,ac

2164 1147 2362 1203 rupem
2392 1148 2552 1202 aqua:
2580 1131 2757 1202 guttis
2786 1130 3139 1185 continenter
3165 1129 3494 1184 cadentibus
3516 1129 3775 1182 excavari

2162 1219 2377 1274 dicunt.
2421 1222 2673 1284 Quorum
2708 1220 3003 1274 verborum
3043 1219 3369 1289 hujusmodi
3401 1235 3608 1272 sensus
3635 1224 3725 1272 est
3756 1239 3767 1271 :

2163 1308 2308 1372 Quid
2333 1326 2470 1379 rupe
2491 1310 2688 1363 durius
2718 1309 2850 1379 ﬁngi
2883 1308 3086 1379 queat?
3117 1307 3264 1372 Quid
3293 1308 3428 1360 item
3460 1323 3617 1378 aqua
3635 1307 3773 1361 mol-

2163 1397 2293 1462 lius,
2324 1405 2381 1452 et
2409 1398 2634 1469 quidem
2662 1415 2821 1469 aquae
2840 1398 3103 1467 guttula?
3143 1398 3212 1450 Et
3234 1403 3426 1450 tamen
3461 1396 3773 1450 assiduitas

2163 1493 2432 1540 naturam
2462 1486 2649 1540 vincit.
2678 1487 2834 1549 Quod
2853 1485 2900 1538 si
2923 1491 3142 1548 natura,
3172 1501 3296 1556 quae
3320 1501 3471 1554 aegre
3496 1485 3773 1538 dimoveri

2160 1581 2360 1645 potest,
2386 1575 2722 1641 dimovetur,
2747 1575 2916 1645 idque
2943 1574 3092 1645 quod
3113 1573 3350 1628 minime
3370 1572 3621 1626 habebat
3639 1590 3771 1644 per-

2161 1664 2391 1734 petitur,
2451 1681 2564 1735 qua
2601 1664 2830 1718 tandem
2877 1664 3094 1717 ratione
3141 1663 3412 1728 voluntas,
3447 1679 3577 1732 qua:
3608 1662 3770 1716 facile

473 1751 827 1822 cupiscentiaa
847 1768 1062 1821 expers.
1089 1752 1176 1806 Ita
1194 1752 1419 1823 quidem
1441 1753 1585 1823 ipse,
1609 1769 1735 1808 cum
1765 1756 2076 1825 praesertim
2095 1771 2140 1830 Β
2162 1758 2436 1818 movetur,
2453 1753 2902 1808 aconsuetudine
2919 1768 3030 1806 non
3051 1751 3306 1805 vincatur
3325 1763 3384 1804 et
3400 1752 3719 1805 evertatur?
3742 1772 3766 1802 ι

476 1839 536 1893 in
564 1839 825 1910 Egypto,
851 1840 1086 1894 visitans
1113 1842 1665 1911 monachos,junctus
1684 1843 1909 1898 feminis
1921 1861 2077 1915 pere-

2229 1839 2536 1911 Hucusque
2566 1842 2816 1896 Isidorus
2835 1841 3049 1912 optima
3070 1840 3286 1894 ratione
3307 1847 3364 1894 et
3392 1841 3654 1911 exemplo
3673 1840 3768 1894 de-

475 1928 814 1998 grinaretur.
847 1929 968 1992 Quo
1018 1930 1245 1984 nomine
1289 1931 1626 2000 redargutus
1663 1937 1748 1986 est
1777 1934 1945 1987 etiam
1976 1951 2077 2005 per
2157 1934 2380 1983 struens
2401 1929 2549 2000 quod
2564 1936 2881 1984 assererent
2906 1930 3371 1992 illi,voluntatem
3390 1936 3648 1983 nostram
3678 1930 3766 1984 sui

479 2017 775 2088 epistolam
791 2023 982 2082 693
1007 2017 1076 2071 ab
1098 2018 1309 2073 Isidoro
1331 2020 1635 2085 Pelusiota,
1658 2021 1888 2091 dignam
1920 2023 2073 2077 illam
2159 2023 2362 2072 natura
2377 2035 2558 2090 posse,
2581 2019 2628 2072 si
2658 2020 2808 2084 velit,
2841 2019 3050 2072 evitare
3079 2024 3366 2088 peccatum
3397 2017 3618 2089 absque
3639 2036 3762 2089 gra-

476 2106 702 2177 quidem
733 2122 856 2178 quae
883 2105 976 2160 hic
996 2107 1280 2174 recitetur,
1296 2113 1490 2179 utpote
1519 2110 1662 2163 tanti
1690 2110 1792 2164 viri
1822 2111 2074 2181 profutu-
2155 2106 2248 2160 tiae
2275 2107 2632 2170 adminiculo.
2664 2108 2777 2161 imo
2806 2125 2906 2162 nec
2943 2107 3112 2161 etiam
3145 2124 3301 2177 posse
3336 2108 3550 2161 tentari
3582 2107 3630 2160 si
3660 2124 3761 2162 no-

469 2211 598 2249 rum
627 2195 888 2249 omnibus
919 2201 1366 2250 monumentum.
1391 2197 1484 2252 Sic
1512 2198 1662 2252 enim
1686 2215 1744 2253 se
1769 2199 2071 2270 habet(lsi-

468 2285 612 2348 don,
649 2286 828 2352 epist.,
860 2282 986 2350 284,
1017 2287 1114 2341 tib.
1140 2287 1196 2355 ιι)
1232 2301 1248 2338 :

546 2392 569 2424 ι
603 2372 854 2427 Palladio
884 2373 1159 2444 episcopo.

545 2480 568 2511 ι
600 2461 899 2516 Mulierum
926 2463 1377 2531 congressus,vir
1397 2464 1625 2535 optime,
1646 2471 1918 2535 quantum
1941 2467 2065 2520 ﬁeri

469 2553 672 2620 potest,
704 2549 853 2620 fuge.
887 2551 1033 2605 Nam
1067 2568 1163 2606 eos
1192 2551 1290 2623 qui
1326 2553 1624 2607 sacerdotii
1655 2569 1888 2608 munere
1932 2556 2062 2610 tun-

465 2645 697 2708 guntur,
728 2640 1034 2694 sanctiores
1062 2656 1127 2693 ac
1149 2640 1400 2710 puriores
1439 2641 1549 2694 illis
1569 2658 1690 2697 esse
1719 2649 1941 2714 oportet
1967 2645 2062 2714 qui

465 2727 538 2780 ad
559 2733 777 2782 montes
804 2745 864 2782 se
892 2728 1272 2783 contulerunt.
1325 2729 1610 2800 Siquidem
1641 2731 1722 2785 illi
1769 2738 1826 2786 et
1871 2733 1978 2799 sui,
2007 2739 2064 2787 et

464 2815 675 2886 plebis;
698 2815 757 2870 hi
782 2821 971 2870 autem
995 2817 1082 2870 sui
1111 2817 1384 2871 duntaxat
1412 2835 1604 2873 curam
1632 2827 1855 2890 gerunt.
1879 2823 2062 2892 Atque

464 2903 548 2958 illi
576 2904 636 2958 in
664 2905 990 2974 hujusmodi
1018 2904 1310 2975 dignitatis
1345 2905 1568 2977 fastigio
1604 2909 1862 2963 collocati
1906 2917 2058 2978 sunt,

465 3009 774 3064 omnesque
802 2993 975 3048 vitam
1003 3009 1197 3048 eorum
1219 3001 1648 3065 perscrutantur
1659 3003 1717 3051 et
1735 2999 2056 3069 explorant;

2153 2195 2240 2262 lit,
2279 2197 2732 2268 quandoquidem
2763 2198 2951 2252 docuit
2978 2197 3229 2252 Isidorus
3250 2197 3395 2252 vinci
3420 2197 3758 2252 assiduitate

2156 2291 2416 2341 naturam
2427 2328 2438 2340 .

2668 2376 3210 2432 PEREGRINATIO

2147 2499 2431 2544 MELANIE
2459 2499 2733 2545 JUNIORIS
2765 2501 2839 2546 ET
2869 2501 3101 2545 PINIANI
3133 2501 3348 2546 MARITI
3372 2501 3492 2546 (ΞοΜ
3524 2499 3752 2543 ALBIRA

2825 2599 3056 2642 MATRE.

2628 2697 2890 2763 Profectio
2909 2699 2971 2750 in
2993 2697 3264 2751 Siciliam.

2218 2803 2382 2857 Anno
2413 2802 2622 2856 Christi
2648 2802 2769 2858 408.
2805 2805 3006 2856 Baron.
3044 2809 3082 2856 t.
3119 2805 3248 2868 ν,αά
3275 2820 3401 2857 eum
3431 2821 3752 2858 annum.—

2141 2896 2332 2956 694
2353 2891 2470 2944 Hoc
2487 2891 2622 2944 item
2643 2891 3036 2961 anno[Christi
3052 2891 3495 2959 408,1nnocentii
3516 2911 3675 2964 papae
3695 2895 3745 2960 7,

2144 2978 2377 3032 Honorii
2399 2978 2792 3044 14,Theodosii
2808 2979 2854 3046 1,
2870 2981 3070 3051 impp.]
3093 2981 3187 3051 qui
3207 2981 3362 3035 urbis
3391 2981 3750 3036 obsidionem

470 3082 529 3136 hi
550 3088 741 3137 autem
767 3083 826 3136 in
857 3083 1124 3158 spelunca
1143 3083 1361 3148 sedent,
1381 3091 1481 3139 aut
1495 3101 1597 3140 sua
1613 3068 1844 3141 vulnera
1858 3104 2060 3142 curan-
2077 3100 2120 3159 ρ,
2142 3068 2441 3159 Ρτίίῖοθδείίν
2467 3069 2710 3159 Μέίίίξιίει
2739 3070 2994 3124 Romana
3018 3070 3206 3159 Ῡίάξιδν
3234 3070 3444 3159 (191993
3468 3088 3619 3142 533W
3648 3088 3750 3125 ευ·

463 3175 568 3237 tes,
591 3177 689 3225 aut
703 3171 839 3226 vitia
858 3170 1318 3242 obtegentes,aut
1333 3173 1502 3227 etiam
1525 3191 1760 3229 coronas
1781 3175 1887 3230 sibi
1923 3177 2060 3248 ipsis

463 3259 901 3324 texentes.Quod
912 3259 959 3313 si
977 3259 1166 3327 etiam,
1185 3265 1251 3315 ut
1263 3278 1388 3315 cum
1411 3261 1520 3316 illis
1539 3265 1938 3333 congrediaris,
1960 3282 2059 3319 ne-

462 3348 692 3402 cessitas
713 3348 903 3419 aliqua
917 3354 973 3402 te
987 3348 1316 3420 obstringat,
1325 3352 1514 3406 oculos
1532 3353 1687 3407 humi
1705 3354 1949 3424 dejectos
1969 3355 2061 3408 ha-

462 3436 726 3508 be,atque
738 3437 888 3508 ipsas
903 3453 1394 3510 quoque,quonam
1408 3447 1570 3511 pacto
1582 3444 1946 3512 spectandum
1963 3444 2055 3508 sit,

459 3525 614 3593 doce;
630 3541 742 3580 non
760 3526 911 3580 enim
929 3526 1204 3580 duntaxat
1217 3527 1528 3583 docendum
1541 3535 1626 3583 est
1636 3547 1879 3601 quonam
1895 3533 2058 3586 modo

460 3629 690 3669 cernere
720 3619 994 3684 oporteat,
1045 3615 1144 3670 sed
1181 3607 1375 3683 etiam,
1407 3624 1472 3672 ut
1519 3625 1757 3688 oportet,
1805 3637 2051 3675 cernere.

461 3703 714 3772 Cumque
734 3719 912 3773 pauca
937 3719 1058 3773 quae
1081 3703 1330 3774 ipsarum
1352 3706 1540 3759 animo
1556 3707 1868 3778 astringere
1885 3715 2054 3781 atque

457 3789 742 3844 illustrare
772 3797 999 3860 queant,
1043 3792 1262 3846 locutus
1305 3793 1497 3860 fueris,
1531 3795 1722 3848 statim
1760 3798 1936 3862 evola,
1986 3816 2057 3853 ne

459 3877 604 3931 forte
631 3878 900 3932 diuturna
927 3881 1272 3934 consuetudo
1292 3880 1438 3934 vires
1457 3887 1584 3936 tuas
1613 3884 1864 3938 emolliat
1883 3892 1941 3940 et
1969 3888 2056 3940 in-

2142 3152 2333 3222 perius
2362 3153 2574 3206 mentio
2603 3153 2747 3207 facta
2776 3160 2880 3219 est,
2913 3154 3134 3224 antiqui
3154 3155 3544 3209 vaticiniiante
3565 3172 3749 3209 annos

2143 3241 2583 3311 quadringentos
2619 3248 2700 3312 {ut
2743 3243 2826 3296 ait
2875 3243 3180 3305 Palladius)
3212 3244 3349 3298 editi
3390 3261 3627 3308 memor,
3661 3245 3749 3298 di-

2142 3330 2365 3383 stractis
2384 3331 2628 3401 praediis,
2663 3348 2776 3385 una
2807 3349 2934 3386 cum
2963 3332 3206 3386 Melania
3249 3338 3432 3404 nepte,
3479 3334 3746 3387 Piniano-

2143 3435 2250 3489 que
2275 3419 2527 3489 ejusdem
2549 3420 2802 3474 Melaniae
2833 3420 2971 3485 viro,
3005 3426 3062 3474 et
3079 3421 3283 3475 Albina
3305 3438 3469 3486 nuru,
3503 3438 3746 3476 evasura

2142 3524 2270 3561 cum
2301 3508 2415 3561 illis
2445 3508 2834 3562 imminentem
2884 3509 3038 3563 urbis
3077 3510 3313 3572 cladem,
3368 3511 3544 3564 Roma
3590 3527 3745 3564 rece-

2140 3595 2300 3662 dens,
2354 3595 2473 3669 [per
2503 3597 2794 3667 Siciliam],
2829 3599 3237 3669 Jerosolymam
3277 3616 3336 3653 se
3364 3599 3570 3653 iterum
3607 3615 3744 3654 con-

2136 3685 2283 3748 tulit,
2319 3685 2415 3738 ubi
2444 3691 2570 3756 post
2596 3686 2714 3740 dies
2749 3687 3124 3757 quadraginta
3156 3705 3222 3742 ex
3262 3689 3365 3742 hac
3389 3688 3504 3742 vita
3533 3689 3746 3758 migra—

2138 3774 2236 3826 vit.
2273 3774 2402 3827 Ilmc
2423 3791 2487 3827 ex
2516 3775 2766 3828 Palladio
2801 3778 3060 3844 (Pallad.,
3097 3780 3160 3830 in
3194 3778 3442 3831 [Λυδίας.
3471 3793 3589 3846 cap.
3625 3777 3738 3843 33).

2138 3881 2406 3947 Profectio
2465 3883 2527 3934 in
2574 3883 2828 3948 Africam
2883 3898 2948 3935 ac
2993 3885 3181 3950 primo
3243 3885 3634 3952 Carthaginem
3687 3889 3738 3936 et

460 3963 688 4035 fringat,
722 3970 890 4035 atque
911 3965 1062 4020 velut
1090 3967 1432 4023 horrendum
1449 3971 1749 4041 quemdam
1771 3978 1828 4027 et
1847 3975 2056 4030 elatum

2787 3972 3072 4037 Tagastam
3083 4011 3096 4023 .

461 4052 681 4143 leoneni
708 4059 895 4143 nacta.
919 4071 1134 4143 comam
1164 4057 1390 4128 quidem
1413 4073 1535 4129 quae
1557 4060 1773 4115 leonem
1795 4061 1921 4118 ver'e
1940 4065 2058 4118 leo-
2207 4075 2369 4129 Anno
2396 4075 2602 4130 Christi
2629 4073 2753 4132 409.
2789 4078 2989 4131 Baron.
3022 4083 3060 4131 t.
3096 4079 3146 4143 V,
3169 4080 3243 4132 ad
3270 4095 3393 4132 eum
3423 4095 3738 4133 annum.—

468 4156 598 4196 nem
625 4141 812 4206 efﬁcit,
846 4142 1174 4214 regiamque
1216 4146 1550 4215 dignitatem
1597 4149 1703 4220 ipsi
1741 4159 2050 4219 conservat,

2156 4163 2256 4216 Hoc
2285 4163 2405 4234 ipso
2436 4179 2583 4216 anno
2612 4164 2842 4234 [Christi
2863 4164 2987 4231 409,
3021 4141 3331 4220 Innocentii
3356 4183 3513 4238 papa:
3543 4167 3598 4233 8,
3618 4169 3738 4222 Ho-

460 4231 977 4325 amputet;-dentes
1005 4238 1194 4325 autem
1215 4235 1440 4325 eripiat,
1465 4242 1633 4308 atque
1661 4255 1878 4310 ungues
1899 4243 2055 4312 (quo-
2139 4250 2284 4304 norii
2309 4231 2401 4315 ἰ15,
2448 4231 2746 4305 Theodosii
2777 4251 2828 4319 ‘2,
2877 4251 3044 4325 imp.)
3099 4231 3374 4308 Pinianus
3514 4231 3593 4315 ο..⁷
3621 4272 3734 4310 una

459 4335 587 4374 rum
623 4319 966 4375 adminiculo
1014 4321 1433 4380 robustissimas
1473 4327 1644 4380 etiam
1683 4328 1830 4382 feras
1857 4331 2048 4399 vincit)
2136 4355 2262 4392 cum
2295 4339 2534 4393 Melania
2563 4341 2800 4405 seniore,
2831 4347 2892 4396 et,
2930 4319 3181 4396 Meiania
3205 4344 3430 4412 juniore
3470 4347 3732 4414 conjuge,

460 4408 679 4475 evellat,
708 4426 776 4500 ac
806 4409 1008 4500 deinde
1037 4409 1410 4466 deformatum
1441 4431 1507 4468 ac
1533 4415 1832 4471 ridiculum
1862 4419 2051 4473 reddi-
2069 4414 2117 4472 D
2135 4433 2305 4498 atque
2345 4445 2508 4482 socru
2545 4429 2747 4484 Albina
2768 4430 3012 4500 junioris
3055 4408 3234 4485 matre
3275 4433 3547 4499 Melaniae,

459 4501 601 4591 tum,
629 4497 840 4551 animal
865 4497 1097 4569 inquam
1129 4500 1266 4554 illud
1301 4501 1641 4557 horrendum
1668 4506 2052 4562 acintolcran-
2134 4497 2283 4570 anno
2341 4517 2634 4588 superiori,
2683 4497 2966 4572 distractis
3005 4518 3164 4574 bonis
3207 4537 3328 4591 qua:
3358 4497 3548 4576 Romae
3580 4530 3637 4576 et
3672 4497 3733 4577 in

457 4584 595 4679 dum
628 4586 804 4679 ac
832 4586 1184 4679 solo_rugitu
1215 4595 1463 4679 montem
1501 4593 1827 4663 percellens,
1861 4597 2052 4666 pueris
2135 4604 2298 4658 Italia
2353 4584 2616 4675 habebat,
2664 4608 3054 4678 adnavigasset
3091 4584 3511 4679 Carthaginem,
3543 4611 3622 4664 ibi
3667 4627 3735 4666 ex

456 4673 629 4772 etiam
657 4691 718 4729 se
731 4675 1086 4772 illudendum
1115 4677 1377 4772 praebeat.
1546 4769 1581 4772 Γ
1632 4771 1639 4772 7
2133 4694 2411 4764 congestis
2437 4673 2691 4766 pecuniis
2719 4673 3061 4767 locupletans
3091 4699 3215 4767 ejus
3245 4673 3506 4754 Ecclesia:
3526 4717 3732 4772 paupe-

531 4781 554 4814 ε
589 4762 749 4860 Cll-19d
769 4763 881 4860 8i_8
909 4764 1238 4860 mulieribus
1265 4768 1474 4860 ιιοξιονθ
1499 4769 1646 4860 efﬁci
1674 4773 1830 4844 cupis
1862 4775 2053 4841 (maxi-
2135 4762 2408 4848 res,_inde
2434 4762 2505 4837 ad
2535 4790 2795 4839 sanctum
2824 4762 3088 4857 Alypium
3116 4762 3417 4858 'I‘agastam
3450 4762 3732 4860 profectus

457 4851 800 4948 mequidem
823 4852 928 4906 hoc
949 4853 1490 4948 spiritualemvirum
1504 4857 1940 4948 haudquaquam
1960 4865 2053 4918 de-
2135 4877 2221 4923 est
2254 4870 2590 4941 (Palladius,
2637 4876 2697 4926 in
2723 4851 2996 4932 Laus-iac”
3030 4892 3074 4927 ε.
3108 4851 3312 4936 9;.vAd
3351 4851 3491 4948 quos
3537 4896 3732 4934 omnes

456 4942 586 5035 cet),
608 4945 672 4993 ut
700 4946 761 4994 ut
790 4947 978 5035 autem
1007 4959 1098 4996 res
1127 4961 1186 4998 se
1215 4944 1438 5016 habeat,
1459 4947 1600 5002 nihil
1628 4949 1729 5003 tibi
1747 4968 1872 5006 cum
1895 4952 2052 5008 femi-
2132 4965 2360 5014 sanctus
2393 4961 2763 5031 Augustinus,
2779 4979 2906 5017 cum
2927 4963 3173 5034 primum
3202 4942 3398 5019 eorum
3427 4967 3728 5022 adventum

452 5029 542 5080 nis
574 5029 891 5127 commercii
932 5030 1024 5127 sit,
1056 5049 1125 5127 ac
1153 5039 1272 5087 tum
1304 5034 1375 5088 ab
1403 5035 1513 5127 illis
1549 5037 1818 5127 honorem
1861 5057 2051 5097 conse-
2131 5048 2399 5113 audisset,
2431 5029 2647 5103 litteras
2671 5051 2842 5116 dedit,
2871 5029 3076 5122 quibus
3103 5070 3163 5106 se
3190 5061 3417 5108 excusat
3435 5056 3584 5125 quod
3607 5073 3731 5127 pro-

463 5117 672 5216 queris'.
700 5117 842 5216 Tum
861 5119 1022 5216 enim
1053 5120 1158 5175 hoc
1187 5124 1495 5216 praesertim
1524 5125 1684 5216 nobis
1707 5128 1905 5197 aderit,
1925 5148 2053 5185 cum
2137 5141 2262 5206 pter
2285 5137 2643 5206 ingruentem
2668 5139 2869 5193 duram
2885 5117 3156 5208 hiemem,
3191 5147 3248 5195 et
3275 5117 3484 5195 statum
3514 5117 3726 5216 Hippo-

455 5219 491 5256 a
535 5201 697 5301 nobis
736 5204 968 5301 minime
1015 5216 1316 5279 quaeretur.
1361 5212 1514 5266 Solet
1561 5215 1711 5268 enim
1751 5217 1931 5286 quivis
1959 5237 2055 5274 eos
2137 5224 2324 5278 nensis
2359 5223 2620 5281 Ecclesia:
2649 5227 3005 5287 titubantem,
3045 5230 3114 5283 ad
3145 5247 3242 5283 eos
3279 5201 3609 5286 invisendos
3631 5201 3726 5288 ini-

454 5290 684 5362 quidem
715 5308 746 5345 a
785 5293 988 5391 quibus
1014 5297 1215 5353 colitur
1236 5316 1301 5353 ac
1328 5299 1596 5356 delinitur
1615 5307 1935 5377 aspernari;
1956 5325 2051 5362 eos
2137 5313 2285 5367 nime
2315 5330 2604 5370 accurrere
2625 5317 2906 5370 valuisset.
2938 5318 3134 5372 Exstat
3146 5318 3265 5389 ipsa
3293 5320 3547 5390 epistola,
3569 5325 3726 5391 cujus

453 5380 931 5473 autem-aquibus
950 5387 1327 5442 assentatione
1343 5389 2052 5463 minimedemulcetur,ad-
2133 5407 2219 5456 est
2259 5402 2458 5457 titulus
2499 5405 2570 5458 ad
2621 5405 2908 5470 Albinum,
2959 5380 3278 5473 Pinianum,
3326 5380 3384 5462 et
3427 5380 3722 5464 Melaniam

456 5469 767 5568 miratione
791 5473 1160 5568 prosequi.Ac
1179 5477 1467 5533 muliebris
1493 5486 1697 5536 natura
1719 5483 1850 5538 huic
1880 5485 2050 5556 potis-
2135 5493 2404 5558 (August.,
2436 5496 2596 5561 epist.
2631 5493 2790 5565 2'27):
2823 5494 2920 5549 sed
2952 5511 3052 5566 pro
3097 5469 3318 5562 Albino,
3346 5497 3612 5554 Albinam
3643 5504 3719 5568 (fg,

451 5558 657 5633 simum
685 5560 909 5617 aliectui
935 5560 1179 5619 obnoxia
1206 5570 1308 5621 est.
1346 5567 1763 5629 Intolerandam
1795 5575 1946 5630 enim
1986 5593 2046 5632 se
2128 5558 2540 5637 restituendum
2561 5588 2716 5653 puto,
2739 5558 2900 5654 quod
2929 5558 3050 5655 ejus
3070 5558 3315 5642 nominis
3343 5558 3724 5663 feminamij
