4024 6206
307 346 449 404 1073

1339 346 1418 400 ΙΝ
1455 346 1793 402 PALLADII
1834 346 2108 403 LIBRUM
2146 345 2548 405 PRIELUDIA.

3449 346 3583 407 1074

306 474 439 529 dem
477 470 699 528 Piniani
753 486 945 526 socrus
986 486 1103 525 una
1125 486 1254 525 cum
1282 471 1418 542 ipsis
1446 470 1694 542 profecta
1723 476 1809 526 est
1833 470 1896 526 in
1911 472 1957 530 A
1977 470 2312 530 fensionem.
2343 470 2619 541 prolixam
2642 470 2779 529 satis
2806 471 2962 527 dedit
2978 472 3292 545 epistolam,
3311 473 3437 543 ejus
3451 488 3587 545 que-

304 557 573 622 Africam,
606 560 671 611 ut
695 561 819 611 tum
850 571 916 610 ex
942 554 1211 622 Palladio,
1253 560 1377 610 tum
1407 571 1475 610 ex
1502 555 1755 627 ejusdem
1780 557 1899 611 Au-

300 645 518 718 gustini
537 644 936 701 testiﬁcatione
964 643 1103 699 satis
1132 649 1385 716 apparet.

375 735 631 806 Tagastae
654 738 846 789 autem
875 749 1002 787 cum
1031 738 1179 788 esset
1207 732 1690 797 Pinianus,eﬁ‘usa
1711 732 1903 789 muni-

304 825 532 880 ﬁcentia
572 824 713 878 adeo
743 822 1036 877 ecclesiam
1064 822 1220 877 illam
1260 823 1638 894 locupletavit,
1669 828 1735 877 ut
1766 839 1904 877 non-

303 915 591 970 nullorum
619 912 679 967 in
709 914 832 983 ejus
858 911 1178 983 episcopum
1207 912 1470 983 Alypium
1494 912 1758 967 invidiam
1781 928 1903 966 mo-

307 1003 471 1069 verit,
502 1007 673 1074 prout
697 1006 924 1056 sanctus
950 1000 1298 1072 Augustinus
1324 1000 1383 1055 in
1414 1001 1650 1072 epistola
1677 1001 1750 1055 ad
1772 1017 1904 1056 eum

298 1092 511 1163 scripta
541 1095 796 1156 testatur,
833 1094 890 1144 et
928 1089 1053 1160 ipsa
1097 1091 1237 1144 Acta
1268 1094 1473 1144 sanctas
1514 1089 1769 1145 Melania;
1814 1088 1902 1143 his

299 1180 485 1235 verbis
511 1180 680 1245 ﬁdem
710 1179 956 1234 faciunt:
988 1197 1013 1231 α
1039 1178 1246 1233 Civitas
1275 1184 1466 1234 autem
1489 1178 1549 1234 in
1578 1195 1688 1250 qua
1714 1194 1902 1233 versa-

300 1268 510 1324 bantur
534 1268 924 1341 appellabatur
968 1269 1210 1339 Tagasta
1242 1285 1253 1320 :
1302 1268 1361 1322 in
1392 1284 1503 1340 qua
1531 1274 1653 1323 erat
1681 1284 1903 1322 sacrum

298 1358 575 1429 templum
612 1362 670 1412 et
696 1357 958 1412 sacerdos
1003 1356 1225 1411 dicendi
1278 1356 1515 1428 peritus,
1544 1362 1603 1411 et
1652 1356 1748 1428 qui
1775 1373 1902 1411 ora-

300 1446 455 1501 tione
484 1446 694 1501 multos
721 1450 943 1518 poterat
970 1445 1234 1501 inducere
1281 1444 1353 1499 ad
1382 1446 1641 1513 salutem,
1675 1445 1903 1501 nomine

298 1535 573 1607 Alypius;
624 1551 752 1589 cum
794 1551 904 1605 quo
953 1539 1259 1601 versantes,
1294 1551 1455 1588 sacra
1479 1533 1902 1589 meditabantur

299 1623 841 1696 eloquia.Templum
862 1640 992 1677 vero
1016 1623 1077 1678 in
1097 1640 1209 1694 quo
1228 1622 1431 1694 agebat
1447 1622 1684 1695 Alypius
1704 1623 1901 1677 admo-

296 1713 436 1768 dum
459 1713 723 1767 muniﬁce
741 1718 800 1766 et
838 1712 1024 1767 aureis
1052 1712 1399 1767 ornamentis
1430 1716 1486 1765 et
1510 1711 1713 1767 lucidis
1739 1728 1900 1783 gem-

1979 560 2114 615 relis
2143 565 2201 615 et
2225 558 2636 632 suSpicionibus
2651 561 2796 616 male
2816 561 3099 634 conceptis
3127 562 3187 617 in
3216 561 3478 618 omnibus
3497 578 3584 619 sa-

1981 648 2282 715 tisfaciens,
2334 665 2465 705 cum
2516 649 2578 704 in
2624 649 2743 704 haec
2790 649 2960 705 verba
2988 650 3279 707 exorditur
3304 651 3578 722 (August,

1985 740 2139 808 epist.
2169 736 2323 806 225):

2063 846 2086 878 «
2110 827 2371 882 Dolorem
2394 826 2569 883 animi
2585 825 2865 899 tui,quem
2885 831 2941 881 te
2962 826 3157 884 scribis
3175 828 3452 900 explicare
3470 845 3585 886 non

1985 931 2166 986 posse,
2200 916 2477 970 consolari
2504 931 2728 987 aequum
2755 921 2857 982 est,
2884 932 2995 971 non
3024 934 3231 988 augere
3255 936 3268 985 ;
3300 922 3362 972 ut
3381 918 3428 973 si
3452 917 3578 975 ﬁeri

1984 1009 2457 1076 potest,sanemus
2470 1002 2816 1075 suspiciones
2825 1009 3089 1072 tuas,non
3105 1011 3169 1061 ut
3181 1006 3261 1061 eis
3273 1023 3374 1078 pro
3390 1011 3585 1062 nostra

1985 1108 2154 1147 causa
2181 1093 2558 1148 succensendo
2578 1092 2959 1148 venerandum
2979 1109 3075 1147 cor
3092 1099 3254 1149 tuum
3279 1099 3337 1150 et
3362 1096 3478 1150 Deo
3494 1095 3584 1151 di-

1985 1187 2172 1235 catum
2202 1182 2445 1253 amplius
2491 1180 2905 1253 perturbemus.
2937 1181 3140 1237 Sancto
3172 1183 3332 1238 fratri
3360 1189 3572 1249 nostro,

1985 1270 2100 1324 ﬁlio
2142 1275 2241 1325 tuo
2272 1270 2508 1325 Piniano
2559 1270 2747 1325 nullus
2776 1268 2847 1324 ab
2892 1270 3344 1342 Hipponensibus
3386 1273 3586 1330 mortis

1985 1363 2171 1414 metus
2201 1358 2454 1429 ingestus
2485 1364 2589 1424 est,
2620 1358 2793 1413 etiam
2824 1358 2872 1412 si
2900 1358 3044 1414 forte
3085 1360 3205 1432 ipse
3233 1360 3346 1416 tale
3373 1361 3588 1433 aliquid

1984 1447 2192 1502 timuit.
2227 1448 2372 1502 Nam
2421 1452 2479 1501 et
2516 1463 2620 1501 nos
2648 1446 3059 1515 metuebamus,
3102 1466 3174 1503 ne
3200 1449 3271 1504 ab
3302 1449 3584 1521 aliquibus

1983 1534 2236 1606 perditis,
2255 1536 2352 1607 qui
2381 1552 2527 1607 saepe
2557 1535 2905 1590 multitudini
2925 1537 3143 1591 occulta
3170 1538 3586 1610 conspiratione

1983 1624 2309 1691 miscentur,
2342 1623 2403 1678 in
2438 1624 2739 1679 violentam
2770 1631 3234 1696 prorumperetur
3262 1627 3579 1695 audaciam,

1984 1713 2273 1768 occasione
2302 1713 2596 1768 seditionis
2619 1712 2867 1782 inventa,
2893 1730 3061 1785 quam
3083 1715 3237 1770 velut
3260 1716 3417 1786 justa
3440 1715 3586 1772 indi-

300 1803 412 1857 mis
442 1807 497 1857 et
536 1802 793 1874 plurimis
820 1801 1075 1859 ditarunt
1104 1818 1371 1873 agrorum
1401 1800 1779 1872 proventibus.
1809 1800 1895 1855 Ab
1917 1785 1957 1847 Β
1977 1801 2246 1873 gnatione
2257 1801 2700 1857 concitaret.Sed
2720 1802 2864 1857 sicut
2883 1785 3283 1874 posteaaudire
3299 1803 3586 1875 potuimus

301 1891 390 1946 eis
418 1907 641 1963 quoque
668 1896 802 1946 sunt
823 1891 1097 1946 aediﬁcata
1142 1889 1253 1945 duo
1283 1889 1646 1954 monasteria,
1694 1889 1898 1962 quibus

296 1981 437 2036 satis
465 1981 623 2036 dedit
648 1998 818 2053 opum
846 1986 1017 2054 atque
1046 1987 1419 2053 proventuum
1442 2000 1454 2048 ;
1485 1997 1725 2053 quorum
1754 1982 1897 2036 alte-

295 2087 427 2125 rum
448 2069 676 2140 quidem
702 2068 946 2125 habebat
965 2070 1199 2125 chorum
1219 2070 1466 2124 virorum
1486 2085 1722 2123 numero
1751 2074 1899 2123 octo-

291 2158 475 2231 ginta,
523 2159 766 2214 alterum
816 2163 1007 2213 autem
1038 2158 1282 2213 habebat
1319 2158 1561 2229 virgines
1587 2174 1711 2228 quae
1736 2162 1899 2212 erant

298 2264 539 2304 numero
567 2252 793 2302 centum
822 2252 880 2302 et
905 2247 1143 2317 triginta
1182 2248 1374 2316 (Epist.
1410 2245 1508 2309 2‘2;
1543 2246 1778 2314 Metaph.
1808 2247 1897 2300 die

297 2334 361 2392 31
395 2339 708 2407 Januarii).
734 2356 761 2389 »
798 2337 929 2392 Haec
956 2336 1025 2391 de
1055 2334 1271 2391 collatis
1287 2334 1534 2390 ecclesiae
1564 2334 1894 2404 Tagastensi

292 2442 332 2480 a
357 2425 597 2480 Piniano
618 2425 965 2481 muneribus.

1980 1890 2123 1945 nihil
2151 1891 2267 1945 tale
2295 1908 2331 1946 a
2360 1907 2644 1964 quoquam
2667 1890 2881 1946 dictum
2910 1897 2996 1946 est
3021 1892 3109 1947 vel
3149 1892 3410 1948 molitum
3433 1912 3446 1961 ;
3477 1894 3579 1951 sed

1980 1996 2109 2036 vere
2135 1981 2192 2035 in
2221 1981 2455 2036 fratrem
2484 1997 2675 2036 meum
2689 1981 2957 2054 Alypium
2978 1982 3156 2038 multa
3176 1982 3584 2041 contumeliosa

1979 2075 2038 2124 et
2056 2070 2287 2141 indigna
2297 2069 2674 2125 clamabant:a
2689 2086 2799 2142 quo
2820 2075 2935 2125 tam
2950 2070 3165 2142 ingenti
3186 2076 3349 2127 reatu
3361 2072 3583 2131 utinam

1976 2175 2080 2229 per
2120 2158 2272 2214 illius
2300 2159 2585 2214 orationes
2628 2164 2954 2214 mereantur
2980 2158 3209 2215 absolvi.
3242 2160 3358 2231 Ego
3386 2167 3579 2219 autem

1975 2252 2103 2319 post
2140 2247 2353 2319 primos
2381 2264 2576 2303 eorum
2625 2247 2919 2315 clamores,
2950 2265 3078 2303 cum
3108 2249 3189 2304 eis
3217 2248 3479 2305 dixissem
3507 2250 3579 2309 de

1977 2336 2073 2391 illo
2102 2335 2277 2391 invito
2307 2352 2421 2391 non
2449 2336 2781 2403 ordinando,
2801 2353 2914 2409 qua
2927 2337 3049 2408 jam
3076 2336 3447 2409 promissione
3477 2338 3578 2395 de-

1977 2425 2223 2492 tinerer;
2254 2430 2423 2496 atque
2455 2424 2785 2496 adjecissem
2816 2425 2966 2498 quod
2994 2425 3042 2481 si
3074 2442 3202 2481 mea
3231 2426 3342 2483 ﬁde
3370 2427 3580 2484 violata

757 2516 1025 2584 Profectio
1047 2515 1428 2584 Hipponensis.
1976 2513 2135 2568 illum
2156 2513 2429 2569 haberent
2443 2513 2854 2587 presbyterum,
2888 2531 2980 2570 me
3000 2514 3323 2588 episcopum
3337 2532 3453 2572 non
3479 2517 3578 2573 ba-

368 2605 671 2669 Baronius,
701 2608 828 2657 tom.
872 2604 924 2669 V,
968 2605 1043 2657 ad
1061 2619 1158 2659 an.
1191 2604 1400 2658 Christi
1416 2601 1542 2657 499.
1587 2631 1648 2641 -
1676 2600 1895 2656 Placuit
1976 2601 2196 2670 berent,
2219 2603 2291 2658 ad
2319 2607 2515 2657 nostra
2542 2602 2825 2669 subsellia,
2849 2603 3047 2659 relicta
3065 2603 3250 2671 turba,
3269 2605 3572 2661 redieram.

291 2691 724 2747 autemPiniano
743 2708 859 2747 una
876 2708 1003 2746 cum
1024 2691 1266 2747 Melania
1284 2691 1599 2762 Hipponem
1619 2689 1894 2762 proﬁcisci
1973 2692 2117 2747 Tum
2144 2691 2228 2746 illi
2259 2691 2674 2762 aliquantulum
2718 2691 3011 2764 inopinata
3040 2709 3169 2748 mea
3212 2694 3579 2766 responsione

292 2782 367 2836 ad
394 2781 748 2836 invisendum
788 2786 1045 2836 sanctum
1086 2781 1465 2851 Augustinum
1504 2779 1583 2834 ibi
1628 2783 1889 2849 agentem
1969 2781 2217 2835 cunctati
2246 2786 2415 2852 atque
2443 2780 2831 2847 turbati,velut
2851 2782 3082 2837 ﬂamma
3097 2788 3263 2839 vento
3283 2784 3577 2855 paululum

289 2871 633 2942 episcopum.
661 2870 973 2925 Comitatus
993 2875 1079 2924 est
1094 2886 1189 2924 eos
1208 2874 1403 2937 695
1419 2868 1687 2941 Alypius;
1716 2868 1811 2939 qui
1832 2873 1890 2922 et
1969 2886 2182 2941 pressa,
2206 2869 2408 2924 deinde
2437 2875 2728 2941 coeperunt
2754 2872 2933 2926 multo
2980 2872 3271 2927 ardentius
3321 2873 3570 2941 excitari,

287 2960 588 3015 timentem
640 2958 963 3026 Pinianum,
1017 2975 1089 3013 ne
1142 2964 1437 3029 cogeretur
1458 2958 1527 3012 ab
1574 2956 1887 3027 Augustino
1970 2958 2352 3013 existimantes
2379 2958 2503 3013 ﬁeri
2546 2975 2709 3029 posse
2738 2942 2803 3013 ut
2828 2960 2916 3014 vel
2957 2960 3098 3015 mihi
3146 2966 3577 3032 extorqueretur

291 3047 590 3121 presbyter
618 3048 884 3113 ordinari,
930 3064 1218 3119 nunquam
1275 3048 1332 3102 id
1390 3051 1723 3102 eventurum
1746 3047 1884 3114 fore,
1911 3103 1951 3121 Π
1970 3047 2109 3102 illud
2124 3064 2236 3102 non
2249 3063 2469 3102 servare
2482 3048 2933 3118 promissum,vel
2954 3064 3043 3102 me
3062 3053 3291 3105 tenente
3310 3050 3573 3121 promissi

287 3154 547 3193 securum
578 3137 862 3192 reddidit:
885 3152 1014 3190 nam
1042 3137 1111 3190 de
1137 3152 1203 3190 ea
1230 3153 1291 3190 re
1315 3136 1483 3191 ﬁdem
1510 3135 1810 3206 Augustini
1828 3134 1887 3189 id
1909 3134 1952 3164 υ
1969 3135 2235 3201 ﬁdem,ab
2252 3136 2361 3191 alio
2377 3135 2635 3207 episcopo
2651 3136 3025 3191 ordinaretur.
3050 3136 3314 3191 Dicebam
3327 3153 3431 3208 ego
3452 3138 3575 3210 qui-

290 3226 676 3298 promittentis
705 3225 1284 3297 acceperat.Accidere
1328 3241 1571 3296 namque
1601 3224 1889 3279 consuevit
1970 3223 2072 3280 bus
2096 3230 2370 3296 poteram,
2396 3224 2492 3296 qui
2521 3226 2592 3280 ad
2621 3242 2723 3281 nos
2742 3225 2802 3280 in
2822 3226 3077 3297 apsidem
3097 3226 3485 3283 honoratiores
3513 3233 3573 3284 et

287 3314 463 3386 (quod
493 3321 552 3368 et
580 3314 858 3385 superius,
887 3315 957 3368 de
984 3313 1220 3369 Paulino
1242 3330 1371 3369 cum
1398 3313 1639 3383 egimus,
1681 3313 1886 3367 dixisse
1965 3314 2251 3385 graviores
2280 3315 2669 3383 ascenderant,
2685 3331 2788 3370 nec
2806 3314 3117 3387 apromissi
3146 3316 3257 3371 ﬁde
3282 3332 3373 3370 me
3402 3332 3567 3387 posse

284 3403 668 3472 meminimus)
697 3409 763 3457 ut
788 3419 914 3457 cum
945 3402 1148 3474 aliquis
1173 3402 1441 3472 religione
1465 3401 1699 3471 insignis
1727 3407 1888 3457 caete-
1967 3402 2262 3468 dimoveri,
2284 3419 2387 3457 nec
2415 3402 2485 3457 ab
2514 3403 2624 3457 alio
2654 3405 2914 3475 episcopo
2942 3404 3001 3460 in
3032 3404 3263 3459 ecclesia
3292 3404 3431 3460 mihi
3451 3410 3564 3461 tra-

283 3493 363 3547 ris
403 3492 680 3547 emineret
708 3491 1060 3556 Christianis,
1116 3492 1164 3545 is
1190 3492 1322 3545 licet
1353 3491 1689 3561 conjugatus
1716 3494 1880 3558 esset,
1967 3491 2104 3557 dita,
2135 3491 2244 3546 nisi
2276 3508 2367 3546 me
2396 3493 2742 3563 interrogato
2772 3508 2837 3547 ac
2874 3492 3254 3564 permittente,
3297 3509 3460 3566 posse
3482 3510 3569 3550 or-

283 3581 493 3638 soleret
512 3581 795 3636 interdum
817 3581 877 3635 in
898 3580 1130 3636 ecclesia
1149 3596 1183 3633 a
1215 3579 1472 3633 ﬁdelibus
1497 3580 1638 3650 rapi,
1664 3584 1721 3634 et
1737 3579 1885 3633 tradi
1966 3580 2169 3635 dinari.
2203 3581 2362 3645 Quod
2390 3581 2438 3635 si
2466 3581 2853 3652 permitterem
2881 3598 2915 3635 a
2940 3582 3050 3636 ﬁde
3078 3582 3444 3637 nihilominus
3473 3583 3568 3639 de-

282 3671 543 3742 episcopo
564 3669 926 3734 ordinandus,
948 3670 1186 3740 conjuge
1216 3685 1439 3740 quoque
1466 3668 1590 3739 pari
1611 3685 1738 3722 cum
1766 3668 1885 3723 viro
1968 3670 2199 3725 viarem.
2220 3669 2508 3725 Addebam
2536 3671 2707 3724 etiam
2730 3670 2871 3724 nihil
2890 3687 2985 3725 eos
3016 3671 3173 3737 velle,
3198 3671 3246 3725 si
3275 3671 3566 3727 ordinare-

284 3764 412 3813 voto
436 3758 842 3813 continentiam
871 3758 1188 3828 proﬁtente,
1221 3762 1284 3810 ut
1302 3757 1451 3811 inter
1479 3756 1607 3823 alia,
1639 3757 1787 3828 quod
1816 3757 1886 3811 de
1966 3763 2060 3813 tur
2087 3758 2317 3825 invitus,
2379 3758 2488 3813 nisi
2538 3765 2601 3813 ut
2629 3758 2922 3814 ordinatus
2966 3757 3309 3815 abscederet.
3341 3759 3430 3815 Illi
3461 3760 3566 3815 hoc

282 3848 521 3902 Paulino
541 3852 711 3917 atque
735 3847 1005 3902 Tharasia
1033 3846 1335 3918 praecessit,
1359 3851 1682 3900 enarratum
1704 3862 1887 3901 exem-
1965 3864 2127 3919 posse
2156 3847 2280 3902 ﬁeri
2306 3864 2419 3903 non
2440 3846 2763 3904 credebant.

282 3937 438 4008 plum
467 3935 1021 3993 ostendit.Pinianus
1048 3936 1237 4006 itaque
1269 3935 1326 3989 id
1368 3935 1604 3989 fortasse
1648 3934 1884 3991 subodo-
2040 3957 2063 3986 ι
2087 3937 2386 3992 Multitudo
2398 3938 2650 4008 vero'pro
2666 3935 2936 4007 gradibus
2954 3937 3565 4004 constituta,horrendo

278 4031 460 4091 ratus,
487 4024 812 4079 retardabat
832 4040 1143 4090 accessum;
1170 4024 1268 4078 sed
1294 4023 1482 4095 Alypii
1512 4023 1883 4094 promissione
1963 4029 2020 4079 et
2058 4025 2609 4096 perseverantissimo
2654 4025 2965 4080 clamorum
3004 4026 3234 4081 fremitu
3278 4026 3336 4081 in
3366 4027 3565 4083 eadem

278 4130 533 4179 securus,
568 4114 883 4186 Hipponem
928 4114 1001 4168 ad
1026 4113 1289 4167 eumdem
1323 4118 1585 4167 sanctum
1611 4113 1881 4183 Augusti-
1961 4115 2245 4168 voluntate
2266 4113 3559 4186 persistens,incertosanimiconsiliiquefacie-

281 4220 421 4258 num
458 4220 521 4257 se
564 4203 819 4258 contulit.
854 4202 960 4257 Ubi
996 4218 1124 4256 cum
1168 4207 1334 4268 esset,
1382 4205 1550 4271 atque
1596 4201 1653 4255 id
1694 4201 1883 4256 minus
1962 4202 2077 4257 bat.
2108 4203 2263 4256 Tunc
2292 4202 2391 4255 illa
2423 4201 2481 4256 in
2509 4201 2742 4256 fratrem
2771 4218 2959 4256 meum
2993 4203 3277 4274 (Alypium
3329 4204 3561 4273 scilicet)

280 4297 719 4364 exspectaretur,
743 4291 954 4345 factum
974 4294 1060 4345 est
1077 4295 1141 4344 ut
1162 4290 1293 4345 dum
1316 4290 1541 4363 synaxis
1564 4290 1624 4344 in
1652 4291 1885 4344 ecclesia
1963 4289 2199 4361 indigna
2217 4289 2605 4344 clamabantur
2618 4308 2631 4357 ;
2645 4294 2779 4344 tunc
2791 4288 2993 4345 anobis
3014 4294 3274 4360 graviora
3291 4290 3566 4347 timeban-

281 4381 609 4447 baberetur,
632 4385 937 4452 antequam
964 4379 1349 4434 catechumeni
1370 4396 1437 4433 ex
1467 4395 1621 4433 more
1641 4379 1884 4433 dimitte—
1965 4387 2077 4436 tur.
2111 4379 2218 4435 Sed
2244 4379 2498 4449 quamvis
2515 4383 2674 4433 tanto
2688 4383 2843 4433 motu
2863 4379 3056 4450 populi
3076 4384 3134 4433 et
3158 4384 3319 4434 tanta
3338 4384 3563 4450 pertur-

280 4476 500 4536 rentur,
536 4470 716 4524 ﬁdelis
744 4468 1002 4541 populus,
1035 4468 1180 4525 facto
1211 4468 1445 4538 impetu,
1480 4468 1778 4522 Pinianum
1807 4484 1878 4522 ne
1898 4454 2185 4525 Dbatione
2199 4467 2453 4523 Ecclesiae
2476 4483 2963 4539 permoverer,nec
2982 4467 3135 4522 aliud
3157 4468 3558 4541 constipationi

282 4560 560 4630 eﬁ‘ugeret
586 4557 924 4624 obsiderent,
978 4558 1327 4629 postulantes
1356 4574 1483 4611 eum
1515 4556 1762 4611 ordinari
1788 4557 1881 4612 de-
1960 4558 2041 4613 illi
2078 4556 2362 4623 dixissem,
2410 4556 2517 4611 nisi
2564 4572 2693 4611 eum
2744 4572 2834 4611 me
2862 4556 3102 4612 invitum
3148 4556 3410 4612 ordinare
3439 4573 3551 4612 non

279 4648 415 4702 bere
451 4646 865 4720 presbyterum.
897 4646 1032 4711 Quae
1060 4662 1150 4700 res
1191 4646 1393 4717 Alypio
1426 4645 1744 4715 ﬁdejussori
1779 4646 1879 4701 ad-

277 4736 511 4792 modum
535 4735 819 4806 displicuit
844 4754 857 4797 ;
897 4735 1128 4806 ipseque
1155 4734 1425 4789 Pinianus
1455 4742 1513 4788 et
1538 4734 1745 4789 Albina
1786 4752 1878 4789 so-

279 4843 412 4880 crus
466 4825 525 4879 id
562 4824 895 4896 perindigno
926 4825 1182 4878 tulerunt
1218 4823 1426 4888 animo,
1486 4823 1543 4877 id
1578 4828 1762 4878 totum
1808 4840 1878 4878 ex

278 4914 566 4969 sententia
596 4913 897 4984 Augustini
937 4913 1145 4966 factum
1189 4911 1595 4966 existimantes:
1652 4928 1880 4983 quamo-

278 5004 444 5058 brem
472 5001 728 5057 nonnihil
755 5001 815 5056 in
857 5018 986 5073 eum
1034 5001 1205 5055 iidem
1233 5001 1497 5055 commoti
1525 5006 1675 5067 sunt,
1708 5006 1876 5072 atque

280 5093 343 5147 in
375 5092 569 5162 primis
596 5090 1156 5162 Alypius.Quomodo
1187 5094 1376 5144 autem
1406 5106 1570 5145 resse
1596 5090 1871 5155 habuerit,

279 5186 509 5235 sanctus
554 5179 904 5251 Augustinus
933 5179 1079 5233 datis
1126 5179 1197 5232 ad
1227 5195 1321 5233 eos
1347 5179 1570 5241 litteris,
1602 5196 1730 5233 cum
1761 5183 1876 5233 sta-

281 5270 389 5325 tim
414 5269 776 5324 recessissent
800 5268 1076 5340 Hippone,
1117 5268 1529 5339 Tagastamque
1559 5268 1767 5323 reversi
1796 5284 1879 5322 es-

1960 4663 2142 4720 posse;
2170 4662 2274 4701 nec
2300 4642 2377 4703 sic
2402 4650 2594 4700 tamen
2622 4644 2895 4700 adductus
2923 4662 3051 4700 sum
3080 4645 3178 4717 qui
3205 4651 3264 4700 et
3298 4645 3404 4700 hoc
3431 4662 3559 4717 pro-

1962 4737 2227 4791 miseram
2240 4751 2351 4789 non
2373 4751 2462 4789 me
2475 4734 2646 4788 fuisse
2660 4733 3032 4800 facturum,ut
3048 4734 3258 4805 aliquid
3280 4735 3331 4789 ei
3348 4735 3419 4789 de
3441 4751 3562 4789 sus-

1959 4824 2214 4896 cipiendo
2235 4828 2433 4891 396
2458 4822 2803 4895 presbyterio
2831 4821 3146 4877 suaderem.
3167 4822 3326 4888 Quod
3352 4822 3401 4877 si
3424 4839 3559 4895 per-

1960 4914 2196 4968 suadere
2242 4912 2570 4984 potuissem,
2622 4928 2735 4965 non
2772 4912 2892 4982 jam
2941 4911 3299 4966 ordinaretur
3324 4911 3553 4971 invitus.

1960 5002 2184 5057 Servavi
2236 5002 2528 5072 utriusque
2572 4999 2955 5073 promissionis
3005 5000 3193 5066 ﬁdem,
3228 5016 3340 5055 non
3370 5001 3554 5055 solum

1960 5090 2109 5143 illius
2157 5106 2325 5161 quam
2350 5091 2470 5159 jam
2491 5090 2697 5161 populo
2724 5087 3120 5160 patefeceram,
3160 5106 3353 5144 verum
3379 5089 3552 5145 etiam

1958 5178 2107 5232 illius
2136 5179 2195 5233 in
2226 5195 2337 5250 qua
2348 5194 2457 5232 uno
2484 5183 2646 5244 teste,
2670 5182 2943 5249 quantum
2959 5178 3030 5232 ad
3054 5178 3309 5233 homines
3330 5179 3555 5246 attinet,

1959 5266 2777 5338 detinebar.Servavi,inquam,
2801 5266 2966 5321 ﬁdem
2987 5268 3396 5339 promissionis,
3428 5283 3545 5322 non

280 5364 428 5424 sent,
462 5357 816 5426 signiﬁcavit,
854 5374 983 5411 cum
1011 5373 1072 5411 se
1102 5357 1398 5422 excusavit,
1433 5362 1602 5428 atque
1646 5356 1789 5411 nihil
1819 5373 1878 5411 se
1954 5356 2257 5427 jurationis
2284 5356 2343 5410 in
2373 5361 2532 5410 tanto
2560 5354 2842 5427 periculo;
2877 5356 3025 5427 quod
3056 5357 3189 5411 licet
3214 5356 3372 5421 falso,
3406 5356 3552 5411 sicut

279 5447 508 5503 conscio
537 5446 745 5502 factum
770 5446 1024 5519 pluribus
1046 5445 1367 5500 declaravit.

357 5535 615 5591 Scribens
645 5536 796 5591 enim
820 5536 889 5589 ad
909 5534 1168 5589 Albinam
1194 5533 1416 5588 Piniani
1442 5549 1684 5600 socrum,
1708 5550 1875 5605 quam

280 5632 473 5682 tamen
501 5625 786 5700 appellare
819 5622 1109 5681 consuevit
1140 5624 1262 5695 ejus
1289 5628 1553 5691 matrem,
1579 5623 1648 5678 ad
1670 5622 1757 5678 sui
1786 5623 1879 5678 de-

1959 5450 2154 5517 postea
2180 5444 2573 5516 comperimus,
2589 5443 2964 5514 metuebatur;
2988 5444 3248 5501 omnibus
3273 5451 3481 5511 tamen,
3499 5443 3552 5499 si

1961 5534 2093 5606 quid
2120 5539 2283 5599 esset,
2318 5533 2693 5588 communiter
2720 5532 3099 5606 impendebat,
3135 5540 3194 5590 et
3219 5538 3339 5589 erat
3364 5536 3551 5587 metus

1960 5624 2078 5696 ipse
2119 5622 2452 5690 communis,
2498 5638 2563 5679 ac
2608 5638 2710 5695 per
2765 5622 3057 5681 ecclesiam
3104 5623 3164 5680 in
3192 5637 3302 5696 qua
3330 5635 3555 5678 eramus
