4008 6210
495 327 636 389 1075

1489 366 1496 375 ι
1558 322 1661 385 ’ΒΕ
1697 329 1887 387 VITIS
1926 330 2225 389 PATRUM
2259 333 2475 389 LIBER
2507 331 2660 389 VIII.

3632 330 3773 390 1076

491 458 736 514 maxime
749 462 1006 514 metuens
1025 454 1321 511 abscedere
1336 454 1671 527 cogitabam.
1695 457 1803 512 Sed
1823 462 2080 513 metuen-
2097 462 2146 520 A
2164 459 2372 515 nimus.
2406 461 2552 515 Nam
2580 474 2710 513 cum
2733 457 2857 527 ejus
2881 454 3047 510 verba
3069 471 3104 509 a
3129 455 3363 509 diacono
3391 454 3544 510 dicta
3571 457 3776 511 recita-

492 547 627 602 dum
656 547 848 602 fuitne
877 545 1075 616 magis,
1091 562 1182 599 me
1211 544 1587 611 absente,tale
1608 546 1820 617 aliquid
1836 546 2084 603 facerent

492 640 551 690 et
566 634 876 690 reverentia
893 635 1078 688 minor
1091 642 1149 687 et
1168 634 1327 688 dolor
1337 634 1640 688 ardentior.
1666 635 1877 690 Deinde
1892 636 1938 690 si
1952 653 2080 690 cum

489 723 664 777 fratre
689 722 889 794 Alypio
914 722 1257 776 discederem
1277 738 1378 793 per
1396 723 1667 794 populum
1681 725 2077 796 constipatum,

487 812 795 866 cavendum
825 812 933 866 fuit
950 827 1021 865 ne
1046 811 1342 883 quisquam
1363 812 1422 865 in
1446 828 1575 866 eum
1604 829 1835 867 manum
1858 815 2081 869 mittere

490 902 742 956 auderet.
774 901 833 956 Si
859 906 1049 956 autem
1077 900 1198 955 sine
1227 901 1341 967 illo,
1377 917 1499 973 quae
1524 900 1676 957 frons
1706 908 1853 958 esset
1887 904 2080 959 existi-

485 989 767 1055 mationis,
777 990 825 1044 si
841 989 974 1061 quid
989 988 1039 1043 ei
1059 989 1314 1045 fortassis
1329 991 1620 1058 accideret,
1639 996 1696 1045 et
1712 991 1931 1046 viderer
1950 1010 2079 1048 eum

486 1084 785 1151 propterea
812 1078 1149 1148 deseruisse,
1176 1084 1241 1133 ut
1263 1080 1473 1134 furenti
1489 1081 1695 1151 populo
1719 1081 2080 1136 traderetur?

559 1186 584 1219 ι
619 1167 775 1222 Inter
801 1166 905 1221 hos
933 1171 1102 1221 aestus
1131 1184 1307 1235 meos,
1326 1185 1666 1240 gravemque
1695 1186 1995 1225 merorem
2024 1177 2082 1226 et

487 1256 699 1312 nullius
726 1255 945 1311 consilii
985 1256 1430 1328 respirationem,
1479 1274 1605 1311 ecce
1652 1265 1885 1330 repente
1910 1265 2080 1331 atque

483 1344 772 1417 inopinate
799 1349 1025 1400 sanctus
1040 1345 1189 1399 ﬁlius
1204 1350 1396 1400 noster
1419 1346 1684 1401 Pinianus
1704 1347 1882 1402 mittit
1900 1349 1971 1402 ad
1990 1366 2080 1403 me

487 1449 709 1488 servum
756 1432 877 1498 Dei,
921 1433 1017 1504 qui
1058 1433 1199 1490 mihi
1226 1433 1439 1488 diceret
1461 1451 1591 1489 eum
1616 1452 1676 1489 se
1704 1436 1844 1491 velle
1874 1439 2081 1509 populo

482 1523 698 1593 jurare.
731 1521 879 1593 quod
916 1522 965 1575 si
1002 1527 1151 1576 esset
1187 1522 1477 1577 ordinatus
1518 1523 1746 1592 invitus,
1780 1542 1845 1580 ex
1892 1527 2082 1582 Africa

485 1610 812 1665 discederet:
837 1610 1066 1665 omnino
1084 1611 1249 1665 credo
1269 1611 1593 1667 existimans
1606 1614 2081 1686 eos,quandoqui-

488 1698 617 1753 dem
644 1700 898 1770 pejerare
930 1716 1043 1754 non
1071 1706 1278 1771 posset,
1309 1716 1422 1755 non
1446 1702 1567 1772 jam
1608 1702 1847 1758 ulterius
1867 1704 2077 1759 infruc-

2162 555 2378 614 rentur,
2403 554 2461 603 et
2478 548 2670 603 omnia
2689 546 3049 618 placuissent,
3072 542 3168 598 ubi
3185 560 3391 598 nomen
3417 544 3771 615 interpositae

2163 637 2511 693 necessitatis
2533 636 2802 701 insonuit,
2834 635 3099 689 continuo
3125 634 3493 688 reclamatum
3508 640 3620 700 est,
3648 651 3775 706 pro-

2162 727 2467 798 missioque
2483 725 2785 797 displicuit,
2817 723 3064 778 tumultu
3092 722 3612 789 recrudescente,et
3628 724 3777 778 nihil

2130 864 2133 865 ν
2164 816 2318 870 aliud
2344 832 2513 887 quam
2543 814 2741 869 fraude
2771 829 2960 867 secum
2991 811 3103 882 agi,
3136 812 3343 883 populo
3384 812 3771 866 existimante.

2162 905 2323 968 Quod
2350 920 2477 959 cum
2529 908 2755 957 sanctus
2784 901 2932 956 ﬁlius
2959 906 3153 955 noster
3211 900 3486 955 Pinianus
3513 900 3771 967 vidisset,

2156 994 2328 1065 jussit
2347 992 2477 1048 inde
2502 991 2712 1047 auferri
2727 1007 2932 1045 nomen
2945 989 3311 1056 necessitatis;
3335 1006 3690 1061 rursumque
3705 991 3775 1044 ad

2162 1082 2415 1137 laetitiam
2435 1082 2676 1154 populus
2705 1079 2993 1134 remeavit.
3017 1079 3087 1134 Et
3107 1094 3233 1133 cum
3255 1078 3660 1133 lassitudinem
3682 1096 3776 1133 ex-

2162 1188 2438 1237 cusarem,
2456 1171 2576 1225 sine
2605 1186 2696 1224 me
2727 1168 2798 1223 ad
2827 1167 3047 1240 plebem
3076 1167 3340 1222 accedere
3368 1168 3578 1233 noluit,
3602 1168 3774 1223 simul

2164 1260 2521 1315 accessimus.
2552 1258 2704 1313 Dixit
2734 1257 2785 1311 ei
2816 1273 3001 1337 quassa
3028 1256 3263 1311 diacono
3286 1256 3485 1310 audita
3516 1263 3691 1311 erant
3718 1274 3776 1311 se

2164 1350 2479 1415 mandasse,
2503 1364 2563 1402 se
2586 1349 2827 1418 jurasse,
2852 1362 3029 1418 eaque
3057 1362 3117 1400 se
3146 1361 3267 1401 esse
3285 1345 3776 1411 facturum,conti-

2165 1454 2392 1509 nuoque
2422 1437 2613 1492 omnia
2642 1453 2709 1491 eo
2729 1441 2927 1490 tenore
2957 1450 3067 1505 quo
3095 1433 3405 1489 dictaverat
3434 1441 3775 1505 prosecutus

2164 1527 2629 1598 est.Responsum
2646 1529 2732 1579 est
2750 1525 2867 1579 Deo
2886 1523 3115 1595 gratias,
3139 1528 3197 1578 et
3229 1523 3474 1594 petitum
3495 1528 3567 1578 ut
3588 1528 3775 1579 totum

2163 1615 2433 1687 scriptum
2461 1613 2923 1670 subscriberetur.
2955 1612 3281 1668 Dimisimus
3306 1612 3775 1676 catechumenos,

2160 1704 2537 1775 continuoque
2555 1703 2829 1775 scriptum
2852 1700 3195 1773 subscripsit.
3222 1700 3438 1756 Deinde
3456 1702 3581 1773 peti
3603 1701 3773 1773 caepi-

488 1793 653 1843 tuosa
665 1788 1081 1860 perseverantia
1100 1790 1535 1854 clamaturos,ad
1547 1792 1934 1862 expellendum
1954 1794 2085 1850 hinc
2104 1780 2151 1841 Β
2167 1810 2292 1848 mus
2323 1809 2421 1848 nos
2450 1796 2641 1859 ϐενε
2674 1790 2936 1863 episcopi,
2957 1806 3072 1845 non
3091 1788 3318 1845 vocibus
3337 1790 3554 1862 populi,
3567 1790 3671 1844 sed
3692 1797 3771 1845 ta-

486 1875 795 1947 hominem,
822 1893 988 1949 quem
1010 1878 1210 1932 saltem
1229 1877 1436 1933 habere
1464 1880 1797 1936 deberemus
1819 1882 2081 1937 vicinum.

488 1965 620 2020 Mihi
650 1970 860 2033 autem,
890 1965 1023 2037 quia
1050 1966 1344 2021 videbatur
1375 1968 1851 2025 vehementiorem
1890 1988 2085 2026 eorum

491 2054 741 2109 dolorem
770 2060 898 2125 post
924 2055 1070 2109 hanc
1100 2056 1446 2126 jurationem
1492 2057 1663 2113 fuisse
1692 2060 2081 2129 metuendum,

493 2144 642 2216 apud
672 2161 763 2198 me
783 2144 991 2199 tacitus
1009 2143 1181 2199 habui
1205 2164 1218 2211 ;
1250 2150 1308 2199 et
1326 2146 1460 2217 quia
1483 2148 1650 2201 simul
1679 2149 1918 2220 petierat
1933 2155 1998 2205 ut
2017 2150 2087 2204 ad

493 2250 623 2287 eum
656 2232 924 2299 venirem,
963 2249 1075 2287 non
1118 2233 1330 2288 distuli.
1366 2235 1506 2289 Cum
1537 2235 1674 2290 mihi
1720 2237 1955 2293 dixisset
1984 2239 2090 2293 hoc

492 2323 698 2394 ipsum,
731 2322 994 2377 continuo
1024 2326 1083 2376 et
1108 2322 1248 2377 illud
1288 2323 1545 2394 adjunxit
1589 2326 1770 2379 eidem
1793 2326 2087 2396 jurationi,

495 2411 644 2482 quod
666 2410 824 2477 mihi,
844 2411 979 2465 dum
1001 2411 1072 2465 ad
1094 2428 1223 2466 eum
1235 2428 1425 2483 pergo,
1440 2430 1540 2484 per
1553 2414 1728 2468 alium
1742 2415 1844 2469 Dei
1866 2432 2090 2470 servum

496 2501 879 2566 mandaverat,
912 2500 982 2554 de
1003 2501 1300 2572 prmsentia
1329 2502 1538 2556 scilicet
1567 2519 1688 2569 sua,
1712 2504 1760 2558 si
1788 2504 1839 2558 ei
1867 2505 2090 2560 clerica-

494 2595 588 2644 tus
627 2590 908 2645 sarcinam
933 2590 1146 2645 nolenti
1174 2591 1362 2646 nullus
1389 2592 1721 2663 imponeret.
1763 2614 1785 2645 ι
1821 2594 2087 2650 nimirum

497 2696 610 2734 non
640 2679 1017 2734 discessurum
1048 2679 1327 2751 Hippone,
1352 2680 1399 2735 si
1437 2682 1517 2735 sic
1540 2682 1681 2736 liber
1703 2683 1913 2755 absque
1941 2699 2088 2739 nexu

499 2768 792 2823 clericatus
823 2784 943 2823 esse
973 2767 1272 2824 sineretur.

572 2877 591 2908 α
606 2857 710 2911 Hic
729 2873 833 2927 ego
849 2857 907 2911 in
922 2856 1095 2911 tantis
1106 2858 1401 2929 angustiis,
1422 2860 1581 2930 quasi
1597 2877 1737 2915 aura
1756 2862 2090 2933 respirante,

2167 1900 2300 1939 men
2326 1900 2359 1937 a
2384 1881 2588 1954 populo
2618 1897 2719 1952 per
2746 1880 3011 1935 honestos
3058 1879 3273 1946 ﬁdeles,
3316 1885 3385 1933 ut
3409 1895 3515 1934 nos
3545 1895 3771 1951 quoque

2167 1971 2662 2028 subscriberemus.
2719 1970 2794 2023 At
2850 1968 2945 2023 ubi
2990 1968 3130 2040 coepi
3171 1967 3546 2033 subscribere,
3582 1973 3776 2023 sancta

2169 2060 2413 2117 Melania
2436 2057 2791 2114 contradixit.
2832 2057 3068 2113 Miratus
3097 2074 3225 2111 sum
3263 2073 3440 2128 quare
3468 2062 3598 2111 tam
3627 2073 3767 2121 sero,

2171 2149 2331 2221 quasi
2373 2147 2805 2223 promissionem
2832 2146 2988 2200 illam
3028 2151 3086 2200 et
3120 2145 3472 2217 jurationem
3501 2162 3634 2211 nos,
3665 2163 3772 2201 non

2171 2237 2590 2303 subscribendo,
2621 2235 2802 2290 facere
2827 2251 3119 2307 possemus
3145 2234 3553 2289 infectam.Sed
3583 2241 3770 2290 tamen

2172 2325 2643 2397 obtemperavi;ac
2664 2324 2742 2379 sic
2762 2324 3036 2378 remansit
3060 2341 3185 2379 mea
3204 2340 3319 2379 non
3340 2324 3511 2395 plena
3534 2324 3770 2379 subscri-

2172 2416 2310 2489 ptio,
2343 2432 2446 2469 nec
2475 2415 2620 2469 ultre
2654 2412 2815 2468 nobis
2844 2414 3143 2484 quisquam
3185 2417 3251 2468 ut
3290 2411 3771 2468 subscriberemus

2171 2503 2390 2576 putavit
2416 2502 2763 2557 instandum.
2800 2520 2825 2553 »
2858 2502 2989 2557 Haec
3016 2507 3243 2557 sanctus
3270 2502 3652 2572 Augustinus.

2688 2592 2910 2647 Reditus
2938 2593 3249 2660 Tagastam.

2242 2684 2449 2737 Baron.
2477 2685 2513 2735 ι.
2545 2682 2595 2747 V,
2620 2681 2694 2734 ad
2710 2695 2929 2734 annum
2949 2681 3163 2735 Christi
3180 2677 3662 2736 409.-—Pinianus
3678 2696 3774 2734 au-

2173 2774 2309 2838 tem,
2343 2768 2491 2840 quod
2521 2785 2644 2840 quae
2683 2784 2784 2840 per
2810 2768 2925 2823 vim
2961 2773 3020 2823 et
3047 2774 3262 2823 metum
3290 2769 3576 2840 pollicitus
3610 2775 3771 2834 esset,

2177 2876 2237 2914 se
2268 2858 2575 2929 obligatum
2612 2857 2847 2911 minime
2875 2857 3057 2912 teneri
3086 2857 3260 2928 probe
3290 2859 3483 2923 sciret,
3517 2859 3776 2929 sequenti

497 2950 801 3011 recreatus,
821 2946 962 2999 nihil
976 2946 1027 3001 ei
1047 2947 1307 3018 respondi
1328 2966 1339 3014 ;
1360 2949 1455 3002 sed
1478 2949 1547 3003 ad
1577 2948 1809 3004 fratrem
1828 2951 2096 3023 Alypium
2177 2948 2267 3001 die
2284 2947 2429 3001 clam
2453 2962 2568 3000 una
2589 2962 2717 3001 cum
2746 2946 2861 3000 suis
2882 2946 3189 3016 Tagastam
3208 2961 3467 3000 reversus
3494 2952 3605 3001 est.
3639 2948 3777 3012 Quid

498 3034 679 3106 gradu
698 3035 1060 3090 concitatiore
1081 3036 1298 3107 perrexi
1323 3055 1335 3104 ;
1359 3037 1522 3108 eique
1553 3037 1687 3110 quid
1715 3038 1934 3106 dixerit,
1959 3040 2092 3095 dixi.
2178 3041 2367 3090 autem
2385 3040 2507 3090 tum
2538 3035 2778 3106 populus
2807 3034 3182 3106 Hipponensis
3206 3052 3335 3090 cum
3362 3037 3650 3103 rescisset,
3667 3039 3780 3093 Au-

501 3124 688 3178 Atille
710 3126 793 3192 (ut
811 3124 1086 3194 existimo)
1116 3125 1368 3179 devitans
1398 3142 1468 3180 ne
1489 3126 1621 3198 quid
1644 3144 1704 3181 se
1725 3134 1952 3183 auctore
1994 3130 2096 3183 ﬁe-
2119 3141 2161 3200 C
2178 3125 2440 3195 gustinus
2478 3124 2651 3180 refert
2676 3125 2737 3178 in
2769 3124 2966 3178 eadem
3007 3124 3248 3195 epistola
3275 3124 3346 3177 ad
3375 3123 3650 3179 Albinam
3676 3124 3782 3179 alio

502 3217 607 3279 ret,
642 3213 791 3267 unde
819 3229 915 3267 vos
943 3212 1180 3285 putabat
1193 3214 1427 3269 offendi:
1464 3215 1607 3270 Hinc
1636 3233 1727 3271 me
1755 3216 1990 3290 [inquit]
2010 3235 2104 3273 ne-

502 3318 596 3356 mo
615 3302 887 3356 consulat.
906 3302 1028 3366 Quo
1046 3303 1259 3368 audito,
1278 3304 1350 3359 ad
1367 3304 1637 3376 populum
1656 3306 2100 3361 tumultuantem

502 3391 757 3462 perrexi;
809 3390 1067 3463 factoque
1111 3393 1354 3457 silentio,
1387 3392 1521 3464 quid
1552 3394 1890 3465 promissum
1928 3401 2097 3461 esset,

503 3496 630 3534 cum
662 3480 1031 3551 promissione
1062 3482 1233 3536 etiam
1257 3482 1561 3553 jurationis
1598 3484 1919 3554 aperui.llli
1947 3500 2099 3550 vero,

505 3569 601 3641 qui
620 3570 801 3624 solum
813 3571 861 3640 ej
870 3587 934 3624 us
958 3570 1368 3642 presbyterium
1393 3570 1713 3641 cogitabant
1732 3577 1900 3644 atque
1919 3573 2104 3644 cupie-

500 3655 780 3724 bant,non
793 3657 873 3712 ita
886 3663 953 3712 ut
972 3658 1241 3729 putabam
1256 3658 1404 3729 quod
1416 3658 1667 3713 oblatum
1682 3659 1865 3714 fuerat
1882 3677 2105 3732 accepe-

506 3750 671 3812 runt;
691 3746 790 3799 sed
806 3746 955 3800 inter
971 3763 1030 3801 se
1046 3747 1461 3817 aliquantulum
1487 3748 1867 3815 mussitantes,
1888 3750 2101 3821 petive-

508 3837 644 3885 runt
672 3838 737 3886 ut
764 3832 1065 3888 adderetur
1085 3833 1267 3888 eidem
1278 3835 1634 3905 promissioni
1653 3841 1821 3907 atque
1830 3838 2101 3908 jurationi

508 3924 576 3974 ut
594 3919 640 3973 si
664 3921 885 3991 quando
904 3921 987 3975 illi
1004 3922 1074 3975 ad
1094 3922 1509 3993 suscipiendum
1528 3924 1849 3980 clericatum
1869 3943 2104 3982 consen-

509 4007 619 4063 tire
639 4009 957 4079 placuisset,
981 4010 1203 4064 nonnisi
1223 4011 1346 4082 ipsa
1361 4012 1705 4084 Hipponensi
1717 4015 1949 4070 ecclesia
1963 4033 2099 4071 con-

2184 3214 2393 3285 scripto
2423 3230 2482 3267 se
2514 3213 2889 3284 signiﬁcasse;
2920 3229 3052 3267 nam
3084 3212 3164 3266 ait
3200 3226 3212 3261 :
3256 3233 3279 3263 ι
3312 3212 3421 3277 Qui
3447 3218 3651 3268 autem
3677 3214 3782 3267 alio

2181 3301 2294 3367 die,
2326 3307 2625 3373 postquam
2655 3301 2842 3374 ipsum
2862 3301 3185 3356 discessisse
3203 3301 3542 3369 didicerunt,
3575 3303 3783 3358 fuerint

2182 3396 2388 3455 motus,
2419 3390 2505 3444 vel
2562 3389 2769 3460 lingua
2796 3390 3111 3457 hominum,
3143 3395 3420 3461 quantum
3470 3391 3614 3446 satis
3644 3391 3784 3445 arbi-

2182 3483 2365 3533 tratus
2404 3495 2549 3545 sum,
2592 3479 2878 3533 sanctitati
2919 3484 3113 3533 vestra:
3158 3496 3261 3549 per
3285 3480 3784 3535 commonitorium

2184 3568 2447 3622 intimare
2466 3567 2673 3622 curavi.
2699 3567 2968 3638 Quisquis
2993 3567 3186 3639 itaque
3211 3567 3365 3622 vobis
3390 3570 3686 3624 contraria
3701 3569 3785 3623 his

2187 3673 2310 3729 quae
2340 3658 2563 3711 narravi
2583 3657 2728 3711 forte
2757 3656 3027 3723 narravit,
3061 3662 3161 3711 aut
3179 3657 3473 3723 mentitur,
3504 3665 3613 3713 aut
3638 3658 3780 3713 falli-

2184 3752 2281 3801 tur
2306 3748 2491 3815 (Aug.,
2527 3748 2752 3816 epistola
2773 3744 2920 3815 2|5).
2955 3763 2982 3799 ι)
3012 3747 3141 3800 Haec
3160 3746 3303 3817 ipse.

2255 3834 2413 3899 Quod
2426 3840 2614 3889 autem
2624 3833 2827 3889 Albina
2838 3833 3043 3889 litteris
3055 3849 3361 3906 conquesta
3374 3840 3523 3890 esset
3534 3836 3783 3907 primum

2185 3924 2452 3979 adversus
2477 3924 2874 3995 Augustinum,
2896 3924 3045 3994 quod
3064 3924 3132 3978 ad
3150 3925 3457 3994 jurandnm
3482 3924 3781 3980 Pinianum

2182 4006 2521 4081 induxisset;
2552 4012 2811 4084 quodque
2840 4012 3009 4067 etiam
3040 4013 3137 4067 illa
3164 4014 3493 4084 suggillaret
3513 4015 3780 4087 populum

510 4098 765 4154 sentiret.
785 4099 971 4154 Retuli
990 4100 1060 4154 ad
1082 4117 1232 4168 eum,
1255 4101 1375 4156 sine
1394 4101 1743 4158 dubitatione
1765 4105 1981 4161 annuit.
1999 4107 2104 4162 Re-
2188 4102 2606 4174 Hipponensem
2636 4117 2828 4157 amore.
2848 4102 3093 4156 illectum
3120 4103 3370 4174 pecuniae
3386 4103 3572 4158 virum
3592 4104 3783 4175 przedi-

512 4189 913 4256 nuntiavijllis,
944 4189 1116 4245 laetati
1136 4196 1287 4251 sunt.
1320 4198 1376 4246 et
1390 4208 1516 4247 mox
1527 4193 1871 4263 jurationem
1891 4195 2106 4265 pollici-
2187 4191 2357 4246 vitem
2379 4190 2484 4245 sibi
2500 4190 2793 4245 vendicare
2812 4189 3083 4260 sategisse
3105 4209 3116 4243 :
3139 4207 3267 4245 cum
3286 4208 3351 4245 ex
3376 4190 3445 4245 iis
3476 4209 3542 4246 ex
3558 4193 3781 4265 obliquo

508 4283 625 4332 tam
638 4284 1021 4350 poposcerunt
1035 4279 1259 4334 Reverti
1270 4280 1340 4335 ad
1351 4280 1528 4335 ﬁlium
1544 4286 1797 4336 nostrum
1810 4282 2105 4338 Pinianum
2186 4279 2487 4351 Augustini
2512 4280 2665 4333 fama
2691 4279 3078 4351 impeteretur,
3109 4279 3257 4333 idem
3284 4281 3642 4352 Augustinus
3660 4297 3781 4337 cum

512 4384 752 4439 eumque
777 4367 965 4422 inveni
985 4369 1350 4423 ﬂuctuantem
1378 4369 1716 4441 quibusnam
1750 4370 1931 4426 verbis
1958 4389 2107 4426 com-
2187 4386 2288 4440 pro
2317 4386 2377 4423 se
2402 4375 2526 4424 tum
2548 4384 2648 4439 pro
2674 4368 2878 4439 populo
2891 4368 3086 4423 eadem
3103 4368 3339 4440 epistola
3366 4372 3780 4425 excusationem

510 4457 784 4529 prehendi
808 4463 993 4529 posset
1023 4458 1119 4512 illa
1149 4474 1275 4513 cum
1306 4459 1585 4529 iuratione
1614 4459 1928 4531 promissio,
1956 4458 2451 4533 prop-Dattexuit.
2484 4459 2553 4512 Et
2579 4457 2730 4512 inter
2751 4457 2864 4511 alia
2889 4456 3028 4512 illud
3056 4457 3317 4523 inculcat,
3348 4475 3408 4513 se
3432 4459 3569 4514 olim
3614 4461 3779 4514 civem

510 4552 600 4601 ter
627 4546 986 4601 necessitates
1014 4546 1312 4614 irruentes,
1338 4565 1460 4619 quae
1482 4554 1710 4620 possent
1736 4565 1865 4603 eum
1891 4555 1953 4603 ut
1981 4548 2103 4605 abs-
2183 4548 2585 4618 Tagastensem
2600 4546 2855 4601 eamdem
2871 4546 2981 4599 vim
2996 4545 3065 4599 ab
3082 4546 3429 4617 Hipponensi
3443 4550 3656 4620 populo
3668 4566 3780 4621 pas-

510 4636 962 4706 cederctcogere.
988 4635 1347 4690 Simuletiam
1360 4636 1493 4707 quid
1511 4637 1736 4693 timeret
1750 4638 2011 4702 ostendit,
2029 4655 2101 4693 ne
2183 4654 2309 4692 sum
2337 4654 2478 4703 esse,
2509 4653 2622 4691 non
2651 4636 2761 4690 alia
2790 4635 3014 4707 quidem
3036 4653 3101 4690 ex
3122 4653 3291 4691 causa
3310 4637 3423 4691 illis
3442 4638 3515 4693 ad
3540 4639 3601 4694 id
3623 4656 3782 4711 agen-

512 4725 637 4797 quis
662 4724 921 4780 irruisset
948 4724 1165 4779 hostilis
1182 4724 1455 4791 incursus,
1479 4725 1576 4797 qui
1596 4731 1745 4781 esset
1768 4727 2103 4783 discessione

510 4814 789 4869 vitandus.
825 4813 1058 4868 Volebat
1081 4813 1209 4868 addi
1230 4818 1423 4867 sancta
1447 4814 1690 4869 Melania
1711 4821 1767 4871 et
1788 4817 1935 4871 aeris
1959 4833 2108 4871 mor-

511 4901 629 4957 bidi
659 4903 1175 4970 causationem,sed
1204 4903 1355 4959 illius
1376 4905 1737 4977 responsione
1767 4906 2107 4977 reprehensa

513 4991 740 5062 est.Rgo
773 4996 961 5046 autem
987 4992 1101 5047 dixi
1141 5009 1366 5064 gravem
1398 4992 1468 5047 ab
1499 4993 1596 5048 illa
1622 4999 1679 5048 et
1706 5011 1819 5049 non
1855 5001 2105 5049 contem-

512 5080 755 5134 nendam
784 5097 1010 5136 causam
1040 5082 1389 5137 necessitatis
1439 5083 1736 5153 ingestam,
1790 5100 1913 5155 quae
1960 5084 2105 5139 cives

514 5167 686 5222 etiam
709 5169 985 5239 emigrare
1006 5172 1383 5243 compelleret;
1402 5172 1498 5226 sed
1524 5172 1572 5225 si
1598 5175 1713 5227 haec
1734 5173 1939 5243 populo
1959 5173 2108 5227 dicc-

511 5263 726 5323 rentur,
750 5256 1063 5314 timendum
1088 5277 1207 5315 esse
1236 5277 1305 5316 ne
1334 5261 1480 5315 male
1504 5277 1605 5317 nos
1627 5261 1865 5316 ominari
1896 5261 2109 5317 videre-

513 5362 676 5414 mur;
730 5345 777 5400 si
808 5352 996 5401 autem
1026 5349 1131 5403 sub
1159 5350 1507 5404 necessitatis
1550 5350 1776 5405 nomine
1821 5351 1981 5405 ﬁeret
2010 5367 2107 5404 ex-

511 5435 746 5503 cusatio,
779 5435 1003 5489 nonnisi
1032 5436 1446 5493 fraudulentam
1476 5439 1866 5493 necessitatem
1896 5439 2099 5510 putari.

590 5545 614 5576 «
646 5525 864 5580 Placuit
877 5531 1066 5579 tamen
1088 5530 1151 5579 ut
1164 5526 1231 5580 de
1260 5527 1364 5581 hac
1383 5544 1443 5582 re
1461 5527 1648 5600 populi
1661 5528 1912 5582 animum
1944 5544 2105 5599 cxpe-

510 5616 838 5683 rircmur,et
856 5614 995 5671 nihil
1010 5614 1162 5669 aliud
1185 5632 1352 5687 quam
1372 5617 1517 5688 quod
1534 5621 1927 5687 putaveramus
1948 5617 2105 5671 inve-

2185 4726 2320 4781 dum
2356 4725 2630 4797 impulsis,
2666 4741 2833 4796 quam
2862 4725 3106 4797 pietatis,
3140 4730 3205 4780 ut
3233 4743 3399 4797 quem
3432 4728 3622 4782 virum
3641 4728 3779 4799 frugi

2186 4820 2469 4887 putarent,
2503 4814 2761 4869 eumdem
2773 4812 3161 4886 presbyterum
3177 4814 3281 4868 sibi
3294 4816 3665 4887 praeﬁcerem.

2260 4904 2369 4959 Sed
2381 4905 2500 4974 jam
2519 4904 2704 4976 ipsum
2729 4902 3082 4957 audiamuszc
3107 4904 3399 4968 Quomodo
3416 4906 3777 4978 ergo[inquit]

2188 4993 2328 5048 dicis
2357 4993 2461 5047 hoc
2493 5009 2587 5047 eos
2615 4992 2810 5047 fecisse
2836 4991 3162 5064 turpissimo
3210 4993 3465 5064 appetitu
3499 4996 3777 5067 pecuniae?

2188 5081 2376 5136 Primo
2407 5082 2540 5153 quia
2568 5081 2639 5135 ad
2668 5080 2907 5152 plebem,
2938 5097 3059 5152 quae
3090 5080 3386 5149 clamabat,
3419 5085 3652 5140 omnino
3674 5099 3776 5139 non

2188 5172 2452 5243 pertinet.
2495 5170 2650 5226 Sicut
2671 5170 2821 5225 enim
2851 5169 3006 5240 plebs
3032 5170 3414 5241 Tagastensis,
3447 5173 3519 5228 de
3546 5173 3634 5228 his
3660 5190 3771 5245 qua“:

2188 5259 2545 5314 consuluistis
2558 5258 2811 5314 Ecclesia:
2823 5259 3169 5330 Tagastensi,
3192 5276 3306 5313 non
3335 5261 3504 5316 habet
3526 5263 3634 5318 nisi
3648 5278 3771 5333 gau-

2188 5350 2342 5404 dium
2373 5348 2503 5403 boni
2530 5348 2714 5419 operis
2741 5346 2909 5401 vestri
2934 5366 2946 5413 ;
2980 5348 3058 5402 sic
3085 5353 3143 5402 et
3170 5349 3570 5421 Hipponensis,
3599 5358 3655 5406 et
3680 5366 3767 5405 cu-

2181 5438 2415 5509 juslibet
2444 5437 2677 5491 alterius
2706 5435 2832 5503 loci,
2866 5435 2962 5491 ubi
3003 5437 3072 5491 de
3108 5454 3432 5493 mammona
3461 5439 3768 5511 iniquitatis

2186 5527 2407 5581 Domini
2427 5531 2704 5598 praecepta
2719 5525 3037 5592 fecistis,vel
3061 5527 3195 5581 estis
3215 5526 3533 5600 ubicunque
3556 5528 3764 5583 facturi.

2187 5618 2310 5671 Non
2327 5633 2458 5686 ergo
2480 5615 2805 5687 populus,ut
2818 5614 2886 5669 de
2916 5619 3075 5670 tanto
3098 5616 3213 5670 viro
3234 5616 3495 5674 Ecclesiae
3511 5619 3759 5673 consule-
