4024 6206
364 333 502 393 1077

1392 332 1469 386 ΙΝ
1508 330 1845 387 PALLADII
1882 322 2158 387 LIBRUM
2194 327 2597 388 PRIELUDIA.

3486 314 3623 373 1078

356 465 446 515 ret
474 476 609 526 sua,
639 456 1033 515 ardentissime
1060 455 1342 527 ﬂagitans,
1370 472 1538 511 suum
1571 456 1957 527 pecuniarium
1971 456 2265 524 Avinare;
2296 453 2468 511 habes
2490 452 2549 507 id
2577 451 2765 531 ipsum
2799 460 3060 520 expresse
3087 445 3537 531 demonstratum
3563 440 3626 495 in

357 550 614 622 quasivit
631 548 989 604 commodum
1016 563 1052 602 a
1077 545 1251 613 vobis,
1273 546 1372 601 sed
1400 550 1652 600 vestrum
1704 545 1952 617 pecunia

354 643 744 710 contemptum
772 636 973 691 dilexit
1000 636 1058 690 in
1085 634 1258 689 vobis.
1286 635 1429 689 Nam
1455 635 1502 689 si
1521 635 1579 689 in
1607 650 1698 689 me
1749 635 1954 690 dilexe-

353 733 492 783 runt
504 726 653 799 quod
683 726 998 791 audierant,
1030 724 1221 795 paucis
1238 723 1495 795 agellulis
1524 724 1772 795 paternis
1825 740 1953 780 cono

351 817 602 888 temptis,
632 816 704 871 ad
726 815 827 871 Dei
870 813 1106 869 liberam
1132 812 1457 867 servitutem
1481 829 1571 866 me
1600 813 1772 868 fuisse
1822 830 1952 869 con-

350 921 598 973 versum;
611 921 794 977 neque
807 904 869 958 in
881 903 986 958 hoc
999 902 1320 957 inviderunt
1333 900 1588 956 Ecclesia
1596 902 1943 972 Tagastensi,

351 1011 478 1067 qua
492 994 731 1049 carnalis
746 992 932 1065 patria
949 1007 1077 1047 mea
1096 996 1183 1045 est
1207 1010 1219 1058 ;
1243 990 1339 1045 sed
1360 1006 1487 1045 cum
1506 990 1604 1044 illa
1622 991 1946 1046 clericatum

347 1084 490 1139 mihi
504 1099 616 1138 non
629 1082 1009 1154 imposuisset,
1031 1080 1254 1152 quando
1276 1083 1597 1150 potuerunt,
1626 1079 1945 1134 habendum

348 1172 679 1227 invaserunt
707 1191 723 1234 ς
756 1175 967 1242 quanto
996 1170 1327 1240 ﬂagrantius
1356 1168 1416 1222 in
1460 1173 1653 1247 nostro
1710 1168 1945 1224 Piniano

346 1278 542 1317 amare
568 1264 875 1333 potuerunt
892 1264 1113 1313 tantam
1132 1257 1331 1312 mundi
1368 1258 1537 1328 hujus
1558 1257 1943 1329 cupiditatem,

347 1356 537 1406 tantas
551 1367 704 1422 opes,
716 1354 939 1404 tantam
959 1363 1136 1419 spem,
1162 1352 1324 1402 tanta
1340 1346 1698 1401 conversione
1712 1363 1946 1419 supera-

348 1444 467 1495 tam
495 1444 665 1512 atque
692 1438 964 1494 caicatam
992 1437 1017 1490 ?
1351 1438 1355 1446 ’

420 1529 538 1600 Ego
567 1529 774 1600 quippe
795 1526 1106 1582 secundum
1124 1526 1432 1580 multorum
1459 1539 1685 1579 sensum
1714 1539 1943 1596 compa-

345 1617 596 1673 rantium
623 1616 955 1688 semeptisos
973 1613 1354 1685 sibimetipsis,
1394 1629 1507 1667 non
1525 1612 1748 1667 divitias
1774 1613 1942 1669 dimi-

343 1707 506 1773 sisse,
533 1706 633 1761 sed
661 1706 733 1761 ad
759 1705 981 1760 divitias
1001 1704 1195 1759 videor
1219 1702 1455 1758 venisse.
1488 1702 1592 1756 Vix
1619 1701 1770 1757 enim
1788 1703 1941 1774 vige-

342 1795 489 1850 sima
514 1794 796 1867 particula
817 1810 909 1849 res
933 1810 1061 1849 mea
1089 1797 1326 1865 paterna
1346 1791 1652 1846 existimari
1679 1797 1866 1862 potest
1884 1792 1942 1847 in
1960 1812 2009 1872 B

339 1884 761 1955 comparatione
776 1883 1115 1955 pradiorum
1140 1880 1556 1951 Ecclesia,qua
1582 1896 1731 1935 nunc
1751 1886 1818 1935 ut
1843 1880 1939 1935 do-

336 1973 528 2027 minus
558 1972 847 2027 existimor
894 1971 1200 2044 possidere.
1234 1988 1261 2022 ››
1298 1970 1441 2023 Cum
1473 1985 1503 2023 e
1531 1974 1727 2024 contra
1754 1970 1851 2040 qui
1876 1971 1937 2024 in

339 2061 587 2118 Ecclesia
610 2060 873 2116 Africana
910 2061 983 2115 ad
1032 2058 1482 2132 presbyteratum
1538 2058 1697 2112 asciti
1726 2063 1931 2125 essent,

332 2150 548 2205 fuerint
575 2149 925 2221 pradivites;
960 2150 1109 2204 unde
1138 2148 1358 2203 subdit:
1403 2166 1429 2201 α
1462 2148 1525 2202 In
1557 2146 1807 2219 qualibet
1834 2164 1933 2202 au-

332 2244 453 2294 tem
480 2239 724 2295 maxime
751 2238 1140 2293 Africanarum
1162 2235 1556 2302 Ecclesiarum,
1596 2236 1687 2302 hic
1721 2241 1932 2303 noster,

328 2344 446 2382 non
476 2328 601 2383 dico
630 2327 941 2398 presbyter,
974 2327 1074 2382 sed
1109 2326 1403 2397 episcopus
1430 2326 1521 2392 sit,
1576 2330 1932 2396 comparatus

328 2416 857 2507 pristinis.0peribus
869 2416 1185 2483 suis,etiam
1198 2415 1245 2469 si
1259 2415 1448 2469 animo
1460 2413 1934 2485 dominantisege-

329 2505 427 2571 rit,
458 2502 851 2576 pauperrimus
872 2505 998 2559 erit.
1021 2505 1196 2560 Multo
1226 2519 1359 2574 ergo
1386 2502 1655 2574 liquidius
1682 2508 1740 2557 et
1770 2519 1930 2557 secu-

328 2593 452 2649 rius
478 2594 539 2648 in
582 2594 688 2648 hoc
739 2600 965 2648 amatur
1010 2592 1333 2648 Christiana
1382 2597 1704 2663 paupertas,
1727 2591 1786 2646 in
1818 2608 1930 2663 quo

329 2683 489 2738 nulla
502 2699 695 2737 rerum
714 2682 1051 2754 ampliorum
1075 2686 1260 2753 potest
1282 2681 1470 2753 putari
1489 2681 1786 2752 cupiditas.
1811 2682 1930 2736 Hoc

327 2771 813 2826 accenditanimos
839 2771 1050 2843 populi,
1070 2772 1174 2825 hoc
1201 2771 1261 2825 in
1279 2762 1433 2824 illam
1456 2770 1777 2825 violentiam
1808 2786 1931 2841 per-

329 2860 773 2915 severantissimi
795 2859 1054 2915 clamoris
1083 2858 1278 2914 erexit.
1300 2860 1422 2913 Non
1453 2875 1548 2912 eos
1567 2858 1747 2929 turpis
1770 2858 1929 2930 cupi-

329 2948 526 3003 ditatis
551 2949 782 3020 insuper
808 2965 1134 3003 accusemus
1157 2968 1172 3016 ;
1205 2948 1302 3002 sed
1326 2947 1503 3017 magis
1519 2936 1747 3013 bonum,
1780 2949 1928 3018 quod

328 3037 440 3108 ipsi
478 3053 592 3091 non
612 3035 838 3102 habent,
880 3037 1079 3092 saltem
1106 3036 1163 3090 in
1192 3036 1318 3090 aliis
1339 3036 1572 3105 diligere
1586 3035 1706 3089 sine
1735 3035 1928 3091 crimi-

324 3141 399 3180 ne
416 3126 831 3197 permittamus’.
857 3144 882 3177 »
903 3125 1032 3180 Hac
1042 3130 1100 3179 et
1115 3124 1228 3178 alia
1246 3124 1411 3195 plura
1423 3123 1493 3177 ad
1514 3123 1930 3179 excusationem
1946 3125 1990 3186 C

323 3214 535 3285 ingerit
554 3213 921 3285 Augustinus.

398 3304 509 3359 Sed
542 3308 599 3358 et
625 3303 773 3375 quod
800 3302 1054 3374 Alypius,
1082 3302 1230 3357 sicut
1258 3301 1480 3368 Albina,
1512 3301 1663 3355 idem
1689 3301 1927 3355 sentiret

320 3394 392 3449 de
428 3394 899 3466 Hipponensibus,
916 3394 1140 3448 eosdem
1166 3393 1435 3449 nimirum
1459 3410 1650 3448 amore
1670 3393 1921 3464 pecunia

318 3483 435 3537 vim
474 3483 682 3538 inferre
736 3488 966 3538 conatos
994 3498 1116 3537 esse
1144 3482 1378 3537 Piniano
1412 3500 1425 3548 ;
1458 3482 1719 3553 quodque
1756 3480 1921 3536 ambo

318 3572 575 3642 ejusdem
594 3572 890 3627 sententia
913 3577 1121 3630 essent.
1143 3572 1353 3625 nullius
1373 3588 1494 3626 esse
1541 3571 1746 3641 vigoris
1778 3588 1921 3642 pra-

319 3661 520 3716 stitum
538 3662 924 3731 juramentum
964 3660 1015 3715 \i
1044 3665 1212 3730 atque
1232 3665 1383 3714 metu
1401 3663 1581 3725 098
1607 3665 1919 3727 extortum;

316 3748 467 3804 idem
499 3754 726 3804 sanctus
749 3749 1117 3820 Augustinus,
1149 3749 1292 3805 sicut
1318 3749 1388 3803 ad
1408 3749 1607 3820 ipsam,
1642 3749 1723 3804 ita
1753 3749 1924 3804 etiam

316 3839 390 3891 ad
418 3838 686 3909 Alypium
723 3838 989 3892 adversus
1016 3838 1136 3891 hac
1163 3837 1286 3908 ipsa
1320 3837 1536 3892 litteras
1560 3838 1715 3893 dedit
1735 3840 1918 3907 (Aug.,

316 3928 544 3995 cpz'stoia
574 3925 718 3994 124),
746 3926 948 3997 quibus
963 3943 1096 3981 sane
1125 3932 1359 3997 apparet
1380 3926 1495 3981 hac
1522 3927 1670 3981 inter
1695 3942 1791 3982 eos
1805 3944 1920 3982 non

313 4014 436 4069 sine
496 4020 696 4070 mutua
751 4015 1056 4070 offensione
1093 4015 1264 4070 fuisse
1313 4020 1615 4080 transacta,
1649 4016 1747 4069 sed
1803 4016 1915 4070 cito

310 4104 560 4158 charitas
584 4120 806 4158 omnem
826 4104 1091 4159 abstersit
1117 4104 1415 4159 obductam
1436 4121 1502 4158 ex
1529 4104 1807 4174 ejusmodi
1835 4105 1913 4159 al-

308 4193 621 4247 tercatione
651 4193 988 4264 rubiginem.

713 4284 980 4350 Profectio
1006 4284 1493 4349 Jcrosolymitana.

379 4372 608 4435 Baron.,
627 4376 665 4425 ι.
706 4372 758 4423 ν.
782 4372 856 4425 ad
873 4387 1093 4425 annum
1115 4370 1325 4425 Christi
1334 4369 1457 4426 419.
1476 4371 1665 4426 —Sed
1690 4375 1748 4426 et
1772 4370 1911 4425 illud

2031 544 2199 602 rebus
2225 544 2400 616 gestis
2427 554 2452 584 ι
2478 540 2728 613 ejusdem
2784 535 3037 592 Melania
3062 532 3325 606 junioris,
3348 530 3446 619 ubi
3494 545 3623 585 cum

2032 634 2252 689 dicatur
2269 633 2467 689 eadem
2485 630 2649 685 annis
2664 632 2880 699 septem
2899 625 2959 680 in
2978 623 3166 679 Africa
3182 617 3549 686 commorata,
3574 617 3623 674 si

2030 729 2253 797 repetas
2288 728 2514 793 tempus
2543 720 2666 791 ejus
2694 718 2875 772 Roma
2892 714 3024 769 illuc
3053 709 3431 785 profectionis,
3450 723 3622 780 quam

2031 814 2296 869 accidisse
2323 811 2571 878 diximus
2598 822 2747 862 anno
2770 804 2866 877 qui
2894 801 3178 876 praecessit
3196 799 3352 855 urbis
3380 798 3616 862 cladem,

2029 918 2231 974 nempe
2246 895 2799 973 quadringentesimo
2816 909 2964 948 nono
2984 910 2999 960 ;
3017 896 3074 946 et
3092 890 3162 946 ab
3178 905 3244 945 eo
3256 892 3509 960 tempore
3523 902 3625 941 nu-

2028 1006 2213 1046 meres
2241 995 2456 1063 septem
2485 988 2612 1042 illos
2635 1000 2831 1048 annos,
2862 980 3109 1037 invenies
3136 979 3330 1050 utique
3358 981 3490 1032 ante
3514 975 3619 1031 tri-

2028 1080 2260 1134 ennium
2287 1084 2372 1149 (ut
2394 1078 2607 1132 dictum
2635 1079 2736 1141 est)
2767 1073 2948 1144 ipsam
2976 1086 3041 1124 ac
3060 1070 3183 1140 ejus
3203 1068 3383 1123 socios
3400 1067 3618 1121 Jeroso-

2026 1170 2238 1241 lymam
2268 1167 2605 1240 pervenisse,
2635 1169 2695 1220 et
2720 1178 2836 1218 una
2862 1177 2991 1216 cum
3011 1176 3080 1215 ea
3101 1158 3361 1214 Albinam
3379 1161 3618 1211 matrem

2027 1258 2283 1314 Melania
2302 1256 2560 1329 junioris,
2578 1258 2643 1309 ut
2661 1255 2783 1324 ejus
2793 1253 2935 1306 Acta
2951 1252 3259 1315 testantur;
3275 1246 3447 1301 fuisse
3463 1260 3621 1300 nam-

2028 1363 2137 1418 que
2152 1348 2299 1402 hanc
2317 1346 2580 1401 Albinam
2596 1342 2824 1398 nomine
2843 1340 2965 1410 conj
2975 1354 3138 1409 ugem
3151 1334 3252 1391 ﬁlii
3270 1334 3525 1390 Melania
3537 1350 3621 1389 se—

2026 1436 2219 1504 nioris,
2243 1434 2526 1490 Palladius
2540 1433 2702 1487 docet
2713 1430 2970 1502 (Pallad.,
2986 1429 3049 1481 in
3060 1428 3336 1491 Lausiac.,
3360 1439 3478 1493 cap.
3500 1420 3608 1493 33).

2095 1576 2181 1632 Ab
2207 1577 2330 1649 ipso
2359 1581 2549 1632 autem
2585 1572 2992 1644 Jerosolymam
3020 1567 3264 1623 adventu
3317 1569 3445 1638 post
3497 1564 3619 1620 dies

2024 1665 2397 1737 quadraginta
2446 1664 2765 1719 defunctam
2791 1676 2914 1714 esse
2964 1657 3263 1714 Melaniam
3315 1655 3613 1721 seniorem,

2025 1754 2310 1809 Palladius
2343 1754 2517 1809 tradit
2543 1753 2714 1822 (Idem
2746 1768 2790 1804 c.
2815 1749 2918 1816 47),
2954 1747 3087 1802 licet
3113 1745 3182 1800 de
3230 1744 3357 1799 aliis
3398 1743 3613 1798 nullam

2018 1842 2223 1898 habeat
2247 1844 2592 1898 mentionem
2617 1859 2631 1909 ;
2666 1855 2805 1912 quos
2825 1838 2960 1892 dum
2983 1835 3066 1890 ait
3084 1833 3318 1889 inferius
3342 1834 3533 1902 (Idem,
3564 1849 3611 1886 c.

2017 1929 2113 2002 49)
2147 1932 2320 1986 vitam
2348 1931 2571 1986 duxisse
2624 1929 2683 1983 in
2730 1924 3040 1997 Campania
3082 1928 3139 1978 et
3195 1921 3403 1989 Sicilia,
3446 1920 3612 1992 plane

2016 2019 2306 2091 ignorasse
2335 2020 2485 2075 visus
2513 2024 2601 2074 est
2627 2034 2693 2073 ex
2717 2013 3032 2087 Augustino
3060 2015 3275 2067 certum
3303 2009 3462 2065 reddi
3490 2026 3615 2064 eos-

2018 2110 2146 2163 dem
2174 2109 2233 2163 in
2279 2108 2467 2163 Africa
2490 2107 2742 2179 degisse;
2775 2102 3019 2159 nescisse
3073 2100 3286 2173 pariter
3313 2115 3380 2155 ex
3423 2102 3616 2154 sancto

2019 2197 2361 2269 Hieronymo
2381 2198 2565 2269 palam
2591 2195 2714 2250 ﬁeri
2741 2192 2967 2249 eosdem
2994 2190 3400 2261 Jerosolymam
3428 2187 3615 2259 profe-

2018 2291 2135 2342 ctos
2157 2304 2278 2342 esse
2310 2308 2323 2345 :
2348 2304 2470 2358 qua
2494 2284 2685 2340 omnia
2718 2280 2972 2356 pluribus
3006 2284 3289 2334 testantur
3313 2278 3454 2332 Acta
3481 2292 3612 2331 san-

2014 2381 2116 2432 cta
2146 2376 2399 2431 Melania
2420 2374 2681 2445 junioris.
2716 2371 2864 2437 Quin
2892 2369 3065 2424 etiam
3088 2384 3155 2423 ex
3180 2367 3377 2443 eodem
3420 2369 3612 2421 sancto

2011 2463 2327 2535 Augustino
2349 2468 2569 2518 constat
2610 2462 2713 2516 hos
2740 2476 2869 2514 cum
2888 2456 3297 2528 Jerosolymam
3334 2453 3616 2526 pervenis-

2012 2555 2155 2616 sent,
2176 2554 2234 2604 et
2246 2550 2535 2621 Pelagium
2552 2548 2629 2603 ibi
2650 2553 2910 2619 agentem
2930 2544 3291 2609 invenissent,
3315 2542 3501 2614 ipsum
3516 2542 3613 2597 ad-

2011 2638 2295 2693 monuisse
2308 2644 2372 2692 ut
2390 2655 2456 2693 ea
2476 2637 2705 2693 omnino
2726 2637 3026 2691 damnaret
3047 2649 3169 2705 qua
3184 2631 3254 2687 ab
3274 2631 3611 2688 Orthodoxis

2012 2727 2279 2783 adversus
2307 2744 2436 2783 eum
2467 2726 2844 2798 objicerentur
2872 2742 2885 2792 ;
2908 2724 3094 2796 ipsum
3113 2727 3325 2789 autem,
3356 2721 3510 2776 velut
3529 2721 3612 2777 eis

2010 2815 2513 2887 obtemperantem,
2545 2815 2833 2887 scripsisse
2854 2811 3388 2868 anathematismum
3417 2809 3611 2865 adver-

2011 2903 2243 2959 susillos
2266 2920 2484 2959 errores
2504 2903 2601 2975 q-ui
2622 2903 2691 2958 ab
2704 2900 3151 2958 Occidentalibus
3170 2899 3230 2954 in
3250 2915 3381 2955 eum
3407 2898 3611 2970 objecti

2010 2998 2198 3047 essent
2232 3011 2245 3060 ;
2269 2993 2365 3047 sed
2395 3007 2565 3064 quam
2614 2992 2803 3045 dolose
2827 3005 3109 3061 quamque
3127 2987 3461 3043 veteratorie
3484 3003 3612 3043 san-

2011 3086 2134 3135 ctus
2160 3082 2507 3152 Augustinus
2527 3080 2766 3152 aperuit.
2802 3078 2909 3134 Sed
2927 3078 3114 3149 accipe
3143 3077 3309 3131 modo
3331 3075 3465 3147 quid
3487 3076 3609 3148 ipse

2011 3169 2079 3224 de
2100 3169 2186 3223 his
2213 3186 2341 3224 cum
2360 3169 2587 3241 Pelagio
2613 3166 2908 3240 agentibus
2920 3166 3140 3239 scriptis
3159 3164 3348 3220 tradat
3370 3182 3382 3218 :
3407 3185 3430 3213 ι
3463 3164 3608 3220 Scri-

2007 3258 2198 3330 psistis
2227 3259 2365 3313 mihi
2392 3275 2521 3313 cum
2550 3257 2778 3328 Pelagio
2817 3273 2912 3311 vos
2943 3255 3142 3327 egisse,
3170 3258 3238 3309 ut
3261 3268 3607 3326 quacunque

2004 3347 2270 3402 adversus
2285 3364 2413 3402 eum
2433 3347 2773 3413 dicerentur,
2790 3345 2996 3417 scripto
3016 3343 3339 3408 damnaret;
3362 3358 3605 3413 eumque

2000 3424 2225 3503 dixisse,
2278 3434 2637 3490 audientibus
2699 3433 2853 3489 vobis
2895 3455 2907 3490 :
2949 3432 3265 3488 Anathemo
3319 3432 3600 3500 (August,

2004 3526 2068 3580 de
2122 3526 2332 3580 Christi
2364 3528 2570 3592 gratia,
2596 3527 2635 3578 ι.
2662 3540 2702 3589 ι,
2725 3540 2840 3593 cap.
2876 3523 2948 3589 l),
2978 3527 3082 3577 etc.
3100 3521 3376 3577 Miserunt
3410 3524 3602 3576 autem

2005 3613 2155 3668 dicta
2183 3630 2217 3667 a
2236 3613 2464 3684 Pelagio
2484 3613 2635 3667 idem
2658 3612 2893 3668 Albinus
2913 3609 3180 3682 [Albina],
3204 3609 3491 3675 Pinianus,
3519 3611 3603 3663 at-

2006 3718 2113 3773 que
2140 3702 2383 3757 Melania
2411 3702 2482 3756 ad
2509 3701 2693 3773 ipsum
2722 3700 3122 3770 Augustinum,
3157 3698 3253 3770 qui
3276 3701 3471 3769 postea
3497 3696 3600 3752 sub

2004 3791 2221 3845 Zozimo
2251 3806 2394 3863 papa
2409 3790 2705 3845 contrariis
2733 3789 2955 3861 scriptis
2976 3787 3225 3843 ostendit
3242 3786 3402 3859 impii
3421 3787 3595 3842 hare-

2001 3879 2233 3934 siarcha
2263 3879 2529 3933 tallacias.
2554 3878 2664 3933 Sed
2691 3878 2761 3932 de
2799 3877 2886 3932 his
2916 3876 3076 3934 alias.

2070 4021 2150 4075 De
2178 4019 2346 4075 rebus
2373 4026 2564 4077 autem
2591 4020 2765 4092 gestis
2776 4018 3028 4076 Melania
3036 4017 3299 4090 junioris,
3323 4033 3389 4073 ac
3408 4016 3592 4073 Pinia-

1995 4108 2055 4163 ni
2083 4108 2188 4162 viri
2221 4109 2363 4179 ejus,
2396 4125 2461 4164 ac
2514 4109 2814 4175 sociorum,
2861 4107 3114 4179 ejusdem
3160 4106 3413 4162 Melania
3465 4106 3593 4162 vita

1991 4200 2134 4251 Acta
2184 4197 2471 4253 declarant
2523 4215 2535 4251 :
2583 4197 2852 4252 nimirum
2906 4196 3293 4267 peregrinatos
3348 4211 3471 4250 esse
3527 4195 3589 4250 in

1992 4285 2293 4357 Egyptum
2360 4286 2431 4341 ad
2472 4286 2728 4341 visendos
2783 4290 3005 4340 sanctos
3050 4283 3355 4339 monachos
3411 4283 3585 4338 eremi

1995 4375 2232 4442 accolas,
2261 4375 2457 4429 relicta
2513 4374 2715 4429 Albina
2757 4378 2938 4429 matre
2991 4372 3061 4427 ob
3105 4371 3587 4443 ingravescentem

307 4474 374 4513 ex
406 4459 603 4513 eadem
625 4460 805 4513 sancti
835 4459 1161 4531 Hieronymi
1175 4459 1413 4531 epistola
1440 4460 1601 4514 velim
1632 4458 1908 4526 observes,
1932 4468 2336 4536 Dsenectutem
2358 4462 2747 4535 Jerosolymis;
2768 4463 2898 4517 inde
2915 4479 3045 4518 vero
3058 4461 3586 4517 redeuntesJeroso-

304 4546 491 4618 ipsum
521 4563 635 4602 non
664 4549 849 4603 Paula
867 4548 1048 4619 neptis
1076 4554 1298 4603 tantum
1316 4549 1544 4604 nomine
1556 4548 1765 4603 eisdem
1794 4550 1910 4602 Au-
1991 4553 2221 4623 lymam,
2254 4568 2509 4607 seorsum
2534 4553 2823 4623 aconjuge
2876 4550 3177 4606 Pinianum
3224 4550 3392 4604 vitam
3419 4565 3585 4604 exco-

303 4633 535 4702 gustino
548 4634 927 4705 atqueAlypio
948 4634 1792 4706 episcopissalutemimpertire,
1812 4634 1912 4689 sed
1990 4640 2161 4695 luisse
2201 4640 2590 4707 monasticam,
2623 4640 2923 4696 Melaniam
2950 4656 3079 4695 vero
3122 4639 3194 4693 ad
3231 4654 3409 4693 annos
3438 4654 3578 4709 qua-

305 4721 537 4777 nomine
565 4722 735 4777 etiam
754 4722 987 4789 Albinae,
1020 4723 1257 4784 Piniani,
1291 4729 1461 4794 atque
1491 4723 1909 4795 Melania,quos
1989 4727 2301 4783 tuordecim
2321 4729 2473 4801 apud
2502 4734 2753 4783 montem
2800 4727 3003 4783 Oliveti
3044 4727 3292 4781 clausam
3338 4726 3400 4781 in
3442 4726 3583 4781 cella

302 4816 435 4866 ante
446 4816 663 4882 septem
680 4827 857 4866 annos
872 4811 1114 4867 diximus
1130 4813 1444 4867 versatosin
1454 4812 1659 4879 Africa,
1679 4817 1737 4867 et
1754 4818 1902 4884 post-
1982 4833 2384 4887 perseverasse,
2408 4817 2742 4889 duxisseque
2770 4815 2848 4871 ibi
2870 4815 2929 4871 in
2951 4821 3190 4887 angusto
3232 4816 3352 4870 loco
3408 4814 3581 4871 vitam

301 4915 497 4954 canna
515 4900 909 4955 simulvenisse
923 4901 1895 4973 Jerosolymam.Aitenim(Hierom,
1980 4905 2194 4977 angelis
2219 4906 2482 4961 similem.
2514 4905 2656 4960 Mira
2683 4904 2908 4976 quidem
2934 4905 3053 4959 hac
3079 4902 3415 4959 videbuntur
3446 4922 3459 4970 ;
3483 4903 3581 4958 sed

299 4991 529 5056 cpistola
546 4986 625 5044 79.
639 5007 651 5041 :
663 5007 689 5041 α
708 4988 901 5043 Sancti
920 4989 1020 5044 ﬁlii
1038 5007 1364 5061 communes
1379 4990 1612 5046 Albinus
1628 4990 1893 5062 [Albina],

297 5076 617 5148 Apinianus
637 5077 974 5149 [Pinianus],
998 5085 1056 5133 et
1092 5080 1334 5135 Melania
1356 5080 1661 5151 plurimum
1692 5097 1787 5135 vos
1816 5098 1904 5135 sa-

294 5164 499 5221 lutant.
527 5183 554 5218 ι
577 5167 707 5221 Hac
730 5167 827 5223 ibi.
855 5168 1064 5222 Verum
1084 5186 1185 5240 pro
1206 5169 1460 5236 Albinus,
1480 5169 1699 5236 Albina,
1721 5176 1777 5224 et
1801 5186 1902 5240 pro

292 5254 629 5324 Apinianus,
670 5256 942 5311 Pinianus
973 5258 1306 5312 restituendi
1346 5264 1478 5312 sunt
1511 5277 1524 5325 ;
1555 5259 1664 5314 nisi
1696 5263 1901 5331 prater

291 5341 556 5398 Albinam
575 5349 815 5400 matrem
833 5344 1004 5399 fuerit
1021 5346 1130 5400 illis
1150 5346 1383 5401 Albinus
1407 5348 1573 5402 ﬁlius.
1601 5349 1709 5403 Sed
1726 5366 1900 5420 quan-

291 5430 386 5496 do,
418 5431 656 5503 inquies,
712 5433 771 5487 hi
830 5434 1237 5506 Jerosolymam
1291 5437 1719 5507 pervenerunt?
1764 5443 1896 5493 ante

1986 4994 2032 5047 si
2062 4996 2188 5065 quis
2210 4995 2362 5065 legat
2382 5012 2506 5066 qua
2526 4995 2596 5048 de
2615 4994 2868 5065 ejusdem
2877 4992 3131 5048 Melania
3149 4992 3276 5047 vita
3296 4991 3574 5058 instituto,

1985 5088 2287 5155 antequam
2314 5084 2722 5154 Jerosolymam
2750 5082 3211 5154 proﬁcisceretur,
3239 5097 3367 5136 cum
3398 5081 3580 5137 adhuc

1983 5171 2043 5225 in
2072 5172 2234 5227 Italia
2260 5188 2324 5226 ac
2348 5172 2538 5226 Romae
2566 5171 2916 5243 potissimum
2936 5174 3273 5237 versaretur,
3301 5169 3450 5225 idem
3483 5170 3580 5242 qui

1985 5276 2154 5331 supra
2185 5260 2462 5315 Palladius
2490 5259 2715 5331 scripsit
2735 5260 2991 5326 (Pallad,
3022 5262 3086 5313 in
3129 5261 3399 5324 Lamiam,
3452 5275 3569 5329 cap.

1981 5348 2069 5418 49)
2077 5390 2096 5418 ,
2121 5354 2291 5421 atque
2327 5366 2396 5403 ea
2420 5366 2543 5420 qua
2575 5349 2644 5403 de
2687 5347 2940 5419 ejusdem
2963 5347 3182 5404 vivendi
3209 5348 3426 5404 ratione
3444 5364 3570 5401 cum

1982 5442 2129 5492 esset
2146 5437 2205 5492 in
2231 5443 2428 5503 099
2446 5437 2651 5504 Africa,
2665 5436 2860 5491 eadem
2890 5441 3016 5492 acta
3034 5436 3243 5492 habent
3258 5455 3271 5504 ;
3285 5450 3569 5491 summum

290 5520 620 5575 triennium.
654 5522 724 5577 Et
740 5538 811 5577 ne
840 5528 1003 5594 putes
1025 5540 1126 5578 nos
1148 5541 1315 5596 agere
1336 5526 1676 5595 conjectura,
1701 5526 1786 5581 vel
1814 5526 1894 5581 di-
1976 5525 2366 5597 hujuscemodi
2396 5525 2719 5582 monastica
2746 5525 2873 5582 vita
2891 5541 3073 5598 genus
3090 5526 3422 5596 tumipsam,
3436 5528 3567 5579 tum

364 5655 391 5685 ι
420 5644 652 5702 Exstant
669 5647 819 5719 apud
833 5648 1197 5720 Metaphrast.
1221 5649 1310 5706 die
1325 5648 1388 5708 31
1408 5651 1557 5719 Jan.,
1577 5655 1632 5708 et
1644 5651 1819 5708 Sur.t.
1842 5653 1885 5708 Ι.
