4008 6210
405 291 546 351 1079

1479 289 1573 344 DE
1608 288 1798 345 VITIS
1835 288 2132 346 PATRUM
2168 289 2382 345 LIBER
2417 289 2568 346 VIII.

3537 287 3691 348 ιωο

398 420 586 476 virum
615 421 735 493 ejus
761 419 1031 490 attigisse,
1060 417 1211 472 haud
1237 415 1397 470 valde
1427 414 1741 493 mirabitur,
1774 431 1904 470 cum
1932 431 1991 470 se
2005 415 2316 476 Amediam
2343 421 2533 470 autem
2562 418 2784 469 noctem
2812 418 3030 485 martyr
3056 429 3168 468 non
3197 430 3399 485 parum
3419 430 3486 468 ex
3516 432 3579 469 se
3607 415 3690 468 et-

401 509 474 564 ab
503 477 662 565 initio
691 477 1035 581 penitissime
1062 507 1177 562 Deo
1206 505 1370 560 ambo
1399 477 1760 560 addixissent.

739 597 1008 660 Profectio
1039 598 1670 664 Constantinopolitano.

472 688 512 742 .4
523 703 634 742 nno
646 687 851 743 Christi
878 683 1202 740 434.—Hoc
1228 685 1426 739 eodem
1447 700 1595 738 anno
1613 682 1846 754 [Christi
1867 681 1990 746 434,

403 776 546 832 Sixti
574 792 732 848 papa:
761 774 814 841 3,
833 773 1132 830 Theodosii
1157 773 1246 840 27,
1273 773 1653 828 Valentiniani
1675 771 1765 838 10,
1794 772 1994 842 impp.]

403 882 512 938 quo
569 865 798 920 Proclus
852 865 1000 918 sedis
1055 863 1686 934 Constantinopolitanae
1742 861 1996 932 regimen

401 954 662 1024 suscepit,
677 958 869 1008 sancta
885 952 1127 1007 Melania
1133 951 1346 1022 junior,
1361 967 1485 1022 quae
1513 953 1594 1019 (ut
1618 950 1880 1019 diximus)
1902 951 1995 1003 Je-

396 1042 691 1115 rosolymis
712 1041 1081 1096 monasticam
1097 1041 1267 1094 vitam
1284 1039 1504 1110 agebat,
1521 1039 1723 1094 litteris
1738 1055 1771 1092 a
1789 1055 1890 1093 suo
1901 1055 1999 1110 pa-

397 1138 527 1187 truo
556 1131 860 1186 Volusiano
915 1129 1457 1200 Constantinopolim
1503 1129 1806 1183 accersitur
1842 1148 1853 1182 :
1888 1145 1998 1198 quo

398 1236 528 1277 cum
553 1221 812 1286 venisset,
845 1220 1031 1292 ipsum
1062 1219 1429 1274 Volusianum
1467 1217 1836 1272 reluctantem
1869 1217 2002 1270 hac-

397 1318 563 1366 tenus
583 1311 654 1364 ad
679 1309 888 1364 Christi
935 1309 1102 1362 ﬁdem
1131 1308 1423 1372 convertit,
1459 1313 1515 1361 et
1554 1314 1617 1361 ut
1645 1306 1997 1361 Christianus

400 1405 733 1463 moreretur,
763 1399 1043 1468 vitamque
1075 1402 1512 1466 consequeretur
1535 1401 1824 1460 atternam,
1877 1401 1999 1450 tum

399 1488 657 1560 precibus
687 1488 758 1542 ad
789 1489 987 1553 Deum,
1012 1492 1133 1541 tum
1152 1485 1334 1540 verbis
1360 1485 1507 1557 apud
1531 1485 1713 1556 ipsum
1744 1485 2000 1555 infatiga-

399 1578 498 1632 bili
525 1577 710 1633 studio
727 1576 860 1647 egit.
889 1576 996 1630 Sed
1027 1575 1292 1648 praeclara
1318 1574 1591 1628 memoria
1620 1575 1850 1644 dignam
1879 1574 2000 1627 his-

399 1668 603 1724 toriam
622 1667 951 1731 recolamus,
979 1681 1148 1736 quam
1171 1664 1399 1736 quidem
1433 1665 1672 1718 Photius
1704 1664 1761 1717 in
1783 1681 1886 1718 sua
1906 1665 2000 1718 Bi-

2077 506 2222 560 fudit
2250 504 2565 559 suavissimi
2584 503 2788 571 odoris,
2812 511 2871 558 et
2884 504 3169 575 voluptate
3188 505 3368 575 replet
3388 503 3687 558 inell‘abili.

2077 595 2347 658 Quocirca
2367 595 2513 648 bona
2534 600 2763 665 accepta
2783 594 3008 658 ﬁducia,
3041 593 3286 648 diluculo
3341 593 3553 648 fretum
3578 609 3691 647 au-

2077 685 2268 739 dacter
2297 684 2536 754 trajecit,
2573 690 2630 738 et
2661 684 2915 755 ingressa
2943 688 3029 737 est
3048 683 3402 754 Byzantium.
3429 683 3693 754 Hospitio

2078 790 2206 828 vero
2233 773 2505 844 excipitur
2529 790 2562 826 a
2575 773 2819 844 quodam
2838 773 2955 826 viro
2980 772 3189 826 illustri
3211 778 3267 826 et
3284 773 3498 842 alioqui
3511 771 3690 834 bono,

2078 863 2303 917 nomine
2333 862 2557 934 quidem
2587 863 2770 916 Lauso
2803 863 2892 930 (g),
2938 861 3035 932 qui
3063 861 3136 915 ad
3164 861 3549 932 praepositum
3581 861 3695 915 ho-

2078 969 2272 1007 norem
2292 953 2644 1006 ascenderat.

2154 1042 2405 1095 «Invenit
2418 1046 2609 1096 autem
2625 1057 2790 1095 suum
2803 1056 3026 1112 quoque
3043 1038 3694 1111 patruumVolusianum

2082 1130 2239 1200 gravi
2267 1129 2463 1184 morbo
2487 1146 2814 1202 oppressum
2840 1149 2852 1198 ;
2882 1129 2978 1200 qui
3009 1131 3131 1199 ejus
3159 1128 3414 1182 habitum
3441 1129 3698 1183 admira-

2085 1226 2196 1286 tus,
2214 1220 2518 1290 formazque
2530 1226 2588 1273 et
2607 1219 2839 1274 vestitus
2855 1218 3167 1273 incredibili
3183 1225 3239 1272 et
3255 1218 3554 1290 inopinata
3574 1223 3696 1272 stu-

2085 1310 2336 1380 pefactus
2359 1310 2671 1364 mutatione
2696 1311 3046 1377 (extenuatus
3071 1307 3218 1362 enim
3236 1307 3546 1362 admodum
3565 1311 3696 1362 erat

2083 1399 2268 1452 vultus
2286 1400 2407 1469 ejus
2439 1397 2880 1466 exercitatione),
2906 1413 3114 1467 magna
3152 1412 3282 1450 voce
3316 1396 3690 1450 exclamavit:

2082 1487 2126 1541 O
2158 1489 2382 1558 qualem
2405 1504 2471 1542 ex
2490 1487 2640 1558 quali
2653 1493 2708 1541 te
2726 1487 2904 1551 video,
2925 1485 3170 1540 Melania
3187 1485 3529 1540 charissima
3553 1485 3566 1537 !
3586 1484 3695 1540 Illa

2082 1593 2211 1630 vero
2237 1593 2304 1630 ex
2321 1578 2444 1647 ejus
2472 1593 2730 1630 sermone
2759 1581 2985 1647 sumpta
3009 1575 3297 1629 occasione
3321 1588 3334 1622 :
3363 1577 3415 1628 A
3435 1591 3528 1629 me
3555 1590 3697 1645 quo-

2085 1683 2193 1737 que
2211 1666 2616 1738 (inquitidisce,
2644 1683 2676 1720 ο
2691 1665 2852 1720 beate
2877 1670 3096 1736 patrue,
3119 1671 3175 1719 et
3202 1664 3388 1735 accipe
3405 1664 3694 1735 judicium

398 1756 676 1811 bliotheca
695 1754 952 1825 cognovit
971 1771 1092 1808 esse
1105 1769 1456 1825 germanam,
1477 1753 1609 1806 dum
1632 1753 1748 1824 agit
1767 1753 1834 1807 de
1851 1754 1999 1824 lega-
2018 1736 2067 1796 Β
2087 1736 2403 1810 futurorum
2433 1755 2726 1809 bonorum.
2751 1756 2896 1809 Nam
2917 1771 3020 1809 nec
3047 1771 3150 1824 ego
3178 1760 3397 1809 tantam
3428 1753 3693 1824 despica-

400 1845 554 1900 tione
600 1843 912 1909 Volusiani,
941 1843 1009 1896 de
1038 1842 1284 1897 Melania
1305 1843 1427 1912 ejus
1449 1847 1634 1912 nepte,
1693 1849 1749 1895 et
1804 1842 2000 1895 Proclo

401 1935 679 2007 episcopo,
695 1933 789 2004 qui
800 1932 1167 1986 Volusianum
1183 1930 1666 2002 Constantinopoli
1679 1930 1998 2002 baptizavit,

402 2039 640 2096 quorum
664 2021 1025 2076 meminimus
1045 2021 1321 2092 superius,
1345 2020 1478 2074 dum
1509 2020 1725 2090 egimus
1752 2020 1820 2074 de
1850 2022 2000 2089 ejus-

401 2113 531 2166 dem
553 2111 840 2166 Volusiani
870 2110 1050 2164 edicto
1070 2110 1335 2164 adversus
1371 2109 1697 2164 leestium
1744 2109 2001 2179 Pelagia-

400 2217 557 2256 num.
582 2200 791 2254 Verum
813 2199 881 2254 de
912 2216 975 2253 eo
1005 2199 1142 2253 illud
1172 2198 1413 2252 breviter
1431 2199 1816 2269 repetendum,
1853 2199 2002 2252 hunc

403 2291 586 2363 ipsum
616 2305 737 2344 esse
764 2288 1155 2354 Volusianum,
1179 2289 1339 2358 cujus
1367 2287 1746 2342 conversionis
1773 2303 1942 2342 causa
1969 2305 2004 2341 a

404 2386 586 2435 matre
611 2378 932 2435 Christiana
966 2393 1065 2449 per
1093 2377 1474 2432 Marcellinum
1501 2376 1792 2430 tribunum
1832 2377 2002 2430 inter-

404 2469 676 2542 pellatum
694 2467 937 2522 diximus
956 2470 1213 2520 sanctum
1233 2467 1632 2536 Augustinum,
1665 2473 1729 2519 ut
1757 2466 1827 2519 ad
1847 2465 2002 2520 Chri-

405 2557 478 2612 sti
519 2557 684 2612 ﬁdem
715 2572 844 2611 eum
874 2560 1256 2621 converteret;
1281 2554 1377 2608 sed
1409 2554 1556 2608 datis
1583 2571 1649 2608 ea
1677 2555 1744 2608 de
1773 2571 1832 2608 re
1853 2555 2002 2609 ultro

408 2647 659 2718 citroque
688 2644 910 2710 litteris,
937 2650 1002 2697 ut
1029 2643 1086 2697 id
1114 2643 1338 2709 faceret,
1363 2641 1431 2696 ab
1463 2643 1583 2714 ipso
1638 2648 1829 2698 sancto
1883 2645 2000 2698 Au-

408 2735 634 2807 gustino
665 2732 991 2806 persuaderi
1020 2738 1153 2786 tunc
1174 2731 1404 2785 minime
1433 2731 1625 2786 valuit.
1648 2733 1720 2786 At
1746 2732 2005 2804 praestitit

409 2825 637 2882 tandem
666 2825 816 2880 Deus
836 2828 900 2878 ut
928 2822 984 2876 id
1011 2823 1095 2877 vel
1114 2839 1238 2876 sero
1267 2823 1495 2877 tandem
1526 2823 1818 2894 perﬁceret
1849 2837 1859 2870 :
1895 2840 2008 2894 qua

408 2921 599 2984 autem
620 2913 927 2978 occasione,
960 2911 1082 2983 ipsa
1109 2917 1314 2966 sanctae
1343 2901 1594 2966 Melania:
1645 2913 1784 2966 Acta
1813 2923 1838 2951 ιι
1879 2913 2008 2967 sim-

410 3004 542 3078 plici
570 3003 926 3076 pedestrique
947 3001 1092 3073 style
1113 3001 1340 3072 quidem
1362 3000 1587 3072 scripta,
1623 3001 1718 3055 sed
1747 3018 1896 3069 vera,
1920 3003 2008 3057 his

409 3093 593 3150 verbis
613 3097 870 3147 reserant
891 3108 902 3143 :

491 3202 514 3234 ι
549 3181 885 3237 Redduntur
906 3178 1160 3234 Melaniae
1189 3178 1389 3234 litterae
1415 3178 1486 3232 ab
1521 3181 1641 3249 ejus
1671 3184 1871 3250 patruo
1900 3180 2007 3233 Vo-

413 3271 657 3334 lusiano,
691 3269 787 3341 qui
814 3267 910 3322 illo
931 3267 1157 3338 quidem
1187 3273 1438 3339 tempore
1461 3272 1682 3323 creatus
1712 3275 1835 3323 erat
1865 3285 2008 3339 prae-

415 3361 593 3416 fectus
622 3360 887 3414 Romanae
916 3356 1176 3423 civitatis,
1210 3357 1416 3411 missus
1444 3375 1572 3412 vero
1613 3363 1736 3411 erat
1790 3357 2009 3428 legatus

417 3449 751 3524 Byzantium
773 3447 844 3501 ad
865 3446 1165 3500 Eudociam
1192 3446 1623 3518 imperatricem.
1660 3448 1776 3501 Hoc
1822 3453 2011 3501 autem

419 3537 774 3611 signiﬁcabat
802 3535 1058 3606 epistola,
1084 3536 1232 3606 quod
1256 3537 1376 3606 jam
1405 3536 1503 3590 diu
1532 3536 1685 3589 illam
1717 3536 1903 3590 videre
1925 3537 2017 3589 de-

420 3629 715 3684 sideraret.
749 3626 852 3681 Illa
888 3641 1018 3678 vero
1048 3623 1308 3695 cupiebat
1335 3631 1392 3678 et
1418 3625 1544 3695 ipsa
1585 3641 1806 3695 quoque
1833 3625 2021 3678 videre

421 3723 708 3791 patruum,
741 3721 798 3770 et
826 3713 875 3768 ei
900 3713 1238 3784 persuadere
1266 3719 1331 3767 ut
1359 3731 1390 3767 a
1410 3714 1707 3783 gentilium
1730 3713 2025 3767 desisteret

423 3805 707 3876 opinione.
737 3803 920 3858 Dubia
963 3808 1154 3856 autem
1185 3802 1379 3867 animi,
1414 3819 1484 3856 ne
1514 3802 1647 3874 quid
1699 3803 2024 3873 imprudens

425 3893 652 3960 faceret,
675 3897 877 3964 praeter
895 3891 952 3946 id
973 3892 1119 3962 quod
1140 3892 1254 3945 Deo
1282 3890 1589 3957 videbatur,
1606 3908 1730 3945 cum
1745 3890 2024 3962 aliquibus

426 3982 550 4038 aliis
571 3980 857 4036 monachis
876 3996 994 4035 rem
1012 3980 1498 4046 communicasset,
1516 3981 1906 4051 permitterent
1928 3995 2025 4034 au-

429 4076 545 4127 tem
578 4071 678 4137 illi,
711 4076 776 4124 ut
803 4075 995 4141 posset
1013 4070 1316 4140 proficisci;
1351 4070 1638 4140 egreditur
1665 4070 2025 4141 Jerosolymis

429 4161 552 4232 ipsa
578 4160 745 4215 beata
774 4159 1031 4225 Melania,
1063 4159 1601 4231 ConstantinOpolim
1652 4175 1844 4213 versus
1887 4159 2026 4212 arri-

429 4250 842 4322 piensiter.Per
852 4265 1246 4320 quamcunque
1257 4255 1446 4303 autem
1458 4248 1733 4302 transibat
1745 4248 2025 4302 civitatem

429 4345 488 4396 et
504 4339 814 4411 regionem,
845 4355 970 4392 eam
1001 4355 1109 4408 quo
1144 4355 1244 4409 par
1273 4344 1395 4392 erat
1408 4354 1600 4392 omnes
1619 4337 2027 4408 prosequeban-

2082 1845 2165 1899 tui
2194 1845 2434 1914 gloriam
2472 1845 2812 1910 habuissem,
2835 1861 2939 1898 nec
2977 1844 3289 1914 pecuniam,
3323 1860 3427 1898 nec
3453 1841 3697 1913 abjecis-

2083 1951 2201 1988 sem
2225 1951 2416 1988 curam
2449 1934 2902 2005 ipsiuscorporis,
2928 1934 3034 1988 nisi
3052 1950 3379 2004 persuasum
3412 1932 3694 1987 haberem

2084 2041 2173 2077 me
2195 2024 2280 2077 his
2310 2023 2632 2095 propediem
2665 2025 2828 2094 longe
2849 2025 3066 2094 majora
3090 2028 3276 2089 I100
3301 2028 3690 2094 accepturam.

2083 2115 2209 2168 Non
2231 2118 2420 2167 autem
2449 2130 2549 2184 per
2584 2130 2643 2167 se
2675 2114 2872 2180 solam,
2917 2114 3016 2168 sed
3066 2131 3166 2184 per
3207 2112 3415 2167 multos
3461 2129 3695 2184 quoque

2085 2204 2224 2257 alios
2233 2203 2290 2256 in
2300 2204 2358 2273 ej
2368 2220 2431 2256 us
2452 2209 2698 2258 mentem
2709 2203 2916 2257 sensim
2929 2203 3214 2274 irrepebat
3226 2202 3392 2256 beata
3420 2203 3690 2266 Melania,

2085 2298 2142 2347 et
2169 2293 2290 2361 ejus
2319 2292 2514 2346 falsam
2548 2293 2873 2364 religionem
2894 2292 3159 2347 studebat
3184 2292 3546 2357 labefactare,
3583 2292 3692 2345 sic-

2084 2387 2148 2436 ut
2175 2381 2344 2435 etiam
2367 2398 2468 2453 per
2487 2383 2968 2453 sapientissimum
3017 2382 3338 2447 Proculum,
3368 2383 3537 2452 cujus
3560 2381 3693 2435 ﬁdei

2085 2479 2218 2527 tunc
2250 2479 2371 2527 erat
2399 2473 2645 2526 creditus
2675 2487 2832 2525 sacer
2877 2471 3065 2525 clavus
3093 2471 3338 2524 ecclesias
3365 2469 3694 2525 Constanti-

2085 2563 2442 2634 nopolitanae.
2485 2562 2590 2626 Qui
2621 2577 2749 2615 cum
2800 2561 2872 2614 ad
2929 2577 3056 2615 eum
3107 2560 3370 2624 venisset,
3423 2565 3482 2613 et
3515 2576 3694 2613 suasu

2086 2653 2261 2706 beata:
2320 2651 2572 2706 Melania:
2629 2668 2757 2705 eum
2811 2651 2882 2704 ad
2934 2651 3200 2722 pietatem
3275 2648 3572 2720 dirigeret,
3644 2649 3692 2702 is

2087 2743 2293 2796 dicitur
2316 2742 2472 2795 illum
2500 2741 2639 2794 adeo
2670 2757 2819 2795 essse
2847 2740 3177 2805 admiratus,
3203 2739 3458 2794 utetiam
3483 2738 3696 2792 dixerit

2090 2839 2215 2904 post
2247 2832 2497 2902 agnitam
2528 2831 2840 2896 veritatem,
2873 2830 3020 2900 quod
3052 2830 3097 2883 si
3110 2830 3288 2884 Roma
3321 2836 3436 2883 tres
3454 2827 3697 2882 haberet

2088 2923 2250 2986 tales,
2283 2938 2386 2974 nec
2413 2919 2526 2974 illic
2564 2919 2790 2990 quidem
2837 2935 3044 2974 nomen
3084 2935 3334 2989 unquam
3397 2917 3700 2972 audiretur

2090 3010 2411 3081 gentilium.
2441 3009 2549 3064 Sed
2571 3010 2686 3064 haec
2713 3009 2939 3080 quidem
2966 3013 3179 3081 postea.

2023 3093 2068 3154 Ο
2161 3117 2187 3152 ‹‹
2227 3101 2535 3170 Postquam
2561 3104 2749 3152 autem
2781 3098 3118 3152 Volusianus
3173 3096 3352 3150 sensit
3389 3095 3700 3150 Melaniam

2089 3191 2227 3243 velle
2251 3189 2649 3260 imperatorem
2689 3204 2911 3258 quoque
2939 3187 3010 3240 ad
3065 3187 3121 3240 id
3166 3186 3418 3251 incitare,
3483 3185 3702 3238 veritus

2090 3278 2346 3352 protinus
2375 3293 2444 3331 ne
2476 3277 2779 3331 violentum
2809 3281 2866 3330 et
2883 3292 2997 3330 non
3013 3275 3390 3330 voluntarium
3407 3279 3702 3345 reputare-

2093 3376 2188 3423 tur
2214 3385 2336 3422 esse
2349 3366 2708 3438 baptismum,
2742 3370 2799 3420 et
2827 3381 2995 3436 quam
3017 3381 3083 3419 ex
3107 3381 3172 3419 eo
3193 3371 3342 3418 esset
3359 3369 3700 3418 consecutu-

2096 3475 2210 3524 rus,
2227 3457 2345 3528 ipse
2358 3455 2614 3509 mercede
2631 3455 2963 3526 privaretur,
2987 3470 3110 3508 eam
3131 3471 3165 3507 a
3185 3458 3367 3524 coepto
3386 3450 3697 3523 prohibuit.

2103 3548 2171 3601 Et
2200 3547 2245 3600 is
2259 3545 2486 3617 quidem
2508 3551 2589 3611 (ut
2613 3545 2864 3598 dicemus
2896 3543 3062 3615 paulo
3091 3540 3243 3614 post)
3256 3557 3376 3596 rem
3391 3558 3426 3594 a
3443 3557 3504 3595 se
3520 3540 3702 3594 adim-

2103 3636 2290 3707 plevit,
2308 3641 2365 3689 et
2391 3634 2649 3705 abjurata
2670 3633 2965 3704 gentilium
2987 3632 3267 3703 opinione,
3299 3630 3600 3685 traductus
3619 3632 3706 3683 est

2105 3726 2177 3779 ad
2209 3725 2629 3779 Christum.llla
2653 3729 2844 3778 autem
2860 3739 2961 3776 nec
2990 3722 3229 3775 aliorum
3243 3737 3435 3774 curam
3457 3718 3699 3789 abjecit;

2107 3815 2204 3868 sed
2223 3831 2348 3868 cum
2378 3819 2511 3868 tunc
2531 3818 2679 3868 esset
2731 3820 2924 3867 exorta
2959 3811 3206 3866 Nestorii
3245 3809 3622 3880 blasphemia,
3650 3814 3707 3862 et

2106 3903 2386 3973 malignus
2415 3903 2619 3957 multos
2647 3901 2705 3955 in
2728 3917 2976 3956 errorem
3011 3899 3310 3954 adduceret
3341 3899 3511 3953 etiam
3539 3913 3613 3952 ex
3641 3898 3706 3952 iis

2109 3993 2203 4064 qui
2234 3997 2396 4046 erant
2425 3993 2483 4046 in
2505 3991 2669 4045 verbo
2689 3991 2960 4057 veritatis,
2991 3990 3115 4060 ipsa
3139 3994 3262 4043 erat
3281 4005 3404 4060 qua:
3431 4003 3706 4058 magnum

2107 4081 2372 4134 adversus
2412 4097 2539 4134 eum
2571 4078 2750 4133 inibat
2777 4084 3080 4143 certamen,
3113 4084 3172 4131 et
3198 4094 3407 4132 vanum
3432 4083 3492 4132 et
3536 4077 3708 4130 inane

2108 4168 2376 4223 reddebat
2401 4170 2522 4238 ejus
2534 4167 2840 4239 SOphisma,
2871 4184 2905 4220 a
2925 4183 3093 4220 mane
3113 4183 3291 4237 usque
3310 4166 3382 4219 ad
3413 4179 3707 4236 vesperam

2109 4259 2176 4312 iis
2207 4259 2549 4329 respondens
2569 4257 2666 4328 qui
2685 4273 2810 4310 eam
2839 4255 3280 4326 interrogabant,
3313 4255 3623 4324 multisque
3646 4270 3708 4308 ex

2109 4348 2179 4402 iis
2207 4349 2304 4418 qui
2332 4347 2549 4418 decepti
2577 4348 2799 4400 fuerant
2826 4345 3168 4416 persuadens
3196 4351 3253 4400 et
3283 4362 3378 4398 eos
3411 4344 3706 4398 reducens.

427 4434 524 4483 tur
561 4429 772 4483 honore
801 4432 858 4481 et
885 4427 1100 4480 officiis.
1154 4427 1456 4481 Civitatum
1511 4426 1661 4480 enim
1709 4427 2025 4482 sacerdotes
2042 4409 2093 4469 D
2111 4409 2488 4509 ngmobren';
2517 4436 2797 4505 malignus
2824 4409 2883 4489 ge
2903 4435 2972 4488 ab
2999 4451 3067 4488 ea
3092 4435 3238 4488 vinci
3267 4451 3378 4488 non
3419 4433 3628 4498 ferens,
3650 4433 3706 4486 in

431 4524 486 4572 et
511 4517 801 4590 pontiﬁces
826 4532 952 4569 eam
981 4531 1093 4569 non
1127 4532 1295 4586 parvo
1324 4517 1532 4569 honore
1576 4514 1894 4570 afﬁciebant
1927 4536 1938 4584 ;
1971 4522 2029 4570 et

429 4606 760 4662 venerandae
780 4605 1043 4675 virgines,
1065 4610 1119 4658 et
1143 4610 1415 4675 quotquot
1428 4610 1588 4658 erant
1609 4605 1818 4674 egregii
1840 4623 2029 4660 mona-

430 4697 538 4762 chi,
571 4712 694 4750 eam
717 4694 1028 4750 adorabant
1057 4699 1114 4748 et
1132 4693 1472 4760 salutabant,
1497 4698 1554 4747 et
1577 4699 1849 4764 tanquam
1875 4712 1904 4748 e
1923 4712 2027 4750 cm-

429 4785 484 4839 lo
505 4785 817 4840 venientem
843 4783 1206 4857 aspiciebant.

510 4891 538 4926 e
571 4875 713 4928 Cum
745 4879 932 4928 autem
965 4873 1208 4928 venisset
1233 4872 1641 4928 Chalcedonem
1669 4879 1725 4929 et
1743 4875 1814 4928 ad
1843 4874 2025 4946 ipsum

435 4961 621 5015 sinum
641 4962 830 5027 maris,
849 4962 1146 5017 verebatur
1161 4963 1396 5033 ingredi,
1423 4968 1480 5017 et
1502 4963 1795 5018 videbatur
1815 4969 2031 5035 pertur-

435 5048 585 5102 bata.
621 5050 872 5105 Ventura
898 5052 1045 5106 enim
1077 5052 1136 5107 in
1166 5051 1466 5107 maximam
1497 5052 1777 5108 civitatem
1830 5053 2032 5106 mulier

439 5155 561 5210 qum
596 5137 806 5192 vixerat
834 5139 890 5192 in
938 5141 1350 5205 exercitatione,
1385 5142 1701 5213 quietisque
1731 5149 1787 5195 et
1822 5142 2030 5196 silentii

437 5226 741 5282 maximam
766 5243 957 5280 curam
993 5237 1260 5298 gesserat,
1276 5243 1331 5284 et
1355 5248 1466 5285 non
1485 5236 1810 5302 gustaverat
1827 5231 2034 5285 tumul-

437 5323 530 5372 tus
560 5315 655 5387 qui
687 5321 818 5368 sunt
845 5315 901 5368 in
929 5317 1168 5384 civitate,
1193 5321 1392 5374 merito
1422 5320 1818 5374 extimescebat
1847 5326 1902 5373 et
1953 5337 2035 5374 re-

434 5404 705 5476 fugiebat.
740 5405 923 5475 Atque
953 5404 1178 5460 divertit
1216 5407 1436 5477 quidem
1460 5407 1553 5462 ubi
1592 5413 1711 5462 erat
1765 5409 2034 5479 templum

2108 4525 2290 4580 virum
2323 4527 2443 4596 ejus
2487 4541 2784 4579 conversus
2834 4527 3054 4594 (nempe
3093 4522 3422 4592 Pinianum)
3437 4526 3498 4577 et
3525 4522 3576 4575 ei
3608 4538 3708 4591 ap-

2109 4631 2310 4685 parens
2341 4613 2692 4680 miserabilis,
2714 4630 2840 4668 cum
2863 4612 3087 4683 lugubri
3117 4617 3174 4666 et
3201 4613 3364 4683 nigra
3383 4618 3535 4665 veste
3555 4627 3710 4664 acce-

2108 4703 2191 4758 dit
2220 4705 2289 4758 ad
2319 4721 2462 4769 eam,
2488 4708 2706 4757 terrens
2734 4708 2791 4756 et
2810 4703 3002 4773 gravia
3036 4703 3304 4756 minitans
3334 4721 3345 4766 ;
3379 4709 3436 4755 et
3462 4701 3709 4772 primum

2109 4793 2334 4865 quidem
2359 4809 2418 4846 se
2437 4793 2611 4863 ipsius
2640 4792 2997 4862 imperatoris
3015 4798 3071 4846 et
3107 4793 3229 4862 ejus
3249 4791 3589 4845 famulorum
3619 4804 3713 4843 cor

2113 4888 2461 4937 mutaturum
2493 4886 2549 4934 et
2577 4881 2634 4935 in
2662 4881 3004 4935 contrarium
3057 4881 3469 4939 traducturum,
3510 4878 3710 4933 deinde

2113 4972 2284 5026 etiam
2299 4977 2363 5025 ut
2379 4970 2680 5025 miserabili
2695 4970 2846 5024 exitu
2861 4971 3044 5025 ﬁniret
3058 4971 3708 5041 vitam,procuraturum,

2112 5055 2454 5127 gravissimis
2476 5056 2724 5110 confecta
2753 5055 3059 5110 doloribus.
3083 5055 3185 5109 Illa
3211 5060 3403 5108 autem
3423 5053 3570 5106 hanc
3593 5067 3710 5105 esse

2114 5150 2292 5198 artem
2346 5143 2571 5214 maligni
2630 5143 2970 5214 intelligens,
3029 5143 3236 5197 Christi
3285 5157 3512 5203 nomen,
3568 5139 3711 5211 quod

2112 5233 2500 5304 gravissimam
2529 5232 2608 5286 illi
2639 5233 2864 5302 plagam
2894 5232 3072 5297 aﬁert,
3121 5231 3403 5296 invocans,
3438 5229 3624 5283 effecit
3650 5232 3707 5282 ut

2115 5320 2162 5372 is
2192 5318 2385 5373 statim
2417 5323 2790 5371 evanesceret.
2831 5317 3042 5372 Deinde
3079 5333 3206 5370 cum
3236 5315 3565 5370 accersisset
3584 5330 3709 5368 eum

2119 5408 2206 5479 qui
2235 5425 2360 5461 cum
2391 5408 2510 5478 ipsa
2541 5412 2661 5460 erat
2682 5407 3047 5472 sacerdotem,
3072 5413 3132 5460 et
3151 5405 3450 5476 incepisset
3476 5419 3702 5458 narrare

437 5494 590 5550 omni
623 5511 691 5548 ex
715 5499 874 5566 parte
893 5492 1193 5548 benedictae
1213 5497 1478 5568 martyris
1506 5498 1843 5570 Euphemiae.
1877 5498 2038 5553 Circa
2120 5515 2186 5552 ea
2214 5513 2334 5568 quae
2365 5497 2578 5550 viderat
2607 5502 2664 5550 et
2694 5496 2950 5551 audierat
2980 5516 2993 5563 ;
3017 5496 3192 5551 sensit
3211 5502 3442 5566 repente
3464 5495 3707 5549 dolorem

509 5630 531 5658 ει
573 5620 804 5676 Exstant
833 5619 982 5695 apud
1033 5619 1394 5691 Metaphrast.
1429 5621 1518 5676 die
1549 5621 1748 5677 ultima
1785 5623 2038 5690 Januar.,
2074 5628 2127 5677 et
2164 5623 2311 5688 Sur.,
2347 5626 2483 5675 tom.
2516 5622 2561 5688 Ι,
2595 5620 2790 5675 eadem
2819 5620 2928 5674 die.
