4024 6206
358 339 485 398 1081

1383 339 1461 394 ΙΝ
1497 338 1833 394 PALLADII
1864 337 2143 394 LIBRUM
2181 340 2592 398 PRJELUDIA.

3487 340 3623 399 108‘2

356 466 416 521 in
445 465 759 530 coxendice,
785 479 1028 536 eumque
1068 463 1206 518 adeo
1249 479 1455 530 acrem,
1490 470 1552 519 ut
1587 481 1776 520 vocem
1805 465 2145 526 ami-Atum
2191 468 2261 522 de
2298 469 2421 538 ejus
2461 467 2584 522 avia
2627 468 2870 523 Melania
2920 469 3160 534 seniore,
3210 467 3622 521 demonstrant.

352 558 507 623 serit,
543 561 601 610 et
631 573 798 610 nemo
836 555 1172 609 dubitaverit
1199 555 1255 609 id
1284 573 1404 610 esse
1451 556 1809 611 manifestum
1837 557 1947 610 ini-

350 646 481 700 mici
501 645 794 700 insultum.
829 645 971 699 Cum
1001 644 1080 698 sic
1107 644 1158 698 ei
1183 645 1487 716 productus
1515 651 1663 699 esset
1689 645 1850 699 dolor
1877 646 1948 699 ad

351 751 447 789 sex
473 749 651 804 usque
679 733 818 799 dies,
847 737 905 786 et
923 732 1020 786 illa
1039 733 1177 787 hora
1199 733 1441 788 maxime
1465 733 1676 788 malum
1697 734 1948 788 intende-

352 828 529 887 retur,
561 822 693 894 qua‘
723 823 951 892 nigrum
998 828 1314 893 aspexerat,
1366 829 1422 876 et
1468 823 1649 877 minas
1689 824 1948 878 audierat

353 913 568 982 (aderat
596 911 746 966 enim
775 911 895 966 dies
918 911 1232 981 septimus),
1260 912 1475 966 accedit
1497 912 1700 982 aliquis
1735 929 1944 967 renun-

349 1001 498 1055 tians
523 1007 788 1072 patruum
810 1000 1174 1054 Volusianum
1204 1001 1420 1055 venisse
1448 1001 1507 1055 in
1535 1001 1845 1072 periculum
1875 1018 1946 1056 ne

349 1091 644 1162 repentina
664 1096 844 1144 morte
874 1089 1046 1143 vitam
1075 1106 1204 1143 mox
1234 1090 1440 1144 ﬁniret.

425 1199 448 1230 σ
483 1180 600 1232 Hoc
630 1184 925 1249 postquam
941 1178 1038 1232 illa
1054 1179 1287 1243 audivit,
1313 1179 1417 1232 etsi
1438 1184 1668 1250 propter
1693 1179 1943 1232 dolorem

348 1267 663 1322 coxendicis
691 1267 780 1322 vix
801 1284 861 1321 se
899 1272 1089 1338 posset
1113 1284 1354 1332 movere,
1380 1267 1644 1322 manibus
1669 1274 1725 1322 et
1749 1268 1946 1322 lectica

347 1357 604 1428 protinus
633 1357 704 1410 ad
726 1373 856 1410 eum
884 1361 1041 1410 vecta
1069 1357 1638 1426 proﬁciscitur.Valde
1667 1358 1818 1411 enim
1848 1374 1944 1412 an-

347 1445 586 1516 gebatur
615 1445 820 1509 animo,
857 1461 968 1499 non
999 1446 1148 1515 quod
1180 1446 1273 1498 ille
1304 1453 1636 1511 moreretur,
1668 1447 1767 1500 sed
1796 1446 1944 1517 quod

346 1539 587 1588 mortem
608 1534 823 1588 subiret
846 1535 1068 1595 anima,
1085 1539 1147 1588 ut
1173 1534 1268 1604 qui
1291 1535 1554 1605 baptismi
1578 1536 1945 1606 incorruptio-

347 1639 478 1677 nem
508 1623 758 1676 nondum
789 1627 936 1677 esset
959 1628 1265 1677 assecutus.
1298 1624 1511 1677 Deinde
1540 1624 1690 1677 venit
1715 1625 1944 1694 quidam

345 1712 510 1779 alius,
537 1711 587 1764 ei
617 1711 939 1782 signiﬁcans
967 1712 1335 1765 Volusianum
1357 1728 1476 1766 esse
1516 1712 1856 1783 baptizatum
1889 1717 1946 1766 et

2029 557 2270 610 Melania
2292 559 2549 611 Eudoxia
2562 561 2959 626 Jerosolymam
2967 559 3338 627 proﬁciscenti
3353 559 3620 610 occurrit.

2101 646 2218 699 Hoc
2245 646 2475 716 insuper
2496 647 2616 717 ipso
2645 663 2812 713 anno,
2837 647 2932 717 qui
2961 663 3200 718 sequens
3225 651 3312 700 est
3338 644 3408 699 ab
3439 643 3623 699 Eudo-

2028 734 2129 788 xia
2145 736 2626 805 nuptiis,Eudocia
2645 741 2826 790 mater
2844 737 3202 807 peregrinata
3232 739 3317 788 est
3345 734 3623 804 Jerosoly-

2029 839 2180 876 mam
2205 825 2316 878 voti
2347 825 2594 878 solvendi
2611 842 2800 888 causa,
2822 831 2888 880 ut
2916 826 3170 880 Socrates
3197 823 3374 878 tradit
3387 823 3475 876 his
3495 838 3620 875 ver-

2029 911 2112 965 bis
2149 930 2159 964 :
2195 934 2217 964 ι
2251 913 2594 968 Theodosius
2622 914 2928 985 imperator
2948 915 3370 986 deinceps(post
3388 913 3625 967 transla-

2027 1002 2237 1056 tionem
2265 1003 2498 1057 Joannis
2516 1004 2902 1074 Chrysostomi
2920 1005 3168 1074 corporis
3183 1002 3408 1069 scilicet)
3432 1015 3623 1072 preces

2029 1091 2250 1146 Christo
2267 1092 2698 1162 olferre,quibus
2708 1094 2924 1163 gratias
2947 1109 3048 1164 pro
3069 1092 3310 1164 acceptis
3339 1090 3624 1145 beneﬁciis

2026 1186 2177 1250 agat,
2198 1181 2516 1251 Christique
2535 1199 2738 1236 nomen
2756 1183 2860 1236 hoc
2879 1198 3112 1236 munere
3133 1181 3387 1235 obeundo
3400 1179 3622 1234 eximiis

2027 1269 2331 1324 honoribus
2379 1271 2643 1325 decorare
2691 1271 2876 1343 coepit.
2925 1271 3072 1335 Quin
3110 1271 3282 1325 etiam
3313 1269 3624 1324 Eudociam

2027 1375 2126 1413 con
2127 1360 2322 1429 jugem
2340 1360 2748 1430 Jerosolymam
2769 1361 2939 1414 misit.
2965 1361 3184 1431 Quippe
3203 1359 3481 1430 pollicitus
3503 1362 3626 1411 erat

2025 1447 2180 1500 illam
2211 1449 2316 1501 hoc
2342 1453 2532 1502 votum
2555 1450 3040 1519 persoluturam,si
3067 1449 3238 1502 ﬁliam
3251 1449 3309 1502 in
3331 1447 3620 1501 matrimo-

2027 1535 2184 1589 nium
2211 1537 2536 1590 collocatam
2567 1518 2992 1601 cerneretQuin
3014 1538 3109 1590 illa
3140 1537 3262 1607 ipsa
3283 1542 3340 1590 et
3362 1535 3622 1590 ecclesias

2025 1627 2520 1696 Jerosolymorum,
2563 1632 2620 1680 et
2657 1643 2852 1680 omnes
2880 1626 3018 1680 alias
3060 1627 3116 1679 in
3160 1625 3391 1679 urbibus
3430 1640 3625 1679 versus

2029 1715 2317 1769 Orientem
2341 1715 2494 1782 sit—as,
2527 1721 2650 1770 tum
2696 1733 2760 1770 eo
2808 1715 3365 1787 proﬁciscendo,tum
3390 1714 3622 1767 domum

345 1815 473 1854 cum
515 1816 641 1853 eam
688 1816 833 1869 sape
875 1799 1166 1870 quasitam
1197 1816 1310 1854 non
1337 1800 1657 1866 invenisset,
1685 1801 1781 1854 sed
1815 1818 1937 1855 eam
1963 1783 2332 1870 Bredeundo,
2373 1805 2539 1858 variis
2586 1805 2930 1859 ornamentis
2971 1804 3276 1858 honoriﬁce
3323 1802 3626 1856 illustravit

346 1887 544 1942 morbo
573 1888 812 1942 detineri
841 1888 1145 1952 didicisset,
1183 1889 1355 1942 alium
1397 1889 1594 1943 ducem
1623 1906 1818 1944 rursus
1838 1907 1940 1944 na-
2027 1892 2281 1960 (Socrat.,
2312 1896 2352 1947 ι.
2379 1909 2470 1960 vn,
2501 1912 2620 1963 cap.
2651 1895 2739 1963 46)
2761 1915 2814 1951 .›)
2851 1896 2980 1949 Hac
3007 1895 3281 1949 Socrates.
3305 1893 3479 1946 Porro
3501 1907 3624 1962 per-

344 1981 486 2043 ctus,
517 1993 622 2048 per
645 1977 805 2030 illum
835 1978 899 2030 ﬁt
927 1976 1072 2030 ﬁlius
1101 1977 1258 2043 lucis,
1293 1982 1351 2030 et
1375 1977 1716 2048 baptismum
1745 1995 1943 2033 conse-
2023 1982 2280 2036 suasione
2311 2000 2533 2054 quoque
2566 1989 2770 2038 sancta
2801 1983 3054 2038 Melania
3075 1982 3338 2054 junioris,
3369 1998 3494 2036 cum
3524 1981 3622 2035 illa

344 2066 554 2137 quitur.
581 2067 719 2121 Cum
748 2066 864 2120 hac
883 2066 935 2120 ei
954 2066 1104 2120 dicta
1127 2071 1332 2134 essent,
1363 2083 1488 2120 cum
1519 2067 1710 2121 dolore
1740 2069 1942 2122 anima
2030 2075 2111 2140 (ut
2141 2073 2401 2140 vidimus)
2445 2077 2592 2127 esset
2635 2073 3138 2142 Constantinopoli,
3174 2070 3499 2142 hujusmodi
3530 2086 3624 2141 pe-

343 2171 574 2225 prorsus
599 2154 834 2209 cessavit
856 2155 1028 2208 etiam
1062 2155 1289 2209 morbus
1321 2156 1589 2226 corporis,
1625 2161 1681 2210 et
1718 2156 1942 2211 lumbus
2024 2163 2461 2230 regrinationem
2504 2162 2910 2233 Jerosolymam
2948 2162 3249 2216 Eudociam
3292 2160 3620 2230 suscepisse,

345 2243 574 2313 quidem
603 2243 832 2297 carebat
861 2243 1032 2297 etiam
1059 2244 1269 2310 dolore,
1303 2249 1360 2298 et
1389 2261 1486 2314 pes
1515 2244 1861 2311 movebatur,
1887 2251 1945 2299 ct
2025 2252 2147 2320 ejus
2161 2253 2299 2306 Acta
2314 2250 2677 2316 testantur,in
2699 2250 2902 2320 quibus
2921 2251 3038 2304 hac
3054 2251 3122 2303 de
3139 2250 3382 2304 Eudocia
3407 2268 3418 2301 :
3439 2268 3461 2301 ι
3477 2249 3624 2303 Inte-

343 2333 655 2386 communis
701 2332 960 2387 inimicus
992 2332 1340 2387 afﬁciebatur
1368 2334 1675 2401 dedecore;
1708 2333 1846 2386 adeo
1877 2337 1941 2386 ut

341 2421 443 2475 via
483 2421 763 2493 reliquum
802 2438 902 2492 per
929 2439 989 2476 se
1019 2422 1140 2494 ipsa
1179 2423 1510 2490 conﬁceret;
1539 2428 1594 2476 et
1623 2421 1718 2493 qui
1747 2427 1938 2492 porta-

345 2509 498 2577 bant,
537 2527 636 2581 pro
667 2527 731 2564 eo
771 2511 919 2580 quod
958 2512 1112 2582 prius
1158 2509 1476 2582 portabant,
1513 2512 1584 2565 ad
1614 2511 1794 2565 Deum
1824 2511 1941 2565 lau-

342 2599 595 2653 dandum
626 2600 818 2653 statim
873 2617 1073 2654 manus
1123 2599 1513 2654 extendebant.
1557 2601 1770 2654 Deinde
1813 2617 1940 2654 cum

342 2688 588 2742 venisset
617 2689 687 2742 ad
725 2694 1009 2760 patruum,
1050 2694 1107 2743 et
1144 2689 1328 2743 verbis
1358 2705 1489 2743 eum
1531 2691 1936 2756 conﬁrmasset,

342 2783 400 2832 et
452 2778 522 2832 de
558 2795 626 2833 ea
678 2796 799 2848 qua
829 2779 943 2832 illic
981 2785 1068 2833 est
1103 2778 1215 2832 vita
1261 2778 1634 2844 disseruisset,
1667 2777 1856 2833 latum
1885 2784 1940 2833 et

343 2865 493 2920 bona
516 2883 615 2938 spe
645 2867 940 2938 praditum
963 2867 1280 2924 transmisit
1291 2869 1361 2920 ad
1385 2867 1529 2921 viam
1550 2884 1673 2937 qua
1695 2867 1845 2922 ducit
1868 2868 1939 2921 ad

343 2956 545 3021 Deum,
578 2972 708 3010 cum
756 2956 1134 3027 pulcherrimo
1173 2956 1392 3024 viatico,
1447 2973 1650 3026 nempe
1692 2957 1940 3027 pretioso

343 3044 552 3098 Christi
580 3061 812 3116 corpore
840 3050 897 3100 et
918 3045 1188 3116 sanguine
1225 3063 1352 3099 eum
1391 3045 1768 3114 instruxisset,
1783 3051 1840 3100 et
1863 3046 1940 3100 sic

2021 2341 2128 2393 rim
2145 2347 2331 2394 autem
2363 2341 2498 2394 dum
2517 2340 2634 2393 hac
2649 2338 3199 2410 ﬁerent,imperatrix
3222 2337 3466 2392 Eudocia
3485 2338 3620 2407 [Eu-

2022 2429 2405 2499 doxia]iverat
2449 2429 2824 2482 Antiochiam.
2862 2429 3136 2482 Paruerat
3172 2427 3323 2482 enim
3366 2426 3622 2482 Melania

2022 2518 2268 2584 monitis,
2303 2535 2429 2571 cum
2469 2535 2536 2572 ca
2574 2519 2815 2572 venisset
2845 2518 3194 2590 Byzantium,
3226 2515 3514 2572 suadentis
3560 2521 3625 2570 ut

2021 2607 2166 2662 hanc
2185 2608 2492 2678 susciperet
2520 2608 3048 2679 peregrinationem,
3078 2612 3135 2661 et
3163 2607 3377 2661 veniret
3395 2607 3620 2661 Jeroso-

2021 2696 2256 2767 lymam,
2289 2704 2355 2751 ut
2379 2697 2593 2751 videret
2620 2698 2739 2751 loca
2757 2703 2968 2764 sancta,
2991 2703 3056 2751 ut
3073 2713 3194 2768 qua
3211 2713 3275 2750 ex
3292 2696 3374 2750 eis
3389 2694 3622 2767 percipi-

2021 2790 2116 2839 tur
2147 2786 2306 2840 ﬁeret
2353 2786 2630 2857 particeps
2678 2786 3151 2841 sanctiﬁcationis.
3204 2786 3347 2840 Cum
3388 2784 3626 2840 Melania

2021 2873 2212 2944 itaque
2235 2875 2284 2928 ei
2317 2876 2678 2945 processisset
2707 2875 3162 2944 obviam,magno
3180 2875 3391 2929 honore
3420 2873 3527 2927 fuit
3539 2871 3624 2926 af-

2021 2963 2165 3018 fecta
2193 2963 2261 3017 ab
2290 2965 2664 3034 imperatrice,
2698 2971 2762 3018 ut
2790 2981 2912 3035 qua
2940 2981 3065 3018 eam
3083 2964 3280 3017 matris
3308 2965 3426 3016 loco
3456 2961 3624 3016 habe-

2021 3059 2126 3119 ret,
2157 3058 2213 3106 et
2238 3052 2453 3106 duabus
2484 3053 2553 3107 de
2581 3054 2764 3106 causis
2795 3053 3158 3124 providentia:
3197 3052 3397 3106 divina
3431 3055 3625 3120 ageret

344 3138 408 3188 ut
436 3138 560 3188 tuto
601 3133 886 3201 recederet
935 3135 1274 3206 perfecisset.
1308 3135 1377 3188 Et
1402 3135 1521 3189 hac
1565 3135 1788 3205 quidem
1835 3135 1939 3188 hoc
1959 3140 2000 3199 C
2017 3143 2250 3212 gratias,
2271 3159 2470 3213 nempe
2493 3143 2641 3213 quod
2673 3159 2849 3213 usque
2873 3141 3012 3196 adeo
3036 3140 3375 3195 celebratam
3401 3141 3623 3194 Jerusa-

345 3223 511 3278 modo
538 3229 700 3294 gesta
719 3229 868 3278 sunt.
903 3245 931 3272 ιο

811 3315 1032 3368 Rcdz'tus
1058 3315 1476 3379 Jerosolymam.

416 3385 454 3454 ἀ
476 3401 577 3456 Illa
607 3407 795 3456 autem
829 3418 955 3455 cum
985 3401 1192 3455 multos
1222 3401 1450 3471 quidem
1491 3401 1610 3455 dies
1649 3401 1740 3455 hic
1767 3405 1950 3455 trans-

347 3491 575 3562 egisset,
603 3491 661 3544 in
690 3490 879 3562 paucis
911 3507 1039 3544 vero
1068 3491 1259 3545 multis
1292 3490 1593 3561 plurimum
1624 3490 1940 3561 profuisset,

347 3586 404 3635 et
433 3586 568 3635 ante
590 3580 729 3634 alios
751 3579 1094 3652 imperatrici
1123 3586 1180 3633 et
1207 3579 1312 3650 ipsi
1328 3580 1655 3650 imperatori
1677 3578 1741 3652 (is
1756 3585 1946 3634 autem

262 3702 284 3719 υ
347 3676 472 3725 erat
499 3670 888 3740 Theodosius),
915 3687 1046 3724 nam
1068 3670 1127 3723 in
1157 3669 1360 3740 majori
1381 3686 1520 3740 opus
1547 3669 1760 3724 habent
1787 3686 1945 3724 cura-

345 3761 520 3825 tione,
555 3765 618 3813 ut
641 3776 879 3830 quorum
896 3759 1068 3813 animi
1099 3759 1298 3830 majori
1327 3760 1521 3813 mundi
1545 3760 1725 3829 gloria
1759 3766 1948 3814 essent

345 3849 582 3915 tumidi;
614 3865 740 3903 cum
768 3848 885 3903 hac
905 3854 962 3903 et
989 3849 1102 3903 alia
1124 3849 1288 3920 plura
1311 3847 1548 3916 fecisset,
1568 3849 1856 3919 egreditur
1876 3850 1946 3904 de

349 3939 593 3993 civitate.
629 3957 652 3988 ι
687 3943 796 3991 etc.

421 4025 748 4080 Pervenisse
776 4031 966 4082 autem
997 4027 1178 4098 ipsam
1200 4028 1271 4081 ad
1297 4027 1445 4081 diem
1475 4026 1764 4081 Paschatis
1793 4028 1946 4081 Jero-

350 4116 647 4187 solymam,
679 4121 877 4170 auctor
904 4116 1112 4181 subdit,
1147 4122 1212 4170 ut
1251 4121 1422 4184 ’ἴθι
1462 4117 1629 4188 plane
1651 4121 1939 4188 appareat,

352 4204 612 4276 sequenti
641 4204 711 4257 ab
739 4205 861 4275 ejus
889 4206 1132 4260 adventu
1162 4223 1308 4260 anno
1340 4206 1561 4260 Domini
1584 4223 1709 4260 eam
1729 4208 1946 4261 Jeroso-

352 4295 568 4366 lymam
605 4294 836 4348 rediisse
870 4313 880 4348 :
916 4296 1076 4365 cujus
1114 4295 1333 4350 monitu
1362 4296 1662 4350 Eudociam
1688 4296 1945 4350 nonnihil

351 4382 670 4454 profecisse,
697 4400 763 4449 ex
793 4400 857 4436 eo
888 4389 1073 4454 potest
1099 4384 1356 4455 intelligi,
1384 4385 1531 4456 quod
1556 4390 1614 4439 et
1665 4385 1737 4438 ad
1783 4402 1944 4456 pere-

350 4473 1135 4544 grinationemJerosolymam
1147 4480 1342 4545 postea
1353 4473 1762 4544 suscipiendam
1775 4475 1948 4528 etiam

354 4562 796 4632 inﬂammasset;
831 4563 1054 4633 quando
1075 4568 1264 4617 autem
1289 4563 1344 4617 id
1371 4564 1687 4634 contigerit,
1707 4581 1808 4618 suo
1830 4565 1947 4619 loco

355 4651 623 4706 dicemus.
652 4652 825 4705 Porro
863 4669 977 4705 non
1019 4652 1322 4706 Eudociam
1357 4654 1670 4723 Augustam
1701 4658 1945 4720 tantum,

355 4740 452 4795 sed
482 4745 541 4794 et
563 4741 938 4796 Theodosium
983 4757 1287 4811 congressu
1316 4743 1571 4796 Melania
1613 4759 1732 4797 esse
1761 4743 1948 4796 reddi-

354 4835 476 4884 tum
504 4829 811 4896 meliorem,
837 4847 901 4884 ex
919 4830 1087 4884 rebus
1102 4838 1296 4901 postea
1324 4831 1636 4885 consecutis
1654 4849 1949 4903 possumus

352 4918 590 4989 opinari.
638 4919 798 4982 Quod
840 4919 991 4973 enim
1047 4920 1292 4974 Melania
1337 4921 1623 4976 catholica
1673 4922 1802 4974 ﬁdei
1832 4922 1948 4976 zelo

353 5012 636 5072 astuaret,
669 5024 772 5079 par
795 5013 881 5062 est
902 5009 1130 5063 credere
1152 5025 1279 5064 eum
1301 5011 1567 5064 adversus
1587 5010 1950 5065 Nestorianos

353 5097 682 5163 concitasse,
717 5098 1168 5169 permovisseque
1199 5105 1262 5152 ut
1289 5101 1534 5154 Nestorii
1553 5100 1682 5154 libri
1711 5101 1949 5172 impera-

353 5185 500 5240 torio
540 5192 866 5241 vctarentur
904 5187 1083 5242 edicto
1111 5205 1122 5242 :
1149 5189 1296 5259 quod
1343 5191 1598 5260 sequenti
1639 5207 1806 5257 anno,
1840 5208 1949 5262 quo

353 5274 475 5346 ipsa
504 5276 737 5330 recessit
769 5277 1253 5348 Constantinopoli
1284 5278 1366 5349 (ut
1394 5278 1680 5347 dicemus),
1705 5285 1791 5334 est
1818 5297 1947 5351 pro—

353 5364 688 5433 mulgatum.
708 5364 1069 5420 Celeberrimi
1092 5367 1318 5435 quidem
1332 5368 1574 5423 nominis
1585 5369 1756 5424 fuisse
1773 5369 1950 5424 Mela-

355 5454 509 5508 niam
545 5459 669 5508 tum
708 5455 941 5525 antiqua
970 5462 1267 5526 parentum
1297 5457 1604 5525 nobilitate,
1640 5464 1762 5513 tum
1778 5460 1949 5514 etiam

357 5542 676 5597 admirabili
737 5545 1053 5612 sanctitate,
1098 5549 1328 5616 totoque
1375 5548 1580 5602 factam
1624 5548 1743 5602 orbi
1786 5550 1948 5604 Chri-

357 5632 541 5687 stiano
589 5632 961 5701 notissimam,
1014 5651 1136 5705 qua
1186 5635 1336 5691 dicta
1382 5643 1515 5694 sunt
1556 5643 1680 5694 tum
1708 5640 1778 5694 de
1804 5639 1944 5711 ipsa,

2032 3231 2143 3284 lem
2175 3236 2232 3286 et
2260 3238 2455 3286 sancta
2485 3232 2603 3285 loca
2632 3248 2755 3302 qua
2777 3231 2992 3285 videret
3019 3231 3188 3300 digna
3222 3230 3297 3284 sit
3327 3228 3535 3294 habita,
3567 3233 3625 3283 et

2031 3321 2179 3391 quod
2206 3321 2264 3374 in
2291 3337 2358 3374 ea
2386 3321 2513 3375 talis
2544 3320 2741 3374 matris
2761 3321 2905 3374 facta
2926 3321 3001 3374 sit
3028 3319 3142 3374 ﬁlia
3171 3319 3478 3373 secundum
3507 3317 3624 3389 spi-

2028 3410 2220 3464 ritum.
2238 3411 2472 3480 Signum
2494 3415 2577 3464 est
2602 3416 2792 3464 autem
2809 3411 2997 3481 magni
3024 3410 3231 3464 amoris
3249 3408 3624 3480 imperatricis

2027 3499 2086 3553 in
2114 3500 2433 3565 Melaniam,
2466 3500 2615 3570 quod
2646 3516 2758 3554 non
2781 3499 3122 3554 dubitaverit
3149 3504 3372 3553 tantum
3402 3497 3511 3552 iter
3531 3514 3624 3568 ag-

2025 3589 2202 3660 gredi,
2238 3595 2293 3643 ct
2317 3606 2382 3643 eo
2408 3589 2763 3655 accedere,et
2786 3605 2908 3659 qua
2924 3589 3037 3642 illic
3062 3594 3224 3643 erant
3248 3587 3491 3657 virgines
3504 3592 3626 3641 tan-

2028 3695 2196 3750 quam
2224 3695 2444 3732 sorores
2473 3679 2721 3732 salutare
2751 3684 2808 3732 et
2829 3677 3158 3749 amplexari.

2103 3787 2127 3819 «
2160 3770 2334 3822 Porro
2364 3773 2553 3823 autem
2576 3785 2703 3822 cum
2731 3767 3109 3822 celebraretur
3136 3767 3262 3821 novi
3296 3767 3495 3837 templi
3525 3766 3624 3820 de-

2029 3857 2252 3922 dicatio,
2287 3857 2384 3911 illa
2437 3874 2657 3928 quoque
2700 3857 2914 3921 aderat,
2948 3862 3004 3911 et
3050 3856 3255 3911 festum
3285 3854 3621 3910 celebrabat.

1929 3945 1933 3948 ’
2032 3947 2188 4001 Hanc
2226 3953 2416 4001 autem
2444 3964 2565 4002 rem
2601 3947 2806 4001 bonam
2836 3951 3195 4002 consecutum
3221 3950 3308 4000 est
3359 3945 3627 4016 quiddam

2032 4035 2262 4106 dignum
2285 4036 2906 4107 maligniimprobitate,
2931 4042 2988 4090 et
3000 4035 3131 4090 boni
3151 4036 3251 4091 Dei
3282 4035 3625 4090 virtute.Pe-

2032 4126 2158 4179 dem
2189 4125 2581 4196 imperatricis,
2614 4125 2709 4195 qui
2753 4126 2962 4195 injuria
3001 4125 3269 4179 damonis
3298 4142 3328 4177 c
3359 4140 3626 4194 compage

2028 4215 2150 4264 erat
2177 4211 2418 4275 luxatus,
2434 4210 2531 4264 illa
2546 4209 2754 4279 absque
2772 4210 2963 4263 dolore
2985 4215 3112 4280 apte
3134 4215 3191 4263 et
3218 4213 3368 4263 recte
3381 4208 3438 4263 in
3459 4223 3625 4262 suum

2029 4299 2209 4354 locum
2244 4298 2508 4353 restituit.
2545 4300 2685 4352 Cum
2714 4299 2832 4353 hac
2859 4304 2916 4352 et
2944 4315 3057 4352 non
3084 4313 3264 4368 pauca
3305 4298 3417 4351 alia
3445 4314 3480 4350 a
3503 4313 3628 4350 ma-

2031 4404 2142 4460 gna
2153 4387 2393 4442 Melania
2411 4388 2749 4458 percepisset
2763 4387 3074 4453 commoda,
3101 4391 3160 4440 et
3180 4403 3239 4440 se
3267 4386 3437 4440 simul
3457 4385 3627 4440 etiam

2033 4477 2360 4531 exsatiasset
2391 4477 2741 4548 spectaculis,
2776 4477 3021 4530 decrevit
3057 4475 3261 4530 reverti
3305 4473 3626 4530 Constanti-

2029 4565 2305 4638 nopolim;
2338 4566 2463 4621 etei
2492 4566 2718 4638 quidem
2748 4566 2990 4620 Melania
3010 4582 3137 4620 cum
3156 4569 3428 4636 tanquam
3449 4564 3624 4618 bonas

2031 4655 2262 4710 comites
2291 4655 2537 4709 dedisset
2566 4672 2776 4726 preces,
2811 4655 2991 4725 ipsam
3021 4653 3235 4708 dimisit
3264 4655 3442 4723 (Apud
3463 4654 3629 4706 Meta-

2025 4746 2265 4814 phrast.,
2291 4747 2379 4798 die
2397 4743 2455 4798 31
2484 4746 2745 4811 Deccmb.;
2780 4743 2934 4808 Sur.,
2960 4745 3047 4796 die
3070 4741 3323 4810 31Jan.).
3348 4741 3507 4795 iHac
3527 4739 3624 4806 ibi,

2032 4835 2129 4889 sed
2160 4835 2227 4887 de
2269 4833 2525 4888 Eudocia
2576 4833 2761 4887 reditu
2801 4830 3344 4902 Constantinopolim
3393 4845 3626 4901 agemus

2032 4939 2180 4977 anno
2209 4922 2484 4993 sequenti,
2521 4939 2630 4992 quo
2657 4922 2909 4992 contigit.

2103 5011 2263 5076 Quod
2291 5028 2420 5065 vero
2433 5012 2503 5065 ad
2522 5011 2824 5066 Melaniam
2836 5015 3068 5081 spectat,
3077 5015 3354 5081 quantum
3381 5011 3626 5082 supervi-

2032 5101 2192 5166 xerit,
2217 5117 2326 5154 non
2347 5105 2596 5166 constat;
2634 5101 2733 5154 sed
2763 5100 2902 5153 illud
2931 5105 3146 5154 certum
3178 5104 3280 5167 est,
3305 5101 3485 5171 ipsam
3517 5117 3632 5155 mo-

2032 5190 2245 5245 nastica
2264 5190 2380 5244 vita
2393 5206 2597 5260 magna
2609 5189 2997 5243 observatione
3015 5189 3449 5261 perfunctam,et
3465 5190 3632 5244 mira-

2033 5281 2172 5336 culis
2205 5280 2459 5351 pluribus
2496 5280 2981 5346 illustratam,die,
3008 5297 3178 5350 quam
3201 5281 3490 5352 pranovit,
3519 5280 3630 5334 De-

2034 5370 2270 5425 cembris
2291 5371 2488 5425 ultima
2502 5371 2573 5424 ad
2591 5371 2768 5424 Deum
2784 5369 3138 5441 migrasse,et
3153 5370 3300 5424 inter
3310 5373 3531 5423 sanctas
3548 5383 3633 5421 re-

2033 5461 2201 5514 latam
2222 5459 2600 5515 anniversaria
2626 5459 2899 5514 memoria
2925 5460 2984 5514 in
3008 5460 3253 5514 Ecclesia
3270 5457 3624 5513 celebratam.

2264 5550 2356 5606 DE
2387 5549 2726 5605 PALLADII
2760 5552 2832 5618 (hi
2865 5550 3080 5605 LIBRO
3111 5547 3401 5604 ELOGIA.

2108 5643 2292 5706 ’,θη
2319 5639 2459 5694 Vide
2476 5639 2625 5696 dicta
2644 5656 2813 5712 supra
2841 5640 2901 5696 in
2922 5639 3229 5713 prolegom.
3260 5634 3508 5708 generali
3542 5632 3628 5702 '10,
