4024 6206
388 318 526 378 1085

1682 315 2019 375 PALLADII
2067 309 2489 371 PROCEMIUII.

3512 301 3651 361 1088

380 444 508 498 dica
526 442 761 497 Patrum
780 441 851 496 de
874 441 1015 513 ipso.
1046 442 1284 498 Sanctus
1299 442 1694 514 Hieronymus,
1728 443 1889 512 cujus
1917 442 1978 496 in
1992 444 2043 503 Α
2056 440 2231 512 giani.
2261 435 2459 562 Safguaci
2477 434 2799 517 conjectura
2822 432 2939 487 suis
2952 428 3086 486 locis
3189 444 3358 501 opere
3373 428 3645 553 quosdam

380 516 488 562 hac
506 531 568 562 re
582 514 853 562 iudicium
876 511 1076 562 nrobat
1087 519 1312 562 sanctus
1324 514 1579 562 Gelasius
1595 513 1972 562 Lnraafatione
2053 512 2217 562 istius
2236 510 2328 562 fur
2389 507 2467 561 ris
2487 504 2957 560 indicabimusUt
2975 519 3153 562 magis
3168 506 3360 556 autem
3398 516 3575 554 amem
3593 505 3645 554 et

379 516 568 595 ha_c__re
575 514 853 595 judicium
875 511 1579 595 probatsanctusGelasius
1595 515 1641 595 I,_
1647 511 1972 595 praefatione

376 586 437 641 in
454 584 595 640 libro
610 585 877 639 adversus
898 584 1248 655 Pelagianbs,
1272 586 1351 639 ait
1379 603 1429 637 :«
1453 584 1738 639 Palladius
1759 584 1973 638 servilis

379 656 645 729 nequitia:
696 655 982 729 ΙιτιιειιρξίξηΔ
1003 656 1363 729 Pelagianam
1398 656 1715 729 instaurare
1743 662 1974 729 conatus

378 726 490 784 est:
507 748 530 780 ι
564 728 808 783 Sanctus
826 726 1191 797 Epiphanius,
1227 727 1389 797 epist.
1413 728 1485 781 ad
1514 728 1789 782 Joannem
1813 728 1973 780 Jero-

375 799 795 881 solymitanum,
814 798 1094 881 sic‘inqu-it
1119 815 1164 849 ε(
1194 798 1509 881 Paliadium
1529 815 1659 853 vero
1689 798 1965 880 Calatiam,

416 868 475 925 ui
504 869 788 934 quondam
819 868 980 922 nobis
1006 869 1209 923 charus
1237 868 1362 934 fuit,
1398 875 1454 923 et
1476 885 1625 923 nunc
1653 869 1971 923 misericor-

416 888 473 925 αι
542 888 788 924 uonuam
819 888 980 922 nonis
1006 888 1209 923 cnarus
1237 888 1362 934 ruit,
1398 888 1454 923 et
1476 888 1625 923 nunc
1653 888 1971 923 misericor-

374 888 596 996 gialgei
622 940 855 1010 indiget,
871 956 1021 1005 cave,
1040 940 1173 1010 quia
1201 940 1460 1011 Origenis
1488 940 1749 994 haeresim
1775 939 1973 1011 praedi-

381 957 471 996 uia
486 957 596 995 U81
622 957 855 1010 indiget,
871 957 1021 1005 cave,
1040 957 1173 1010 quia
1201 957 1460 1064 ungems
1489 957 1749 994 naeremm
1775 957 1971 1011 praeui-

381 1018 474 1067 cat
501 1017 559 1066 et
575 1012 756 1077 docet,
789 1027 860 1065 ne
883 1011 1027 1065 forte
1049 1011 1267 1081 aliquos
1334 1028 1365 1065 e
1390 1012 1595 1082 populo
1627 1010 1729 1065 tibi
1757 1010 1971 1065 credito

376 1084 449 1138 ad
476 1082 903 1154 perversitatem
924 1081 1012 1154 sui
1028 1082 1265 1154 inducat
1287 1082 1513 1154 erroris.
1545 1103 1569 1154 ρ
1600 1082 1731 1136 Haec
1749 1087 1977 1154 sanctus

378 1153 825 1226 Epiphaniusirtt
840 1169 931 1207 res
944 1153 1181 1207 Palladii
1199 1158 1405 1226 gestas,
1419 1153 1701 1207 vafriciem
1714 1158 1771 1207 et
1783 1153 1976 1226 odium

377 1224 444 1306 in
463 1230 720 1306 sanctum
736 1224 1146 1306 iiieronxmum
1158 1224 1415 1306 pluribus
1430 1230 1714 1306 exponunt
1730 1224 1975 1278 Annales

379 1294 769 1360 Ecclesiastici,
790 1294 1116 1366 tomo'V.Ex
1146 1295 1347 1365 quibus
1373 1294 1634 1349 omnibus
1653 1295 1832 1349 disces
1852 1311 1974 1366 quae

2052 499 2217 566 istius
2236 499 2467 565 furfuris
2487 499 2957 560 indicabimus.Ut
2975 501 3153 573 magis
3168 499 3360 573 autem
3375 499 3581 573 faciem
3593 505 3652 554 et

2054 583 2254 637 intima
2282 569 3301 657 Pililadii‘introspicias,ipsum
3330 569 3502 657 fuisse
3531 571 3646 657 dis-

2056 654 2301 725 cipulum
2343 648 2565 720 Evagrii
2589 642 2805 701 Pontici
2842 642 3172 715 Origenistaa
3208 643 3453 724 haeretici
3481 642 3648 696 toties

2056 725 2127 771 ab
2155 722 2399 771 Ecclesia
2418 718 2689 771 damnati.
2718 718 2925 771 denuo
2954 717 3118 771 plura
3145 720 3536 769 annotavxmus
3567 718 3648 767 to-

2055 722 2127 779 ab
2154 722 2399 779 Ecclesia
2418 722 2689 784 damnati,
2718 722 2788 771 de
2810 730 2925 787 quo
2954 722 3118 786 plura
3145 722 3536 769 annotavimus
3567 722 3649 767 to-

2056 813 2148 850 mo
2169 796 2237 862 V,
2274 792 2648 865 (Bibliotheca
2666 790 2923 865 Patrum)
2942 787 3102 865 initio
3120 785 3251 865 libri
3281 784 3649 865 Evagriiiloc

2055 868 2125 922 de
2144 883 2203 921 se
2223 858 2465 919 testatur
2491 860 2776 916 Palladius
2804 858 2862 912 in
2901 859 3005 911 hac
3026 858 3315 921 Lausiaca,
3358 872 3486 909 cum
3516 858 3597 909 ait
3630 870 3643 905 :

2059 957 2084 990 α
2102 936 2381 1009 Respondi
2406 950 2495 987 me
2525 948 2646 987 esse
2675 929 3053 1009 peregrinum,
3070 933 3128 1009 et
3152 929 3239 1009 de.
3247 927 3486 1009 Calatiae
3516 942 3647 997 par-

2057 999 2427 1072 tibusvenire,
2456 1010 2514 1059 et
2540 999 2719 1058 unum
2736 1018 2802 1055 ex
2823 999 3053 1069 Evagrii
3083 999 3350 1072 fratribus
3370 1014 3501 1072 esse
3521 1013 3649 1051 con-

2057 1080 2237 1135 fessus
2264 1067 2425 1133 sum;
2464 1093 2491 1129 ι
2540 1075 2697 1130 Idem
2734 1067 3093 1126 affirmarunt
3136 1071 3411 1135 Socrates,
3434 1067 3542 1127 .lib.
3574 1083 3647 1133 1v,

2057 1168 2179 1233 cap-
2230 1149 2423 1233 18,..et.
2442 1146 2815 1233 Νίορριιεξηξξιν
2838 1142 3078 1233 59:35.
3097 1157 3219 1233 car.-
3250 1138 3651 1233 $39331“

2057 1210 2264 1277 mirum
2287 1210 2361 1274 sit
2380 1218 2427 1273 si
2458 1210 2653 1271 eodem
2681 1216 2799 1268 luto
2829 1229 3085 1267 errorum
3117 1210 3226 1281 quo
3250 1211 3518 1281 Magister
3536 1210 3652 1281 tin-

2057 1300 2179 1348 ctus
2198 1290 2481 1347 Palladius
2499 1287 2685 1343 fuerit.
2700 1284 2969 1349 Quocirca
2980 1300 3107 1339 cum
3130 1280 3236 1337 hoc
3263 1280 3401 1349 opus
3421 1280 3655 1335 laudant

378 1367 517 1421 ﬁdes
547 1366 865 1438 adhibemla
897 1365 972 1419 sit
1005 1365 1264 1438 haeretica
1302 1366 1518 1421 homini
1561 1366 1891 1438 Origenistaz
1920 1371 1978 1438 et

377 1437 703 1518 Pelagiano,
724 1437 786 1493 in
805 1436 1231 1518 hisprzesertim
1260 1454 1384 1518 qua;
1411 1438 1485 1518 _de
1514 1436 1850 1518 quibusdam
1870 1437 1975 1518 ‘sui

380 1508 659 1563 similibus
688 1508 978 1562 monachis
1019 1508 1216 1562 eadem
1268 1509 1500 1564 fuligine
1536 1508 1726 1564 tinctis
1778 1509 1838 1563 in
1870 1508 1977 1562 hoc

385 1596 556 1651 opere
582 1578 802 1651 prodit:
834 1595 899 1633 ac
927 1579 1170 1651 maxime
1198 1578 1504 1634 verendum
1524 1596 1604 1651 ne
1624 1580 1844 1651 aliquos
1873 1596 1974 1650 pro

380 1649 601 1705 sanctis
620 1649 884 1718 venditat,
918 1650 1015 1721 qui
1050 1650 1280 1704 fuerunt
1307 1650 1657 1722 Origenistze,
1708 1649 1794 1704 vel
1822 1649 1979 1704 Pela-

2059 1366 2317 1420 Socrates
2339 1367 2396 1416 et
2423 1359 2790 1430 Nicephorus,
2825 1361 2890 1430 ut
2914 1371 3029 1410 non
3056 1355 3204 1408 imus
3233 1352 3447 1430 inficias
3475 1352 3655 1430 multa

2058 1436 2140 1490 illi
2167 1435 2349 1489 inesse
2380 1431 2544 1503 utilia
2561 1423 2630 1484 'et
2651 1427 2922 1503 recta,_ita
2945 1431 3162 1481 certum
3192 1429 3279 1503 est
3300 1424 3425 1503 illos
3440 1493 3454 1503 _
3471 1423 3652 1503 qualis

2058 1506 2341 1562 Palladius
2370 1501 2539 1557 fuerit
2572 1516 2688 1556 non
2714 1498 2939 1570 penitus
2966 1500 3323 1569 perspectum
3365 1493 3649 1549 habuisse.

2058 1579 2341 1633 Hactenus
2360 1574 2472 1628 ille.
2871 1609 2875 1614 .

386 1758 3641 1794 -ᾠ-ᾑ-ῇ--φ--αξ

1277 1830 2080 2043 mummium
2152 1864 2772 2003 auctoris.

460 2123 645 2185 ’104
667 2119 733 2173 In
760 2118 866 2172 hoc
886 2118 1030 2173 libro
1059 2120 1270 2191 scripta
1298 2124 1402 2187 est,
1433 2134 1545 2190 qua
1571 2117 1632 2172 in
1658 2117 1868 2171 virtute
1912 2114 2236 2182 utebantur,
2269 2114 2593 2169 exercitatio
2633 2119 2691 2169 et
2715 2111 3063 2168 admirabilis
3090 2110 3217 2165 vitae
3247 2106 3476 2180 agendae
3500 2104 3647 2160 ratio

379 2207 676 2263 beatorum
707 2213 766 2262 et
791 2213 1112 2263 sanctorum
1124 2210 1357 2263 Patrum
1378 2208 1473 2280 qui
1492 2206 1772 2278 degebant
1801 2205 1861 2259 in
1883 2205 2217 2273 solitudine;
2257 2210 2324 2259 ut
2349 2221 2444 2259 eos
2463 2205 2799 2259 aemulentur
2826 2220 2890 2257 ac
2920 2202 3214 2257 imitentur
3242 2198 3339 2270 qui
3366 2196 3650 2250 caelestem

382 2298 580 2352 volunt
598 2298 772 2351 vitam
801 2313 985 2369 agere,
1021 2304 1078 2352 et
1106 2314 1229 2369 quae
1258 2297 1329 2352 ad
1357 2312 1594 2368 regnum
1624 2296 1890 2350 caelorum
1920 2294 2163 2360 deducit,
2196 2293 2344 2347 viam
2372 2293 2621 2364 ingredi;
2668 2308 2990 2363 annumque
3030 2289 3331 2344 mulierum
3358 2283 3649 2350 memoria,

384 2390 445 2441 et
466 2385 805 2457 inclytarum
826 2391 1073 2440 matrum
1102 2402 1136 2440 a
1154 2387 1270 2440 Deo
1300 2386 1722 2457 inspiratarum,
1755 2400 1877 2455 quae
1906 2398 2111 2452 magno
2131 2386 2188 2435 et
2208 2381 2339 2436 forti
2359 2382 2547 2435 animo
2568 2381 2792 2435 virtutis
2813 2377 3224 2435 exercitationis
3246 2389 3512 2448 peregere
3540 2387 3656 2426 cer-

384 2474 624 2541 tamina,
658 2479 721 2528 ut
748 2474 1031 2545 exemplar
1057 2479 1422 2545 proponatur,
1441 2478 1498 2528 et
1518 2489 1677 2527 amor
1701 2472 1975 2527 excitetur
2001 2470 2071 2524 iis
2103 2487 2225 2542 quae
2268 2471 2625 2526 continentize
2662 2487 2727 2525 ac
2754 2468 3047 2535 castitatis)
3068 2467 3264 2520 volunt
3290 2479 3491 2519 corona
3512 2460 3659 2515 redi-

388 2563 540 2629 miri,
568 2580 636 2617 ex
652 2561 933 2617 sententia
957 2566 1016 2616 et
1039 2562 1328 2616 voluntate
1355 2561 1477 2629 viri,
1507 2561 1603 2632 qui
1623 2567 1710 2616 est
1740 2561 1892 2614 varia
1928 2577 1992 2615 ac
2024 2560 2320 2631 multiplici
2360 2560 2616 2615 doctrina
2659 2559 2947 2631 prieditus,
2988 2555 3240 2611 moribus
3277 2552 3563 2625 paciﬁcus,
3599 2554 3658 2604 et

388 2653 557 2708 corde
584 2651 733 2722 pius,
769 2655 1070 2721 menteque
1094 2650 1413 2722 religiosus,
1448 2656 1505 2704 et
1530 2650 1590 2704 in
1627 2651 1699 2704 iis
1734 2666 1856 2720 quae
1881 2655 2015 2704 sunt
2042 2667 2183 2721 opus
2211 2650 2505 2720 egentibus
2534 2647 3013 2704 communicandis
3052 2644 3320 2711 liberalis,
3345 2647 3402 2699 et
3427 2645 3656 2714 propter

385 2757 612 2796 morum
632 2740 941 2796 bonitatem
970 2740 1168 2795 multis
1194 2740 1329 2794 viris
1357 2740 1580 2795 eximiis
1605 2744 1692 2794 est
1714 2740 1774 2793 in
1801 2739 2037 2794 summis
2060 2739 2367 2794 honoribus
2386 2739 2737 2811 praepositus,
2770 2744 2828 2793 et
2850 2737 3078 2793 omnino
3107 2733 3422 2790 custoditur
3448 2731 3657 2785 virtute

384 2830 560 2885 divini
586 2830 850 2902 Spiritus.
883 2830 992 2895 Qui
1021 2829 1248 2901 quidem
1276 2828 1435 2883 nobis
1459 2829 1649 2900 jussit,
1676 2829 1780 2895 vel,
1806 2828 1854 2883 si
1884 2844 2078 2883 verum
2100 2829 2285 2899 potius
2300 2828 2482 2882 dicere
2511 2832 2786 2899 oporteat,
2812 2827 2884 2881 ad
2905 2841 3102 2881 eorum
3126 2841 3250 2896 quae
3272 2827 3406 2878 sunt
3424 2820 3659 2876 meliora

384 2919 919 2991 contemplationem
938 2918 1109 2974 hebes
1138 2924 1396 2973 nostrum
1416 2923 1474 2973 et
1501 2917 1763 2973 obtusum
1794 2918 2053 2972 excitavit
2080 2917 2390 2987 ingenium,
2423 2922 2487 2971 ut
2515 2917 2585 2970 ad
2614 2916 3033 2988 proponendam
3077 2915 3148 2968 ad
3186 2912 3522 2967 imitandum
3553 2910 3659 2964 vir-

383 3013 575 3062 tutum
594 3007 1006 3062 exercitationis
1024 3008 1465 3062 decertationem
1489 3013 1814 3062 sanctorum
1834 3011 1892 3062 et
1917 3006 2326 3061 immortalium
2358 3012 2416 3060 et
2445 3005 2786 3077 spiritalium
2808 3010 3035 3075 patrum
3064 3008 3411 3069 nostrorum,
3445 3001 3561 3072 qui,
3594 3005 3660 3055 ut

385 3100 504 3155 Deo
531 3099 838 3170 placerent,
868 3099 929 3152 in
957 3098 1100 3153 dura
1131 3104 1189 3152 et
1232 3114 1433 3170 aspera
1465 3098 1801 3153 tractatione
1829 3097 2079 3169 corporis
2107 3095 2278 3150 vitam
2318 3100 2573 3167 egerunt,
2610 3094 3007 3166 praeclarorum
3041 3092 3384 3147 athletarum
3420 3091 3594 3144 vitam
3623 3106 3658 3144 a

385 3187 551 3244 nobis
577 3188 917 3259 descriptam
950 3188 1021 3241 ad
1065 3204 1193 3243 eum
1236 3187 1610 3254 mitteremus,
1643 3187 2087 3258 uniuscujusque
2126 3202 2192 3240 ex
2222 3184 2440 3255 magnis
2489 3190 2747 3239 strenuas
2776 3182 3128 3255 praedicando
3177 3180 3432 3234 virtutes.
3476 3178 3661 3234 Divini

387 3283 581 3333 autem
608 3277 778 3347 hujus
806 3281 863 3331 et
889 3275 1157 3348 spiritalis
1178 3276 1444 3331 desiderii
1473 3281 1694 3331 amator
1717 3281 1801 3330 est
1830 3276 2067 3342 Lausus,
2098 3274 2188 3329 cui
2216 3279 2344 3345 post
2370 3274 2622 3328 divinum
2669 3272 2941 3327 auxilium
2992 3270 3260 3326 mandata
3288 3274 3376 3324 est
3405 3267 3659 3323 custodia

388 3364 659 3421 divinitus
677 3364 856 3419 afﬂati
879 3370 937 3419 et
962 3364 1210 3435 religiosi
1238 3364 1490 3436 imperii.

465 3451 591 3523 Ego
619 3453 793 3524 igitur
820 3452 916 3524 qui
936 3458 993 3507 et
1011 3453 1203 3523 lingua
1224 3469 1351 3507 sum
1376 3451 1710 3520 ineruditus,
1731 3458 1788 3507 et
1802 3452 2114 3524 spiritalem
2138 3451 2513 3524 cognitionem
2529 3451 2765 3506 summis
2779 3448 3190 3523 quodammodo
3208 3447 3380 3502 labris
3400 3446 3584 3517 attigi,
3604 3449 3663 3500 et

390 3542 660 3613 indignus
687 3559 812 3597 sum
845 3542 941 3614 qui
960 3558 1280 3597 recenseam
1302 3543 1621 3612 catalogum
1650 3542 1963 3613 spiritalem
1984 3542 2158 3596 vitam
2188 3542 2478 3612 agentium
2500 3546 2822 3595 sanctorum
2849 3541 3104 3605 Patrum,
3138 3542 3196 3592 et
3227 3536 3275 3591 si
3301 3534 3658 3591 reformidem

391 3631 658 3702 praecepti
685 3630 1134 3701 magnitudinem
1156 3630 1303 3701 quod
1329 3646 1484 3684 meas
1512 3630 1655 3689 vires
1673 3636 1921 3701 superat,
1960 3636 2017 3685 et
2037 3626 2259 3702 jussum
2289 3647 2435 3701 aegre
2464 3630 2660 3696 feram,
2690 3629 2841 3700 quod
2869 3633 2926 3683 et
2953 3643 3219 3698 magnam
3239 3630 3531 3681 externam
3567 3640 3659 3678 sa-

389 3719 686 3792 pientiam,
720 3725 781 3775 et
809 3720 1122 3791 spiritalem
1150 3719 1389 3790 requirit
1417 3719 1876 3790 intelligentiam;
1908 3720 2181 3775 reveritus
2205 3726 2396 3774 tamen
2419 3720 2665 3791 primum
2684 3724 2743 3772 et
2771 3720 2893 3789 ejus
2915 3718 3011 3789 qui
3031 3717 3103 3771 ad
3123 3717 3227 3773 hoc
3244 3713 3660 3786 exsequendum

395 3826 501 3864 nos
522 3808 781 3864 excitavit
806 3809 1090 3876 virtutem,
1123 3814 1181 3863 et
1206 3816 1474 3881 reputans
1501 3826 1697 3865 eorum
1719 3810 1814 3881 qui
1844 3810 1963 3865 haec
1988 3811 2182 3881 legent
2208 3810 2531 3875 utilitatem,
2566 3813 2624 3863 et
2649 3808 3017 3862 extimescens
3054 3805 3367 3877 periculum
3395 3802 3544 3875 quod
3574 3818 3662 3856 es-

396 3916 518 3955 sem
544 3899 821 3966 aditurus,
854 3899 961 3954 etsi
984 3900 1114 3970 jure
1142 3915 1341 3971 parere
1370 3915 1708 3966 recusarem,
1742 3915 1870 3953 cum
1899 3900 2189 3971 egregium
2220 3898 2467 3970 primum
2486 3900 2709 3968 jussum
2729 3896 2928 3951 divinae
2958 3895 3342 3967 ascripsissem
3369 3892 3667 3948 Providen-

396 3988 512 4055 tiae,
542 4004 860 4059 magnaque
886 4004 1021 4042 usus
1050 4004 1231 4042 essem
1259 3987 1570 4058 diligentia,
1601 3993 1926 4043 sanctorum
1971 3990 2206 4043 Patrum
2245 3988 2644 4042 intercessione
2672 3990 2911 4051 erectus,
2952 3985 3024 4040 ad
3070 4001 3138 4039 ea
3182 4000 3306 4039 sum
3343 3998 3661 4055 aggressus,

394 4078 572 4132 veluti
601 4077 846 4149 quodam
874 4076 1204 4147 compendio
1233 4077 1627 4147 praeclarorum
1671 4078 2014 4133 athletarum
2059 4084 2117 4133 et
2157 4092 2492 4147 magnorum
2534 4076 2784 4130 virorum
2813 4091 3036 4130 summa
3055 4074 3237 4129 solum
3261 4072 3573 4128 certamina
3609 4076 3668 4127 et

399 4169 566 4240 signa
594 4166 933 4222 describens.

481 4262 668 4323 005
692 4255 813 4311 Nec
841 4256 1192 4311 solummodo
1211 4257 1493 4311 clarorum
1520 4256 1788 4323 virorum,
1815 4255 1910 4327 qui
1933 4255 2204 4327 optimam
2233 4270 2298 4307 ac
2327 4251 2852 4325 praestantissimam
2870 4268 2935 4306 ex
2954 4251 3162 4306 virtute
3177 4250 3350 4305 vitam
3369 4267 3553 4321 egere,
3569 4249 3666 4305 sed

402 4347 575 4401 etiam
603 4346 897 4401 beatarum
925 4344 1224 4400 mulierum
1245 4362 1367 4417 quae
1386 4346 1446 4399 in
1475 4346 1949 4401 excellentissima:
1977 4344 2103 4399 vitae
2121 4359 2327 4414 genere
2342 4359 2403 4397 se
2430 4342 2663 4396 honeste
2683 4357 2999 4396 exercuere.
3017 4341 3087 4395 Et
3104 4340 3423 4411 aliquorum
3440 4340 3666 4411 quidem

401 4453 485 4490 ex;
498 4436 567 4491 iis
595 4451 783 4490 sacros
810 4436 998 4489 vultus
1016 4440 1082 4489 ut
1108 4435 1229 4506 ipse
1253 4451 1443 4489 coram
1461 4434 1605 4489 videi
1618 4451 1706 4488 em
1733 4451 1859 4489 sum
1886 4435 2169 4505 dignatus,
2193 4432 2289 4503 qui
2303 4433 2423 4502 jam
2445 4434 2575 4484 ante
2596 4435 2729 4484 sunt
2746 4429 3118 4484 consummati
3136 4429 3195 4484 in
3213 4430 3522 4485 certamine
3545 4428 3667 4499 pie-

401 4525 573 4592 tatis;
606 4524 924 4595 aliquorum
967 4528 1158 4578 autem
1206 4524 1489 4579 caelestem
1516 4524 1643 4579 vitae
1673 4523 2083 4578 institutionem
2110 4520 2279 4575 didici
2320 4536 2355 4573 a
2392 4519 2591 4573 divinis
2632 4518 2879 4575 athletis.
2926 4519 3130 4574 Multas
3166 4523 3357 4573 autem
3397 4517 3582 4584 urbes,
3615 4520 3673 4570 et

400 4614 613 4669 multos
633 4614 800 4681 vicos,
835 4618 893 4668 et
920 4614 1233 4685 speluncas,
1267 4618 1324 4668 et
1360 4613 1551 4682 omnia
1577 4613 1941 4668 tabernacula
1968 4610 2180 4666 deserti
2214 4609 2617 4664 monachorum
2660 4607 2907 4680 pedestri
2950 4607 3151 4662 itinere
3182 4608 3395 4674 obiens,
3423 4606 3667 4677 diligen-

401 4702 621 4758 tissime
650 4702 998 4757 consideravi
1022 4718 1218 4756 eorum
1244 4701 1514 4773 pietatem
1537 4717 1601 4755 ac
1630 4701 1978 4771 religionem.
2001 4701 2185 4770 Atque
2213 4714 2337 4753 cum
2371 4715 2493 4770 quae
2523 4697 2730 4769 partim
2760 4697 2988 4769 quidem
3017 4698 3136 4768 ipse
3155 4696 3267 4751 vidi
3299 4694 3666 4767 scripsissem,

403 4792 614 4863 partim
645 4796 835 4845 autem
859 4807 981 4862 quae
1009 4807 1043 4844 a
1064 4790 1272 4845 sanctis
1300 4790 1562 4845 Patribus
1581 4789 1788 4856 audivi,
1822 4804 2161 4859 magnorum
2188 4788 2439 4842 virorum
2468 4788 2795 4852 certamina,
2833 4793 2891 4841 et
2917 4787 3238 4853 mulierum,
3275 4801 3397 4856 quae
3440 4789 3671 4856 propter

402 4897 563 4952 spem
592 4880 653 4934 in
682 4880 970 4935 Christum
1009 4884 1172 4933 erant
1207 4879 1468 4934 fortiores
1497 4895 1667 4950 quam
1695 4895 1891 4934 earum
1928 4878 2139 4933 ferebat
2168 4883 2391 4942 natura,
2424 4877 2592 4946 hujus
2620 4875 2747 4930 libri
2777 4874 2999 4947 scriptis
3035 4875 3411 4941 mandassem,
3444 4872 3573 4928 misi
3597 4873 3670 4928 ad

404 4975 534 5025 tuas
565 4986 730 5024 aures
759 4970 966 5024 amicas
984 4968 1301 5024 divinorum
1323 4968 1692 5039 eloquiorum,
1717 4968 2058 5039 optimorum
2080 4968 2325 5021 virorum
2354 4971 2411 5020 et
2429 4965 2820 5036 religiosorum
2840 4965 3027 5031 decus,
3052 4962 3475 5035 ﬁdelissimique
3496 4967 3554 5018 et
3579 4980 3671 5018 re-

404 5059 594 5129 ligiosi
622 5058 845 5130 imperii
874 5059 1156 5130 splendor,
1180 5074 1448 5130 germane
1478 5064 1536 5112 et
1566 5057 1775 5113 Christi
1805 5057 1983 5112 amice
2018 5073 2174 5111 serve
2216 5055 2318 5110 Dei
2348 5056 2547 5121 Lause,
2577 5070 2678 5126 pro
2709 5071 2777 5108 ea
2802 5070 2927 5125 quae
2971 5053 3110 5107 mihi
3153 5053 3302 5108 inest
3343 5053 3669 5125 exiguitate,

404 5148 851 5218 uniuscujusque
879 5163 946 5201 ex
974 5147 1183 5202 Christi
1203 5146 1429 5202 athletis
1453 5152 1574 5201 tam
1602 5146 1864 5200 masculis
1893 5162 2063 5217 quam
2089 5145 2313 5199 feminis
2339 5144 2559 5214 insigne
2588 5159 2812 5207 nomen,
2852 5143 3189 5214 exprimens,
3220 5148 3278 5199 et
3305 5160 3370 5198 ex
3402 5144 3595 5199 multis
3620 5148 3680 5197 et

404 5236 628 5307 magnis
653 5236 1096 5307 uniuscujusque
1122 5235 1521 5291 certaminibus
1541 5251 1720 5307 pauca
1745 5235 1990 5290 breviter
2012 5252 2311 5307 exponens.
2332 5233 2712 5289 Plurimorum
2739 5249 2961 5305 quoque
2986 5250 3167 5306 genus
3188 5234 3361 5289 etiam
3382 5234 3669 5305 adjiciens,

410 5332 470 5381 et
494 5326 715 5393 urbem,
748 5331 806 5380 et
830 5326 1016 5380 locum
1046 5326 1376 5381 mansionis.

478 5415 838 5470 Meminimus
854 5420 1043 5469 autem
1066 5415 1314 5469 virorum
1333 5418 1389 5468 et
1406 5413 1727 5481 mulierum,
1757 5413 1852 5485 qui
1875 5430 1943 5468 ex
1967 5414 2169 5469 virtute
2186 5414 2413 5486 quidem
2430 5413 2601 5469 vitam
2616 5412 2859 5485 perfecte
2877 5412 3262 5480 instituerunt,
3278 5415 3506 5483 propter
3524 5426 3674 5465 arro-

405 5504 613 5576 gantia:
641 5508 832 5558 autem
861 5509 1099 5558 matrem
1120 5503 1346 5558 inanem
1373 5519 1495 5574 quae
1514 5508 1743 5557 vocatur
1768 5503 2029 5574 gloriam,
2048 5503 2106 5558 in
2126 5504 2385 5558 intimum
2409 5502 2718 5558 inferorum
2738 5502 3086 5570 barathrum,
3105 5508 3162 5557 et
3175 5502 3410 5556 fundum
3427 5499 3676 5571 praecipi-

406 5595 514 5648 tati
541 5594 783 5659 fuerant,
806 5598 865 5648 et
889 5609 1011 5664 quae
1030 5593 1198 5664 longo
1216 5598 1470 5664 tempore
1481 5597 1538 5646 et
1557 5591 1797 5663 plurimo
1821 5592 2011 5647 labore
2023 5592 2129 5647 sibi
2147 5598 2501 5665 pepererant,
2518 5592 2923 5664 amplectenda,
2945 5598 3004 5648 et
3023 5591 3295 5647 acerrimo
3315 5587 3500 5642 studio
3517 5604 3669 5643 com-

408 5682 662 5754 paranda
682 5681 1094 5737 exercitationis
1116 5681 1426 5749 benefacta,
1459 5697 1571 5736 uno
1591 5682 1863 5753 temporis
1881 5686 2166 5737 momento
2185 5682 2511 5753 arrogantia
2537 5687 2594 5737 et
2607 5698 2751 5737 vana
2770 5682 2839 5736 de
2864 5698 2925 5737 se
2949 5678 3311 5753 persuasione
3341 5676 3669 5733 amiserant.

410 5770 610 5826 Gratia
637 5774 829 5827 autem
854 5771 1033 5828 nostri
1054 5771 1382 5839 Servatoris,
1415 5775 1474 5825 et
1500 5775 1820 5826 sanctorum
1848 5772 2081 5827 Patrum
2110 5772 2480 5845 providentia,
2500 5776 2559 5828 et
2587 5772 2860 5828 viscerum
2887 5768 3266 5836 miseratione,
3290 5766 3468 5840 erepti
3488 5772 3620 5824 sunt
3638 5784 3673 5824 a

411 5860 798 5934 spiritualibus
810 5860 1017 5920 diaboli
1037 5861 1272 5936 laqueis,
1288 5864 1347 5921 et
1362 5866 1685 5920 sanctorum
1705 5860 1961 5935 precibus
1989 5867 2462 5936 recuperaverant
2470 5861 2717 5937 priorem
2728 5860 2902 5920 vitam
2917 5874 3087 5932 quam
3101 5856 3345 5929 agebant
3357 5872 3424 5915 ex
3441 5857 3668 5915 virtute.
