4024 6206
1813 371 3604 401 ———————I——-——-—-—————_—

745 445 1173 509 EXEMPLAR
1219 447 1626 510 EPISTOLE
1678 447 2027 508 SCRIPTJE
2081 449 2187 509 AD
2253 449 2584 513 LAUSUM
2638 452 3166 518 PRJEPOSITUM
3197 502 3214 530 ,

1318 600 1396 646 ΔΒ
1443 598 1786 644 HERACLIDE
1830 596 2106 644 EPI‘SCOPO
2152 589 2178 616 ⁸
2221 598 2636 646 ῦΔΡΡΔῡΟΟῙΕ.

419 717 611 772 Laudo
639 732 982 789 magnopere
1004 721 1165 773 tuum
1196 718 1539 773 institutum.
1583 718 1694 772 Par
1735 722 1822 772 est
1867 717 2017 772 enim
2064 720 2130 770 ut
2169 715 2404 787 incipiat
2448 717 2686 787 epistola
2713 733 2749 772 a
2771 718 3096 774 laudatione
3123 722 3307 792 :quod
3336 739 3466 778 cum
3497 741 3628 780 om-

346 822 446 861 nes
474 805 630 860 vanis
659 805 826 861 rebus
854 806 1095 873 inhient,
1127 813 1185 862 et
1210 807 1424 879 lapides
1448 807 1741 873 aediﬁcent,
1773 823 1838 861 ex
1867 795 2069 878 quibus
2095 805 2310 860 nullam
2331 805 2551 878 capient
2567 807 2892 873 utilitatem,
2926 807 3098 863 libros
3127 810 3384 874 adiﬁces,
3401 818 3457 868 et
3477 815 3623 869 velis

347 894 552 949 doceri.
587 895 749 950 Solus
773 895 924 951 enim
954 896 1344 952 universorum
1373 898 1522 952 Deus
1548 897 1644 968 qui
1665 895 1863 968 nequit
1889 895 2096 962 doceri,
2122 894 2578 967 quandoquidem
2609 901 2664 950 et
2689 896 2810 968 ipse
2837 913 2939 968 per
2966 914 3026 952 se
3047 903 3153 964 est,
3182 904 3240 954 et
3265 907 3397 956 ante
3416 919 3478 957 se
3508 919 3629 958 non

345 983 518 1039 habet
542 984 736 1040 alium.
767 985 895 1040 Alia
918 991 1108 1042 autem
1139 987 1328 1042 omnia
1359 986 1544 1041 doceri
1574 991 1825 1058 possunt,
1857 984 2122 1056 quoniam
2162 989 2296 1038 sunt
2325 990 2383 1038 et
2429 983 2573 1039 facta
2609 990 2668 1039 et
2709 990 2917 1040 creata.
2949 987 3136 1058 Atque
3181 989 3350 1060 primi
3390 991 3631 1061 quidem

347 1073 572 1128 ordines
599 1074 929 1146 magistram
950 1074 1160 1130 habent
1178 1091 1460 1130 summam
1487 1075 1841 1139 Trinitatem,
1861 1073 2090 1128 secundi
2111 1079 2301 1128 autem
2327 1073 2555 1128 discunt
2573 1090 2608 1128 a
2629 1075 2844 1145 primis,
2863 1075 3020 1130 tertii
3049 1082 3242 1131 autem
3265 1094 3298 1132 a
3325 1080 3622 1146 secundis;

346 1167 402 1216 et
423 1161 503 1216 sic
530 1161 810 1235 deinceps,
834 1169 892 1218 et
917 1181 1018 1235 per
1048 1164 1322 1230 ordinem,
1355 1179 1534 1236 usque
1565 1164 1635 1219 ad
1665 1170 1961 1218 extremos.
1995 1161 2103 1226 Qui
2127 1161 2276 1216 enim
2306 1166 2440 1216 sunt
2467 1163 2884 1234 prastantiores
2913 1163 3124 1220 honore
3164 1171 3221 1220 et
3256 1166 3485 1234 virtute,
3519 1169 3628 1223 do-

347 1257 477 1306 cent
497 1268 593 1306 eos
619 1251 714 1323 qui
747 1257 880 1308 sunt
922 1253 1214 1310 inferiores
1245 1253 1581 1324 cognitione.
1619 1253 1728 1318 Qui
1760 1269 1896 1322 ergo
1927 1251 2251 1306 existimant
2279 1268 2339 1306 se
2363 1268 2475 1306 non
2505 1269 2668 1323 egere
2698 1253 3004 1324 magistris,
3037 1259 3138 1310 aut
3167 1271 3280 1309 non
3323 1263 3526 1327 parent
3555 1257 3630 1312 iis

348 1340 444 1411 qui
472 1341 674 1395 docent
691 1341 752 1396 in
780 1342 1074 1408 charitate,
1097 1341 1359 1397 laborant
1385 1342 1580 1397 morbo
1609 1340 1998 1412 ignorationis,
2029 1357 2152 1411 qua
2181 1344 2268 1394 est
2291 1345 2475 1394 mater
2501 1341 2858 1412 arrogantiae.
2907 1342 3063 1398 Inter
3091 1359 3232 1413 quos
3259 1344 3472 1414 primas
3497 1361 3632 1416 par-

344 1433 430 1484 tes
461 1434 657 1484 tenent
685 1430 755 1484 ad
778 1429 1090 1497 interitum,
1124 1431 1219 1502 qui
1242 1432 1442 1486 eodem
1471 1432 1607 1485 vitio
1640 1431 1966 1485 exciderunt
1993 1446 2028 1482 a
2065 1429 2275 1482 caelesti
2306 1428 2653 1484 habitatione
2683 1431 2742 1484 in
2784 1446 2918 1485 aere
2943 1432 3196 1486 volantes
3224 1431 3528 1499 damones,
3559 1440 3632 1488 ut

346 1517 442 1588 qui
469 1517 792 1589 aufugerint
819 1518 888 1573 ab
928 1520 1000 1574 iis
1040 1519 1137 1592 qui
1177 1526 1339 1575 erant
1366 1521 1426 1575 in
1447 1521 1585 1575 coelo
1614 1519 1915 1590 magistris.
1951 1519 2080 1574 Non
2108 1517 2258 1572 enim
2291 1517 2562 1574 dictiones
2591 1525 2692 1574 aut
2726 1519 2953 1591 syllaba
2995 1524 3128 1575 sunt
3156 1521 3442 1586 doctrina,
3476 1539 3624 1594 quas

343 1623 750 1678 nonnunquam
779 1609 989 1664 habent
1027 1610 1196 1664 etiam
1226 1610 1323 1681 qui
1362 1614 1494 1664 sunt
1524 1609 1788 1682 pessimi;
1821 1608 1919 1663 sed
1949 1624 2134 1662 mores
2179 1612 2329 1662 recte
2357 1608 2671 1679 compositi,
2709 1618 2767 1662 et
2793 1609 3062 1664 molestia
3092 1614 3151 1664 et
3174 1611 3407 1665 terroris
3435 1617 3628 1666 metus

345 1701 403 1750 et
430 1696 527 1750 ira
563 1696 833 1763 vacuitas,
858 1703 916 1752 et
941 1698 1000 1752 in
1030 1698 1197 1754 rebus
1223 1698 1484 1752 omnibus
1505 1699 1710 1752 ﬁducia
1737 1715 1802 1752 ac
1821 1696 2042 1752 dicendi
2063 1695 2312 1764 libertas,
2345 1702 2402 1751 et
2427 1714 2552 1768 qua
2581 1714 2868 1752 sermones
2896 1715 3008 1753 non
3036 1715 3196 1753 secus
3237 1699 3422 1770 gignit
3447 1717 3626 1772 quam

347 1785 496 1854 ignis
517 1787 824 1851 ﬂammam,
849 1788 1242 1842 mansuetudo.
1276 1787 1420 1842 Nam
1443 1787 1490 1841 si
1509 1787 1591 1840 ita
1610 1803 1721 1841 non
1746 1791 1912 1851 esset,
1945 1803 2060 1842 non
2081 1786 2295 1840 diceret
2323 1803 2560 1857 magnus
2591 1787 2861 1858 magister
2893 1787 3010 1842 suis
3037 1787 3328 1858 discipulis
3363 1807 3376 1842 :
3411 1789 3627 1844 Discite

343 1890 379 1928 a
407 1891 514 1940 me,
549 1874 814 1946 quoniam
837 1876 990 1930 mitis
1021 1893 1148 1931 sum
1179 1881 1238 1930 et
1268 1875 1494 1930 humilis
1518 1875 1684 1930 corde
1707 1874 1927 1945 (Matth.
1951 1875 2054 1934 χι).
2073 1875 2199 1929 Non
2231 1873 2528 1930 verborum
2557 1879 2760 1930 ornatu
2788 1875 3092 1930 instituens
3121 1881 3178 1930 et
3205 1876 3454 1948 dirigens
3482 1893 3627 1949 apo-

343 1963 532 2028 stolos,
557 1963 657 2018 sed
677 1979 895 2018 morum
921 1964 1169 2019 bonitate
1200 1964 1487 2018 neminem
1515 1963 1772 2018 molestia
1805 1963 2072 2028 afﬁciens,
2097 1969 2302 2034 praeter
2331 1979 2426 2018 eos
2465 1963 2560 2034 qui
2593 1963 2821 2018 verbum
2861 1963 3072 2019 habent
3100 1965 3248 2031 odio,
3278 1970 3337 2019 et
3381 1965 3631 2020 oderunt

341 2050 664 2124 magistros.
698 2051 933 2123 Oportet
953 2053 1103 2106 enim
1128 2051 1396 2118 animam,
1423 2069 1546 2123 qua
1571 2052 1794 2107 Christo
1821 2051 2216 2106 convenienter
2249 2056 2438 2118 τω
2463 2057 2774 2118 exercetur,
2801 2053 2886 2106 vel
2907 2052 3150 2108 ﬁdeliter
3175 2054 3390 2108 discere
3414 2070 3626 2125 eaqua

339 2155 454 2194 non
475 2139 647 2206 novit,
677 2140 762 2194 vel
788 2146 981 2212 aperte
1003 2141 1202 2195 docere
1231 2157 1298 2195 ea
1345 2158 1467 2212 qua
1505 2141 1628 2195 scit.
1662 2141 1724 2196 Si
1750 2140 1900 2194 enim
1945 2141 2282 2196 alterutrum
2322 2139 2525 2194 horum
2561 2140 2721 2206 nolit,
2750 2139 2971 2195 laborat
3004 2140 3244 2196 insania.
3283 2141 3630 2198 Defectionis

340 2228 492 2284 enim
532 2229 872 2301 principium
898 2235 986 2284 est
1013 2229 1279 2285 doctrinae
1305 2230 1556 2296 satietas,
1581 2235 1639 2285 et
1667 2230 1819 2284 verbi
1849 2229 2157 2296 fastidium,
2186 2228 2336 2300 quod
2355 2245 2578 2300 semper
2597 2229 2775 2284 esurit
2802 2229 2993 2284 anima
3012 2232 3136 2302 ejus
3157 2231 3254 2302 qui
3283 2231 3466 2286 Deum
3487 2230 3620 2285 dili-

337 2316 442 2388 git.
475 2317 612 2372 Vale
637 2335 788 2390 ergo,
825 2323 881 2372 et
907 2319 982 2373 sis
1003 2335 1174 2374 sanus
1201 2325 1258 2374 et
1288 2319 1468 2385 fortis,
1495 2324 1554 2373 et
1581 2319 1752 2390 (quod
1773 2335 2043 2390 magnum
2070 2320 2172 2388 est)
2209 2317 2312 2372 tibi
2341 2318 2492 2373 Deus
2519 2318 2789 2373 concedat
2807 2318 3187 2390 cognitionem
3219 2319 3452 2375 Christi.

749 2508 1177 2570 EXEMPLAR
1233 2508 1637 2569 EPISTOL/E
1693 2507 2045 2568 SCRIPTE
2102 2507 2208 2566 AD
2264 2506 2590 2568 LAUSUM
2649 2503 3206 2581 PREPOSITUM,

1393 2653 1432 2693 Α
1479 2648 1773 2693 PALLADIO
1829 2647 2110 2695 EPISCOPO
2168 2646 2573 2692 CAPPADOCIE.

415 2754 557 2809 Cum
586 2750 750 2808 multi
771 2753 950 2808 multa
980 2757 1038 2807 et
1062 2753 1218 2808 varia
1241 2753 1472 2808 diversis
1492 2753 1844 2825 temporibus
1872 2753 2082 2825 scripta
2104 2752 2234 2808 huic
2261 2753 2463 2808 saeculo
2493 2752 2842 2825 reliquerint,
2863 2770 3106 2826 quorum
3123 2755 3236 2810 alia
3262 2754 3512 2827 quidem,
3540 2773 3609 2812 ex

344 2841 446 2896 Dei
475 2859 732 2914 superna
757 2842 954 2914 gratia
980 2842 1367 2914 inspiratione,
1384 2847 1519 2898 sunt
1541 2843 1612 2897 ad
1631 2842 2057 2898 aediﬁcationem
2078 2847 2136 2898 et
2155 2842 2516 2898 securitatem
2543 2858 2739 2897 eorum
2768 2843 2864 2915 qui
2883 2842 3036 2898 ﬁdeli
3054 2845 3344 2916 proposito
3363 2861 3620 2916 sequun-

345 2938 440 2988 tur
465 2931 732 3003 dogmata
761 2931 1100 2998 Servatoris;
1135 2932 1248 2987 alia
1269 2937 1478 2999 autem,
1514 2948 1582 2986 ex
1608 2935 1871 3002 corrupto
1901 2937 1959 2986 et
1985 2933 2134 3002 quod
2164 2930 2486 2986 hominibus
2514 2932 2734 3003 placere
2774 2933 2930 3004 cupit
2975 2927 3618 3004 propositofluxuriant

345 3022 416 3076 ad
445 3037 638 3076 eorum
666 3022 1106 3077 consolationem
1127 3021 1224 3093 qui
1253 3021 1437 3076 inanis
1465 3021 1659 3092 gloria
1679 3020 1874 3075 morbo
1901 3020 2160 3076 laborant
2183 3040 2194 3089 ;
2243 3021 2356 3076 alia
2384 3025 2594 3086 autem,
2629 3037 2695 3075 ex
2724 3021 3048 3093 importuna
3077 3022 3323 3093 quadam
3361 3022 3609 3091 insania,

345 3115 403 3166 et
427 3110 714 3178 damonis,
749 3111 845 3182 qui
875 3129 997 3183 quae
1016 3118 1150 3166 sunt
1175 3111 1412 3166 honesta
1432 3110 1602 3165 habet
1618 3110 1766 3176 odio,
1792 3109 2150 3181 impulsione,
2190 3109 2263 3165 ad
2293 3110 2500 3165 levium
2539 3109 2834 3165 hominum
2870 3110 3196 3182 perniciem,
3227 3116 3284 3165 et
3317 3110 3627 3167 intemera-

342 3206 414 3256 ta
444 3201 730 3256 catholica
759 3200 1016 3255 Ecclesia
1043 3199 1247 3267 labem,
1280 3200 1366 3254 ira
1391 3204 1450 3254 et
1476 3199 1803 3270 arrogantia
1841 3199 2172 3270 irruperunt
2215 3199 2276 3254 in
2315 3204 2535 3254 mentes
2564 3199 2885 3265 stultorum,
2917 3203 2981 3254 ut
3019 3198 3192 3254 vitam
3223 3199 3522 3254 honestam
3563 3207 3624 3256 et

341 3306 542 3362 puram
570 3289 972 3358 obscurarent;
999 3289 1183 3344 visum
1213 3294 1300 3344 est
1326 3289 1464 3343 mihi
1485 3305 1708 3360 quoque
1723 3287 1924 3342 humili
1949 3295 2182 3360 propter
2209 3305 2369 3360 spem
2393 3289 2452 3342 in
2481 3287 2789 3355 Christum,
2825 3293 2883 3342 et
2901 3288 3335 3358 magniﬁcentia
3361 3294 3475 3344 tua
3490 3290 3622 3360 jus-

341 3397 467 3436 sum
487 3380 784 3446 reverenti,
817 3381 902 3434 vir
931 3379 1358 3446 studiosissime,
1401 3379 1648 3450 primum
1677 3377 1930 3432 omnium
1949 3393 2180 3432 narrare
2202 3394 2270 3432 ea
2297 3376 2490 3432 omnia
2509 3393 2631 3448 qua
2661 3375 2731 3430 ad
2762 3392 2850 3431 me
2871 3375 3173 3448 pertinent,
3215 3381 3273 3430 et
3294 3381 3522 3432 atatem
3550 3383 3613 3432 et

340 3470 548 3525 mentis
571 3486 710 3524 mea
729 3469 802 3524 ad
830 3467 1096 3524 virtutem
1124 3468 1184 3523 in
1223 3469 1406 3523 Deum
1435 3467 1764 3540 profectum,
1789 3466 2104 3538 incipiendo
2125 3485 2159 3522 a
2181 3465 2418 3538 juvenili
2434 3470 2618 3520 atate.

411 3560 554 3616 Cum
581 3559 933 3631 trigesimum
961 3557 1189 3630 quidem
1219 3562 1276 3612 et
1302 3556 1534 3612 tertium
1562 3573 1776 3612 annum
1815 3571 2044 3626 agerem
2083 3553 2142 3607 in
2169 3550 2589 3607 conversatione
2629 3565 2758 3604 cum
2786 3549 3055 3604 fratribus
3098 3555 3154 3605 et
3183 3550 3298 3604 vita
3336 3550 3614 3617 solitaria,

337 3649 671 3720 vigesimum
699 3653 889 3704 autem
921 3647 1293 3720 episcopatus,
1316 3647 1492 3701 totius
1517 3652 1709 3701 autem
1739 3645 1865 3699 vita
1883 3661 2022 3700 mea
2042 3639 2572 3714 quinquagesimum
2600 3638 2854 3705 tertium,
2877 3639 3260 3693 necessarium
3281 3638 3618 3705 existimavi,

339 3737 608 3810 spiritalis
631 3737 892 3792 utilitatis
919 3737 1125 3808 gratia,
1159 3735 1262 3789 tibi
1289 3735 1539 3806 cupienti
1568 3735 1630 3788 in
1649 3734 1874 3805 scriptis
1892 3748 2126 3788 narrare
2151 3747 2274 3802 qua
2293 3747 2327 3784 a
2356 3727 2564 3784 sanctis
2590 3726 2850 3782 Patribus
2865 3733 3015 3782 recte
3044 3734 3098 3782 et
3121 3744 3186 3782 ex
3214 3727 3419 3782 virtute
3449 3734 3622 3799 gesta

337 3831 487 3893 sunt,
517 3831 636 3880 tam
667 3825 931 3880 masculis
961 3841 1131 3896 quam
1160 3823 1402 3890 feminis,
1439 3839 1578 3894 quos
1597 3827 1655 3876 et
1683 3822 1802 3894 ipse
1830 3822 1964 3887 vidi,
1997 3826 2056 3874 et
2083 3819 2154 3874 de
2175 3817 2377 3890 quibus
2402 3816 2592 3872 audivi
2621 3816 2691 3871 ab
2717 3817 2922 3872 animis
2943 3816 3303 3882 ﬁdelissimis,
3327 3833 3454 3872 cum
3479 3817 3612 3888 qui-

338 3913 443 3968 bus
471 3920 724 3968 versatus
753 3930 878 3968 sum
908 3913 966 3968 in
985 3912 1217 3984 Egypti
1247 3912 1573 3977 solitudine,
1606 3916 1661 3965 et
1691 3911 1749 3964 in
1780 3910 1977 3982 Libya,
2011 3915 2066 3964 et
2093 3907 2394 3973 Thebaide,
2429 3912 2486 3962 et
2511 3907 2710 3978 Syene,
2740 3905 2846 3960 sub
2885 3922 2997 3977 qua
3033 3909 3167 3960 sunt
3193 3905 3365 3960 etiam
3393 3905 3492 3976 qui
3521 3905 3614 3960 di-

337 4007 541 4058 cuntur
567 4002 988 4058 Tabennesiota
1011 4021 1028 4074 ;
1059 4001 1261 4056 deinde
1283 4001 1344 4056 in
1373 4000 1794 4072 MeSOpotamia,
1830 3999 2150 4064 Palastina,
2183 4003 2241 4052 et
2265 3995 2445 4068 Syria,
2469 4000 2526 4050 et
2553 3995 2610 4048 in
2641 3993 2892 4066 partibus
2929 3993 3264 4061 Occidentis,
3305 3998 3364 4049 et
3391 3994 3609 4061 Roma,

343 4097 402 4148 et
427 4093 486 4148 in
511 4092 837 4165 Campania,
873 4097 930 4147 et
950 4091 1011 4146 in
1038 4091 1109 4146 iis
1137 4107 1261 4163 qua
1289 4096 1424 4146 sunt
1449 4090 1596 4145 circa
1615 4106 1710 4145 eas
1742 4089 2031 4161 partibus;
2063 4092 2128 4142 ut
2153 4087 2257 4142 tibi
2296 4085 2367 4140 ab
2393 4083 2554 4140 initio
2583 4084 3030 4139 accurratissime
3056 4083 3116 4138 in
3145 4084 3249 4138 hoc
3275 4082 3417 4138 libro
3446 4099 3627 4156 expo-

341 4199 473 4237 nam
498 4182 678 4238 instar
702 4181 1072 4247 narrationis;
1103 4187 1168 4236 ut
1189 4197 1317 4236 cum
1345 4179 1556 4234 habeas
1585 4181 1889 4234 honestum
1927 4183 1986 4232 et
2009 4177 2210 4231 anima
2252 4175 2390 4228 utile
2417 4177 2864 4238 monumentum,
2889 4178 3226 4244 perpetuum
3249 4177 3306 4226 et
3317 4187 3428 4226 non
3447 4171 3626 4226 inter-

342 4272 682 4327 mittendum
708 4270 936 4344 pietatis
961 4275 1019 4326 et
1041 4269 1329 4341 religionis
1349 4269 1840 4335 medicamentum,
1857 4283 2083 4322 omnem
2111 4263 2336 4336 quidem
2353 4261 2643 4317 oblivionis
2671 4261 3146 4327 dormitationem,
3179 4277 3302 4332 qua
3325 4277 3390 4315 ex
3409 4260 3628 4332 cupidi-

337 4367 457 4417 tate
486 4360 721 4417 rationis
749 4365 975 4432 experte
999 4360 1058 4414 in
1087 4359 1278 4414 anima
1304 4359 1688 4430 ingeneratur,
1721 4374 1946 4412 omnem
1979 4360 2171 4410 autem
2199 4353 2259 4408 in
2278 4353 2388 4406 ﬁde
2419 4351 2848 4417 dubitationem,
2871 4367 3181 4422 omnesque
3209 4351 3269 4405 in
3295 4365 3485 4404 rerum
3513 4365 3624 4404 usu

340 4452 534 4507 sordes
561 4456 619 4506 et
638 4450 990 4522 parcitatem,
1025 4465 1361 4520 omnemque
1389 4447 1796 4502 dubitationem
1821 4445 2122 4518 pusillique
2141 4447 2198 4497 et
2225 4441 2429 4512 abjecti
2449 4440 2624 4494 animi
2651 4439 2869 4506 vitium,
2904 4444 2962 4494 et
2989 4440 3224 4494 nimiam
3243 4439 3314 4492 ad
3333 4439 3475 4492 iram
3497 4455 3628 4510 pm-

337 4540 684 4613 pensionem,
709 4537 1321 4610 perturbationemque,
1362 4541 1420 4590 et
1444 4536 1836 4608 agritudinem
1861 4533 2097 4588 rationis
2124 4536 2427 4603 expertem,
2461 4536 2518 4584 et
2543 4529 3000 4601 intempestivum
3027 4529 3293 4583 timorem
3322 4543 3423 4599 per
3448 4527 3506 4582 id
3533 4543 3626 4581 ex-

338 4631 546 4702 pellas;
578 4635 636 4686 et
662 4645 734 4684 ne
763 4645 798 4682 a
823 4617 1072 4700 corrupti
1101 4627 1300 4682 mundi
1327 4642 1471 4680 vana
1500 4642 1597 4697 spe
1626 4623 1888 4696 pendeas,
1923 4621 2156 4693 eﬁ‘ugias
2179 4639 2190 4674 :
2215 4624 2487 4692 perpetuo
2500 4622 2691 4672 autem
2710 4617 2988 4672 desiderio
3009 4617 3069 4671 in
3092 4633 3191 4688 spe
3211 4616 3281 4671 ad
3297 4616 3475 4671 Deum
3498 4631 3627 4686 pro-

341 4719 516 4788 ﬁcias,
545 4725 602 4776 et
625 4719 684 4774 in
715 4717 1004 4791 proposito
1031 4716 1258 4788 pietatis
1281 4735 1294 4784 ;
1325 4715 1401 4770 sis
1431 4722 1488 4769 et
1516 4714 1576 4768 in
1601 4714 1693 4768 via
1718 4713 1832 4768 dux
1861 4717 2013 4780 tuus,
2045 4715 2102 4766 et
2128 4725 2322 4765 eorum
2349 4708 2445 4780 qui
2476 4713 2662 4762 tecum
2691 4712 2842 4774 sunt,
2875 4711 2933 4762 et
2961 4723 3157 4761 eorum
3186 4705 3282 4777 qui
3311 4703 3417 4760 tibi
3444 4703 3628 4774 subji-

340 4809 583 4877 ciuntur,
621 4814 680 4864 et
706 4807 948 4862 maxime
975 4806 1197 4878 piorum
1218 4805 1642 4876 imperatorum.
1667 4804 1775 4858 Per
1801 4819 1924 4874 qua
1968 4801 2196 4872 quidem
2227 4797 2366 4853 bene
2394 4796 2540 4851 facta
2559 4811 2754 4850 omnes
2775 4795 2873 4868 qui
2901 4795 3186 4850 Christum
3217 4793 3479 4864 diligunt,
3503 4793 3624 4848 Deo

341 4898 492 4952 uniri
518 4883 838 4970 properant,
865 4899 1249 4968 exspectantes
1277 4893 1490 4949 scilicet
1517 4891 1769 4964 quotidie
1788 4891 2191 4946 resolutionem
2220 4887 2422 4943 anima
2450 4904 2486 4941 a
2512 4902 2763 4958 corpore,
2796 4890 2965 4957 prout
2991 4885 3261 4956 scriptum
3289 4888 3378 4938 est
3408 4900 3421 4936 :
3456 4883 3629 4938 Coar-

339 4989 479 5054 ctor,
509 4987 737 5058 cupiens
757 4985 986 5042 dissolvi
1009 4993 1066 5040 et
1085 5001 1209 5040 esse
1237 5001 1365 5039 cum
1396 4981 1653 5049 Christo;
1687 4986 1773 5036 est
1819 4980 1970 5036 enim
2007 4979 2184 5034 multo
2226 4977 2427 5032 melius
2471 4977 2694 5044 (Philip.
2719 4976 2779 5045 ι).
2805 4975 2875 5030 Et
2901 4973 3042 5030 illud
3087 4993 3098 5029 :
3128 4974 3276 5028 Pars.
3307 4973 3366 5026 in
3411 4971 3630 5026 exitum

340 5091 514 5148 Opera
537 5080 662 5143 tua,
683 5079 742 5130 et
767 5090 1022 5148 prapara
1047 5079 1106 5130 te
1137 5075 1197 5128 in
1225 5089 1426 5144 agrum
1458 5074 1637 5140 (Prov.
1670 5074 1848 5140 ΠΝ).
1880 5069 1988 5134 Qui
2008 5068 2160 5122 enim
2184 5082 2407 5138 semper
2430 5065 2628 5120 mortis
2655 5065 2935 5129 meminit,
2959 5081 3082 5136 qua
3101 5061 3419 5118 necessario
3439 5060 3628 5116 omni-

337 5179 414 5220 no
440 5163 642 5230 veniet,
667 5169 725 5218 et
744 5179 857 5219 non
877 5162 1145 5230 tardabit,
1177 5162 1236 5217 in
1265 5161 1486 5233 magnis
1513 5176 1627 5214 non
1656 5159 1918 5226 oﬁ‘endet,
1935 5158 2083 5212 sicut
2100 5157 2374 5228 scriptum
2403 5161 2488 5210 est
2510 5173 2521 5208 :
2542 5154 2608 5210 In
2637 5153 2898 5210 omnibus
2918 5152 3178 5224 operibus
3197 5151 3312 5206 tuis
3343 5155 3632 5204 memento

338 5253 660 5319 novissima,
694 5257 749 5306 et
776 5251 836 5306 in
865 5259 1138 5307 aeternum
1165 5268 1279 5306 non
1308 5248 1564 5324 peccabis
1589 5249 1803 5320 (Ecclcs.
1837 5247 1956 5318 vn).
1988 5247 2183 5318 Neque
2199 5261 2331 5300 vero
2358 5249 2562 5316 prater
2583 5243 2695 5297 alia
2709 5243 2900 5298 omnia
2925 5242 3042 5296 haec
3057 5247 3113 5296 te
3134 5240 3292 5296 fallat
3318 5239 3504 5294 brevis
3525 5238 3632 5293 ad-

339 5343 574 5400 monitio
600 5341 1022 5406 narrationum;
1055 5358 1238 5413 neque
1258 5357 1493 5412 respuas
1523 5338 1721 5393 rudem
1743 5343 1800 5392 et
1828 5337 2146 5391 inornatam
2177 5337 2358 5400 σου
2391 5332 2716 5387 dictionem.
2749 5332 2877 5386 Non
2903 5334 2989 5384 est
3017 5329 3169 5384 enim
3195 5329 3397 5384 divina
3423 5327 3634 5382 doctnl

338 5452 443 5503 na,
477 5435 678 5489 ornata
701 5435 758 5486 et
783 5429 856 5485 ad
884 5428 1286 5485 ostendendam
1314 5428 1646 5500 sapientiam
1662 5426 1971 5498 composita
1997 5425 2082 5480 uti
2111 5423 2348 5490 ratione,
2365 5422 2464 5477 sed
2495 5421 2671 5476 menti
2696 5420 3034 5493 persuadere
3059 5435 3164 5491 per
3189 5415 3631 5487 intelligentiam

338 5523 613 5589 veritatis,
647 5525 712 5578 ut
735 5520 1008 5592 scxiptum
1035 5523 1124 5574 est
1151 5537 1163 5573 :
1196 5519 1367 5590 Aperi
1401 5534 1462 5573 os
1482 5522 1645 5572 tuum
1681 5515 1849 5571 verbo
1870 5515 1990 5581 Dei,
2026 5519 2084 5568 et
2106 5512 2299 5584 judica
2327 5510 2517 5566 omnia
2542 5526 2678 5566 sane
2719 5512 2908 5583 (Prov.
2941 5511 3109 5580 xxxx).
3165 5507 3234 5562 Et
3261 5521 3459 5561 rursus
3499 5523 3512 5557 :
3541 5503 3632 5560 Ne

337 5611 582 5670 declines
609 5628 644 5666 a
671 5607 996 5668 narratione
1017 5623 1216 5664 senum
1243 5625 1256 5676 ;
1288 5606 1396 5678 ipsi
1432 5605 1584 5662 enim
1612 5605 1930 5661 didicerunt
1959 5620 1994 5658 a
2021 5601 2277 5676 patribus
2307 5616 2502 5658 eorum
2533 5601 2754 5668 (Ecclcs.
2788 5600 2933 5670 vni).

403 5748 428 5781 ι
457 5737 781 5814 Graecast,
813 5734 948 5811 παρὰ
977 5734 1274 5795 Παλλαδίου
1313 5729 1598 5802 ἐπισκόπου,
1627 5749 1662 5790 a.
1686 5730 1938 5793 Palladio

687 5742 781 5810 est,
813 5734 948 5811 παρὰ
977 5734 1274 5795 Παλλαδίου
1313 5729 1598 5802 ἐπισκόπου,
1627 5749 1662 5790 a.
1686 5730 1938 5793 Palladio
1999 5729 2276 5806 episcopo.
