4024 6206
365 312 508 371 1089
1606 309 1913 365 PALLADI
1921 311 1943 364 Ι
1982 309 2408 365 PROOEMIUM.
3498 308 3638 368 l090

435 438 550 509 Ego
569 438 778 509 itaque,
812 436 900 490 vir
926 433 1260 506 cognitionis
1282 434 1383 489 Dei
1404 434 1833 500 studiosissime,
1859 433 2050 505 aliqua
2077 451 2146 487 ex
2172 437 2333 505 parte
2363 447 2603 503 sequens
2625 431 2730 486 hoc
2761 432 2994 499 dictum,
3021 433 3228 487 multos
3257 433 3488 488 conveni
3518 450 3643 488 san-

362 532 500 582 ctos.
522 528 719 598 Neque
750 542 881 580 vero
899 542 968 579 ea
994 524 1258 594 cogitatio
1287 523 1426 577 mihi
1449 524 1601 577 aliud
1632 522 1821 593 agenti
1844 522 1902 577 in
1926 528 2171 577 mentem
2200 522 2371 587 venit,
2398 522 2495 576 sed
2525 537 2654 575 cum
2681 521 2916 592 triginta
2946 527 3113 592 atque
3139 523 3277 576 adeo
3297 521 3384 577 bis
3408 523 3643 578 totidem

362 615 585 670 dierum
613 615 761 669 viam
786 613 1171 678 confecissem,
1205 618 1263 667 et
1292 612 1393 667 Dei
1420 612 1606 683 gratia
1630 611 1877 683 pedestri
1904 611 2126 679 itinere,
2152 628 2377 667 omnem
2409 612 2792 665 Romanorum
2822 611 3110 682 regionem
3130 612 3518 682 pervasissem,
3542 613 3643 667 viae

364 704 681 759 molestiam
700 703 860 758 nihili
888 703 990 757 feci
1018 703 1066 757 si
1092 703 1389 759 convenire
1410 718 1630 773 possem
1659 701 1842 755 virum
1863 701 2020 772 pium
2040 716 2105 755 ac
2132 701 2234 755 Dei
2254 700 2518 766 amicum,
2544 705 2609 754 ut
2634 699 3016 754 lucrifacerem
3038 701 3185 772 quod
3212 717 3324 756 non
3344 700 3641 757 habebam.

364 794 427 849 Si
447 794 598 849 enim
621 793 717 864 qui
738 809 828 847 me
854 797 942 847 est
962 793 1126 863 longe
1154 793 1528 864 praestantior,
1552 797 1721 863 atque
1745 791 1884 845 adeo
1912 790 2056 844 forte
2077 790 2245 845 etiam
2268 790 2528 845 universo
2551 789 2778 854 mundo,
2804 789 3121 861 multosque
3143 791 3428 861 superavit
3447 796 3503 845 et
3517 791 3644 845 vitae

365 888 598 958 agendae
624 886 862 951 ratione,
896 890 955 940 et
983 884 1321 955 cognitione,
1349 890 1407 939 et
1444 885 1683 956 spiritali
1717 881 2108 954 intelligentia,
2141 884 2195 935 et
2236 879 2346 933 ﬁde
2381 878 2440 932 in
2484 878 2789 945 Christum,
2834 877 3033 933 beatus
3079 880 3365 950 apostolus
3406 880 3634 948 Paulus,

364 978 538 1032 Tarso
566 976 627 1030 in
653 976 905 1031 Judaeam
935 975 1215 1046 profectus
1244 979 1348 1041 est,
1371 980 1437 1029 ut
1455 974 1778 1029 conveniret
1806 974 2038 1027 Petrum
2075 976 2132 1024 et
2160 970 2434 1024 Joannem
2462 972 2519 1023 et
2545 967 2845 1035 Jacobum;
2872 972 2925 1021 et
2958 967 3082 1022 ideo
3109 968 3278 1023 veluti
3310 969 3558 1040 glorians
3587 970 3645 1025 id

366 1070 581 1132 narrat,
612 1064 861 1119 referens
881 1081 1013 1119 suos
1040 1063 1280 1129 labores,
1301 1063 1373 1117 ad
1397 1080 1492 1118 eos
1510 1063 1827 1117 incitandos
1847 1061 1943 1133 qui
1971 1061 2031 1114 in
2055 1058 2311 1114 socordia
2335 1062 2393 1113 et
2418 1057 2531 1112 otio
2552 1058 2726 1112 vitam
2751 1057 3091 1127 transigunt,
3116 1057 3346 1113 dicendo
3372 1078 3384 1112 :
3409 1059 3648 1115 Ascendi

366 1154 682 1210 Jerusalem
699 1159 766 1207 ut
793 1152 1041 1207 viderem
1067 1153 1336 1224 Cepham,
1361 1168 1475 1207 non
1503 1158 1798 1207 contentus
1826 1150 1943 1205 sola
1968 1149 2117 1203 fama
2143 1148 2295 1202 illius
2312 1146 2556 1214 virtutis,
2575 1147 2671 1201 sed
2694 1147 3020 1200 desiderans
3046 1148 3167 1217 ejus
3194 1164 3413 1219 quoque
3440 1149 3649 1203 intueri

368 1243 565 1297 faciem
590 1242 738 1310 (Gal.
770 1243 854 1311 Il);
889 1246 1100 1312 quanto
1128 1241 1308 1312 magis
1338 1258 1441 1312 ego
1481 1244 1575 1312 qui
1615 1246 1757 1295 sum'
1784 1238 2281 1294 innumerabilium
2311 1238 2654 1292 talentorum
2686 1236 2925 1301 debitor,
2957 1235 3125 1291 debui
3157 1236 3261 1291 hoc
3299 1237 3499 1305 facere,
3534 1255 3648 1293 non

367 1332 495 1386 illos
520 1336 741 1386 sanctos
768 1330 1039 1385 beneﬁcio
1067 1330 1333 1396 alliciens,
1366 1330 1463 1383 sed
1500 1330 1639 1384 mihi
1674 1329 1954 1400 peccatori
1982 1328 2286 1384 utilitatem
2324 1326 2581 1380 alferens.
2620 1327 2766 1381 Nam
2796 1326 2836 1379 ii
2858 1342 3080 1397 quoque
3108 1326 3203 1397 qui
3226 1326 3460 1382 Patrum
3486 1328 3647 1383 Vitas

369 1420 841 1490 conscripserunt,
876 1418 1132 1485 Abrahae,
1166 1424 1224 1473 et
1252 1419 1427 1485 Isaac,
1455 1424 1513 1472 et
1541 1417 1731 1485 Jacob,
1760 1422 1818 1471 et
1844 1417 2072 1490 Moysis,
2101 1422 2158 1471 et
2183 1415 2432 1481 Joannis,
2469 1420 2525 1469 et
2556 1432 2751 1469 eorum
2780 1415 2877 1485 qui
2914 1415 3176 1487 deinceps
3204 1423 3653 1488 consequuntur,

371 1525 485 1563 non
517 1512 825 1563 narrarunt
850 1514 917 1562 ut
945 1524 1142 1563 eorum
1170 1508 1552 1562 illustraretur
1576 1508 1776 1578 gloria,
1802 1508 1899 1561 sed
1926 1512 1991 1561 ut
2017 1506 2348 1578 prodessent
2374 1504 2443 1558 iis
2471 1503 2567 1575 qui
2595 1521 2689 1558 eas
2716 1505 2991 1574 legerent.

440 1598 571 1653 Hac
599 1613 732 1667 ergo
760 1613 888 1651 cum
910 1597 1072 1664 scias,
1106 1597 1429 1651 ﬁdelissime
1459 1601 1517 1651 et
1544 1596 1804 1667 inprimis
1833 1596 2148 1650 venerande
2182 1593 2392 1649 Christi
2426 1610 2583 1649 serve
2620 1594 2821 1657 Lause,
2852 1594 3098 1666 teipsum
3140 1614 3286 1669 saepe
3324 1599 3655 1667 admonens,

369 1688 518 1742 feras
538 1688 819 1759 patienter
846 1692 1067 1741 nostras
1094 1686 1354 1757 ineptias,
1379 1691 1444 1740 ut
1463 1686 1617 1758 piam
1642 1691 1800 1740 tuam
1822 1691 2070 1740 mentem
2098 1683 2399 1751 custodias,
2421 1683 2511 1738 cui
2540 1688 2745 1738 natura
2773 1688 2859 1737 est
2884 1684 3116 1740 insitum
3135 1692 3199 1742 ut
3225 1688 3460 1742 diversis
3482 1689 3651 1757 vitiis,

372 1793 496 1850 quae
526 1777 630 1832 sub
660 1781 950 1850 aspectum
988 1776 1196 1831 cadunt
1225 1780 1283 1830 et
1312 1793 1434 1847 quae
1463 1792 1576 1830 non
1604 1775 1831 1843 cadunt,
1863 1779 2134 1846 tanquam
2174 1773 2340 1827 undis
2381 1772 2648 1843 agitetur,
2691 1778 2876 1845 potest
2904 1780 3095 1829 autem
3142 1776 3328 1833 sedari
3358 1778 3479 1832 sola
3524 1795 3654 1849 per-

373 1845 546 1938 petua
572 1845 826 1920 oratione
855 1845 914 1919 et
938 1864 1165 1937 propria
1196 1865 1282 1919 tui
1310 1845 1486 1936 ipsius
1517 1882 1671 1919 cura.
1705 1864 1871 1918 Multi
1911 1845 2060 1919 enim
2092 1863 2262 1919 etiam
2292 1880 2357 1917 ex
2384 1861 2651 1916 fratribus
2679 1863 2846 1934 paulo
2876 1863 3337 1934 religiosioribus,
3383 1867 3480 1938 qui
3506 1845 3564 1921 et
3588 1868 3658 1922 de

374 1954 785 2010 exercitationis
815 1960 871 2009 et
893 1955 1261 2026 eleemosynze
1281 1953 1565 2010 laboribus
1589 1954 1696 2009 sibi
1726 1953 2037 2025 placebant,
2069 1958 2127 2008 et
2150 1954 2218 2008 de
2239 1951 2499 2006 caelibatu
2520 1952 2874 2023 perfectaque
2902 1958 2959 2007 et
2982 1953 3239 2010 absoluta
3262 1955 3578 2027 virginitate
3600 1975 3660 2013 se

366 2044 680 2117 jactabant,
705 2049 761 2098 et
788 2044 845 2098 in
874 2044 1189 2099 divinorum
1208 2044 1560 2115 cloquiorum
1590 2044 1956 2098 meditatione
1987 2043 2240 2098 animum
2266 2041 2628 2095 vehementer
2655 2040 3043 2112 intendebant,
3074 2049 3132 2097 et
3159 2060 3351 2099 rerum
3378 2043 3655 2102 bonarum

375 2132 674 2205 disciplina
701 2133 829 2186 freti
854 2137 1033 2199 erant,
1065 2132 1400 2187 aberrarunt
1439 2133 1509 2187 ab
1544 2132 1961 2204 impatibilitate
1993 2131 2176 2201 (Caute
2204 2132 2354 2198 lego),
2388 2129 2701 2184 temerariae
2730 2145 2845 2185 suae
2883 2133 3177 2188 sententiae
3214 2134 3554 2202 servientes;
3597 2140 3663 2190 ut

376 2222 473 2294 qui
499 2222 737 2292 alicujus
766 2222 974 2276 scilicet
1002 2221 1229 2293 pietatis
1258 2226 1530 2293 praetextu
1564 2221 1774 2291 negotii
1818 2219 2051 2291 gerendi
2089 2218 2393 2291 cupiditate
2426 2217 2766 2285 laborarent,
2798 2235 2864 2273 ex
2903 2236 3014 2290 qua
3042 2221 3303 2276 oriuntur
3338 2228 3396 2277 et
3428 2225 3664 2294 gerendi

376 2310 589 2382 negotii
620 2310 806 2366 nimiae
829 2310 1252 2377 sollicitudines,
1286 2316 1343 2365 et
1365 2311 1437 2365 ad
1468 2312 1617 2365 mala
1643 2310 1869 2381 negotia
1901 2306 2074 2363 animi
2107 2306 2527 2378 applicationes,
2561 2323 2700 2377 quas
2725 2315 3146 2379 consequuntur
3173 2326 3319 2366 curae
3349 2311 3662 2367 alienorum

375 2399 736 2470 negotiorum
766 2416 888 2471 quae
916 2400 1283 2454 honestorum
1303 2401 1659 2471 negotiorum
1681 2415 1875 2454 curam
1898 2397 2144 2453 evellunt
2170 2396 2459 2463 radicitus,
2484 2412 2607 2466 qua;
2626 2400 2712 2451 est
2729 2401 2913 2451 mater
2930 2399 3169 2470 propriae
3188 2400 3276 2455 sui
3295 2401 3470 2472 ipsius
3492 2419 3659 2458 curae.

451 2490 582 2543 Esto
611 2505 763 2560 ergo,
795 2504 929 2559 rogo
957 2494 1034 2555 te,
1066 2490 1226 2544 fortis
1256 2489 1314 2543 in
1343 2491 1497 2544 omni
1525 2489 1918 2560 intelligentia,
1953 2503 2067 2543 non
2098 2486 2333 2558 pingues
2372 2490 2432 2539 et
2466 2484 2672 2540 nitidas
2698 2485 2945 2557 efﬁciens
2979 2487 3220 2555 divitias,
3249 2492 3398 2561 quod
3436 2491 3664 2563 quidem

385 2584 538 2633 certe
564 2577 763 2644 fecisti,
799 2594 895 2631 eas
923 2578 1058 2632 satis
1100 2577 1381 2643 minuens,
1411 2577 1786 2650 impertienda
1814 2578 1886 2631 iis
1914 2576 2013 2648 qui
2041 2575 2298 2646 indigent
2330 2591 2343 2629 :
2374 2590 2563 2645 eaeque
2591 2574 2663 2628 ad
2695 2576 3064 2630 exercendam
3091 2576 3355 2634 virtutem
3379 2578 3483 2634 tibi
3507 2580 3664 2636 fuere

389 2667 722 2733 ministerio,
746 2683 875 2721 cum
899 2683 1003 2721 nec
1035 2667 1251 2738 impetu
1280 2667 1489 2738 aliquo,
1523 2683 1626 2722 nec
1645 2667 1916 2739 ullafquae
1942 2664 2161 2719 ratione
2189 2669 2407 2719 careret
2434 2663 2851 2735 anticipatione,
2883 2681 3067 2736 neque
3104 2666 3218 2722 ullo
3247 2673 3517 2739 praetextu
3553 2687 3664 2742 quo

388 2757 640 2828 placeres
669 2754 1012 2822 hominibus,
1037 2756 1408 2826 jurejurando
1442 2755 1747 2826 obligasses
1776 2761 1932 2810 tuam
1959 2753 2193 2808 liberam
2223 2752 2462 2823 eligendi
2488 2753 2851 2819 voluntatem,
2889 2754 3036 2809 sicut
3062 2756 3255 2811 multis
3283 2757 3467 2812 evenit
3492 2759 3669 2815 homi-

386 2844 573 2911 nibus,
601 2843 696 2915 qui
726 2860 855 2897 cum
890 2858 1002 2898 non
1031 2843 1358 2898 comedendi
1389 2843 1473 2898 vel
1502 2842 1727 2899 bibendi
1755 2842 2112 2898 contentiosa;
2142 2859 2297 2897 vanae
2322 2842 2515 2913 gloria:
2545 2841 2751 2896 servire
2794 2842 3056 2898 fecissent
3080 2844 3319 2900 liberum
3345 2846 3663 2917 arbitrium,

383 2933 716 2988 necessitate
739 2931 1132 3003 jurisjurandi,
1159 2932 1211 2986 ei
1236 2948 1434 2988 rursus
1452 2931 1849 2988 miserabiliter
1877 2932 2308 2997 succubuerunt,
2348 2931 2431 2985 vel
2458 2931 2584 2986 vitm
2608 2947 2800 2987 amore
2824 2936 2882 2986 et
2906 2932 3152 3002 ignavia,
3176 2935 3263 2988 vel
3280 2934 3664 2994 imbecillitate

380 3022 648 3093 corporis,
681 3022 765 3076 vel
793 3021 1100 3092 cupiditate
1130 3021 1367 3091 alicujus
1410 3021 1711 3092 voluptatis
1742 3020 2051 3093 perjurium
2082 3020 2378 3093 patientes.
2417 3019 2475 3074 Si
2516 3036 2650 3090 ergo
2682 3025 2739 3074 et
2765 3020 2982 3074 ratione
3011 3021 3331 3093 participes,
3361 3029 3418 3078 et
3443 3026 3664 3081 ratione

334 3150 339 3154 .
380 3111 683 3177 abstineas,
716 3126 1003 3181 nunquam
1032 3108 1303 3180 peccabis.
1334 3109 1533 3164 Divina
1561 3116 1646 3165 est
1670 3111 1821 3165 enim
1841 3110 1901 3165 in
1930 3110 2091 3165 nobis
2118 3109 2281 3177 ratio,
2323 3125 2447 3179 quae
2479 3108 2549 3162 ab
2573 3109 2641 3163 iis
2673 3125 2795 3179 quae
2824 3115 2958 3164 sunt
2981 3108 3040 3163 in
3070 3110 3231 3165 nobis
3260 3112 3663 3171 monitionibus

380 3200 719 3256 exterminat
747 3199 974 3270 quidem
1000 3215 1067 3253 ea
1088 3216 1212 3271 quae
1236 3205 1373 3254 sunt
1402 3199 1591 3266 noxia,
1621 3201 1859 3255 assumit
1885 3204 2078 3254 autem
2107 3215 2175 3253 ea
2203 3215 2325 3270 quae
2354 3204 2486 3253 sunt
2505 3198 2685 3253 utilia.
2717 3199 2746 3253 J
2752 3203 2878 3252 usto
2900 3198 3071 3267 enim,
3097 3199 3300 3279 inquit,
3331 3201 3419 3255 lex
3442 3218 3554 3257 non
3578 3208 3664 3259 est

380 3289 569 3361 posita
591 3290 640 3358 (1
669 3290 809 3343 Tim.
832 3289 918 3357 1.).
948 3288 1152 3343 Melius
1181 3292 1269 3343 est
1294 3282 1431 3359 δι’εὸ
1457 3288 1649 3343 vinum
1667 3288 1858 3343 bibere
1888 3305 2015 3343 cum
2034 3288 2273 3355 ratione,
2307 3303 2479 3359 quam
2507 3303 2713 3359 aquam
2735 3304 2863 3342 cum
2893 3287 3041 3343 fastu
3081 3294 3138 3343 et
3160 3289 3441 3361 superbia.
3475 3293 3662 3364 Atque

380 3379 524 3433 mihi
568 3377 795 3449 quidem
838 3377 1043 3449 aspice,
1075 3394 1170 3433 eos
1200 3378 1297 3449 qui
1326 3395 1454 3432 cum
1494 3378 1713 3433 ratione
1753 3378 1979 3449 pietatis
2020 3393 2085 3431 ac
2134 3376 2423 3447 religionis
2462 3375 2653 3431 vinum
2690 3374 2895 3431 bibunt
2930 3394 3053 3432 esse
3091 3377 3239 3432 viros
3277 3385 3528 3449 sanctos;
3569 3397 3662 3436 eos

382 3472 579 3523 autem
614 3472 797 3532 eos
819 3466 915 3537 qui
947 3466 1357 3521 inconsiderate
1386 3471 1445 3521 et
1470 3467 1610 3521 citra
1631 3468 1906 3521 rationem
1934 3482 2063 3521 cum
2087 3465 2410 3536 arrogantia
2432 3481 2639 3535 aquam
2660 3464 2940 3533 biberunt,
2966 3482 3087 3520 esse
3114 3467 3369 3524 homines
3395 3470 3662 3541 profanos

382 3562 444 3613 et
468 3560 779 3627 corruptos.
810 3554 887 3611 Et
913 3572 1015 3611 nec
1044 3556 1287 3626 amplius
1313 3555 1594 3627 vituperes
1614 3561 1714 3610 aut
1740 3556 1935 3610 laudes
1963 3555 2259 3610 materiam
2288 3554 2397 3609 cibi
2422 3560 2523 3609 aut
2541 3559 2725 3626 potus,
2752 3554 2851 3609 sed
2868 3553 3093 3610 beatam
3118 3558 3201 3611 vel
3231 3558 3496 3614 miseram
3515 3560 3666 3631 judi-

383 3662 479 3701 ces
498 3651 747 3699 mentem
776 3661 970 3699 eorum
987 3645 1085 3716 qui
1103 3650 1254 3699 recte
1284 3646 1366 3700 vel
1389 3646 1536 3700 male
1565 3651 1806 3701 utuntur
1831 3644 2087 3699 materia.
2116 3643 2264 3699 Bibit
2289 3643 2590 3715 aliquando
2609 3644 2817 3714 Joseph
2839 3636 3027 3699 vinum
3050 3646 3199 3717 apud
3228 3648 3539 3719 Egyptias,
3563 3650 3664 3706 sed

384 3751 500 3790 non
520 3734 629 3789 fuit
646 3739 834 3789 mente
852 3735 1049 3802 laesus;
1074 3739 1198 3789 erat
1223 3734 1373 3789 enim
1394 3735 1583 3790 animo
1602 3735 1873 3789 munitus.
1893 3736 2115 3805 Aquam
2142 3738 2332 3787 autem
2353 3732 2617 3787 biberunt
2644 3732 2994 3804 Pythagoras
3023 3739 3079 3789 et
3103 3735 3382 3806 Diogenes
3402 3742 3462 3792 et
3480 3739 3659 3805 Plato,

380 3824 534 3879 inter
562 3840 702 3894 quos
729 3823 900 3878 etiam
936 3823 1228 3878 Manichaei
1257 3830 1316 3878 et
1342 3824 1591 3895 reliquus
1619 3828 1797 3879 coetus
1821 3824 2214 3892 theologorum
2244 3821 2722 3893 philosophorum,
2758 3827 2815 3875 et
2842 3838 2908 3876 eo
2945 3838 3103 3877 vanae
3132 3839 3228 3878 eos
3256 3826 3520 3896 perduxit
3550 3828 3665 3901 opi-

386 3912 572 3967 nionis
599 3912 1054 3983 intemperantia,
1085 3916 1151 3966 ut
1179 3911 1365 3983 ipsum
1393 3913 1574 3967 Deum
1610 3913 1999 3967 universorum
2029 3911 2346 3966 effectorem
2374 3910 2720 3981 ignorarent,
2758 3915 2817 3964 et
2843 3909 3098 3966 inanima
3132 3912 3436 3970 simulacra
3471 3916 3668 3972 adora-

389 4006 539 4055 rent.
570 4000 746 4055 Usum
774 4000 886 4054 vini
913 4000 1223 4071 tetigerunt
1250 4001 1291 4054 ii
1320 4017 1561 4072 quoque,
1593 4001 1689 4072 qui
1716 4018 1844 4055 cum
1864 4000 2027 4055 beato
2054 4001 2220 4055 Petro
2250 4000 2502 4071 apostolo
2532 4005 2697 4054 erant
2716 3999 2993 4071 discipuli,
3036 4002 3177 4056 adeo
3204 4008 3268 4057 ut
3292 4004 3401 4075 ipsi
3428 4006 3667 4063 Domino

384 4094 445 4145 et
469 4105 663 4144 eorum
694 4089 983 4160 magistro,
1017 4090 1271 4145 omnium
1298 4095 1488 4144 autem
1515 4090 1795 4145 Servatori
1823 4089 1881 4144 id
1909 4088 2112 4160 probro
2142 4088 2375 4143 daretur
2390 4089 2611 4158 (Matth.
2640 4089 2734 4156 χι),
2763 4088 2834 4143 ob
2862 4090 3350 4161 participationem
3377 4094 3669 4167 increpan-

387 4177 540 4233 tibus
568 4178 795 4243 Judaeis,
827 4183 885 4232 et
903 4178 1248 4234 dicentibus:
1282 4179 1467 4243 Quare
1495 4178 1755 4249 discipuli
1782 4178 1866 4232 tui
1896 4194 2008 4233 non
2033 4178 2315 4249 jejunant,
2342 4176 2487 4230 sicut
2511 4176 2742 4230 Joannis
2760 4177 3016 4248 discipuli
3036 4180 3233 4246 (Marc.
3258 4183 3314 4250 ιι)
3332 4181 3356 4234 ?
3376 4180 3451 4235 Et
3472 4199 3667 4239 rursus

387 4265 737 4321 insultabant
763 4266 1071 4338 discipulis,
1093 4271 1151 4320 et
1175 4265 1573 4337 exprobrantes
1599 4265 1857 4321 dicebant
1874 4265 2145 4320 increduli
2168 4282 2181 4316 :
2204 4263 2479 4334 Magister
2505 4268 2688 4318 vester
2705 4281 2831 4319 cum
2857 4265 3174 4336 publicanis
3202 4274 3259 4322 et
3276 4271 3667 4339 peccatoribus

390 4355 635 4411 comedit
665 4360 724 4410 et
751 4354 893 4409 bibit
921 4355 1090 4422 (Lucae
1108 4355 1299 4423 v).4De
1337 4370 1481 4425 pane
1510 4359 1700 4408 autem
1730 4359 1788 4408 et
1815 4370 1962 4426 aqua
1991 4371 2102 4409 non
2124 4352 2635 4425 reprehendissent,
2677 4353 2785 4407 nisi
2813 4353 2883 4407 de
2920 4353 3149 4409 obsonio
3180 4362 3239 4411 et
3273 4357 3401 4413 vino
3433 4360 3663 4429 scilicet,

386 4444 431 4498 ii
458 4444 555 4515 qui
586 4444 697 4497 vini
728 4443 957 4514 quidem
986 4442 1270 4515 potionem
1300 4443 1640 4514 vituperant,
1691 4460 1850 4514 aqua;
1892 4460 2021 4498 vero
2050 4444 2285 4498 laudant
2319 4448 2378 4497 et
2403 4442 2774 4497 admirantur.
2819 4443 3139 4514 Respondet
3173 4452 3364 4503 autem
3408 4447 3669 4505 Servator

390 4533 643 4606 pulchre,
666 4532 856 4587 dicens
879 4551 890 4585 :
920 4532 1089 4586 Venit
1107 4532 1352 4587 Joannes
1372 4532 1433 4587 in
1460 4533 1551 4587 via
1563 4532 1813 4603 justitiae,
1833 4548 2016 4603 neque
2039 4533 2467 4600 comedens,nec
2490 4531 2707 4601 bibens,
2732 4549 2959 4588 carnem
2988 4535 3199 4590 scilicet
3221 4542 3278 4591 et
3296 4538 3512 4599 vinum.
3535 4556 3669 4595 nam

392 4620 605 4693 absque
632 4621 757 4676 aliis
787 4638 899 4676 non
929 4620 1204 4693 potuisset
1228 4621 1431 4689 vivere,
1461 4626 1518 4675 et
1547 4621 1767 4676 dicunt:
1789 4622 2138 4678 Damonium
2167 4622 2356 4678 habet.
2387 4621 2555 4677 Venit
2572 4622 2748 4678 Filius
2776 4622 3021 4677 hominis
3049 4624 3345 4680 comedens
3372 4631 3430 4681 et
3452 4625 3665 4699 bibens,

394 4715 455 4765 et
479 4710 713 4765 dicunt:
744 4710 881 4765 Ecce
924 4710 1090 4764 homo
1118 4726 1287 4765 vorax
1329 4716 1387 4765 et
1426 4710 1539 4764 vini
1570 4716 1749 4781 potor,
1794 4711 2008 4765 amicus
2045 4711 2472 4783 publicanorum
2513 4715 2570 4765 et
2597 4717 2952 4782 peccatorum
2984 4712 3206 4781 (Matth.
3239 4718 3337 4783 χι),
3372 4721 3672 4787 propterea

395 4799 545 4870 quod
566 4799 823 4853 comedat
850 4804 908 4854 et
933 4798 1104 4853 bibat.
1139 4798 1284 4863 Quid
1312 4815 1414 4855 nos
1441 4815 1573 4868 ergo
1601 4799 1908 4853 faciemus?
1936 4800 2053 4855 Nec
2082 4816 2176 4854 eos
2204 4799 2299 4871 qui
2327 4799 2650 4869 vituperant
2678 4815 3001 4871 sequamur,
3027 4816 3130 4856 nec
3160 4817 3255 4856 eos
3283 4804 3381 4874 qui
3412 4804 3665 4862 laudant.

397 4887 509 4943 Sed
536 4888 624 4943 vel
651 4904 780 4943 cum
808 4889 1022 4943 Joanne
1046 4888 1266 4942 ratione
1289 4888 1632 4957 jejunemus,
1660 4888 1882 4943 etiamsi
1910 4887 2071 4943 nobis
2102 4888 2296 4943 dicant
2331 4888 2510 4943 Judai
2544 4906 2557 4941 :
2592 4888 2941 4943 Daemonium
2970 4888 3188 4944 habetis
3213 4910 3226 4958 ;
3267 4892 3354 4946 vel
3382 4910 3511 4950 cum
3536 4896 3671 4954 Jesu

398 4975 681 5047 sapienter
720 4976 911 5032 vinum
945 4976 1223 5038 bibamus,
1266 4976 1314 5030 si
1343 4993 1544 5048 corpus
1586 4976 1855 5047 indigeat,
1899 4978 2071 5032 etiam
2105 4978 2154 5031 si
2197 4976 2357 5032 nobis
2399 4976 2641 5031 dixerint
2670 4995 2681 5031 :
2732 4976 2876 5031 Ecce
2908 4977 3162 5034 homines
3191 4996 3416 5038 voraces
3458 4990 3517 5039 et
3555 4986 3671 5041 vini

395 5070 640 5136 potores.
664 5065 859 5136 Neque
880 5067 1030 5120 enim
1058 5082 1252 5120 revera
1280 5082 1406 5120 esca
1436 5070 1521 5119 est
1538 5065 1769 5136 aliquid,
1795 5082 1897 5120 nec
1914 5072 2099 5137 potus,
2122 5067 2221 5122 sed
2254 5068 2390 5121 fides
2411 5083 2532 5137 quae
2554 5084 2654 5138 per
2675 5067 3008 5122 charitatem
3035 5070 3354 5126 extenditur
3380 5075 3671 5145 operibus.

399 5153 542 5208 Cum
562 5153 709 5208 enin
746 5170 971 5209 omnem
1001 5154 1282 5208 actionem
1314 5154 1449 5208 ﬁdes
1478 5154 1649 5208 fuerit
1675 5161 1993 5221 consecuta,
2024 5156 2384 5211 condemnari
2413 5172 2526 5209 non
2555 5160 2742 5226 potest
2770 5156 2864 5226 qui
2893 5157 3136 5212 comedit
3157 5164 3216 5213 et
3250 5159 3410 5229 bibit,
3441 5169 3673 5235 propter

400 5239 591 5296 ﬁdem.
623 5241 904 5313 Quidquid
943 5243 1093 5297 enim
1125 5260 1238 5298 non
1258 5248 1344 5297 est
1380 5260 1447 5297 ex
1483 5244 1611 5309 fide,
1653 5250 1944 5314 peccatum
1970 5251 2055 5299 est
2079 5247 2254 5309 (Rom.
2278 5252 2413 5312 xv1).
2450 5244 2558 5299 Sed
2585 5245 2808 5315 quando
2839 5245 3045 5316 aliquis
3079 5263 3144 5301 ex
3167 5249 3551 5321 voluptuariis,
3585 5252 3673 5306 vel

404 5345 470 5383 ex
503 5329 572 5384 iis
610 5330 706 5401 qui
737 5330 1028 5401 quodlibet
1064 5332 1218 5387 aliud
1255 5337 1511 5403 peccant,
1542 5332 1677 5387 dicit
1703 5352 1723 5386 ξ.
1756 5332 1891 5387 Fide
1916 5334 2209 5405 participo,
2242 5333 2327 5386 vel
2354 5332 2569 5402 aliquid
2597 5332 2751 5386 aliud
2779 5349 2905 5403 ago,
2939 5349 2974 5387 a
3002 5334 3220 5391 ratione
3247 5338 3434 5392 aliena
3462 5339 3674 5409 cupidi-

402 5422 540 5483 tate,
565 5419 652 5473 vel
681 5425 946 5491 corrupta
972 5420 1314 5477 conscientia
1340 5420 1586 5475 innitens
1614 5421 1764 5487 ﬁdei,
1789 5421 2016 5477 labitur.
2043 5423 2304 5477 Servator
2327 5420 2479 5475 enim
2509 5417 2781 5487 distinxit,
2806 5420 3029 5477 dicens:
3055 5424 3105 5478 A
3129 5426 3399 5480 fructibus
3421 5426 3673 5497 ipsorum

403 5508 749 5577 cognoscetis
776 5525 872 5564 eos
904 5511 1114 5580 (Matth.
1146 5511 1266 5581 νη).
1294 5510 1460 5575 Quod
1486 5515 1677 5566 autem
1700 5510 1915 5566 fructus
1945 5528 2140 5568 eorum
2176 5510 2273 5581 qui
2313 5509 2503 5565 divina
2540 5509 2758 5565 ratione
2798 5510 2974 5566 vitam
3014 5511 3320 5569 instituunt
3346 5520 3406 5569 et
3428 5514 3672 5587 spiritali

407 5593 801 5673 intelligentia,
827 5598 922 5673 sit,
954 5614 1021 5655 ex
1051 5598 1223 5656 divini
1247 5599 1501 5673 Apostoli
1527 5600 1828 5669 sententia,
1849 5601 2112 5670 chaiitas,
2145 5606 2203 5657 et
2226 5599 2519 5671 gaudium,
2551 5604 2610 5656 et
2635 5616 2762 5673 pax,
2796 5605 2854 5657 et
2880 5602 3295 5676 longanimitas,
3334 5602 3674 5680 benignitas,
