4008 6210
408 305 539 362 1091
1525 301 1619 355 DE
1659 300 1847 356 VITIS
1886 299 2182 357 PATRUM
2219 302 2433 358 LIBER
2470 303 2622 358 VIII.
3547 309 3686 368 10%

410 433 649 499 bonitas,
676 432 832 496 ﬁdes,
867 428 1255 494 mansuetudo,
1279 427 1640 494 continentia,
1669 429 1898 482 castitas
1919 429 2062 498 (Gal.
2101 427 2178 498 v),
2213 434 2298 484 est
2327 434 2483 484 extra
2501 431 2963 488 controversiam.
3000 433 3125 504 Ipse
3152 433 3302 487 enim
3328 433 3468 488 dixit
3491 433 3690 490 beatus

412 522 622 578 Paulus
654 540 664 574 :
691 521 924 574 Fructus
961 523 1151 572 autem
1179 516 1424 588 Spiritus
1451 518 1659 572 esthoc
1687 523 1744 571 et
1772 518 1895 572 hoc.
1929 516 2088 581 Quod
2113 522 2304 572 autem
2335 519 2430 589 qui
2458 518 2648 573 studet
2671 519 2814 574 tales
2842 519 3049 574 habere
3076 521 3309 588 fructus,
3344 522 3485 576 citra
3514 523 3689 577 ratio-

413 628 541 666 nem
567 616 666 664 aut
692 607 1120 674 inconsiderate,
1153 612 1252 660 aut
1281 607 1667 678 intempestive
1707 623 1818 660 non
1871 607 2124 660 comedet
2173 623 2391 673 carnes,
2424 624 2527 662 nec
2563 607 2716 663 bibet
2759 610 2969 676 vinum,
3003 627 3185 674 neque
3221 628 3347 665 cum
3380 611 3496 666 ulla
3541 613 3695 666 mala

411 698 752 755 cohabitabit
774 698 1131 754 conscientia.
1157 697 1371 751 Rursus
1394 697 1534 750 dixit
1553 696 1701 750 idem
1725 696 1922 750 beatus
1941 696 2149 750 Paulus
2176 714 2188 748 :
2210 696 2405 750 Omnis
2435 697 2530 768 qui
2559 703 2738 767 certat
2758 697 2828 752 ab
2852 698 3112 753 omnibus
3133 699 3429 772 abstinet(I
3446 701 3569 755 Cor.
3593 707 3689 768 Ix).

413 791 553 844 Cum
583 804 721 843 sana
742 787 967 859 quidem
990 791 1077 840 est
1095 802 1242 852 caro,
1267 785 1551 839 abstinens
1584 784 1653 838 ab
1673 785 1742 838 iis
1773 802 1894 856 quae
1923 785 2373 856 pinguefaciunt;
2403 787 2551 856 quod
2582 789 2632 841 si
2661 787 2734 841 sit
2756 804 2905 858 aagra
2930 790 3012 842 vel
3035 806 3274 844 mcerore
3301 789 3570 854 confecta,
3609 790 3694 844 vel

409 879 597 949 aliquo
619 894 751 932 casu
778 876 1006 942 afflicta,
1040 882 1174 930 tunc
1207 881 1399 929 utetur
1427 874 1652 945 quidem
1680 874 1765 927 vel
1791 873 1914 927 cibo
1938 874 2024 927 vel
2050 874 2278 944 potione
2315 880 2586 946 tanquam
2629 878 3057 945 medicamento,
3086 880 3156 932 ad
3187 896 3254 933 ea
3283 879 3537 933 curanda
3568 895 3694 948 quae

410 967 726 1021 molestiam
756 967 1018 1021 afferunt.
1042 963 1360 1018 Abstinebit
1383 969 1572 1018 autem
1593 963 1663 1016 ab
1692 962 1760 1017 iis
1791 980 1913 1034 qua:
1942 968 2074 1017 sunt
2094 963 2295 1018 animae
2322 964 2506 1031 noxia,
2529 965 2615 1018 ira
2642 970 2699 1020 et
2725 965 2951 1033 invidia,
2979 983 3122 1021 vana
3148 967 3346 1037 gloria,
3375 967 3617 1022 tristitia
3639 972 3697 1021 et

407 1056 773 1123 detractione,
799 1055 1062 1127 superbia
1087 1060 1144 1108 et
1175 1054 1434 1118 elatione,
1470 1053 1584 1107 Deo
1606 1070 1778 1124 agens
1803 1053 2038 1122 gratias.

480 1147 621 1200 Cum
642 1146 711 1199 de
740 1146 828 1198 his
850 1145 1041 1216 itaque
1072 1144 1208 1198 satis
1229 1143 1609 1207 disseruerim,
1634 1148 1745 1196 tute
1769 1158 1966 1196 rursus
1985 1142 2258 1197 docilitati
2280 1144 2448 1198 aliain
2469 1145 2640 1199 affero
2661 1145 3111 1200 adhortationem
3126 1190 3138 1202 .
3171 1145 3324 1216 Fuge
3347 1163 3449 1217 pro
3479 1144 3694 1201 viribus

408 1253 603 1290 eorum
640 1236 890 1289 virorum
916 1233 1335 1304 congressiones
1371 1232 1465 1302 qui
1494 1232 1706 1285 nullam
1736 1230 1946 1285 habent
1975 1232 2298 1299 utilitatem,
2333 1239 2391 1288 et
2418 1234 2620 1304 pellem
2673 1241 2945 1288 exornant
2983 1235 3146 1288 aliter
3184 1251 3353 1305 quam
3395 1235 3696 1289 conveniat

409 1325 629 1380 etiamsi
647 1325 762 1378 sint
789 1323 1100 1387 orthodoxi,
1123 1339 1236 1376 non
1265 1322 1447 1376 solum
1476 1321 1742 1386 haeretici,
1775 1326 1832 1374 et
1866 1319 2080 1376 laedunt
2105 1323 2406 1394 hypocrisi,
2450 1323 2669 1376 etiamsi
2701 1340 2839 1376 cano
2869 1323 3052 1394 capite
3076 1329 3136 1377 et
3175 1331 3476 1394 corrugata
3512 1325 3698 1377 fronte

410 1432 523 1486 prce
544 1432 603 1470 se
632 1419 816 1468 terant
835 1412 1244 1483 longitudinem
1273 1411 1560 1482 temporis.
1587 1412 1732 1464 Nam
1761 1415 1825 1464 ut
1851 1416 2080 1481 propter
2107 1430 2290 1468 mores
2313 1430 2616 1484 generosos
2641 1413 2712 1466 ab
2733 1414 2812 1468 eis
2843 1413 2983 1467 nihil
3011 1413 3252 1481 laedaris,
3275 1413 3332 1467 id
3359 1420 3512 1468 certe
3541 1413 3694 1484 quod

408 1505 630 1558 videtur
657 1521 777 1558 esse
803 1502 1098 1556 minimum
1133 1507 1189 1555 te
1217 1500 1508 1554 sauciabit.
1543 1498 1797 1554 Insolens
1829 1499 1980 1552 enim
2018 1502 2288 1567 redditus,
2319 1503 2509 1556 animo
2553 1503 2817 1566 etl‘ereris,
2852 1519 2946 1556 eos
2975 1502 3235 1556 irridens.
3275 1502 3437 1565 Quod
3459 1502 3691 1572 quidem

410 1593 510 1647 tibi
531 1593 932 1647 detrimentum
953 1591 1166 1655 afferet,
1191 1595 1254 1644 ut
1275 1591 1370 1660 qui
1399 1589 1456 1643 in
1487 1587 1807 1659 superbiam
1829 1587 2108 1645 incideris.
2139 1592 2319 1662 Super
2337 1591 2577 1646 lucidam
2597 1598 2788 1645 autem
2821 1595 2998 1655 σου
3025 1591 3326 1645 fenestram
3347 1607 3689 1662 persequere

411 1687 468 1736 et
488 1682 732 1735 virorum
761 1687 818 1734 et
840 1680 1139 1734 mulierum
1163 1685 1389 1732 sanctas
1412 1677 1852 1747 congressiones,
1879 1682 1943 1730 ut
1967 1693 2068 1746 per
2095 1697 2290 1735 eorum
2316 1681 2484 1735 veluti
2510 1679 2791 1734 subtiliter
2810 1685 3078 1750 scriptum
3099 1679 3300 1733 librum
3325 1679 3507 1749 possis
3528 1685 3692 1733 tuum

407 1787 502 1824 cor
529 1775 721 1841 aperte
744 1770 952 1835 videre,
987 1775 1043 1822 et
1079 1785 1180 1839 per
1208 1768 1564 1822 collationem
1604 1766 1840 1837 probare
1870 1769 2180 1822 socordiam
2219 1775 2376 1823 tuam
2422 1769 2506 1823 vel
2546 1768 2921 1839 diligentiam.
2964 1768 3146 1822 Multa
3189 1768 3338 1821 enim
3384 1775 3522 1822 sunt
3568 1785 3690 1839 qua:

407 1859 674 1931 probitati
709 1859 896 1913 ferunt
923 1857 1308 1912 testimonium
1344 1874 1355 1908 :
1388 1855 1539 1909 color
1565 1855 1751 1908 vultus
1790 1853 1886 1924 qui
1913 1853 1970 1906 in
2004 1877 2071 1914 ea
2098 1860 2210 1913 vita
2241 1876 2362 1929 qua;
2393 1859 2616 1929 degitur
2643 1858 2959 1923 efflorescit,
2995 1863 3050 1911 et
3077 1857 3315 1912 vestium
3344 1864 3602 1922 ornatus,
3635 1863 3691 1911 et

408 1966 591 2004 mores
617 1948 930 2019 compositi,
974 1953 1030 2001 et
1058 1946 1333 2000 modestia
1363 1944 1650 2009 orationis,
1692 1949 1745 1998 et
1777 1943 1946 1997 verba
1975 1960 2088 1998 non
2121 1944 2394 2014 exquisita
2424 1949 2481 1997 et
2518 1944 2794 2009 affectata,
2830 1944 3057 2012 elegans
3101 1943 3404 2006 sententia,
3438 1943 3689 2013 cogitata

407 2055 681 2109 sensaque
713 2037 1006 2108 sapientia.
1039 2037 1310 2091 Dominus
1339 2041 1529 2089 autem
1558 2033 1700 2087 vires
1748 2031 1905 2086 dabit
1947 2038 2059 2086 tua:
2108 2032 2545 2098 mansuetudini,
2580 2037 2636 2085 et
2668 2031 2927 2085 omnibus
2971 2031 3067 2101 qui
3111 2037 3426 2101 sequuntur
3456 2048 3690 2102 scopum

406 2127 651 2199 pietatis,
679 2127 900 2181 etiamsi
930 2127 1014 2180 vel
1044 2126 1260 2180 desidia
1287 2125 1372 2179 vel
1399 2141 1532 2178 casu
1560 2122 1772 2193 aliquid
1803 2121 2086 2176 acciderit.
2131 2121 2383 2176 Amictus
2409 2121 2579 2188 enim,
2614 2127 2672 2175 et
2699 2137 2928 2191 gressus
2960 2121 3135 2191 pedis,
3171 2125 3228 2174 et
3256 2120 3403 2174 risus
3433 2119 3689 2175 dentium

404 2216 764 2272 annuntiabit
797 2215 865 2269 de
887 2215 1030 2286 ipso,
1061 2221 1126 2270 ut
1147 2215 1228 2269 ait
1256 2213 1617 2267 Proverbium
1644 2213 1856 2279 (Eccles.
1881 2212 1951 2279 x).

475 2306 752 2377 Incipiens
781 2305 972 2376 itaque
997 2304 1096 2358 tibi
1134 2319 1366 2358 narrare
1403 2302 1574 2355 vitam
1603 2306 1923 2354 sanctorum
1971 2299 2223 2364 Patrum,
2257 2315 2440 2370 neque
2480 2315 2574 2353 eos
2605 2299 2701 2369 qui
2738 2305 2871 2353 sunt
2913 2299 2969 2352 in
2998 2297 3250 2363 urbibus,
3283 2299 3368 2351 vel
3412 2298 3574 2362 vicis,
3605 2299 3687 2352 vel

403 2395 704 2467 speluncis,
735 2396 820 2449 vel
845 2393 1242 2449 solitudinibus
1271 2392 1372 2447 tibi
1401 2391 1597 2462 ignoti,
1630 2407 1685 2460 pi
1698 2389 2056 2444 atermittam
2081 2388 2334 2442 oratione
2361 2407 2373 2454 ;
2398 2388 2666 2458 adjiciens
2696 2404 2791 2441 eos
2821 2388 2990 2442 etiam
3021 2388 3118 2458 qui
3147 2394 3279 2441 sunt
3307 2387 3366 2441 in
3395 2386 3685 2441 coenobiis.

402 2487 596 2556 Neque
626 2485 778 2539 enim
798 2485 953 2538 locus
976 2484 1247 2554 queritur
1273 2482 1332 2535 in
1362 2497 1472 2551 quo
1501 2497 1560 2533 se
1591 2484 1740 2532 recte
1765 2483 1822 2532 et
1845 2494 1911 2531 ex
1931 2477 2136 2532 virtute
2163 2483 2478 2548 gesserunt,
2506 2477 2603 2531 sed
2635 2477 2834 2531 modus
2859 2483 3023 2532 recta:
3055 2493 3250 2532 eorum
3284 2476 3680 2542 institutionis,

400 2592 500 2648 per
532 2591 702 2644 quam
731 2572 940 2627 Christi
979 2571 1186 2626 auxilio
1210 2570 1383 2624 vitam
1416 2573 1654 2638 egerunt
1682 2564 2017 2636 angelicam.

709 2837 3370 3133 HISTOBIH—AUSIACA.

907 3219 1140 3277 CAPUT
1169 3219 1484 3275 PRIMUM.

2009 3220 2061 3278 A
2082 3221 2321 3284 rnatum,
2334 3219 2399 3269 ut
2413 3213 2584 3270 etiam
2607 3214 2665 3268 in
2681 3214 2800 3285 ipso
2828 3213 3078 3269 convivio
3095 3213 3232 3267 hora
3245 3210 3410 3265 solita
3430 3208 3687 3264 refectio-

2076 3306 2163 3360 nis
2174 3305 2414 3359 fratrum
2426 3304 2603 3358 sancti
2614 3303 2780 3375 hujus
2793 3303 2954 3357 fieret
2964 3302 3168 3356 mentis
3182 3317 3441 3356 excessus
3450 3302 3689 3367 ,mutus-

607 3367 722 3421 νῆα
751 3367 954 3420 hmo”
973 3363 1058 3437 (1)
1083 3364 1391 3432 Ρνεδὺυίθνί
1409 3367 1456 3416 et
1485 3361 1798 3415 ‘Te'wdocm’
2077 3411 2185 3466 que
2198 3393 2586 3464 evaderetipse
2609 3399 2667 3447 et
2685 3361 3106 3464 obstupesceret
3127 3409 3139 3444 :
3161 3397 3219 3445 et
3231 3406 3360 3445 cum
3380 3361 3686 3460 rogaretur

470 3495 613 3550 Cum
626 3508 759 3562 ergo
772 3489 1017 3561 primum
1037 3487 1314 3542 venissem
1334 3487 1391 3539 in
1411 3483 1847 3539 Alexandrinam
1865 3484 1995 3538 civi-

297 3601 317 3615 '
399 3588 594 3648 tatem,
619 3579 862 3636 secundo
881 3577 1174 3632 consulatu
1188 3575 1484 3630 Theodosii
1497 3573 1996 3644 magniimperato-

395 3675 493 3736 ris,
509 3673 605 3744 qui
618 3675 846 3742 propter
861 3683 1021 3722 suam
1043 3671 1251 3720 rectam
1271 3665 1329 3717 in
1350 3664 1635 3717 Christum
1656 3662 1824 3716 ﬁdem
1845 3678 1994 3715 nunc

399 3770 484 3818 est
509 3778 636 3816 cum
666 3758 898 3828 angelis,
923 3757 982 3810 in
1010 3755 1131 3826 ipsa
1154 3753 1377 3807 civitate
1401 3752 1569 3805 incidi
1606 3752 1664 3804 in
1692 3751 1993 3822 quemdam

399 3853 580 3906 virum
605 3845 1020 3908 admirandum,
1039 3848 1096 3897 et
1119 3841 1270 3895 omni
1302 3858 1366 3894 ex
1395 3845 1553 3910 parte
1584 3845 1865 3906 ornatum,
1881 3856 1996 3892 ser-

398 3955 582 4004 mone,
617 3935 885 3996 moribus,
930 3938 988 3986 et
1018 3930 1269 3994 scientia,
1312 3945 1516 3999 nempe
1563 3928 1860 3995 Isidorum,
1900 3929 1996 3999 qui

398 4034 520 4084 erat
548 4032 606 4081 et
628 4023 922 4096 presbyter
940 4025 997 4074 et
1020 4018 1375 4072 xenodochus
1394 4017 1782 4072 Alexandrina:
1813 4018 1988 4071 eccle-

397 4120 511 4174 siae.
530 4118 583 4172 Is
605 4112 896 4170 dicebatur
914 4109 1095 4181 prima
1117 4107 1343 4178 quidem
1367 4107 1660 4176 juventute
1682 4123 1909 4160 versans
1929 4107 1988 4160 in

397 4205 717 4267 solitudine,
732 4199 1012 4273 peregisse
1037 4196 1348 4251 certamina
1367 4195 1796 4250 exercitationis.
1813 4196 1987 4266 Cujus

397 4300 566 4356 etiam
587 4294 784 4350 cellam
795 4289 906 4344 vidi
929 4305 1031 4359 ego
1051 4287 1110 4340 in
1127 4291 1316 4340 monte
1331 4285 1523 4339 Nitriae
1540 4303 1550 4338 :
1571 4284 1774 4338 offendi
1796 4288 1986 4338 autem

396 4406 524 4446 eum
553 4399 746 4441 senem
772 4377 1126 4450 septuaginta
1145 4391 1320 4430 annos
1359 4378 1555 4428 natum
1581 4392 1594 4440 ;
1628 4374 1726 4444 qui
1753 4389 1879 4427 cum
1912 4373 1989 4426 vi-

393 4481 569 4536 xisset
595 4475 734 4529 alios
755 4466 1072 4541 quindecim
1091 4480 1287 4529 annos,
1309 4463 1367 4516 in
1399 4479 1532 4533 pace
1557 4461 1712 4516 obiit.
1735 4462 1839 4516 Hic
1865 4479 1989 4516 san-

395 4533 517 4625 ctus
533 4579 709 4635 usque
721 4533 792 4614 ad
801 4545 1000 4612 horam
1011 4554 1196 4609 obitus
1205 4552 1347 4607 nihil
1357 4552 1568 4605 lineum
1579 4551 1820 4622 gestavit
1831 4556 1987 4605 extra
2003 4533 2049 4593 Β

392 4659 591 4712 vittam
621 4652 716 4721 (2),
749 4663 862 4703 non
885 4645 1084 4700 balneo
1113 4647 1198 4696 est
1225 4657 1382 4706 usus,
1413 4656 1524 4694 non
1553 4639 1740 4709 tetigit
1767 4656 1984 4706 carnes,

393 4759 683 4815 nunquam
695 4757 728 4794 a
738 4752 932 4792 mensa
942 4731 1171 4788 recessit
1182 4731 1426 4801 repletus
1437 4729 1503 4782 ad
1517 4729 1829 4782 satietatem
1839 4729 1989 4788 ,Erat

397 4840 586 4890 autem
607 4844 838 4900 corpore
859 4842 893 4879 a
911 4822 1012 4878 Dei
1029 4821 1213 4892 gratia
1236 4825 1353 4873 tam
1374 4818 1515 4872 bene
1543 4821 1982 4887 contemperato,

397 4930 462 4979 ut
481 4937 673 4976 omnes
703 4917 798 4988 qui
827 4911 1164 4985 ignorabant
1188 4909 1311 4978 ejus
1340 4908 1517 4961 victus
1542 4907 1838 4969 rationem,
1856 4922 1984 4976 per-

397 5025 622 5066 suasum
652 5005 926 5060 haberent
953 5017 1083 5056 eum
1104 4999 1255 5053 laute
1268 4997 1454 5050 vivere
1472 5002 1527 5049 et
1548 4996 1985 5066 opipare.Hujus

395 5100 631 5155 virtutes
648 5094 846 5148 animae
861 5091 907 5145 si
917 5091 1082 5144 velim
1099 5086 1386 5158 sigillatim
1403 5090 1983 5149 narrare,narrantem

394 5205 484 5244 me
514 5191 739 5253 tempus
766 5180 1004 5234 deﬁciet.
1037 5177 1143 5240 Qui
1176 5180 1298 5230 erat
1325 5174 1464 5229 adeo
1495 5173 1668 5237 mitis,
1688 5172 1979 5243 benignus,

394 5285 451 5334 et
477 5273 760 5349 paciﬁcus,
790 5273 856 5322 ut
874 5268 1044 5321 etiam
1067 5265 1320 5319 inﬁdeles
1350 5265 1472 5334 ejus
1500 5261 1730 5327 inimici,
1755 5267 1984 5333 propter

392 5371 602 5423 rectam
623 5362 683 5415 in
701 5356 984 5412 Christum
1013 5353 1200 5419 ﬁdem,
1222 5354 1306 5407 vel
1336 5354 1458 5423 ejus
1477 5352 1737 5406 umbram
1762 5367 1983 5405 revere-

388 5461 608 5519 rentur,
632 5449 702 5504 ob
740 5445 1019 5514 insignem
1047 5442 1151 5495 viri
1178 5441 1504 5496 bonitatem.
1527 5441 1765 5494 Tantam
1791 5445 1982 5494 autem

388 5543 591 5601 habuit
605 5535 915 5612 spiritalem
930 5530 1173 5603 gratiam
1194 5535 1250 5584 et
1267 5531 1641 5601 cognitionem
1661 5534 1982 5584 sanctarum

392 5633 817 5706 scripturarum,
841 5628 900 5680 et
933 5618 1488 5692 comprehensionem
1514 5617 1832 5679 divinorum
1852 5619 1984 5690 dog-

2077 3489 2142 3537 ut
2161 3500 2283 3554 quae
2299 3483 2357 3536 in
2372 3499 2597 3537 excessu
2619 3486 2921 3536 evenerant
2941 3485 3219 3540 narraret,
3234 3479 3475 3532 diceret:
3493 3476 3684 3530 Mente

2075 3589 2202 3626 sum
2233 3572 2620 3643 peregrinatus
2651 3571 2720 3625 ab
2741 3571 2930 3641 aliqua
2959 3576 3154 3641 raptus
3181 3565 3679 3636 contemplatione.

2077 3661 2201 3716 Scio
2231 3678 2333 3731 ego
2355 3678 2483 3715 eum
2512 3677 2657 3731 saepe
2682 3661 2741 3714 in
2772 3675 2967 3714 mensa
2986 3659 3158 3712 fuisse
3192 3657 3567 3727 lacrymatum
3588 3673 3601 3720 ;
3625 3657 3682 3706 et

2075 3766 2203 3804 cum
2231 3756 2528 3820 rogaretur
2547 3766 2773 3804 causam
2792 3765 2894 3803 cur
2916 3753 3065 3802 esset
3091 3748 3450 3818 lacrymatus,
3488 3741 3680 3796 audivi

2076 3856 2205 3892 eum
2228 3839 2505 3893 dicentem
2543 3857 2554 3891 :
2587 3839 2770 3892 Pudet
2797 3855 2887 3892 me
2910 3838 3057 3892 vesci
3087 3836 3207 3890 cibo
3240 3851 3275 3888 a
3295 3834 3514 3888 ratione
3545 3832 3680 3885 alie-

2079 3944 2168 3994 no,
2205 3945 2333 3982 cum
2367 3929 2473 3982 sim
2503 3927 2720 3981 ratione
2749 3927 3044 3998 praeditus;
3078 3932 3135 3980 et
3160 3924 3370 3978 versari
3408 3921 3674 3976 deberem

2070 4016 2129 4069 in
2170 4016 2429 4086 paradiso
2457 4017 2804 4081 deliciarum,
2828 4015 3127 4086 replendus
3155 4011 3450 4066 ambrosia:
3479 4009 3669 4064 nutri-

2069 4109 2279 4169 mento,
2295 4110 2522 4176 propter
2545 4121 2667 4159 eam
2688 4121 2809 4175 quae
2823 4103 2984 4158 nobis
3001 4121 3036 4157 a
3059 4101 3290 4158 Domino
3311 4100 3444 4154 data
3464 4104 3550 4152 est
3572 4114 3666 4169 po-

2069 4198 2350 4251 testatem.
2373 4197 2426 4249 Is
2445 4201 2566 4248 erat
2591 4194 2779 4248 Romae
2800 4198 2966 4247 notus
2990 4197 3190 4247 cuncto
3210 4189 3430 4245 senatui
3461 4191 3515 4241 et
3536 4203 3665 4257 pro—

2070 4302 2261 4341 cerum
2289 4283 2574 4350 uxoribus,
2597 4299 2706 4353 quo
2740 4288 2991 4353 tempore
3019 4298 3146 4336 cum
3167 4280 3332 4334 beato
3352 4275 3662 4332 Athanasio

2068 4373 2324 4444 episcopo
2343 4373 2500 4444 prius
2525 4377 2848 4438 recesserat,
2871 4371 3073 4426 deinde
3097 4386 3225 4424 cum
3245 4371 3439 4422 sancto
3465 4366 3663 4420 Deme-

2066 4463 2175 4516 trio
2205 4463 2482 4533 episcopo.
2517 4463 2568 4516 Is
2593 4479 2721 4516 cum
2756 4461 3070 4515 abundaret
3105 4457 3323 4529 Opibus,
3354 4462 3411 4510 et
3437 4454 3508 4508 iis
3537 4469 3662 4524 quae

2067 4557 2199 4605 sunt
2225 4551 2295 4605 ad
2317 4567 2481 4605 usum
2509 4551 2842 4614 necessaria,
2875 4566 2988 4604 non
3017 4546 3238 4618 scripsit
3255 4549 3660 4599 testamentum

2067 4639 2360 4705 decedens,
2377 4657 2489 4695 non
2505 4641 2797 4711 pecuniam
2817 4639 3064 4710 reliquit,
3085 4652 3196 4691 non
3211 4651 3334 4690 rem
3347 4633 3522 4687 ullam
3543 4631 3661 4685 suis

2067 4728 2351 4784 sororibus
2381 4746 2503 4799 quae
2533 4734 2696 4784 erant
2722 4729 2984 4799 virgines,
3005 4725 3102 4781 sed
3137 4740 3232 4778 eas
3260 4721 3484 4778 Christo
3512 4736 3662 4774 com-

2068 4818 2371 4884 mendavit,
2403 4817 2627 4872 dicens:
2665 4818 2813 4872 Deus
2838 4817 2933 4887 qui
2962 4833 3057 4869 vos
3077 4813 3304 4878 creavit,
3333 4809 3487 4865 vobis
3517 4824 3658 4880 quo—

2069 4923 2176 4976 que
2203 4908 2407 4961 victum
2421 4906 2732 4978 providebit
2747 4906 2895 4960 sicut
2909 4910 2965 4958 et
2981 4903 3136 4958 mihi.
3161 4903 3297 4956 Erat
3319 4904 3509 4954 autem
3532 4913 3660 4951 con-

2066 5001 2264 5050 ventus
2293 4995 2572 5066 virginum
2601 5012 2723 5066 quae
2751 5000 2915 5048 erant
2944 5009 3071 5048 cum
3101 4989 3386 5046 sororibus
3411 4989 3556 5057 ejus,
3576 5003 3659 5040 se-

2064 5084 2376 5154 ptuaginta.
2411 5086 2485 5149 Is,
2517 5101 2646 5139 cum
2675 5084 2745 5137 ad
2775 5100 2903 5138 eum
2932 5082 3208 5136 venissem
3233 5078 3578 5139 adolescens,
3603 5078 3658 5128 et

2066 5189 2323 5243 rogarem
2366 5178 2430 5228 ut
2457 5174 2527 5227 ad
2570 5174 2741 5227 vitam
2776 5177 3069 5242 cooptarer
3113 5167 3499 5229 monasticam,
3530 5179 3658 5218 mea

2066 5262 2246 5316 adhuc
2274 5268 2436 5317 aetate
2465 5262 2804 5328 lasciviente,
2819 5266 2877 5316 et
2897 5277 3010 5314 non
3023 5275 3163 5330 opus
3184 5257 3427 5312 habente
3440 5269 3656 5307 sermo-

2065 5350 2251 5422 nibus,
2267 5352 2365 5406 sed
2383 5351 2664 5406 laboribus
2680 5351 2775 5423 qui
2793 5366 3020 5406 carnem
3040 5347 3382 5418 subigerent,
3402 5343 3654 5412 duraque

2066 5445 2123 5494 et
2152 5457 2352 5512 aspera
2373 5441 2590 5496 vivendi
2615 5441 2832 5496 ratione
2861 5455 2984 5512 quae
3012 5454 3212 5509 corpus
3239 5435 3647 5505 compesceret;

2063 5529 2132 5596 is,
2189 5529 2438 5602 inquam,
2498 5536 2790 5603 tanquam'
2816 5529 2994 5584 bonus
3048 5527 3291 5583 domitor
3344 5523 3653 5595 pullorum,

2064 5618 2223 5676 duxit
2279 5637 2370 5678 me
2412 5626 2570 5680 extra
2623 5620 2905 5680 civitatem
2951 5618 3022 5674 ad
3073 5632 3169 5672 eas
3215 5631 3338 5688 quae
3385 5612 3650 5672 dicuntur
