4008 6210
351 273 489 332 1093
1607 274 1947 332 HISTORIA
1983 273 2357 332 LAUSIACA.
3479 299 3615 359 1094

339 402 513 457 Cellae
540 402 860 470 eremiticae,
892 401 1114 458 circiter
1143 402 1337 472 quinto
1370 400 1440 455 ab
1460 401 1598 456 urbe
1629 402 1832 473 lapide.
1949 403 2003 461 A
2022 406 2083 456 tu
2113 402 2365 458 manebis
2396 419 2682 477 nunquam
2710 409 2948 468 bibens?
2995 415 3121 487 Ipse
3163 423 3352 476 autem
3396 439 3426 478 e
3471 428 3613 483 cella

2021 507 2297 560 egressus,
2329 510 2456 548 cum
2485 513 2586 566 per
2611 515 2671 551 se
2700 499 2996 570 hausisset,
3039 504 3178 561 bibit
3200 510 3450 580 jejunus,
3485 532 3612 571 cum

1232 526 1303 580 II.
2021 525 2297 560 εὔιπποι-ιδ,
2329 525 2456 548 cum
2485 525 2584 566 per
2611 525 2671 551 δυ
2700 525 2996 570 u‘duSlSSBE,
3042 525 3178 561 DlDlL
3200 527 3450 580 jejunus,
3485 532 3612 571 cum

1102 650 1164 661 nm
1214 652 1270 661 ___
1323 651 1335 661 ἱ
2019 580 2174 650 prius
2212 582 2498 652 signa-culo
2541 589 2718 642 crucis
2765 593 3080 658 muniisset,
3113 603 3170 651 et
3199 599 3428 656 dixisset
3458 622 3468 656 :
3505 605 3612 661 Ubi

771 653 1066 707 Dorotheus
1097 650 1170 724 (3)
1212 651 1509 705 Thebanus.
2019 685 2151 723 crux
2178 650 2338 726 adest
2355 674 2577 742 q7),illic
2607 677 2816 733 viribus
2846 689 3000 737 caret
3029 650 3606 762 diaboliimprobitas:

416 761 487 815 Et
505 775 595 814 me
614 759 793 814 tradit
805 758 1030 812 cuidam
1048 758 1328 812 Dorotheo
1352 756 1704 811 exercitatori
1723 755 1936 810 Theba-
2631 767 2863 824 CAPUT
2892 771 2990 828 ῙῙῙ,

333 865 414 903 no
443 848 853 919 sexagesimum
882 864 1094 901 annum
1110 847 1298 916 agenti
1327 845 1386 899 in
1401 847 1683 916 spelunca,
1706 850 1763 899 et
1773 845 1936 915 jubet
2253 852 2386 904 Acta
2417 857 2464 905 et
2496 857 2860 923 temperantia
2889 861 3232 919 Potamz'wnaa
3270 865 3363 937 (8).

336 955 434 993 me
453 938 687 1009 implere
702 937 850 1007 apud
871 937 1057 1008 ipsum
1077 941 1194 989 tres
1211 952 1388 990 annos
1409 935 1479 989 ad
1499 935 1805 989 domandas
1817 935 1934 989 ani-
2087 935 2291 991 Beatus
2311 955 2444 1010 ergo
2464 941 2710 998 Isidorus
2721 947 3093 1017 xenodochus,
3119 953 3213 1022 qui
3238 935 3464 1012 beatum
3492 961 3605 1016 An-

334 1027 418 1080 mi
439 1025 887 1098 perturbationes
911 1025 1139 1093 (sciebat
1166 1024 1315 1078 enim
1353 1041 1545 1078 senem
1571 1041 1738 1094 agere
1762 1024 1932 1078 vitam
2013 1024 2230 1079 tonium
2258 1036 2610 1097 convenerat,
2637 1034 2886 1088 narravit
2906 1037 3061 1103 mihi,
3082 1056 3140 1092 se
3169 1041 3238 1095 ab
3268 1060 3332 1098 eo
3362 1047 3606 1104 audivis-

334 1115 643 1169 admodum
666 1115 866 1168 duram
887 1119 945 1166 et
963 1113 1332 1182 asperam),et
1342 1118 1637 1182 postquam
1655 1128 1930 1167 annorum
2011 1129 2071 1167 se
2100 1131 2219 1168 rem
2248 1117 2478 1186 dignam
2509 1137 2633 1190 qua;
2662 1124 2960 1178 mandetur
2989 1127 3208 1187 litteris,

335 1219 638 1257 numerum
653 1202 1194 1271 implessem,rursus
1210 1200 1280 1254 ad
1294 1217 1422 1254 eum
1440 1207 1930 1266 reverterer,man-
2081 1203 2429 1260 Potamimna
2441 1209 2694 1278 quaedam
2711 1213 2898 1281 puella
2916 1213 3334 1288 formosissima,
3350 1228 3460 1278 tem
3467 1243 3602 1295 pore

333 1291 492 1346 davit
506 1291 575 1346 ob
604 1291 882 1361 reliquam
901 1290 1214 1345 doctrinam
1233 1289 1562 1360 spiritalem.
1586 1291 1724 1344 Cum
1737 1296 1928 1345 autem
2011 1290 2296 1347 Maximini
2307 1299 2680 1365 persecutoris
2691 1301 2797 1354 fuit
2814 1303 3017 1358 ancilla
3028 1307 3318 1376 cujusdam
3332 1289 3604 1385 intempe-

332 1397 450 1435 non
479 1380 786 1452 potuissem
814 1379 964 1450 apud
993 1396 1121 1434 eum
1160 1380 1392 1450 implere
1422 1396 1723 1434 numerum
1753 1380 1927 1434 trium
2009 1380 2188 1434 rantis
2211 1387 2268 1436 et
2292 1382 2590 1440 libidinosi.
2621 1389 2802 1452 Quam
2833 1408 2960 1445 cum
2980 1395 3223 1450 multum
3251 1379 3529 1470 rogasset,
3544 1411 3600 1459 et

334 1487 636 1537 annorum,
669 1487 734 1523 eo
765 1469 912 1540 quod
933 1469 990 1522 in
1007 1467 1266 1522 morbum
1304 1474 1352 1533 θ
1373 1474 1490 1534 l0
1510 1469 1826 1523 incidissem
1839 1487 1926 1524 ve-
2009 1468 2226 1538 eivaria
2245 1473 2594 1541 promisisset
2614 1477 2734 1546 ejus
2749 1479 3158 1547 dominus,eam
3181 1503 3293 1541 non
3315 1467 3601 1559 potuitde-

330 1558 761 1625 hementem,ab
785 1575 850 1612 eo
879 1558 1084 1612 recessi
1114 1562 1245 1611 ante
1268 1563 1492 1628 tempus
1523 1558 1918 1628 praestitutum.
2006 1556 2207 1626 ciperc.
2235 1560 2354 1623 Quo
2383 1561 2591 1618 factum
2623 1571 2708 1619 est
2737 1573 2799 1620 ut
2817 1568 2864 1621 is
2881 1571 3110 1626 tandem
3127 1556 3595 1649 furore—percitus,

328 1650 469 1704 Erat
496 1649 645 1703 enim
677 1649 798 1718 ejus
819 1647 942 1700 vita:
962 1647 1106 1700 ratio
1129 1647 1292 1716 longe
1306 1646 1634 1717 asperrima,
1668 1647 1923 1717 squalida
1949 1661 2130 1735 “eam
2160 1649 2408 1704 traderet
2437 1653 2695 1722 praefecto
2723 1657 3102 1714 Alexandrino
3135 1661 3229 1731 (9),
3257 1646 3353 1735 qui
3383 1674 3505 1723 erat
3531 1646 3596 1724 eo

327 1744 389 1793 et
414 1738 581 1809 plane
609 1717 785 1790 arida.
817 1737 956 1790 Toto
992 1735 1140 1790 enim
1187 1736 1296 1802 die,
1333 1742 1501 1806 atque
1545 1736 1684 1789 adeo
1712 1735 1770 1789 in
1800 1737 1921 1806 ipso
1949 1717 2275 1806 Btempore,
2308 1717 2576 1809 tanquam
2599 1743 2998 1813 Christianam,
3031 1754 3087 1803 et
3116 1717 3238 1821 quae
3265 1717 3522 1826 temp—ora
3534 1717 3599 1814 et

324 1833 468 1882 aestu
497 1826 770 1892 meridiei,
802 1826 862 1879 in
891 1825 1193 1879 solitudine
1225 1841 1347 1894 quae
1377 1830 1463 1878 est
1484 1830 1713 1895 propter
1742 1842 1916 1891 mare,
2003 1823 2370 1895 imperatores
2398 1828 2766 1886 insectaretur
2795 1836 3106 1892 maledictis
3135 1847 3367 1912 propter
3385 1823 3595 1914 perse-

324 1915 624 1986 colligebat
639 1915 873 1986 lapides,
894 1919 951 1968 et
970 1931 1036 1967 ex
1058 1915 1138 1968 eis
1158 1931 1381 1984 semper
1401 1914 1697 1979 aediﬁcans,
1733 1920 1790 1968 et
1814 1915 1919 1968 cel-
2002 1913 2284 1982 cutiones;
2316 1918 2597 1987 pollicitus
2630 1939 2689 1975 se
2721 1922 2769 1976 ei
2800 1940 3065 1995 magnam
3087 1931 3333 1999 pecuniae
3357 1913 3469 1988 vim
3498 1937 3594 1991 da-

322 2006 408 2059 las
436 2005 662 2070 faciens,
691 2019 783 2058 eas
815 2002 1048 2057 cedebat
1074 2003 1143 2056 iis
1173 2002 1269 2072 qui
1301 2018 1412 2056 non
1452 2007 1712 2072 poterant
1740 2002 1916 2056 aedifi-
1998 2005 2191 2057 turum
2223 2004 2290 2058 ob
2319 2007 2440 2076 ejus
2475 2009 2872 2080 calamitatem,
2923 2015 3114 2070 dicens
3145 2037 3156 2071 :
3203 2019 3261 2072 Si
3289 2021 3339 2074 ei
3366 2039 3594 2092 persua-

321 2111 472 2160 care,
509 2093 744 2163 singulis
772 2092 935 2146 annis
959 2092 1156 2146 cellam
1187 2091 1413 2145 faciens.
1433 2092 1573 2144 Cum
1596 2097 1786 2145 autem
1812 2107 1916 2161 ego
1999 2092 2138 2146 seris
2160 2099 2223 2147 ut
2240 2111 2364 2149 meo
2385 2096 2662 2153 desiderio
2682 2102 3040 2171 assentiatur,
3054 2122 3179 2160 eam
3200 2091 3415 2164 custodi
3437 2113 3592 2168 nullo

321 2182 624 2254 aliquando
653 2182 786 2236 huic
813 2188 1005 2236 sancto
1037 2180 1296 2235 dixissem
1325 2199 1336 2234 :
1371 2179 1516 2243 Quid
1547 2180 1682 2250 agis,
1724 2181 1912 2247 Pater,
1999 2179 2254 2236 affectam
2281 2185 2569 2256 supplicio.
2602 2187 2761 2251 Quod
2792 2190 2840 2244 si
2880 2194 3179 2250 mansisset
3213 2197 3271 2250 in
3310 2216 3377 2253 ea
3419 2219 3589 2271 quam

318 2273 380 2326 in
403 2277 564 2326 tanta
582 2275 866 2325 senectute
892 2270 1281 2341 corpusculum
1303 2275 1463 2323 tuum
1495 2269 1750 2323 occidens
1773 2270 1916 2324 calo-
1998 2269 2066 2323 ab
2095 2271 2258 2326 initio
2288 2275 2608 2330 ostenderat
2637 2281 2987 2348 austeritate,
3020 2285 3240 2354 rogavit
3266 2293 3330 2341 ut
3358 2269 3592 2363 eat—sup-

317 2360 474 2415 ribus
501 2358 986 2413 intolerabilibus?
1007 2358 1316 2429 Respondit
1341 2357 1498 2424 mihi,
1517 2357 1708 2412 dicens
1733 2376 1745 2410 :
1769 2358 1914 2412 Illud
1996 2359 2158 2428 plicio
2187 2361 2384 2416 affecta
2411 2370 2743 2434 moreretur,
2774 2385 2864 2433 ne,
2898 2369 3107 2438 dicens,
3123 2373 3246 2428 viva
3265 2393 3449 2431 meam
3463 2357 3589 2434 irri-

318 2466 412 2504 me
432 2449 648 2514 occidit,
683 2465 787 2519 ego
810 2464 1030 2519 quoque
1050 2448 1236 2518 ipsum
1265 2447 1531 2501 occidam.
1567 2447 1912 2501 Comedebat
1993 2447 2122 2501 deat
2145 2449 2952 2522 intemperantiam.Producta
2971 2465 3161 2515 autem
3181 2470 3312 2520 ante
3339 2467 3586 2524 tribunal

317 2544 509 2592 autem
527 2537 763 2607 singulis
781 2535 976 2590 diebus
995 2549 1090 2590 sex
1102 2536 1293 2590 uncias
1306 2535 1550 2606 panis,et
1563 2535 1910 2589 minutorum
1990 2535 2145 2606 virgo
2174 2537 2352 2605 fortis,
2383 2540 2615 2596 diversis
2642 2545 2712 2598 ad
2742 2561 2936 2616 poenas
2964 2551 3265 2608 sumendas
3294 2571 3604 2628 compara~

317 2627 535 2680 olerum
561 2625 886 2680 fasciculum
911 2625 984 2695 (4)
1013 2643 1027 2692 ;
1063 2641 1221 2695 aquae
1254 2628 1444 2678 autem
1474 2623 1698 2678 bibebat
1735 2625 1910 2679 modi-
1990 2625 2063 2685 tis
2089 2627 2498 2696 instrumentis,
2534 2648 2765 2703 corpore
2793 2634 2898 2689 fuit
2925 2639 3255 2708 excruciata,
3290 2648 3347 2697 et
3386 2623 3585 2700 adver-

314 2732 445 2770 cum
475 2716 626 2786 quid.
660 2715 838 2770 Deum
866 2718 1056 2767 autem
1083 2717 1261 2767 testor
1309 2729 1397 2767 me
1445 2729 1736 2783 nunquam
1779 2729 1908 2766 eum
1989 2730 2084 2768 sus
2114 2717 2319 2771 multas
2343 2735 2407 2772 ac
2421 2720 2605 2774 varias
2627 2722 2873 2778 rationes
2899 2733 3088 2781 mente
3116 2732 3387 2801 tanquam
3407 2735 3582 2790 turris

314 2806 638 2876 cognovisse
667 2804 838 2876 pedes
868 2802 1200 2867 extendisse,
1234 2819 1346 2855 non
1375 2801 1567 2855 dedita
1585 2816 1752 2872 opera
1783 2801 1908 2856 dor-
1988 2804 2151 2860 ﬁrma
2170 2823 2234 2860 ac
2251 2806 2466 2861 stabilis
2486 2810 2801 2866 resistebat.
2819 2814 2973 2868 Inter
2993 2816 3371 2876 instrumenta
3390 2830 3582 2880 autem

311 2895 504 2948 miisse
533 2894 592 2948 in
622 2898 764 2960 toro,
788 2899 1066 2963 autsuper
1085 2891 1323 2957 lectum;
1356 2891 1453 2944 sed
1479 2907 1578 2962 per
1599 2895 1776 2944 totam
1805 2906 1906 2943 no-
1987 2895 2405 2965 suppliciorum,
2459 2899 2741 2954 crudelius
2771 2903 3051 2972 quoddam
3089 2909 3306 2964 caeteris
3336 2915 3584 2968 tormen-

310 2991 456 3038 ctem
489 2983 688 3037 sedens
717 2981 1047 3036 contexebat
1073 2981 1265 3035 funem
1295 2996 1361 3034 ex
1388 2979 1561 3034 ramis
1585 2979 1655 3049 (5)
1686 2979 1903 3050 palma-
1985 2987 2107 3036 tum
2135 2983 2206 3037 ab
2235 3001 2300 3038 eo
2331 2985 2425 3056 qui
2450 2991 2585 3042 tunc
2615 2995 2737 3043 erat
2759 2991 2934 3061 judex
2963 2994 3252 3052 inventum
3277 3005 3381 3054 est.
3414 3003 3585 3058 Jubet

309 3089 460 3139 rum,
482 3079 547 3126 ut
564 3088 635 3126 ex
655 3088 721 3126 eo
737 3070 843 3126 sibi
863 3071 1070 3125 victum
1085 3075 1328 3140 pararet.
1353 3069 1494 3123 Cum
1513 3073 1702 3123 autem
1713 3067 1897 3139 suspi-
1914 3073 1957 3133 Ο
1979 3073 2130 3127 enim
2159 3090 2426 3144 magnum
2481 3077 2718 3133 lebetem
2750 3079 2870 3150 pice
2899 3083 3176 3152 repletum
3204 3087 3581 3146 vehementis-

309 3177 470 3217 carer
499 3177 646 3229 eum,
678 3177 807 3214 cum
830 3159 1084 3214 adessem
1114 3159 1484 3224 solummodo,
1509 3164 1626 3212 tam
1648 3163 1900 3212 extrema
1983 3162 2123 3217 simo
2139 3163 2268 3233 igne
2287 3165 2534 3219 accendi.
2561 3167 2701 3221 Cum
2713 3167 2945 3224 bulliret
2965 3188 3096 3242 ergo
3118 3174 3210 3244 pix
3224 3179 3281 3229 et
3301 3177 3459 3233 valde
3490 3197 3578 3236 ar-

307 3267 486 3306 usum-
503 3267 624 3305 esse
635 3249 1049 3315 exercitatione,
1072 3248 1386 3302 sciscitatus
1399 3264 1524 3302 sum
1555 3253 1620 3302 ut
1643 3247 1846 3301 scirem
1867 3263 1900 3300 a
1981 3249 2158 3320 deret,
2191 3269 2487 3309 conversus
2507 3255 2578 3310 ad
2597 3256 2751 3311 illam
2775 3257 2996 3314 beatam
3025 3279 3200 3317 saevus
3231 3282 3456 3338 praeses,
3487 3268 3574 3325 di-

305 3339 686 3411 compluribus
699 3340 820 3409 ejus
833 3337 1218 3409 discipulis,an
1236 3342 1504 3407 perpetuo
1518 3340 1894 3390 utereturtam
1981 3340 2095 3394 xit:
2129 3341 2253 3407 Abi,
2278 3359 2412 3413 pare
2440 3344 2714 3400 voluntati
2744 3347 2957 3402 domini
2986 3351 3071 3405 tui
3094 3370 3106 3417 ;
3141 3337 3372 3425 aliaqui,
3397 3363 3462 3411 ut
3496 3358 3582 3414 in-

305 3435 569 3483 accurate.
595 3433 898 3498 exactaque
921 3426 1317 3482 exercitatione
1351 3445 1361 3479 :
1395 3426 1490 3496 qui
1515 3425 1742 3496 quidem
1774 3441 1896 3479 ma-
1977 3429 2392 3501 telligas,jubeo
2410 3436 2466 3485 te
2479 3432 2692 3488 devolvi
2709 3434 2766 3488 in
2795 3435 3166 3493 lebetem.llla
3189 3457 3315 3495 vero
3335 3459 3573 3515 respon-

305 3515 518 3572 nebant
532 3517 643 3588 ipsi
665 3533 885 3587 quoque
901 3515 1162 3586 deinceps
1186 3531 1456 3580 seorsum,
1491 3531 1550 3568 se
1568 3521 1718 3569 recte
1743 3520 1801 3569 et
1829 3533 1895 3569 ex
1977 3518 2076 3583 dit,
2092 3519 2280 3573 dicens
2313 3534 2324 3568 :
2359 3519 2520 3574 Absit
2555 3526 2619 3576 ut
2655 3522 2729 3577 sit
2749 3524 2923 3593 judex
2947 3526 3088 3581 adeo
3106 3527 3331 3600 iniquus
3363 3532 3457 3603 qui
3481 3550 3572 3588 me

302 3606 512 3660 virtute
529 3606 894 3677 gerentes.Hi
924 3604 1065 3659 mihi
1095 3604 1357 3658 dixerunt
1376 3604 1523 3675 quod
1551 3605 1894 3674 ajuventute
1971 3606 2168 3677 jubeat
2195 3624 2392 3679 parere
2422 3609 2639 3664 libidini
2667 3616 2724 3665 et
2743 3612 3214 3686 intemperantiae.
3247 3619 3348 3674 Ille
3375 3621 3568 3693 itaque

301 3697 474 3750 vitam
501 3711 662 3749 suam
689 3695 771 3748 ita
789 3693 1052 3760 instituit,
1068 3709 1358 3764 nunquam
1377 3693 1568 3746 dedita
1578 3709 1748 3763 opera
1769 3693 1894 3748 dor-
1973 3695 2161 3751 furore
2189 3697 2453 3768 percitus,
2473 3699 2637 3768 jubet
2659 3717 2782 3755 eam
2799 3703 3016 3770 exui,et
3042 3705 3102 3759 in
3128 3706 3368 3763 lebetem
3390 3710 3573 3780 injici.

299 3785 484 3839 miens
511 3784 617 3839 nisi
639 3784 788 3856 quod
815 3783 964 3838 inter
1002 3782 1347 3855 operandum
1373 3783 1457 3836 vel
1485 3782 1892 3836 comedendum
1975 3786 2078 3840 Illa
2105 3801 2234 3840 vero
2259 3803 2450 3841 vocem
2474 3788 2696 3855 emittit,
2730 3790 2920 3846 dicens
2953 3812 2964 3846 :
2999 3794 3108 3847 Per
3126 3802 3296 3866 caput
3324 3797 3568 3870 impera-

299 3873 604 3944 aliquando
632 3872 955 3927 convivebat
983 3871 1161 3926 oculis
1189 3872 1419 3941 dejectis
1444 3889 1457 3938 ;
1491 3871 1628 3924 adeo
1657 3878 1723 3924 ut
1748 3887 1891 3942 saepe
1972 3870 2110 3924 toris
2137 3868 2256 3942 (l0)
2285 3887 2451 3942 quem
2477 3878 2540 3926 tu
2562 3873 2746 3941 times,
2771 3875 2818 3928 si
2839 3877 3086 3932 statuisti
3101 3879 3180 3934 sic
3195 3897 3283 3935 me
3297 3868 3570 3954 supplicio

298 3963 462 4034 panis
482 3978 702 4032 quoque
721 3959 794 4030 (6)
824 3978 889 4016 ex
909 3963 1031 4032 ejus
1061 3978 1158 4015 ore
1187 3961 1468 4015 excideret
1486 3977 1616 4014 esus
1637 3965 1890 4030 tempore
1972 3958 2217 4025 afficere,
2241 3977 2311 4014 ne
2327 3961 2564 4030 jusseris
2584 3979 2674 4016 me
2699 3965 2854 4032 exui;
2889 3965 2986 4019 sed
3008 3966 3145 4036 jube
3167 3985 3258 4023 me
3287 3973 3564 4041 paulatim

296 4057 530 4124 prepter
556 4051 788 4105 nimiam
809 4051 1282 4105 dormitationem.
1310 4050 1451 4103 Cum
1469 4055 1660 4103 autem
1673 4065 1776 4119 ego
1794 4049 1892 4102 ali-
1971 4047 2030 4101 in
2058 4048 2238 4118 picem
2259 4048 2567 4105 ferventem
2584 4051 2828 4120 demitti,
2845 4059 2911 4108 ut
2924 4055 3112 4110 videas
3136 4064 3407 4128 quantam
3424 4063 3563 4119 mihi

297 4141 523 4212 quando
555 4157 811 4210 cogerem
837 4141 986 4194 hunc
1007 4144 1265 4193 sanctum
1288 4139 1578 4208 paululum
1590 4139 1778 4207 jacere
1799 4155 1890 4192 su-
1971 4135 2209 4206 largitus
2241 4143 2326 4190 est
2347 4138 2678 4208 patientiam
2717 4141 2972 4197 Christus
3005 4161 3173 4215 quem
3209 4151 3271 4201 tu
3313 4148 3559 4218 ignoras.

291 4246 394 4301 per
406 4235 671 4291 stoream.
704 4245 849 4298 aegre
868 4228 1053 4283 ferens
1073 4227 1213 4281 mihi
1233 4226 1396 4280 dixit:
1423 4227 1480 4281 Si
1502 4227 1724 4297 quando
1755 4243 1886 4297 per-
1970 4224 2102 4289 Quae
2142 4225 2222 4278 sic
2250 4226 2524 4296 paulatim
2569 4227 2812 4282 demissa
2841 4231 3022 4300 spatio
3051 4234 3225 4289 trium
3268 4237 3557 4306 horarum,

294 4319 542 4373 suaseris
569 4317 786 4388 angelis
813 4322 879 4371 ut
909 4317 1212 4382 dormiant,
1241 4319 1363 4370 tum
1385 4314 1606 4370 virtutis
1636 4315 1885 4371 studioso
1901 4389 1938 4393 _
1969 4314 2160 4369 emisit
2187 4314 2449 4385 spiritum
2471 4331 2596 4370 cum
2614 4317 2705 4387 pix
2728 4318 3073 4387 pervenisset
3095 4322 3167 4376 ad
3187 4324 3235 4393 ej
3245 4339 3309 4378 us
3328 4326 3553 4382 collum.

294 4423 514 4477 quoque
545 4405 906 4478 persuaseris.
1900 4389 1950 4448 D
2586 4405 2820 4460 CAPUT
2850 4407 2943 4461 IV.

363 4495 618 4560 Quodam
647 4501 834 4551 autem
864 4495 955 4549 die
972 4495 1042 4548 ad
1061 4497 1294 4565 puteum
1313 4509 1478 4548 suum
1492 4509 1581 4546 me
1598 4493 1752 4548 misit
1772 4495 1882 4548 cir-
2404 4494 2520 4548 Vita
2550 4494 2567 4528 ¹
2601 4496 2830 4562 Didymi
2859 4495 2962 4568 (11)
2986 4500 3124 4554 orbi.

291 4603 358 4640 ca
384 4586 584 4640 horam
612 4602 839 4652 nonam,
857 4590 924 4639 ut
939 4584 1233 4655 implerem
1261 4583 1481 4649 cadum,
1497 4599 1606 4654 quo
1627 4600 1691 4638 eo
1711 4583 1771 4637 in
1799 4600 1883 4639 re-
2034 4583 2319 4638 Plurimus
2341 4599 2474 4654 ergo
2489 4587 2665 4639 ccetus
2676 4590 2998 4642 sanctorum
3018 4589 3265 4646 virorum
3283 4597 3341 4648 et
3360 4593 3557 4652 mulie-

287 4675 528 4730 fectione
565 4680 819 4729 uteretur
864 4690 995 4728 cum
1049 4673 1288 4727 instaret
1336 4673 1475 4727 hora
1518 4672 1625 4727 cibi
1663 4673 1883 4744 capien-
1963 4687 2087 4724 rum
2109 4678 2242 4726 tunc
2262 4672 2369 4726 fuit
2384 4679 2804 4728 consummatus
2836 4674 2892 4729 in
2908 4678 3142 4734 ecclesia
3158 4681 3553 4755 Alexandrina,

289 4764 366 4818 di.
419 4763 638 4818 Accidit
672 4769 858 4819 autem
911 4768 977 4817 ut
1033 4779 1163 4818 cum
1202 4761 1578 4829 accessissem,
1623 4762 1769 4816 infra
1821 4762 1880 4816 in
1963 4761 2058 4831 qui
2083 4766 2216 4815 sunt
2241 4761 2452 4816 inventi
2473 4762 2628 4834 digni
2646 4769 2799 4818 terra
2814 4765 3228 4824 mitium.Inter
3253 4788 3392 4842 quos
3421 4790 3557 4830 con-

287 4858 458 4925 puteo
491 4853 732 4908 viderem
762 4853 1032 4923 aspidem,
1077 4857 1134 4906 et
1171 4870 1286 4923 prae
1324 4857 1479 4905 metu
1522 4867 1730 4922 aquam
1772 4853 1879 4907 mi-
1961 4856 2277 4905 summatur
2300 4856 2351 4916 ’Ξ
2373 4857 2407 4917 ι
2435 4858 2473 4917 ι
2500 4853 2670 4906 etiam
2697 4853 2894 4910 beatus
2915 4857 3156 4927 scriptor
3178 4859 3558 4935 Didymusqui

284 4942 436 4996 nime
462 4942 767 5007 haurirem,
801 4942 900 4996 sed
945 4942 1219 4996 currendo
1263 4957 1517 4995 reversus
1554 4940 1605 4994 ei
1649 4942 1878 4995 nuntia-
1960 4939 2066 4993 fuit
2089 4939 2257 4993 orbus
2282 4938 2571 5008 (-12).Cum
2595 4959 2704 5012 quo
2726 4942 2833 4996 fuit
2848 4945 2984 4998 mihi
2999 4951 3548 5022 quatercongressio,

284 5047 426 5099 rem,
460 5031 648 5085 dicens
680 5049 692 5084 :
722 5031 1017 5096 Periimus,
1041 5030 1202 5096 abba,
1219 5030 1328 5084 vidi
1354 5030 1504 5084 enim
1523 5029 1778 5100 aspidem
1796 5031 1879 5084 in-
1959 5043 2088 5082 cum
2117 5027 2309 5082 decem
2338 5045 2616 5084 annorum
2647 5030 2944 5102 interjecto
2979 5035 3270 5092 intervallo
3307 5041 3379 5094 ad
3425 5059 3556 5097 eum

282 5120 453 5175 ferius
479 5120 533 5172 in
557 5124 744 5190 puteo.
790 5120 889 5174 Ille
919 5126 1107 5173 autem
1137 5119 1371 5173 honeste
1396 5117 1712 5183 subridens,
1743 5136 1877 5190 quo—
1960 5117 2356 5188 proficiscerer.
2393 5119 2445 5172 Is
2489 5123 2677 5173 autem
2719 5129 3144 5178 consummatur
3182 5132 3349 5182 natus
3378 5145 3556 5186 annos

282 5211 434 5264 niam
462 5210 571 5263 mei
591 5225 855 5279 magnam
875 5208 1115 5262 habebat
1139 5209 1436 5274 rationem,
1453 5213 1510 5262 et
1538 5214 1707 5279 caput
1736 5226 1878 5279 qua»
1959 5206 2241 5276 octoginta
2267 5206 2532 5277 quinque.
2569 5208 2696 5262 Fuit
2724 5215 2913 5264 autem
2934 5211 2983 5264 is
3013 5212 3199 5282 orbus,
3235 5220 3290 5270 et
3311 5219 3405 5288 qui
3426 5235 3556 5275 cum

281 5299 446 5364 tiens,
481 5297 622 5352 dixit
656 5317 666 5352 :
695 5299 753 5352 Si
779 5299 961 5352 visum
990 5298 1159 5351 fuerit
1183 5297 1404 5351 diabolo
1429 5297 1488 5351 in
1513 5313 1736 5352 omnem
1766 5316 1873 5368 pu-
1958 5301 2107 5348 esset
2135 5300 2377 5366 quatuor
2401 5312 2576 5350 annos
2607 5303 2793 5364 natus,
2837 5301 3024 5354 oculos
3056 5304 3326 5372 amiserit,
3351 5312 3415 5360 ut
3433 5307 3554 5379 ipse

279 5393 436 5442 teum
464 5387 694 5457 injicere
724 5393 1032 5458 serpentes,
1065 5391 1117 5441 et
1149 5387 1389 5457 aspides,
1423 5386 1506 5440 vel
1535 5387 1867 5454 testudines,
1955 5385 2094 5437 mihi
2115 5385 2648 5456 narravit;etneque
2669 5387 2886 5442 litteras
2899 5389 3301 5465 didicit,neque
3315 5396 3552 5450 ventita-

278 5481 380 5532 aut
395 5475 798 5548 aliajvenenata
809 5476 1158 5544 animalia,in
1174 5492 1368 5530 omnes
1382 5474 1562 5530 fontes
1572 5492 1867 5546 aquarum,
1953 5474 2033 5529 vit
2044 5474 2112 5529 ad
2130 5474 2782 5546 praeceptoresﬂabebat
2795 5479 2946 5536 enim
2965 5482 3270 5538 secundum
3288 5488 3550 5544 naturam

348 5601 366 5635 ί
401 5601 506 5658 Hic
531 5600 806 5679 Didymus
834 5600 998 5658 initio
1026 5601 1322 5658 sanctitate
1355 5605 1413 5657 et
1439 5599 1696 5658 doctrina
1722 5601 1926 5672 clarus,
1961 5599 2032 5656 ad
2062 5604 2397 5668 extremum,
2434 5599 2776 5671 Origenista.
