4008 6210
413 272 550 331 1095

1507 265 1601 320 DE
1636 265 1825 320 VITIS
1863 264 2160 321 PATRUM
2196 265 2412 322 LIBER
2447 266 2597 321 VIII.

3541 264 3674 322 1096

409 392 738 463 magistram
763 390 985 444 ﬁrmam
1009 404 1074 443 ac
1103 387 1366 455 validam,
1403 391 1687 461 propriam
1717 391 1999 446 conscien-
2016 393 2064 452 A
2083 409 2224 447 nens
2251 392 2462 459 linum;
2503 391 2736 462 reliquis
2755 397 2946 447 autem
2964 392 3120 447 horis
3150 396 3340 446 mente
3357 391 3580 446 revolvo
3604 392 3677 446 vi-

409 483 567 537 tiam.
582 483 762 536 Tanta
790 484 979 534 autem
997 478 1268 549 spiritalis
1292 479 1625 550 cognitionis
1646 481 1754 534 fuit
1776 497 2006 536 exorna-

406 577 501 626 tus
536 571 738 641 gratia,
773 574 838 624 ut
865 585 1058 622 revera
1087 568 1419 638 impleretur
1461 569 1520 622 in
1557 586 1622 623 eo
1670 570 1820 639 quod
1872 571 2006 624 scri-

409 666 570 732 ptum
614 665 702 714 est
749 677 760 711 :
811 658 1085 712 Dominus
1132 658 1417 712 illuminat
1449 656 1558 727 (13)
1617 675 1789 713 caecos
1836 662 1999 726 (Psal.

401 749 566 818 CXLV)
581 789 592 801 .
607 749 781 803 Vetus
798 747 949 802 enim
978 752 1036 800 et
1055 763 1261 800 novum
1280 747 1706 802 Testamentum
1736 749 2007 819 interpre-

408 837 636 892 tabatur
661 837 733 892 ad
762 836 992 891 verbum
1028 854 1042 891 :
1087 837 1354 906 dogmata
1397 841 1586 890 autem
1621 836 1900 891 subtiliter
1949 841 2006 891 et

409 931 526 982 tam
545 932 770 982 strenue
792 924 1192 998 exponebat,ut
1215 942 1410 981 omnes
1425 930 1642 980 veteres
1657 925 1891 981 scientia
1907 943 2003 981 su-

409 1016 640 1087 perarit.

481 1107 536 1161 Is
563 1121 688 1160 cum
721 1105 1022 1175 aliquando
1050 1121 1141 1159 me
1159 1109 1383 1175 cogeret
1411 1105 1470 1159 in
1504 1105 1645 1162 cella
1674 1105 1854 1160 facere
1883 1121 2006 1160 ora-

412 1196 642 1259 tionem,
669 1211 773 1265 ego
793 1199 984 1248 autem
1012 1195 1240 1260 nollem,
1269 1194 1406 1248 mihi
1437 1194 1576 1248 dixit
1596 1211 1832 1248 narrans
1863 1213 1873 1247 :
1898 1195 2008 1248 Ter

412 1285 468 1338 in
503 1284 649 1338 hanc
663 1283 863 1338 cellam
883 1283 1171 1353 ingressus
1193 1289 1278 1337 est
1293 1283 1490 1337 beatus
1510 1284 1807 1349 Antonius,
1829 1289 1895 1338 ut
1918 1300 2006 1336 me

413 1373 653 1439 viseret;
688 1373 783 1443 qui
811 1389 846 1426 a
868 1389 958 1426 me
985 1379 1212 1443 rogatus
1229 1377 1294 1426 ut
1319 1372 1526 1426 faceret
1544 1372 1874 1439 orationem,
1899 1378 2008 1426 sta-

413 1463 518 1516 tim
529 1479 679 1533 genu
697 1462 852 1516 ﬂexit
881 1462 940 1514 in
969 1462 1074 1515 hac
1092 1461 1250 1527 cella,
1264 1477 1448 1532 neque
1478 1462 1761 1515 commisit
1774 1467 1839 1516 ut
1858 1461 2008 1531 quod

414 1551 664 1606 dixeram
696 1551 902 1605 iterum
929 1556 1262 1621 repeterem,
1295 1567 1358 1604 re
1397 1550 1519 1621 ipsa
1549 1551 1778 1620 quidem
1803 1551 2008 1605 docens

414 1640 473 1694 in
502 1640 837 1695 obedientia.
871 1639 1056 1703 Quare
1083 1639 1130 1693 si
1155 1645 1220 1693 tu
1237 1655 1460 1711 quoque
1488 1641 1610 1709 ejus
1629 1640 1754 1694 vitae
1772 1640 2009 1710 vestigia

2085 487 2205 536 tam
2235 487 2556 536 sanctorum
2588 481 2841 546 Patrum,
2858 488 2914 535 et
2932 481 3399 552 patriarcharum,
3422 486 3481 534 et
3499 486 3679 535 certa-

2088 571 2242 624 mina
2293 571 2586 624 beatorum
2634 570 3035 641 apostolorum,
3069 577 3127 624 et
3172 570 3596 641 prephetarum,
3629 577 3684 623 et

2087 665 2422 730 martyrum.
2443 661 2747 730 Postquam
2762 665 2952 714 autem
2969 659 3284 713 adventarit
3299 675 3686 731 vespera,cum

2087 749 2388 802 Dominum
2421 765 2610 802 meum
2633 749 3038 818 glorificavero,
3080 749 3266 803 cibum
3303 749 3467 819 panis
3501 748 3682 819 capio,

2089 837 2359 908 plurimas
2385 838 2554 892 horas
2582 837 2762 892 noctis
2810 854 3170 908 perseverans
3217 838 3277 892 in
3322 838 3598 903 oratione,
3633 842 3690 891 et

2087 928 2258 981 finem
2291 931 2636 998 exspectans,
2679 927 2903 998 quando
2933 927 3064 981 hinc
3101 927 3377 981 dissolvar
3415 943 3547 981 cum
3590 942 3689 998 spe

2086 1015 2252 1081 bona,
2288 1020 2345 1070 et
2373 1015 2654 1087 apparebo
2684 1021 2816 1070 ante
2845 1015 3044 1070 faciem
3073 1017 3282 1071 Christi
3307 1015 3432 1070 Dei.

2158 1106 2284 1159 Non
2314 1104 2742 1176 praetermittam
2769 1109 2960 1160 autem
2984 1105 3043 1159 in
3074 1107 3398 1159 narratione
3418 1121 3516 1158 eos
3545 1119 3688 1174 quae

2089 1209 2197 1264 que
2217 1193 2313 1264 qui
2334 1194 2415 1248 ita
2443 1193 2718 1261 vixerunt,
2738 1201 2802 1248 ut
2828 1195 3070 1265 speciem
3085 1195 3312 1264 quidem
3335 1211 3450 1265 prae
3479 1209 3542 1246 se
3570 1192 3689 1246 fer-

2090 1288 2215 1336 rent
2245 1283 2471 1353 pietatis
2500 1299 2565 1336 ac
2593 1283 2916 1354 religionis;
2955 1283 3052 1336 sed
3082 1299 3207 1336 eam
3235 1287 3686 1344 contemnerent,

2090 1372 2160 1425 ad
2181 1372 2404 1426 laudem
2436 1372 2665 1443 quidem
2694 1389 2890 1426 eorum
2918 1372 3014 1442 qui
3040 1378 3191 1426 recte
3218 1378 3276 1427 et
3302 1389 3370 1426 ex
3399 1372 3610 1426 virtute
3630 1386 3692 1424 se

2087 1466 2312 1531 gerunt,
2347 1465 2404 1515 et
2422 1466 2486 1516 ut
2515 1461 2665 1516 cauti
2694 1461 2809 1515 sint
2837 1466 2894 1514 et
2917 1461 3120 1515 attenti
3150 1462 3245 1532 qui
3276 1462 3495 1532 legunt.

2706 1549 2941 1605 CAPUT
2969 1551 3065 1604 VI.

2089 1641 2163 1694 De
2181 1641 2423 1709 quadam
2455 1641 2674 1709 Virgine
2685 1656 2801 1709 qua
2822 1641 3106 1694 laborabat
3119 1655 3307 1693 amore
3325 1641 3687 1694 divitiarum.

415 1729 685 1801 sequeris,
701 1735 765 1783 ut
791 1729 887 1800 qui
908 1729 988 1782 sis
1010 1728 1316 1783 monachus
1334 1733 1392 1782 et
1409 1728 1611 1798 hospes
1629 1727 1698 1783 ob
1718 1729 2004 1796 virtutem,
2027 1713 2072 1772 Β
2162 1731 2297 1784 Erat
2327 1729 2581 1800 quaedam
2620 1729 2970 1783 Alexandriae
3017 1729 3174 1799 virgo
3215 1729 3400 1782 solum
3440 1729 3686 1792 nomine,

415 1836 639 1874 omnem
668 1819 884 1889 depone
912 1817 1347 1871 contentionem.

487 1909 588 1963 Hic
616 1908 737 1979 ipse
762 1908 866 1961 hoc
884 1923 1106 1977 quoque
1130 1906 1271 1960 mihi
1291 1906 1541 1960 narravit
1565 1924 1575 1959 :
1599 1906 1742 1960 Cum
1765 1906 2010 1978 quodam

416 1999 527 2064 die,
550 1997 757 2065 aiebat,
783 1998 852 2050 de
863 1997 979 2050 vita
992 1996 1183 2050 miseri
1202 1996 1230 2050 ,Ι
1237 1996 1411 2051 uliani
1432 1996 1801 2067 imperatoris,
1817 2001 2010 2067 utpote

416 2085 805 2158 persecutoris,
863 2102 1044 2139 essem
1086 2085 1377 2149 sollicitus,
1429 2091 1486 2138 et
1517 2085 1704 2139 animo
1751 2101 2007 2155 angerer,

416 2175 617 2230 accidit
642 2179 706 2228 ut
733 2177 963 2245 propter
990 2174 1135 2227 hanc
1159 2173 1592 2228 sollicitudinem
1631 2174 1702 2228 ad
1722 2190 2012 2245 vesperam

416 2281 594 2334 usque
627 2278 816 2317 seram
842 2263 993 2316 nihil
1011 2263 1390 2328 comederem;
1415 2267 1472 2315 et
1499 2277 1627 2316 cum
1652 2261 1711 2316 in
1740 2263 1901 2316 sedili
1930 2279 2014 2316 se-

417 2353 626 2419 derem,
649 2369 740 2406 me
764 2367 998 2406 somnus
1028 2350 1388 2421 opprimeret,
1411 2357 1469 2404 et
1488 2351 1735 2404 viderem
1762 2351 1822 2404 in
1837 2351 2010 2405 extasi

418 2458 592 2513 equos
621 2441 777 2496 albos
805 2457 932 2495 cum
958 2439 1330 2494 insessoribus
1377 2445 1784 2510 percurrentes,
1820 2447 1877 2494 et
1905 2456 2009 2494 an-

417 2532 745 2586 nuntiantes
765 2552 776 2585 :
801 2529 980 2584 Dicite
999 2529 1431 2600 Didymo,hodie
1450 2529 1589 2582 hora
1600 2530 1840 2599 septima
1854 2546 2007 2583 mor-

399 2628 549 2686 ,tuus
578 2625 666 2674 est
691 2619 976 2684 Julianus;
1019 2633 1186 2686 surge
1219 2633 1352 2686 ergo
1381 2623 1438 2671 et
1473 2618 1702 2672 comede
1734 2635 1745 2671 :
1773 2623 1831 2673 et
1859 2619 2008 2688 quod

418 2716 482 2765 tu
503 2709 631 2776 scis,
659 2708 891 2762 domum
919 2706 1082 2760 mitte
1097 2705 1166 2759 ad
1188 2705 1512 2776 episc0pum
1530 2706 1922 2774 Athanasium,
1945 2712 2011 2761 ut

419 2799 514 2852 ille
534 2813 756 2869 quoque
783 2796 889 2850 hoc
917 2795 1073 2850 sciat.
1106 2795 1307 2849 Notavi
1333 2800 1542 2862 autem,
1589 2796 1792 2867 inquit,
1827 2801 1886 2851 et
1910 2797 2012 2850 ho-

2089 1819 2285 1874 habitu
2309 1818 2534 1888 quidem
2556 1818 2986 1885 humilis,animi
3005 1825 3195 1873 autem
3215 1817 3479 1872 instituto
3499 1835 3687 1889 parca,

2091 1907 2336 1979 superba
2354 1908 2688 1973 etinsolens,
2713 1913 2772 1962 et
2793 1907 3052 1961 laborans
3079 1906 3336 1972 avaritia,
3356 1907 3483 1962 auri
3507 1908 3694 1978 potius

2093 2013 2263 2068 quam
2292 1997 2500 2051 Christi
2529 2013 2725 2051 amans
2759 2015 2771 2049 :
2803 2013 2868 2050 ex
2893 1996 3060 2050 rebus
3090 1996 3206 2050 suis
3249 1996 3392 2051 nulli
3435 2013 3694 2067 unquam

2095 2087 2380 2155 exhibens,
2409 2103 2523 2142 non
2553 2086 2780 2157 hospiti,
2811 2103 2922 2140 non
2949 2085 3185 2157 pauperi
3205 2090 3304 2140 aut
3321 2085 3555 2150 afﬂicto,
3579 2100 3694 2138 non

2095 2178 2388 2244 monacho,
2438 2193 2550 2231 non
2593 2176 2814 2246 virgini,
2873 2192 2986 2230 non
3037 2173 3282 2230 ecclesia:
3324 2174 3411 2228 vel
3460 2173 3693 2228 obolum

2093 2266 2375 2321 unum.Ea
2395 2265 2588 2320 multis
2610 2271 2934 2319 sanctorum
2955 2265 3191 2318 Patrum
3211 2263 3696 2318 admonitionibus

2093 2354 2343 2418 incitata,
2377 2369 2491 2408 non
2535 2352 2842 2424 repellebat
2875 2369 3043 2422 grave
3091 2352 3310 2423 pondus
3338 2351 3692 2406 divitiarum.

2091 2444 2226 2498 Erat
2253 2448 2444 2498 autem
2474 2443 2524 2496 ei
2546 2459 2768 2513 quoque
2787 2458 2986 2512 genus,
3006 2459 3070 2496 ex
3102 2459 3213 2513 quo
3241 2441 3450 2496 sororis
3480 2457 3596 2495 sum
3623 2443 3696 2495 ﬁ-
3731 2475 3738 2482 -

2090 2530 2221 2585 liam
2251 2531 2310 2584 in
2339 2531 2512 2585 ﬁliam
2533 2530 2914 2601 adoptaverat.
2935 2529 3038 2583 Cui
3054 2534 3224 2582 noctu
3245 2534 3303 2582 et
3320 2528 3412 2582 die
3434 2544 3541 2582 sua
3565 2529 3698 2599 pol-

2091 2619 2384 2685 licebatur,
2399 2636 2525 2674 cum
2552 2619 2676 2690 ipsa
2701 2617 3003 2673 excidisset
3025 2615 3096 2671 ab
3113 2616 3311 2688 opibus
3338 2615 3686 2670 caelestibus.

2092 2709 2236 2762 Nam
2257 2708 2376 2761 hec
2397 2723 2619 2778 quoque
2647 2710 2735 2760 est
2752 2722 2868 2760 una
2885 2705 3098 2776 species
3117 2704 3330 2759 fraudis
3358 2703 3698 2774 diaboli,qui

2095 2802 2368 2868 praetextu
2398 2796 2605 2851 amoris
2648 2795 2708 2850 in
2754 2800 3042 2866 cognatos,
3093 2793 3267 2848 efﬁcit
3311 2798 3378 2848 ut
3422 2797 3699 2847 nascatur

418 2903 561 2955 ram,
594 2891 651 2941 et
677 2886 846 2953 diem,
879 2890 937 2940 et
963 2883 1389 2951 hebdomadem,
1425 2891 1483 2940 et
1509 2901 1782 2952 mensem,
1834 2891 1891 2940 et
1935 2885 2015 2940 sic
2097 2889 2349 2944 avaritia.
2384 2890 2529 2943 Nam
2559 2888 2708 2960 quod
2755 2888 2809 2942 ei
2844 2887 2999 2942 nulla
3027 2885 3103 2940 sit
3128 2901 3264 2940 cura
3286 2883 3528 2955 generis,
3558 2882 3704 2937 hinc

419 2976 623 3034 inveni.

1046 3063 1280 3118 CAPUT
1317 3064 1382 3117 V.

959 3153 1287 3206 Alexandros
1345 3154 1480 3206 Vita.

490 3242 756 3299 Narravit
767 3245 959 3296 autem
973 3241 1111 3295 mihi
1129 3257 1351 3311 quoque
1361 3241 1452 3294 hic
1469 3239 1667 3295 beatus
1683 3239 1751 3295 de
1770 3242 2012 3312 quadam

421 3333 642 3398 ancilla,
675 3331 903 3386 nomine
933 3329 1267 3395 Alexandra,
1319 3346 1440 3401 quae
1469 3331 1665 3384 relicta
1704 3330 1926 3386 civitate
1954 3330 2014 3385 in

419 3423 766 3477 monimento
790 3437 850 3474 se
881 3419 1124 3485 inclusit,
1157 3435 1258 3490 per
1294 3418 1544 3474 foramen
1571 3419 1850 3490 accipiens
1887 3436 2012 3491 qua;

418 3516 581 3566 erant
602 3509 932 3574 necessaria,
967 3524 1148 3579 neque
1183 3508 1241 3562 in
1268 3509 1515 3564 virorum
1536 3525 1718 3581 neque
1739 3509 1796 3564 in
1818 3510 2011 3564 mulie-

417 3617 541 3655 rum
581 3605 941 3671 conspectum
983 3597 1212 3652 veniens
1251 3598 1433 3668 spatio
1477 3597 1670 3652 decem
1710 3615 2008 3653 annorum.

416 3690 642 3744 Decimo
669 3695 858 3743 autem
885 3703 1032 3741 anno
1056 3687 1216 3742 aiunt
1242 3686 1487 3752 beatam,
1529 3703 1657 3740 cum
1688 3687 2006 3753 dormisset,

416 3778 662 3849 seipsam
683 3777 1080 3851 composuisse,
1103 3775 1242 3829 adeo
1260 3782 1326 3829 ut
1345 3791 1468 3845 quae
1483 3775 1648 3828 solita
1659 3781 1782 3829 erat
1795 3776 1866 3829 ad
1886 3792 2011 3830 eam

416 3867 627 3933 venire,
658 3883 788 3920 cum
812 3865 893 3918 illi
921 3881 1035 3918 non
1065 3864 1460 3934 respondisset,
1477 3863 1636 3918 nobis
1658 3866 2013 3919 renuntiave-

416 3955 512 4009 rit.
562 3956 705 4008 Cum
759 3970 862 4007 nos
912 3968 1044 4022 ergo
1084 3952 1531 4019 accessissemus,
1580 3959 1637 4007 et
1677 3953 2011 4010 monimenti

416 4043 620 4098 ostium
652 4042 1077 4111 amovissemus,
1126 4041 1368 4112 ingressi
1396 4058 1591 4097 sumus
1613 4047 1671 4097 et
1697 4042 2010 4098 invenimus

416 4149 543 4186 eam
569 4131 935 4186 obdormisse.

486 4222 566 4276 De
578 4237 646 4275 ea
666 4227 855 4276 autem
866 4221 1088 4276 dicebat
1107 4220 1278 4275 etiam
1299 4219 1627 4275 beatissima
1643 4221 1886 4276 Melania
1903 4223 2009 4276 Ro-

2097 2982 2271 3048 patet.
2302 2977 2428 3048 Ipse
2457 2977 2609 3031 enim
2637 2976 2828 3031 docuit
2856 2981 2914 3030 et
2939 2977 3194 3040 fratrem,
3241 2980 3298 3028 et
3339 2976 3595 3038 matrem,
3635 2980 3704 3028 et

2031 3075 2075 3134 ί]
2098 3071 2316 3138 patrem
2336 3066 2608 3121 occidere.
2625 3066 2799 3137 quue
2822 3071 2874 3130 ιτ
2890 3072 2932 3132 ι
2945 3073 3006 3132 3
3033 3070 3120 3120 est
3137 3082 3202 3119 ex
3218 3063 3704 3134 Scripturisextra

2098 3156 2557 3210 controversiam.
2589 3155 2698 3210 Sed
2731 3155 2838 3209 tibi
2869 3154 3123 3209 videatur
3162 3152 3448 3208 nonnullis
3490 3165 3701 3204 curam

2099 3250 2464 3314 cognatorum
2493 3245 2742 3298 inserere
2762 3246 2937 3316 (Deut.
2968 3246 3082 3312 xu),
3104 3259 3219 3297 non
3247 3242 3353 3296 hoc
3375 3240 3506 3294 facit
3534 3239 3701 3310 quod

2095 3333 2206 3387 illis
2229 3333 2366 3387 bene
2385 3333 2536 3400 velit,
2570 3333 2668 3388 sed
2697 3339 2762 3388 ut
2786 3349 2979 3388 eorum
3006 3331 3102 3404 qui
3131 3331 3182 3386 ei
3215 3335 3414 3402 parent
3437 3328 3700 3382 animam

2095 3428 2287 3493 aperte
2317 3428 2570 3477 exerceat
2581 3424 2651 3477 ad
2680 3423 3035 3492 injustitiam,
3064 3437 3192 3476 cum
3214 3421 3336 3492 ipse
3354 3419 3491 3474 sciat
3508 3417 3699 3470 latam

2093 3511 2450 3578 sententiam,
2502 3529 2625 3583 quae
2663 3512 2841 3566 dicit:
2882 3510 3085 3580 Injusti
3134 3524 3373 3578 regnum
3424 3505 3526 3560 Dei
3570 3520 3702 3559 non

2093 3601 2458 3672 possidebunt
2479 3603 2526 3673 (Ι
2551 3603 2672 3657 Cor.
2701 3603 2788 3664 γι).
2809 3601 3002 3655 Potest
3024 3605 3214 3655 autem
3243 3596 3464 3668 aliquis,
3501 3600 3561 3649 et
3575 3595 3704 3665 spi-

2093 3691 2245 3744 ritali
2274 3696 2460 3745 motus
2487 3689 2875 3762 intelligentia,
2893 3694 2950 3743 et
2976 3687 3163 3743 divino
3191 3685 3482 3750 desiderio,
3498 3698 3699 3753 neque

2093 3796 2252 3833 suam
2284 3779 2569 3849 negligere
2593 3779 2862 3844 animam,
2895 3783 2954 3831 et
2980 3775 3231 3847 cognatis
3260 3789 3422 3845 opem
3444 3771 3608 3837 ferre,
3637 3772 3702 3825 si

2095 3869 2228 3940 quid
2242 3869 2322 3922 eis
2334 3868 2594 3922 defuerit.
2621 3867 2855 3932 Quando
2869 3871 3060 3920 autem
3086 3864 3211 3936 quis
3230 3863 3311 3917 ita
3325 3867 3499 3917 totam
3520 3877 3700 3916 suam

2093 3957 2340 4014 instituit
2369 3958 2636 4023 animam,
2651 3963 2718 4012 ut
2743 3973 2811 4010 ea
2837 3955 3180 4026 despiciatur
3197 3959 3256 4008 et
3277 3952 3548 4008 obruatur
3567 3967 3700 4022 pm

2092 4061 2230 4099 cura
2255 4051 2621 4116 cognatorum
2649 4044 2784 4114 (14),
2817 4044 2867 4098 is
2907 4043 3103 4098 incidit
3138 4043 3196 4096 in
3227 4042 3428 4112 legem,
3474 4046 3539 4094 ut
3590 4041 3704 4110 qui

2091 4153 2252 4191 suam
2281 4153 2382 4208 pro
2403 4153 2545 4191 vano
2565 4137 2805 4191 aestimet
2833 4134 3098 4188 animam.
3115 4131 3284 4187 Canit
3301 4136 3486 4185 autem
3504 4128 3699 4182 David

2093 4242 2314 4297 quoque
2332 4242 2490 4280 sacer
2508 4224 2973 4297 psalmographus
2993 4223 3062 4276 de
3080 4222 3148 4276 iis
3159 4221 3254 4292 qui
3274 4221 3473 4274 anime
3482 4234 3696 4272 curam

413 4327 601 4378 mana,
633 4313 794 4381 cujus
821 4311 994 4365 vitam
1021 4310 1263 4364 narrabo
1292 4315 1545 4380 tempore
1576 4317 1632 4364 et
1658 4311 1776 4364 loco
1817 4327 2009 4364 conve-
2088 4323 2314 4386 gerunt,
2336 4315 2394 4369 in
2408 4316 2612 4370 timore
2636 4315 2736 4382 Dei
2766 4314 2982 4368 dicens:
3011 4311 3147 4374 Quis
3171 4307 3435 4364 ascendet
3450 4308 3507 4361 in
3528 4323 3705 4362 mon-

367 4401 593 4486 ‘nienti
624 4403 820 4469 (Infra,
864 4401 970 4462 hic,
1003 4416 1118 4468 cap.
1149 4398 1299 4467 117).
1342 4399 1542 4468 Hujus,
1588 4399 1788 4470 inquit,
1831 4398 2011 4453 beatae
2031 4391 2209 4458 Dtem
2234 4404 2605 4474 Domini?pro
2628 4420 2692 4457 eo
2715 4401 2863 4474 quod
2886 4407 2990 4466 est,
3019 4415 3200 4454 rarus.
3225 4400 3341 4452 Aut
3359 4396 3482 4468 quis
3513 4393 3705 4486 stabit.

414 4490 611 4545 faciem
629 4505 742 4543 non
773 4489 927 4559 potui
948 4488 1189 4542 intueri:
1223 4493 1382 4541 stans
1404 4493 1592 4541 autem
1621 4504 1724 4557 ego
1749 4488 1897 4542 circa
1927 4489 2010 4542 fo-

415 4595 632 4644 ramen,
667 4593 791 4631 eam
820 4577 1010 4648 rogavi
1039 4581 1105 4630 ut
1117 4576 1258 4630 mihi
1286 4575 1499 4629 diceret
1526 4592 1751 4630 causam
1782 4582 2010 4648 propter

416 4686 586 4740 quam
615 4667 844 4721 secessit
871 4665 1100 4737 quidem
1132 4681 1166 4718 a
1185 4664 1428 4731 civitate,
1453 4665 1696 4735 seipsam
1718 4671 1906 4719 autem
1929 4667 2011 4720 in-

415 4758 580 4813 clusit
608 4757 971 4811 monimento.
1001 4755 1108 4809 Illa
1137 4758 1345 4819 autem,
1378 4753 1579 4824 inquit,
1632 4770 1732 4824 per
1757 4753 2011 4809 foramen

415 4863 506 4901 me
535 4851 622 4901 est
669 4847 927 4911 allocuta,
983 4843 1209 4898 dicens:
1242 4842 1502 4907 Quidam,
1560 4843 1761 4914 inquit,
1814 4843 2012 4898 insano

416 4935 529 4988 mei
561 4951 750 4989 amore
798 4932 1112 4998 tenebatur,
1145 4938 1201 4986 et
1237 4948 1307 4985 ne
1341 4948 1471 4986 eum
1508 4931 1729 4987 viderer
1757 4933 2014 4987 molestia

418 5023 660 5088 afficere,
687 5023 772 5077 vel
796 5024 852 5077 in
883 5021 1149 5076 invidiam
1173 5037 1389 5086 vocare,
1415 5020 1590 5074 malui
1611 5037 1700 5074 me
1732 5021 1913 5075 vivam
1952 5022 2012 5076 in

417 5111 523 5165 hoc
541 5111 951 5165 monimentum
977 5110 1200 5176 inferre,
1237 5125 1405 5180 quam
1451 5110 1731 5164 offendere
1763 5111 2010 5164 animam

419 5217 542 5272 quae
570 5198 716 5252 facta
738 5205 825 5253 est
853 5199 923 5254 ad
949 5200 1050 5252 Dei
1079 5199 1405 5269 imaginem.
1441 5199 1585 5253 Cum
1614 5204 1803 5253 autem
1835 5217 1938 5270 ego
1959 5200 2010 5253 ei

416 5289 680 5344 dixissem
713 5305 724 5340 :
753 5287 1040 5350 Quomodo
1069 5287 1214 5342 ferre
1248 5292 1425 5357 potes,
1459 5303 1621 5340 serva.
1647 5287 1856 5341 Christi
1886 5289 2006 5356 Dei,

416 5395 544 5434 cum
569 5377 723 5433 nullo
751 5376 980 5431 omnino
1001 5375 1260 5447 colloqui,
1307 5376 1405 5429 sed
1443 5376 1562 5429 sola
1602 5392 1854 5446 pugnare
1883 5394 2011 5432 cum

417 5469 635 5524 desidia
661 5472 718 5521 et
745 5463 1220 5536 cogitationibus?
1251 5464 1390 5518 mihi
1429 5464 1737 5534 respondit,
1770 5465 1962 5521 dicens
1996 5485 2007 5520 :

417 5560 467 5615 Α
493 5574 659 5615 mane
689 5571 867 5630 usque
909 5553 983 5609 ad
1019 5553 1216 5607 horam
1261 5569 1470 5608 nonam
1513 5569 1631 5620 oro,
1672 5569 1773 5625 per
1813 5554 2013 5610 horam

2093 4493 2150 4547 in
2192 4493 2311 4547 loco
2341 4497 2534 4547 sancto
2565 4491 2729 4562 ejus?
2760 4493 3033 4546 Innocens
3072 4487 3350 4551 manibus,
3389 4491 3445 4539 et
3471 4483 3701 4538 mundo

2097 4581 2282 4648 corde,
2317 4581 2413 4651 qui
2437 4596 2550 4634 non
2584 4579 2798 4650 accepit
2825 4579 2882 4632 in
2906 4593 3046 4632 vano
3067 4576 3315 4631 animam
3335 4588 3492 4628 suam
3514 4574 3697 4641 (Psal.

2095 4672 2276 4740 xxnl).
2313 4671 2401 4724 Illi
2431 4670 2583 4724 enim
2611 4670 2858 4724 animam
2888 4683 3048 4722 suam
3095 4666 3156 4721 in
3198 4681 3336 4718 vano
3380 4661 3700 4731 accipiunt,

2093 4760 2188 4831 qui
2211 4758 2531 4813 existimant
2550 4775 2675 4812 eam
2697 4756 2922 4812 dissolvi
2945 4771 3058 4810 una
3083 4771 3211 4810 cum
3239 4755 3343 4808 hac
3364 4749 3699 4818 caruncula,

2095 4846 2190 4916 qui
2222 4845 2458 4900 virtutes
2488 4845 2769 4917 spiritales
2797 4843 3110 4914 negligant.

2166 4933 2313 4989 Huic
2342 4934 2561 5005 virgini,
2581 4951 2706 5005 qum
2735 4933 2854 4988 solo
2880 4932 3105 4987 nomine
3132 4930 3238 4984 sibi
3267 4931 3568 5002 paraverat
3595 4943 3704 4998 ap-

2095 5023 2477 5095 pellationem,
2494 5023 2743 5077 moribus
2763 5026 2952 5077 autem
2981 5026 3105 5076 erat
3115 5019 3299 5074 aliena
3319 5019 3391 5072 ab
3413 5017 3702 5072 exercita-

2091 5111 2265 5178 tione,
2299 5129 2426 5166 cum
2453 5128 2672 5179 venam,
2694 5116 2758 5165 ut
2783 5110 3010 5176 dicitur,
3043 5109 3210 5162 vellet
3237 5106 3486 5160 incidere
3513 5105 3590 5158 ad
3621 5107 3706 5159 le-

2095 5201 2332 5254 vandam
2357 5201 2669 5267 avaritiam,
2698 5199 3087 5254 sanctissimus
3098 5195 3374 5253 Macarius
3401 5194 3507 5264 (15)
3538 5211 3702 5265 pres-

2094 5290 2258 5361 byter
2311 5296 2368 5344 et
2413 5291 2705 5361 praefectus
2757 5287 3171 5360 ptochotrophii
3205 5301 3400 5340 eorum
3430 5283 3525 5353 qui
3557 5290 3704 5338 sunt

2096 5400 2327 5454 corpore
2357 5385 2618 5452 mutilati,
2648 5384 2820 5438 talem
2850 5388 3037 5437 actum
3055 5380 3353 5451 excogitat.
3382 5379 3520 5432 Erat
3537 5379 3699 5432 enim

2094 5471 2142 5525 is
2171 5487 2205 5525 a
2227 5473 2525 5542 juventute
2553 5473 2862 5544 lapidarius
2889 5470 3016 5540 (16).
3048 5470 3134 5524 Ad
3163 5485 3288 5525 eam
3318 5471 3510 5521 autem
3541 5483 3703 5521 acceo

2094 5559 2251 5629 dens,
2285 5561 2419 5618 dicit
2460 5577 2471 5612 :
2510 5564 2575 5618 In
2631 5579 2722 5618 me
2769 5561 3090 5617 inciderunt
3137 5559 3381 5630 pulchrae
3426 5571 3693 5627 gemmae,
