4024 6206
255 256 398 316 1097

1526 256 1870 314 HISTORIA
1907 259 2281 316 LAUSIACA.

3388 262 3530 323 1098

257 383 544 455 smaragdi
573 388 631 438 et
658 383 945 455 hyacinthi
974 401 986 450 ;
1020 397 1123 437 nec
1150 383 1266 437 scio
1294 399 1367 437 an
1395 383 1509 438 sint
1544 383 1751 450 furtivi,
1786 400 1858 439 an
1877 389 1920 446 A
1941 385 2088 440 diem
2114 401 2290 440 unum
2311 388 2368 439 et
2390 383 2688 440 dimidium
2713 387 2837 442 veni
2859 388 2917 442 in
2935 394 3180 445 montem
3213 393 3284 447 ad
3313 398 3532 464 partem

261 476 505 545 alicujus
534 473 879 528 mercatoris.
909 474 1035 528 Non
1064 473 1424 527 constituitur
1447 474 1598 528 enim
1629 474 1708 527 eis
1738 491 1859 546 pre-

259 565 426 629 tium,
442 580 571 618 cum
585 563 1012 618 aestimationem
1029 568 1324 633 superent;
1345 563 1440 633 qui
1463 562 1632 617 habet
1646 569 1855 629 autem,

261 655 456 708 vendit
483 671 578 708 eas
597 652 918 724 quingentis
942 653 1152 706 solidis.
1175 653 1230 706 Si
1255 669 1386 722 ergo
1405 652 1508 706 tibi
1538 653 1716 707 visum
1745 653 1862 706 fue-

262 745 340 799 rit
354 761 450 798 eas
481 744 750 815 accipere,
772 743 842 796 da
871 741 1208 814 quingentos
1230 741 1454 808 solidos,
1483 747 1640 812 potes
1663 758 1727 795 ex
1748 758 1863 796 una

265 850 496 905 gemma
524 833 777 904 accipere
807 831 1161 902 quingentos,
1193 830 1425 901 reliquis
1463 836 1649 885 autem
1678 831 1760 885 uti
1791 831 1862 886 ad

266 924 602 999 variandum
631 922 907 976 mundum
934 921 1060 975 ﬁliae
1088 926 1199 974 tua;
1229 919 1460 975 sororis.
1501 920 1641 974 Cum
1672 925 1863 974 autem

269 1030 396 1085 qua:
425 1013 715 1066 dicebatur
741 1011 897 1081 virgo
925 1015 1046 1064 tota
1066 1009 1335 1081 penderet
1362 1025 1396 1062 a
1424 1009 1629 1079 puella,
1659 1009 1869 1064 inesca-

271 1110 366 1158 tur
393 1105 518 1174 ejus
546 1101 809 1156 ornandae
833 1099 1139 1170 cupiditate
1163 1118 1175 1162 ;
1197 1104 1254 1153 et
1274 1099 1511 1169 procidit
1541 1099 1610 1152 ad
1637 1100 1759 1168 ejus
1779 1115 1869 1169 pe-

272 1194 391 1258 des,
416 1199 476 1245 et
501 1192 655 1246 dixit:
685 1192 840 1260 Rogo
859 1195 915 1245 te
936 1206 1005 1244 ne
1022 1189 1146 1260 quis
1172 1188 1316 1242 alius
1341 1205 1435 1242 eas
1461 1188 1714 1258 accipiat.
1735 1189 1869 1242 Eam

273 1299 409 1352 ergo
438 1281 773 1334 adhortatur
791 1284 1038 1342 sanctus,
1067 1277 1256 1330 dicens
1286 1294 1296 1329 :
1328 1276 1466 1330 Veni
1493 1293 1670 1346 usque
1696 1276 1765 1329 ad
1781 1277 1875 1330 do-

1941 475 2382 528 meridionalem.
2410 475 2468 528 ln
2491 491 2599 546 quo
2616 482 2803 531 monte
2822 478 2931 532 sita
2950 485 3035 534 est
3051 479 3246 551 ingens
3266 483 3530 551 solitudo,

1943 581 2064 634 quae
2095 563 2339 634 pertinet
2369 580 2544 635 usque
2581 565 2652 618 ad
2701 566 3059 639 IEthiopiam,
3093 576 3150 624 et
3198 571 3446 638 Mazices,
3479 580 3536 627 et

1943 653 2361 707 Mauritaniam.
2382 653 2445 707 In
2470 670 2536 707 eo
2561 660 2752 709 autem
2782 656 3040 711 habitant
3058 658 3129 712 ad
3150 660 3398 732 quinque
3417 663 3537 715 mil-

1945 740 2019 794 lia
2048 741 2292 795 virorum
2337 741 2460 811 (18),
2497 742 2593 813 qui
2635 749 2874 798 utuntur
2927 746 3079 799 vario
3135 748 3259 802 vitae
3307 766 3533 818 genere,

1943 832 2329 902 unusquisque
2359 836 2422 885 ut
2446 837 2630 902 potest
2667 839 2722 886 et
2750 834 2885 899 vult,
2920 836 3058 889 adeo
3084 842 3148 891 ut
3177 837 3342 892 liceat
3370 843 3428 892 et
3454 857 3539 894 so-

1948 919 2066 972 lum
2098 935 2344 986 manere,
2367 926 2422 974 et
2451 937 2579 975 cum
2609 921 2845 987 duobus,
2879 929 2936 977 et
2959 925 3156 984 tribus.
3190 933 3247 981 et
3273 943 3400 981 cum
3430 945 3540 998 quo

1947 1008 2080 1062 velit
2124 1025 2378 1064 numero.
2412 1010 2476 1063 In
2503 1011 2608 1064 hoc
2644 1021 2834 1066 monte
2865 1019 2997 1066 sunt
3025 1020 3236 1085 septem
3267 1017 3536 1086 pistrinae,

1951 1113 2074 1166 qua)
2102 1102 2158 1150 et
2178 1097 2287 1152 illis
2308 1099 2575 1165 Serviunt,
2592 1114 2648 1153 et
2673 1102 3025 1156 anachoretis
3042 1104 3138 1173 qui
3158 1111 3290 1158 sunt
3310 1106 3366 1159 in
3390 1113 3545 1160 vasta

1953 1186 2276 1250 solitudine,
2309 1189 2442 1242 viris
2489 1189 2764 1258 perfectis,
2799 1207 3034 1245 numero
3081 1195 3367 1248 sexcentis.
3404 1197 3544 1250 Cum

1956 1291 2088 1344 ergo
2110 1280 2228 1330 toto
2257 1293 2405 1330 anno
2424 1277 2482 1331 in
2510 1285 2701 1333 monte
2729 1279 3067 1335 habitassem
3101 1283 3248 1353 apud
3275 1285 3464 1338 beatos
3493 1290 3550 1340 et

276 1388 433 1425 mum
465 1387 669 1436 meam,
688 1376 746 1424 et
771 1385 868 1424 eas
888 1368 1092 1438 aspice.
1115 1367 1217 1420 Illa
1241 1371 1430 1419 autem
1453 1366 1633 1420 noluit
1660 1385 1672 1432 ;
1706 1366 1802 1419 sed
1825 1365 1875 1418 ei
1956 1368 2178 1418 sanctos
2192 1365 2399 1430 Patres,
2421 1383 2685 1436 magnum
2703 1368 2978 1423 Arsisium
3000 1375 3052 1434 α
3068 1377 3108 1436 ι
3124 1377 3181 1436 εξ
3193 1377 3251 1426 et
3267 1373 3551 1443 Putupha-

275 1460 486 1533 praebet
517 1460 851 1531 quingentos
899 1458 1122 1522 solidos,
1176 1457 1364 1511 dicens
1397 1473 1407 1509 :
1463 1456 1617 1525 Rogo
1645 1461 1720 1521 te,
1754 1455 1872 1525 ipse
1959 1459 2128 1519 stum,
2153 1459 2209 1507 et
2231 1454 2540 1524 Ilagionem
2565 1457 2687 1522 (l9),
2712 1463 2770 1512 et
2785 1458 3144 1522 Cronium,et
3163 1461 3548 1532 Serapionem,

278 1566 372 1604 eas
399 1555 465 1604 ut
482 1549 566 1603 vis
589 1567 723 1621 cape
747 1570 760 1617 ;
793 1549 923 1603 nolo
953 1547 1103 1602 enim
1128 1546 1315 1600 videre
1345 1545 1631 1598 hominem
1659 1544 1753 1615 qui
1783 1560 1878 1598 eas
1963 1548 2019 1595 et
2045 1543 2235 1596 multis
2250 1543 2627 1615 antiquiorum
2656 1546 2888 1600 Patrum
2917 1548 3262 1620 spiritalibus
3282 1552 3556 1606 narratio-

278 1641 489 1696 vendit.
521 1641 662 1695 Cum
695 1646 882 1694 autem
917 1637 1254 1709 quingentos
1285 1635 1492 1689 solidos
1523 1633 1592 1688 ab
1624 1650 1688 1687 ea
1723 1649 1881 1687 acce-
1962 1631 2143 1696 nibus,
2192 1632 2261 1686 ab
2288 1633 2422 1704 ipsis
2449 1651 2628 1688 essem
2669 1635 3010 1703 stimulatus,
3043 1639 3167 1692 veni
3206 1639 3262 1693 in
3291 1641 3552 1695 intimam

279 1730 454 1801 pisset
481 1736 705 1785 sanctus
725 1723 1020 1791 Macarius,
1048 1724 1146 1776 dat
1167 1739 1261 1777 eos
1279 1723 1348 1775 ad
1371 1739 1537 1776 usum
1566 1722 1882 1793 ptochotro-
1903 1720 2341 1806 Bsolitudinem.
2368 1723 2432 1776 In
2468 1724 2570 1777 hoc
2608 1731 2799 1779 monte
2827 1726 3023 1780 Nitriae
3063 1744 3179 1782 una
3198 1734 3283 1783 est
3312 1730 3554 1786 maxima

278 1819 420 1892 phii.
453 1821 596 1874 Cum
617 1824 806 1872 autem
838 1817 1075 1871 multum
1097 1821 1319 1885 tempus
1345 1811 1721 1882 praeteriisset,
1749 1828 1884 1882 quo—
1964 1809 2214 1876 ecclesia,
2235 1812 2361 1865 etin
2387 1812 2508 1882 ipsa
2529 1814 2761 1868 ecclesia
2789 1821 2923 1869 sunt
2943 1821 3056 1870 tres
3086 1818 3303 1888 palmae,
3334 1835 3399 1872 ex
3423 1820 3552 1890 qui-

280 1913 438 1967 niam
471 1927 678 1982 magna
707 1914 830 1963 erat
858 1903 1270 1961 existimatione
1298 1901 1447 1972 apud
1475 1900 1882 1954 Alexandrinos
1963 1898 2067 1953 bus
2090 1916 2436 1972 unaquaeque
2466 1902 2634 1957 habet
2664 1905 2945 1974 ﬂagellum
2973 1905 3078 1975 (‘20)
3106 1924 3459 1978 suspensum.
3483 1908 3556 1963 Et

280 2003 366 2056 vir
394 2002 508 2067 ille,
537 2005 732 2072 utpote
763 2012 980 2052 summe
1010 1994 1134 2066 pius
1164 2009 1227 2046 ac
1251 1990 1566 2045 misericors
1597 1988 1752 2055 (vixit
1779 2005 1880 2042 au-

281 2099 398 2147 tem
413 2091 485 2145 ad
507 2096 734 2144 centum
755 2103 933 2157 usque
953 2100 1146 2149 annos,
1173 2082 1334 2151 cujus
1353 2084 1604 2150 tempore
1629 2094 1730 2131 nos
1751 2094 1884 2148 quo—

284 2199 394 2253 que
411 2181 662 2245 fuimus),
687 2176 983 2231 verebatur
997 2189 1124 2228 eum
1146 2172 1466 2226 admonere.
1483 2168 1734 2222 Tandem
1754 2183 1879 2220 cum

286 2288 417 2327 eum
448 2268 754 2324 invenisset
780 2267 838 2320 in
884 2264 1132 2328 ecclesia,
1162 2260 1296 2315 dicit
1325 2259 1375 2313 ei
1410 2278 1420 2311 :
1454 2259 1610 2328 Rogo
1640 2261 1713 2322 te,
1748 2255 1880 2326 quid

1965 1993 2050 2042 est
2076 2004 2252 2042 unum
2282 1990 2508 2060 quidem
2531 1992 2600 2045 ad
2627 1994 2982 2063 castigandos
3013 1996 3314 2051 monachos
3344 1997 3438 2068 qui
3466 1998 3560 2052 de-

1965 2076 2258 2148 linquunt;
2293 2080 2534 2134 alterum
2575 2099 2702 2136 vero
2743 2083 2813 2136 ad
2860 2085 3172 2155 puniendos
3214 2086 3479 2151 latrones,
3512 2087 3558 2141 si

1966 2167 2189 2236 quando
2216 2168 2540 2236 inciderint;
2565 2171 2792 2226 tertium
2826 2190 2955 2228 vero
2981 2175 3050 2228 ad
3081 2175 3444 2245 corrigendos
3465 2193 3560 2232 eos

1967 2257 2062 2327 qui
2087 2257 2229 2311 forte
2252 2258 2497 2325 veniunt,
2525 2261 2652 2314 etin
2683 2262 2871 2332 aliqua
2899 2264 3101 2317 delicta
3122 2264 3400 2332 incidunt;
3420 2266 3560 2320 adeo

281 2361 448 2432 jubes
471 2356 965 2430 delapidibus,pro
989 2353 1190 2424 quibus
1211 2349 1468 2403 dedimus
1492 2347 1698 2401 solidos
1724 2347 1883 2416 quin-

283 2448 520 2520 gentos?
546 2447 640 2501 llle
660 2447 710 2500 ei
733 2443 1044 2516 respondit,
1075 2441 1297 2494 dicens:
1325 2439 1374 2491 A
1400 2452 1510 2507 quo
1530 2435 1619 2488 die
1643 2434 1777 2487 mihi
1794 2433 1885 2487 de-

1966 2352 2029 2400 ut
2041 2347 2355 2418 quicunque
2371 2348 2723 2420 delinquunt,
2733 2357 2789 2405 et
2798 2352 3202 2407 convincuntur
3215 2354 3486 2409 meruisse
3499 2361 3565 2409 ut

1968 2435 2106 2489 dent
2124 2453 2336 2506 poenas,
2365 2440 2609 2508 palmam
2639 2441 3067 2511 amplectantur,
3102 2448 3158 2496 et
3183 2450 3340 2515 tergo
3368 2445 3562 2516 plagas

289 2539 420 2593 disti
440 2553 664 2602 aurum,
695 2552 789 2589 eos
817 2530 1066 2603 impendi
1087 2530 1143 2583 in
1169 2527 1411 2599 pretium
1433 2539 1805 2596 gemmarum,
1829 2526 1886 2575 et
1970 2527 2274 2595 praeﬁnitas
2291 2527 2585 2598 accipiant,
2603 2536 2658 2583 et
2686 2530 2764 2584 sic
2783 2531 3161 2586 dimittantur.
3193 2535 3373 2605 Prope
3394 2535 3564 2588 eccle.

289 2629 337 2683 si
387 2628 526 2682 velis
555 2642 650 2681 eas
679 2625 885 2684 videre,
921 2621 1044 2675 veni
1081 2619 1140 2673 in
1189 2615 1494 2688 hospitium
1525 2629 1731 2667 meum.
1773 2609 1886 2665 Illic
1969 2614 2108 2668 siam
2127 2621 2313 2670 autem
2338 2618 2581 2688 positum
2603 2620 3126 2688 estxenodochium,
3145 2622 3201 2675 in
3217 2639 3326 2693 quo
3345 2623 3567 2677 venien-

289 2719 444 2773 enim
473 2717 594 2770 δίῐῖὲ
622 2719 756 2769 sunt
797 2727 1050 2782 gemma?»
1086 2714 1142 2762 et
1170 2707 1293 2759 Vide
1318 2725 1330 2772 ;
1370 2703 1517 2775 (111οά
1565 2701 1611 2755 εί
1641 2699 1742 2754 tibi
1774 2715 1886 2752 non
1968 2710 2084 2758 tem
2107 2705 2380 2776 hospitem
2403 2712 2522 2761 toto
2542 2712 2795 2779 tempore
2821 2710 3116 2781 accipiunt,
3143 2712 3314 2765 etiam
3342 2713 3390 2767 si
3415 2712 3567 2768 bien-

290 2807 570 2880 Ρὶαεθδῐητ
591 2805 722 2859 mue
749 2817 948 2856 aurum
972 2795 1338 2853 tuum-Venit
1367 2798 1554 2847 autem
1579 2791 1676 2843 illa
1697 2787 1890 2842 Inben-
1971 2793 2128 2847 nium
2159 2797 2574 2850 auttricnnium
2596 2798 2834 2852 voluerit
2855 2801 3292 2867 manere,donec
3318 2803 3449 2856 velit
3464 2819 3570 2857 sua

287 2876 526 2952 tissime.
545 2892 801 2948 Habebat
812 2896 1000 2944 autem
1033 2882 1523 2958 ptochotrophium
1543 2880 1596 2933 in
1615 2876 1891 2949 superiori
1973 2888 2170 2953 sponte
2185 2884 2462 2948 recedere,
2479 2886 2866 2956 permittentes
2888 2888 2937 2941 ei
2955 2905 3068 2942 una
3090 2889 3438 2945 hebdomada
3453 2908 3568 2946 ma-

291 2986 521 3058 quidem
542 2989 699 3055 parte
720 2978 1068 3043 mtiliet‘esain
1091 2973 1338 3029 inferiori
1361 2977 1551 3026 autem
1571 2968 1891 3021 Viros-Cum
1974 2988 2106 3026 nere
2143 2973 2199 3026 in
2228 2973 2359 3028 otio.
2392 2973 2530 3028 Aliis
2559 2982 2747 3030 autem
2778 2976 2973 3031 diebus
3002 2977 3262 3050 deinceps
3294 2987 3568 3050 occupant

293 3055 361 3130 ea
385 3081 576 3128 autem
599 3071 941 3135 accessisset,
965 3063 1268 3120 introducit
1292 3078 1416 3115 eam
1446 3060 1503 3114 in
1529 3055 1887 3118 vestibulum,
1910 3066 1953 3127 C
1973 3078 2102 3115 eum
2130 3062 2188 3116 in
2216 3062 2492 3134 operibus,
2518 3070 2618 3118 aut
2636 3065 2692 3118 in
2715 3065 2896 3132 horto,
2913 3072 3012 3120 aut
3033 3067 3092 3120 in
3120 3068 3376 3138 pistrino,
3400 3069 3567 3124 autin

293 3172 351 3220 et
368 3164 504 3218 dicit
520 3163 572 3217 ei
590 3167 816 3216 sanctus
831 3156 1106 3213 Macarius
1127 3173 1137 3208 :
1157 3153 1302 3218 Quid
1319 3151 1400 3204 vis
1425 3149 1666 3220 primum
1679 3145 1886 3209 videre,
1974 3151 2230 3221 coquina.
2267 3153 2424 3216 Quod
2447 3153 2493 3207 si
2530 3153 2703 3208 fuerit
2723 3155 2998 3226 quispiam
3027 3159 3186 3228 cujus
3216 3157 3290 3212 sit
3309 3157 3568 3214 habenda

291 3253 647 3326 hyacinthos,
681 3267 753 3304 an
777 3243 1140 3316 smaragdos?
1166 3243 1243 3296 Ea
1269 3257 1397 3294 vero
1426 3239 1508 3292 illi
1533 3236 1669 3290 diCit
1691 3232 1892 3326 {QUOd
1971 3240 2136 3300 ratio.
2168 3242 2307 3295 dant
2327 3243 2376 3295 ei
2409 3242 2615 3296 librum
2633 3244 3080 3313 legendum,non
3111 3247 3500 3318 permittentes
3513 3248 3563 3302 ei

292 3325 397 3398 tibi
411 3343 651 3397 videtur.
672 3340 766 3395 Ille
786 3353 914 3391 vero
937 3351 1061 3390 eam
1077 3331 1296 3386 ducitin
1312 3335 1529 3401 partem
1543 3325 1889 3396 superiorem
1973 3335 2038 3383 ut
2060 3347 2185 3383 cum
2218 3331 2330 3385 uno
2350 3332 2697 3403 colloquatur
2719 3350 2897 3405 usque
2926 3335 2995 3389 ad
3026 3335 3221 3390 horam
3243 3342 3474 3391 sextam,
3499 3337 3566 3391 Ῑη

296 3440 354 3488 et
382 3431 630 3487 ostendit
658 3429 710 3483 ei
739 3424 1029 3482 conscissis
1056 3421 1293 3476 feminas
1330 3415 1614 3482 membris,
1647 3419 1704 3467 et
1731 3411 1894 3465 vulti-

295 3521 402 3575 bus
430 3519 567 3574 totis
620 3516 775 3570 varia
821 3511 1186 3568 morbositate
1227 3507 1503 3571 laceratis,
1537 3509 1594 3558 et
1630 3501 1768 3556 dicit
1793 3499 1843 3553 ei
1877 3516 1888 3551 :

299 3611 439 3666 Ecce
458 3605 768 3680 hyacinthi.
792 3602 1004 3658 Deinde
1032 3597 1259 3653 deducit
1286 3613 1410 3650 eam
1427 3595 1483 3648 in
1515 3597 1733 3664 partem
1757 3589 1895 3680 inte-

298 3678 528 3765 riorem,
547 3703 604 3751 et
632 3693 876 3750 ostendit
902 3691 953 3745 ei
981 3689 1149 3752 viros,
1175 3686 1366 3740 dicens
1389 3703 1400 3737 :
1428 3684 1563 3737 Ecce
1583 3678 1890 3749 smaragdi,

299 3795 358 3845 et
409 3787 665 3843 existimo
695 3799 807 3838 non
835 3779 1071 3835 inveniri
1114 3777 1202 3831 his
1231 3772 1589 3847 pretiosiores
1622 3789 1634 3833 ;
1669 3769 1817 3840 quod
1846 3768 1894 3821 si

299 3879 403 3934 tibi
431 3894 546 3932 non
574 3876 847 3947 placeant,
880 3869 1065 3940 accipe
1094 3882 1297 3921 aurum
1327 3870 1507 3918 tuum.
1542 3861 1640 3914 His
1659 3875 1792 3929 ergo
1819 3857 1897 3911 sic

299 3967 496 4040 gestis,
519 3965 732 4036 pudore
750 3962 948 4015 affecta
973 3958 1130 4028 virgo
1150 3955 1300 4019 exiit,
1330 3959 1387 4007 et
1414 3952 1645 4006 domum
1673 3963 1896 4040 reversa

301 4037 572 4127 magnum
601 4051 816 4122 accepit
841 4049 1110 4113 dolorem,
1148 4044 1295 4116 quod
1328 4043 1471 4096 hanc
1523 4055 1641 4093 rem
1675 4054 1741 4091 ex
1784 4037 1898 4089 Deo

300 4163 418 4202 non
451 4144 684 4205 fecisset,
719 4140 816 4195 sed
847 4138 1089 4192 adducta
1114 4131 1686 4189 necessitate.Postea
1707 4130 1898 4179 autem

301 4234 518 4307 gratias
549 4232 662 4302 egit
686 4229 1031 4302 presbytero,
1054 4240 1181 4279 cum
1203 4221 1390 4294 puella
1411 4220 1570 4289 cujus
1591 4232 1783 4307 curam
1807 4230 1902 4284 ge-

302 4304 485 4388 rebat,
518 4327 645 4393 post
670 4318 896 4391 nuptias
938 4321 1160 4371 mortua
1186 4316 1334 4366 esset
1362 4309 1481 4364 sine
1508 4305 1718 4371 liberis,
1751 4304 1901 4374 ipsa-

307 4429 416 4484 que
472 4411 732 4480 deinceps
786 4406 1080 4462 facultates
1121 4419 1250 4457 suas
1307 4400 1365 4454 in
1419 4401 1600 4452 rectos
1630 4410 1763 4450 usus
1805 4409 1900 4446 ex-

305 4500 521 4575 pendit.

910 4620 1142 4676 CAPUT
1184 4617 1296 4674 VII.

320 4754 441 4808 Vita
467 4750 678 4807 abbatis
715 4749 919 4803 Arsisii
946 4746 1050 4816 (17)
1083 4749 1130 4798 et
1168 4759 1358 4798 eorum
1379 4743 1478 4812 qui
1505 4755 1631 4795 cum
1663 4753 1721 4792 eo
1745 4739 1906 4790 erant

847 4839 870 4889 εἰ
875 4852 911 4889 η
941 4839 1120 4888 monte
1150 4832 1372 4888 Nitriae.

387 4949 530 5004 Cum
548 4961 650 5016 ego
678 4959 805 4998 cum
835 4940 1028 4996 multis
1047 4938 1254 4994 sanctis
1276 4954 1454 4992 essem
1476 4948 1831 5004 congressus,
1855 4934 1913 4984 et

313 5044 569 5094 versatus
595 5043 711 5090 tres
741 5049 918 5088 annos
965 5032 1026 5086 in
1056 5030 1412 5086 monasteriis
1441 5046 1563 5100 quae
1594 5034 1726 5082 sunt
1764 5026 1914 5081 circa

314 5125 731 5189 Alexandriam,
749 5127 804 5176 et
830 5120 1160 5174 mansissem
1185 5135 1312 5173 cum
1337 5118 1556 5188 magnis
1580 5115 1914 5170 studiosissi-

318 5217 542 5286 misque
571 5220 628 5268 et
656 5211 883 5284 optimis
906 5210 1040 5263 viris
1069 5209 1291 5262 circiter
1317 5207 1403 5261 bis
1433 5206 1605 5271 mille,
1636 5205 1788 5259 omni
1810 5204 1916 5258 vir-

318 5311 444 5361 tute
463 5303 694 5368 ornatis,
717 5301 870 5355 illinc
889 5299 1155 5353 recedens
1182 5297 1304 5352 veni
1334 5297 1390 5350 in
1418 5301 1665 5350 montem
1696 5294 1912 5350 Nitrize.

322 5393 477 5449 Inter
504 5392 652 5445 hunc
681 5394 932 5442 montem
962 5391 1152 5440 autem
1178 5391 1233 5439 et
1275 5383 1670 5438 Alexandriam
1702 5382 1916 5453 positus

323 5488 413 5539 est
437 5482 611 5547 lacus,
644 5479 740 5550 qui
768 5477 972 5532 dicitur
1000 5475 1177 5530 Maria
1209 5493 1221 5527 :
1254 5473 1302 5528 is
1347 5478 1536 5528 autem
1567 5472 1819 5534 continet
1844 5470 1916 5524 ad

323 5571 506 5630 millia
545 5567 921 5642 septuaginta.
953 5565 1133 5630 Quem
1175 5579 1305 5621 cum
1330 5562 1786 5630 transmisissem,
1819 5577 1922 5634 per

576 5670 844 5734 Pauor"
888 5665 1165 5730 LXXIII.

1974 3419 2077 3473 hoc
2107 3425 2293 3473 monte
2321 3420 2533 3492 degunt
2553 3422 2723 3476 etiam
2745 3423 2946 3478 medici
2963 3429 3020 3478 et
3037 3425 3570 3496 placentarii.Utun-

1973 3513 2068 3561 tur
2095 3510 2266 3563 etiam
2296 3510 2441 3575 vino,
2493 3516 2549 3564 et
2586 3510 2778 3565 vinum
2810 3512 2924 3566 illic
2955 3513 3229 3567 venditur.
3277 3515 3347 3568 Hi
3377 3521 3569 3570 autem

1977 3614 2170 3652 omnes
2200 3599 2316 3652 suis
2341 3599 2599 3653 manibus
2622 3601 2834 3654 faciunt
2853 3608 3063 3656 vestem
3093 3602 3318 3668 lineam,
3346 3604 3484 3659 adeo
3506 3612 3572 3659 ut

1977 3686 2091 3740 sint
2109 3703 2303 3742 omnes
2331 3689 2561 3743 minime
2583 3695 2826 3759 egentes.
2844 3691 3002 3745 Circa
3029 3692 3226 3746 horam
3256 3699 3444 3747 autem
3467 3710 3570 3748 no-

1979 3793 2108 3830 nam
2141 3778 2269 3831 licet
2287 3783 2456 3844 stare,
2482 3785 2539 3833 et
2557 3780 2752 3834 audire
2777 3780 2832 3833 in
2863 3797 3200 3853 unoquoque
3228 3784 3571 3839 monasterio

1979 3867 2217 3937 hymnos
2248 3873 2304 3921 et
2330 3868 2575 3938 psalmos
2617 3869 2838 3924 Christo
2873 3875 3154 3936 canentes,
3189 3878 3246 3926 et
3273 3889 3470 3943 preces
3499 3873 3571 3928 ad

1980 3957 2219 4028 hymnos
2247 3957 2587 4023 emittentes,
2622 3959 2760 4012 adeo
2800 3965 2864 4013 ut
2892 3959 3173 4014 existimet
3201 3961 3477 4032 quispiam
3513 3980 3574 4017 se

1981 4045 2219 4101 sublime
2245 4047 2455 4101 elatum
2473 4048 2905 4117 transmigrasse
2934 4049 2990 4102 in
3007 4050 3331 4119 paradisum
3352 4052 3576 4106 delicia-

1981 4154 2139 4203 rum;
2164 4137 2395 4191 veniunt
2421 4143 2610 4191 autem
2639 4137 2710 4190 ad
2739 4139 3028 4192 ecclesiam
3051 4139 3292 4194 Sabbato
3313 4141 3496 4195 solum
3519 4148 3575 4196 et

1983 4225 2298 4282 Dominico.
2331 4226 2475 4279 Sunt
2502 4231 2690 4279 autem
2721 4233 2843 4280 octo
2873 4227 3185 4298 presbyteri
3205 4229 3301 4298 qui
3325 4236 3577 4300 praesunt

1982 4314 2114 4368 huic
2133 4314 2393 4381 ccclesim,
2414 4315 2471 4367 in
2493 4331 2602 4384 qua
2625 4314 2871 4385 quandiu
2900 4316 3034 4369 vivit
3050 4317 3266 4386 primus
3285 4317 3576 4390 presbyter

1917 4433 1967 4492 D
1985 4404 2154 4474 hujus
2182 4403 2443 4469 ecclesiae,
2477 4404 2681 4458 mullus
2700 4405 2843 4458 alius
2871 4405 3052 4472 offert,
3080 4422 3182 4461 nec
3205 4406 3440 4476 judicat,
3473 4424 3575 4462 nec

1985 4494 2156 4548 habet
2195 4509 2534 4561 sermonem,
2583 4493 2681 4547 sed
2737 4494 2905 4548 tacite
2954 4496 3136 4549 solum
3186 4512 3314 4551 cum
3374 4514 3440 4552 eo
3486 4514 3574 4552 se-

1986 4585 2139 4640 dent.

2057 4673 2161 4728 Hic
2181 4689 2417 4743 magnus
2445 4673 2711 4742 Arsisius,
2742 4679 2798 4728 et
2827 4674 2922 4728 alii
2951 4674 3114 4729 multi
3141 4691 3269 4730 cum
3299 4692 3364 4730 eo
3393 4692 3576 4745 senes,

1988 4781 2126 4835 quos
2157 4780 2260 4817 nos
2288 4763 2546 4827 vidimus,
2577 4763 2804 4818 fuerunt
2832 4765 3073 4834 arquales
3093 4771 3346 4836 tempore
3373 4781 3579 4837 magno

1990 4852 2253 4907 Antonio.
2301 4854 2484 4923 Atque
2513 4852 2651 4905 mihi
2675 4852 2900 4923 quidem
2945 4853 3196 4906 narravit
3223 4853 3314 4907 hic
3344 4871 3582 4925 magnus

1992 4941 2239 4996 Arsisius
2276 4958 2335 4995 se
2374 4944 2556 4995 Amen
2585 4958 2806 5012 quoque
2835 4941 3038 4996 vidisse
3066 4942 3388 5011 Nitriotem,
3422 4947 3584 5016 cujus

1992 5032 2242 5086 animam
2270 5031 2408 5085 vidit
2427 5031 2928 5085 assumiAntonius
2956 5031 3027 5085 ab
3051 5032 3284 5102 angelis,
3308 5039 3364 5088 et
3393 5034 3452 5090 in
3481 5053 3587 5091 cm-

1995 5123 2112 5176 lum
2140 5121 2338 5174 deduci
2373 5122 2518 5185 (Vita
2543 5121 2790 5184 Antonii,
2826 5137 2870 5174 c.
2907 5119 3004 5185 32;
3040 5123 3202 5189 [lu/ﬁ,
3236 5125 3273 5176 ι.
3299 5138 3360 5191 II,
3394 5142 3438 5178 ο.
3475 5125 3584 5192 30).

1997 5212 2051 5265 Is
2080 5209 2300 5264 dicebat
2327 5225 2386 5263 se
2417 5208 2587 5262 etiam
2608 5208 2970 5263 Pachomium
2991 5210 3193 5264 vidisse
3217 5211 3590 5270 Tabennesio-

1999 5305 2133 5364 tem,
2157 5299 2340 5353 virum
2367 5298 2691 5368 prophetica
2707 5298 2893 5368 gratia
2913 5299 3145 5365 clarum,
3169 5305 3258 5355 ter
3282 5302 3432 5355 mille
3449 5301 3590 5356 viro-

1998 5407 2124 5444 rum
2143 5388 2466 5444 archimand
2475 5388 2660 5457 ritam;
2685 5389 2845 5460 cujus
2863 5388 3104 5444 narrabo
3121 5396 3316 5463 postea
3336 5390 3587 5445 virtutes.

2005 5480 2192 5553 (Infra,
2216 5496 2260 5536 c.
2281 5475 2389 5548 38).

3281 5656 3358 5722 35
