4024 6206
499 273 654 340 ,1099

1097 403 1332 460 CAPUT
1360 403 1510 462 VIII.

735 548 808 602 De
828 551 1014 601 sancto
1042 544 1222 602 Aman
1251 544 1362 619 (Ἦ)
1401 553 1450 601 et
1477 551 1596 618 ejus
1616 551 1861 619 conjuge.

576 671 810 728 Dicebat
831 677 1023 728 autem
1041 672 1225 728 Amon
1241 673 1346 727 hoc
1365 673 1530 728 modo
1547 673 1910 728 vixisse.Cum
1932 680 2097 743 esset,

503 761 706 834 inquit,
729 761 1059 833 parentibus
1078 761 1309 816 orbatus
1327 761 1650 817 adolescens
1665 763 1886 818 circiter
1905 765 2101 835 viginti

504 851 646 906 duos
672 867 849 906 annos
877 856 1064 917 natus,
1086 851 1140 905 vi
1183 867 1216 906 a
1253 868 1355 906 suo
1386 860 1588 922 patruo
1614 852 1839 906 mulieri
1869 853 2100 924 junctus

502 948 588 998 est
607 940 994 1006 matrimonio;
1019 945 1078 994 et
1090 955 1219 994 cum
1238 956 1351 994 non
1375 945 1564 1011 posset
1583 941 1844 995 resistere
1863 943 2100 998 necessi-

499 1032 607 1090 tati
634 1047 803 1104 quam
830 1031 882 1086 ei
910 1030 1180 1086 afferebat
1206 1036 1460 1102 patruus,
1491 1029 1672 1084 visum
1703 1036 1790 1085 est
1819 1031 1890 1098 ei,
1925 1038 1982 1087 et
2011 1049 2100 1087 co-

501 1139 640 1177 rona
670 1121 922 1176 redimiri
951 1119 1079 1193 (2'2),
1121 1125 1175 1175 et
1212 1119 1406 1174 sedere
1430 1119 1490 1173 in
1521 1119 1789 1186 thalamo,
1824 1126 1882 1174 et
1908 1122 2099 1176 omnia.

500 1211 779 1267 sustinere
799 1227 922 1282 quae
942 1211 1088 1264 ﬁunt
1101 1209 1159 1263 in
1180 1207 1559 1263 matrimonio.
1584 1208 1888 1280 Postquam
1905 1216 2096 1265 autem

500 1317 696 1356 omnes
715 1305 903 1355 essent
923 1299 1151 1370 egressi,
1173 1298 1267 1370 qui
1288 1297 1346 1351 in
1365 1297 1614 1351 thalamo
1636 1303 1693 1352 et
1720 1299 1862 1354 lecto
1885 1299 2096 1366 dormi-

498 1396 657 1446 turos
684 1389 1109 1451 collocaverant,
1132 1387 1314 1457 surgit
1344 1385 1538 1441 beatus
1568 1388 1770 1454 Amon,
1805 1393 1862 1442 et
1889 1389 2100 1443 claudit

499 1479 675 1547 fores;
717 1485 775 1534 et
801 1478 1003 1533 sedens
1027 1482 1188 1532 vocat
1213 1476 1436 1530 beatam
1475 1481 1532 1530 et
1563 1492 1895 1546 germanam
1937 1494 2098 1532 suam

498 1569 881 1640 conjugem,et
899 1566 950 1620 ei
975 1565 1136 1622 dicit:
1152 1565 1456 1629 Adesdum,
1481 1564 1711 1619 domina
1722 1571 1778 1619 et
1793 1582 1952 1620 soror
1964 1565 2098 1636 (23),

495 1657 700 1712 deinde
729 1672 848 1710 rem
889 1655 992 1710 tibi
1024 1654 1286 1710 narrabo.
1313 1656 1424 1709 Hoc
1453 1671 1563 1726 quo
1593 1656 1877 1725 conjuncti
1905 1666 2102 1712 sumus

1617 281 1709 338 DE
1746 283 1936 341 VITIS
1971 283 2270 342 PATRUM
2305 281 2520 340 LIBER
2555 281 2705 339 VIII.

2117 413 2164 470 Α
2185 407 2357 463 tionis
2386 407 2651 462 virtutem
2681 405 3039 474 exercuisset,
3063 405 3124 462 in
3143 406 3260 462 vita
3283 405 3426 464 obiit
3451 409 3790 478 monastica,

3650 284 3795 343 1100

2180 497 2266 551 vel
2295 497 2482 568 potius
2509 497 2816 551 translatus
2843 501 2930 551 est
2952 502 3178 552 sanctus
3197 498 3400 564 Amon,
3433 503 3602 552 natus
3621 515 3796 552 sexa-

2085 603 2092 610 ·
2179 586 2340 656 ginta
2369 586 2510 641 duos
2553 601 2751 653 annos,
2781 584 2868 640 bis
2896 585 2958 640 in
2983 603 3132 642 anno
3170 586 3365 642 videns
3403 586 3627 642 beatam
3655 587 3794 642 vita:

2183 691 2298 730 suae
2329 679 2666 730 consortem.

2255 764 2398 818 Cum
2424 765 2474 818 is
2496 781 2629 835 ergo
2646 765 2799 819 solus
2822 769 2971 820 esset
2995 765 3056 820 in
3083 763 3304 831 Nitriis,
3335 765 3526 820 ferunt
3551 765 3623 820 ad
3652 781 3795 822 eum

2181 869 2420 924 puerum
2459 853 2615 908 rabie
2652 854 3016 924 exagitatum,
3048 853 3297 910 vinctum
3337 855 3570 910 catenis.
3612 855 3796 910 Canis

2182 941 2334 996 enim
2347 941 2605 998 rabiosus
2620 943 2927 998 mordenda
2938 943 3020 997 illi
3036 943 3252 998 rabiem
3263 943 3612 1000 dederat.Sei
3619 961 3796 1016 psum

2183 1048 2315 1102 ergo
2343 1036 2526 1087 totum
2556 1031 2825 1099 laniabat,
2851 1037 2916 1086 ut
2945 1032 3042 1104 qui
3079 1032 3490 1088 intolerabilem
3517 1032 3795 1088 morbum

2180 1120 2327 1174 ferre
2350 1137 2462 1176 non
2483 1126 2690 1192 posset.
2713 1121 3021 1192 Postquam
3043 1138 3176 1193 ergo
3197 1122 3337 1177 vidit
3351 1123 3474 1193 ejus
3494 1128 3790 1195 parentes,

2179 1209 2249 1264 ad
2271 1210 2698 1281 supplicandum
2709 1211 3100 1282 procedentes:
3122 1211 3269 1276 Quid
3291 1211 3448 1278 mihi,
3471 1211 3684 1282 inquit,
3709 1212 3795 1266 la-

2181 1296 2342 1353 bores
2380 1298 2672 1365 exhibetis,
2705 1316 2737 1354 o
2767 1299 3042 1367 homines,
3072 1316 3140 1355 ea
3186 1306 3440 1371 petentes
3480 1317 3604 1372 quae
3655 1317 3795 1356 mea

2179 1387 2383 1442 merita
2412 1394 2701 1459 superant,
2725 1405 2854 1443 cum
2882 1388 2942 1442 in
2971 1389 3170 1444 vestris
3199 1389 3458 1444 manibus
3479 1395 3691 1461 praesto
3713 1390 3794 1445 sit

2181 1477 2470 1532 auxilium.
2494 1461 2730 1532 Reddite
2759 1477 2909 1532 enim
2956 1478 3135 1534 vidum
3185 1477 3382 1534 bovem
3421 1495 3588 1550 quem
3620 1480 3793 1534 clan-

2181 1561 2369 1616 culum
2394 1561 2692 1630 occidistis,
2723 1567 2781 1618 et
2807 1579 2978 1618 sanus
3012 1563 3279 1618 reddetur
3308 1563 3459 1618 vobis
3486 1579 3650 1635 puer.
3696 1562 3792 1618 Illi

2179 1667 2311 1705 vero
2357 1667 2485 1706 cum
2537 1651 2773 1706 convicti
2802 1657 3006 1718 essent,
3037 1652 3150 1706 laeti
3189 1652 3443 1707 fecerunt
3467 1669 3592 1724 quae
3615 1654 3791 1724 jussa

494 1745 941 1810 matrimonium,
975 1745 1118 1798 nihil
1149 1743 1320 1798 habet
1343 1744 1633 1798 eximium.
1665 1745 1834 1800 Recte
1855 1762 1987 1816 ergo
2014 1746 2093 1800 fa-
2110 1766 2155 1826 Β
2172 1739 2416 1808 fuerant,
2449 1746 2506 1795 et
2525 1757 2592 1795 eo
2621 1746 2817 1796 orante
2844 1759 2986 1813 puer
3011 1757 3182 1796 sanus
3219 1741 3414 1796 evasit.

493 1835 781 1899 ciemus,si
800 1833 1002 1888 abhinc
1021 1833 1406 1904 unusquisque
1421 1837 1680 1887 nostrum
1699 1851 1949 1890 seorsum
1967 1835 2094 1890 dor-

493 1924 702 1991 mierit,
727 1928 792 1978 ut
811 1923 1035 1978 Christo
1054 1923 1395 1994 placeamus,
1411 1921 1679 1976 intactam
1697 1929 1948 1978 nostram
1969 1925 2092 1979 red-

491 2013 690 2068 dentes
734 2011 1136 2082 virginitatem.
1171 2011 1241 2065 Et
1290 2027 1419 2066 cum
1451 2027 1482 2065 e
1531 2011 1661 2066 sinu
1708 2028 1809 2067 suo
1857 2029 2089 2084 parvum

491 2101 744 2158 libellum
764 2101 1107 2173 protulisset,
1120 2105 1394 2171 tanquam
1415 2117 1481 2154 ex
1504 2117 1744 2171 persona
1763 2102 2017 2173 Apostoli
2039 2107 2096 2157 et

493 2191 826 2257 Servatoris,
857 2189 1080 2261 legebat
1098 2189 1314 2260 puella},
1348 2206 1472 2260 quae
1500 2195 1623 2244 erat
1649 2190 1848 2260 ignara
1874 2191 2094 2246 littera-

490 2297 639 2346 rum,
673 2280 976 2351 plurimam
1006 2278 1261 2333 lectionis
1309 2284 1550 2350 partem,
1589 2279 1858 2350 adjiciens
1895 2297 1960 2334 ex
1989 2297 2094 2334 sua

487 2369 758 2424 divinitus
782 2367 1057 2440 inspirata
1085 2367 1358 2434 doctrina,
1383 2373 1442 2421 et
1458 2367 1517 2421 in
1535 2367 1667 2433 vita,
1687 2367 1745 2422 in
1767 2369 2092 2438 virginitate

415 2443 419 2447 ’
489 2465 548 2514 et
574 2457 832 2513 castitate
861 2456 1115 2527 degenda
1141 2473 1268 2510 eam
1290 2455 1611 2512 instituens.
1638 2457 1760 2520 Quo
1779 2458 1990 2512 factum
2006 2464 2092 2514 est

487 2552 554 2602 ut
580 2547 678 2602 illa
719 2545 926 2602 Christi
945 2545 1132 2616 gratia
1160 2545 1396 2616 repleta,
1418 2544 1628 2599 diceret
1660 2557 1672 2591 :
1700 2546 1816 2616 Ego
1845 2564 2086 2618 quoque,

487 2636 712 2691 domine
739 2635 837 2702 mi,
868 2651 1200 2706 persuasum
1230 2633 1410 2687 habeo
1436 2633 1554 2688 fore
1594 2641 1655 2688 ut
1675 2640 1887 2688 castam
1917 2635 2089 2689 vitam

487 2723 730 2779 libenter
740 2740 934 2794 agam;
964 2728 1022 2777 et
1034 2722 1080 2777 si
1101 2721 1234 2793 quid
1258 2721 1442 2793 jubes,
1459 2723 1564 2776 hoc
1585 2722 1848 2794 deinceps
1864 2723 2084 2778 faciam.

486 2811 591 2868 Ille
618 2829 766 2878 vero,
799 2813 933 2884 Ego,
965 2811 1168 2883 inquit,
1191 2811 1363 2882 jubeo
1389 2817 1445 2866 et
1461 2827 1596 2882 rogo
1620 2818 1684 2866 ut
1703 2812 2088 2884 unusquisque

487 2908 744 2958 nostrum
774 2917 1026 2956 seorsum
1056 2905 1300 2955 maneat.
1321 2901 1399 2955 Ea
1422 2917 1552 2955 vero
1581 2901 1686 2954 hoc
1706 2917 1820 2955 non
1840 2902 1989 2968 tulit,
2006 2902 2088 2956 di-

485 3007 616 3047 cens
650 3009 662 3045 :
697 2992 1024 3048 Maneamus
1057 2989 1119 3044 in
1161 2989 1356 3044 eadem
1397 2989 1598 3057 domo;
1617 2990 1714 3044 sed
1751 2991 1811 3044 in
1853 2991 2086 3046 diversis

483 3081 661 3136 lectis.
698 3080 902 3135 Vivens
931 3095 1064 3150 ergo
1093 3095 1220 3133 cum
1245 3096 1313 3134 ea
1352 3078 1546 3132 decem
1584 3084 1643 3133 et
1671 3085 1797 3134 octo
1828 3095 2005 3134 annos
2023 3079 2084 3134 in

482 3170 683 3225 iisdem
711 3169 944 3236 aedibus,
961 3174 1082 3223 toto
1113 3167 1203 3222 die
1223 3167 1456 3222 vacabat
1479 3168 1643 3222 horto
1673 3173 1732 3222 et
1756 3167 2080 3224 balsameto.

483 3257 846 3330 Operabatur
872 3257 1021 3312 enim
1053 3249 1369 3312 balsamum
1398 3275 1412 3324 ;
1443 3272 1568 3328 quae
1594 3256 1879 3312 balsamus
1907 3257 2086 3312 instar

483 3348 611 3403 vitis
626 3349 936 3420 plantatur,
955 3347 1085 3401 utin
1101 3363 1212 3418 qua
1239 3346 1472 3400 colenda
1491 3351 1549 3400 et
1568 3346 1819 3417 putanda
1842 3347 2082 3401 multum

482 3436 692 3492 laboris
713 3441 974 3508 ponatur.
996 3436 1241 3506 Vespere
1261 3451 1395 3505 ergo
1413 3435 1642 3489 domum
1663 3434 2003 3505 ingrediens,
2027 3441 2084 3491 et

482 3525 692 3581 faciens
719 3525 1023 3591 orationes,
1053 3541 1182 3578 cum
1215 3540 1283 3578 ea
1305 3523 1650 3578 comedebat.
1678 3524 1748 3579 Et
1771 3541 1966 3579 rursus
1987 3541 2082 3580 no-

483 3621 713 3670 cturnas
728 3630 919 3686 preces
939 3613 1198 3677 fundens,
1215 3617 1274 3667 et
1287 3613 1540 3684 synaxim
1559 3629 2080 3683 peragens,summo

483 3719 651 3758 mane
678 3702 796 3757 ibat
823 3703 884 3756 in
907 3703 1152 3756 hortum.
1172 3702 1315 3756 Cum
1343 3701 1462 3754 haec
1492 3702 1571 3754 sic
1591 3702 1810 3763 ﬁerent,
1823 3707 1880 3756 et
1892 3718 2082 3772 perve-

485 3791 662 3846 nisset
689 3797 924 3861 uterque
945 3791 1014 3844 ad
1032 3788 1506 3860 impatibilitatem
1524 3790 1710 3855 (Caute
1723 3793 1873 3856 lege),
1894 3789 2004 3844 vim
2027 3795 2083 3845 et

487 3879 790 3934 efﬁcaciam
816 3877 1064 3932 habuere
1095 3894 1286 3948 preces
1300 3877 1552 3931 Amonis.
1577 3879 1871 3932 Postremo
1891 3884 2082 3934 autem

488 3967 540 4022 ei
564 3966 699 4022 dicit
722 3967 822 4020 illa
849 3965 1047 4020 beata:
1079 3967 1176 4020 Est
1197 3965 1410 4036 aliquid
1443 3966 1590 4036 quod
1628 3965 1731 4020 tibi
1760 3967 1963 4035 dicam,
1986 3968 2084 4022 do-

487 4055 639 4111 mine
666 4055 764 4123 mi,
806 4061 874 4110 ut
901 4055 948 4109 si
978 4071 1068 4110 me
1117 4055 1380 4122 audieris,
1413 4055 1554 4108 mihi
1594 4055 1760 4127 plane
1801 4056 2082 4112 constabit

487 4145 637 4217 quod
667 4161 795 4200 vere
821 4161 891 4200 ex
942 4145 1056 4200 Deo
1086 4161 1177 4199 me
1206 4143 1425 4214 diligas.
1458 4145 1512 4198 Is
1537 4161 1668 4198 vero
1697 4144 1746 4198 ei
1773 4145 1910 4200 dicit
1935 4163 1946 4200 :
1979 4145 2081 4200 Dic

487 4235 636 4307 quod
663 4234 818 4289 velis.
849 4233 928 4288 Ea
955 4248 1088 4288 vero
1115 4233 1251 4288 dicit
1276 4233 1361 4287 illi
1386 4251 1398 4285 :
1431 4231 1674 4304 Equum
1700 4239 1786 4288 est
1804 4239 1870 4288 ut
1897 4239 1959 4290 tu
1985 4234 2081 4306 qui

487 4341 547 4379 es
572 4323 661 4378 vir
693 4323 819 4395 pius
847 4328 905 4377 et
927 4322 1242 4393 religiosus,
1267 4326 1324 4376 et
1352 4338 1573 4376 exerces
1587 4323 1897 4392 justitiam,
1925 4328 1982 4377 et
2010 4323 2082 4378 si-

2244 1831 2615 1886 Accesserunt
2632 1836 2822 1885 autem
2839 1831 2937 1885 alii
2952 1832 3074 1902 ejus
3089 1830 3303 1886 visendi
3317 1830 3616 1906 gratia.Ad
3637 1847 3786 1902 quos

2173 1917 2315 1973 dixit
2332 1919 2418 1972 vir
2440 1924 2686 1986 sanctus,
2719 1919 2976 1975 tentandi
3005 1937 3200 1975 eorum
3229 1920 3406 1974 animi
3431 1918 3657 1992 gratia:
3681 1920 3785 1974 Af-

2171 2005 2314 2062 ferte
2341 2008 2517 2063 adme
2539 2009 2751 2063 dolium
2780 2025 2978 2072 unum,
2998 2014 3064 2064 ut
3083 2008 3320 2064 habeam
3349 2009 3486 2064 satis
3515 2027 3683 2082 aqua;
3711 2009 3784 2065 ad

2177 2113 2272 2150 eos
2309 2097 2405 2168 qui
2433 2097 2666 2152 veniunt
2688 2097 3060 2169 excipiendos.
3094 2098 3140 2153 Ii
3165 2104 3357 2154 autem
3392 2099 3786 2170 promiserunt

2175 2184 2388 2256 seipsos
2417 2185 2707 2241 allaturos.
2736 2185 2878 2241 Cum
2907 2193 3098 2241 autem
3131 2187 3375 2242 alterum
3397 2187 3777 2260 paenituisset,

2173 2272 2269 2327 ubi
2298 2274 2358 2328 in
2387 2275 2567 2329 vicum
2588 2275 2850 2342 venisset,
2872 2275 3009 2330 dicit
3023 2276 3186 2332 alteri
3209 2295 3220 2330 :
3247 2275 3392 2330 Nolo
3413 2277 3672 2332 occidere
3692 2294 3781 2332 ca-

2174 2363 2403 2430 melum,
2421 2380 2604 2435 neque
2625 2365 2676 2420 ei
2695 2365 2907 2420 dolium
2923 2365 3232 2436 imponere,
3260 2383 3330 2420 ne
3351 2366 3652 2420 moriatur.
3677 2367 3780 2421 His

2173 2451 2400 2519 auditis,
2415 2453 2560 2508 alius
2581 2453 2698 2508 suis
2708 2453 2920 2524 junctis
2938 2453 3111 2508 asinis
3127 2471 3331 2524 magno
3350 2453 3542 2510 labore
3559 2455 3780 2510 dolium

2170 2557 2394 2595 sursum
2424 2542 2683 2612 portavit.
2712 2543 3062 2596 Praeveniens
3087 2549 3276 2597 autem
3295 2544 3479 2598 Amon
3507 2544 3562 2598 ei
3587 2543 3736 2598 dixit
3760 2563 3774 2598 :

2173 2629 2355 2693 Quid?
2393 2631 2542 2702 quod
2571 2631 2708 2686 socii
2734 2631 2819 2685 tui
2849 2631 3096 2686 camelus
3127 2637 3214 2686 est
3241 2639 3499 2687 mortuus
3543 2631 3779 2688 interim

2171 2718 2308 2772 dum
2334 2719 2444 2773 huc
2473 2720 2718 2775 venisti?
2740 2721 2794 2775 Is
2820 2725 3009 2775 autem
3040 2736 3302 2776 reversus
3336 2721 3552 2775 invenit
3580 2737 3717 2776 eum
3744 2738 3780 2775 a

2169 2807 2317 2878 lupis
2336 2808 2682 2864 devoratum.
2716 2809 2895 2864 Multa
2916 2826 3140 2881 quoque
3168 2810 3278 2864 alia
3299 2810 3391 2864 hic
3413 2811 3500 2864 vir
3529 2809 3687 2865 fecit.

2241 2897 2359 2950 Hoc
2375 2903 2566 2952 autem
2595 2897 2927 2952 miraculum
2947 2899 3197 2952 narravit
3211 2898 3408 2954 beatus
3424 2899 3779 2955 Athanasius

2169 2990 2518 3046 Alexandriae
2536 2991 2844 3063 episcopus,
2859 2991 3177 3048 scribensin
3197 2993 3327 3047 Vita
3341 2993 3600 3060 Antonii,
3623 2992 3779 3064 quod

2168 3093 2296 3132 cum
2327 3078 2628 3150 aliquando
2673 3079 2934 3134 monachi
2962 3079 3034 3134 ad
3062 3079 3248 3152 ipsum
3281 3080 3440 3135 missi
3478 3087 3678 3136 essent
3705 3080 3778 3136 ab

2164 3167 2410 3222 Antonio
2428 3171 2572 3236 (erat
2591 3168 2741 3223 enim
2762 3168 2821 3222 in
2837 3167 3104 3223 interiore
3120 3168 3420 3224 solitudine
3441 3170 3773 3240 Antonius),

2165 3273 2293 3311 cum
2323 3257 2396 3311 ad
2423 3257 2608 3328 ipsum
2626 3258 2930 3324 venissent,
2953 3257 3196 3312 surrexit
3222 3274 3410 3325 senex,
3433 3264 3491 3313 et
3517 3258 3776 3314 ambula-

2165 3345 2263 3400 bat
2281 3362 2410 3401 cum
2426 3346 2526 3401 eis.
2543 3347 2613 3400 Et
2625 3362 2751 3400 cum
2771 3351 2920 3402 esset
2934 3347 3276 3401 transiturus
3296 3347 3511 3418 Lycum
3534 3349 3776 3403 ﬂuvium

2164 3452 2292 3490 cum
2317 3436 2440 3506 ejus
2460 3434 2732 3506 discipulo
2760 3435 3072 3503 Theodoro,
3095 3435 3393 3490 verebatur
3411 3437 3564 3504 exui,
3593 3453 3668 3492 ne
3689 3453 3776 3492 se-

2163 3523 2347 3594 ipsum
2366 3524 2582 3578 videret
2611 3524 2913 3595 aliquando
2941 3524 3158 3579 nudum
3183 3543 3195 3578 :
3219 3531 3279 3579 et
3306 3525 3527 3579 interea
3542 3525 3680 3582 dum
3702 3527 3774 3582 de

2163 3628 2232 3667 ea
2258 3629 2320 3667 re
2348 3611 2666 3679 dissereret,
2699 3613 2960 3668 inventus
2980 3619 3068 3668 est
3092 3619 3251 3668 trans
3280 3614 3540 3682 ﬂuvium,
3575 3620 3644 3670 ut
3671 3616 3772 3687 qui

2163 3701 2374 3772 absque
2394 3701 2600 3774 cymba
2616 3702 2675 3756 in
2694 3702 2871 3757 extasi
2890 3701 3220 3773 trajecisset,
3245 3703 3560 3758 translatus
3579 3703 3654 3758 ab
3673 3721 3770 3760 an-

2161 3791 2314 3861 gelo:
2333 3790 2536 3844 fratres
2555 3796 2746 3846 autem
2765 3797 2962 3846 natatu
2977 3792 3434 3847 transmiserunt.
3454 3793 3768 3865 Postquam

2164 3885 2355 3934 autem
2385 3879 2619 3934 accessit
2641 3880 2713 3934 ad
2742 3880 3072 3946 Antonium,
3091 3881 3308 3952 primus
3337 3881 3388 3936 ei
3418 3881 3564 3936 dixit
3593 3885 3769 3937 Anto-

2162 3968 2314 4023 nius:
2343 3969 2484 4023 Cum
2495 3969 2644 4023 Deus
2655 3969 2794 4022 mihi
2815 3969 2995 4024 multa
3022 3969 3092 4023 de
3111 3974 3168 4024 te
3183 3971 3501 4035 revelasset,
3527 3975 3590 4025 et
3605 3977 3764 4026 tuam

2161 4057 2586 4112 translationem
2615 4057 2756 4112 mihi
2785 4057 3175 4129 signiﬁcasset,
3207 4065 3264 4114 te
3291 4059 3366 4114 ad
3383 4076 3475 4114 me
3494 4059 3765 4114 accersiri

2161 4145 2496 4212 necessario,
2523 4151 2588 4200 ut
2604 4162 2732 4200 cum
2754 4145 2915 4201 nobis
2951 4145 3197 4201 invicem
3225 4147 3337 4202 frui
3356 4147 3634 4214 licuisset,
3662 4163 3763 4220 pro

2161 4233 2323 4288 nobis
2341 4235 2578 4289 invicem
2596 4233 3089 4291 intercederemus.
3109 4236 3251 4291 Cum
3281 4241 3473 4291 autem
3493 4253 3634 4293 eum
3661 4238 3772 4293 col-

2161 4323 2402 4378 locasset
2417 4323 2475 4378 in
2492 4323 2737 4394 quodam
2759 4324 2879 4378 loco
2911 4325 3076 4396 longe
3095 4332 3372 4398 separato,
3397 4325 3668 4382 hortatus
3683 4332 3770 4382 est

489 4413 700 4468 militer
735 4429 839 4484 ego
869 4413 966 4483 qui
991 4411 1246 4466 eamdem
1265 4411 1413 4465 viam
1441 4409 1684 4465 instituti
1705 4429 1830 4466 sum
1867 4417 2077 4479 secuta,
2095 4436 2144 4496 D
2161 4428 2234 4466 ne
2272 4411 2559 4468 recederet
2603 4418 2734 4468 ante
2755 4413 3202 4468 translationem.
3249 4414 3388 4469 Cum
3417 4420 3619 4471 autem
3646 4415 3765 4489 ipse

487 4517 740 4556 seorsum
752 4517 1100 4567 maneamus,
1117 4506 1174 4554 et
1183 4499 1345 4554 multi
1355 4517 1420 4554 ex
1437 4516 1502 4554 eo
1517 4499 1742 4572 capiant
1755 4501 2078 4556 utilitatem.

486 4591 612 4646 Non
639 4607 742 4662 par
761 4595 848 4645 est
862 4589 1009 4644 enim
1041 4595 1106 4644 ut
1130 4593 1360 4661 propter
1372 4594 1636 4644 metanta
1660 4595 1716 4643 et
1743 4590 1874 4644 talis
1897 4591 2081 4646 occul-

484 4685 640 4736 tetur
676 4686 778 4734 tua
814 4679 992 4733 virtus
1035 4677 1418 4750 philosophiae,
1461 4678 1557 4750 qui
1597 4695 1816 4733 mecum
1853 4685 2083 4751 propter

487 4769 772 4824 Christum
801 4767 1088 4822 cohabitas
1119 4766 1177 4820 in
1210 4765 1486 4820 castitate.
1503 4767 1556 4820 Is
1579 4783 1706 4821 vero
1730 4784 1856 4821 cum
1884 4767 1934 4822 ei
1953 4785 2080 4838 gra-

485 4857 595 4912 tias
623 4857 848 4928 egisset,
872 4861 930 4911 et
946 4855 1182 4927 gloriam
1211 4855 1327 4910 Deo
1355 4855 1618 4920 dedisset,
1644 4856 1695 4910 ei
1713 4856 1881 4910 dicit:
1907 4857 2078 4912 Recte

485 4945 588 5000 tibi
606 4945 786 5001 visum
803 4951 908 5011 est,
931 4945 1160 4999 domina
1178 4949 1234 4998 et
1257 4961 1417 4999 soror
1427 4932 1445 5011 0;
1462 4949 1520 4999 ct
1537 4944 1586 4998 si
1611 4943 1716 4998 hoc
1741 4945 1844 4999 tibi
1870 4946 2071 5016 placet,

485 5039 549 5088 tu
581 5033 784 5089 habeto
823 5034 968 5088 hanc
996 5033 1224 5088 domum
1248 5051 1260 5101 ;
1302 5037 1350 5098 ll
1368 5037 1486 5099 ιιι
1515 5048 1618 5104 ego
1645 5049 1775 5087 vero
1802 5032 1986 5102 abibo,
2019 5041 2077 5090 et

484 5121 652 5176 aliam
686 5121 824 5176 mihi
860 5122 1089 5176 domum
1135 5122 1352 5176 faciam.
1389 5121 1495 5186 Qui
1525 5138 1654 5176 cum
1683 5122 1753 5176 ab
1807 5139 1876 5176 ea
1927 5129 2077 5179 esset

459 5199 763 5284 egressus,
793 5209 1077 5280 ingressus
1109 5216 1194 5265 est
1217 5211 1276 5265 in
1308 5210 1578 5266 interiora
1607 5211 1814 5266 montis
1843 5211 2036 5266 Nitriae
2057 5252 2070 5279 ,

483 5299 735 5356 nondum
751 5299 900 5353 enim
914 5305 1049 5354 tunc
1066 5300 1179 5354 illic
1192 5305 1356 5354 erant
1368 5299 1684 5371 frequentia
1707 5301 2070 5368 monasteria,

483 5395 542 5446 et
569 5388 676 5444 sibi
702 5386 834 5442 fecit
857 5387 996 5442 duos
1037 5389 1304 5442 cellarum
1343 5388 1545 5442 tholos.
1575 5388 1645 5442 Et
1681 5405 1809 5442 cum
1848 5388 2077 5444 vixisset

453 5467 460 5473 ’
481 5479 622 5536 alios
645 5475 844 5550 viginti
868 5475 1008 5530 duos
1027 5493 1222 5544 annos,
1240 5481 1298 5532 et
1323 5482 1474 5532 recte
1498 5493 1780 5534 summam
1809 5478 2074 5535 exercita-

549 5605 568 5648 ι
599 5604 706 5670 Hic
733 5604 813 5665 Or
845 5601 957 5663 fuit
979 5600 1315 5678 Origenista.

2165 4517 2417 4556 seorsum
2448 4501 2645 4556 fuisset
2687 4509 3128 4568 consummatus,
3163 4501 3300 4556 vidit
3325 4504 3614 4559 Antonius
3643 4507 3765 4576 ejus

2164 4590 2412 4644 animam
2427 4590 2487 4644 in
2501 4591 2702 4644 coelum
2719 4596 3067 4662 assumptam
3076 4591 3148 4645 ab
3163 4591 3394 4661 angelis.
3409 4591 3514 4646 Hic
3530 4601 3764 4664 estergo

2162 4679 2364 4746 Amon,
2393 4679 2489 4751 qui
2509 4679 2589 4734 sic
2607 4679 2760 4746 vixit,
2777 4685 2834 4734 et
2845 4680 2923 4734 sic
2938 4679 3094 4734 obiit.
3116 4680 3278 4735 Hunc
3297 4681 3508 4752 Lycum
3529 4682 3764 4737 ﬂuvium

2161 4784 2264 4838 ego
2276 4784 2404 4822 cum
2419 4773 2574 4822 metu
2589 4773 2836 4839 pontone
2851 4769 3154 4840 aliquando
3170 4769 3456 4825 transmisi
3473 4789 3488 4836 ;
3507 4777 3602 4826 est
3613 4771 3762 4828 enim

2160 4858 2309 4913 fossa
2337 4863 2395 4913 et
2423 4857 2694 4913 derivatio
2715 4857 2906 4928 magni
2934 4858 3068 4912 Nili.

2785 4983 3018 5038 CAPUT
3045 4983 3140 5038 IX.

2631 5107 2748 5160 Vita
2775 5105 3017 5160 abbatis'
3045 5105 3118 5160 0r
3149 5105 3282 5177 (‘24).

2227 5212 2293 5267 In
2318 5212 2424 5267 hoc
2451 5217 2643 5267 monte
2661 5212 2856 5268 Nitriae
2868 5211 2974 5266 fuit
2992 5211 3076 5266 vir
3094 5207 3440 5268 admirabilis
3463 5211 3662 5281 abbas,
3677 5213 3752 5269 0r

2155 5301 2402 5368 nomine,
2417 5300 2628 5356 habens
2642 5301 2985 5356 monasteria
2999 5301 3151 5355 mille
3164 5302 3422 5367 fratrum,
3438 5302 3640 5358 habitu
3657 5318 3748 5357 an-

2153 5390 2334 5462 gelico
2361 5390 2630 5462 praeditus
2650 5392 2835 5459 (Ra/Il,
2868 5393 2908 5447 ι.
2936 5403 2998 5456 11,
3031 5405 3078 5443 c.
3097 5389 3150 5458 2)
3175 5409 3188 5457 ;
3217 5396 3281 5445 ut
3305 5391 3402 5462 qui
3441 5407 3573 5447 cum
3604 5395 3746 5446 esset

2156 5481 2466 5552 nonaginta
2489 5495 2668 5536 annos
2695 5484 2881 5549 natus,
2912 5477 3055 5535 nihil
3084 5478 3366 5537 amisisset
3392 5479 3464 5538 de
3491 5495 3741 5557 corpore,
