4024 6206
521 355 656 415 1403

1628 344 1722 400 DE
1758 345 1946 401 VITIS
1985 338 2281 398 PATRUM
2315 337 2540 396 LIBER
2567 339 2716 394 VIII.

3638 336 3788 396 1104

512 499 641 538 mus
691 478 968 542 stimulus,
1023 472 1159 529 dicit
1197 471 1336 526 mihi
1369 489 1379 524 ε
1413 472 1561 542 Cape
1608 472 1752 526 hanc
1792 477 2040 542 sportam
2071 467 2528 537 aAepiscopum,
2551 467 2824 536 rogarunt
2853 480 2980 518 eum
3009 468 3074 518 ut
3105 463 3184 518 eis
3210 464 3529 535 episcopum
3560 463 3787 519 ordina-

510 572 653 626 meis
677 567 952 622 manibus.
978 569 1044 618 ut
1071 563 1181 616 mei
1215 561 1556 615 memineris.
1582 562 1896 615 Nihilenim
1925 559 2102 614 habeo

509 659 662 713 aliud
689 656 839 727 quod
869 653 970 710 tibi
1000 652 1332 722 relinquam.
1366 651 1433 704 Et
1461 666 1586 703 cum
1604 650 1707 704 hoc
1731 650 1978 713 dixisset,
2011 665 2101 702 ex-

507 747 657 801 cedit
685 746 805 799 sine
837 743 1006 808 febre,
1039 757 1167 795 cum
1219 744 1366 793 esset
1416 755 1693 792 annorum
1719 739 2095 809 septuaginta,

503 835 744 891 Domino
767 832 1169 888 commendans
1196 828 1477 899 spiritum.
1514 828 1690 890 Quem
1721 845 1846 881 cum
1877 845 1978 897 ego
2008 845 2100 881 cu-

503 941 717 980 rassem
751 921 878 990 (28),
905 925 963 975 et
992 918 1178 973 linteis
1217 917 1394 971 sancti
1428 933 1629 987 corpus
1661 916 2011 970 involvissem
2043 921 2100 970 et

505 1013 909 1084 deposuissem,
943 1008 1146 1063 recessi
1187 1024 1220 1060 a
1261 1005 1581 1070 solitudine,
1614 1022 1790 1075 usque
1831 1006 1900 1059 ad
1952 1005 2099 1059 diem

502 1102 704 1157 mortis
734 1117 955 1154 mecum
999 1097 1211 1152 habens
1261 1095 1413 1148 illam
1453 1100 1721 1165 sportam.
1756 1095 1858 1148 Hic
1888 1095 2098 1148 Pambo

500 1207 627 1246 cum
664 1195 812 1245 esset
842 1187 1148 1242 moriturus
1173 1226 1186 1249 ,
1229 1185 1286 1238 in
1316 1184 1438 1254 ipsa
1477 1185 1615 1237 hora
1657 1201 1935 1248 excessus,
1969 1199 2097 1237 eum

497 1274 1231 1344 circumstantibusOrigeni
1245 1271 1569 1344 presbytero
1582 1289 1646 1326 ac
1658 1289 1942 1326 (economo
1961 1271 2089 1340 (‘29),

498 1374 558 1422 et
586 1368 885 1422 Ammonio
906 1365 1040 1418 viris
1062 1363 1301 1433 inclytis,
1327 1368 1384 1415 et
1402 1361 1632 1431 reliquis
1651 1361 1937 1426 fratribus,
1961 1361 2095 1414 dici-

494 1463 592 1511 tur
619 1458 723 1510 hoc
751 1455 956 1510 dixisse
991 1474 1000 1507 :
1034 1454 1109 1507 Ex
1132 1469 1241 1522 quo
1266 1451 1391 1504 veni
1422 1452 1481 1504 in
1503 1451 1652 1504 hunc
1677 1452 1859 1504 locum
1892 1450 2090 1503 solitu-

495 1544 661 1611 dinis,
693 1551 750 1599 et
796 1560 980 1598 meam
1029 1541 1292 1596 aedificavi
1324 1541 1541 1605 cellam,
1592 1545 1647 1592 et
1683 1539 1774 1592 hic
1822 1539 2086 1602 habitavi,

495 1635 682 1688 nullus
712 1634 819 1687 fuit
847 1633 966 1687 dies
997 1648 1108 1702 quo
1134 1646 1246 1683 non
1261 1629 1472 1699 aliquid
1503 1629 1686 1699 operis
1706 1628 1930 1682 fecerim
1951 1628 2091 1682 meis

492 1721 752 1776 manibus
785 1740 796 1774 :
827 1738 932 1775 nec
959 1719 1190 1773 memini
1234 1736 1323 1772 me
1357 1718 1426 1771 ab
1461 1718 1647 1787 aliquo
1677 1734 1879 1787 panem
1912 1717 2090 1787 gratis

2186 562 2272 610 ret
2301 555 2686 610 Ammonium.
2711 555 2810 607 Ille
2841 559 3030 606 autem
3057 553 3189 606 dicit
3218 570 3230 607 :
3259 554 3531 608 Adducite
3552 570 3684 608 eum
3713 553 3786 605 ad

2184 661 2292 708 me,
2323 650 2381 698 et
2399 661 2500 714 ego
2522 659 2651 697 eum
2668 641 2819 696 vobis
2848 640 3137 695 ordinabo.
3157 642 3299 695 Cum
3321 658 3452 712 ergo
3474 659 3600 696 cum
3628 657 3788 710 mag-

2182 749 2254 786 no
2283 733 2489 786 auxilio
2530 731 2761 785 ivissent
2801 730 2872 784 ad
2922 747 3051 784 eum
3093 731 3704 800 comprehendendum,
3739 730 3785 783 is

2182 837 2482 875 conversus
2512 827 2597 874 est
2617 821 2676 874 in
2705 820 2918 889 fugam.
2952 821 3091 873 Cum
3114 819 3338 874 vidisset
3366 825 3556 874 autem
3577 835 3636 873 se
3660 821 3781 889 jam

2183 927 2304 965 esse
2333 910 2820 980 comprehensum,
2852 914 3006 962 stans
3037 925 3132 962 eos
3157 909 3410 979 rogabat.
3440 910 3582 963 Cum
3609 907 3651 961 ii
3679 925 3781 962 au-

2182 1003 2295 1052 tem
2331 1015 2443 1052 non
2477 1003 2760 1070 parerent,
2788 997 3001 1067 juravit
3029 1013 3195 1050 senex
3227 1014 3286 1050 se
3317 1013 3434 1050 rem
3468 1013 3581 1050 non
3611 997 3782 1051 susci-

2181 1103 2334 1156 pere,
2373 1103 2556 1157 neque
2584 1103 2746 1157 posse
2776 1086 2966 1155 egredi
3015 1103 3045 1138 e
3088 1085 3408 1140 solitudine.
3443 1085 3548 1139 Ubi
3583 1093 3776 1140 autem

2181 1191 2292 1229 non
2321 1175 2610 1240 cedebant,
2644 1175 2779 1246 ipsis
2811 1173 3145 1240 videntibus,
3173 1181 3398 1245 arrepto
3437 1174 3630 1229 forfice
3651 1176 3782 1229 sini-

2179 1270 2355 1319 stram
2387 1281 2582 1318 aurem
2614 1264 2718 1318 sibi
2756 1263 2992 1317 abscidit
3032 1263 3102 1317 ad
3142 1264 3320 1317 imum
3350 1281 3547 1334 usque,
3581 1264 3666 1318 eis
3696 1264 3780 1317 di-

2177 1370 2308 1408 cens
2347 1373 2357 1406 :
2392 1355 2554 1408 Nunc
2583 1352 2880 1422 intelligite
2910 1352 3032 1406 ﬁeri
3064 1369 3175 1406 non
3218 1369 3379 1423 posse
3420 1359 3483 1406 ut
3516 1369 3623 1422 ego
3651 1356 3779 1407 {iam

2175 1443 2322 1513 quod
2347 1460 2435 1496 me
2461 1443 2680 1512 cogitis.
2713 1459 2840 1496 cum
2869 1442 2954 1494 lex
2985 1441 3279 1512 prohibeat
3312 1458 3380 1494 ne
3411 1442 3483 1495 ad
3511 1443 3775 1496 sacerdo-

2177 1532 2319 1585 tium
2363 1533 2704 1602 provehatur
2730 1532 2778 1584 is
2807 1531 2895 1584 cui
2927 1536 3060 1584 sunt
3087 1547 3252 1584 aures
3279 1536 3603 1600 amputata}.
3639 1532 3778 1586 Cum

2175 1620 2255 1674 sic
2274 1637 2406 1690 ergo
2439 1637 2567 1674 eum
2594 1620 2954 1684 dimisissent,
2980 1625 3348 1685 recesserunt,
3375 1625 3428 1672 et
3450 1619 3520 1672 ad
3553 1620 3768 1690 episco-

2175 1725 2308 1779 pum
2352 1709 2636 1762 venientes
2679 1709 2795 1762 haac
2841 1708 2891 1761 ei
2929 1708 3345 1762 renuntiarunt.
3380 1709 3433 1762 ls
3476 1715 3673 1762 autem
3699 1710 3773 1762 eis

491 1811 687 1865 datum
729 1810 1064 1874 comedisse;
1097 1825 1199 1862 nec
1228 1825 1317 1861 me
1346 1807 1402 1860 in
1445 1785 1587 1860 hanc
1617 1785 1811 1860 horam
1857 1785 2152 1877 poenitetB
2175 1798 2310 1851 dicit
2340 1817 2350 1850 :
2390 1799 2516 1852 H330
2545 1798 2633 1851 lex
2663 1798 2722 1851 in
2748 1814 2854 1851 usu
2874 1797 2948 1851 sit
2976 1797 3124 1867 apud
3153 1796 3396 1852 Judzeos.
3417 1797 3558 1850 Mihi
3588 1803 3774 1852 autem

504 1903 558 1965 α
577 1905 692 1966 I6
723 1900 959 1968 alicujus
1004 1897 1296 1961 sermonis,
1327 1913 1492 1967 quem
1523 1896 1755 1949 dixerim
1781 1915 1794 1962 ;
1823 1901 1878 1948 et
1902 1896 1980 1948 sic
2020 1895 2090 1948 ad

491 1988 671 2043 Deum
693 1988 910 2054 recedo,
939 1992 1004 2041 ut
1031 1986 1126 2056 qui
1164 2003 1265 2039 nec
1291 1985 1415 2056 pius
1447 1984 1674 2055 quidem
1705 2001 1768 2038 ac
1791 1985 2088 2054 religiosus

491 2092 613 2131 esse
642 2077 926 2147 cceperim.
960 2076 1076 2129 Hoc
1112 2091 1334 2145 quoque
1364 2075 1432 2127 de
1453 2091 1518 2127 eo
1549 2073 1802 2127 terebant
1830 2074 2087 2127 testimo-

494 2166 652 2220 nium
706 2166 917 2220 Christi
965 2164 1108 2218 servi
1151 2164 1422 2234 Origenes
1452 2168 1509 2216 et
1547 2162 1898 2225 Ammonius,
1939 2162 2089 2232 quod

486 2270 779 2325 nunquam
827 2255 896 2308 de
951 2270 1012 2307 re
1059 2253 1248 2322 aliqua
1287 2253 1683 2321 interrogatus,
1729 2268 1850 2322 quae
1893 2252 1976 2304 vel
2016 2253 2085 2305 ad

487 2343 854 2414 Scripturam,
908 2343 994 2396 vel
1039 2341 1109 2395 ad
1157 2341 1432 2395 actionem
1477 2341 1831 2410 negotiumve
1861 2341 2087 2410 aliquod

484 2432 814 2502 pertineret,
833 2431 1024 2486 statim
1051 2430 1422 2501 responderit,
1444 2429 1540 2482 sed
1561 2427 1766 2481 dixerit
1792 2427 2084 2485 :Nondum

483 2520 672 2574 inveni
705 2521 852 2590 quod
881 2519 1278 2590 respondeam:
1308 2534 1453 2587 saepe
1483 2522 1669 2569 autem
1699 2516 2087 2586 praeterierant

484 2613 603 2661 tres
627 2625 868 2673 menses,
895 2613 953 2661 et
981 2623 1092 2660 non
1123 2605 1293 2658 dabat
1318 2621 1667 2674 responsum,
1688 2603 1909 2657 dicens:
1935 2605 2085 2658 Non-

483 2695 623 2749 dum
652 2694 1068 2764 comprehendi.
1101 2694 1239 2747 Tam
1263 2693 1611 2746 considerate
1629 2692 1855 2762 quidem
1879 2710 1943 2745 ex
1968 2694 2082 2747 Deo

482 2781 657 2835 dabat
685 2798 974 2852 responsa,
998 2786 1062 2834 ut
1105 2797 1138 2833 a
1175 2781 1290 2834 Deo
1339 2797 1466 2834 cum
1514 2781 1666 2834 omni
1699 2786 1851 2834 metu
1889 2797 2082 2834 omnes

481 2868 820 2940 acciperent.
836 2867 1138 2922 Dicebatur
1158 2867 1308 2920 enim
1330 2868 1475 2920 hanc
1500 2866 1764 2920 virtutem
1794 2867 1964 2920 etiam
1985 2884 2081 2920 su-

481 2973 587 3028 pra
613 2973 883 3028 magnum
930 2956 1256 3020 Antonium,
1301 2961 1358 3010 et
1407 2973 1578 3026 super
1625 2973 1818 3009 omnes
1860 2962 2080 3010 sanctos

479 3046 813 3112 exercuisse,
848 3062 1050 3117 nempe
1071 3051 1135 3100 ut
1163 3050 1311 3100 esset
1332 3045 1391 3098 in
1413 3045 1690 3116 loquendo
1711 3051 2007 3099 accuratus
2025 3051 2082 3099 et

479 3135 777 3206 perfectus.

1087 3257 1320 3312 CAPUT
1372 3257 1469 3310 XI.

956 3384 1072 3436 Vita
1094 3383 1305 3436 abbatis
1334 3383 1460 3435 Pior
1483 3379 1611 3452 (30).

553 3488 754 3542 Fertur
774 3491 964 3541 autem
985 3492 1191 3558 praeter
1212 3488 1324 3540 alia
1353 3487 1467 3541 haec
1495 3503 1720 3557 quoque
1737 3486 1881 3540 actio
1898 3485 2077 3540 sancti

480 3575 751 3642 Pambon,
784 3575 931 3646 quod
967 3575 1115 3640 Pior,
1137 3575 1231 3645 qui
1255 3592 1313 3629 se
1335 3575 1394 3628 in
1423 3575 1536 3628 vita
1555 3573 1848 3628 exercebat
1879 3591 2076 3628 mona-

478 3665 639 3732 stica,
661 3665 732 3718 ad
763 3665 885 3734 ejus
915 3665 1113 3718 cellam
1148 3663 1448 3734 aliquando
1477 3665 1763 3729 accedens,
1788 3663 2076 3733 proprium

477 3769 682 3824 panem
712 3753 934 3806 detulit.
968 3754 1110 3806 Cum
1135 3769 1264 3806 eum
1288 3757 1476 3806 autem
1500 3751 1751 3806 Pambon
1780 3753 2077 3822 reprehen-

478 3841 671 3906 disset,
703 3841 894 3894 dicens
927 3859 938 3892 :
972 3842 1086 3894 Cur
1125 3841 1228 3894 hoc
1273 3840 1492 3894 fecisti?
1544 3841 1834 3911 respondit
1869 3841 2031 3895 Prior
2059 3861 2069 3894 :

477 3929 563 3982 Ne
590 3935 647 3981 te
666 3944 982 3998 gravarem.
1018 3930 1215 3999 Itaque
1258 3929 1461 3982 tacitus
1508 3945 1634 3982 eum
1675 3929 1906 3983 dimisit.
1943 3931 2076 3984 Post

477 4016 828 4087 aliquantum
852 4023 1041 4071 autem
1065 4017 1336 4087 temporis
1367 4018 1634 4071 accedens
1652 4035 1888 4087 magnus
1913 4019 2074 4072 Pam-

475 4104 585 4160 bon
625 4107 696 4160 ad
724 4106 924 4160 cellam
967 4107 1114 4172 Pior,
1150 4123 1350 4176 panem
1381 4123 1543 4160 suum
1571 4123 1762 4160 secum
1792 4108 2072 4161 madefac-

474 4199 596 4250 tum
622 4196 829 4250 attulit.
863 4195 947 4250 Ab
961 4212 1028 4250 eo
1048 4201 1237 4250 autem
1261 4203 1508 4264 rogatus,
1539 4212 1783 4265 quanam
1805 4197 1873 4250 de
1902 4213 2074 4250 causa

470 4300 677 4356 panem
703 4284 985 4339 attulisset
1023 4285 1418 4351 madefactum,
1453 4285 1743 4356 respondit
1771 4285 2020 4339 Pambon
2055 4304 2064 4338 :

470 4372 604 4428 Ideo
625 4373 914 4441 madefeci,
956 4390 1026 4428 ne
1055 4389 1157 4444 ego
1189 4390 1409 4444 quoque
1437 4380 1493 4428 te
1519 4391 1832 4444 gravarem.

1065 4498 1298 4552 CAPUT
1348 4499 1449 4552 XII
1460 4538 1471 4551 .

476 4621 594 4678 Vita
621 4622 833 4677 abbatis
870 4620 888 4655 ¹
919 4622 1208 4676 Ammonii
1234 4619 1346 4690 (3|)
1372 4627 1418 4675 et
1451 4622 1705 4688 fratrum
1733 4623 1905 4675 simul
1935 4638 2060 4675 cum

1110 4711 1408 4763 sororibus.

531 4815 885 4882 Ammonius,
917 4815 1015 4886 qui
1042 4814 1149 4869 fuit
1174 4815 1364 4885 magni
1394 4814 1606 4868 Pambo
1635 4813 1961 4886 discipulus,
1987 4816 2060 4869 si-

462 4904 582 4956 mul
605 4921 732 4958 cum
762 4904 942 4958 tribus
971 4903 1238 4958 tratribus
1265 4910 1322 4958 ct
1347 4902 1564 4957 duabus
1594 4903 1897 4969 sororibus,
1931 4921 2058 4959 cum

459 4992 844 5062 pervenissent
868 4993 937 5046 ad
969 5009 1252 5046 summnm
1282 4991 1508 5062 pietatis
1550 5009 1614 5044 ac
1642 4993 1947 5062 religionis,
1963 5011 2056 5047 ve-

458 5088 667 5134 nerunt
686 5098 744 5135 1n
773 5081 1151 5142 solitudinem,
1185 5093 1243 5135 et
1283 5098 1537 5135 seorsum
1567 5081 1820 5135 fecerunt
1841 5087 2057 5136 utrum-

457 5184 568 5240 que
597 5170 1284 5235 monasterium,virorum
1307 5169 1518 5223 scilicet
1539 5176 1595 5223 et
1625 5171 1940 5236 mulierum,
1976 5172 2056 5225 ita

455 5263 521 5314 ut
532 5257 668 5311 satis
693 5273 959 5328 magnum
982 5258 1352 5314 intercederet
1372 5258 1635 5329 spatium.
1658 5259 1932 5322 Quoniam
1957 5277 2053 5314 au-

450 5351 567 5402 tem
597 5346 894 5416 insigniter
913 5346 1108 5400 doctus
1129 5354 1251 5400 erat
1280 5347 1527 5401 virorum
1559 5347 1802 5417 Optimus
1818 5350 2051 5402 Ammo-

449 5435 598 5502 nius,
625 5435 882 5506 quaadam
906 5434 1100 5487 civitas
1110 5436 1446 5490 desideravit
1469 5452 1595 5490 eum
1613 5435 1816 5490 habere
1837 5437 2050 5508 episco-

445 5541 604 5598 pum.
637 5525 746 5590 Qui
782 5540 912 5580 cum
941 5525 1304 5579 accessissent
1323 5527 1394 5580 ad
1421 5525 1650 5582 beatum
1679 5527 2050 5583 Timotheum

519 5643 542 5686 ¹’
567 5647 672 5707 Hic
698 5648 1032 5707 Ammonius
1059 5646 1169 5707 fuit
1205 5647 1540 5720 Origenista.

2089 4448 2136 4505 D

2174 1887 2222 1940 si
2251 1887 2337 1942 vel
2365 1893 2688 1941 truncatum
2732 1885 2962 1940 naribus
2993 1885 3340 1939 adduxeritis
3371 1886 3466 1956 qui
3496 1886 3574 1939 sit
3619 1885 3772 1940 bonis

2173 1975 2440 2041 moribus,
2475 1993 2576 2046 ego
2606 1992 2736 2030 eum
2762 1974 3050 2029 ordinabo.
3089 1975 3300 2029 Euntes
3331 1991 3464 2044 ergo
3487 1991 3624 2029 eum
3653 1992 3768 2029 rur-

2170 2081 2266 2118 sus
2297 2065 2590 2135 rogabant.
2608 2066 2748 2119 Cum
2772 2064 2888 2135 ipse
2913 2069 3102 2118 autem
3127 2080 3238 2117 non
3257 2071 3499 2134 pareret,
3521 2065 3770 2135 aggressi

2171 2159 2304 2208 sunt
2333 2171 2462 2208 eum
2488 2155 2571 2208 vel
2603 2154 2652 2206 vi
2683 2153 2978 2207 adducere.
3013 2154 3066 2207 Is
3095 2159 3285 2206 autem
3317 2153 3396 2206 eis
3421 2154 3661 2222 juravit,
3692 2154 3765 2208 di-

2169 2259 2328 2296 cens:
2356 2243 2414 2297 Si
2444 2259 2532 2296 me
2562 2242 2873 2312 coegeritis,
2896 2242 3066 2295 etiam
3083 2242 3332 2310 linguam
3352 2258 3537 2295 meam
3563 2244 3765 2296 exscin-

2170 2331 2320 2385 dam.
2343 2331 2422 2385 Eo
2450 2332 2639 2402 itaque
2661 2338 2786 2401 post
2814 2332 2933 2384 hanc
2963 2331 3214 2396 dimisso,
3251 2339 3629 2385 recesserunt.
3656 2333 3766 2386 Ilu-

2163 2421 2259 2489 jus
2284 2420 2566 2473 Ammonii
2596 2420 2774 2472 fertur
2809 2419 2913 2472 hoc
2935 2418 3288 2472 miraculum.
3331 2420 3659 2490 Nunquam,
3685 2420 3760 2473 in-

2168 2509 2444 2578 quiunt,si
2461 2509 2684 2578 quando
2709 2507 2894 2578 turpis
2906 2507 3206 2578 voluptatis
3224 2508 3556 2563 carunculae
3592 2509 3763 2563 insur-

2166 2597 2340 2650 rectio
2363 2598 2482 2666 ejus
2504 2613 2705 2666 corpus
2736 2596 2938 2650 invasit
2972 2596 3192 2666 corpori
3221 2613 3323 2650 suo
3354 2597 3640 2668 pepercit;
3673 2597 3762 2652 sed

2165 2685 2377 2737 ferrum
2399 2683 2642 2738 cd’ndens
2677 2683 2793 2737 suis
2841 2682 3108 2737 membris
3139 2683 3488 2749 admovebat,
3535 2686 3677 2739 adeo
3704 2692 3761 2740 ut

2166 2777 2314 2824 esset
2341 2778 2492 2826 totus
2513 2773 2812 2826 ulceratus.
2852 2773 2984 2842 Ejus
3013 2778 3205 2827 autem
3236 2790 3433 2826 mensa
3453 2775 3590 2827 talis
3612 2775 3712 2829 fuit
3729 2791 3760 2828 a

2159 2861 2454 2930 juventute
2484 2877 2660 2931 usque
2681 2861 2751 2914 ad
2776 2866 3034 2927 mortem,
3061 2861 3209 2932 quod
3234 2861 3419 2915 crudis
3443 2863 3658 2916 scilicet
3673 2880 3758 2916 ve-

2164 2955 2442 3016 sceretur;
2476 2950 2616 3003 nihil
2645 2949 2792 3002 enim
2822 2966 3070 3020 unquam
3109 2950 3438 3004 comedebat
3466 2952 3620 3020 quod
3649 2952 3758 3022 igni

2161 3037 2360 3092 fuisset
2400 3039 2710 3104 admotum,
2760 3046 2963 3108 praeter
3011 3056 3234 3110 panem.
3275 3039 3449 3093 Vetus
3488 3048 3682 3095 autem
3708 3049 3760 3094 et

2095 3135 2139 3195 C
2161 3128 2378 3182 Novum
2407 3129 2828 3183 Testamentum
2857 3127 3077 3182 dicebat
3097 3129 3417 3182 memoriter
3450 3128 3560 3200 (3'2)
3588 3135 3680 3197 ;et
3705 3130 3758 3183 in

2160 3217 2450 3272 doctorum
2488 3218 2734 3271 virorum
2775 3217 3040 3287 Origenis
3067 3222 3126 3271 et
3152 3217 3396 3289 Didymi,
3426 3225 3487 3272 et
3515 3220 3682 3273 Pierii
3706 3227 3758 3273 et

2161 3306 2431 3376 Stephani
2458 3306 2680 3376 scriptis
2699 3306 2781 3360 ita
2807 3313 2930 3360 erat
2957 3313 3227 3373 versatus,
3261 3312 3328 3360 ut
3343 3308 3603 3378 sexagies
3631 3324 3754 3362 cen-

2158 3400 2292 3449 tena
2322 3395 2500 3449 millia
2527 3411 2790 3448 versuum
2837 3395 3195 3465 percurrerit,
3236 3401 3302 3448 ut
3348 3396 3416 3450 de
3459 3413 3525 3450 eo
3574 3397 3752 3451 ferunt

2159 3483 2545 3538 testimonium
2559 3483 2747 3553 magni
2767 3500 2988 3554 quoque
3008 3485 3205 3562 Patres
3223 3484 3283 3538 in
3296 3484 3621 3540 solitudine.
3646 3486 3750 3540 Ilu-

2153 3575 2248 3643 jus
2279 3579 2468 3627 autem
2505 3573 2763 3626 feruntur
2803 3573 2971 3626 etiam
3023 3573 3344 3644 prOphetiae.
3377 3575 3625 3629 Tantum
3651 3591 3746 3628 au-

2157 3668 2274 3716 tem
2323 3660 2542 3715 valebat
2583 3661 2639 3715 in
2669 3661 3021 3715 consolandis
3062 3661 3326 3716 fratribus
3367 3663 3465 3733 qui
3505 3663 3746 3718 erantin

2158 3751 2480 3816 solitudine,
2515 3756 2788 3821 quantum
2817 3751 2966 3804 ullus
2992 3751 3152 3805 alius.

2229 3841 2348 3894 Hoc
2375 3840 2427 3893 ei
2465 3856 2566 3893 suo
2587 3839 2852 3909 suffragio
2882 3838 3165 3893 tribuebat
3195 3839 3487 3909 Evagrius,
3512 3842 3607 3912 qui
3627 3847 3737 3895 erat

2156 3928 2242 3981 vir
2265 3927 2617 3982 discernendi
2638 3928 2688 3980 vi
2711 3927 2999 3998 praeditus,
3033 3944 3093 3980 se
3123 3928 3338 3981 nullum
3361 3915 3648 3983 hominem
3676 3929 3745 3982 vi-

2155 4017 2301 4071 disse
2326 4017 2420 4086 qui
2458 4022 2605 4071 esset
2634 4016 2812 4085 magis
2834 4015 3158 4086 impatibilis
3192 4016 3321 4084 (33),
3351 4023 3407 4071 et
3435 4018 3652 4072 alienus
3680 4015 3741 4070 ab

2155 4105 2416 4160 omnibus
2441 4105 2614 4158 animi
2635 4105 3159 4175 perturbationibus
3180 4107 3360 4172 (Caute
3385 4109 3538 4178 tege).

2229 4197 2326 4249 llic
2353 4199 2416 4248 in
2446 4195 2622 4249 Graec
2653 4199 2801 4247 tactu
2825 4196 3074 4262 quaedam
3109 4201 3438 4263 sequuntur,
3460 4214 3579 4266 qua!
3601 4212 3740 4250 versa

2153 4283 2310 4337 habes
2338 4285 2492 4352 apud
2523 4284 2888 4347 Heraclidem,
2919 4298 3037 4351 cap.
3063 4280 3124 4342 ‘2.

2743 4406 2977 4461 CAPUT
3001 4407 3150 4461 XIII.

2529 4533 2644 4585 Vita
2671 4533 2887 4586 abbatis
2917 4533 3214 4600 Benjamin
3241 4529 3372 4600 (34).

2215 4639 2280 4692 In
2312 4637 2415 4691 hoc
2442 4644 2632 4691 monte
2660 4637 2861 4692 Nitria:
2891 4637 2998 4692 fuit
3020 4637 3106 4691 vir
3132 4637 3500 4702 admirabilis,
3533 4637 3626 4707 qui
3647 4652 3728 4688 vo-

2143 4726 2377 4782 cabatur
2397 4726 2709 4796 Benjamin,
2732 4727 2826 4796 qui
2857 4732 3005 4780 recte
3035 4733 3090 4780 et
3113 4743 3180 4780 ex
3204 4726 3408 4780 virtute
3435 4728 3607 4780 vitam
3620 4724 3727 4795 egit

2142 4816 2304 4870 annis
2329 4815 2630 4886 octoginta.
2649 4815 2757 4879 Qui
2783 4832 2910 4869 cum
2938 4831 3157 4869 summe
3187 4816 3454 4870 virtutem
3466 4813 3725 4868 exercuis-

2140 4911 2245 4970 set,
2277 4905 2540 4974 dignatus
2563 4904 2666 4958 fuit
2681 4904 2867 4974 gratia
2888 4905 3267 4970 curationum,
3289 4905 3429 4957 adeo
3441 4911 3508 4958 ut
3521 4903 3730 4957 cuicun-

2141 5011 2248 5065 que
2263 5011 2464 5048 manus
2483 4993 2859 5064 imposuisset,
2877 4999 2976 5047 aut
2992 4993 3141 5062 quod
3170 4993 3531 5047 benedixerat
3551 4993 3724 5046 oleum

2138 5083 2402 5148 dedisset,
2430 5083 2526 5153 qui
2555 5082 2844 5137 laborabat
2872 5081 3209 5135 liberaretur
3223 5081 3294 5135 ab
3324 5083 3479 5136 omni
3507 5080 3723 5151 aegritu-

2138 5172 2287 5226 dine.
2316 5172 2418 5225 Hic
2441 5171 2536 5241 qui
2558 5178 2717 5225 tanta
2728 5170 2914 5242 gratia
2927 5171 3130 5240 dignus
3144 5171 3332 5224 fuerat
3350 5170 3593 5232 habitus,
3615 5175 3724 5221 octo

2137 5260 2422 5315 mensibus
2451 5267 2583 5314 ante
2613 5259 2826 5314 obitum
2853 5259 2960 5314 fuit
2986 5259 3344 5330 hydropicus,
3380 5265 3437 5312 et
3467 5260 3590 5329 ejus
3612 5272 3720 5310 cor-

2134 5367 2239 5421 pus
2250 5366 2427 5419 usque
2447 5348 2587 5403 adeo
2599 5348 2884 5412 intumuit,
2898 5354 2960 5402 ut
2981 5355 3210 5420 propter
3223 5348 3440 5402 dolores
3465 5346 3720 5400 invenire-

2135 5444 2228 5493 tur
2257 5438 2401 5492 alius
2430 5437 2534 5492 Job
2567 5437 2742 5492 nostri
2773 5436 3062 5507 temporis.
3107 5437 3249 5492 Cum
3290 5453 3391 5490 nos
3415 5442 3606 5490 autem
3635 5448 3714 5484 as-

2131 5527 2465 5599 sumpsisset
2493 5527 2791 5582 Dioscorus
2809 5526 3122 5598 episcopus,
3145 5526 3242 5598 qui
3269 5531 3403 5581 tunc
3429 5530 3554 5578 erat
3578 5535 3713 5594 pres-
