4008 6210
304 354 448 413 1105

1568 356 1915 414 HISTORIA
1948 358 2324 416 LAUSIACA.

3442 362 3582 421 1106

290 479 467 554 byter
488 482 695 538 montis
723 482 939 548 Nitrie,
969 499 1059 537 me
1094 482 1327 554 inquam
1384 487 1443 538 et
1492 482 1721 538 beatum
1772 482 2138 555 Eva-.Aergo,
2177 484 2369 552 frater,
2400 487 2573 542 vitam
2598 488 3000 559 aggrediamur
3022 487 3411 555 monasticam,
3438 493 3506 543 ut
3526 493 3585 544 et

286 571 490 641 grium
516 574 568 637 α
589 579 621 635 Ι
644 577 696 637 ⁸1
716 572 852 627 dicit
869 571 1030 627 nobis
1053 590 1065 626 :
1100 573 1329 639 Adeste,
1359 572 1542 628 videte
1568 589 1773 628 novum
1804 572 1908 628 Job

291 659 477 729 quiin
510 663 670 714 tanto
685 661 933 732 corporis
962 660 1157 715 morbo
1168 666 1225 715 et
1253 665 1411 716 tanto
1424 666 1645 716 tumore
1676 661 1909 716 immen-

289 747 603 803 samhabet
629 750 963 820 patientiam
984 767 1111 804 cum
1135 751 1446 821 gratiarum
1469 750 1712 807 actione.
1740 752 1909 805 Acce-

289 836 497 891 dentes
527 854 661 909 ergo
674 839 916 893 vidimus
930 844 1149 894 tantam
1169 840 1376 894 molem
1401 841 1525 908 ejus
1552 839 1822 910 corporis,
1845 844 1910 893 ut

291 942 537 997 parvum
567 928 690 997 ejus
714 928 954 999 digitum
974 945 1087 983 non
1105 945 1396 999 possemus
1411 928 1705 999 complecti
1719 928 1908 998 digitis

291 1015 546 1070 duarum
567 1032 861 1071 manuum.
883 1018 1023 1072 Cum
1043 1023 1233 1072 autem
1250 1017 1430 1071 morbi
1444 1018 1777 1087 gravitatem
1794 1033 1908 1071 non

297 1120 599 1176 possemus
632 1106 757 1160 ﬁxis
797 1107 972 1161 oculis
1008 1106 1477 1173 intueri,nostros
1493 1106 1683 1160 oculos
1696 1112 1909 1161 averte-

290 1192 521 1248 bamus.
562 1195 719 1249 Tunc
771 1195 908 1250 dicit
963 1195 1124 1250 nobis
1181 1195 1377 1249 beatus
1425 1195 1519 1249 ille
1568 1194 1901 1264 Benjamin:

292 1282 490 1348 Orate,
524 1283 645 1349 ﬁlii,
687 1300 758 1338 ne
787 1300 948 1338 meus
975 1285 1231 1339 internus
1251 1284 1417 1338 homo
1446 1283 1519 1338 sit
1545 1283 1901 1354 hydr0picus.

290 1371 416 1425 Hoc
442 1372 595 1426 enim
621 1388 826 1443 corst
843 1389 1024 1444 neque
1054 1390 1181 1427 cum
1209 1372 1348 1427 bene
1366 1390 1427 1427 se
1472 1371 1725 1437 haberet,
1763 1373 1905 1427 mihi

293 1459 609 1531 quidquam
638 1461 867 1531 profuit,
906 1478 1087 1532 neque
1112 1479 1242 1517 cum
1270 1462 1436 1527 male,
1468 1478 1558 1516 me
1588 1462 1750 1516 laesit.
1780 1462 1900 1517 Illis

290 1564 430 1619 ergo
454 1554 580 1604 octo
594 1550 881 1605 mensibus
892 1551 1041 1605 facta
1069 1556 1156 1606 est
1181 1552 1263 1605 illi
1293 1552 1432 1605 sella
1458 1552 1733 1606 latissima
1758 1551 1897 1625 (35),

1990 573 2167 644 patris
2190 574 2366 628 nostri
2385 575 2663 629 lucremur
2683 575 2995 641 facultates,
3032 580 3090 629 et
3119 579 3341 630 nostras
3366 576 3583 632 animas

1988 678 2100 716 non
2130 664 2448 734 perdamus.
2463 665 2679 718 Placuit
2706 682 2837 735 ergo
2856 664 3109 736 utrisque
3130 680 3329 736 scapus
3344 665 3469 721 vitae
3489 683 3583 721 so-

1987 751 2206 817 litariae,
2241 754 2337 807 sed
2366 753 2578 808 inventi
2606 760 2739 808 sunt
2764 754 2909 809 alius
2952 754 3010 809 in
3038 754 3150 808 alio
3177 754 3582 826 discrepantes.

1990 840 2131 895 Cum
2150 841 2339 912 itaque
2366 842 2630 913 pecunias
2661 842 3001 909 divisissent,
3035 847 3094 897 et
3123 843 3342 914 reliqua
3373 845 3585 912 omnia,

1989 930 2138 987 hunc
2161 930 2388 1001 quidem
2410 931 2516 985 sibi
2538 947 2768 1002 scopum
2792 937 3223 1002 proposuerunt,
3242 938 3307 988 ut
3324 933 3441 988 Deo
3462 934 3585 1005 pla-

1990 1024 2199 1085 cerent,
2234 1020 2330 1073 sed
2361 1020 2578 1074 diverso
2598 1020 2724 1074 vitae
2743 1019 3021 1074 instituto.
3039 1022 3197 1075 Unus
3215 1021 3368 1079 enim
3397 1022 3589 1077 omnia

1988 1107 2334 1178 dispergens,
2354 1109 2511 1163 dedit
2533 1108 2908 1173 monasteriis,
2942 1113 3000 1162 et
3028 1110 3295 1175 ecclesiis,
3328 1115 3386 1166 et
3406 1115 3589 1166 custoo

1988 1196 2114 1257 diis.
2143 1203 2201 1251 et
2229 1214 2356 1252 cum
2370 1203 2551 1252 artem
2581 1196 2885 1262 didicisset,
2906 1213 2972 1251 ex
3001 1214 3112 1268 qua
3135 1198 3239 1253 sibi
3261 1216 3466 1269 panem
3494 1217 3590 1271 pa-

1987 1291 2158 1351 mret,
2192 1286 2576 1340 exercitationi
2596 1302 2825 1357 operam
2849 1285 3019 1341 dabat
3048 1291 3106 1340 et
3141 1288 3405 1344 orationi.
3431 1290 3592 1344 Alter

1987 1380 2175 1429 autem
2190 1376 2311 1445 ejus
2334 1375 2472 1429 nihil
2492 1375 2773 1446 dispersit,
2802 1376 2900 1429 sed
2932 1376 3077 1429 facto
3097 1375 3203 1430 sibi
3225 1378 3585 1445 monasterio,

1984 1470 2041 1518 et
2068 1464 2259 1535 paucis
2282 1465 2586 1536 assumptis
2630 1464 2897 1519 fratribus
2940 1464 3245 1535 quemlibet
3279 1465 3591 1537 excipiebat

1981 1554 2286 1625 hospitem,
2310 1554 2617 1625 quemlibet
2641 1553 2876 1609 curabat
2902 1560 3194 1625 aegrotum,
3224 1556 3477 1626 quemvis
3504 1572 3589 1611 se-

292 1637 357 1691 in
386 1655 498 1709 qua
526 1638 759 1694 sedebat
782 1640 1025 1707 assidue,
1050 1646 1114 1695 ut
1136 1641 1233 1711 qui
1258 1657 1373 1695 non
1418 1646 1607 1712 posset
1650 1641 1710 1695 in
1756 1642 1898 1696 lecto
1980 1657 2109 1696 nem
2148 1643 2445 1709 retinebat,
2488 1643 2662 1698 cuivis
2712 1643 2948 1714 pauperi
2993 1642 3192 1709 dabat;
3236 1642 3480 1699 Sabbato
3533 1650 3589 1699 et

288 1726 642 1794 accumbere,
668 1733 899 1799 prapter
920 1747 987 1783 ea
1009 1746 1131 1801 qum
1145 1735 1278 1784 sunt
1290 1729 1539 1802 corporis
1558 1730 1892 1785 necessaria.
1919 1801 1950 1804 _
1982 1730 2294 1798 Dominica,
2324 1738 2441 1787 tres
2461 1737 2561 1786 aut
2589 1737 2793 1802 quator
2820 1748 3044 1786 mensas
3064 1737 3337 1799 statuens,
3365 1749 3461 1788 eos
3492 1734 3591 1804 qui

289 1816 439 1871 Cum
460 1822 650 1871 autem
667 1817 948 1873 laboraret
968 1819 1073 1873 hoc
1110 1801 1311 1873 morbo
1330 1819 1749 1885 immedicabili,
1775 1836 1897 1873 me-
1918 1801 1965 1861 Β
1984 1826 2147 1875 erant
2173 1821 2337 1892 egeni
2367 1801 2699 1892 excipiebat.
2734 1822 2852 1875 Hoc
2881 1821 3047 1875 modo
3063 1821 3232 1876 vitam
3264 1838 3425 1876 suam
3446 1801 3585 1878 con-

289 1902 535 1958 debatur
549 1904 675 1959 aliis
687 1906 783 1976 qui
799 1905 1133 1961 tenebantur
1146 1905 1895 1977 quibusvisaegritudinibus.
1980 1910 2239 1981 sumpsit.
2270 1910 2556 1965 Ambobus
2578 1914 2770 1964 autem
2802 1910 3058 1976 mortuis,
3089 1910 3319 1965 diversae
3348 1909 3590 1967 beatitu-

288 1993 685 2048 Necessarium
704 1994 896 2065 itaque
912 1995 1066 2061 duxi,
1089 1995 1346 2050 morbum
1363 1995 1532 2066 hujus
1545 1996 1723 2050 sancti
1738 2013 1903 2067 expo-
1983 1998 2141 2054 dines
2171 2000 2426 2071 utrisque
2456 1998 2738 2053 dabantur
2765 2015 2799 2053 a
2820 1998 3106 2065 fratribus,
3126 2002 3321 2070 utpote
3337 2000 3486 2071 quod
3507 2017 3592 2056 es-

288 2098 445 2148 nere,
477 2098 547 2136 ne
571 2083 732 2137 nobis
754 2084 1001 2139 alienum
1032 2084 1306 2151 videatur,
1341 2085 1389 2139 si
1422 2086 1554 2139 viris
1593 2085 1762 2156 justis
1803 2086 1903 2139 ali-
1983 2093 2113 2142 sent
2144 2088 2354 2143 inventi
2376 2088 2541 2143 ambo
2561 2088 2769 2142 virtute
2815 2088 3043 2160 perfecti
3076 2106 3087 2141 :
3119 2092 3178 2142 et
3204 2088 3329 2143 aliis
3357 2089 3587 2161 quidem

288 2171 418 2242 quis
444 2188 605 2226 casus
633 2172 869 2227 accidat.
905 2174 1139 2245 Egregio
1165 2191 1298 2245 ergo
1342 2175 1440 2229 illo
1486 2175 1602 2229 viro
1645 2180 1891 2243 mortuo,
1977 2176 2234 2248 placebat
2261 2178 2375 2232 vita
2407 2178 2549 2248 ejus,
2593 2176 2689 2248 qui
2718 2177 3139 2232 renuntiaverat
3168 2195 3183 2244 ;
3208 2177 3333 2232 aliis
3358 2194 3487 2233 vero
3515 2194 3584 2234 ea

289 2259 578 2314 sublatum
603 2266 691 2316 est
706 2262 880 2317 limen
912 2263 1041 2317 ostii
1062 2269 1118 2317 et
1140 2269 1346 2335 postes,
1385 2269 1449 2318 ut
1474 2269 1664 2335 posset
1690 2280 1894 2336 corpus
1977 2282 2100 2336 quae
2128 2266 2581 2322 communicabat
2616 2265 2873 2321 omnibus
2907 2265 3223 2335 egentibus.
3252 2267 3394 2321 Cum
3448 2283 3585 2338 ergo

287 2347 476 2402 etferri
503 2365 571 2403 ex
600 2350 761 2408 cella.
795 2352 978 2405 Tanta
1007 2356 1128 2406 erat
1157 2352 1334 2406 moles
1362 2352 1610 2423 corporis
1647 2351 1795 2407 beati
1835 2358 1895 2407 et
1974 2353 2125 2408 inter
2160 2355 2362 2410 fratres
2397 2355 2686 2410 incidisset
2729 2354 3032 2421 contentio,
3092 2358 3324 2426 propter
3378 2355 3582 2411 horum

286 2435 485 2509 inclyti
505 2439 682 2510 patris
708 2440 1026 2511 Benjamin.
1973 2441 2267 2498 beatorum
2313 2444 2597 2498 diversum
2634 2444 2760 2498 vitae
2826 2443 3170 2510 institutum,
3220 2449 3279 2498 et
3332 2444 3577 2500 maxime

881 2564 1116 2619 CAPUT
1142 2564 1287 2619 XN.
1968 2538 2202 2603 propter
2228 2533 2422 2588 laudes
2438 2533 2706 2599 diversas,
2735 2531 2949 2587 vadunt
2980 2532 3053 2586 ad
3074 2531 3300 2587 beatum
3338 2533 3570 2602 Pambo,

1970 2626 2029 2674 et
2083 2621 2155 2675 ad
2208 2636 2338 2675 eum
2396 2620 2667 2685 referunt,
2700 2624 2764 2675 ut
2815 2620 2885 2675 de
2932 2620 3037 2674 hac
3074 2637 3137 2674 re
3214 2621 3569 2693 respondeat,

298 2686 418 2740 Vita
436 2688 717 2757 Apollonii
741 2688 847 2760 (36)
870 2694 970 2759 qui
997 2693 1497 2758 cognominabatur
1522 2684 1619 2743 οἷπό
1650 2709 1886 2762 πραγμα-
1967 2709 2216 2764 volentes
2244 2710 2386 2763 scire
2405 2684 2668 2764 utranam
2697 2709 2773 2764 sit
2800 2708 3002 2764 melior
3020 2709 3150 2764 vitae
3176 2684 3343 2764 ratio.
3375 2708 3432 2764 Is
3469 2684 3569 2765 au;

612 2784 813 2843 τευτῶν,
848 2781 906 2833 id
933 2784 1009 2833 est
1036 2796 1071 2834 α
1106 2782 1557 2848 negotiatoribus.

1965 2803 2083 2852 tem
2111 2798 2192 2852 eis
2220 2798 2388 2853 dicit:
2413 2798 2648 2870 Utrique
2676 2803 2809 2853 sunt
2835 2797 3066 2869 perfecti
3082 2798 3232 2870 apud
3251 2798 3453 2853 Deum.
3482 2799 3569 2854 Al-

354 2880 595 2945 Quidam
647 2885 977 2955 Apollonius
1031 2886 1258 2940 nomine
1313 2880 1412 2938 ἀπό
1465 2890 1874 2955 πραγματευτῶν,

1965 2891 2053 2941 ter
2073 2887 2301 2957 quidem
2318 2887 2545 2942 functus
2565 2892 2652 2941 est
2699 2903 2934 2942 munere
2962 2886 3219 2953 Abrahm,
3245 2887 3337 2958 qui
3373 2903 3567 2944 omnes

280 2968 340 3022 id
368 2975 471 3036 est,
505 2988 541 3025 a
566 2973 1029 3044 negotiatoribus,
1073 2990 1201 3029 cum
1231 2973 1440 3027 mundo
1477 2973 1875 3040 renuntiasset,
1959 2973 2264 3046 excipiebat
2289 2975 2464 3041 ;alter
2494 2992 2620 3030 vero
2663 2975 2908 3047 suscepit
2937 2975 3327 3030 firmissimum
3356 2980 3414 3030 et
3441 2992 3572 3031 con-

279 3061 338 3111 et
366 3066 618 3116 montem
653 3063 850 3118 Nitriaa
879 3063 1209 3128 habitasset,
1243 3067 1299 3116 et
1323 3079 1428 3117 nec
1452 3066 1635 3116 artem
1664 3061 1877 3117 discere
1959 3063 2374 3119 stantissimum
2394 3064 2575 3119 zelum
2596 3063 2730 3119 Eliae
2760 3064 3065 3134 prophetae,
3090 3069 3155 3118 ut
3169 3063 3278 3117 Deo
3297 3063 3565 3134 placeret.

279 3158 490 3226 posset,
524 3169 628 3207 nec
659 3152 894 3218 litteras,
931 3152 1079 3223 quod
1100 3157 1263 3207 aetate
1297 3156 1444 3205 esset
1471 3156 1781 3221 provectus,
1806 3151 1941 3216 vi-C
1964 3153 2035 3207 Et
2060 3170 2188 3208 cum
2217 3152 2315 3208 alii
2334 3153 2561 3224 quidem
2601 3152 2653 3206 ei
2682 3152 2933 3207 dicerent
2957 3168 2968 3201 :
2995 3151 3286 3216 Quomodo
3309 3151 3432 3206 ﬁeri
3466 3168 3565 3223 po-

275 3243 422 3314 ginti
456 3242 618 3296 annis
647 3241 850 3313 quibus
869 3242 1001 3295 vivit
1028 3241 1085 3295 in
1115 3245 1324 3306 monte,
1345 3241 1490 3295 hanc
1511 3240 1707 3294 habuit
1722 3257 1879 3295 exer-
1963 3246 2094 3307 test,
2120 3241 2227 3307 die,
2257 3257 2597 3312 quiesumus,
2621 3239 2783 3295 nobis
2812 3240 2982 3311 pedes
3002 3245 3130 3295 tuos
3153 3239 3564 3311 attingentibus

277 3332 622 3387 citationem.
672 3330 800 3385 Suis
840 3330 1092 3402 pecuniis
1122 3336 1178 3385 et
1223 3330 1339 3385 suis
1384 3329 1670 3384 laboribus
1689 3346 1882 3385 emens
1964 3328 2095 3397 (40),
2123 3337 2188 3384 ut
2218 3331 2276 3384 hi
2306 3331 2421 3384 sint
2448 3331 2708 3401 aequales.
2736 3331 2989 3401 Cumque
3015 3329 3111 3383 alii
3136 3329 3561 3385 exercitatorem

274 3420 623 3476 Alexandriae
652 3436 787 3475 vasa
818 3420 1034 3474 medica
1063 3436 1227 3473 omne
1265 3436 1445 3489 genus
1461 3417 1585 3489 (37),
1610 3419 1881 3474 universae
1963 3419 2289 3489 praeferrent
2304 3424 2360 3473 et
2379 3419 2658 3472 dicerent:
2683 3419 3031 3488 Praeceptum
3050 3417 3301 3489 implevit
3327 3434 3561 3488 evange-

278 3509 623 3565 fraternitati
650 3526 720 3562 ea
754 3508 1152 3579 suppeditabat
1180 3509 1250 3562 ad
1276 3508 1499 3562 morbos
1532 3527 1543 3561 :
1582 3514 1639 3562 et
1682 3508 1883 3563 licebat
1964 3508 2334 3579 licum,utqui
2356 3508 2546 3562 omnia
2560 3507 2871 3561 vendiderit
2884 3513 2941 3561 et
2957 3507 3177 3561 dederit
3195 3505 3554 3578 pauperibus,

275 3614 407 3653 eum
432 3597 621 3651 videre
642 3614 676 3651 a
694 3598 876 3668 prima
890 3598 1009 3651 luce
1032 3613 1209 3668 usque
1234 3597 1304 3651 ad
1325 3597 1522 3651 horam
1542 3613 1751 3650 nonam
1775 3597 1888 3651 dis-
1966 3604 2131 3652 noctu
2163 3604 2219 3653 et
2237 3598 2332 3652 diu
2355 3613 2715 3668 perseverans
2742 3597 2802 3651 in
2830 3595 3196 3663 orationibus,
3226 3612 3449 3650 crucem
3472 3595 3557 3650 fe-

277 3692 599 3742 currentem
629 3686 886 3740 ob‘eundo
933 3686 1294 3749 monasteria,
1340 3692 1397 3739 et
1441 3686 1651 3739 ostium
1697 3685 1881 3755 ingre-
1960 3704 2110 3754 rens,
2143 3693 2201 3741 et
2225 3703 2466 3757 sequens
2496 3688 2847 3742 Servatorem
2876 3704 2887 3753 ;
2920 3692 3117 3740 contra
3141 3690 3333 3740 autem
3362 3685 3458 3740 alii
3484 3685 3554 3740 de

274 3776 545 3842 clientem,
564 3780 621 3831 et
638 3774 910 3830 visentem
932 3792 1067 3829 num
1087 3776 1212 3846 quis
1228 3774 1877 3830 decumberet.Portabat

274 3872 469 3920 autem
498 3881 662 3919 uvam
686 3881 927 3935 passam,
961 3865 1108 3918 mala
1139 3852 1519 3934 punicarova,
1535 3881 1737 3935 panem
1758 3864 1874 3918 sili-

271 3956 522 4027 gineum,
558 3961 615 4009 et
634 3972 701 4009 ea
722 3954 923 4025 quibus
953 3971 1091 4025 opus
1114 3953 1320 4007 habent
1342 3954 1558 4023 aegroti.
1583 3954 1740 4007 Hanc
1765 3952 1871 4007 sibi

271 4044 651 4100 conferentem
684 4043 895 4098 invenit
909 4043 1035 4097 vitae
1062 4043 1337 4097 rationem
1357 4058 1535 4113 usque
1564 4042 1634 4096 ad
1652 4042 1872 4097 senium

273 4134 486 4190 Christi
505 4150 723 4189 servus.
753 4133 861 4197 Qui
890 4149 1020 4186 cum
1049 4137 1195 4186 esset
1226 4126 1554 4194 moriturus,
1584 4131 1744 4185 alteri
1766 4130 1872 4185 sibi

273 4223 447 4278 simili
465 4240 564 4277 sua
585 4222 814 4294 reliquit
826 4223 1040 4287 frivola,
1061 4237 1263 4291 rogans
1291 4237 1417 4274 eum
1437 4226 1501 4274 ut
1524 4220 1670 4273 idem
1693 4219 1874 4274 obiret

273 4312 672 4368 ministerium.
697 4313 840 4367 Nam
870 4327 998 4365 cum
1013 4310 1257 4381 quinque
1275 4309 1450 4363 millia
1469 4310 1874 4364 monachorum

273 4401 435 4456 illum
461 4407 708 4456 montem
738 4400 1010 4465 habitent,
1046 4400 1146 4453 tali
1170 4415 1394 4469 quoque
1425 4415 1566 4470 opus
1598 4404 1686 4453 est
1710 4414 1874 4452 cura-

272 4490 449 4558 tione,
472 4490 620 4561 quod
641 4490 715 4545 sit
740 4491 895 4544 locus
925 4490 1198 4543 desertus.

737 4611 997 4668 CAPITA
1024 4612 1120 4666 XV
1143 4612 1231 4667 ET
1258 4612 1405 4667 XVI.

716 4740 831 4792 Vita
859 4740 1048 4792 Pacsii
1067 4743 1113 4792 et
1137 4740 1293 4792 Isaia:
1316 4734 1447 4807 (38).

343 4845 710 4901 AliiPaeesius
736 4844 982 4899 etIsaias
1011 4844 1237 4899 nomine
1255 4844 1484 4898 fuerunt
1525 4844 1745 4909 fratres,
1780 4859 1873 4915 pa-

272 4940 361 4991 tre
376 4939 687 4990 mercatore
716 4933 1013 5005 Hispanico
1044 4932 1284 5004 (39),qui
1314 4933 1541 5003 quidem
1566 4950 1693 4988 cum
1716 4938 1876 5004 pater

273 5041 471 5079 eorum
499 5030 648 5079 esset
671 5029 946 5089 mortuus,
971 5022 1281 5076 diviserunt
1310 5023 1603 5076 facultates
1624 5039 1762 5093 quas
1780 5023 1877 5075 ha-

271 5109 485 5166 bebant
508 5109 567 5164 in
594 5108 894 5164 mobilibus
926 5128 942 5162 :
969 5108 1028 5161 in
1058 5107 1304 5162 nummis
1360 5107 1588 5177 quidem
1629 5108 1876 5178 quinque

272 5200 470 5266 millia,
504 5200 561 5253 in
592 5197 834 5254 vestibus
863 5204 1055 5252 autem
1072 5202 1131 5250 et
1161 5196 1335 5250 servis
1365 5196 1740 5282 quaeiin‘venta
1764 5196 1879 5251 fue-

272 5296 424 5343 rant.
482 5289 529 5343 li
559 5289 708 5343 inter
734 5305 794 5343 se
823 5285 1225 5351 deliberarunt,
1262 5291 1321 5339 et
1349 5284 1456 5340 sibi
1498 5286 1871 5359 consulentes,

274 5374 565 5431 dicebant:
591 5376 883 5440 Quodnam
912 5374 1035 5429 vita:
1063 5373 1161 5428 iter
1186 5372 1587 5443 ingrediemur,
1609 5390 1642 5426 ο
1663 5372 1877 5456 frater?

276 5466 338 5521 Si
366 5480 721 5520 exerceamus
742 5470 1116 5519 mercaturam
1147 5479 1314 5534 quam
1335 5467 1495 5533 pater
1514 5467 1705 5516 noster
1722 5476 1879 5516 exer-

273 5556 412 5621 cuit,
442 5570 545 5609 nos
564 5554 946 5625 relinquemus
974 5553 1099 5607 aliis
1121 5557 1342 5607 nostros
1373 5550 1611 5618 labores,
1644 5557 1702 5607 et
1730 5551 1875 5607 forte

280 5643 446 5701 ncide
462 5659 593 5700 mus
620 5643 679 5700 in
710 5642 962 5716 pericula
992 5642 1079 5697 vel
1108 5641 1396 5697 latronum
1422 5641 1509 5698 vel
1537 5640 1731 5700 maris.
1760 5641 1879 5712 Age

1959 3778 2135 3831 altero
2154 3777 2574 3842 contenderent,
2607 3776 2856 3830 dicentes
2884 3792 2896 3827 :
2928 3775 3052 3840 Hic,
3085 3773 3443 3829 obsecramus
3472 3780 3548 3839 te,

1954 3869 2039 3919 tot
2071 3871 2127 3919 et
2169 3864 2307 3919 talia
2335 3864 2545 3919 viscera
2590 3863 2837 3918 ostendit
2883 3863 2943 3917 in
2981 3878 3177 3918 omnes
3209 3868 3458 3934 egentes,
3488 3866 3555 3917 ut

1954 3954 2134 4008 exiret
2163 3959 2220 4008 et
2239 3954 2458 4008 sederet
2486 3953 2544 4007 in
2574 3953 2674 4006 viis
2705 3952 2897 4023 regiis,
2931 3957 2990 4007 et
3015 3952 3113 4023 qui
3149 3958 3314 4007 erant
3356 3950 3551 4006 afflicti

1954 4042 2260 4111 colligeret,
2294 4048 2351 4095 et
2378 4058 2541 4112 opem
2569 4041 2743 4095 ferret
2774 4059 2786 4107 ;
2810 4042 2950 4097 HIS
2968 4056 3151 4110 neque
3178 4041 3359 4095 solum
3387 4056 3550 4094 suam

1955 4131 2226 4184 recreavit
2250 4129 2515 4195 animam,
2540 4130 2639 4183 sed
2678 4129 2849 4183 etiam
2889 4129 3148 4195 aliorum,
3180 4133 3419 4199 aegrotos
3450 4145 3551 4183 cu-

1954 4236 2107 4285 rans,
2138 4225 2198 4272 et
2218 4219 2298 4273 eis
2326 4218 2466 4273 dans
2491 4218 2786 4274 auxilium.
2818 4216 2889 4270 Et
2921 4215 3057 4270 dicit
3082 4214 3279 4270 beatus
3297 4214 3507 4270 Pambo
3531 4233 3544 4269 :

1954 4310 2169 4362 Rursus
2198 4307 2353 4361 vobis
2381 4307 2563 4361 dicam
2595 4324 2606 4358 :
2644 4305 2809 4360 ambo
2826 4310 2960 4359 sunt
2987 4320 3151 4375 pares
3176 4303 3329 4374 apud
3356 4303 3546 4357 Domi-

1954 4414 2111 4463 num,
2133 4396 2433 4466 unicuique
2469 4400 2659 4450 autem
2691 4398 2936 4448 vestrum
2966 4393 3035 4447 de
3065 4392 3135 4446 iis
3182 4391 3544 4450 satisfaciam.

1887 4478 2054 4540 DHic
2088 4486 2135 4539 si
2172 4501 2285 4539 non
2313 4501 2492 4555 usque
2527 4484 2667 4538 adeo
2704 4500 2764 4537 se
2799 4481 3157 4548 exercuisset,
3186 4497 3300 4535 non
3353 4479 3550 4535 fuisset

1949 4574 2154 4645 dignus
2176 4578 2240 4629 ut
2258 4574 2416 4628 illum
2435 4571 2674 4628 bonitati
2693 4571 2845 4626 illius
2869 4586 3273 4641 compararem.
3301 4569 3401 4625 Ille
3429 4585 3552 4624 rur-

1950 4683 2047 4721 sus
2066 4667 2162 4737 qui
2209 4665 2500 4722 recreabat
2526 4683 2591 4720 ac
2616 4664 2902 4720 reficiebat
2954 4664 3223 4736 hospites,
3255 4668 3314 4717 et
3358 4661 3551 4733 egenis

1953 4755 2335 4822 ministrabat,
2353 4761 2612 4811 ostensus
2641 4754 2975 4810 estDomino
3002 4770 3103 4825 pro
3131 4751 3342 4808 viribus
3369 4767 3553 4823 aequa-

1955 4844 2044 4898 lis.
2080 4845 2205 4915 Ipse
2254 4844 2405 4898 enim
2438 4844 2612 4898 dixit:
2639 4843 2755 4913 Ego
2782 4858 2894 4896 non
2924 4841 3050 4895 veni
3094 4840 3420 4907 ministrari,
3452 4839 3553 4895 sed

1954 4929 2275 4984 ministrare
2296 4929 2510 4996 (Matth.
2543 4929 2660 4999 xx).
2693 4927 2798 4981 Hic
2827 4943 2960 4997 ergo
2987 4925 3245 4981 minister
3271 4925 3377 4980 etsi
3404 4925 3553 4980 vide-

1958 5017 2123 5072 batur
2141 5017 2348 5072 habere
2375 5033 2516 5071 onus
2541 5033 2606 5070 ex
2657 5015 2867 5080 labore,
2897 5020 3146 5069 attamen
3178 5030 3243 5068 ex
3263 5013 3384 5085 ipso
3412 5029 3553 5084 quo-

1958 5124 2067 5177 que
2094 5106 2293 5161 habuit
2318 5104 2742 5160 recreationem.
2779 5105 3109 5174 Exspectate
3139 5109 3328 5158 autem
3358 5103 3555 5174 paulu-

1959 5197 2095 5261 lum,
2129 5201 2191 5250 ut
2217 5212 2251 5249 a
2279 5196 2393 5248 Deo
2412 5210 2635 5265 quoque
2664 5193 2733 5246 de
2763 5192 2850 5246 his
2869 5192 3104 5246 habeam
3132 5191 3550 5258 revelationem,

1958 5292 2016 5340 et
2044 5291 2237 5356 postea
2264 5283 2451 5338 scietis
2470 5299 2596 5336 cum
2625 5280 2909 5336 veneritis.
2934 5281 3278 5336 Intermissis
3296 5297 3431 5351 ergo
3454 5278 3553 5334 ali-

1960 5380 2096 5447 quot
2107 5372 2304 5427 diebus
2322 5371 2702 5435 redierunt,de
2715 5370 2801 5423 his
2819 5369 3089 5441 Magnum
3101 5370 3260 5424 illum
3271 5372 3550 5441 rogantes.

1960 5464 2139 5518 Senex
2169 5466 2355 5516 autem
2379 5459 2669 5532 respondit
2685 5459 2815 5521 illis,
2830 5459 3052 5513 dicens:
3076 5460 3223 5513 Ante
3249 5460 3419 5512 Deum
3448 5452 3557 5523 (41)

1960 5552 2114 5606 vobis
2142 5552 2339 5622 loquor
2368 5568 2380 5617 ;
2411 5549 2523 5604 vidi
2570 5554 2837 5621 utrosque
2899 5548 3065 5603 simul
3112 5552 3324 5601 stantes
3379 5544 3434 5597 in
3466 5559 3559 5615 pa-

1960 5641 2169 5698 radiso.
