4008 6210
467 335 604 395 1107

1047 465 1281 522 CAPUT
1307 464 1480 521 XVII.

899 611 1008 664 Vita
1023 611 1177 664 Maca
1185 611 1292 677 rz'z’j
1296 627 1331 663 ιι
1338 610 1513 662 niorz's
1533 605 1634 677 (42)
1645 647 1657 660 .

541 735 779 800 Quidam
809 738 972 789 aetate
987 734 1198 804 junior,
1221 733 1449 788 nomine
1469 731 1764 797 Macarius,
1797 731 1986 785 decem
2007 735 2065 784 et

470 831 594 880 octo
609 841 784 878 annos
797 829 982 888 natus,
1003 840 1129 878 cum
1149 824 1368 877 luderet
1386 839 1514 876 cum
1537 821 1654 876 suis
1664 820 1973 892 aequalibus
1992 819 2063 873 ad

469 915 654 968 lacum
686 914 783 984 qui
811 913 1015 967 dicitur
1032 913 1228 979 Maria,
1249 928 1481 984 pascens
1493 927 1692 982 pecora
1707 910 1911 964 caedem
1934 908 2064 962 fecit

469 1003 924 1057 involuntariam.
952 1003 1006 1056 Is
1030 1019 1156 1056 cum
1173 1001 1384 1056 nemini
1414 1001 1520 1054 hoc
1548 999 1801 1064 dixisset,
1833 999 1985 1052 venit
2004 999 2062 1051 in

467 1092 848 1156 solitudinem,
868 1097 924 1145 et
939 1108 1004 1145 eo
1019 1090 1290 1162 processit
1308 1094 1463 1143 metu
1479 1093 1536 1143 et
1554 1089 1656 1143 Dei
1669 1094 1727 1142 et
1745 1088 2057 1153 hominum,

468 1187 533 1236 ut
559 1197 672 1236 non
707 1180 947 1234 senserit
974 1197 1032 1234 se
1057 1179 1236 1233 tribus
1267 1179 1428 1233 annis
1458 1178 1731 1232 mansisse
1768 1177 1888 1231 sine
1916 1181 2062 1230 tecto

468 1271 529 1326 in
558 1270 878 1325 solitudine.
919 1269 1020 1323 Est
1075 1275 1262 1323 autem
1315 1268 1414 1321 illa
1459 1271 1610 1321 terra
1659 1266 1834 1332 arida,
1893 1266 2060 1336 idque

467 1359 654 1414 sciunt
695 1375 907 1424 omnes,
931 1363 1046 1412 tam
1077 1358 1172 1429 qui
1191 1357 1478 1412 auditione
1503 1361 1856 1426 acceperunt,
1891 1371 2057 1425 quam

468 1448 565 1520 qui
582 1465 648 1502 ex
667 1447 788 1519 ipsa
809 1446 1386 1518 noruntexperientia.
1401 1445 1508 1499 Hic
1531 1445 1649 1516 ipse
1666 1443 1942 1499 Macarius
1957 1443 2061 1498 sibi

467 1543 665 1609 postea
684 1537 977 1591 aedificavit
993 1537 1246 1590 cellulam
1274 1555 1286 1601 ;
1301 1541 1359 1589 et
1371 1551 1498 1590 cum
1511 1535 1569 1588 in
1592 1551 1660 1588 ea
1675 1534 1902 1588 vixisset
1923 1533 2062 1586 alios

465 1625 664 1696 viginti
693 1631 750 1679 et
771 1627 1016 1696 quinque
1037 1641 1232 1690 annos,
1265 1630 1425 1679 tanta
1439 1623 1624 1694 gratia
1643 1623 1846 1693 dignus
1873 1627 1958 1676 est
1969 1623 2064 1675 ha-

1569 339 1664 395 DE
1699 338 1888 395 VITIS
1926 335 2223 393 PATRUM
2261 334 2475 391 LIBER
2509 335 2660 390 VIII.

2075 465 2128 524 Α
2145 461 2320 532 exegi,
2341 466 2398 516 et
2423 477 2573 516 nunc
2599 459 2723 516 veni
2749 463 2815 514 ut
2841 465 2900 513 te
2928 475 2992 514 ex
3012 459 3115 513 hac
3136 473 3358 530 quoque
3375 457 3579 529 fugem.
3593 459 3724 514 Cum

3589 333 3721 392 “(8

2143 567 2275 621 ergo
2291 550 2638 620 cognovisset
2656 549 2854 604 beatus
2864 548 3179 604 Nathanael
3189 565 3250 602 se
3277 547 3449 602 tuisse
3485 548 3721 614 illusum,

2143 657 2398 694 reversus
2429 645 2515 694 est
2555 639 2626 692 ad
2653 639 2893 710 primam
2923 638 3121 692 cellam
3152 659 3165 696 :
3192 643 3249 691 et
3285 637 3465 706 spatio
3503 637 3726 706 triginta

2145 735 2360 800 septem
2388 744 2666 783 annorum
2705 745 2817 782 non
2845 733 2930 782 est
2951 743 3208 798 egressus
3229 731 3386 779 extra
3405 725 3572 792 fores,
3604 743 3727 781 con-

2143 819 2380 873 tendens
2402 834 2531 871 cum
2559 817 2831 882 daemone,
2863 816 2959 887 qui
2986 821 3072 870 tot
3091 821 3148 869 et
3175 819 3336 868 tanta
3364 815 3418 868 ei
3442 814 3648 868 fecerat
3672 823 3731 870 ut

2145 924 2274 962 eum
2301 912 2525 977 cogeret
2536 923 2601 960 ex
2611 906 2750 960 cella
2771 905 2984 976 egredi,
2997 911 3062 959 ut
3082 920 3154 958 ne
3174 921 3240 958 ea
3260 919 3492 957 narrare
3514 904 3729 974 quidem

2145 996 2325 1050 liceat.
2349 997 2532 1067 Atque
2545 995 2694 1049 inter
2711 999 2912 1049 caetera
2929 993 3154 1064 quidem
3171 993 3276 1046 hoc
3290 992 3644 1046 machinatus
3653 999 3731 1047 est

2145 1085 2417 1140 bonorum
2456 1084 2738 1150 inimicus,
2771 1099 2972 1154 nempe
3002 1087 3067 1136 ut
3105 1098 3233 1136 eum
3250 1081 3455 1152 probro
3477 1097 3542 1134 ac
3569 1081 3730 1135 dede-

2145 1191 2271 1229 core
2300 1173 2565 1239 atliceret,
2599 1174 2668 1227 ad
2698 1174 2820 1244 ejus
2851 1171 3294 1242 abrumpendum
3323 1170 3665 1224 institutum.

2212 1265 2351 1318 Cum
2380 1269 2594 1334 septem
2623 1263 2801 1316 sancti
2831 1261 3077 1332 episcopi
3097 1266 3353 1314 sanctum
3392 1259 3726 1326 invisissent,

2142 1358 2242 1407 aut
2260 1369 2324 1406 ex
2342 1351 2442 1406 Dei
2470 1351 2840 1422 providentia.
2870 1355 2971 1404 aut
2985 1349 3423 1419 exsuggestione
3446 1348 3596 1402 illius
3622 1354 3731 1403 ten-

2141 1441 2391 1508 tationis,
2424 1458 2553 1495 eum
2591 1439 2999 1511 propemodum
3028 1437 3347 1493 deturbavit
3368 1453 3401 1490 a
3432 1439 3727 1509 praposito.

2143 1532 2284 1585 Cum
2305 1531 2454 1584 enim
2484 1529 2730 1600 episcopi
2753 1535 3052 1600 postquam
3080 1527 3563 1592 euminvisissent,
3593 1543 3728 1581 oras-

2144 1625 2288 1685 sent,
2320 1625 2377 1674 et
2395 1624 2520 1690 post
2549 1619 2861 1673 orationem
2884 1618 3118 1683 exirent,
3141 1634 3210 1671 ne
3234 1633 3495 1687 gressum
3516 1617 3726 1687 quidem

469 1713 634 1777 bitus,
667 1721 732 1768 ut
757 1713 1058 1768 solitudine
1098 1712 1207 1781 (43)
1256 1713 1565 1767 delectatus
1611 1711 1922 1782 despiceret
1949 1711 2063 1764 dae-
2081 1781 2104 1782 ί
2141 1724 2319 1762 unum
2343 1709 2500 1779 pedis
2522 1724 2617 1762 eos
2646 1707 2945 1762 comit-itus
2968 1713 3057 1761 est
3091 1706 3171 1759 vir
3190 1707 3475 1776 egregius,
3495 1721 3565 1760 ne
3584 1705 3726 1759 daret

465 1819 678 1857 mones.
723 1804 838 1873 Ego
863 1819 991 1857 cum
1032 1819 1097 1856 eo
1123 1808 1374 1856 versatus
1402 1801 1569 1871 longo
1589 1806 1864 1870 tempore,
1887 1799 1956 1853 ab
1994 1815 2060 1853 eo
2077 1781 2123 1840 Β
2143 1799 2325 1852 locum
2344 1797 2570 1852 inimico
2603 1797 2896 1852 bonorum.
2932 1796 2994 1850 Ei
3015 1812 3148 1866 ergo
3165 1795 3361 1850 dicunt
3381 1795 3606 1848 diaconi
3627 1794 3725 1865 epi-

465 1892 634 1946 didici
665 1891 939 1963 quomodo
951 1892 1149 1944 affecta
1177 1895 1326 1944 esset
1352 1891 1474 1960 ejus
1501 1889 1644 1943 ratio
1671 1888 1740 1944 ob
1768 1894 2055 1959 peccatum

465 1981 650 2035 caedis.
679 1979 911 2035 Dicebat
934 1986 1143 2044 autem,
1172 1985 1394 2034 tantum
1424 1979 1618 2033 abesse
1639 1983 1704 2033 ut
1731 1978 1963 2042 doleret,
1996 1983 2060 2031 ut

465 2070 636 2124 etiam
667 2070 880 2140 gratias
911 2074 1104 2139 ageret
1133 2069 1202 2122 de
1249 2068 1482 2122 crimine
1513 2067 1695 2122 caedis.
1725 2068 1856 2121 Fuit
1911 2067 2061 2120 enim

464 2159 641 2214 caedes
654 2158 1029 2213 involuntaria
1045 2157 1180 2211 mihi
1193 2174 1359 2212 causa
1371 2157 1587 2211 salutis.
1602 2156 1834 2212 Dicebat
1845 2163 2033 2211 autem
2043 2197 2056 2223 ,

464 2265 533 2302 ex
564 2247 868 2319 Scripturis
910 2248 1147 2301 afferens
1210 2247 1598 2301 testimonium
1653 2247 1835 2310 caedis,
1871 2263 1993 2316 quae
2027 2262 2061 2298 a

462 2354 666 2408 magno
698 2338 798 2392 Dei
819 2353 976 2392 servo
1004 2337 1194 2408 Moyse
1224 2336 1370 2390 facta
1395 2336 1502 2390 fuit
1526 2336 1584 2389 in
1622 2337 1880 2407 {Egyptm
1913 2335 2060 2406 quod

462 2426 570 2481 nisi
590 2432 820 2497 propter
833 2426 941 2480 czed
951 2443 1058 2492 em,
1076 2433 1132 2480 et
1158 2431 1371 2478 metum
1390 2426 1524 2479 Phan
1539 2426 1715 2486 aonis,
1736 2441 1849 2478 non
1861 2424 2062 2494 dignus

460 2514 686 2568 habitus
715 2514 914 2568 fuisset
941 2515 1154 2585 Moyses
1184 2513 1396 2566 visione
1425 2513 1667 2577 Domini,
1702 2519 1759 2566 et
1784 2517 1941 2566 tanto
1970 2512 2065 2565 do-

463 2620 554 2669 no,
572 2608 629 2656 et
657 2603 1066 2673 conscriptione
1089 2606 1410 2655 sanctorum
1425 2600 1774 2671 cloquiorum
1793 2601 2054 2671 Spiritus.

465 2690 608 2744 Nam
636 2707 763 2744 cum
795 2691 1084 2761 effugisset
1107 2707 1171 2744 ex
1189 2690 1707 2761 [Egypto,pervenit
1724 2689 1782 2744 in
1811 2696 2060 2744 montem

468 2779 622 2833 Sina.
659 2778 786 2833 Haec
805 2784 993 2832 autem
1009 2778 1134 2832 dico
1165 2795 1277 2832 non
1301 2778 1559 2832 muniens
1580 2778 1724 2832 viam
1756 2778 1825 2831 ad
1853 2778 2060 2832 caedem

467 2868 712 2938 aliquam
738 2909 751 2934 ,
779 2869 877 2922 sed
923 2867 1108 2938 potius
1138 2868 1436 2922 ostendens
1459 2884 1580 2922 esse
1610 2868 1779 2921 etiam
1827 2867 2062 2921 virtutes

465 2973 588 3029 quae
640 2957 900 3011 oriuntur
927 2973 991 3010 ex
1045 2974 1196 3023 casu,
1230 2957 1450 3027 quando
1498 2973 1609 3011 non
1643 2957 1757 3010 vult
1785 2957 1910 3028 quis
1963 2972 2065 3010 sua

464 3051 663 3118 sponte
691 3047 761 3101 ad
782 3045 990 3101 bonum
1019 3047 1297 3100 accedere.
1333 3045 1413 3099 Ex
1435 3045 1732 3100 virtutibus
1762 3045 1913 3100 enim
1941 3045 2062 3099 alia:

2141 1904 2436 1958 scoporum
2453 1905 2464 1939 :
2481 1885 2731 1958 Superbe
2752 1891 2808 1939 te
2835 1885 3005 1956 geris,
3025 1902 3056 1939 ο
3079 1884 3269 1951 abbas,
3299 1885 3393 1956 qui
3429 1901 3544 1938 non
3572 1885 3726 1938 dedu-

2141 1977 2218 2030 cis
2263 1977 2572 2046 episcopos.
2615 1977 2670 2030 Is
2711 1991 2839 2029 vero
2873 1975 3009 2028 dicit
3061 1974 3140 2028 eis
3178 1974 3330 2044 :Ego
3368 1979 3429 2027 et
3484 1974 3723 2027 dominos

2141 2083 2295 2119 meos
2307 2065 2591 2136 episcopos
2629 2065 2769 2130 colo,
2787 2070 2843 2118 et
2862 2080 3085 2118 omnem
3101 2064 3313 2117 clerum
3326 2063 3547 2117 honoro
3567 2082 3580 2119 :
3597 2079 3726 2116 sum-

2143 2171 2250 2225 que
2280 2171 2383 2224 ego
2408 2159 2665 2225 peccator
2693 2153 2944 2207 omnium
2969 2152 3262 2207 hominum
3283 2153 3633 2223 peripsema:
3655 2151 3730 2205 his

2143 2248 2331 2296 autem
2363 2243 2621 2300 omnibus
2651 2248 2709 2296 et
2728 2243 2832 2296 toti
2863 2241 3005 2307 vitai,
3039 2241 3260 2312 quodin
3290 2257 3382 2294 me
3396 2246 3506 2300 est.
3545 2256 3727 2312 propo-

2143 2333 2250 2386 sito
2265 2349 2390 2386 sum
2418 2338 2467 2396 τ’
2487 2337 2524 2396 ι
2537 2337 2603 2395 9
2617 2336 2895 2385 mortuus.
2915 2331 3028 2401 Ego
3045 2331 3194 2384 enim
3210 2330 3387 2384 habeo
3409 2347 3639 2401 scopum
3655 2347 3729 2383 oc-

2144 2422 2376 2486 cultum,
2408 2437 2574 2490 quem
2605 2421 2709 2474 scit
2747 2419 3016 2474 Dominus
3059 2420 3154 2490 qui
3186 2420 3338 2473 novit
3380 2419 3601 2474 occulta
3632 2418 3726 2472 mei

2145 2510 2346 2575 cordis,
2389 2527 2489 2564 cur
2518 2526 2612 2564 eos
2632 2526 2746 2564 non
2774 2526 2900 2564 sum
2925 2509 3243 2563 comitatus.

2217 2600 2357 2654 Cum
2387 2615 2520 2669 ergo
2548 2599 2636 2653 hic
2665 2615 2886 2670 quoque
2919 2604 3076 2652 actus
3098 2615 3209 2652 non
3241 2596 3604 2651 successisset
3629 2597 3727 2650 da:-

2143 2689 2386 2755 moni,ru
2395 2705 2517 2742 rsus
2530 2689 2701 2741 talem
2714 2688 2950 2758 suscipit
2963 2688 3275 2757 ﬁguram.N
3279 2703 3438 2740 ovem
3463 2685 3725 2740 mensibus

2143 2783 2273 2831 ante
2299 2777 2696 2831 dormitionem
2713 2777 2936 2830 athletae
2952 2775 3383 2830 transformatus
3403 2780 3495 2829 est
3525 2775 3581 2828 in
3605 2791 3725 2846 pue-

2144 2883 2271 2921 rum
2301 2866 2596 2921 duodecim
2617 2882 2793 2919 annos
2813 2871 3029 2929 natum,
3054 2869 3321 2935 tanquam
3355 2869 3614 2935 agentem
3638 2862 3731 2917 asi-

2145 2973 2280 3010 num
2309 2972 2513 3027 panem
2542 2955 2600 3008 in
2631 2960 2822 3026 sporta
2857 2954 3148 3008 ferentem.
3173 2953 3280 3018 Qui
3303 2970 3445 3024 puer
3469 2970 3592 3007 cum
3623 2968 3731 3006 sero

2146 3061 2372 3116 vespere
2390 3049 2540 3098 esset
2567 3059 2739 3114 prope
2767 3043 2984 3106 cellam,
3013 3042 3317 3096 simulabat
3343 3042 3610 3096 cecidisse
3634 3040 3732 3093 asi-

465 3135 693 3206 quidem
730 3141 864 3189 sunt
893 3152 1015 3206 quae
1045 3152 1111 3189 ex
1137 3136 1422 3189 voluntate
1454 3140 1512 3189 et
1567 3150 1634 3189 ex
1691 3140 1884 3189 nostro
1941 3133 2125 3215 ani-C
2147 3151 2306 3198 num,
2337 3139 2393 3188 et
2412 3149 2472 3187 se
2491 3133 2731 3187 clamare
2755 3131 2948 3186 :Abba
2965 3132 3297 3196 Nathanael,
3319 3131 3591 3186 miserere
3617 3130 3733 3194 mei,

464 3225 544 3278 mi
572 3224 830 3280 instituto
887 3225 1353 3296 proﬁciscuntur;
1385 3224 1508 3278 alia).
1540 3241 1668 3279 vero
1697 3241 1818 3296 quae
1839 3241 1904 3278 ex
1933 3239 2064 3279 casu

467 3324 790 3368 nascuntur.

1031 3403 1266 3458 CAPUT
1295 3403 1496 3457 XVIII.

893 3495 1010 3545 Vita
1039 3494 1251 3546 abbatis
1282 3493 1617 3546 ΝαιΙιαηαεΙ.

543 3581 620 3635 Ex
650 3581 928 3636 veteribus
975 3581 1183 3635 sanctis
1216 3581 1325 3634 fuit
1354 3581 1581 3651 quidam
1627 3579 1790 3644 alius,
1824 3580 2068 3650 Optimus

471 3670 682 3725 Christi
720 3671 950 3735 athleta,
981 3671 1210 3724 nomine
1233 3669 1567 3724 Nathanael.
1583 3669 1722 3722 Eum
1748 3685 1848 3739 ego
1862 3686 1972 3723 non
1991 3670 2070 3723 of-

469 3758 621 3812 fendi
639 3759 698 3812 in
710 3775 875 3812 carne
898 3777 910 3824 ;
926 3759 1233 3812 dormierat
1246 3760 1397 3811 enim
1418 3758 1736 3828 quindecim
1767 3759 1928 3813 annis
1939 3766 2070 3814 ante

473 3863 664 3900 meum
697 3847 997 3900 adventum
1023 3847 1082 3901 in
1107 3854 1371 3900 montem.
1404 3847 1546 3901 Cum
1575 3853 1764 3902 autem
1787 3849 1845 3902 in
1875 3865 1969 3903 eos
1990 3849 2072 3902 in.-

476 3935 734 3988 cidissem
764 3936 860 4005 qui
888 3951 1012 3988 cum
1026 3935 1131 3988 hoc
1161 3940 1351 3990 sancto
1380 3952 1438 3989 se
1459 3943 1841 4003 exercuerant,
1874 3943 1930 3991 et
1950 3938 2072 3992 fue-

475 4028 605 4077 rant
621 4023 671 4076 ei
693 4030 941 4094 tempore
970 4023 1228 4094 aequales,
1244 4024 1312 4078 de
1333 4024 1434 4078 viri
1455 4025 1929 4080 virtutelubenter
1949 4043 2072 4080 sum

478 4130 572 4166 eos
588 4112 917 4167 sciscitatus.
933 4112 1070 4167 Mihi
1092 4118 1283 4166 autem
1301 4114 1349 4183 ej
1360 4131 1422 4167 us
1443 4131 1664 4184 quoque
1674 4115 1868 4168 cellam
1893 4120 2074 4169 osten-

477 4202 699 4266 derunt,
735 4202 791 4256 in
821 4219 932 4273 qua
959 4202 1145 4256 nullus
1170 4202 1353 4256 adhuc
1381 4202 1780 4274 habitat,quod
1809 4205 1884 4258 sit
1912 4210 2074 4258 terra:

480 4291 747 4346 habitata»:
759 4291 1142 4363 prepinquior.
1160 4292 1260 4346 Ille
1275 4292 1424 4345 enim
1446 4291 1640 4346 beatus
1651 4298 1786 4347 tunc
1798 4309 1921 4346 eam
1941 4309 2074 4347 con-

482 4381 874 4452 didit,quaudo
897 4381 1009 4434 rari
1031 4381 1255 4434 fuerant
1276 4381 1645 4436 anachoreta).
1678 4382 1940 4436 Narravit
1968 4398 2074 4436 au-

2151 3229 2207 3277 et
2234 3223 2458 3295 porrige
2471 3221 2608 3275 mihi
2624 3237 2873 3275 manum.
2899 3222 2999 3276 Ille
3020 3226 3208 3274 autem
3222 3220 3437 3274 audivit
3448 3221 3640 3291 utique
3656 3235 3735 3272 vo-

2149 3329 2268 3366 cem
2295 3312 2487 3382 pueri;
2520 3317 2577 3365 et
2598 3316 2791 3381 aperto
2803 3309 2946 3364 ostio
2967 3310 3138 3375 cella,
3161 3315 3316 3363 stans
3344 3309 3503 3363 intus
3531 3308 3581 3363 ei
3610 3307 3737 3361 dice-

2149 3400 2279 3454 bat:
2317 3400 2452 3464 Quis
2509 3417 2586 3464 es,
2614 3404 2672 3454 et
2706 3399 2840 3470 quid
2890 3398 2971 3452 vis
3018 3398 3121 3453 tibi
3155 3398 3404 3452 faciam?
3433 3397 3736 3468 Respondet

2149 3490 2372 3544 daemon
2401 3507 2411 3542 :
2437 3490 2553 3560 Ego
2575 3505 2699 3543 sum
2721 3489 2890 3558 hujus
2938 3487 3199 3544 monachi
3237 3487 3519 3553 minister,
3545 3492 3602 3540 et
3633 3486 3734 3540 fero

2152 3596 2345 3649 panes,
2375 3579 2640 3649 quoniam
2654 3583 2926 3649 estagape
2956 3577 3172 3631 tuinoti
3201 3576 3422 3642 fratris;
3443 3583 3505 3630 et
3540 3592 3655 3630 cras
3673 3575 3735 3628 il-

2152 3669 2466 3722 lucescente
2487 3667 2728 3722 Sabbato
2750 3684 2888 3738 opus
2906 3672 2994 3720 est
3016 3665 3409 3720 oblationibus.
3434 3665 3592 3736 Rogo
3620 3679 3736 3733 ergo

2153 3762 2210 3810 te
2240 3773 2310 3810 ne
2338 3773 2427 3810 me
2439 3757 2731 3827 despicias,
2745 3773 2816 3810 ne
2834 3757 3068 3810 devorer
3087 3754 3156 3809 ab
3178 3755 3411 3825 hymnis.
3437 3755 3582 3809 Sunt
3601 3752 3737 3806 enim

2155 3847 2366 3918 hyaenae
2395 3846 2454 3900 in
2475 3845 2560 3901 his
2587 3847 2738 3900 locis.
2762 3847 2930 3900 Stans
2951 3861 3082 3915 ergo
3104 3850 3296 3898 mutus
3308 3844 3512 3898 beatus
3541 3842 3739 3898 Natha-

2157 3937 2302 4002 nael,
2328 3953 2440 4008 pra:
2456 3935 2671 4006 ingenti
2693 3936 2739 4005 ej
2749 3952 2812 3989 us
2833 3933 3214 3988 misericordia
3240 3933 3527 4004 caligabat
3537 3938 3740 3987 contur-

2155 4025 2319 4079 batus
2339 4024 2663 4089 visceribus,
2696 4030 2753 4078 et
2784 4022 3081 4094 reputabat
3101 4023 3248 4093 apud
3278 4040 3337 4076 se
3358 4023 3496 4094 quid
3531 4023 3738 4082 faceret,

2156 4115 2347 4169 dicens
2372 4133 2383 4167 :
2408 4116 2521 4168 Aut
2541 4114 2793 4168 futurum
2807 4119 2894 4167 est
2915 4118 2976 4167 ut
2994 4112 3380 4182 transgrediar
3402 4112 3736 4166 mandatum.

2158 4210 2298 4258 auta
2315 4204 2598 4275 proposito
2619 4203 2888 4256 excidam.
2908 4203 3109 4256 Postea
3123 4202 3218 4272 pia
3236 4201 3386 4272 apud
3405 4219 3466 4255 se
3490 4205 3740 4271 reputans

2157 4293 2493 4364 cognitione,
2515 4292 2682 4346 dixit:
2709 4291 2914 4345 Melius
2947 4296 3034 4344 est
3045 4307 3114 4344 ne
3126 4291 3452 4344 labefactem
3475 4296 3562 4344 tot
3579 4304 3740 4343 anno-

2157 4400 2283 4438 rum
2305 4381 2648 4452 proliositum
2662 4381 2730 4435 ad
2757 4381 3063 4451 ignominia
3074 4381 3433 4434 afﬁciendum
3453 4385 3514 4434 et
3539 4379 3742 4433 vincen-

481 4477 595 4525 tem
610 4471 748 4523 mihi
765 4470 1046 4540 egregiam
1062 4471 1110 4539 ej
1121 4470 1650 4534 usexercitationem
1677 4489 1689 4535 ;
1711 4487 1912 4541 nempe
1925 4471 2072 4541 quod
2092 4469 2137 4527 D
2157 4472 2292 4526 dum
2313 4471 2617 4525 diabolum.
2643 4472 2785 4524 Cum
2803 4470 2994 4540 itaque
3013 4469 3315 4524 Dominum
3339 4475 3609 4539 rogasset,
3623 4466 3744 4520 dicit

481 4564 698 4615 tantam
731 4559 994 4613 habuerit
1021 4559 1078 4611 in
1103 4559 1245 4612 cella
1285 4559 1667 4624 tolerantiam,
1696 4565 1761 4613 ut
1789 4575 2076 4630 nunquam

482 4649 728 4703 dimotus
741 4648 815 4702 sit
840 4665 874 4701 a
894 4647 1196 4718 proposito.
1225 4648 1364 4701 Cum
1388 4647 1458 4701 ab
1480 4647 1641 4702 initio
1667 4648 1865 4702 fuisset
1887 4648 2080 4702 illusus

484 4737 800 4802 adaamone,
827 4737 922 4808 qui
949 4754 1144 4791 omnes
1164 4736 1366 4798 illudit,
1392 4737 1487 4808 qui
1511 4753 1639 4791 eum
1669 4737 1779 4791 labi
1800 4737 2007 4791 fecerat
2022 4737 2078 4790 in

485 4827 796 4880 socordiam
827 4827 1067 4881 etanimi
1098 4842 1414 4892 maerorem,
1441 4833 1498 4880 et
1521 4843 1648 4879 eum
1677 4843 1707 4879 e
1729 4827 1866 4879 cella
1889 4843 2081 4896 exege-

488 4921 578 4969 rat
599 4916 764 4980 (visus
791 4922 876 4970 est
903 4917 1052 4970 enim
1078 4932 1197 4970 esse
1226 4915 1404 4969 tristis
1441 4920 1498 4969 et
1517 4915 1704 4968 animo
1725 4915 1856 4985 angi
1876 4916 1936 4969 in
1964 4915 2080 4986 pri-

491 5019 586 5056 ma
599 5005 782 5070 cella),
799 5004 949 5058 illinc
966 5005 1155 5075 itaque
1174 5005 1460 5070 recedens,
1478 5004 1944 5058 zedificavitaliam
1962 5022 2085 5074 pro-

492 5092 843 5163 pinquiorem
865 5111 1026 5164 pago.
1046 5095 1348 5164 Postquam
1369 5111 1502 5164 ergo
1532 5094 1762 5164 perfecit
1786 5094 2004 5159 cellam,
2029 5100 2086 5147 et

491 5183 548 5237 in
576 5197 640 5235 ea
659 5181 928 5235 habitavit
941 5189 1056 5237 tres
1074 5184 1161 5237 vel
1182 5188 1424 5254 quatuor
1443 5183 1900 5250 menses,accedit
1915 5189 2081 5238 noctu

493 5271 711 5326 daemon
740 5275 994 5324 tauream
1017 5278 1210 5326 tenens
1239 5273 1384 5326 sicut
1411 5271 1654 5338 lictores,
1680 5290 1791 5343 prae
1821 5289 1878 5327 se
1901 5272 2084 5327 ferens

495 5362 735 5434 speciem
777 5359 966 5413 militis
997 5362 1195 5431 pannis
1228 5363 1427 5422 induti,
1465 5369 1523 5415 ct
1549 5367 1747 5416 taurea
1779 5363 1881 5430 (44)
1917 5363 2087 5417 edens

495 5451 783 5523 strepitus.
819 5449 921 5504 Cui
965 5467 1280 5516 succensus,
1314 5452 1454 5506 dixit
1501 5451 1698 5506 beatus
1726 5453 2040 5506 Nathanael
2071 5476 2084 5509 :

499 5542 636 5606 Quis
665 5546 723 5594 tu
759 5558 817 5594 es
847 5540 941 5612 qui
972 5540 1087 5593 hinc
1117 5539 1250 5593 facis
1279 5539 1334 5593 in
1384 5557 1508 5595 meo
1541 5541 1784 5612 hospitio
1816 5542 2088 5596 TDmmon

2159 4577 2332 4632 puero
2355 4560 2596 4630 quicum
2617 4576 2682 4612 eo
2719 4559 3054 4629 loquebatur
3083 4577 3095 4612 :
3128 4559 3293 4624 Audi,
3327 4575 3487 4629 puer,
3515 4562 3610 4611 aut
3629 4554 3741 4626 qui-

2160 4666 2377 4720 cunque
2394 4649 2489 4702 sis.
2509 4649 2687 4702 Credo
2718 4648 2777 4702 in
2790 4649 2966 4702 Deum
2987 4665 3151 4718 quem
3167 4648 3305 4711 colo,
3327 4648 3422 4718 qui
3439 4646 3744 4700 dominatur

2162 4737 2335 4792 cuivis
2373 4736 2614 4807 spiritui,
2666 4737 2814 4806 quod
2854 4736 2900 4789 si
2927 4735 3133 4790 auxilio
3162 4751 3357 4790 revera
3385 4751 3571 4804 egeas,
3611 4733 3743 4787 Deus

2161 4827 2265 4881 tibi
2278 4828 2463 4880 mittet
2481 4827 2752 4880 auxilium
2780 4845 2792 4892 ;
2815 4832 2873 4880 et
2892 4843 3072 4896 neque
3093 4825 3324 4896 hymnus,
3347 4841 3531 4894 neque
3549 4819 3743 4892 aliquid

2165 4917 2317 4970 aliud
2337 4915 2438 4969 tibi
2453 4917 2598 4968 male
2617 4915 2807 4982 faciet;
2839 4915 2926 4969 sin
2943 4920 3130 4970 autem
3154 4931 3212 4968 es
3225 4914 3484 4979 tentatio,
3511 4913 3614 4967 hoc
3626 4926 3744 4981 quo-

2166 5021 2274 5076 que
2301 5007 2449 5059 Deus
2470 5005 2606 5057 mihi
2622 5004 2822 5058 exhinc
2844 5005 2964 5074 jam
2985 5002 3268 5068 revelabit,
3297 5008 3354 5056 et
3390 5003 3580 5056 clauso
3606 4999 3740 5054 cella:

2167 5093 2309 5147 ostio
2339 5097 2426 5147 est
2453 5091 2758 5162 ingressus.
2791 5091 3012 5145 Pudore
3036 5097 3224 5145 autem
3263 5091 3494 5145 affectus
3541 5089 3741 5142 daemon

2168 5182 2314 5253 quod
2347 5182 2429 5236 sic
2451 5197 2672 5252 quoque
2703 5185 2849 5234 esset
2874 5180 3069 5244 victus,
3092 5179 3372 5233 resolutus
3401 5183 3487 5232 est
3509 5178 3567 5231 in
3588 5172 3743 5231 turbi-

2167 5289 2315 5335 nem,
2367 5270 2703 5341 onagrisque
2747 5269 3154 5324 exsultantibus
3202 5285 3267 5323 ac
3322 5266 3658 5339 fugientibus
3694 5268 3742 5316 et

2169 5361 2466 5431 strepitum
2497 5359 2791 5414 edentibus
2813 5358 3176 5422 assimilatus,
3197 5359 3278 5412 sic
3305 5357 3546 5412 evanuit.

2242 5452 2358 5504 Hoc
2393 5449 2502 5504 fuit
2541 5453 2824 5503 certamen
2858 5447 3009 5502 beati
3037 5447 3374 5513 Nathanael,
3408 5453 3464 5500 et
3488 5447 3572 5499 hze
3626 5445 3738 5497 sunt

2171 5539 2406 5593 virtutes
2435 5539 2557 5608 ejus
2577 5537 3008 5603 exercitationis,
3040 5541 3097 5592 et
3125 5553 3313 5608 pugna
3341 5536 3546 5590 invicta
3571 5533 3739 5587 adver-

499 5639 685 5687 autem
718 5630 1008 5703 respondit
1033 5648 1043 5682 :
1072 5629 1186 5698 Ego
1206 5644 1327 5682 sum
1347 5629 1440 5700 qui
1460 5634 1515 5684 te
1537 5646 1602 5684 ex
1633 5636 1728 5684 tua
1756 5630 1939 5701 prima
1953 5631 2092 5685 cella
2175 5645 2268 5683 sus
2297 5627 2710 5694 adversarium;
2736 5633 2792 5683 et
2822 5628 2913 5682 hic
2942 5629 3064 5699 ejus
3093 5626 3327 5682 celebris
3356 5625 3477 5680 vitae
3512 5624 3650 5679 ﬁnis.
