4024 6206
356 325 499 386 1109

799 450 1061 507 CAPITA
1095 447 1226 505 XIX
1262 447 1351 504 EF
1386 448 1506 503 XX.

359 600 479 654 Vita
521 597 732 651 abbatis
780 595 1021 648 Macarii
1057 594 1317 662 ﬁgyptii,
1366 596 1415 646 et
1448 590 1686 646 Macarii
1715 590 1959 644 Alexan-

991 684 1154 736 drini
1186 681 1312 749 (45).

425 814 760 868 Sanctorum
785 814 843 863 et
860 807 1266 864 immortalium
1280 807 1512 861 Patrum
1522 805 1775 868 ,Macarii
1789 806 1953 876 Egy-

346 902 456 975 ptii
486 908 544 957 et
573 899 801 956 Macarii
847 897 1210 953 Alexandrini
1263 898 1442 965 (Ra/7.,
1492 900 1533 951 ι.
1577 910 1639 961 11,
1665 913 1711 949 ο.
1740 894 1831 960 28,
1856 893 1954 965 29)

350 991 709 1064 egregiorum
736 993 793 1043 et
810 988 1147 1043 invictarum
1173 986 1536 1051 athletarum,
1555 986 1806 1040 honestae
1825 984 1952 1038 vita:

347 1079 682 1146 certamina,
708 1094 830 1149 quae
858 1083 991 1131 sunt
1013 1076 1195 1131 multa
1222 1081 1279 1129 et
1308 1092 1531 1145 magna,
1565 1080 1623 1129 et
1650 1074 1951 1128 incredulis

345 1186 525 1243 prope
542 1166 909 1233 incredibilia,
935 1172 993 1221 et
1011 1182 1243 1221 narrare
1262 1181 1459 1219 vereor
1484 1170 1541 1219 et
1556 1164 1778 1236 scriptis
1792 1180 1947 1218 man-

345 1261 504 1324 dare,
532 1275 604 1312 ne
632 1260 775 1313 torte
802 1257 914 1311 mei
941 1260 1213 1328 tanquam
1243 1255 1528 1309 n‘endacis
1567 1256 1667 1308 fiat
1710 1254 1940 1309 mentio.

345 1348 508 1414 Quod
537 1353 726 1402 autem
738 1347 888 1401 Deus
912 1346 1111 1417 perdat
1130 1361 1324 1399 omnes
1350 1344 1445 1415 qui
1466 1345 1773 1415 loquuntur
1793 1360 1947 1398 men-

343 1438 568 1493 dacium
597 1440 769 1507 (Psal.
800 1442 878 1503 v),
912 1435 1045 1490 licet
1070 1439 1263 1506 aperte
1291 1434 1479 1487 videre
1510 1438 1703 1487 sancto
1733 1433 1943 1503 Spiritu

342 1524 771 1599 pronuntiante.

415 1633 557 1687 Cum
579 1648 682 1702 ego
698 1647 832 1701 ergo
852 1647 953 1701 per
969 1629 1071 1684 Dei
1085 1629 1327 1699 gratiam
1352 1644 1462 1683 non
1485 1628 1746 1690 mentiar,
1765 1627 1943 1681 homi-

339 1738 476 1777 num
500 1720 824 1776 ﬁdelissime
836 1720 1037 1785 Lause,
1056 1736 1127 1773 ne
1146 1719 1221 1772 sis
1243 1735 1464 1790 quoque
1486 1718 1605 1789 ipse
1623 1717 1943 1771 incredulus

1634 317 1980 377 HISTORIA
2014 317 2391 376 LAUSIACA.

1967 444 2022 505 Α
2036 449 2226 515 posset
2244 446 2417 517 ﬁgere
2439 444 2699 517 digitum.
2733 445 2865 503 Haec
2891 450 2978 502 est
3002 446 3299 519 prophetia
3313 448 3492 504 sancti
3519 448 3635 505 Ma-

3494 321 3637 381 1110

2039 550 2195 590 081⁵11.

2108 624 2189 677 Ac
2210 624 2280 677 de
2301 623 2423 679 cibo
2452 624 2680 696 quidem
2706 630 2765 680 et
2781 626 3007 698 potione
3044 641 3524 697 supervacaneum
3544 632 3633 683 est

2037 712 2241 779 dicere,
2257 730 2384 768 cum
2413 730 2517 768 nec
2541 715 2690 786 apud
2720 731 2815 769 eos
2832 715 3179 769 socordiores
3212 717 3517 772 monachos
3532 716 3631 788 qui

2034 807 2170 856 sunt
2195 808 2355 857 extra
2388 803 2628 858 inveniri
2656 809 2843 869 πθ
2866 805 3040 875 possit
3067 804 3362 874 ingluvies,
3386 812 3485 861 aut
3513 807 3631 861 ulla

2033 891 2176 945 citra
2195 892 2472 946 delectum
2506 898 2564 947 et
2582 892 2883 947 discrimen
2911 894 3129 948 vivendi
3158 895 3304 948 ratio
3342 894 3454 949 alia
3474 894 3630 949 abiis

2033 980 2131 1051 qui
2159 987 2296 1035 sunt
2319 980 2377 1035 in
2406 981 2517 1036 illis
2545 982 2699 1045 locis,
2734 998 2861 1036 cum
2887 987 3118 1053 propter
3158 984 3408 1055 inopiam
3435 1000 3629 1039 rerum

2033 1070 2499 1134 necessariarum,
2526 1076 2648 1126 tum
2675 1070 2844 1125 etiam
2866 1077 3094 1142 propter
3122 1073 3303 1128 zelum
3331 1073 3428 1144 qui
3455 1078 3541 1127 est
3567 1072 3625 1127 in

2027 1157 2226 1225 Deum,
2272 1175 2611 1231 unoquoque
2649 1160 3020 1215 contendente
3055 1161 3277 1215 vincere
3310 1162 3627 1233 proximum

2026 1247 2261 1302 diversis
2281 1248 2407 1302 vita;
2430 1248 2719 1304 institutis.

2098 1338 2179 1391 De
2225 1337 2337 1391 alia
2366 1344 2555 1393 autem
2586 1339 2985 1394 exercitatione
3023 1338 3262 1394 caelestis
3300 1339 3470 1410 hujus
3497 1339 3622 1407 viri,

2029 1426 2258 1481 Macarii
2285 1426 2536 1497 inquam,
2562 1427 2854 1482 dicebatur
2880 1428 2970 1482 hic
2996 1434 3229 1483 sanctus
3250 1444 3373 1482 esse
3402 1428 3625 1483 assidue

2024 1515 2084 1569 in
2113 1516 2336 1579 exstasi,
2370 1522 2428 1569 et
2451 1516 2653 1586 majori
2673 1521 2926 1587 tempore
2946 1534 3074 1571 cum
3092 1518 3209 1572 Deo
3226 1517 3435 1573 versari
3452 1534 3624 1589 quam

2024 1604 2193 1674 hujus
2222 1604 2417 1658 mundi
2447 1603 2612 1659 rebus
2642 1605 2901 1677 occupari
2931 1603 3041 1674 (46)
3070 1624 3083 1673 ;
3138 1608 3299 1677 cujus
3347 1606 3517 1661 etiam
3547 1607 3624 1661 fe-

2024 1700 2230 1748 runtur
2259 1694 2486 1748 diversa
2512 1694 2802 1747 miracula.

338 1811 409 1865 de
423 1812 657 1866 Patrum
672 1807 1093 1875 certaminibus;
1119 1808 1215 1862 sed
1234 1808 1475 1879 gloriare
1492 1807 1675 1879 potius
1695 1807 1753 1860 in
1769 1822 1925 1860 temu-

2096 1782 2391 1853 zEgyptius
2419 1783 2649 1854 quidam
2676 1782 3008 1837 libidinosus
3034 1785 3221 1852 (Rulli,
3254 1788 3294 1838 ι.
3328 1797 3389 1850 II,
3422 1801 3468 1838 ο.
3500 1782 3616 1854 28),

338 1900 552 1954 latione
577 1898 987 1953 exercitationis
1016 1914 1208 1952 eorum
1241 1897 1336 1969 qui
1372 1914 1501 1951 vere
1530 1902 1663 1951 sunt
1684 1895 1933 1963 Macarii,

338 1989 446 2044 hoc
476 1994 562 2043 est
590 1988 758 2043 beati.

410 2098 595 2167 Atque
612 2096 828 2167 primus
851 2094 1074 2167 quidem
1089 2094 1299 2150 Christi
1321 2094 1553 2160 athleta,
1578 2093 1803 2148 nomine
1812 2093 1934 2157 Ma-

338 2185 545 2250 carius,
564 2190 688 2239 erat
708 2201 913 2256 genere
933 2184 1228 2255 Egyptius
1249 2204 1261 2250 ;
1286 2182 1564 2238 secundus
1585 2188 1774 2237 autem
1802 2188 1935 2237 aeta-

338 2280 416 2340 te,
430 2276 529 2330 sed
546 2276 605 2330 in
622 2275 692 2329 iis
707 2292 829 2347 quae
849 2279 983 2329 sunt
1002 2274 1405 2329 monachorum
1420 2272 1935 2345 praecipua,primas

335 2370 529 2436 partes
565 2364 845 2429 obtinens,
877 2364 973 2435 qui
1018 2363 1137 2435 ipse
1170 2380 1393 2435 quoque
1423 2362 1725 2417 vocabatur
1754 2362 1935 2417 Maca-

331 2453 470 2520 rius,
504 2459 630 2508 erat
665 2452 1096 2519 Alexandrinus,
1128 2453 1225 2523 qui
1256 2450 1529 2506 vendebat
1557 2451 1809 2506 bellaria.

404 2562 476 2616 Et
500 2561 749 2632 primum
772 2561 998 2632 quidem
1020 2560 1261 2615 narrabo
1274 2560 1507 2615 virtutes
1527 2559 1756 2615 Macarii
1770 2560 1935 2631 Egy-

329 2650 453 2722 ptii,
479 2651 577 2722 qui
605 2650 742 2705 vixit
769 2650 1075 2721 nonaginta
1104 2666 1283 2704 annos
1313 2650 1582 2721 integros.
1636 2650 1713 2703 Ex
1742 2649 1830 2703 his
1870 2650 1930 2704 in

329 2740 636 2795 solitudine
649 2756 828 2795 annos
837 2740 1296 2810 sexaginta.Cum
1310 2739 1546 2809 triginta
1564 2754 1741 2793 annos
1763 2743 1931 2793 natus

327 2829 694 2897 ascendisset,
728 2835 984 2901 essetque
1012 2834 1177 2884 aetate
1202 2829 1415 2900 junior,
1469 2834 1586 2882 tam
1624 2829 1932 2883 toleranter

2018 1877 2215 1942 captus
2247 1887 2439 1926 amore
2468 1871 2761 1942 cujusdam
2779 1872 3031 1927 mulieris
3050 1872 3328 1943 ingenuae,
3354 1889 3477 1944 quae
3498 1872 3619 1927 viro

2019 1966 2307 2031 nupserat,
2332 1977 2460 2015 cum
2490 1977 2600 2016 non
2625 1967 2816 2032 posset
2844 1978 2971 2015 eam
2991 1961 3240 2016 inescare
3267 1967 3498 2033 propter
3513 1977 3614 2033 pu-

2018 2050 2267 2104 dicitiam
2287 2056 2344 2104 et
2355 2050 2670 2107 castitatem
2685 2067 2820 2121 erga
2831 2051 2953 2121 conj
2960 2066 3126 2121 ugem
3139 2048 3589 2121 virginitatis(47l
3598 2090 3613 2116 ,

2018 2142 2277 2195 convenit
2297 2140 2585 2212 improbus
2606 2141 3091 2212 prazstigiatorem,
3106 2140 3298 2195 dicens
3320 2159 3333 2195 :
3357 2142 3473 2195 Aut
3491 2156 3615 2195 eam

2016 2227 2189 2282 incita
2219 2234 2283 2281 ut
2311 2245 2401 2283 me
2421 2234 2699 2292 amet,aut
2718 2234 2839 2284 arte
2858 2235 2960 2284 tua
2979 2229 3135 2283 efﬁce
3152 2231 3353 2300 utejus
3377 2230 3615 2285 maritus

2018 2332 2142 2370 eam
2158 2316 2577 2372 dimittat.Cum
2589 2334 2722 2389 ergo
2743 2318 3119 2389 praestigiator
3137 2318 3275 2373 satis
3290 2317 3360 2372 ab
3377 2335 3443 2373 eo
3462 2334 3615 2373 acce-

2014 2404 2208 2476 pisset,
2222 2422 2359 2460 usus
2382 2411 2469 2460 est
2496 2406 2614 2461 suis
2634 2407 2935 2478 praestigiis
2948 2412 3007 2462 et
3028 2406 3504 2462 incantationibus
3526 2426 3539 2475 ;
3557 2413 3615 2463 et

2015 2510 2142 2548 cum
2173 2511 2286 2549 non
2302 2500 2491 2566 posset
2513 2496 2635 2565 ejus
2645 2496 2900 2550 animum
2915 2512 3139 2551 movere
3161 2501 3223 2550 ut
3238 2496 3288 2550 ei
3309 2496 3612 2551 assentire-

2014 2588 2126 2647 tur,
2147 2583 2318 2638 efﬁcit
2330 2590 2394 2639 ut
2406 2584 2691 2638 videretur
2711 2601 2856 2656 equa
2874 2585 2943 2639 iis
2968 2586 3063 2657 qui
3077 2601 3203 2639 eam
3223 2584 3608 2640 intuebantur.

2013 2672 2153 2726 Cum
2175 2688 2308 2743 ergo
2328 2672 2463 2727 loris
2482 2673 2728 2728 venisset
2744 2675 2793 2744 ej
2801 2690 2866 2728 us
2880 2674 3361 2746 maritus,aspexit
3378 2690 3611 2729 uxorem

2012 2777 2173 2816 suam
2203 2762 2261 2816 in
2281 2762 2462 2816 forma
2481 2779 2638 2833 equae
2655 2781 2667 2830 ;
2682 2779 2922 2834 cumque
2941 2762 3001 2817 in
3021 2779 3124 2818 suo
3137 2764 3279 2818 lecto
3300 2762 3605 2830 cubuisset,

2012 2851 2259 2906 alienum
2289 2851 2340 2906 ei
2356 2851 2650 2906 videbatur
2669 2852 2817 2923 quod
2838 2853 2894 2906 in
2910 2869 3012 2907 suo
3027 2851 3195 2908 cubili
3212 2868 3361 2925 equa
3368 2854 3607 2924 jaceret.

325 2918 461 2974 tum
479 2918 702 3013 Ῑθδθ-νθε
720 2918 1134 3013 εκθῗοίξδῖίρξιξε
1154 2917 1707 3013 δοίῑξωβθθθηθίξξωθ
1815 2932 1931 2970 ma’
2011 2941 2135 2995 Flet
2152 2957 2285 3011 ergo
2315 2942 2436 3010 ejus
2457 2917 2714 3007 maritus,
2743 2946 2801 2995 et
2814 2941 3157 2996 lamentatur
3178 2917 3327 3013 quod
3343 2917 3463 2996 rem
3491 2958 3607 2997 non

322 3024 440 3078 gna
467 3008 712 3079 quadam
734 3012 792 3061 et
816 3007 1024 3078 insigni
1039 3008 1242 3078 dignus
1258 3006 1561 3061 haberetur
1570 3006 1924 3072 discretione,

2010 3006 2293 3097 inveniat;
2318 3006 2375 3083 et
2395 3030 2543 3101 quod
2565 3006 2892 3083 existimans
2910 3046 2969 3083 se
2982 3006 3479 3100 alloqui-bestiam,
3514 3046 3608 3086 re-

322 3068 359 3078 ν
483 3068 503 3079 -
926 3068 961 3078 ν
1096 3068 1131 3078 ν
1911 3068 1920 3072 -
2010 3068 2293 3097 “nam...”
2318 3068 2375 3083 υ.
2436 3068 2543 3084 μνι.
2565 3068 3091 3084 “manumanu...”
3136 3068 3193 3084 ι..
3224 3068 3479 3097 vacuam,
3514 3068 3604 3086 ,υ-

322 3097 466 3152 adeo
504 3101 571 3151 ιη
597 3102 897 3189 νοοδνθωιί
925 3098 1339 3189 παιδτξρμιογέρωνν
1382 3096 1441 3151 id
1479 3102 1579 3161 es"
1623 3096 1683 3151 in
1722 3095 1923 3189 Ρυθξίίί
1943 3068 1987 3130 C
2008 3135 2275 3189 sponsum
2305 3068 2431 3173 non1
2450 3124 2802 3189 assequatur,
2828 3068 3205 3189 prmterqulm
3228 3118 3377 3189 quod
3392 3118 3604 3173 solum-

321 3191 488 3241 33th
502 3186 996 3279 89"°-“g_‘l“°“_iam
1026 3186 1189 3279 οίξίυε
1219 3202 1389 3257 quam
1414 3202 1515 3279 Pr?
1544 3192 1709 3279 εθξθίθ
1737 3185 1923 3256 ΡΓοίθ·
2004 3185 2170 3262 modo
2207 3224 2331 3262 eam
2364 3185 2613 3261 videbat_
2634 3185 2847 3261 irasci:
2865 3207 3025 3261 Unde
3051 3185 3264 3277 magis
3291 3206 3606 3279 angebatur

320 3282 479 3331 cemt
506 3275 826 3330 νίηυίίδυεο
855 3276 996 3330 Cum
1013 3276 1164 3366 enim
1182 3281 1332 3330 esset
1351 3275 1726 3366 quadraginta
1744 3291 1922 3329 annos
2004 3297 2212 3364 animo,
2235 3313 2365 3351 cum
2390 3296 2731 3366 intelligeret
2758 3312 2884 3350 eam
2904 3312 3026 3351 esse
3051 3275 3211 3351 suam
3229 3275 3481 3364 uxorem,
3505 3314 3599 3352 cu-

318 3370 507 3430 natus,
531 3370 590 3419 et
620 3370 952 3436 potestatem
984 3364 1198 3435 accepit
1224 3370 1419 3419 contra
1446 3364 1696 3435 spiritus,
1714 3369 1772 3417 et
1796 3379 1922 3433 gra-

2010 3386 2168 3440 riosis
2208 3392 2398 3440 autem
2442 3385 2733 3440 hominum
2771 3384 2987 3439 artibus
3035 3402 3156 3440 esse
3208 3390 3487 3440 mutatam
3541 3386 3602 3441 in

316 3454 464 3508 tiam
482 3454 860 3520 curationum,
885 3459 943 3508 et
967 3454 1227 3525 spiritum
1249 3454 1571 3507 futurorum
1602 3452 1919 3523 praedictio-

316 3543 411 3598 nis
434 3561 446 3596 :
486 3543 692 3614 dignus
721 3559 943 3614 quoque
968 3548 1054 3597 est
1075 3542 1299 3597 habitus
1320 3542 1647 3596 honorando
1660 3541 1922 3595 sacerdo-

315 3632 421 3687 tio.
450 3633 595 3687 Cum
631 3648 698 3687 eo
726 3631 1055 3687 habitarunt
1084 3632 1195 3685 duo
1225 3631 1481 3702 discipuli
1509 3631 1567 3684 in
1597 3630 1799 3685 intima
1835 3647 1921 3683 so-

2003 3491 2226 3546 equam.
2261 3476 2362 3528 His
2393 3475 2462 3529 de
2492 3474 2675 3529 causis
2704 3475 2942 3529 accersit
2969 3474 3076 3528 vici
3121 3473 3499 3546 presbyteros,
3541 3481 3600 3530 et

2003 3566 2233 3620 domum
2262 3565 2508 3631 adducit,
2542 3570 2598 3619 et
2626 3564 2707 3618 eis
2732 3580 2857 3618 eam
2877 3563 3157 3631 ostendit;
3188 3563 3287 3618 sed
3309 3580 3412 3619 nec
3440 3564 3482 3618 ii
3509 3580 3599 3619 co.

1999 3659 2314 3724 gnoverunt
2333 3654 2712 3707 calamitatem
2728 3670 2851 3725 quae
2871 3653 2923 3707 ei
2943 3652 3447 3708 acciderat.Tribus
3459 3669 3598 3725 ergo

316 3721 579 3815 Ῑίίυάίῖιθθ
604 3738 726 3815 fl“?B
754 3727 983 3815 Vocat?”
1008 3722 1170 3776 Scete
1193 3734 1205 3768 ³
1225 3738 1290 3774 ex
1312 3720 1512 3815 quibus
1532 3736 1679 3815 υίξυε
1691 3719 1917 3815 (“lide
2001 3719 2197 3798 diebus
2224 3760 2407 3815 neque
2436 3742 2627 3797 fenum
2650 3719 2895 3797 comedit
2911 3747 2976 3796 ut
2994 3758 3157 3813 equa,
3183 3758 3366 3813 neque
3390 3719 3594 3813 panein

316 3815 445 3866 erat
463 3811 515 3865 ei
547 3810 822 3876 minister,
848 3810 944 3881 qui
962 3826 1185 3881 semper
1199 3826 1370 3881 prope
1390 3810 1575 3880 ipsum
1596 3807 1918 3863 invenieba-

314 3906 432 3967 tur,
467 3904 698 3971 propter
726 3916 821 3954 eos
849 3899 946 3970 qui
978 3898 1275 3954 veniebant
1296 3905 1359 3952 ut
1390 3904 1754 3965 curarentur;
1774 3898 1920 3952 alter

315 3994 510 4044 autem
543 4004 798 4043 seorsum
825 3988 1059 4043 sedebat
1086 3988 1143 4042 in
1173 3988 1332 4042 cella.

390 4096 737 4151 Procedente
747 4101 938 4150 autem
952 4100 1064 4150 tem
1072 4112 1359 4166 pore,cum
1371 4100 1597 4149 sanctus
1613 4094 1917 4166 perspicaci

313 4186 479 4241 oculo
499 4185 863 4256 praevidisset,
888 4185 1023 4239 dicit
1043 4201 1146 4239 suo
1168 4184 1651 4251 ministro,Joanni
1667 4184 1911 4249 nomine,

312 4275 415 4346 qui
444 4279 641 4345 postea
661 4275 844 4329 factus
868 4279 955 4329 est
973 4274 1167 4345 presbj
1178 4279 1267 4328 ter
1279 4274 1338 4328 in
1360 4274 1480 4328 loco
1497 4273 1674 4327 sancti
1688 4273 1916 4328 Macarii

1999 3838 2065 3887 ut
2088 3833 2275 3896 homo,
2293 3838 2532 3903 utroque
2548 3832 2817 3885 alimento
2846 3830 3080 3902 privata.
3094 3831 3344 3885 Tandem
3362 3835 3430 3885 ut
3446 3831 3597 3886 Deus

1998 3921 2425 3991 gloriﬁcaretur,
2461 3926 2518 3975 et
2557 3920 2844 3975 videretur
2887 3920 3064 3974 virtus
3116 3920 3296 3974 sancti
3349 3919 3592 3986 Macarii,

2000 4011 2318 4064 ascenditin
2328 4026 2425 4064 cor
2438 4009 2628 4064 mariti
2650 4011 2773 4080 ejus
2792 4009 2996 4063 ducere
3009 4025 3134 4063 eam
3153 4009 3212 4063 in
3234 4008 3593 4064 solitudinem

1998 4098 2070 4153 ad
2098 4104 2354 4153 sanctum
2386 4099 2565 4153 virum
2591 4118 2604 4163 ;
2628 4104 2687 4153 et
2712 4115 2840 4153 cum
2869 4115 2994 4153 eam
3024 4097 3265 4169 capistro
3285 4098 3517 4169 ligasset
3530 4104 3595 4153 ut

1998 4188 2470 4259 equam,duxitin
2498 4188 2877 4242 solitudinem.
2910 4188 3055 4242 Dum
3075 4192 3266 4241 autem
3294 4186 3593 4259 appropin-

1998 4284 2281 4348 quassent,
2291 4283 2570 4332 steterunt
2589 4278 2789 4331 fratres
2803 4293 2976 4348 prope
2996 4277 3194 4331 cellam
3215 4276 3393 4331 sancti
3416 4277 3591 4332 Maca-

314 4363 731 4436 (presbyteratu
743 4364 891 4418 enim
904 4364 1110 4434 dignus
1127 4362 1545 4418 fuerathabitus
1561 4379 1798 4432 magnus
1814 4366 1916 4416 .\|a-
1935 4426 1975 4437 _
1997 4366 2067 4420 rii
2094 4384 2220 4421 cum
2251 4368 2375 4437 ejus
2391 4367 2595 4420 marito
2615 4366 3035 4431 contendentes,
3068 4371 3128 4419 et
3146 4365 3396 4421 dicentes
3429 4384 3443 4420 :
3473 4366 3590 4421 Cur

310 4426 526 4522 carius;
549 4471 561 4506 :
592 4453 740 4507 Audi
758 4470 867 4515 me,
889 4426 1065 4508 frater
1078 4454 1341 4519 Joannes,
1370 4458 1428 4507 et
1454 4453 1537 4507 fer
1550 4426 1708 4523 aequo
1724 4452 1913 4506 animo
1934 4426 1983 4486 D
1997 4457 2106 4511 huc
2124 4426 2404 4511 adduitisti
2415 4457 2560 4511 hanc
2580 4455 2817 4527 equam?
2846 4457 2900 4510 Is
2923 4426 3113 4510 autiam
3139 4454 3275 4509 dicit
3300 4474 3313 4509 :
3337 4455 3413 4510 Ut
3427 4454 3590 4511 mise-

310 4559 503 4598 meam
534 4542 996 4605 admonitionem,
1026 4559 1204 4613 eaque
1232 4542 1335 4596 tibi
1364 4542 1632 4613 proderit.
1655 4541 1914 4596 Tentaris

311 4632 488 4697 enim,
519 4631 724 4703 inquit,
739 4637 796 4687 et
823 4639 880 4687 te
905 4637 1089 4686 tentat
1106 4632 1338 4703 spiritus
1359 4631 1623 4686 avaritiae.
1649 4630 1739 4686 Sic
1759 4631 1911 4685 enim

309 4722 425 4776 vidi
442 4740 454 4773 :
480 4727 541 4776 et
557 4722 672 4776 scio
691 4722 841 4793 quod
862 4722 909 4777 si
926 4738 1109 4776 meam
1124 4738 1282 4793 aequo
1296 4722 1485 4775 animo
1496 4721 1693 4775 tuleris
1713 4721 1912 4775 adhor-

305 4811 607 4875 tationem,
636 4810 696 4865 in
723 4810 824 4866 Dei
847 4811 1052 4865 timore
1099 4809 1578 4864 consummaberis
1605 4814 1664 4864 et
1698 4810 1757 4863 in
1787 4810 1911 4880 ejus

305 4916 501 4972 opere,
534 4904 592 4955 et
617 4899 677 4954 in
698 4900 806 4955 isto
834 4900 974 4965 loco,
1007 4904 1066 4953 et
1089 4898 1430 4964 laudaberis,
1452 4904 1510 4953 et
1531 4898 1600 4953 ad
1631 4904 1793 4954 tuum
1820 4903 1909 4953 ta-

304 4989 678 5044 bernaculum
708 5006 819 5044 non
848 4988 1323 5060 appropinquabit
1343 4988 1646 5058 ﬂagellum.
1680 4988 1840 5052 Quod
1861 4988 1907 5042 si

303 5094 423 5133 non
479 5078 747 5142 audieris.
794 5079 852 5132 in
892 5084 949 5133 te
996 5078 1181 5132 veniet
1204 5077 1332 5131 ﬁnis
1364 5077 1517 5131 Giezi
1550 5077 1646 5146 (IV
1670 5079 1792 5146 Reg.
1824 5077 1901 5146 v),

300 5169 469 5238 cujus
489 5168 624 5222 vitio
645 5167 886 5222 laboras.
902 5166 1153 5237 Contigit
1169 5172 1358 5221 autem
1383 5171 1449 5221 ut
1467 5172 1658 5220 sancto
1677 5166 1902 5229 quidem

300 5273 419 5313 non
442 5257 721 5312 obedierit
747 5262 878 5328 post
902 5257 1025 5327 ejus
1046 5261 1305 5321 mortem,
1322 5256 1420 5310 sed
1440 5255 1715 5310 obedierit
1731 5256 1781 5310 ei
1805 5256 1902 5326 qui

297 5346 463 5402 Judae
488 5346 738 5418 alligavit
768 5346 1034 5417 laqueum
1064 5351 1295 5417 propter
1321 5345 1636 5399 avaritiam.
1672 5345 1740 5398 Et
1777 5350 1904 5416 post

295 5436 445 5491 alios
466 5435 786 5507 quindecim
817 5442 917 5490 aut
942 5436 1139 5507 viginti
1159 5452 1356 5502 annos,
1380 5452 1506 5489 cum
1531 5434 1674 5489 bona
1697 5451 1903 5506 paupe-

293 5541 431 5581 rum
456 5524 564 5579 sibi
591 5531 939 5597 usurpasset,
962 5526 1043 5580 ita
1070 5524 1345 5580 laboravit
1364 5524 1701 5595 elephantia,
1715 5529 1900 5579 utnon

291 5604 649 5673 inveniretur
666 5615 886 5687 integer
904 5615 1061 5671 locus
1080 5616 1139 5671 in
1150 5617 1200 5687 ej
1208 5632 1272 5671 us
1292 5630 1547 5687 corpore,
1573 5613 1632 5669 in
1646 5629 1755 5687 quo
1775 5616 1900 5686 quis

1996 4546 2292 4600 ricordiam
2327 4550 2702 4617 consequatur
2723 4546 2903 4600 sancti
2931 4546 3201 4601 oratione.
3234 4545 3334 4600 Ille
3363 4560 3491 4599 vero
3505 4544 3588 4599 di-

1994 4640 2129 4689 cunt
2159 4634 2230 4689 ad
2258 4651 2385 4689 eum
2414 4653 2425 4687 :
2454 4634 2599 4699 Quid
2616 4634 2750 4689 mali
2769 4634 2971 4689 habet?
2991 4636 3091 4690 Ille
3110 4635 3190 4689 eis
3210 4634 3378 4689 dicit:
3404 4634 3586 4697 Quam

1992 4724 2191 4778 videtis
2211 4742 2434 4796 equam,
2450 4741 2516 4779 ea
2546 4724 2753 4780 misera
2772 4729 2893 4779 erat
2920 4741 3060 4778 uxor
3081 4740 3235 4790 mea;
3267 4739 3450 4793 neque
3470 4722 3585 4778 scio

1993 4814 2464 4884 quemadmodum
2479 4819 2698 4868 mutata
2717 4814 2792 4868 sit
2810 4813 2867 4867 in
2887 4818 3173 4885 equam,et
3183 4814 3303 4883 jam
3325 4815 3585 4867 sunttres

1991 4901 2111 4956 dies
2128 4919 2193 4956 ex
2216 4919 2326 4972 quo
2347 4902 2489 4956 nihil
2509 4902 2767 4956 comedit.
2793 4902 2839 4956 Ii
2863 4908 3053 4956 autem
3076 4916 3203 4955 cum
3225 4901 3342 4956 hare
3370 4900 3583 4955 audiis-

1991 4998 2135 5057 sent,
2157 4992 2406 5046 referunt
2425 4992 2495 5046 ad
2515 5008 2735 5046 servum
2764 4990 2865 5045 Dei
2881 4990 3186 5045 Macarium
3207 5007 3273 5045 eo
3288 4991 3408 5061 jam
3427 4990 3582 5046 intus

1988 5096 2090 5151 pro
2120 5080 2216 5133 illa
2242 5085 2465 5147 orante;
2499 5080 2551 5134 ei
2595 5080 2743 5132 enim
2774 5079 2922 5132 Deus
2950 5078 3310 5145 revelaverat,
3344 5078 3481 5151 ipsis
3509 5080 3581 5135 ad

1988 5186 2116 5224 eum
2136 5168 2506 5235 venientibus;
2532 5175 2590 5223 et
2610 5168 2733 5222 ideo
2759 5167 2958 5222 orabat
2983 5173 3048 5222 ut
3074 5167 3179 5222 sibi
3198 5156 3607 5225 declararetur'

1986 5275 2153 5313 causa
2175 5263 2403 5330 pr0pter
2431 5274 2599 5328 quam
2626 5258 2730 5312 hoc
2755 5262 3034 5311 evenerat.
3058 5257 3368 5329 Respondit
3387 5262 3579 5314 autem

1985 5355 2211 5403 sanctus
2237 5348 2512 5403 Macarius
2540 5346 2806 5401 fratribus
2861 5348 2957 5419 qui
3005 5348 3071 5402 ei.
3109 5349 3580 5404 renuntiaverunt

1984 5439 2283 5510 quemdam
2314 5438 2447 5491 illuc
2475 5454 2682 5508 equum
2710 5436 3025 5505 adduxisse,
3056 5438 3281 5493 dicens:
3310 5437 3451 5507 Equi
3478 5451 3576 5491 vos

1986 5528 2138 5593 estis,
2173 5527 2269 5598 qui
2291 5526 2509 5582 habetis
2538 5542 2810 5598 equorum
2826 5528 3041 5595 oculos;
3076 5528 3173 5582 illa
3201 5526 3348 5581 enim
3377 5530 3464 5579 est
3488 5525 3572 5581 fe-

1982 5618 2136 5672 mina
2165 5617 2243 5672 ita
2268 5624 2334 5674 ut
2361 5623 2448 5675 est
2472 5622 2680 5685 creata,
2704 5634 2818 5674 non
2835 5616 3363 5685 trausformata,sed
3382 5617 3463 5673 sic
3485 5635 3573 5677 so.
