4024 6206
392 237 524 296 illi

1460 243 1555 299 DE
1591 243 1782 302 VITIS
1817 242 2116 302 PATRUM
2149 245 2367 302 LIBER
2400 243 2551 302 VIII.

3518 239 3662 300 1112

385 367 507 424 lum
535 383 812 440 apparens
840 366 1017 422 oculis
1045 382 1242 423 eorum
1278 368 1376 440 qui
1416 374 1550 425 sunt
1576 371 1813 442 decepti.
1844 371 1977 436 Quae
1992 376 2043 434 Α
2132 373 2265 427 Dico
2287 377 2474 427 autem
2504 375 2760 428 sanctum
2772 365 3663 438 MacaﬁumAlexandrinum,qui

391 473 519 512 cum
533 473 678 512 esset
691 457 949 523 adducta,
967 473 1285 528 aquamque
1301 457 1690 526 benedixisset,
1708 467 1765 515 et
1784 461 1841 515 in
1862 463 1982 531 ejus

391 547 556 601 nudae
575 551 743 616 caput
762 544 1256 617 infudisset,super
1267 549 1389 618 ejus
1406 554 1575 619 caput
1593 554 1678 603 est
1693 555 1978 620 precatus;

389 635 694 705 statimque
733 633 916 688 effecit
947 640 1012 688 ut
1048 635 1306 690 omnibus
1341 636 1658 691 videntibus
1702 639 1986 693 videretur

389 723 620 778 femina.
655 724 797 777 Cum
827 728 1014 778 autem
1040 724 1303 794 jussisset
1325 725 1377 779 ei
1406 725 1591 779 cibum
1614 727 1820 792 afferri,
1853 727 1985 782 fecit

391 818 453 866 ut
482 813 820 877 comederet,
847 819 904 868 et
933 829 1058 866 eam
1085 813 1164 867 sic
1191 819 1440 868 curatam
1482 815 1695 869 dimisit
1723 832 1847 870 cum
1881 832 1983 870 suo

390 900 616 967 marito,
647 902 762 956 Deo
794 908 1024 970 agentes
1046 902 1274 972 gratias.
1311 903 1446 958 Eam
1478 909 1666 958 autem
1690 904 1987 959 admonuit

391 989 476 1043 vir
512 990 754 1061 Dei,fsic
776 991 968 1046 dicens
998 1010 1009 1045 :
1045 992 1347 1062 Nunquam
1393 993 1685 1047 ecclesiam
1736 994 1980 1059 deseras,

391 1095 682 1150 nunquam
695 1079 979 1134 abstineas
990 1097 1022 1134 a
1035 1081 1427 1135 communione
1448 1082 1657 1136 Christi
1672 1099 1986 1137 sacramen-

391 1173 600 1223 torum.
632 1169 762 1223 Haec
783 1169 934 1224 enim
954 1169 1056 1222 tibi
1073 1170 1414 1233 acciderunt,
1438 1172 1585 1242 quod
1597 1174 1717 1242 jam
1735 1172 1984 1243 quinque

391 1256 759 1313 hebdomadis
773 1275 887 1313 non
908 1258 1190 1313 accessisti
1207 1259 1278 1313 ad
1298 1259 1636 1316 intemerata
1655 1262 1831 1316 nostri
1855 1262 1984 1316 Ser-

392 1347 601 1402 vatoris
619 1353 989 1402 sacramenta.

463 1435 591 1490 Alia
618 1441 705 1490 est
733 1436 878 1490 actio
915 1453 1131 1507 magna:
1170 1437 1292 1508 ejus
1320 1437 1751 1492 exercitationis.
1785 1441 1987 1509 Magno

393 1524 520 1580 vitae
548 1541 663 1579 suae
692 1531 945 1596 tempore
965 1543 1000 1579 a
1018 1527 1158 1580 cella
1178 1527 1348 1581 suain
1372 1527 1668 1582 dimidium
1687 1545 1864 1598 usque
1879 1533 1991 1582 sta-

394 1614 548 1669 dium
564 1614 779 1668 fodiens
796 1615 1138 1681 cuniculum,
1152 1633 1430 1670 summam
1447 1617 1630 1672 etfecit
1642 1618 1986 1688 speluncam;

2065 469 2187 517 erat
2201 462 2492 533 presbyter
2501 477 2697 515 earum
2717 476 2840 532 quae
2858 459 3125 512 dicuntur
3144 458 3519 512 Cellarum.In
3540 456 3667 526 qui-

2065 552 2165 606 bus
2189 551 2354 608 Cellis
2375 567 2478 621 ego
2495 567 2694 604 novem
2713 565 2890 602 annos
2909 547 3186 612 habitans,
3221 563 3285 600 ex
3313 545 3514 616 quibus
3544 550 3666 598 tres

2066 658 2242 694 annos
2273 657 2492 694 mecum
2513 639 2649 692 vixit
2681 639 2774 692 ille
2803 635 3098 702 Macarius,
3130 636 3190 689 in
3217 635 3408 706 quiete
3435 635 3664 699 sedens,

2066 732 2188 801 ejus
2217 729 2444 800 quidem
2475 727 2698 799 optimae
2729 726 2947 781 vivendi
2990 724 3224 778 rationis
3271 724 3382 778 alia
3432 723 3670 794 quidem

2065 819 2177 873 vidi
2205 835 2376 890 opera
2411 824 2468 872 et
2496 817 2678 887 signa,
2713 816 2824 870 alia
2849 831 2980 869 vero
3009 814 3177 869 didici
3206 813 3277 868 ab
3307 812 3374 866 iis
3404 812 3503 884 qui
3531 828 3670 866 cum

2066 925 2132 962 eo
2163 908 2435 962 vixerunt.

2137 999 2191 1052 Is
2221 1013 2350 1052 cum
2376 995 2525 1067 apud
2554 1011 2823 1066 magnum
2848 994 3026 1048 virum
3040 993 3335 1048 etPatrem
3350 990 3669 1046 Antonium

2068 1086 2271 1141 electos
2288 1086 2487 1157 palma:
2506 1084 2952 1149 ramosvidisset,
2981 1099 3119 1154 quos
3147 1082 3268 1153 ipse
3286 1080 3667 1144 laboraverat,

2067 1175 2230 1247 petiit
2246 1174 2316 1230 ab
2329 1191 2394 1229 eo
2415 1191 2588 1229 unum
2602 1173 2955 1244 manipulum
2969 1187 3255 1226 ramorum
3278 1169 3674 1242 palmae.Dixit

2067 1270 2256 1320 autem
2285 1263 2337 1318 ei
2366 1263 2644 1318 Antonius
2668 1282 2680 1317 :
2703 1263 2985 1333 Scriptum
3014 1266 3132 1315 est:
3154 1261 3280 1314 Non
3307 1258 3674 1330 concupisces

2069 1371 2160 1409 res
2196 1353 2434 1425 proximi
2459 1352 2543 1406 tui
2562 1354 2736 1425 iDeut.
2774 1359 2893 1411 v11).
2928 1351 2997 1405 Et
3025 1367 3155 1404 cum
3178 1349 3240 1403 id
3270 1349 3456 1403 solum
3493 1347 3674 1402 dixis-

2070 1449 2173 1510 set,
2207 1443 2348 1497 rami
2378 1459 2572 1497 omnes
2601 1441 2792 1496 statim
2820 1446 3093 1511 tanquam
3123 1438 3192 1492 ab
3222 1438 3351 1508 igne
3380 1435 3676 1492 torrefacti

2072 1539 2223 1588 sunt.
2239 1533 2398 1597 Quod
2423 1533 2648 1604 quidem
2667 1548 2794 1586 cum
2809 1531 3040 1584 vidisset
3069 1528 3364 1588 Antonius,
3385 1527 3528 1580 dixit
3554 1527 3677 1580 Ma-

2073 1623 2222 1677 cario
2261 1641 2272 1676 :
2317 1623 2454 1677 Ecce
2495 1621 2738 1692 Spiritus
2779 1624 3006 1674 sanctus
3055 1617 3329 1690 requievit
3375 1633 3548 1687 super
3589 1621 3673 1682 te,

393 1707 451 1758 et
477 1704 526 1758 si
555 1703 777 1774 quando
806 1705 1123 1775 complures
1147 1705 1198 1759 ei
1228 1710 1416 1759 essent
1437 1705 1678 1772 molesti,
1713 1707 1928 1761 occulte
1959 1705 2052 1766 eB
2075 1713 2294 1784 erisque
2318 1711 2458 1765 mihi
2487 1710 2747 1782 deinceps
2771 1711 2949 1765 haeres
2978 1724 3231 1762 mearum
3265 1706 3560 1760 virtutum.

394 1810 498 1848 sua
523 1794 663 1848 cella
682 1793 992 1864 egrediens,
1018 1793 1136 1849 ibat
1154 1795 1213 1848 in
1251 1795 1597 1865 speluncam,
1630 1813 1812 1866 neque
1841 1796 1992 1866 quis-

394 1899 564 1954 quam
591 1899 721 1937 eum
741 1883 1075 1937 inveniebat.
1099 1883 1364 1938 Narravit
1381 1889 1570 1938 autem
1583 1884 1742 1940 nobis
1764 1885 1991 1956 quidam

396 1988 462 2027 ex
491 1972 760 2026 studiosis
789 1973 912 2042 ejus
933 1971 1235 2044 discipulis,
1269 1973 1419 2042 quod
1444 1974 1709 2028 recedens
1727 1991 1905 2045 usque
1921 1975 1993 2029 ad

396 2062 722 2132 speluncam
751 2078 852 2132 per
877 2062 1213 2128 cuniculum,
1258 2062 1476 2117 dicebat
1517 2062 1713 2133 viginti
1752 2070 1994 2134 quatuor

397 2150 708 2218 orationes;
743 2156 800 2205 et
828 2151 1067 2218 rediens,
1100 2151 1354 2206 totidem.

468 2240 548 2294 De
579 2256 645 2294 eo
667 2240 801 2294 exiit
819 2240 988 2303 fama,
1009 2241 1157 2311 quod
1176 2245 1459 2295 mortuum
1487 2241 1773 2296 suscitavit
1807 2243 1988 2308 (Ruf/2,

401 2332 439 2383 ι.
465 2343 527 2395 n,
561 2345 606 2383 ο.
639 2327 758 2398 28);
792 2335 854 2384 ut
886 2329 1253 2401 persuaderet
1281 2330 1544 2384 haeretico
1565 2330 1662 2400 qui
1690 2347 1802 2384 non
1829 2331 1996 2384 conli-

398 2416 625 2473 tebatur
645 2435 767 2474 esse
786 2419 1252 2474 resurrectionem
1288 2435 1603 2490 corporum.
1635 2421 1703 2474 Et
1730 2419 1837 2474 fuit
1861 2436 1994 2474 con-

401 2511 556 2562 stans
586 2508 703 2563 haec
731 2508 880 2562 fama
899 2508 958 2562 in
974 2507 1295 2562 solitudine.

473 2597 561 2650 Ad
590 2597 738 2651 hunc
766 2601 1022 2650 sanctum
1051 2596 1324 2650 adductus
1343 2601 1429 2650 est
1449 2597 1751 2668 aliquando
1769 2614 1802 2651 a
1815 2603 1996 2653 matre

403 2686 633 2758 propria
656 2687 1002 2740 lamentante
1032 2685 1353 2740 adolescens
1383 2687 1479 2756 qui
1508 2685 1812 2741 vexabatur
1832 2704 1864 2740 a
1889 2688 1997 2742 dae-

405 2791 590 2840 mone,
627 2791 660 2829 a
697 2774 914 2830 duobus
961 2774 1405 2831 adolescentibus
1443 2792 1508 2829 ex
1556 2781 1794 2847 utraque
1837 2782 1998 2847 parte

405 2865 757 2920 constrictus.
784 2866 946 2920 Hunc
974 2871 1162 2919 autem
1187 2865 1268 2920 ita
1291 2864 1522 2920 vexabat
1543 2865 1780 2920 daemon.
1805 2865 1998 2920 Trium

2143 1802 2288 1856 Ilinc
2315 1817 2512 1856 rursus
2538 1816 2668 1855 eum
2710 1799 2926 1853 invenit
2953 1797 3209 1852 diabolus
3246 1796 3303 1850 in
3343 1793 3672 1859 solitudine,

2073 1906 2304 1961 corpore
2331 1889 2488 1943 valde
2517 1888 2840 1958 defatigato,
2865 1892 2922 1941 et
2939 1887 3077 1940 dicit
3119 1885 3188 1938 ad
3218 1902 3381 1939 eum:
3418 1884 3556 1937 Ecce
3585 1899 3678 1937 ac-

2074 1979 2269 2050 cepisti
2293 1978 2536 2049 gratiam
2551 1976 2819 2045 Antonii;
2843 1993 2942 2030 cur
2961 1992 3075 2029 non
3106 1974 3281 2028 uteris
3309 1972 3673 2037 auctoritate,

2075 2074 2132 2122 et
2153 2085 2186 2121 a
2215 2068 2329 2122 Deo
2350 2067 2494 2138 petis
2515 2065 2698 2120 cibum
2724 2071 2782 2120 et
2797 2065 2943 2118 vires
2976 2064 3046 2118 ad
3067 2063 3175 2118 iter
3199 2061 3632 2132 ingrediendum
3648 2061 3676 2113 ἓν

2074 2158 2129 2212 Is
2157 2161 2347 2212 autem
2375 2155 2510 2210 dicit
2539 2156 2609 2209 ad
2636 2171 2766 2209 cum
2800 2173 2811 2208 :
2845 2153 3037 2207 Virtus
3057 2169 3185 2206 mea
3203 2152 3392 2206 etlaus
3412 2167 3541 2204 mea
3568 2151 3677 2204 Do-

2077 2245 2286 2310 minus,
2319 2251 2381 2299 tu
2429 2250 2618 2298 autem
2664 2260 2733 2298 ne
2771 2243 3075 2297 tentaveris
3101 2257 3323 2296 servum
3361 2240 3485 2294 Dei.
3519 2238 3677 2293 Facit

2077 2351 2210 2406 ergo
2233 2334 2487 2388 diabolus
2524 2338 2589 2387 ut
2634 2333 2685 2386 ei
2727 2333 3064 2403 phantasma
3103 2335 3390 2401 appareat,
3424 2328 3677 2383 camelus

2079 2440 2250 2479 onera
2277 2423 2536 2494 bajulans
2567 2428 2625 2476 et
2669 2437 2862 2475 errans
2895 2437 2995 2492 per
3039 2419 3424 2485 solitudinem,
3465 2417 3678 2472 habens

2079 2513 2270 2569 omnia
2297 2513 2368 2567 ad
2393 2529 2558 2566 usum
2580 2511 2916 2565 necessaria.
2950 2509 3058 2574 Qui
3083 2525 3210 2562 cum
3238 2508 3474 2562 vidisset
3499 2508 3682 2562 Maca-

2078 2602 2244 2667 rium,
2279 2617 2451 2673 prope
2479 2617 2608 2655 eum
2636 2600 2864 2654 assedit.
2898 2600 2951 2654 Is
2990 2603 3180 2652 autem
3209 2597 3529 2668 suspicatus
3559 2611 3682 2649 esse

2079 2692 2432 2762 phantasma,
2457 2690 2602 2744 sicut
2621 2694 2761 2755 erat,
2786 2688 3038 2742 constitit
3051 2688 3121 2741 ad
3136 2687 3410 2741 orandum
3433 2705 3446 2752 ;
3477 2685 3527 2740 is
3553 2701 3684 2739 vero

2078 2781 2335 2852 protinus
2354 2797 2386 2833 a
2407 2785 2559 2833 terra
2585 2777 2686 2832 fuit
2711 2777 3028 2849 absorptus.

2151 2869 2467 2940 Aliquando
2489 2885 2683 2923 rursus
2702 2868 2855 2922 venit
2874 2867 2965 2921 hic
2977 2865 3251 2920 Macarius
3268 2865 3685 2920 Alexandrinus

405 2954 722 3010 modiorum
751 2971 924 3026 panes
940 2960 1236 3026 postquam
1257 2954 1609 3020 comedisset,
1641 2959 1698 3008 et
1717 2956 2000 3026 amphorae
2082 2960 2153 3013 ad
2174 2975 2440 3028 magnum
2456 2958 2762 3012 Macarium
2779 2957 2874 3027 qui
2887 2956 3078 3010 eratin
3095 2954 3357 3010 Scete.Et
3369 2971 3499 3009 cum
3516 2955 3684 3009 ambo

407 3045 577 3100 unius
607 3045 898 3100 Cilicensis
928 3043 1041 3112 (48)
1073 3061 1276 3115 aquam
1308 3043 1559 3109 bibisset,
1600 3049 1840 3115 utraque
1869 3056 2056 3118 eru-C
2082 3053 2271 3102 essent
2297 3048 2489 3102 Nilum
2519 3045 3136 3113 transmissuri,accidit
3157 3050 3220 3098 ut
3235 3045 3339 3116 ipsi
3369 3045 3683 3098 maximum

407 3143 587 3203 etans,
613 3135 766 3190 cibos
780 3133 1091 3189 resolvebat
1109 3133 1168 3187 in
1188 3149 1470 3204 vaporem.
1491 3132 1576 3187 Ab
1596 3149 1661 3187 eo
1682 3133 1852 3200 enim,
1886 3151 2001 3188 non
2084 3144 2385 3209 pontonem
2417 3137 2872 3207 ingrederentur;
2896 3135 2954 3188 in
2975 3151 3140 3205 quem
3158 3133 3398 3204 ingressi
3417 3139 3552 3188 sunt
3569 3134 3686 3187 duo

408 3243 569 3282 secus
597 3241 663 3279 ac
688 3225 817 3294 igne
845 3221 1320 3278 consumebantur
1339 3239 1460 3293 quae
1489 3222 1811 3277 comedcrat
1833 3227 1890 3277 et
1921 3222 2001 3284 bi-

409 3321 589 3375 berat.
613 3321 713 3374 Est
739 3319 891 3373 enim
929 3318 1066 3372 ordo
1100 3333 1322 3388 quoque
1342 3317 1657 3371 daemonum
1681 3317 1778 3388 qui
1797 3315 2004 3370 dicitur

410 3410 626 3480 igneus.
643 3410 788 3464 Sunt
799 3408 949 3462 enim
969 3407 1287 3461 daemonum
1309 3423 1528 3477 quoque
1548 3406 1692 3460 sicut
1710 3407 2004 3460 hominum

413 3498 758 3561 differentiae,
806 3513 918 3552 non
944 3500 1164 3551 mutata
1197 3495 1458 3561 essentia,
1493 3512 1686 3550 verum
1718 3496 2004 3550 voluntate

412 3588 694 3643 distincta.
719 3586 822 3641 Hic
841 3603 974 3656 ergo
988 3586 1312 3640 adolescens
1327 3602 1454 3639 cum
1469 3585 1520 3639 ei
1541 3577 1722 3639 mater
1741 3602 1852 3639 non
1877 3601 2006 3656 sup-

413 3677 710 3749 peditaret,
734 3692 880 3746 saepe
899 3691 1001 3728 sua
1015 3673 1343 3728 comedebat
1355 3679 1791 3737 excrementa,et
1807 3675 2002 3728 lotium

412 3765 656 3820 bibebat.
697 3766 892 3818 Flente
923 3781 1055 3834 ergo
1086 3765 1207 3834 ejus
1237 3761 1434 3828 matre,
1459 3768 1516 3816 et
1544 3763 1788 3816 alienam
1803 3762 2007 3816 suifilii

416 3857 688 3908 maerente
710 3852 1108 3917 calamitatem,
1136 3857 1193 3906 et
1219 3857 1475 3905 sanctum
1505 3851 1665 3905 valde
1694 3850 2008 3906 obtestante

418 3947 476 3996 et
493 3947 746 4011 rogante,
775 3941 935 3994 illum
974 3940 1250 4012 accipiens
1282 3940 1519 3994 invictus
1558 3940 1766 3995 Christi
1795 3941 2009 3996 athleta

413 4032 711 4095 Macarius,
745 4031 974 4102 supplex
1007 4047 1108 4102 pro
1139 4047 1205 4084 eo
1234 4032 1411 4086 Deum
1441 4030 1636 4085 oravit.
1670 4032 1805 4085 Post
1831 4047 2008 4085 unum

418 4127 606 4176 autem
623 4127 722 4176 aut
740 4120 980 4174 alterum
999 4119 1393 4184 diem,remisit
1406 4119 1625 4174 daemon
1637 4119 1982 4173 vexationem
1994 4158 2007 4173 .

415 4213 574 4267 Tunc
593 4227 725 4282 ergo
745 4209 1060 4264 dicitmatri
1081 4209 1448 4264 adolescentis
1464 4214 1692 4263 sanctus
1707 4209 2005 4264 Macarius:

2083 3226 2298 3282 tribuni
2330 3243 2457 3282 cum
2486 3242 2691 3296 magno
2720 3225 2868 3279 fastu
2901 3230 2958 3278 et
2985 3229 3279 3295 apparatu,
3311 3229 3370 3277 et
3400 3223 3501 3294 qui
3529 3223 3682 3278 intus

2084 3316 2357 3371 haberent
2376 3316 2610 3370 rhedam
2639 3320 2817 3368 totam
2847 3331 3079 3378 aeneam,
3114 3318 3171 3368 et
3190 3329 3364 3384 equos
3382 3313 3559 3366 frenis
3587 3329 3683 3367 au-

2085 3406 2216 3473 reis,
2240 3411 2297 3460 et
2323 3405 2595 3475 quosdam
2625 3415 2720 3459 e0s
2738 3404 3010 3475 stipantes
3048 3403 3273 3469 milites,
3304 3402 3597 3468 satellites,
3626 3407 3680 3456 et

2085 3512 2289 3566 pueros
2317 3493 2612 3564 torquibus
2647 3499 2704 3547 et
2721 3493 2907 3547 aureis
2926 3492 3078 3547 zonis
3109 3500 3354 3546 ornatos.
3373 3492 3681 3562 Postquam

2087 3603 2220 3655 ergo
2236 3584 2448 3639 tribuni
2468 3584 2728 3638 viderunt
2749 3583 2898 3654 ipsos
2914 3581 3193 3637 veteribus
3215 3581 3420 3652 pannis
3433 3581 3680 3645 indutos,

2088 3681 2145 3730 et
2173 3674 2430 3728 sedentes
2457 3673 2517 3727 in
2547 3673 2773 3743 angulo,
2813 3671 3080 3726 humilem
3103 3670 3258 3725 illam
3277 3675 3333 3724 et
3356 3674 3590 3725 tenuem
3609 3671 3687 3723 vi-

2087 3764 2251 3818 vendi
2277 3763 2556 3817 rationem
2585 3761 2808 3816 beatam
2831 3761 3194 3831 judicabant;
3219 3776 3368 3814 unus
3397 3767 3592 3814 autem
3622 3776 3687 3813 ex

2087 3853 2223 3925 ipsis
2251 3851 2492 3906 tribunis
2512 3851 2657 3905 dixit
2673 3852 2744 3904 ad
2764 3850 2913 3921 ipsos
2941 3869 2952 3903 :
2975 3850 3131 3904 Beati
3149 3849 3284 3903 estis
3304 3865 3399 3902 vos
3418 3849 3515 3920 qui
3529 3864 3689 3902 mun-

2089 3944 2223 3996 dum
2244 3940 2873 4011 illuditis.Respondens
2903 3945 3093 3993 autem
3110 3938 3408 4004 Macarius,
3439 3939 3539 4009 qui
3568 3943 3689 3992 erat

2089 4031 2356 4096 urbanus,
2381 4030 2524 4084 dixit
2543 4029 2596 4084 ei
2627 4047 2638 4082 :
2671 4030 2787 4084 Nos
2815 4029 3039 4099 quidem
3065 4028 3338 4082 mundum
3382 4028 3690 4096 illusimus,

2091 4137 2186 4175 vos
2217 4125 2406 4174 autem
2436 4118 2615 4173 illusit
2639 4119 2902 4173 mundus.
2936 4118 3093 4172 Scias
3122 4122 3312 4172 autem
3349 4122 3408 4172 te
3443 4134 3560 4172 non
3590 4123 3692 4171 tua

2092 4215 2290 4281 sponte
2321 4209 2426 4263 hoc
2442 4208 2664 4274 dixisse,
2689 4208 2786 4261 sed
2809 4207 3154 4279 prophetice‘
3177 4206 3342 4260 ambo
3367 4207 3522 4261 enim
3533 4223 3694 4260 voca-

423 4307 544 4368 σω
559 4307 597 4366 ι
618 4302 902 4365 Quantum
917 4299 1000 4353 vis
1015 4304 1078 4354 ut
1090 4298 1240 4354 filius
1254 4305 1386 4354 tuus
1402 4299 1691 4353 comedat?
1703 4299 1807 4353 Illa
1821 4303 2011 4353 autem
2094 4316 2223 4353 mur
2243 4298 2491 4364 Macarii,
2533 4298 2637 4352 hoc
2663 4303 2768 4364 est,
2799 4297 2969 4352 beati.
2992 4298 3046 4351 Is
3074 4301 3264 4350 autem
3286 4297 3411 4365 ejus
3426 4313 3694 4351 sermone

416 4390 725 4462 respondit,
758 4389 981 4443 dicens:
1025 4389 1180 4458 Rogo
1205 4394 1280 4452 te,
1301 4387 1438 4458 jube
1459 4404 1586 4442 eum
1613 4388 1796 4443 solum
1820 4404 2004 4442 come-
2026 4380 2073 4438 D
2094 4393 2479 4460 compunctus,
2511 4403 2638 4441 cum
2669 4386 2899 4441 domum
2935 4386 3195 4450 venisset,
3240 4391 3427 4440 vestes
3456 4402 3695 4452 exuens,

417 4482 551 4536 dere
581 4481 772 4535 decem
795 4479 965 4534 libras
1008 4479 1188 4550 panis.
1222 4479 1358 4532 Eam
1387 4483 1576 4532 autem
1599 4478 1914 4549 increpans,
1947 4484 2013 4532 ut
2091 4478 2301 4548 delegit
2322 4478 2493 4532 vitam
2520 4493 2689 4547 agere
2716 4476 3048 4542 solitariam,
3078 4475 3286 4530 multas
3309 4475 3524 4529 faciens
3549 4475 3702 4529 eice.b

419 4589 542 4642 quae
568 4571 806 4625 nimium
830 4569 1064 4632 dixerat,
1099 4567 1238 4622 dixit
1265 4585 1277 4619 :
1314 4568 1360 4622 Ο
1392 4567 1612 4633 mulier,
1648 4585 1749 4622 cur
1787 4568 1893 4622 hoc
1921 4569 2010 4622 di-

418 4659 582 4714 xisti?
603 4660 856 4729 Cumque
877 4663 1092 4728 septem
1124 4656 1243 4710 dies
1275 4661 1490 4710 orasset
1514 4673 1638 4710 cum
1665 4657 1906 4727 jejunio,
1924 4674 2013 4711 ex-

421 4748 582 4820 pulso
609 4748 677 4802 ab
703 4764 768 4802 eo
798 4747 1108 4818 pernicioso
1137 4747 1387 4800 daemone
1415 4745 1698 4815 ingluviei,
1723 4747 2015 4801 constituit

423 4838 474 4891 ei
503 4837 757 4892 vescendi
779 4837 1052 4890 rationem
1075 4836 1145 4889 ad
1169 4841 1281 4889 tres
1295 4851 1472 4906 usque
1487 4835 1656 4889 libras
1679 4835 1858 4906 panis,
1875 4853 2014 4907 quas

425 4925 648 4980 deberet
673 4926 793 4997 ipse
807 4926 1098 4980 comedere
1119 4925 1165 4979 si
1187 4929 1534 4996 Operaretur.
1561 4925 1703 4978 Cum
1723 4925 1827 4979 hoc
1850 4925 2014 4979 modo

426 5013 522 5068 Dei
550 5015 734 5083 gratia
754 5032 991 5086 puerum
1014 5015 1390 5080 emundasset,
1411 5030 1539 5068 eum
1561 5015 1728 5067 matri
1750 5014 2011 5068 reddidit.

498 5103 612 5156 Has
650 5121 737 5157 res
767 5104 1124 5158 admirabiles
1161 5110 1215 5158 et
1261 5109 1466 5174 praeter
1509 5103 1825 5173 opinionem
1885 5103 2016 5156 fecit

425 5193 575 5248 Deus
592 5209 690 5263 per
705 5199 957 5246 sanctum
975 5194 1394 5263 Macarium,cuj
1403 5192 1811 5246 usimmortalis
1824 5193 2015 5246 anima

426 5298 576 5338 nunc
605 5287 691 5336 est
708 5298 834 5335 cum
857 5282 1089 5351 angelis.
1110 5283 1249 5337 Eum
1275 5299 1379 5352 ego
1399 5299 1511 5336 non
1532 5298 1635 5336 con
1645 5281 1783 5342 veni.
1800 5281 2016 5336 obierat

426 5371 573 5426 enim
591 5387 739 5425 anno
761 5375 1060 5440 antequam
1092 5388 1193 5440 ego
1216 5371 1538 5441 ingrederer
1554 5371 1608 5424 in
1630 5371 2011 5425 solitudinem.

429 5461 675 5516 Conveni
703 5466 892 5514 autem
913 5475 1041 5514 eum
1063 5460 1157 5530 qui
1178 5466 1298 5514 erat
1315 5461 1437 5530 ejus
1451 5460 1636 5514 socius
1661 5461 1718 5514 in
1736 5460 1863 5514 ﬁdei
1887 5477 2017 5532 ope-

429 5549 600 5617 ribus,
629 5555 687 5605 et
707 5550 858 5605 idem
878 5548 1193 5604 venerabile
1217 5565 1422 5604 nomen
1445 5551 1590 5621 quod
1608 5549 1728 5621 ipse
1753 5549 2012 5604 habebat.

2091 4583 2374 4639 mosynas.

2165 4658 2378 4710 Rursus
2404 4673 2532 4710 cum
2563 4655 2864 4727 aliquando
2895 4654 3162 4725 cupiisset
3186 4653 3331 4708 vesci
3356 4653 3482 4708 uvis
3501 4671 3700 4709 recen-

2095 4745 2244 4799 tibus
2267 4745 2640 4817 perbellisque
2670 4746 2739 4799 ad
2771 4761 2831 4798 se
2847 4743 3051 4810 missis,
3071 4743 3372 4798 ostendens
3401 4743 3703 4799 continen-

2095 4835 2251 4900 tiam,
2285 4851 2379 4889 eas
2410 4835 2560 4888 misit
2594 4835 2666 4888 ad
2705 4833 2878 4888 alium
2913 4833 3146 4887 fratrem
3185 4832 3558 4896 laborantem,
3595 4835 3702 4904 qui

2095 4923 2214 4994 ipse
2244 4941 2464 4995 quoque
2481 4941 2616 4977 uvas
2644 4921 3016 4977 desiderabat.
3048 4921 3157 4986 Qui
3175 4939 3303 4976 cum
3329 4938 3424 4976 eas
3452 4922 3702 4993 accepis-

2097 5019 2200 5077 set,
2233 5019 2290 5066 et
2318 5029 2521 5084 magna
2551 5013 2783 5067 allectus
2808 5017 2955 5066 esset
2971 5011 3186 5077 laetitia,
3205 5028 3366 5065 suam
3386 5011 3572 5065 celare
3595 5028 3701 5065 vo-

2096 5103 2215 5156 lens
2244 5103 2668 5167 continentiam,
2693 5119 2787 5156 eas
2805 5101 2958 5155 misit
2979 5101 3051 5155 ad
3082 5093 3258 5155 alium
3285 5101 3521 5154 fratrem
3543 5100 3702 5155 labo-

2095 5198 2333 5259 rantem,
2367 5191 2461 5264 qui
2475 5192 2604 5264 ipse
2626 5208 2847 5262 quoque
2869 5207 2998 5245 eum
3019 5188 3202 5246 cibum
3219 5197 3534 5261 appeteret.
3553 5191 3702 5245 Cum

2095 5281 2189 5335 ille
2209 5299 2430 5353 quoque
2461 5281 2784 5352 accepisset,
2817 5297 3012 5335 rursus
3039 5281 3145 5334 hoc
3179 5280 3364 5351 ipsum
3402 5280 3556 5344 fecit,
3589 5280 3700 5334 etsi

2097 5371 2216 5442 ipse
2244 5371 2402 5424 valde
2418 5371 2563 5425 vesci
2584 5377 2831 5441 cuperet.
2848 5371 3150 5440 Postquam
3181 5375 3374 5423 autem
3389 5370 3464 5423 ad
3486 5371 3697 5425 multos

2096 5461 2298 5514 fratres
2325 5460 2526 5514 deinde
2556 5466 2828 5515 venerunt
2855 5476 2994 5526 uvae,
3035 5475 3163 5514 cum
3194 5459 3382 5513 nullus
3414 5459 3500 5513 eis
3545 5460 3695 5514 vesci

2097 5550 2378 5618 voluisset,
2411 5554 2727 5621 postremus
2752 5549 2849 5622 qui
2876 5565 2971 5604 eas
3006 5554 3314 5621 acceperat,
3351 5565 3449 5604 eas
3494 5565 3695 5605 rursus
