4008 6210
324 319 470 380 1113

1591 305 1933 366 HISTORIA
1970 305 2350 371 LAUSIACA.

3463 321 3482 378 'l
3501 320 3600 379 114

322 447 480 502 misit
532 446 604 501 ad
630 442 958 508 Macarium,
991 446 1264 512 tanquam
1293 452 1566 508 magnum
1605 435 1658 490 ei
1694 434 1905 490 donum
1923 431 2140 508 Aapud
2169 440 2544 495 Pharaonem.
2564 441 2639 495 Ut
2657 440 2752 510 qui
2771 453 2904 509 ergo
2930 439 3028 494 illo
3047 439 3172 494 vitae
3201 394 3316 494 suae
3345 446 3599 513 tempore

323 532 590 604 largiens.
607 530 715 594 Qui
737 545 866 583 cum
893 544 1015 582 rem
1039 525 1255 580 curiose
1283 523 1650 594 inquisiisset,
1671 520 1918 576 admira-

321 627 438 687 tus,
461 627 520 675 et
537 621 652 674 Deo
681 619 818 673 actis
844 616 1042 687 gratiis
1073 615 1143 670 ob
1157 619 1374 668 tantam
1407 628 1603 667 eorum
1631 610 1920 665 continen-

321 711 485 776 tiam,
512 725 584 763 ne
605 709 728 778 ipse
754 705 983 777 quidem
1013 721 1078 758 ex
1109 703 1179 757 iis
1210 703 1440 757 tandem
1477 699 1738 756 comedit.

398 800 584 870 Atque
608 798 725 851 haec
752 795 978 866 quidem
1008 799 1094 848 est
1109 793 1298 862 magni
1325 791 1554 847 Macarii
1575 789 1918 855 exercitatio,

327 905 499 960 quam
529 903 632 956 ego
663 890 719 939 et
745 884 910 938 multi
939 887 1195 938 accurate
1219 881 1369 953 apud
1397 881 1581 951 ipsum
1604 878 1924 934 didicimus.

328 977 389 1032 Si
421 976 572 1048 quod
593 991 734 1047 opus
756 971 1174 1027 exercitationis
1194 971 1440 1040 aliquem
1458 985 1708 1040 unquam
1729 967 1923 1022 fecisse

325 1064 525 1132 audiit,
561 1063 790 1118 omnino
811 1062 869 1116 id
895 1061 1163 1116 ardenter
1194 1059 1391 1115 effecit.

399 1156 542 1210 Cum
559 1153 628 1208 ab
651 1151 936 1223 aliquibus
963 1148 1708 1214 audiisset,Tabennesiotas
1722 1164 1822 1218 per
1841 1151 1924 1201 to-

331 1252 450 1300 tam
477 1242 970 1315 quadragesimam
1009 1241 1167 1295 nulla
1195 1255 1256 1293 re
1291 1239 1430 1293 vesci
1458 1255 1580 1309 quae
1617 1237 1735 1307 igni
1777 1241 1925 1290 esset

330 1334 578 1400 admota,
609 1332 811 1386 statuit
847 1331 938 1384 hic
965 1335 1194 1384 sanctus
1225 1334 1442 1399 septem
1471 1327 1634 1382 annis
1665 1325 1805 1380 nihil
1827 1341 1922 1379 co-

328 1424 554 1479 medere
592 1422 740 1494 quod
769 1437 871 1492 per
897 1421 1086 1489 ignem
1115 1418 1428 1484 transisset,
1461 1423 1517 1471 et
1564 1421 1680 1470 toto
1706 1415 1802 1469 illo
1832 1431 1920 1469 se-

328 1512 562 1585 ptennio
583 1511 724 1566 nihil
741 1510 988 1581 gustavit
1006 1515 1210 1580 praeter
1234 1508 1408 1562 cruda
1426 1507 1581 1562 olera
1598 1506 1683 1560 vel
1723 1505 1772 1559 si
1800 1521 1924 1576 quae

328 1603 474 1658 forte
493 1600 802 1655 invenisset
819 1599 1106 1670 legumina
1126 1599 1469 1651 humectata.
1499 1596 1642 1650 Cum
1662 1595 1766 1649 hoc
1788 1611 1924 1665 ergo

327 1696 476 1745 recte
493 1690 737 1755 vixisset,
761 1693 1100 1760 aspernatus
1122 1693 1208 1741 est
1226 1687 1371 1740 hanc
1385 1684 1602 1739 vivendi
1622 1684 1918 1738 rationem.

2002 527 2303 582 maximam
2334 529 2391 584 in
2409 531 2647 601 .Egypto
2676 529 2949 584 haberent
2970 533 3329 600 potestatem,
3347 537 3600 586 constru-

2000 624 2202 672 xerunt
2231 619 2369 673 illud
2417 635 2560 690 opus
2603 637 2670 674 ex
2708 619 2986 690 lapidibus
3033 621 3325 690 quadratis
3376 620 3506 689 (50),
3542 627 3602 676 et

2008 723 2173 761 suum
2196 707 2310 761 illic
2329 708 2586 762 fecerunt
2598 709 3012 763 monimentum
3029 727 3040 774 ;
3057 715 3115 763 et
3131 726 3256 763 cum
3275 710 3466 764 multis
3487 711 3600 766 illic

2007 797 2131 852 auri
2160 798 2571 868 deposuissent,
2605 804 2661 852 et
2686 815 2853 854 omne
2879 816 3058 870 genus
3088 799 3317 854 arbores
3346 801 3598 871 plantas-

2005 893 2151 952 sent,
2175 888 2478 942 maximum
2507 905 2727 960 quoque
2757 895 2991 960 puteum
3020 906 3178 961 aqua:
3202 890 3490 956 foderunt;
3516 895 3604 945 est

2007 975 2155 1030 enim
2185 977 2340 1032 locus
2381 978 2646 1032 humidus
2674 980 2813 1049 (51).
2839 981 2968 1033 Haec
2996 986 3185 1034 autem
3225 981 3416 1034 omnia
3460 979 3603 1034 fece-

2005 1071 2158 1130 runt,
2189 1077 2480 1137 sperantes
2505 1073 2631 1139 post
2658 1085 2824 1123 suum
2848 1068 2977 1122 hinc
3001 1069 3306 1124 discessum
3325 1069 3432 1123 frui
3465 1069 3603 1123 deli-

2005 1154 2105 1209 ciis
2124 1155 2182 1209 in
2202 1155 2299 1209 illo
2318 1157 2599 1227 paradiso.
2615 1158 2864 1212 Tandem
2881 1174 3014 1228 ergo
3031 1158 3298 1228 quoniam
3319 1157 3603 1213 nesciebat

2004 1244 2149 1298 viam
2171 1261 2295 1315 quae
2313 1246 2384 1299 ad
2397 1263 2525 1300 eum
2547 1247 2703 1300 ducit
2718 1247 3073 1312 hortum,Dei
3093 1263 3284 1301 servus
3301 1247 3596 1314 Macarius,

2005 1335 2328 1404 conjectura
2348 1336 2589 1406 quadam
2605 1336 2946 1407 sequebatur
2971 1341 3143 1402 astra,
3163 1342 3220 1389 et
3248 1336 3396 1390 sicut
3416 1341 3602 1391 nautas

2006 1423 2102 1493 qui
2130 1424 2524 1479 transmittunt
2547 1426 2744 1492 maria,
2762 1431 2939 1480 totam
2961 1426 3206 1496 pervasit
3218 1430 3444 1479 sanctus
3467 1425 3607 1479 soli-

2007 1512 2259 1567 tudinem
2288 1533 2300 1579 ;
2324 1519 2518 1568 etcum
2539 1515 2934 1586 aliquotetiam
2951 1515 3254 1586 accepisset
3273 1515 3600 1580 arundines,

2006 1617 2178 1655 unam
2205 1603 2404 1657 statuit
2428 1603 2488 1657 in
2520 1620 2857 1674 unoquoque
2887 1604 3210 1670 milliari,ut
3238 1621 3338 1675 per
3357 1621 3424 1658 ea
3441 1604 3606 1672 signa

2009 1696 2305 1745 remearet.
2337 1692 2478 1746 Cum
2503 1709 2636 1763 ergo
2674 1693 2826 1746 intra
2852 1709 3051 1747 novem
3083 1693 3202 1747 dies
3237 1698 3414 1747 totam
3444 1693 3602 1746 illam

327 1779 528 1835 Audiit
547 1743 737 1833 autem
767 1743 848 1832 abl
869 1778 1056 1848 aliquo
1086 1777 1194 1830 alio
1222 1776 1312 1829 hic
1353 1775 1758 1828 monaChorum
1790 1772 1930 1844 Opti-
1945 1743 1996 1806 Β
2009 1781 2350 1850 pervasisset
2364 1743 3598 1853 solitudinem—,ietve—s—svet'prope

330 1885 477 1935 mus,
501 1868 651 1938 quod
671 1867 901 1938 quidam
933 1866 1239 1920 monachus
1267 1862 1596 1918 comedebat
1611 1862 1810 1916 libram
1835 1878 1928 1932 pa-

327 1957 436 2012 nis.
469 1957 647 2021 Quem
677 1957 992 2022 aemulatus,
1015 1955 1184 2025 fregit
1207 1954 1357 2024 quod
1378 1952 1620 2007 habebat
1649 1951 1926 2006 buccella-

329 2051 475 2113 tum,
514 2051 572 2100 et
601 2045 838 2100 immisit
875 2045 934 2098 in
963 2045 1242 2115 lagenam,
1284 2048 1540 2098 statuens
1569 2041 1926 2096 solummodo

330 2141 554 2191 tantum
571 2135 883 2196 comedere,
899 2139 1174 2206 quantum
1195 2149 1397 2187 manus
1424 2133 1546 2203 ejus
1573 2147 1799 2186 sursum
1820 2131 1926 2186 fer-

330 2231 437 2279 ret.
457 2226 654 2294 Magna
673 2229 759 2278 est
777 2231 965 2278 autem
988 2224 1106 2278 haec
1124 2223 1182 2276 in
1202 2221 1497 2276 tractando
1509 2237 1741 2292 corpore
1767 2237 1927 2291 aspe-

328 2314 490 2368 ritas.
523 2314 742 2368 Festive
783 2313 934 2367 enim
964 2312 1125 2367 nobis
1155 2311 1424 2366 narrabat
1457 2332 1467 2364 :
1502 2312 1674 2365 Plura
1697 2309 1925 2380 quidem

329 2403 514 2458 frusta
533 2401 1021 2474 apprehendebarn
1043 2407 1088 2466 θ
1099 2408 1242 2468 ποις
1259 2401 1356 2456 sed
1369 2417 1482 2455 non
1499 2400 1720 2455 sinebat
1731 2400 1928 2454 efferre

333 2492 405 2547 ob
432 2492 751 2563 angustiam
768 2490 1420 2546 foraminis.Publicanus
1440 2491 1590 2544 enim
1610 2506 1770 2544 meus
1791 2488 1930 2542 mihi

335 2598 451 2637 non
473 2581 833 2653 permittebat
862 2581 1092 2636 omnino
1116 2580 1281 2634 vesci.
1316 2581 1486 2634 Totos
1513 2597 1648 2650 ergo
1675 2585 1792 2634 tres
1825 2596 1928 2634 an-

336 2672 606 2749 noshanc
631 2671 879 2725 exercuit
888 2669 1560 2740 continentiam,quatuor
1577 2670 1663 2723 vel
1683 2670 1930 2740 quinque

336 2760 531 2816 uncias
564 2761 880 2826 comedens,
921 2766 981 2815 et
1002 2777 1206 2832 aquam
1237 2776 1363 2830 quae
1413 2759 1492 2812 eis
1528 2758 1927 2830 responderet;

338 2850 448 2904 olei
475 2855 664 2905 autem
694 2850 1000 2904 sextarium
1021 2855 1140 2904 toto
1171 2865 1319 2903 anno
1350 2847 1714 2903 consumebat
1736 2847 1794 2900 in
1824 2847 1928 2900 ali-

336 2946 591 2994 mentum
599 2980 610 2992 .

407 3029 537 3083 Alia
555 3030 784 3083 athletae
802 3029 1145 3084 exercitatio.
1175 3029 1388 3084 Statuit
1412 3029 1721 3084 indomitus
1745 3025 1836 3080 hic
1847 3027 1934 3080 vir

337 3135 602 3175 somnum
631 3120 1152 3190 superare.Etenim
1182 3119 1444 3174 utilitatis
1473 3120 1660 3189 gratia
1679 3120 1781 3174 hoc
1804 3119 1922 3190 ipse
1942 3101 1990 3165 α

337 3209 592 3263 narravit
621 3226 632 3261 :
658 3209 812 3264 Totis
840 3209 1040 3279 viginti
1066 3209 1266 3263 diebus
1291 3209 1645 3271 et,noctibus
1669 3225 1783 3263 non
1809 3226 1935 3264 sum

337 3303 552 3354 tectum
573 3298 877 3369 ingressus,
917 3304 982 3353 ut
1000 3315 1261 3353 somnum
1282 3299 1581 3364 vincerem,
1617 3316 1744 3352 cum
1765 3299 1936 3352 inter-

339 3389 438 3444 diu
470 3388 697 3460 quidem
719 3393 858 3442 aestu
887 3389 1163 3454 arderem,
1198 3393 1369 3446 noctu
1405 3405 1536 3443 vero
1565 3390 1755 3459 algore
1784 3389 1935 3460 rige-

341 3494 482 3532 rem.
507 3478 667 3543 Quod
686 3478 813 3544 nisi,
848 3478 1154 3549 inquiebat,
1175 3482 1386 3532 tectum
1417 3495 1597 3532 essem
1625 3479 1933 3549 ingressus,

345 3573 403 3624 et
431 3585 627 3623 somno
653 3585 788 3623 usus
813 3584 1012 3634 essem,
1042 3568 1123 3622 ita
1146 3569 1284 3622 mihi
1305 3574 1429 3623 erat
1444 3570 1752 3624 arefactum
1781 3587 1938 3624 cere-

339 3657 528 3724 brum,
562 3663 627 3711 ut
655 3658 918 3729 deinceps
945 3663 1140 3728 ageret
1166 3659 1224 3712 in
1255 3659 1550 3713 exstasim:
1603 3663 1660 3713 et
1689 3659 1838 3730 quod
1869 3661 1940 3713 ad

343 3762 435 3799 me
466 3745 692 3816 quidem
721 3747 940 3813 attinet,
975 3747 1078 3801 vici
1114 3764 1374 3804 somnum
1403 3767 1415 3814 ;
1458 3748 1607 3818 quod
1649 3755 1839 3804 autem
1869 3749 1941 3804 ad

345 3839 609 3889 naturam
633 3852 774 3906 opus
801 3835 1121 3902 habentem,
1149 3836 1199 3890 ei
1225 3831 1367 3890 ορξῼὶ
1400 3837 1439 3888 ¹.

419 3925 483 3978 Ei
495 3924 795 3996 aliquando
806 3926 1116 3979 molestiam
1130 3925 1380 3980 exhibuit
1389 3927 1620 3997 spiritus
1631 3926 1944 3982 fornicatio-

348 4015 437 4068 nis
451 4012 580 4081 (49;
600 4020 656 4068 et
673 4019 807 4068 tunc
821 4015 1212 4068 condemnavit
1244 4015 1490 4086 seipsum
1511 4015 1706 4070 sedere
1728 4017 1944 4070 nudum

348 4121 447 4159 sex
468 4119 689 4158 menses
715 4103 772 4156 in
795 4103 999 4174 palude
1039 4105 1245 4168 Scetes,
1278 4121 1400 4174 quae
1429 4110 1514 4159 est
1541 4105 1599 4158 in
1627 4111 1782 4160 vasta
1817 4106 1945 4160 soli-

346 4193 565 4259 tudine,
599 4193 657 4247 in
684 4209 797 4264 qua
835 4198 1073 4264 possunt
1107 4193 1314 4247 culices
1360 4194 1445 4248 vel
1475 4194 1726 4249 sauciare
1771 4196 1946 4266 pelles

347 4299 637 4354 aprorum,
664 4288 728 4336 ut
749 4283 845 4352 qui
875 4282 990 4336 sint
1009 4299 1165 4352 aeque
1193 4283 1386 4352 magni
1417 4289 1481 4337 ut
1500 4301 1696 4355 vespae,
1722 4285 1862 4338 adeo
1882 4290 1948 4338 ut

347 4373 406 4426 in
437 4378 556 4426 toto
579 4373 700 4442 ejus
725 4388 958 4443 corpore
986 4372 1271 4426 inﬁxerint
1294 4374 1543 4440 aculeos;
1587 4379 1651 4426 ut
1692 4374 1947 4428 nonnulli

348 4461 793 4516 existimaverint
815 4477 944 4515 eum
967 4477 1089 4514 esse
1109 4460 1414 4531 leprosum.
1438 4463 1710 4516 Reversus
1733 4479 1866 4533 ergo
1885 4464 1944 4517 in

349 4567 513 4606 suam
543 4551 801 4604 cellulam
829 4555 957 4621 post
991 4567 1086 4604 sex
1120 4567 1358 4618 menses,
1398 4569 1462 4606 ex
1491 4568 1620 4607 voce
1659 4554 1943 4623 cognitum

351 4647 439 4696 est
464 4657 594 4695 eum
624 4657 745 4694 esse
765 4640 1060 4695 dominum
1083 4641 1408 4696 Macarium.

424 4732 480 4786 Is
504 4730 682 4802 cupiit
706 4730 1028 4801 aliquando,
1073 4736 1138 4784 ut
1167 4731 1285 4801 ipse
1314 4731 1473 4785 nobis
1503 4732 1771 4796 narravit,
1796 4733 1946 4802 quod

349 4819 410 4874 in
442 4820 622 4874 hortis
653 4826 793 4885 erat,
829 4820 1048 4889 ingredi
1096 4820 1528 4886 monimentum,
1564 4822 1712 4892 quod
1742 4821 1950 4876 dicitur

349 4908 653 4978 κηποτάφιον
698 4909 877 4962 Janne
915 4913 973 4960 et
1011 4908 1278 4974 Mambre,
1321 4925 1614 4979 magorum
1654 4910 1749 4981 qui
1787 4917 1950 4965 erant

351 5003 608 5068 tempore
629 4996 960 5062 Pharaonis,
993 5002 1058 5050 ut
1075 4997 1132 5050 id
1162 4997 1392 5063 videret,
1418 4999 1502 5052 vel
1533 4999 1705 5052 etiam
1729 5006 1792 5054 ut
1819 5017 1948 5054 con-

350 5086 568 5140 veniret
598 5103 692 5141 eos
721 5086 816 5158 qui
845 5085 958 5140 illic
986 5093 1117 5142 sunt
1138 5089 1436 5143 dmmones.
1470 5088 1772 5144 Dicebatur
1794 5091 1946 5144 enim

1968 4419 2020 4481 D

2010 1869 2343 1924 succedente
2371 1876 2532 1925 nocte
2552 1887 2753 1942 parum
2772 1871 3022 1925 dormiit.
3048 1871 3318 1925 Immanis
3340 1887 3467 1924 vero
3489 1871 3603 1925 dae-

2007 1976 2141 2014 mon
2170 1960 2267 2031 qui
2314 1977 2536 2031 semper
2569 1961 2900 2015 adversatur
2924 1959 3133 2014 Christi
3179 1960 3425 2026 athletis,
3473 1975 3603 2013 cum

2009 2050 2324 2119 collegisset
2367 2066 2561 2104 omnes
2604 2051 2730 2104 illas
2782 2051 3104 2116 arundines,
3143 2049 3455 2104 dormiente
3484 2049 3605 2103 Ma-

2006 2139 2176 2204 cario,
2212 2145 2268 2194 et
2297 2139 2518 2194 circiter
2559 2141 2630 2194 ad
2667 2156 2841 2195 unum
2880 2140 3125 2210 lapidem
3173 2157 3207 2193 a
3254 2139 3601 2193 monimento

2008 2228 2078 2282 ad
2108 2229 2232 2297 ejus
2278 2235 2450 2300 caput
2475 2229 2772 2300 posuisset,
2821 2229 3079 2296 recessit;
3116 2233 3416 2300 postquam
3470 2243 3603 2297 ergo

2009 2319 2270 2383 surrexit,
2321 2318 2536 2372 invenit
2587 2319 2878 2389 colligatus
2931 2318 3234 2372 arundines
3293 2335 3434 2387 quas
3484 2317 3605 2387 ipse

2012 2408 2210 2461 ﬁxerat
2237 2407 2383 2477 signi
2412 2424 2599 2461 causa.
2630 2409 2888 2462 Fortasse
2913 2413 3103 2462 autem
3126 2407 3232 2461 hoc
3254 2422 3477 2478 quoque
3498 2405 3608 2460 fuit

2011 2496 2112 2550 Dei
2153 2495 2445 2566 permissio
2475 2497 2547 2550 ad
2575 2498 2849 2567 majorem
2881 2498 3004 2568 ejus
3030 2496 3508 2560 exercitationem,
3542 2500 3608 2550 ut

2012 2601 2125 2640 non
2152 2591 2406 2657 speraret
2422 2586 2483 2639 in
2502 2586 2891 2652 arundinibus,
2920 2587 3017 2640 sed
3043 2587 3102 2640 in
3129 2585 3231 2640 Dei
3257 2585 3461 2656 gratia,
3485 2600 3608 2654 quae

2013 2691 2114 2746 per
2131 2675 2449 2730 columnam
2479 2675 2644 2729 nubis
2664 2676 2893 2729 deduxit
2917 2675 3094 2730 Israel
3116 2674 3490 2746 quadraginta
3513 2688 3610 2727 an-

2013 2765 2101 2818 nis
2127 2764 2186 2818 in
2213 2765 2449 2818 terribili
2478 2765 2575 2818 illa
2592 2763 2913 2819 solitudine.
2946 2764 3179 2819 Dicebat
3209 2768 3400 2817 autem
3430 2764 3611 2817 Maca-

2015 2853 2160 2906 rius:
2195 2855 2333 2908 Cum
2372 2853 2602 2924 propius
2640 2854 2846 2908 accessi
2866 2855 2934 2907 ad
2954 2853 3092 2908 illud
3109 2853 3612 2918 monimentum,ex

2015 2959 2080 2996 eo
2103 2943 2312 3012 egressi
2331 2943 2466 2996 mihi
2481 2943 2926 2997 occurreruntad
2945 2943 3303 3013 septuaginta
3329 2943 3612 2996 daemones

2015 3031 2183 3084 variis
2225 3031 2420 3086 formis
2453 3031 2704 3102 praediti;
2748 3031 2846 3085 alii
2884 3031 3112 3101 quidem
3142 3031 3471 3092 clamantes,
3513 3027 3611 3081 alii

2021 3137 2149 3174 vero
2171 3121 2506 3187 exsilientes,
2538 3121 2634 3173 alii
2664 3137 2794 3174 vero
2823 3137 2949 3174 cum
2967 3135 3170 3189 magno
3197 3119 3424 3172 fremitu
3445 3117 3504 3171 in
3523 3134 3614 3171 me

2020 3210 2320 3264 stridentes
2340 3209 2621 3275 dentibus,
2655 3210 2750 3264 alii
2779 3226 2910 3263 vero
2941 3214 3212 3279 tanquam
3241 3208 3388 3262 corvi
3418 3207 3612 3262 volan-

2019 3304 2124 3364 tes,
2155 3299 2440 3353 audebant
2464 3315 2588 3353 meo
2605 3299 3095 3362 vultui-insultare,
3130 3297 3380 3352 dicentes
3410 3314 3421 3349 :
3464 3295 3613 3360 Quid

2019 3389 2117 3455 vis,
2153 3388 2377 3454 Macari,
2411 3388 2647 3442 tentatio
2667 3388 3067 3442 monachorum
3089 3387 3117 3440 ?
3139 3387 3272 3458 quid
3298 3387 3368 3440 ad
3397 3401 3499 3439 nos
3528 3401 3616 3439 ac-

2022 3478 2278 3533 cessisti?
2326 3495 2399 3532 an
2428 3494 2540 3531 non
2570 3494 2671 3531 nos
2700 3494 2922 3548 quoque
2947 3478 3194 3548 aliquem
3229 3493 3294 3530 ex
3325 3475 3614 3529 monachis

2021 3567 2340 3621 vexavimus
2357 3568 2384 3617 7
2416 3567 2549 3630 Qua
2568 3572 2767 3620 nostra
2785 3571 2936 3632 sunt,
2957 3572 3021 3620 tu
3041 3581 3167 3620 cum
3197 3565 3311 3619 tuis
3337 3562 3616 3619 similibus

2023 3656 2137 3710 illic
2167 3656 2356 3723 habes,
2386 3673 2588 3728 nempe
2631 3657 3008 3721 solitudinem,
3039 3661 3096 3710 et
3113 3654 3265 3709 illinc
3285 3659 3506 3708 nostros
3530 3669 3619 3707 co-

2021 3752 2222 3819 gnatos
2251 3745 2558 3816 fugavistis.
2594 3746 2746 3801 Nihil
2775 3751 2860 3800 est
2881 3745 3041 3799 nobis
3079 3750 3266 3798 tecum
3297 3759 3614 3797 commune.

2025 3836 2170 3901 Quid
2190 3837 2312 3890 loca
2332 3843 2522 3890 nostra
2544 3835 2761 3889 invadis
2778 3835 2802 3888 ?
2820 3836 3112 3906 Tanquam
3130 3833 3622 3897 anachoreta,con-

2024 3931 2214 3981 tentus
2243 3931 2363 3980 esto
2385 3924 2708 3980 solitudine.
2741 3923 2848 3988 Qui
2872 3924 3020 3978 hunc
3038 3924 3222 3978 locum
3248 3921 3617 3987 aedificarunt,

2026 4033 2155 4070 eum
2179 4016 2340 4070 nobis
2368 4003 2750 4085 assignarunt;
2773 4030 2886 4068 non
2913 4020 3071 4084 potes
3094 4013 3183 4066 hic
3202 4027 3450 4067 manere.
3475 4010 3621 4074 Quid

2025 4106 2456 4176 quaerisingredi
2473 4106 2532 4158 in
2559 4106 2703 4158 hanc
2717 4103 3144 4174 possessionem,
3171 4103 3228 4154 in
3252 4117 3419 4171 quam
3431 4101 3622 4154 nullus

2029 4211 2096 4249 ex
2123 4193 2258 4247 vivis
2299 4192 2621 4247 hominibus
2667 4197 2756 4246 est
2782 4192 3090 4261 ingressus,
3119 4206 3186 4244 ex
3216 4205 3326 4259 quo
3354 4188 3623 4242 fratribus

2031 4284 2126 4355 qui
2148 4283 2252 4338 hoc
2271 4283 2644 4336 condiderunt
2662 4286 2796 4335 sunt
2810 4297 2841 4334 a
2853 4280 3017 4334 nobis
3031 4279 3121 4332 hic
3139 4279 3296 4333 factae
3317 4277 3619 4347 exsequiae.

2034 4369 2100 4422 Et
2126 4385 2251 4422 cum
2274 4369 2453 4422 multa
2471 4368 2652 4421 adhuc
2672 4365 2971 4421 turbarent
2991 4370 3050 4419 et
3067 4364 3403 4417 insultarent
3420 4362 3624 4416 daemo-

2035 4474 2152 4522 nes,
2177 4458 2316 4511 dixit
2331 4457 2411 4512 eis
2423 4463 2647 4511 sanctus
2665 4455 2941 4511 Macarius
2965 4470 2976 4504 :
3000 4452 3293 4524 Ingrediar
3306 4457 3546 4518 tantum,
3566 4455 3624 4505 et

2025 4546 2309 4612 videbo,et
2331 4546 2460 4600 hinc
2490 4546 2768 4600 recedam.
2791 4544 3066 4599 Dixerunt
3089 4547 3277 4596 autem
3293 4542 3574 4595 daemones
3605 4556 3618 4592 :

2031 4638 2150 4691 Hoc
2177 4636 2336 4692 nobis
2357 4637 2622 4708 promitte
2644 4635 2701 4688 in
2731 4639 2833 4688 tua
2860 4631 3219 4687 conscientia.
3252 4630 3399 4684 Dicit
3425 4633 3619 4684 autem

2029 4727 2234 4782 Christi
2277 4743 2488 4790 servus,
2524 4725 2642 4779 Hoc
2677 4724 2898 4778 faciam.
2945 4723 3239 4776 Daemones
3268 4724 3458 4774 autem
3493 4733 3625 4772 eva-

2029 4824 2288 4872 nuerunt.
2319 4815 2672 4886 lngrediente
2697 4820 2889 4867 autem
2918 4828 2982 4866 eo
3004 4811 3059 4864 in
3083 4809 3427 4882 paradisum,
3451 4807 3504 4862 ei
3535 4824 3624 4862 oc-

2031 4907 2208 4962 currit
2228 4905 2484 4960 diabolus
2513 4920 2639 4959 cum
2670 4902 2864 4957 stricta
2892 4901 3237 4971 rhomphaea,
3261 4898 3619 4952 eiminitans.

2031 4999 2116 5052 Ad
2145 5013 2311 5068 quem
2339 4997 2484 5049 hanc
2507 5009 2698 5047 vocem
2733 4991 3025 5062 respondit
3052 4994 3280 5043 sanctus
3305 4989 3572 5043 Macarius
3605 5005 3616 5040 :

2027 5089 2111 5143 'l‘u
2139 5087 2296 5140 venis
2324 5085 2394 5139 ad
2425 5102 2516 5139 me
2537 5083 2595 5138 in
2626 5082 2820 5137 stricta
2837 5080 3194 5150 rhomphaea;
3229 5083 3286 5133 et
3305 5095 3411 5148 ego
3429 5083 3625 5133 contra

351 5175 646 5248 plurimos,
690 5193 897 5247 eosque
945 5177 1334 5244 ferocissimos,
1365 5178 1425 5231 in
1459 5193 1524 5232 eo
1553 5179 1674 5232 loco
1716 5178 1786 5232 ab
1835 5171 1945 5234 illis
2028 5183 2084 5232 te
2113 5175 2400 5247 ingrediar
2419 5175 2476 5228 in
2508 5172 2735 5228 nomine
2765 5169 2991 5224 Domini
3009 5168 3262 5235 sabaoth,
3297 5168 3356 5222 in
3387 5168 3505 5222 acie
3524 5165 3626 5222 Dei

351 5267 656 5320 collocatos
689 5282 812 5319 esse
841 5266 1122 5321 daemones
1152 5283 1252 5338 per
1289 5267 1513 5321 infamis
1559 5269 1697 5322 artis
1749 5285 1944 5324 eorum
2034 5266 2533 5334 Israel.lngressus
2555 5258 3192 5330 autem,contemplatus
3209 5275 3336 5312 sum
3353 5255 3626 5321 omnia,in

353 5355 764 5410 excellentiam.
793 5356 910 5410 Hoc
932 5362 1121 5410 autem
1143 5357 1551 5412 monimentum
1581 5358 1789 5413 factum
1817 5365 1952 5414 esta
2033 5356 2234 5430 quibus
2288 5354 2475 5408 inveni
2523 5353 2692 5407 etiam
2737 5351 2940 5405 cadum
2971 5365 3188 5404 aeneum
3219 5354 3415 5405 catena
3442 5347 3627 5399 ferrea

352 5447 533 5500 Janne
555 5451 612 5500 et
633 5445 886 5500 Mambre
912 5446 1299 5517 fratribus,qui
1317 5453 1545 5518 propter
1561 5449 1791 5519 magicae
1813 5451 1950 5506 artis
2032 5446 2374 5518 pendentem
2421 5459 2484 5497 ex
2515 5447 2704 5514 puteo,
2728 5443 2847 5512 jam
2869 5445 3120 5512 tempore
3139 5441 3550 5506 consumptum,
3567 5439 3625 5488 et

354 5536 748 5592 excellentiam
778 5535 990 5607 primas
1021 5541 1208 5607 partes
1244 5535 1526 5592 habebant
1562 5539 1658 5594 illo
1697 5545 1950 5612 tempore
2032 5537 2276 5592 fructum
2299 5533 2575 5588 malorum
2607 5532 2938 5604 punicorum
2959 5546 3081 5602 quae
3109 5527 3249 5583 nihil
3276 5527 3428 5581 intus
3450 5522 3623 5578 habe-

427 5662 445 5697 ¹
480 5662 584 5718 Hic
631 5661 1018 5736 paragraphus
1054 5657 1236 5714 variat
1280 5659 1339 5716 in
1392 5659 1601 5718 (ἔνθεο.
1646 5663 1744 5720 Est
1782 5670 1846 5723 ut
1880 5665 1941 5724 in
1972 5661 2284 5730 Heraclide,
2313 5676 2433 5732 cap.
2461 5657 2513 5712 6.
