4008 6210
407 311 544 370 1115

1503 314 1598 369 DE
1631 313 1820 371 VITIS
1857 309 2156 370 PATRUM
2191 309 2406 367 LIBER
2440 308 2590 365 VIII.

3539 308 3681 367 Ill6

400 430 789 499 bant,fuerant
815 435 966 489 enim
987 434 1231 490 arefacta
1250 451 1285 490 a
1308 437 1443 503 sole,
1473 442 1531 492 et
1545 440 1787 510 plurima
1814 457 1988 496 aurea
2006 443 2055 501 A
2074 433 2582 510 quadringentiviri
2593 449 2775 504 usque
2786 432 2846 488 in
2855 432 3193 490 hodiernum
3207 434 3683 506 diem.Ingressus

403 521 655 580 donaria.
690 524 826 577 Cum
859 529 1086 579 sanctus
1107 541 1239 595 ergo
1276 530 1456 592 ,πει
1488 528 1642 582 illinc
1677 529 2000 583 recessisset
2083 533 2330 598 estergo.
2351 527 2491 580 Cum
2513 530 2700 578 autem
2717 523 3076 594 praeteriisset
3094 525 3446 595 aliquantum
3463 531 3682 598 tempo-

401 611 610 682 absque
639 613 885 667 tumultu
913 618 969 666 et
999 613 1140 668 citra
1179 615 1337 669 illam
1381 617 1879 686 perturbationem,
1913 635 1998 672 re-

405 717 596 755 versus
635 706 722 754 est
750 718 850 772 per
877 702 1075 772 viginti
1098 703 1217 758 dies
1245 703 1305 758 in
1326 721 1483 759 suam
1506 707 1724 760 cellam.

472 790 611 844 Cum
630 796 818 844 autem
841 791 1174 847 defecissent
1189 809 1362 864 panes
1381 800 1438 848 et
1449 812 1595 866 aqua
1607 812 1782 866 quam
1803 801 1994 867 porta-

393 877 574 946 bat,in
590 897 795 951 magna
815 887 938 936 erat
950 882 1271 938 afﬂictione.
1299 885 1518 954 Viginti
1537 886 1687 939 enim
1708 886 1998 940 diebusin-

393 968 656 1039 grediens
683 986 783 1040 per
796 971 1184 1039 solitudinem,
1204 978 1268 1026 ut
1291 973 1566 1041 existimo,
1595 975 1737 1028 nihil
1769 976 1997 1030 omnino

396 1058 661 1127 gustavit,
675 1065 740 1113 ut
758 1059 928 1113 etiam
954 1077 1042 1114 res
1063 1061 1326 1115 ostendit.
1341 1063 1599 1118 Fortasse
1615 1069 1804 1118 autem
1818 1070 1998 1119 tenta-

399 1145 567 1202 batur
580 1165 800 1219 quoque
817 1149 1271 1204 intolerantia.Et
1290 1168 1416 1204 cum
1428 1153 1546 1222 jam
1562 1170 1760 1224 parum
1777 1153 1998 1209 abesset

398 1237 535 1307 quin
556 1237 1072 1304 collaberetur,visa
1087 1245 1171 1293 est
1192 1239 1241 1293 ei
1265 1242 1518 1311 quaedam
1540 1243 1737 1313 puellae
1752 1244 1994 1314 speciem

398 1342 514 1396 prae
541 1343 600 1380 se
631 1327 836 1392 ferens,
874 1333 937 1381 ut
966 1329 1086 1399 ipse
1107 1329 1392 1395 narrabat,
1428 1333 1640 1385 munda
1667 1333 1818 1387 linea
1842 1337 1995 1388 veste

398 1413 596 1469 induta
617 1422 674 1471 et
693 1421 887 1471 tenens
907 1434 1107 1472 urnam
1124 1435 1271 1489 aqua
1286 1420 1590 1475 stillantem
1612 1436 1623 1469 ι
1657 1439 1822 1492 quem
1843 1423 1994 1476 dice-

398 1501 497 1558 bat
527 1505 803 1560 Macarius
833 1506 1075 1561 abfuisse
1105 1507 1173 1561 ab
1196 1525 1261 1562 eo
1290 1510 1510 1564 circiter
1528 1528 1704 1566 unum
1725 1513 1990 1566 stadium.

397 1593 504 1658 Qui
529 1598 643 1649 tres
674 1595 791 1649 dies
823 1596 1108 1666 ingressus
1129 1603 1213 1652 est
1224 1615 1347 1652 eam
1363 1600 1556 1653 videns
1571 1617 1697 1654 cum
1713 1618 1857 1656 urna
1875 1608 1997 1658 tan-

2079 617 2176 682 ris,
2210 616 2434 670 advenit
2463 614 2892 685 quadragesima
2915 631 2926 680 ;
2953 619 3010 667 et
3032 613 3173 668 vidit
3190 631 3359 668 senex
3397 616 3682 670 Macarius

2079 721 2537 776 unumquemque
2557 702 2864 772 suscepisse
2888 702 3139 756 diversas
3154 703 3371 756 vivendi
3394 704 3647 758 rationes
3672 723 3684 758 :

2079 795 2254 849 alium
2288 793 2514 865 quidem
2555 791 2845 846 comedere
2881 808 3149 862 vespere;
3184 792 3358 845 alium
3387 809 3517 846 vero
3548 799 3682 864 post

2079 883 2219 937 duos
2247 883 2386 946 dies,
2416 882 2591 934 alium
2619 886 2746 950 post
2775 879 3022 950 quinque
3049 898 3062 945 ;
3101 879 3276 934 alium
3297 885 3446 934 stare
3477 897 3581 952 per
3602 885 3687 934 to-

2078 977 2194 1026 tam
2227 977 2467 1034 noctem,
2498 969 2744 1024 interdiu
2775 985 2902 1023 vero
2923 969 3118 1022 sedere
3146 969 3217 1022 ad
3239 986 3397 1040 opus.
3428 971 3555 1040 Ipse
3579 987 3680 1024 au-

2077 1066 2194 1115 tem
2215 1077 2342 1114 cum
2365 1059 2578 1129 aliquot
2603 1059 2802 1129 palmae
2831 1074 3019 1111 ramos
3035 1057 3139 1110 sibi
3160 1058 3684 1118 madefecisset,ste—

2078 1151 2148 1203 tit
2177 1150 2233 1202 in
2255 1166 2368 1203 uno
2392 1149 2616 1218 angulo,
2649 1153 2705 1211 et
2735 1148 2911 1201 donec
2932 1147 3308 1217 quadraginta
3325 1146 3447 1200 dies
3464 1148 3684 1218 impleti

2078 1245 2284 1304 essent,
2339 1243 2396 1292 et
2430 1238 2745 1292 advenisset
2779 1237 3012 1303 Pascha,
3046 1253 3158 1290 non
3185 1238 3426 1308 sumpsit
3447 1254 3676 1307 panem,

2077 1345 2187 1383 non
2207 1344 2429 1398 aquam,
2444 1344 2555 1381 non
2574 1343 2723 1397 genu
2745 1325 2915 1390 ﬂexit,
2938 1342 3050 1380 non
3074 1326 3236 1390 sedit,
3255 1342 3368 1380 non
3391 1326 3674 1393 accubuit,

2076 1417 2216 1472 nihil
2231 1418 2384 1472 aliud
2402 1417 2649 1487 gustavit
2681 1421 2882 1487 praeter
2901 1431 3080 1485 pauca
3113 1415 3287 1469 cruda
3319 1415 3576 1469 crambes
3601 1416 3681 1470 fo-

2075 1507 2300 1578 lia,quae
2314 1506 2573 1560 sumebat
2595 1505 2686 1558 die
2705 1505 3017 1570 Dominico,
3032 1510 3097 1558 ut
3114 1503 3401 1558 videretur
3421 1505 3679 1559 comede-

2078 1612 2158 1660 re,
2191 1601 2248 1649 et
2270 1612 2384 1649 non
2415 1594 2686 1648 incideret
2713 1593 2771 1647 in
2795 1598 3155 1663 arrogantem
3177 1594 3246 1646 de
3268 1610 3326 1647 se
3351 1594 3679 1664 persuasio-

396 1699 561 1753 quam
594 1688 857 1751 stantem,
891 1689 948 1739 et
976 1702 1104 1739 eum
1134 1693 1547 1757 provocantem,
1574 1705 1686 1742 non
1716 1691 1993 1748 valentem
2010 1725 2056 1785 B
2076 1700 2206 1738 nem
2229 1703 2240 1749 ;
2275 1690 2332 1737 et
2359 1685 2406 1737 Si
2437 1684 2660 1754 quando
2682 1682 3076 1753 egrediebatur
3095 1682 3164 1736 ad
3189 1683 3400 1754 aliquid
3425 1699 3684 1737 necessa-

395 1787 520 1826 eam
549 1774 800 1843 assequi:
821 1791 918 1844 spe
937 1781 1126 1828 autem
1149 1774 1393 1841 bibendi,
1415 1777 1586 1830 trium
1607 1779 1825 1833 dierum
1844 1781 1993 1836 labo-
2010 1770 2056 1785 ⁸
2075 1775 2242 1838 Pium,
2267 1773 2376 1827 Cito
2399 1790 2596 1827 rursus
2622 1772 2960 1842 ingrediens»
2993 1770 3179 1825 Stabat
3199 1772 3270 1825 ad
3301 1788 3460 1842 opus.
3478 1788 3544 1826 0s
3559 1787 3672 1826 11011

393 1877 514 1915 rem
545 1861 766 1915 fortiter
785 1863 1385 1936 sustinuit.Postquam
1412 1868 1674 1937 apparuit
1689 1870 1989 1924 multitudo

389 1948 745 2017 bubalarum,
768 1968 831 2005 ex
855 1951 1057 2022 quibus
1077 1969 1190 2007 una
1209 1955 1367 2008 stetit
1396 1971 1460 2008 ex
1484 1957 1716 2010 adverso
1735 1959 1857 2028 ejus
1888 1959 1990 2012 ha-

401 2037 542 2093 bens
564 2039 804 2094 vitulum
831 2059 843 2107 ;
878 2046 1010 2095 sunt
1036 2042 1185 2095 enim
1215 2044 1404 2097 multae
1433 2044 1492 2098 in
1522 2044 1631 2098 illis
1660 2046 1812 2101 locis.
1831 2048 1899 2102 Et
1927 2054 1993 2103 ut

395 2127 616 2182 dicebat
650 2128 810 2183 nobis
840 2130 1135 2196 Macarius,
1173 2130 1314 2185 uber
1344 2134 1465 2202 ejus
1492 2133 1635 2188 lacte
1674 2135 1902 2201 ﬂuebat,
1935 2142 1992 2190 et

401 2216 646 2289 desuper
671 2219 860 2272 sonuit
881 2237 982 2273 vox
1008 2220 1059 2273 ei
1088 2221 1276 2274 dicens
1301 2241 1310 2274 :
1336 2223 1776 2288 Macari,accede
1799 2225 1868 2278 ad
1892 2225 1992 2279 bu-

393 2302 600 2369 balam,
637 2308 693 2358 et
712 2304 936 2359 lactare.
974 2305 1115 2359 Cum
1149 2323 1300 2375 ergo,
1327 2307 1530 2378 inquit,
1553 2309 1624 2361 ad
1654 2325 1779 2362 eam
1809 2325 1991 2364 acces-

392 2390 593 2446 sissem
636 2398 693 2447 et
719 2393 957 2447 Iactatus
988 2411 1188 2461 essem,
1239 2395 1378 2449 mihi
1417 2397 1653 2450 suffecit.
1699 2399 1772 2452 Ut
1798 2404 1987 2453 autem

391 2482 666 2551 majorem
692 2483 934 2552 gratiam
957 2484 1277 2538 ostenderet
1288 2485 1786 2548 Dominus,docens
1803 2504 1987 2542 meam

399 2571 753 2641 parvitatem,
756 2572 776 2641 j
785 2571 918 2625 ubet
930 2572 1192 2626 bubalam
1206 2589 1294 2626 me
1308 2574 1466 2643 sequi
1480 2591 1658 2644 usque
1680 2576 1750 2628 ad
1767 2577 1979 2632 cellam.

392 2659 497 2712 Illa
524 2675 651 2713 vero
680 2676 883 2730 parens
915 2661 1100 2729 jussui
1128 2668 1320 2715 secuta
1352 2668 1454 2725 est,
1492 2680 1580 2717 me
1611 2663 1837 2734 quidem
1868 2666 1986 2719 lac-

388 2753 534 2812 tans,
569 2765 733 2802 suum
762 2753 950 2802 autem
980 2766 1092 2802 non
1123 2750 1427 2805 admittens
1446 2752 1705 2807 vitulum.

461 2837 778 2908 Aliquando
797 2854 989 2893 rursus
1009 2855 1135 2892 cum
1156 2845 1389 2909 puteum
1412 2840 1630 2896 foderet
1653 2842 1744 2896 hic
1763 2843 1849 2896 vir
1867 2845 1982 2897 vir—

389 2930 510 2981 tute
539 2927 827 2996 praeditus,
873 2927 945 2981 ad
983 2930 1316 2983 recreandos
1361 2931 1664 2985 monachos
1701 2933 1766 3000 (is
1796 2939 1985 2988 autem

390 3020 511 3070 erat
526 3032 700 3087 prope
720 3016 852 3070 folia
880 3021 938 3070 et
964 3023 1250 3073 sarmenta
1279 3019 1392 3073 illic
1417 3021 1617 3091 posital
1658 3038 1878 3076 morsus
1901 3030 1984 3077 est

2073 1863 2350 1933 aperiens,
2375 1862 2472 1916 sed
2494 1867 2649 1936 stans
2678 1861 2919 1927 silentio,
2942 1861 3084 1916 nihil
3112 1861 3265 1915 aliud
3295 1861 3508 1915 faciens
3530 1877 3675 1932 prm-

2071 1956 2327 2022 terquam
2361 1951 2647 2005 silentium
2671 1951 2729 2004 in
2759 1951 2924 2005 corde
2945 1966 3226 2015 exercens,
3251 1955 3310 2004 et
3325 1950 3538 2004 faciens
3556 1967 3678 2004 ora-

2072 2041 2303 2107 tionem,
2347 2047 2405 2094 et
2445 2057 2632 2094 ramos
2663 2041 2862 2111 palmae,
2898 2055 3136 2110 operans
3160 2055 3300 2110 quos
3337 2038 3587 2093 habebat
3615 2039 3672 2093 in

2072 2130 2349 2183 manibus.
2377 2130 2518 2184 Cum
2546 2135 2737 2184 autem
2763 2130 2879 2183 haec
2895 2129 3166 2182 vidissent
3187 2145 3383 2182 omnes
3406 2129 3675 2182 exercita-

2069 2223 2222 2272 tores
2252 2219 2405 2272 illius
2426 2218 2768 2282 monasterii,
2791 2217 3123 2272 seditionem
3140 2216 3456 2271 excitarunt
3476 2218 3676 2271 adver-

2070 2323 2165 2360 sus
2177 2323 2339 2361 suum
2357 2307 2681 2377 praefectum
2703 2325 2714 2360 :
2734 2307 3026 2361 Undenam
3050 2305 3211 2359 nobis
3223 2306 3506 2360 adduxisti
3526 2307 3674 2360 hunc

2068 2397 2354 2450 hominem
2370 2396 2489 2450 sine
2508 2413 2674 2450 carne
2695 2397 2766 2450 ad
2787 2396 2966 2450 nostri
2983 2395 3508 2449 condemnationem
3523 2396 3674 2450 ?Aut

2071 2502 2200 2539 eum
2232 2485 2361 2539 hinc
2391 2485 2549 2555 ejice,
2575 2491 2690 2551 aut,
2721 2490 2786 2539 ut
2816 2485 2976 2548 scias,
3006 2502 3108 2539 nos
3139 2501 3334 2539 omnes
3362 2485 3496 2538 hinc
3524 2501 3675 2539 rece-

2069 2574 2270 2628 dimus.
2291 2576 2432 2628 Cum
2459 2575 2576 2628 haec
2593 2578 2782 2628 autem
2803 2590 2840 2627 a
2855 2574 3122 2628 fratribus
3142 2574 3413 2628 audiisset
3427 2591 3672 2643 magnus

2069 2662 2422 2727 Pachomius,
2457 2662 2526 2716 de
2558 2678 2622 2715 eo
2653 2667 2738 2716 est
2768 2661 3189 2716 sciscitatus.Et
3215 2679 3342 2717 cum
3374 2662 3672 2717 didicisset

2069 2753 2190 2821 ejus
2221 2752 2347 2805 vitae
2377 2751 2606 2821 agendae
2636 2751 2934 2816 rationem,
2971 2753 3148 2805 Deum
3182 2752 3399 2822 rogavit
3413 2756 3477 2805 ut
3502 2752 3556 2805 ei
3585 2768 3673 2806 re-

2071 2840 2348 2894 velaretur
2375 2841 2636 2910 quisnam
2665 2840 2757 2893 sit.
2774 2839 3106 2894 Revelatum
3129 2846 3214 2894 est
3241 2845 3430 2894 autem
3460 2839 3514 2893 ei
3536 2856 3665 2893 eum

2069 2945 2189 2982 esse
2219 2928 2528 2984 Macarium
2555 2931 2911 2985 monachum.
2942 2931 3100 2984 Tunc
3121 2931 3243 2999 ejus
3271 2945 3503 2983 manum
3535 2946 3665 3000 pre-

2069 3017 2264 3071 hendit
2294 3035 2530 3089 magnus
2559 3019 2914 3084 Pachomius,
2939 3024 2995 3072 et
3025 3035 3155 3072 eum
3180 3018 3327 3072 foras
3358 3018 3576 3083 educit;
3609 3025 3667 3072 et

395 3103 465 3159 ab
494 3105 684 3176 aspide
714 3111 824 3165 (est
852 3112 1040 3160 autem
1071 3113 1406 3162 venenatum
1447 3115 1504 3163 et
1533 3110 1828 3164 exitiosum
1859 3112 1978 3165 ani-
2001 3085 2045 3146 Ο
2063 3122 2198 3161 cum
2228 3107 2550 3162 deduxisset
2579 3109 2636 3162 in
2665 3109 2894 3162 domum
2923 3107 3154 3162 oratorii
3186 3107 3280 3161 ubi
3318 3114 3403 3161 est
3450 3124 3570 3170 ara,
3604 3113 3664 3161 et

391 3195 550 3265 mal),
583 3193 778 3249 ambas
817 3195 1004 3250 fauces
1044 3197 1254 3268 aspidis
1285 3199 1712 3269 apprehendens
1752 3207 1980 3255 sanctus

388 3282 661 3338 ambabus
689 3284 969 3351 manibus,
999 3301 1123 3339 eam
1146 3286 1461 3358 discerpsit,
1495 3287 1686 3342 dicens
1712 3303 1722 3337 :
1753 3290 1894 3343 Cum
1924 3296 1980 3345 te

386 3389 499 3427 non
526 3372 771 3427 misisset
797 3374 1070 3429 Dominus
1091 3392 1268 3442 meus,
1290 3377 1568 3446 quomodo
1599 3379 1670 3431 ad
1691 3395 1781 3432 me
1809 3395 1980 3434 ausus

386 3476 446 3515 es
476 3463 781 3516 accedere?

456 3551 594 3604 Cum
617 3551 736 3623 ipse
758 3569 952 3607 rursus
980 3570 1218 3624 magnus
1248 3554 1516 3610 audiisset
1537 3556 1814 3612 Macarius
1831 3558 1977 3628 quod

384 3639 657 3695 haberent
685 3643 1015 3711 praeclarum
1044 3641 1169 3698 vita;
1197 3643 1520 3698 institutum
1533 3644 1972 3714 Tabennesiotaz,

382 3734 536 3784 veste
565 3736 802 3797 mutata,
823 3737 880 3785 et
897 3738 1185 3803 assumpto
1196 3733 1480 3787 mundano
1508 3733 1698 3788 habitu
1711 3735 1972 3805 operarii,

384 3819 566 3889 spatio
605 3819 923 3876 quindecim
963 3821 1182 3874 dierum
1214 3821 1467 3891 pervenit
1493 3821 1857 3889 Thebaidem,
1895 3824 1978 3877 in-

382 3923 608 3976 gressus
629 3924 729 3978 per
749 3909 1207 3963 solitudinem.Et
1226 3927 1351 3963 cum
1371 3911 1611 3964 venisset
1629 3911 1685 3965 in
1704 3919 1980 3968 monaste-

384 3995 530 4050 rium
551 3995 1336 4070 Tabennesiotarum,qu:esiit
1351 4015 1545 4053 eorum
1567 4000 1977 4056 archimandri-

384 4086 764 4150 tam,nomine
780 4087 1162 4156 Pachomium,
1185 4088 1362 4142 virum
1384 4088 1862 4159 piobatissimum,
1881 4091 1977 4162 qui

386 4179 444 4228 et
470 4175 716 4246 gratiam
747 4175 990 4231 habebat
1029 4177 1415 4248 propheticam
1448 4180 1539 4246 (1)8
1558 4197 1614 4234 co
1643 4182 1819 4247 infra,
1853 4197 1970 4250 cap.

385 4262 496 4336 38),
539 4265 627 4320 cui
671 4266 898 4336 quidem
943 4273 1136 4321 sancto
1179 4273 1314 4322 tunc
1342 4268 1622 4323 revelatus
1651 4287 1763 4324 non
1790 4270 1978 4324 fuerat

382 4371 622 4426 magnus
653 4356 948 4410 Macarius.
973 4358 1115 4411 Cum
1145 4374 1278 4428 ergo
1303 4375 1434 4412 eum
1456 4359 1821 4425 convenisset,
1843 4359 1978 4414 dicit

2063 3201 2212 3250 esset
2241 3198 2543 3267 amplexus,
2579 3197 2631 3252 ei
2675 3197 2848 3251 dicit:
2882 3197 3186 3263 Adesdum,
3222 3197 3538 3251 venerande
3567 3214 3659 3250 se-

2063 3301 2187 3340 nex.
2216 3287 2300 3341 Tu
2331 3303 2390 3340 es
2420 3287 2713 3351 Macarius,
2737 3292 2795 3341 et
2816 3303 2904 3340 me
2932 3286 2989 3340 id
3009 3286 3220 3341 celasti.
3243 3286 3435 3340 Multis
3456 3285 3659 3339 abhinc

2064 3375 2231 3428 annis
2255 3376 2405 3446 cupii
2435 3380 2490 3430 te
2519 3376 2706 3430 videre
2735 3393 2863 3430 cum
2894 3376 2963 3429 de
2991 3381 3048 3429 te
3076 3375 3350 3430 audirem.
3384 3377 3507 3445 Ago
3554 3375 3656 3429 tibi

2061 3463 2293 3534 gratias,
2318 3465 2467 3534 quod
2499 3465 2643 3519 ﬁlios
2663 3482 2816 3519 meos
2838 3463 3144 3534 subegeris,
3171 3481 3242 3518 ne
3269 3481 3329 3518 se
3352 3465 3573 3534 jactent
3605 3469 3660 3518 et

2063 3554 2358 3624 magniﬁce
2385 3554 2838 3625 circumspiciant
2864 3560 3094 3625 propter
3119 3570 3278 3608 suam
3311 3553 3661 3627 exercitatio;

2060 3660 2208 3696 nem.
2243 3645 2397 3713 Rogo
2433 3660 2565 3713 ergo
2595 3649 2672 3708 te,
2689 3644 2884 3698 recede
2903 3643 2962 3696 in
2983 3644 3165 3697 locum
3182 3648 3364 3708 tuum,
3384 3659 3485 3696 nos
3508 3643 3659 3696 enim

2059 3733 2197 3786 satis
2224 3733 2532 3790 aediﬁcasti.
2551 3738 2608 3786 et
2628 3749 2726 3800 ora
2754 3749 2854 3803 pro
2885 3731 3064 3786 nobis.
3088 3734 3168 3786 Tu
3177 3749 3245 3786 nc
3261 3733 3332 3785 ab
3356 3732 3477 3804 ipso
3492 3748 3660 3801 roga-

2060 3826 2171 3885 tus,
2197 3826 2254 3874 et
2271 3837 2400 3874 eum
2421 3820 2681 3874 omnibus
2694 3821 2964 3875 fratribus
2982 3819 3293 3885 orantibus,
3310 3821 3388 3874 sic
3405 3820 3656 3874 recessit.

2138 3915 2320 3974 i324
2339 3911 2656 3980 Aliquando
2678 3927 2874 3964 rursus
2899 3911 3150 3964 narravit
3168 3909 3331 3964 nobis
3344 3911 3436 3964 hic
3455 3910 3542 3963 vir
3557 3910 3659 3963 im-

2059 3999 2304 4070 patibilis
2337 4018 2347 4052 :
2375 4000 2608 4062 Quando
2637 4005 2788 4053 recte
2815 3999 3112 4069 gessissem
3138 4015 3363 4053 omnem
3394 3999 3520 4053 vitae
3543 4015 3660 4052 mo-

2059 4088 2284 4142 nasticae
2313 4088 2542 4157 agendas
2572 4089 2869 4153 rationem,
2901 4093 3035 4142 tunc
3061 4088 3187 4142 veni
3216 4088 3287 4142 ad
3305 4087 3460 4141 aliud
3489 4088 3660 4158 spiri-

2057 4177 2169 4230 tale
2218 4177 2576 4232 desiderium.
2610 4178 2793 4232 Statui
2839 4177 2988 4231 enim
3029 4177 3274 4248 quinque
3317 4177 3437 4230 dies
3474 4177 3656 4230 solum

2059 4272 2305 4319 mentem
2333 4283 2516 4320 meam
2535 4267 2616 4320 ita
2645 4283 2996 4337 componere,
3038 4271 3103 4320 ut
3133 4282 3165 4319 a
3194 4266 3308 4320 Deo
3339 4265 3504 4319 avelli
3547 4282 3657 4319 non

2060 4361 2265 4424 posset,
2301 4362 2357 4409 et
2385 4356 2527 4409 nihil
2552 4356 2707 4409 aliud
2735 4357 2962 4410 omnino
3001 4355 3295 4425 cogitaret.
3338 4355 3409 4409 Et
3437 4371 3567 4408 cum
3599 4354 3654 4407 id

383 4445 435 4500 ei
466 4445 743 4500 Macarius
768 4458 780 4492 ε
814 4446 925 4500 Oro
945 4451 1020 4511 te,
1057 4447 1276 4517 suscipe
1306 4463 1414 4510 me,
1472 4464 1676 4518 quaeso,
1713 4448 1772 4502 in
1813 4443 2039 4503 tuumD
2060 4445 2208 4515 apud
2240 4461 2330 4498 me
2359 4445 2704 4511 statuissem,
2737 4444 2908 4500 clausi
2936 4460 3119 4498 meam
3148 4445 3344 4498 cellam
3380 4449 3439 4497 et
3465 4445 3653 4498 aulam

382 4534 808 4600 monasterium,
847 4539 912 4588 ut
933 4536 1066 4588 ﬁam
1095 4536 1421 4590 monachus.
1462 4537 1610 4590 Dicit
1644 4537 1694 4590 ei
1737 4553 1975 4607 magnus

381 4622 715 4677 Pachomius
747 4639 759 4676 :
790 4625 914 4678 Non
935 4629 1094 4695 potes
1122 4624 1383 4695 deinceps
1410 4625 1533 4679 ﬁeri
1553 4628 1861 4681 monachus
1879 4626 1976 4698 qui

383 4711 461 4766 sis
481 4718 600 4767 tam
621 4717 914 4784 provectus
928 4717 1112 4779 aetate,
1133 4730 1245 4768 non
1272 4719 1431 4785 potes
1451 4719 1507 4769 te
1527 4731 1782 4770 exercere
1808 4734 1818 4769 :
1845 4721 1979 4771 sunt

383 4801 584 4856 fratres
614 4803 711 4874 qui
739 4818 798 4856 se
821 4807 1083 4857 exercent
1107 4819 1142 4855 a
1161 4803 1478 4871 juventute,
1493 4809 1550 4857 et
1569 4803 1817 4858 laborem
1841 4805 1978 4858 tole-

384 4896 530 4944 rant.
562 4892 645 4945 Tu
677 4897 863 4946 autem
896 4892 955 4946 in
985 4891 1090 4945 hac
1110 4896 1273 4946 aetate
1294 4908 1406 4946 non
1437 4897 1594 4962 potes
1626 4893 1770 4948 ferre
1799 4899 1977 4948 tenta-

383 4978 568 5032 tiones
598 4981 1029 5036 exercitationis.
1064 4981 1395 5046 Offenderis,
1417 4987 1474 5035 et
1507 4982 1703 5048 exibis,
1729 4988 1783 5036 et
1817 4983 1976 5037 nobis

385 5066 906 5139 maledices.Neque
927 5085 1055 5124 eum
1086 5071 1301 5141 accepit
1319 5087 1419 5125 nec
1439 5070 1619 5142 primo
1640 5072 1748 5136 die,
1771 5088 1874 5126 nec
1888 5089 1977 5126 se-

385 5155 569 5210 cundo
584 5172 761 5226 usque
791 5157 862 5211 ad
887 5165 1102 5230 septem
1132 5159 1270 5214 dies.
1292 5161 1392 5215 Ille
1419 5177 1548 5215 vero
1573 5161 1678 5215 fuit
1692 5167 1972 5227 constans,

389 5261 625 5300 manens
651 5246 899 5316 jejunus.
919 5249 1121 5303 Postea
1149 5256 1337 5304 autem
1369 5250 1504 5304 dicit
1525 5251 1576 5304 ei
1606 5267 1774 5305 senex
1802 5252 1982 5305 Maca-

387 5335 509 5391 rius
541 5354 553 5389 :
583 5335 812 5406 Suscipe
843 5352 951 5403 me,
967 5337 1128 5405 abba,
1154 5344 1211 5392 et
1234 5339 1342 5394 nisi
1365 5341 1696 5412 jejunavero
1719 5346 1776 5394 et
1800 5340 1982 5394 fecero

391 5441 456 5481 ea
479 5442 600 5496 quae
624 5424 730 5497 ipsi
746 5441 936 5496 opera,
953 5426 1086 5496 jube
1109 5445 1198 5482 me
1216 5429 1342 5500 ejici
1370 5446 1436 5484 ex
1456 5431 1815 5484 monasterio.
1845 5430 1984 5485 Per-

390 5515 593 5571 suadet
625 5513 893 5570 fratribus
922 5531 1162 5587 magnus
1191 5517 1524 5574 Pachomius
1543 5524 1608 5574 ut
1627 5537 1756 5574 eum
1785 5518 1986 5574 admit-

392 5609 535 5661 tant.
569 5605 667 5663 Est
694 5610 884 5662 autem
913 5605 1082 5662 unius
1122 5609 1449 5664 monasterii
1481 5614 1806 5677 conventus,
1831 5609 1985 5666 mille

2057 4533 2420 4598 extrinsecus,
2449 4539 2512 4589 ut
2540 4535 2680 4588 nulli
2706 4534 2897 4588 darem
2938 4549 3290 4604 responsum.
3324 4533 3394 4587 Et
3414 4533 3546 4587 steti
3574 4534 3658 4586 in-

2057 4623 2268 4694 cipiens
2307 4639 2343 4676 a
2378 4624 2624 4677 secunda
2651 4629 2710 4676 et
2741 4623 2917 4676 menti
2951 4639 3086 4677 meae
3127 4622 3480 4693 praecipiens,
3513 4629 3572 4676 et
3601 4622 3651 4676 ei

2057 4711 2247 4766 dicens
2278 4731 2288 4765 :
2320 4712 2459 4766 Vide
2481 4728 2551 4765 ne
2579 4712 2885 4766 descendas
2901 4712 2971 4766 de
2995 4712 3166 4766 caelis.
3185 4710 3370 4765 Habes
3400 4711 3650 4781 angelos,

2058 4800 2641 4869 archangelos,omnes
2655 4817 2927 4871 supernas
2948 4804 3270 4871 potestates,
3286 4799 3581 4854 cherubim
3601 4807 3658 4854 et

2059 4889 2362 4960 seraphim,
2409 4891 2590 4943 Deum
2620 4890 2822 4944 horum
2855 4890 3108 4944 omnium
3150 4890 3495 4945 effectorem.
3530 4889 3650 4944 Illic

2057 4995 2300 5044 versare,
2333 4995 2402 5032 ne
2439 4978 2543 5032 sub
2569 4979 2736 5033 caelos
2765 4978 3139 5044 descenderis,
3182 4995 3254 5032 ne
3292 4977 3558 5032 incideris
3600 4979 3655 5032 in

2059 5068 2374 5123 mundanas
2395 5068 2932 5137 cogitationes.0um
2953 5068 3094 5123 duos
3111 5067 3660 5137 autem,inquit,dies

2061 5163 2118 5212 et
2135 5158 2275 5212 duas
2299 5163 2491 5212 noctes
2512 5174 2974 5228 perseverassem,
2990 5157 3070 5211 ita
3089 5156 3302 5210 irritavi
3320 5156 3653 5221 daemonem,

2063 5253 2128 5302 ut
2147 5248 2265 5317 ipse
2285 5248 2446 5301 ﬁeret
2470 5248 2600 5300 ﬂam
2610 5263 2702 5301 ma
2717 5247 2950 5317 ignis,et
2961 5245 3183 5300 combux
3197 5253 3318 5300 eret
3329 5246 3520 5299 omnia
3536 5263 3658 5316 qua

2063 5337 2340 5391 habebam
2366 5337 2423 5390 in
2443 5337 2601 5403 cella,
2630 5336 2769 5390 adeo
2790 5342 2856 5391 ut
2872 5336 3044 5390 etiam
3065 5340 3270 5400 storea,
3293 5351 3467 5406 supra
3487 5351 3659 5404 quam

2067 5427 2301 5493 stabam,
2338 5427 2469 5497 igne
2501 5426 2744 5491 arderet,
2778 5431 2837 5480 et
2873 5425 2953 5480 sic
3001 5442 3092 5479 me
3122 5441 3346 5496 quoque
3378 5424 3661 5478 existima-

2067 5533 2184 5571 rem
2202 5520 2382 5571 totum
2402 5515 2926 5586 conflagrare.Tand
2933 5531 3020 5568 em
3033 5515 3238 5568 timore
3249 5514 3482 5568 affectus
3493 5513 3660 5566 tertio

2068 5607 2157 5663 die
2184 5606 2375 5663 destiti
2402 5606 2473 5661 ab
2503 5607 2608 5661 hoc
2633 5605 2937 5678 proposito,
2974 5619 3102 5661 cum
3139 5620 3252 5659 non
3283 5618 3506 5677 possem
3537 5619 3656 5657 am-
