4024 6206
334 370 480 429 1117

1594 347 1937 410 HISTORIA
1972 345 2348 402 LAUSIACA.

3461 329 3606 389 1118

332 496 487 568 plius
502 497 750 550 mentem
768 503 954 544 meam
977 491 1169 540 tenere
1187 478 1646 546 indivulsam,sed
1664 473 1925 532 descendi
1940 474 1994 534 Α
2010 489 2138 527 cum
2163 471 2416 528 unxisset
2433 469 2556 524 oleo
2584 471 2775 522 sancto
2793 484 2804 533 ;
2828 470 2886 520 et
2921 479 3050 518 cum
3075 476 3282 533 aquam
3309 457 3606 514 infudisset

331 586 407 640 ad
434 585 604 655 hujus
617 579 814 637 mundi
838 573 1361 645 contemplationem
1381 590 1394 639 ;
1415 571 1529 625 Deo
1548 569 1782 622 fortasse
1801 581 1930 636 per-

332 675 614 738 mittente,
645 687 717 725 ne
744 670 849 722 hoc
871 665 1008 720 mihi
1028 666 1388 734 reputaretur
1407 659 1466 714 in
1487 655 1830 729 superbiam.

403 764 522 833 Ego
551 761 622 816 ad
661 775 792 814 eum
812 754 1020 811 accessi
1039 747 1617 822 aliquando,etinveni
1635 750 1793 800 extra
1805 744 1929 813 ejus

328 852 529 907 cellam
557 852 840 921 jacentem
868 842 1168 915 quemdam
1190 838 1484 909 cujusdam
1513 836 1618 890 vici
1644 833 1931 906 presbyte-

326 955 480 1004 rum,
503 939 663 1008 cujus
674 939 840 1005 caput
859 933 938 986 ita
953 936 1077 984 erat
1103 944 1334 984 exesum
1359 924 1598 980 amorbo
1615 923 1711 994 qui
1724 922 1931 976 dicitur

326 1043 550 1091 cancer,
583 1031 648 1079 ut
675 1024 846 1078 etiam
882 1021 1069 1092 ipsum
1095 1035 1160 1072 os
1191 1022 1376 1070 totum
1402 1018 1702 1086 appareret
1719 1011 1778 1065 in
1802 1025 1928 1064 ver-

325 1116 457 1170 tice.
474 1116 528 1170 Is
551 1112 783 1168 accessit
795 1110 866 1164 ad
895 1110 1082 1180 ipsum
1111 1111 1176 1161 ut
1202 1111 1512 1169 curaretur,
1549 1118 1652 1156 nec
1680 1116 1808 1154 eum
1830 1098 1930 1152 ad-

327 1202 596 1257 mittebat
614 1203 684 1256 ad
709 1199 1070 1270 colloquium.
1101 1195 1312 1265 Rogavi
1328 1199 1516 1248 autem
1547 1207 1698 1256 eum,
1716 1189 1924 1243 dicens:

327 1292 601 1346 Miserere
628 1291 799 1360 hujus
829 1287 1040 1352 miseri,
1065 1292 1122 1340 et
1157 1285 1354 1339 saltem
1383 1285 1455 1338 da
1483 1283 1534 1336 ei
1573 1296 1925 1351 responsum.

327 1381 384 1434 Is
415 1396 544 1434 vero
580 1378 721 1432 mihi
758 1375 1066 1447 respondit,
1112 1374 1343 1428 dicens:
1380 1373 1480 1426 Est
1525 1371 1791 1440 indignus
1831 1367 1928 1438 qui

323 1475 576 1533 curetur,
600 1468 770 1522 missa
795 1471 881 1520 est
897 1465 1048 1519 enim
1065 1463 1135 1517 ad
1155 1479 1283 1517 eum
1299 1463 1414 1516 haec
1438 1477 1472 1514 a
1497 1459 1736 1514 Domino
1759 1456 1926 1511 disci-

324 1558 500 1630 plina.
531 1557 693 1622 Quod
713 1556 760 1610 si
779 1555 915 1608 velis
931 1570 1059 1608 eum
1081 1551 1284 1617 curari,
1309 1549 1582 1622 persuade
1607 1548 1657 1602 ei
1687 1552 1752 1601 ut
1775 1547 1930 1600 dein-

325 1663 458 1717 ceps
488 1645 771 1700 abstineat
790 1660 824 1698 a
860 1641 1170 1696 ministerio
1195 1646 1517 1694 sanctorum
1546 1640 1927 1692 sacramento-

324 1752 476 1789 rum.
511 1735 630 1804 Ego
672 1739 862 1787 autem
895 1730 945 1784 ei
974 1730 1098 1784 dico
1131 1749 1143 1782 :
1187 1727 1583 1792 Quamobrem,
1621 1724 1843 1797 quaeso?
1874 1724 1929 1778 Is

2013 562 2277 634 praecepit
2291 578 2362 615 ne
2375 558 2748 631 quadraginta
2775 555 2970 610 diebus
2998 568 3196 608 carnes
3215 553 3489 620 gustaret,
3502 563 3606 602 nec

2011 652 2237 717 vinum;
2263 655 2320 703 et
2347 649 2426 703 sic
2450 665 2578 703 eum
2607 645 2840 700 curavit.

2085 743 2223 796 Eum
2239 739 2541 812 aliquando
2552 737 2845 792 subierunt
2853 731 3216 803 cogitationes
3227 744 3379 782 vanae
3389 725 3600 796 gloria),

2012 849 2134 904 quae
2160 848 2286 886 eum
2306 830 2498 884 ecella
2517 829 2565 898 ej
2575 819 3280 892 iciebant,etsuggerebant
3293 822 3356 872 ut
3367 818 3604 870 honesto

2012 903 2241 977 concilio
2267 927 2324 974 et
2337 921 2493 990 justa
2517 918 2584 971 de
2613 931 2780 970 causa
2809 914 3044 968 Romam
3066 913 3342 981 pergeret,
3385 921 3485 976 pro
3514 903 3606 957 be-

2013 1011 2212 1066 neficio
2240 1025 2434 1064 eorum
2462 1007 2559 1078 qui
2587 1003 2935 1074 aegrotabant
2959 1020 2971 1067 ;
3003 999 3162 1053 valde
3193 997 3342 1051 enim
3386 995 3445 1048 in
3474 1009 3603 1048 eum

2013 1099 2350 1172 operabatur
2361 1097 2547 1168 gratia
2557 1095 2823 1148 adversus
2839 1090 3087 1161 spiritus.
3097 1089 3400 1156 Postquam
3413 1088 3603 1137 autem

2012 1191 2178 1260 longo
2196 1195 2450 1260 tempore
2471 1201 2581 1240 non
2604 1182 2832 1245 obediit,
2846 1180 3004 1233 valde
3023 1175 3361 1248 agitabatur.
3387 1173 3605 1228 Cadens

2009 1296 2139 1335 vero
2167 1280 2225 1333 in
2266 1278 2459 1331 limine
2501 1273 2669 1338 cellae,
2708 1272 2857 1325 foras
2898 1269 3067 1340 pedes
3110 1265 3314 1330 emisit,
3345 1267 3402 1316 et
3429 1261 3599 1315 dicit:

2010 1369 2238 1426 Trahite
2268 1373 2325 1422 et
2354 1365 2603 1430 vellite,o
2632 1362 2936 1425 daemones,
2973 1357 3020 1411 si
3047 1354 3302 1427 potestis.
3326 1353 3439 1422 Ego
3455 1349 3605 1404 enim

2010 1476 2124 1514 non
2145 1457 2282 1512 abeo
2315 1455 2454 1509 meis
2483 1451 2735 1525 pedibus,
2761 1451 2963 1520 jurans
2990 1445 3106 1499 fore
3130 1447 3195 1498 ut
3216 1445 3403 1513 jaceat
3429 1455 3608 1510 usque

2011 1548 2082 1602 ad
2111 1561 2423 1617 vesperam,
2449 1548 2505 1596 et
2524 1541 2634 1595 nisi
2659 1555 2787 1594 eum
2819 1535 3120 1598 excutiant,
3155 1547 3268 1585 non
3299 1545 3421 1583 esse
3451 1527 3608 1582 audi-

2010 1643 2222 1693 turum.
2249 1637 2391 1690 Cum
2420 1639 2609 1687 autem
2629 1631 2725 1684 diu
2752 1626 3159 1700 procubuisset,
3184 1621 3453 1681 surrexit;
3478 1636 3607 1674 cum

2013 1744 2118 1782 nox
2141 1731 2331 1780 autem
2350 1719 2784 1782 adventasset,ei
2805 1733 3000 1782 rursus
3017 1713 3278 1769 exibuere
3292 1710 3601 1780 negotium.

321 1839 457 1877 νθτο
484 1822 619 1876 die“
654 1840 665 1874 ⁵
694 1820 998 1875 Fomicans
1029 1833 1251 1872 sacrum
1281 1815 1500 1886 Peragit
1523 1811 1921 1876 ministerium,
1939 1815 1989 1876 B
2015 1817 2082 1870 Et
2094 1831 2220 1870 cum
2244 1815 2483 1867 duorum
2505 1808 2823 1864 modiorum
2844 1809 3094 1876 sportam
3114 1800 3398 1871 implesset
3411 1813 3602 1861 arena,

323 1918 384 1966 et
411 1911 538 1965 ideo
566 1908 892 1978 castigatur.
926 1908 1088 1961 Nunc
1111 1922 1244 1976 ergo
1265 1905 1311 1959 si
1333 1910 1484 1958 metu
1513 1902 1749 1957 desistat
1775 1899 1844 1953 ab
1860 1915 1924 1954 eo

325 2001 477 2073 quod
495 2015 667 2054 ausus
696 2004 783 2052 est
805 1997 984 2051 facere
1013 2012 1114 2067 per
1138 1998 1541 2064 contemptum,
1574 1992 1723 2046 Deus
1742 1989 1928 2060 ipsum

325 2089 565 2145 curabit.
588 2089 894 2158 Postquam
919 2101 1052 2155 ergo
1083 2084 1197 2138 dixi
1222 2083 1273 2137 ei
1301 2083 1396 2153 qui
1425 2080 1802 2151 amigebatur,
1827 2080 1926 2148 ju-

325 2177 634 2248 rejurando
665 2181 752 2231 est
779 2173 1060 2246 pollicitus
1103 2189 1163 2226 se
1192 2188 1305 2226 non
1351 2169 1592 2240 amplius
1621 2166 1924 2222 sacerdotis

324 2271 517 2338 partes
547 2263 852 2318 obiturum.
904 2263 1058 2316 Tunc
1097 2276 1225 2314 eum
1275 2258 1510 2328 accepit,
1543 2262 1601 2311 et
1636 2255 1777 2309 dixit
1821 2254 1872 2308 ei
1908 2271 1920 2311 :

327 2353 599 2409 Credisne
648 2367 768 2406 esse
799 2352 977 2405 Deum
1008 2366 1173 2420 quem
1218 2347 1358 2402 nihil
1395 2346 1563 2400 latet?
1604 2343 1927 2415 Respondet

327 2444 421 2498 ille
469 2462 480 2496 :
532 2441 795 2507 Maxime,
829 2456 965 2510 rogo
1002 2444 1078 2493 te.
1109 2437 1323 2493 Deinde
1353 2436 1403 2490 ei
1433 2435 1568 2489 dicit
1597 2433 1875 2488 Macarius
1909 2450 1920 2485 :

329 2534 455 2588 Non
469 2530 702 2602 potuisti
716 2531 830 2583 Deo
852 2529 1086 2582 illudere
1112 2527 1135 2580 ?
1157 2526 1302 2580 Dicit
1329 2525 1424 2578 ille
1449 2544 1459 2578 :
1495 2526 1620 2578 Non
1649 2521 1929 2594 potui,do-

328 2622 481 2676 mine
495 2620 594 2674 mi.
614 2618 760 2673 Dicit
783 2618 835 2671 ei
847 2616 1123 2672 Macarius
1143 2633 1153 2668 :
1176 2614 1234 2670 Si
1260 2613 1514 2684 agnoscis
1539 2619 1700 2667 tuum
1731 2627 1928 2682 pecca-

332 2718 478 2778 tum,
502 2716 560 2764 et
578 2709 680 2763 Dei
716 2707 1066 2778 disciplinam
1097 2709 1327 2776 propter
1356 2719 1525 2774 quam
1553 2703 1670 2756 haec
1692 2699 1930 2766 subiisti,

332 2799 638 2868 corrigitor
657 2797 716 2851 in
736 2801 1043 2868 posterum.
1064 2793 1170 2857 Qui
1195 2791 1479 2847 confessus
1508 2795 1594 2844 est
1621 2793 1934 2861 peccatum,

333 2895 391 2943 et
412 2886 716 2960 spopondit
753 2902 812 2939 se
843 2901 955 2938 non
985 2882 1226 2954 amplius
1251 2886 1826 2953 peccaturum,neque
1854 2878 1937 2930 al-

331 2977 444 3032 tari
475 2976 948 3040 ministraturum,
966 2972 1064 3026 sed
1080 2977 1292 3025 sortem
1311 2969 1508 3024 laicam
1526 2968 1933 3038 amplexurum.

328 3066 547 3122 Deinde
576 3066 656 3120 sic
683 3070 907 3118 sanctus
936 3063 987 3117 ei
1003 3077 1204 3115 manus
1231 3059 1582 3131 imposuit,et
1596 3057 1788 3128 paucis
1818 3055 1934 3109 die-

2009 1909 2066 1958 et
2089 1901 2448 1974 imposuisset
2476 1897 2744 1962 humeris,
2767 1891 3106 1966 pervadebat
3133 1893 3309 1944 totam
3343 1885 3604 1940 solitudi-

2009 2009 2154 2048 nem.
2182 1990 2325 2045 Huic
2338 1987 2580 2042 occurrit
2600 1983 2944 2039 Theosebius
2960 1981 3481 2047 Cosmetor,generc
3497 1975 3612 2027 An-

2011 2081 2321 2145 tiochenus,
2345 2083 2403 2132 et
2421 2077 2472 2130 ei
2497 2075 2632 2129 dicit
2655 2092 2666 2126 :
2699 2071 2842 2138 Quid
2865 2075 3075 2142 portas,
3096 2065 3274 2121 abba?
3301 2063 3447 2118 Cede
3469 2060 3608 2115 mihi

2009 2187 2173 2233 onus,
2208 2175 2266 2223 et
2285 2185 2354 2222 ne
2379 2165 2608 2220 vexeris.
2649 2163 2749 2217 Ille
2769 2165 2960 2215 autem
2991 2157 3163 2212 dixit:
3191 2156 3338 2209 Vexo
3359 2169 3488 2207 eum
3512 2149 3608 2222 qui

2010 2277 2100 2314 me
2132 2263 2318 2324 ’τπῦ
2333 2260 2521 2321 vexat;
2547 2269 2678 2308 nam
2700 2267 2828 2305 cum
2848 2250 2954 2304 sim
2984 2247 3258 2302 remissus
3281 2243 3602 2312 etignavus,

2010 2347 2262 2419 suggerit
2279 2345 2417 2400 mihi
2445 2341 2942 2416 peregrinationes.
2965 2339 3108 2392 Cum
3142 2339 3332 2389 autem
3367 2331 3462 2385 diu
3483 2345 3608 2401 pro-

2008 2439 2292 2502 movisset,
2320 2435 2606 2505 ingressus
2637 2438 2721 2486 est
2757 2430 2954 2485 cellam
2979 2425 3219 2482 contrito
3247 2437 3498 2494 corpore.

2081 2529 2099 2563 ¹
2125 2525 2391 2581 Narravit
2419 2529 2611 2578 autem
2660 2520 2820 2576 nobis
2853 2517 2959 2586 (52)
2990 2515 3092 2570 Dei
3144 2529 3368 2585 quoque
3418 2528 3610 2566 servus

2017 2615 2388 2689 Paphnutius;
2413 2611 2664 2684 praeclari
2692 2611 2861 2680 hujus
2889 2605 3069 2660 sancti
3099 2603 3424 2674 discipulus,
3465 2600 3616 2672 quod

2017 2722 2144 2761 cum
2174 2704 2415 2775 quodam
2447 2702 2538 2756 die
2566 2700 2791 2755 sederet
2817 2698 2875 2752 in
2898 2697 3029 2750 aula
3066 2697 3293 2748 sanctus
3313 2690 3610 2756 Macarius,

2019 2802 2077 2852 et
2104 2797 2282 2850 Deum
2305 2795 2703 2864 alloqueretur,
2738 2790 2937 2860 hyaena
2961 2789 3250 2855 acceptum
3280 2797 3444 2836 suum
3465 2785 3617 2834 catu-

2021 2886 2158 2949 lum,
2193 2884 2288 2954 qui
2314 2887 2436 2936 erat
2453 2896 2649 2946 caecus,
2683 2877 2875 2932 attulit
2898 2876 2969 2930 ad
2997 2879 3254 2929 sanctum
3271 2870 3612 2937 Macarium;

2019 2979 2077 3028 et
2105 2990 2235 3028 cum
2262 2972 2443 3043 capite
2473 2971 2754 3041 pulsasset
2781 2966 2987 3022 ostium
3023 2965 3184 3028 aulm,
3225 2962 3481 3032 ingressa
3509 2964 3610 3024 est,

2020 3078 2085 3115 eo
2116 3061 2300 3114 adhuc
2329 3059 2577 3123 sedente,
2601 3061 2658 3110 et
2680 3054 2916 3126 projecit
2928 3053 3176 3106 catulum
3187 3049 3258 3102 ad
3279 3049 3402 3118 ejus
3423 3047 3610 3118 pedes.

331 3156 440 3211 bus
467 3155 574 3209 fllit
619 3159 866 3218 curatus,
902 3151 1199 3222 capillique
1255 3149 1306 3202 ei
1356 3152 1654 3202 creV'eI‘unt
1679 3151 1735 3200 et
1764 3161 1934 3199 sanus
1950 3129 1994 3189 θ’
2017 3152 2159 3206 Cum
2181 3155 2374 3204 autem
2402 3146 2707 3216 accepisset
2729 3143 2980 3197 catulum
3003 3143 3230 3194 sanctus
3253 3136 3616 3199 Macarius,et

334 3247 569 3300 domum
595 3243 760 3298 rediit
780 3243 961 3296 Deum
979 3240 1300 3310 gloriﬁcans
1327 3257 1339 3305 ;
1365 3237 1482 3308 egit
1510 3241 1700 3291 autem
1727 3250 1932 3305 magno

337 3345 562 3401 quoque
595 3327 832 3383 Macario
857 3325 1088 3396 gratias.

408 3418 515 3473 Hic
532 3421 758 3472 sanctus
786 3414 1028 3469 habebat
1046 3413 1293 3467 diversas
1313 3411 1480 3466 cellas
1496 3430 1508 3478 ;
1522 3427 1693 3465 unam
1710 3408 1938 3480 quidem

337 3509 397 3562 in
428 3507 610 3573 Scete,
637 3521 760 3576 quae
786 3509 870 3558 est
889 3501 1137 3557 interior
1166 3502 1224 3555 in
1253 3500 1576 3567 solitudine,
1605 3504 1663 3554 et
1685 3515 1855 3553 unam
1881 3498 1940 3552 in

336 3596 534 3668 Libya,
571 3600 628 3649 et
650 3610 823 3649 unam
843 3593 901 3646 in
922 3590 1128 3656 Celliis,
1145 3596 1201 3644 et
1226 3607 1397 3644 unam
1427 3589 1486 3643 in
1511 3594 1701 3643 monte
1721 3587 1934 3642 Nitrim.

338 3687 408 3740 Et
434 3685 558 3739 alia:
581 3684 808 3756 quidem
838 3679 1106 3736 carebant
1135 3680 1297 3745 ostio,
1332 3680 1390 3733 in
1421 3678 1622 3749 quibus
1651 3676 1942 3732 dicebatur

338 3777 538 3830 sedere
567 3775 625 3829 in
655 3774 1090 3846 quadragesima
1117 3773 1175 3826 in
1192 3770 1456 3836 tenebris,
1477 3770 1588 3824 alia
1609 3774 1800 3823 autem
1819 3773 1942 3822 erat

341 3865 656 3936 angustior,
675 3865 733 3918 in
755 3880 866 3934 qua
881 3879 994 3917 non
1013 3866 1237 3933 poterat
1255 3861 1454 3932 pedem
1475 3859 1800 3923 extendere;
1830 3857 1941 3912 alia

343 3961 537 4009 autem
567 3953 752 4020 latior,
792 3953 850 4007 in
877 3969 990 4023 qua
1023 3949 1386 4005 conveniebat
1409 3965 1502 4002 eos
1529 3948 1626 4018 qui
1653 3947 1726 4001 ad
1753 3947 1939 4018 ipsum

344 4041 714 4099 ventitabant.

416 4133 523 4188 Hic
539 4133 754 4188 curavit
778 4136 996 4186 tantam
1026 4129 1448 4185 multitudinem
1462 4143 1656 4183 eorum
1671 4126 1766 4198 qui
1777 4142 1943 4180 vexa--

341 4223 550 4277 bantur
577 4239 611 4276 a
638 4221 1003 4282 daemonibus,
1031 4225 1096 4274 ut
1125 4236 1192 4274 ea
1213 4235 1326 4273 non
1359 4217 1521 4272 cadat
1537 4217 1596 4270 in
1613 4231 1942 4270 numerum.

342 4313 486 4368 Cum
515 4328 617 4366 nos
647 4317 835 4366 autem
856 4310 970 4364 illic
996 4326 1264 4374 essemus,
1297 4309 1452 4378 virgo
1474 4305 1676 4361 nobilis
1712 4311 1769 4359 et
1792 4304 1943 4358 dives

343 4403 586 4457 deducta
601 4406 686 4455 est
699 4401 768 4455 ad
785 4417 913 4454 eum
930 4416 960 4452 e
979 4398 1376 4453 Thessalonica
1395 4398 1454 4450 in
1476 4395 1678 4450 ﬁnibus
1693 4394 1940 4460 Achaiae,

2019 3239 2264 3311 spuisset
2290 3238 2348 3291 in
2379 3239 2500 3306 ejus
2543 3234 2753 3298 oculos,
2796 3230 2995 3296 oravit,
3030 3234 3088 3283 et
3123 3227 3314 3281 statim
3357 3226 3512 3280 vidit.
3543 3224 3617 3280 Et

2019 3345 2146 3384 cum
2199 3333 2383 3382 mater
2422 3341 2552 3380 eum
2589 3324 2853 3378 lactasset
2896 3324 2954 3374 et
2995 3317 3316 3389 accepisset,
3351 3315 3432 3369 ita
3460 3315 3612 3370 exiit.

2019 3418 2122 3473 Die
2151 3423 2340 3472 autem
2372 3412 2627 3484 sequenti
2667 3411 2871 3482 pellem
2914 3424 3132 3479 magnae
3171 3406 3286 3460 ovis
3324 3404 3518 3458 attulit
3544 3403 3615 3457 ad

2021 3514 2276 3562 sanctum
2289 3503 2596 3560 Macarium
2618 3519 2631 3568 ;
2667 3505 2724 3554 et
2743 3515 2870 3554 cum
2893 3502 3118 3552 sanctus
3137 3495 3368 3549 vidisset
3389 3493 3612 3564 pellem,

2021 3597 2140 3651 haec
2169 3596 2310 3650 dixit
2354 3594 2563 3664 hyaenae
2597 3589 2928 3644 :Undenam
2979 3587 3124 3640 hanc
3160 3583 3470 3650 habuisses,
3509 3583 3618 3637 nisi

2021 3703 2181 3741 ovem
2211 3685 2448 3754 alicujus
2479 3678 2845 3734 devorasses?
2883 3676 3043 3741 Quod
3080 3691 3212 3744 ergo
3243 3672 3616 3745 proﬁciscitur

2021 3776 2091 3830 ab
2121 3775 2346 3845 injuria,
2380 3790 2481 3843 ego
2497 3788 2531 3824 a
2548 3776 2604 3825 te
2626 3786 2745 3823 non
2765 3765 2992 3838 accipio.
3016 3765 3229 3835 Hyaana
3248 3768 3438 3817 autem
3459 3759 3618 3815 humi

2020 3866 2288 3920 inclinato
2315 3863 2515 3934 capite,
2563 3875 2713 3931 genu
2743 3855 3002 3912 ﬂectebat
3031 3854 3101 3907 ad
3132 3853 3301 3924 pedes
3327 3850 3525 3915 sancti,
3562 3853 3620 3904 et

2022 3955 2265 4027 ponebat
2291 3953 2516 4025 pellem.
2539 3951 2664 4021 Ipse
2694 3952 2884 4002 autem
2911 3944 2963 3998 ei
2993 3943 3237 3997 dicebat:
3263 3941 3386 3996 Dixi
3399 3956 3488 3993 me
3505 3955 3617 3994 non

2023 4049 2402 4116 accepturum,
2428 4039 2538 4095 nisi
2564 4037 2841 4109 juraveris
2877 4040 2934 4088 te
2961 4050 3074 4088 non
3103 4031 3345 4103 amplius
3381 4030 3620 4085 offensu-

2026 4153 2146 4190 ram
2175 4148 2468 4205 pauperes,
2485 4127 2828 4184 comedenda
2854 4140 3050 4178 eorum
3075 4139 3228 4176 oves.
3261 4122 3362 4175 Illa
3389 4136 3520 4174 vero
3549 4119 3621 4174 ad

2024 4226 2130 4279 hoc
2159 4237 2380 4293 quoque
2401 4219 2584 4289 capite
2603 4233 2704 4271 suo
2725 4213 2942 4277 annuit,
2965 4217 3030 4266 ut
3061 4227 3182 4282 quae
3212 4214 3404 4264 sancto
3435 4224 3622 4262 assen-

2024 4314 2227 4369 tiretur
2255 4309 2523 4364 Macario.
2577 4307 2731 4360 Tunc
2786 4301 3000 4372 accepit
3050 4300 3252 4371 pellem
3283 4298 3353 4352 ab
3399 4298 3617 4368 hyaena.

2026 4400 2198 4454 Beata
2224 4401 2413 4450 autem
2444 4391 2652 4448 Christi
2691 4389 2897 4444 ancilla
2938 4385 3182 4442 Melania
3210 4384 3350 4438 dixit
3367 4382 3527 4447 mihi,
3561 4398 3622 4437 se

346 4507 472 4562 qua:
488 4489 679 4544 multis
694 4489 856 4543 annis
868 4488 1150 4543 laborarat
1162 4486 1733 4559 paralysi.Hancante
1746 4484 1943 4538 cellam
1963 4481 2178 4542 Dillam
2209 4486 2412 4558 pellem
2438 4481 2712 4552 accepisse
2729 4496 2761 4532 a
2787 4476 3030 4532 Macario
3059 4475 3174 4541 illo,
3200 4473 3348 4545 quod
3379 4472 3624 4544 appella-

345 4596 505 4635 suam
528 4581 647 4651 proj
655 4585 854 4646 cctam,
871 4577 1256 4632 misericordia
1273 4580 1604 4638 commotus,
1617 4573 1815 4644 viginti
1835 4573 1947 4627 die-

341 4669 448 4724 bus
475 4685 694 4738 ungens
722 4669 843 4722 oleo
874 4673 1066 4722 sancto
1101 4667 1218 4721 suis
1249 4665 1526 4732 manibus,
1560 4669 1618 4718 et
1654 4681 1839 4730 orans,
1863 4681 1948 4718 sa-

345 4774 479 4812 nam
494 4758 714 4812 remisit
732 4758 791 4812 in
807 4775 967 4812 suam
987 4756 1431 4820 civitatem.Quae
1442 4772 1567 4809 cum
1585 4754 1819 4825 pedibus
1831 4753 1947 4808 suis

346 4848 690 4911 recessisset,
715 4848 782 4901 ad
809 4852 1033 4901 sanctos
1053 4847 1334 4916 copiosam
1347 4845 1500 4898 misit
1513 4843 1871 4898 oblationem.

418 4938 507 4992 Me
534 4943 725 4992 autem
747 4940 1018 5006 praesente
1040 4936 1312 4990 adductus
1334 4938 1419 4989 est
1438 4934 1510 4988 ad
1529 4950 1658 4987 eum
1679 4949 1820 5004 puer
1851 4932 1946 5004 qui

345 5027 653 5082 vexabatur
680 5043 716 5080 a
739 5027 958 5098 spiritu.
986 5026 1048 5079 Ei
1079 5031 1270 5079 autem
1308 5039 1540 5078 manum
1569 5023 1862 5093 imponens
1891 5022 1951 5076 in

349 5118 560 5189 capite,
589 5123 646 5171 et
674 5116 962 5170 sinistram
995 5131 1166 5186 supra
1193 5131 1306 5178 cor,
1338 5113 1535 5167 tandiu
1566 5112 1744 5166 oravit
1773 5112 1952 5166 donec

347 5208 575 5262 fecisset
599 5206 786 5276 ipsum
816 5205 1060 5276 pendere
1091 5204 1151 5257 in
1180 5220 1328 5258 aere.
1362 5205 1652 5274 Tanquam
1674 5207 1800 5257 uter
1817 5218 1949 5272 ergo

350 5313 494 5369 puer
509 5297 760 5359 inﬂatus,
781 5294 1220 5360 adeointumuit,
1244 5299 1306 5348 ut
1327 5299 1476 5348 esset
1497 5292 1726 5347 maximi
1749 5291 1953 5363 ponde-

348 5386 452 5442 ris.
481 5385 556 5440 Et
581 5401 710 5439 cum
744 5389 974 5454 repente
993 5384 1377 5448 exclamasset,
1407 5399 1509 5454 per
1533 5399 1726 5437 omnes
1754 5400 1951 5438 sensus

354 5492 561 5547 aquam
577 5474 794 5542 emisit;
815 5479 872 5528 et
888 5489 1019 5528 cum
1043 5489 1239 5527 rursus
1261 5472 1534 5538 desiisset,
1555 5473 1722 5527 rediit
1733 5474 1805 5528 ad
1827 5490 1952 5529 eam

351 5567 413 5622 in
443 5581 557 5637 qua
578 5563 734 5636 prius
762 5568 886 5618 erat
909 5579 1252 5618 mensuram.
1277 5564 1346 5618 Et
1371 5562 1606 5619 tradidit
1634 5580 1763 5618 eum
1789 5566 1952 5637 patri,

432 5692 448 5728 ¹
485 5691 809 5747 Heraclides
838 5691 954 5747 haec
980 5691 1049 5746 de
1080 5689 1285 5745 Marco.

2026 4579 2192 4632 batur
2211 4591 2416 4630 munus
2437 4574 2666 4644 hyaenae.
2683 4568 2828 4634 Quid
2856 4583 2986 4622 vero
3016 4564 3221 4619 mirum
3254 4568 3341 4618 est
3369 4562 3517 4634 apud
3544 4560 3622 4614 vi-

2029 4683 2124 4722 ros
2153 4665 2362 4720 mundo
2393 4661 2703 4726 cruciﬁxos,
2731 4659 2779 4712 si
2804 4658 3004 4728 hyaana
3025 4654 3296 4709 beneﬁcio
3319 4653 3533 4716 affecta,
3552 4650 3624 4705 ad

2028 4755 2129 4811 Dei
2152 4751 2409 4825 gloriam,
2433 4755 2490 4804 et
2517 4751 2790 4804 honorem
2822 4760 3108 4800 servorum
3139 4741 3352 4812 ejus,id
3375 4740 3624 4794 sentiens

2031 4845 2102 4899 ad
2133 4859 2261 4898 eum
2293 4857 2532 4896 munera
2555 4834 2844 4892 attulerit?
2873 4850 3005 4888 nam
3035 4831 3131 4904 qui
3160 4831 3218 4885 in
3244 4830 3474 4885 Daniele
3504 4843 3631 4900 pro-

2031 4935 2202 5006 pheta
2241 4928 2606 4985 mansuefecit
2632 4928 2841 4991 leones,
2873 4923 3004 4977 huic
3032 4937 3254 4993 quoque
3282 4920 3492 4992 hyaenae
3521 4919 3631 4974 lar-

2030 5023 2182 5095 gitus
2211 5026 2295 5075 est
2325 5017 2776 5090 intelligentiam.

2102 5113 2182 5167 De
2214 5127 2279 5165 eo
2309 5117 2499 5164 autem
2528 5108 2740 5162 dictum
2770 5108 2857 5158 est
2884 5102 3033 5174 quod
3076 5117 3140 5155 ex
3172 5117 3282 5172 quo
3311 5099 3418 5154 fuit
3444 5099 3628 5171 bapti-

2032 5207 2205 5266 zatus,
2236 5199 2393 5254 humi
2423 5215 2536 5253 non
2564 5195 2800 5267 spuerit,
2821 5209 2948 5247 cum
2979 5196 3167 5246 essent
3184 5189 3473 5261 sexaginta
3497 5187 3631 5243 anni

2033 5309 2098 5347 ex
2126 5307 2236 5362 quo
2279 5291 2465 5344 fuerat
2493 5286 2826 5358 baptizatus.
2872 5283 3064 5336 Annos
3105 5281 3256 5336 enim
3293 5284 3460 5334 natus
3491 5294 3633 5349 qua-

2033 5384 2294 5455 draginta
2319 5377 2659 5450 baptismum
2687 5379 3034 5447 susceperat.

2109 5475 2314 5529 Forma
2339 5473 2526 5524 autem
2558 5468 2683 5538 ejus
2713 5471 2836 5522 erat
2861 5463 3186 5536 hujusmodi
3209 5481 3219 5516 :
3242 5463 3462 5532 oportet
3481 5456 3632 5512 enim

2037 5580 2128 5620 me
2157 5577 2377 5634 quoque
2398 5559 2500 5614 tibi
2521 5559 2628 5613 hoc
2648 5557 2992 5628 signiﬁcare,
3017 5553 3224 5610 Christi
3252 5565 3429 5616 serve,
3453 5553 3519 5604 ut
3539 5547 3636 5618 qui
