4008 6210
408 335 549 394 1119

1483 334 1579 390 DE
1614 334 1804 392 VITIS
1841 328 2138 391 PATRUM
2175 332 2391 390 LIBER
2424 332 2577 390 VIII.

3547 335 3689 395 1120

405 465 514 519 hoc
541 462 713 519 sciam
737 463 963 535 optime,
985 477 1110 516 cum
1145 477 1273 516 mea
1304 459 1550 532 parvitas
1579 460 1631 515 ei
1656 460 1829 516 fuerit
1854 466 2002 515 tem-
2018 462 2070 521 Α
2096 463 2282 524 τω
2310 464 2369 513 et
2394 457 2649 512 vindictae
2676 457 2879 529 cupido
2904 458 3092 514 animo
3132 465 3257 515 erat
3283 461 3340 515 in
3371 465 3682 532 pastorem,

408 569 544 625 pore
564 552 791 624 aequalis
806 597 818 609 .
842 551 982 606 Erat
994 556 1182 606 autem
1201 551 1323 620 ejus
1347 550 1525 604 forma
1541 551 1678 605 satis
1707 550 1927 606 minuta
1938 566 2005 604 ac

408 642 611 697 mutila
647 646 705 696 et
735 657 887 709 rara,
918 640 1060 712 pilos
1091 640 1270 694 solum
1300 639 1514 693 habens
1540 639 1600 693 in
1639 638 1814 693 labro.
1855 639 2004 703 Quin

405 731 578 786 etiam
604 730 665 784 in
695 745 964 801 suprema
992 734 1152 801 parte
1176 727 1421 782 habebat
1439 744 1667 799 paucos.
1701 729 1847 783 Nam
1878 744 2003 799 pro-

406 824 534 892 pter
558 819 817 890 ingentes
838 818 1061 874 labores
1088 817 1526 885 exercitationis,
1559 834 1631 872 ne
1660 817 1760 889 pili
1779 817 2005 889 quidem

407 908 584 963 menti
617 907 803 964 barbae
830 908 884 963 ei
911 908 1063 963 enati
1095 911 1246 962 sunt.
1930 898 1954 937 ‘

477 998 565 1052 Ad
592 998 743 1054 hunc
764 1003 1019 1053 sanctum
1048 996 1361 1052 Macarium
1383 1012 1510 1050 cum
1532 997 1774 1067 quodam
1803 996 1894 1051 die
1916 1012 2006 1050 ve-

408 1086 638 1155 nissem,
663 1093 721 1142 et
739 1103 920 1143 essem
936 1086 1126 1142 animo
1146 1086 1304 1140 valde
1318 1085 1663 1150 anxius,dico
1681 1086 1763 1140 illi
1793 1105 1805 1139 :
1844 1085 2006 1142 Abba

409 1174 644 1243 Macari,
660 1175 795 1247 quid
810 1175 1031 1243 faciam,
1047 1175 1309 1246 quoniam
1330 1190 1421 1227 me
1442 1174 1702 1245 afﬂigunt
1718 1174 2008 1246 cogitatio-

408 1280 527 1332 nes,
573 1265 714 1319 mihi
743 1264 991 1320 dicentes
1034 1282 1045 1317 :
1090 1263 1244 1318 Nihil
1285 1262 1438 1328 facis,
1469 1264 1665 1318 recede
1709 1263 1858 1318 hinc.
1893 1264 2005 1319 Re-

406 1353 646 1425 spondet
665 1354 802 1408 mihi
827 1353 1017 1408 dicens
1036 1357 1262 1407 sanctus
1288 1353 1457 1406 Pater
1480 1352 1759 1407 Macarius
1789 1371 1801 1407 :
1825 1352 1924 1408 Dic
1942 1358 2005 1407 tu

405 1443 523 1499 tuis
549 1442 981 1514 cogitationibus
1015 1460 1027 1496 :
1055 1442 1292 1514 Propter
1318 1440 1606 1497 Christum
1630 1443 1884 1498 custodio
1910 1460 2007 1515 pa-

407 1531 598 1588 rietes.

480 1621 627 1689 Hazc,
656 1637 688 1676 o
719 1620 967 1675 studicse
989 1625 1048 1675 et
1078 1618 1461 1675 amantissime
1498 1620 1710 1675 Christi
1738 1637 1915 1689 serve,
1938 1638 2005 1676 ex

407 1709 601 1763 multis
638 1714 697 1764 et
737 1709 957 1781 magnis
982 1709 1158 1779 signis
1188 1713 1245 1763 et
1271 1708 1669 1764 certaminibus
1706 1710 1899 1782 inclyti
1946 1716 2004 1765 et

403 1796 611 1852 virtute
636 1797 857 1869 praediti
891 1797 1113 1853 Macarii
1139 1796 1469 1867 signiﬁcavi.

478 1884 583 1941 Hic
601 1886 880 1942 Macarius
898 1886 1059 1941 nobis
1079 1886 1328 1940 narravit
1357 1888 1505 1955 (erat
1523 1886 1671 1941 enim
1690 1886 2000 1959 presbyter)

406 1989 469 2030 se
491 1974 814 2031 observasse
839 1981 1094 2047 tempore
1135 1976 1543 2030 communionis
1575 1976 1784 2031 Christi
1816 1993 2000 2032 sacra-

402 2069 747 2131 mentorum,
779 2081 838 2119 se
867 2064 1053 2119 Marco
1082 2064 1433 2119 exercitatori
1466 2081 1758 2137 nunquam
1778 2067 2002 2121 dedisse

403 2150 761 2221 oblationem,
800 2154 899 2209 sed
938 2154 987 2208 ei
1026 2154 1289 2225 angelum
1316 2153 1537 2209 dedisse
1560 2171 1631 2209 ex
1659 2171 1789 2222 ara;
1819 2156 2004 2211 solum

408 2246 602 2298 autem
631 2259 693 2298 se
715 2242 919 2298 vidisse
957 2243 1197 2313 digitum
1233 2259 1436 2299 manus
1463 2245 1586 2315 ejus
1615 2245 1712 2315 qui
1740 2244 1929 2299 dabat.

1001 2368 1235 2423 CAPUT
1262 2368 1408 2422 XXI.

840 2495 957 2549 Vita
986 2495 1197 2548 abbatis
1235 2495 1413 2548 Marci
1442 2491 1573 2566 (53).

479 2600 620 2656 Cum
651 2605 799 2656 esset
817 2604 1006 2655 autem
1036 2600 1128 2655 hic
1154 2599 1380 2655 Marcus
1403 2600 1616 2671 junior,
1646 2598 1867 2655 dicebat
1891 2616 2006 2655 me-

2086 550 2183 621 qui
2193 549 2263 603 ad
2282 564 2402 603 rem
2428 548 2676 619 aliquam
2695 548 3029 619 patrandam
3049 550 3204 605 eunti
3220 549 3326 605 sibi
3353 550 3541 607 fuerat
3557 568 3693 607 cum

2086 638 2318 693 canibus
2348 637 2467 692 suis
2511 637 2934 709 impedimento.
2966 639 3146 703 Quem
3189 656 3313 693 cum
3345 640 3514 695 vellet
3544 642 3693 696 occi-

2088 728 2238 789 dere,
2264 726 2454 781 obibat
2481 727 2663 781 locum
2697 727 2756 781 in
2789 743 2899 798 quo
2930 729 3052 798 ejus
3081 744 3210 783 oves
3259 728 3547 784 habebant
3570 737 3693 785 sta-

2088 817 2320 881 tionem,
2350 816 2402 871 ei
2429 823 2620 871 autem
2648 817 3026 886 signiﬁcatum
3056 823 3142 872 est
3160 818 3347 888 ipsum
3377 834 3507 874 esse
3530 825 3693 874 trans

2087 902 2303 957 Nilum.
2338 902 2413 956 Et'
2436 917 2565 955 cum
2592 901 2793 955 ﬂuvius
2812 901 2909 956 illo
2927 906 3179 973 tempore
3198 902 3525 969 inundaret,
3548 903 3695 958 etad

2086 990 2240 1045 mille
2268 1006 2468 1062 passus
2484 996 2704 1061 pateret
2721 990 3234 1057 latitudine,ensem
3259 997 3454 1046 tenens
3473 992 3696 1047 mordi-

2087 1096 2203 1145 cus,
2227 1084 2285 1133 et
2308 1079 2558 1134 tunicam
2585 1096 2696 1150 qua
2718 1085 2841 1133 erat
2868 1079 3102 1134 indutus
3128 1080 3425 1152 imponens
3453 1098 3559 1136 suo
3596 1099 3695 1135 ca-

2087 1167 2212 1241 piti,
2245 1168 2490 1222 natando
2538 1169 2620 1222 sic
2655 1168 2971 1223 transmisit
2998 1168 3250 1224 ﬂuvium.
3298 1170 3447 1224 Dum
3493 1175 3695 1225 autem

2088 1257 2680 1328 transnataret,potuit
2705 1261 2899 1329 pastor
2922 1275 2984 1312 se
3005 1258 3344 1313 abscondere
3364 1258 3573 1313 alicubi
3603 1259 3692 1314 in-

2086 1345 2329 1403 fodiens.
2351 1346 2494 1400 Cum
2523 1362 2655 1417 ergo
2676 1346 2861 1418 Moysi
2892 1351 3136 1419 coeptum
3163 1364 3277 1401 non
3305 1348 3691 1415 successisset,

2089 1435 2283 1490 occisis
2304 1440 2547 1507 quatuor
2569 1436 2811 1506 egregiis
2839 1435 3132 1503 arietibus,
3155 1442 3214 1491 et
3240 1436 3372 1491 fune
3387 1437 3686 1508 colligatis,

2086 1524 2279 1580 Nilum
2308 1541 2504 1579 rursus
2526 1525 2801 1593 tranavit;
2827 1531 2885 1580 et
2910 1542 3038 1580 cum
3054 1525 3112 1579 in
3132 1542 3361 1597 parvam
3382 1527 3692 1597 quamdam

2085 1614 2275 1669 villam
2298 1614 2862 1681 venisset,excoriavit
2882 1615 3111 1681 arietes;
3142 1620 3201 1669 et
3225 1631 3351 1669 cum
3379 1632 3505 1686 quae
3524 1622 3693 1670 erant
3707 1665 3721 1677 ,

2084 1704 2274 1759 carnis
2302 1704 2517 1775 optima
2543 1704 2895 1771 comedisset,
2927 1709 2985 1758 et
3007 1704 3181 1775 pelles
3207 1720 3310 1775 pro
3336 1704 3466 1759 vino
3493 1705 3692 1760 vendi-

2022 1793 2276 1880 Bdisset,
2309 1809 2436 1848 cum
2475 1795 2676 1847 saltem
2724 1793 3050 1848 Italicorum
3098 1793 3320 1847 circiter
3372 1793 3690 1848 octodecim

2089 1881 2193 1954 (55)
2230 1882 2511 1949 ebibisset,
2570 1883 2725 1937 illinc
2770 1883 2842 1936 ad
2874 1882 3285 1953 quinquaginta
3309 1881 3579 1937 milliaria
3603 1888 3691 1938 est

2086 1972 2387 2044 profectus,
2417 1971 2514 2027 ubi
2542 1971 2787 2026 habebat
2812 1971 3130 2042 collegium.

2156 2061 2261 2116 Hic
2287 2061 2545 2132 princeps
2590 2062 2870 2116 latronum
2901 2077 3030 2115 sero
3058 2061 3288 2115 tandem
3327 2076 3459 2114 casu
3495 2058 3687 2129 aliquo

2087 2150 2183 2221 qui
2211 2151 2263 2204 ei
2292 2151 2571 2205 acciderat
2590 2155 2977 2221 compunctus,
3013 2150 3250 2204 tradidit
3276 2150 3529 2221 seipsum
3563 2164 3686 2201 mo-

2085 2239 2364 2306 nasterio;
2400 2245 2456 2294 et
2475 2240 2545 2294 ad
2558 2245 2775 2294 tantam
2796 2240 3068 2312 processit
3090 2239 3684 2312 pcenitentiam,quan—

2084 2332 2202 2383 tam
2232 2344 2323 2383 res
2337 2328 2473 2400 ipsae
2486 2328 2825 2383 indicarunt.
2845 2330 3002 2384 Inter
3027 2334 3231 2384 caetera
3247 2332 3439 2383 autem
3454 2326 3680 2391 dicitur,

2086 2417 2235 2489 quod
2252 2434 2385 2472 cum
2406 2423 2650 2490 quatuor
2676 2418 2923 2473 latrones
2939 2418 2998 2473 in
3012 2434 3142 2473 eum
3161 2418 3220 2471 in
3240 2417 3381 2471 cella
3389 2415 3685 2470 sedentem

2087 2506 2406 2576 irruissent,
2447 2508 2775 2578 ignorantes
2823 2524 2952 2562 eum
3000 2523 3123 2562 esse
3173 2507 3452 2578 Moysem,
3481 2504 3685 2559 beatus

2086 2595 2306 2667 Moyses
2317 2613 2411 2651 eos
2420 2602 2689 2668 tanquam
2702 2613 2925 2652 saccum
2936 2597 3110 2668 paleae
3121 2596 3409 2666 ligatos,et
3425 2595 3683 2649 humens

408 2688 829 2745 moriterVetus
846 2694 903 2744 et
919 2690 1138 2744 Novum
1158 2689 1602 2754 Testamentum,
1619 2693 1851 2760 eratque
1869 2688 2004 2743 insi-
2084 2683 2370 2756 imposuit;
2403 2691 2460 2740 et
2488 2686 2557 2740 ad
2587 2688 2825 2741 fratrum
2846 2686 3091 2757 portavit
3116 2685 3426 2749 ecclesiam,
3451 2683 3677 2738 dicens:

405 2777 596 2849 gniter
610 2778 784 2844 mitis,
808 2784 865 2833 et
880 2795 1101 2833 summe
1119 2783 1456 2850 temperans.
1475 2778 1728 2843 Quodam
1757 2794 1892 2849 ergo
1912 2778 2002 2833 die
2084 2772 2363 2837 Quoniam
2389 2792 2503 2830 non
2530 2776 2663 2830 licet
2690 2775 2830 2830 mihi
2855 2775 3022 2829 alicui
3058 2775 3240 2829 facere
3268 2773 3562 2844 injuriam,
3594 2773 3683 2825 in-

406 2884 532 2922 cum
561 2868 700 2923 satis
715 2867 814 2922 otii
832 2867 1098 2922 haberem
1121 2868 1178 2922 in
1199 2868 1341 2922 cella
1360 2884 1506 2933 mea,
1528 2868 1588 2922 in
1608 2873 1857 2923 extrema
1879 2869 2001 2938 jam
2082 2863 2207 2916 veni
2238 2867 2428 2918 autem
2457 2880 2553 2919 eos
2590 2881 2679 2919 me
2724 2878 3040 2935 aggressos,
3082 2862 3215 2933 quid
3243 2862 3313 2916 de
3359 2861 3428 2915 iis
3467 2859 3684 2930 jubetis

408 2956 531 3027 ejus
577 2962 864 3012 senectute
911 2957 979 3012 ad
1028 2973 1156 3012 eum
1193 2956 1374 3023 venio,
1410 2962 1468 3010 et
1492 2956 1634 3010 ostio
1682 2957 1807 3026 ejus
1847 2956 1999 3010 cellae
2083 2951 2241 3005 ﬁeri?
2263 2952 2381 3007 Hoc
2400 2953 2566 3008 modo
2584 2958 2778 3007 autem
2797 2952 3187 3024 comprehensi
3207 2955 3449 3005 asancto
3462 2950 3681 3021 Moyse,

403 3045 642 3101 assideo.
676 3047 855 3111 Quem
885 3062 1007 3117 ego,
1040 3049 1236 3118 utpote
1264 3045 1359 3116 qui
1402 3061 1581 3100 essem
1604 3045 1788 3099 adhuc
1818 3044 1993 3112 rudis,
2080 3039 2197 3095 Deo
2246 3042 2483 3096 confessi
2518 3048 2669 3097 sunt.
2706 3043 2775 3097 Et
2815 3058 2944 3096 cum
2972 3041 3362 3112 cognovissent
3388 3055 3521 3093 eum
3557 3055 3683 3093 esse

409 3134 797 3190 existimabam
823 3152 944 3189 esse
968 3152 1138 3207 supra
1161 3135 1467 3201 hominem,
1490 3135 1635 3189 sicut
1648 3139 1806 3201 erat;
1834 3139 1891 3188 et
1902 3149 2000 3189 au-
2016 3139 2059 3199 ί]
2081 3129 2331 3201 Moysem
2363 3132 2457 3202 qui
2486 3132 2593 3185 fuit
2620 3131 2924 3202 aliquando
2951 3130 3189 3199 insignis
3216 3129 3474 3201 princeps
3498 3129 3682 3183 latro-

404 3222 715 3279 scultabam
737 3223 1003 3296 quidnam
1022 3223 1233 3279 diceret
1251 3225 1336 3278 vel
1365 3224 1590 3278 faceret.
1617 3224 1671 3278 Is
1697 3227 1887 3284 autem
1916 3223 1999 3277 in-
2081 3235 2241 3288 num,
2261 3221 2546 3276 Christum
2577 3237 2642 3275 eo
2671 3220 2900 3275 nomine
2927 3220 3325 3291 gloriﬁcantes,
3352 3217 3435 3271 illi
3453 3233 3684 3288 quoque

402 3317 495 3368 tus
523 3314 694 3381 solus,
728 3328 857 3368 cum
882 3312 1003 3383 jam
1030 3317 1256 3367 centum
1288 3328 1466 3366 annos
1518 3311 1898 3382 transegisset,
1934 3316 1993 3365 et
2078 3314 2289 3369 mundo
2319 3309 2719 3365 renuntiarunt
2746 3313 2977 3381 propter
3011 3310 3135 3379 ejus
3174 3306 3589 3379 paenitentiam,
3622 3312 3685 3361 et

399 3401 597 3457 dentes
625 3401 928 3467 amisisset,
961 3417 1151 3456 secum
1184 3400 1471 3473 pugnabat
1505 3406 1563 3455 et
1589 3416 1715 3455 cum
1748 3400 1991 3467 diabolo,
2078 3405 2373 3458 evaserunt
2401 3398 2658 3454 monachi
2704 3397 3102 3469 probatissimi,
3130 3396 3210 3451 sic
3236 3395 3554 3466 cogitantes
3579 3413 3592 3447 :
3617 3396 3679 3450 Si

399 3496 456 3546 et
475 3491 694 3546 dicebat
717 3508 729 3544 :
755 3490 901 3556 Quid
920 3490 1001 3545 vis
1024 3490 1304 3562 deinceps,
1332 3489 1591 3561 κακόγηρε,
1629 3489 1686 3543 id
1710 3494 1813 3554 est,
1847 3490 1995 3543 male
2075 3493 2165 3547 hic
2193 3491 2288 3563 qui
2314 3495 2537 3544 tantum
2563 3488 2783 3542 valebat
2827 3487 3043 3542 viribus
3073 3485 3366 3540 latrocinia
3394 3485 3554 3556 parvi
3599 3483 3683 3537 fa-

400 3580 603 3635 senex?
622 3578 764 3634 Ecce
778 3580 897 3650 jam
936 3585 995 3634 et
1012 3579 1204 3635 vinum
1224 3578 1431 3641 bibisti,
1451 3583 1509 3632 et
1529 3578 1715 3632 oleum
1734 3578 1989 3648 tetigisti.

398 3668 545 3734 Quid
567 3669 649 3724 vis
673 3668 934 3740 deinceps
963 3668 1254 3739 πολιόφαγε,
1277 3668 1336 3721 id
1365 3672 1467 3731 est,
1491 3683 1659 3721 vorax
1683 3666 1741 3720 in
1767 3667 1989 3733 canitie,

395 3763 453 3812 et
478 3757 802 3821 κοιλιόδουλε,
833 3757 890 3812 id
921 3763 1024 3822 est,
1048 3756 1229 3811 ventri
1252 3756 1520 3821 serviens,
1553 3756 1757 3825 probro
1787 3760 1844 3809 et
1868 3772 1995 3809 con-

394 3845 632 3901 tumelia
646 3850 703 3899 te
725 3845 910 3917 ipsum
931 3845 1212 3899 afﬁciens?
1242 3845 1310 3898 Et
1323 3843 1542 3898 diabolo
1562 3842 1994 3898 dicenszRecede

396 3951 432 3988 a
457 3950 568 3999 me,
593 3932 832 4000 diabole,
856 3933 1199 3988 consenuisti
1214 3949 1432 3987 mecum
1455 3932 1515 3986 in
1529 3932 1990 3999 dissensionibus,

393 4021 640 4093 injecisti
669 4020 1262 4077 mihiimbecillitatem
1287 4022 1554 4093 corporis,
1585 4022 1760 4077 fecisti
1785 4038 1875 4077 me
1905 4022 1993 4075 bi-

398 4110 532 4167 bere
552 4111 761 4177 vinum,
797 4116 855 4166 et
881 4127 1103 4166 sumere
1132 4112 1337 4176 oleum,
1364 4128 1454 4165 me
1475 4111 1715 4166 reddens
1737 4112 1996 4182 volupta-

2075 3582 2245 3647 ciens,
2279 3580 2357 3634 sic
2381 3580 2558 3633 Deum
2584 3578 2783 3645 timet;
2818 3576 2953 3648 quid
2981 3592 3083 3631 nos
3111 3575 3294 3629 adhuc
3321 3579 3680 3628 nostramsa-

2075 3671 2252 3725 lutem
2281 3668 2594 3723 ditferimus
2612 3666 2638 3720 ‘?

2145 3760 2382 3814 Beatum
2412 3763 2600 3812 autem
2630 3757 2877 3828 Moysem
2898 3755 3001 3824 (sic
3018 3754 3166 3809 enim
3196 3758 3421 3825 oportet
3434 3768 3564 3807 cum
3583 3768 3681 3807 vo-

2076 3864 2219 3905 care)
2236 3847 2497 3917 deinceps
2517 3846 2699 3900 adorti
2730 3850 2864 3900 sunt
2891 3845 3191 3910 daemones,
3207 3843 3279 3897 ad
3297 3841 3678 3896 fornicatoriaa

2075 3935 2523 4008 intemperantiae
2552 3934 2905 4006 impellentes
2931 3949 3060 3987 eum
3086 3929 3680 4001 consuetudinem;qui

2075 4043 2254 4097 usque
2280 4026 2419 4079 adeo
2437 4025 2507 4079 ab
2531 4024 2670 4095 ipsis
2680 4023 2788 4078 fuit
2806 4028 3076 4089 tentatus,
3101 4022 3245 4076 sicut
3262 4022 3381 4092 ipse
3400 4020 3675 4086 narravit,

2075 4121 2141 4171 ut
2161 4131 2361 4187 parum
2376 4113 2617 4167 abfuerit
2642 4113 2777 4184 quin
2792 4128 2920 4167 eum
2937 4111 3009 4166 ab
3026 4111 3286 4165 instituto
3302 4110 3673 4163 dimoverent.

397 4201 566 4257 rium.
598 4200 870 4256 Adhucne
911 4200 1014 4256 tibi
1044 4200 1255 4272 aliquid
1284 4199 1497 4254 debeo?
1526 4200 1689 4271 Apud
1734 4217 1825 4255 me
1854 4199 1996 4254 nihil
2077 4206 2218 4259 Cum
2248 4208 2437 4258 autem
2487 4202 2813 4257 accessisset
2839 4201 2909 4255 ad
2948 4216 3216 4271 magnum
3246 4199 3547 4265 Isidorum,
3580 4198 3679 4269 qui

396 4289 615 4346 invenis
636 4290 785 4362 quod
813 4290 948 4345 velis
981 4290 1244 4362 diripele.
1276 4290 1490 4345 Recede
1529 4306 1563 4343 a
1592 4305 1681 4343 me
1709 4290 1990 4360 deinceps,
2076 4292 2306 4348 sedebat
2334 4293 2392 4346 in
2424 4292 2605 4359 Scete,
2631 4291 2795 4345 tertio
2816 4291 2889 4344 ad
2909 4306 3038 4344 eum
3068 4288 3265 4344 retulit
3286 4288 3358 4342 de
3382 4286 3528 4341 bello
3568 4286 3680 4340 for-

398 4380 625 4435 inimice
646 4379 1056 4435 hominum.Ac
1074 4379 1246 4433 veluti
1274 4395 1335 4433 se
1363 4394 1669 4450 provocans
1689 4384 1747 4433 et
1764 4378 1994 4432 irritans
2076 4382 2391 4437 nicationis.
2440 4380 2543 4435 Cui
2568 4379 2861 4450 respondit
2884 4382 3112 4433 sanctus
3145 4396 3157 4432 :
3190 4378 3274 4432 Ne
3300 4375 3673 4441 conturberis,

397 4484 589 4524 secum
618 4468 972 4539 loquebatur,
1021 4468 1254 4523 dicendo
1287 4483 1299 4523 :
1332 4466 1636 4531 Abesdum,
1668 4484 1701 4522 o
1730 4472 1992 4538 nugator,
2015 4453 2107 4526 Do
2136 4472 2346 4537 frater;
2381 4475 2516 4524 sunt
2542 4469 2836 4540 principia,
2860 4473 2919 4522 et
2942 4467 3070 4522 ideo
3099 4471 3158 4521 te
3186 4464 3678 4521 vehementius'in-

398 4558 459 4613 in
480 4558 687 4613 canitie
714 4564 956 4626 vorator,
989 4561 1047 4612 et
1077 4557 1264 4613 helluo
1294 4556 1353 4611 in
1392 4562 1697 4612 senectute.
1733 4556 1994 4621 Quandiu
2075 4565 2359 4625 vaserunt,
2383 4559 2628 4630 priorem
2655 4558 3005 4629 requirentes
3025 4553 3680 4611 consuetudinem.Sicut

400 4664 496 4704 ero
515 4652 701 4703 tecum
718 4648 744 4700 Ἰ

974 4734 1221 4807 CAPUT,
1251 4736 1427 4790 XXII.

489 4828 605 4881 Vita
630 4827 843 4881 abbatis
865 4827 1069 4893 Moysi:
1090 4823 1220 4893 (54),
1246 4828 1346 4894 qui
1362 4826 1476 4892 fuit
1500 4839 1564 4878 ea:
1591 4825 1922 4878 latronibus.

470 4914 605 4970 Fuit
622 4914 849 4986 quidam
880 4916 1103 4987 Moyses
1132 4914 1378 4980 nomine,
1394 4912 1648 4984 [Ethiops
1667 4929 1892 4983 genere,
1907 4911 1996 4966 ni-

399 5019 719 5077 ger,servus
735 5004 1030 5075 cujusdam
1046 5003 1142 5074 qui
1157 5001 1391 5074 gerebat
1403 5018 1519 5055 rem
1526 5000 1998 5073 publicam;quem

400 5103 634 5168 propter
661 5108 879 5149 morum
929 5090 1351 5164 improbitatem
1384 5097 1440 5145 et
1465 5090 1747 5145 latrocinii
1787 5090 1999 5146 crimen

400 5180 639 5256 projecit
663 5180 784 5251 ejus
808 5181 1087 5236 dominus.
1119 5179 1422 5236 Dicebatur
1448 5180 1600 5235 enim
1620 5180 1793 5234 etiam
1821 5196 1998 5251 usque

402 5271 476 5327 ad
504 5269 682 5325 caedes
710 5269 1004 5341 progredi;
1037 5286 1207 5341 cogor
1251 5269 1403 5324 enim
1440 5269 1628 5324 dicere
1671 5269 1824 5324 facta
1875 5270 1997 5340 ejus

401 5357 800 5432 improbitatis,
815 5362 880 5412 ut
907 5363 1101 5428 postea
1126 5359 1419 5414 ostendam
1444 5358 1713 5413 virtutem
1738 5359 1859 5429 ejus
1886 5375 1999 5429 pce-

402 5449 673 5505 nitentia.
715 5449 1034 5503 Narrarunt
1073 5464 1207 5518 ergo
1236 5447 1410 5518 aliqui
1439 5464 1568 5502 eum
1596 5447 1769 5503 fuisse
1798 5448 1996 5519 praefe-

404 5544 560 5594 ctum
585 5554 803 5611 magna:
832 5540 1069 5592 caterva
1097 5537 1401 5591 latronum.
1421 5537 1595 5608 Cujus
1623 5537 1773 5592 inter
1796 5542 2001 5592 caatela

405 5618 781 5686 latrocinandi
805 5641 978 5701 opera
1003 5625 1109 5683 hoc
1143 5640 1365 5698 quoque
1389 5625 1586 5696 fertur,
1611 5626 1762 5698 quod
1797 5625 1999 5683 infesto

2076 4650 2226 4705 enim
2248 4649 2402 4703 canis
2426 4664 2554 4702 cum
2569 4647 2881 4701 assueverit
2893 4646 2952 4700 in
2973 4645 3205 4701 macello
3227 4659 3434 4716 pernas
3450 4643 3673 4707 rodere,

2075 4756 2187 4794 non
2216 4737 2430 4793 recedit
2461 4752 2496 4791 a
2529 4735 2963 4803 consuetudine;
2996 4735 3094 4789 sed
3126 4734 3176 4789 si
3210 4732 3380 4788 fuerit
3419 4733 3678 4786 clausum

2078 4826 2394 4891 macellum,
2423 4829 2481 4879 et
2508 4840 2676 4879 nemo
2719 4823 2771 4877 ei
2817 4822 3053 4888 dederit,
3090 4822 3238 4876 fame
3283 4825 3513 4875 enectus
3563 4836 3679 4874 non

2077 4915 2320 4987 amplius
2348 4913 2593 4980 accedit;
2627 4913 2708 4967 sic
2755 4917 2816 4967 tu
2857 4928 3099 4984 quoque,
3129 4912 3179 4965 si
3206 4910 3588 4982 permanseris
3616 4909 3676 4963 in

2077 5007 2189 5055 tuae
2211 4998 2569 5054 continentiae
2597 4996 3012 5063 exercitatione,
3046 4996 3390 5050 mortiﬁcans
3419 4992 3679 5048 membra

2077 5094 2180 5144 tua
2208 5105 2331 5160 quae
2359 5093 2493 5143 sunt
2515 5103 2687 5158 supra
2731 5091 2944 5141 terram
2992 5085 3212 5143 (00103:.
3263 5091 3368 5150 In),
3404 5087 3463 5137 et
3486 5081 3677 5136 exclu-

2080 5179 2218 5233 dens
2248 5177 2318 5231 ab
2346 5177 2604 5248 ingressu
2629 5175 2935 5247 ingluviem
2962 5191 3085 5245 quae
3113 5174 3262 5245 parit
3287 5172 3675 5242 intemperan-

2078 5267 2236 5334 tiam,
2267 5283 2414 5337 aegre
2441 5265 2628 5320 ferens
2657 5264 2895 5331 daemon,
2920 5269 2986 5318 ut
3018 5263 3115 5335 qui
3142 5261 3295 5317 cibos
3321 5278 3436 5316 non
3470 5259 3677 5315 habeat

2081 5356 2176 5429 qui
2199 5355 2524 5422 accendant,
2558 5371 2593 5409 a
2619 5359 2677 5409 te
2714 5354 2956 5408 recedet.
2996 5354 3137 5408 Cum
3166 5367 3302 5421 ergo
3352 5349 3675 5404 secessisset

2081 5445 2289 5502 Christi
2317 5460 2507 5499 servus
2530 5444 2769 5515 Moyses,
2802 5448 2859 5497 et
2894 5441 2965 5496 ab
3010 5441 3109 5496 illa
3134 5441 3275 5495 hora
3306 5440 3557 5511 seipsum
3586 5439 3673 5492 in-

2081 5534 2338 5591 clusisset
2362 5534 2423 5588 in
2453 5533 2609 5599 cella,
2650 5532 2897 5587 maxima
2925 5532 2985 5587 in
3022 5529 3283 5586 omnibus
3310 5526 3673 5584 exercebatur

2080 5624 2407 5694 tolerantia,
2442 5621 2691 5679 maxime
2730 5626 2923 5678 autem
2970 5620 3032 5677 in
3059 5618 3398 5676 abstinentia
3425 5634 3461 5673 a
3488 5615 3625 5674 cibis
3652 5632 3665 5684 ;
