4024 6206
363 285 384 341 l
401 283 495 341 121
1621 271 1963 330 HISTORIA

2061 266 2382 324 RUSIACA.‘
3498 264 3634 323 1122

354 415 425 464 ιη
453 409 549 479 qui
572 407 712 463 nihil
737 406 889 462 35nd
919 408 1171 462 sumeret
1197 407 1400 476 Ρτθθῐθν
1424 401 1584 473 Panis
1609 401 1738 454 είοεί
1765 397 1957 453 undas
1975 400 2022 457 Α
2041 428 2112 466 ne
2127 410 2400 465 incideres
2415 407 2474 463 in
2494 406 2666 464 animi
2682 405 3004 462 elationem.
3045 404 3145 461 His
3161 406 3372 464 auditis
3391 423 3648 463 reversus

356 496 672 560 ἀυοάθοίων
706 495 1010 566 Plurimum
1041 509 1298 564 οΡθΓθιηετ
1319 498 1376 545 et
1405 489 1812 562 quinquaginta
1841 504 1961 542 ονε·
2043 506 2130 556 est
2168 500 2226 554 in
2255 500 2474 555 cellam.
2504 498 2691 568 quiete
2737 496 3002 567 deinceps
3031 497 3331 552 attendens
3361 497 3649 552 moderato

355 586 542 640 tiones
571 584 820 655 quotidie
849 599 1139 654 peragens
2043 589 2306 642 instituto
2360 587 2795 641 exercitationis.
2849 587 2983 639 Post
3006 585 3146 639 duos
3186 591 3377 640 autem
3419 586 3505 640 vel
3534 592 3650 639 tres

433 676 606 729 Porro
626 680 817 727 autem
841 672 1094 743 Quamvis
1115 687 1281 725 suum
1304 674 1644 724 numerasset
1665 683 1960 738 COPPUSCU-
2041 693 2266 731 menses
2285 682 2514 746 rogatus
2534 691 2568 728 a
2593 674 2754 728 beato
2785 674 3000 728 Isidoro
3025 674 3350 746 presbytero
3378 675 3650 728 exercita-

359 763 498 829 Ῑιιῐηι
533 763 843 834 Pt’ﬂ‘mansit
869 768 1058 816 tamen
1080 761 1482 824 inﬂamﬂlﬁtusa
1517 765 1574 812 et
1603 757 1878 829 Ρνωείρυθ
1899 756 1957 808 in
2041 771 2135 822 tor
2161 767 2373 837 Moyses
2405 764 2656 834 nunquid
2676 763 2918 834 amplius
2940 763 2990 817 ei
3021 764 3337 818 molestiam
3359 763 3648 818 exhibuis-

359 854 592 907 somnis.
622 854 763 906 Cum
792 858 983 906 autem
1004 847 1637 911 surrexisset,convenit
1661 845 1962 916 quemdam
2047 862 2134 910 set
2157 854 2404 926 spiritus,
2435 853 2758 924 respondit:
2794 852 2876 906 Ab
2905 852 3003 906 illa
3034 853 3174 907 hom
3204 870 3316 922 qua
3359 852 3498 906 mihi
3521 869 3648 923 pre-

359 942 537 996 alium
555 941 893 995 monachum
921 945 1177 994 sanctum
1210 938 1685 1010 ProbatiSSimum,
1719 941 1776 989 et
1799 935 1847 988 ei
1889 933 1971 988 ἀί·
2053 949 2211 999 catus
2241 949 2326 996 est
2346 943 2552 996 Christi
2582 958 2791 1005 servus,
2830 941 2968 994 nihil
2996 941 3132 994 mihi
3164 941 3366 995 accidit
3395 942 3646 1010 ejusmo-

361 1032 458 1085 Citi
482 1031 626 1094 QUid
642 1031 864 1095 faeiam.
889 1029 1072 1083 abba?
1092 1028 1317 1082 Κεὶῐὶοηὶ
1341 1044 1478 1080 mea?
1496 1025 1755 1080 tenebras
1787 1025 1970 1078 οίΐιιη-
2057 1032 2414 1101 di.Dignatus
2452 1038 2536 1084 est
2561 1035 2752 1084 autem
2781 1030 2870 1082 hic
2909 1035 3135 1082 sanctus
3173 1029 3357 1099 gratia
3386 1029 3652 1084 adversus

362 1121 507 1174 dunt
526 1120 744 1174 somnia
757 1118 950 1182 animi,
975 1125 1042 1172 ut
1058 1118 1155 1187 qui
1173 1118 1254 1171 eis
1283 1133 1348 1170 ex
1367 1117 1541 1170 veteri
1563 1113 1967 1169 consuetudine
2052 1121 2354 1186 daemones,
2378 1121 2593 1175 adeout
2612 1120 2757 1173 sicut
2779 1136 2880 1172 nos
2900 1135 3119 1172 muscas
3143 1120 3326 1173 hieme
3347 1121 3653 1174 contemni.

359 1208 778 1264 delecter.Dicit
791 1208 842 1262 ei
861 1208 955 1261 ille
978 1213 1234 1261 sanctus:
1262 1208 1387 1260 Non
1404 1204 1699 1259 cohibuisti
1723 1209 1967 1257 mentem
2053 1226 2203 1277 mus;
2238 1210 2336 1274 ita,
2365 1216 2534 1280 atque
2566 1209 2704 1262 adeo
2733 1207 2997 1278 amplius,
3030 1208 3119 1262 hic
3152 1225 3396 1278 magnus
3431 1209 3642 1280 Moyses

361 1305 520 1354 tuam
551 1316 584 1351 a
615 1297 745 1352 visis
776 1313 900 1367 quae
930 1297 986 1350 in
1017 1296 1096 1350 eis
1123 1301 1436 1360 versantur,
1473 1311 1539 1347 ea
1557 1294 1626 1346 de
1654 1309 1823 1347 causa
1851 1293 1968 1345 hac
2053 1305 2440 1353 contemneret
2469 1299 2771 1352 daemones.
2807 1298 2936 1352 Haec
2968 1303 3054 1352 est
3081 1297 3342 1366 religiosa
3372 1303 3428 1352 et
3459 1304 3652 1353 sancta

361 1390 631 1442 sustines.
665 1388 773 1440 Fac
804 1403 941 1455 ergo
982 1385 1129 1456 quod
1159 1385 1298 1438 dico.
1333 1383 1485 1437 Dede
1505 1389 1561 1437 te
1591 1382 1861 1452 paulatim
1888 1380 1964 1434 vi-
2047 1387 2162 1441 vita
2193 1403 2359 1458 quam
2388 1387 2502 1457 egit
2531 1387 2767 1440 invictus
2789 1387 3004 1440 athleta
3024 1387 3243 1457 Moyses
3267 1387 3650 1457 1Ethiops,qui

358 1477 529 1548 giliae,
555 1484 612 1530 et
627 1492 726 1530 ora
742 1474 962 1529 sobrius
996 1493 1008 1539 ;
1034 1479 1091 1527 et
1119 1473 1187 1526 ab
1212 1473 1298 1526 his
1318 1473 1426 1526 cito
1439 1471 1784 1525 liberaberis.
1819 1471 1958 1524 Cum
2050 1475 2170 1546 ipse
2202 1493 2422 1546 quoque
2453 1475 2857 1529 numerabatur
2878 1475 3026 1550 inter
3047 1491 3302 1544 magnos.
3335 1474 3490 1530 Obiit
3518 1481 3649 1529 ante

357 1567 666 1620 hocautem
684 1565 960 1618 monitum
974 1563 1243 1616 audiisset
1259 1562 1343 1614 vir
1365 1562 1960 1632 praeclarus,tanquam
2046 1563 2130 1636 [1³.
2155 1569 2256 1632 leg.
2283 1563 2500 1636 autem]
2528 1564 2886 1634 septuaginta
2915 1563 3162 1634 quinque
3193 1579 3371 1618 annos
3391 1569 3558 1618 natus
3589 1564 3646 1618 in

357 1655 432 1709 ab
454 1673 521 1709 eo
551 1655 648 1725 qui
678 1659 799 1708 erat
835 1652 1035 1706 artifex
1063 1651 1432 1722 eXperientia,
1463 1650 1521 1704 in
1549 1650 1748 1703 cellam
1779 1666 1960 1703 rever-

2044 1654 2222 1720 Scete,
2248 1670 2375 1708 cum
2416 1654 2594 1707 factus
2623 1659 2769 1706 esset
2803 1651 3112 1723 presbyter,
3166 1652 3375 1706 relictis
3404 1658 3643 1723 septua-

356 1761 476 1805 sus,
496 1743 715 1808 dixitei,
742 1742 892 1812 quod
909 1741 1138 1810 quidem
1165 1757 1266 1794 sua
1287 1740 1425 1794 sciat
1449 1739 1808 1804 conscientia,
1841 1744 1959 1792 tota
1977 1725 2022 1784 B
2037 1741 2196 1812 ginta
2226 1741 2473 1812 quinque
2503 1741 2808 1812 discipulis.

355 1839 521 1888 nocte
551 1849 664 1886 non
694 1831 1014 1897 dormiisse;
1042 1847 1155 1884 non
1183 1829 1451 1883 orationis
1482 1835 1751 1900 prmtextu
1777 1845 1956 1898 genu-

355 1923 602 1987 ﬂexisse,
622 1927 685 1976 ut
709 1920 890 1975 somni
918 1920 1136 1989 fugeret
1153 1919 1529 1990 tyrannidem.

428 2013 573 2066 Cum
597 2011 760 2064 annis
787 2026 920 2079 ergo
950 2026 1044 2062 sex
1077 2008 1378 2062 mansisset
1397 2007 1456 2062 in
1487 2008 1645 2071 cella,
1683 2012 1829 2060 totas
1860 2023 1961 2060 no-

361 2107 480 2156 ctes
508 2105 664 2154 stans
688 2100 746 2153 in
769 2098 953 2153 medio
984 2098 1160 2163 cellae,
1203 2105 1260 2151 et
1307 2098 1486 2151 Deum
1521 2113 1687 2150 orans
1717 2096 1959 2159 assidue,

358 2195 417 2244 et
437 2205 551 2244 non
581 2188 848 2243 claudens
884 2188 1092 2252 oculos,
1125 2203 1238 2240 non
1275 2186 1460 2257 potuit
1493 2186 1962 2256 intemperantem

365 2279 585 2333 vincere
614 2277 1006 2348 cupiditatem.
1049 2277 1262 2330 Revera
1299 2275 1448 2329 enim
1489 2291 1598 2328 non
1630 2280 1814 2344 potest
1839 2289 1964 2327 vere

359 2368 628 2438 castigari
659 2367 956 2437 cupiditas.
988 2365 1130 2420 Cum
1151 2365 1302 2419 enim
1334 2365 1578 2435 seipsum
1611 2363 1961 2418 tabefecisset

360 2457 668 2522 laboribus,
700 2461 924 2527 turpem
957 2455 1111 2509 illam
1143 2454 1492 2508 atfectionem
1523 2469 1634 2507 non
1663 2452 1846 2523 potuit
1872 2469 1962 2506 su-

361 2547 575 2618 bigere.

434 2637 570 2690 Post
625 2635 742 2689 haec
780 2634 950 2688 aliam
996 2633 1103 2687 sibi
1131 2631 1411 2702 suggessit
1450 2631 1725 2684 rationem
1751 2647 1962 2701 asperae

365 2726 494 2779 vitae
513 2723 1075 2794 agendm.Egrediens
1095 2721 1183 2775 hic
1201 2721 1354 2791 pugil
1372 2722 1594 2774 Satana:
1618 2721 1785 2790 (varie
1809 2721 1961 2774 enim

361 2831 490 2869 cum
520 2830 586 2868 eo
606 2812 927 2876 decertavit:
954 2810 1208 2865 noctibus
1238 2809 1434 2864 abibat
1465 2810 1534 2862 ad
1568 2810 1736 2863 cellas
1767 2825 1958 2864 mona-

363 2905 621 2966 chorum,
667 2901 762 2972 qui
800 2917 859 2955 se
889 2900 1194 2954 exercendo
1229 2904 1640 2952 consenuerant
1667 2898 1725 2951 in
1754 2898 1961 2952 labori-

368 2992 491 3056 bus,
524 2997 582 3046 et
609 3007 710 3062 per
737 3007 797 3044 se
825 3005 1031 3059 aquam
1061 3005 1171 3043 non
1199 2993 1460 3058 poterant
1486 2988 1729 3057 amplius
1756 2987 1965 3057 impor-

366 3088 490 3137 tare
513 3100 524 3134 :
547 3087 603 3135 et
618 3079 895 3150 accipiens
916 3078 1145 3150 hydrias
1162 3078 1242 3132 eis
1258 3076 1654 3143 nescientibus,
1676 3077 1800 3131 illas
1819 3094 1966 3148 aqua
1983 3084 2025 3144 ί]

365 3169 664 3241 implebat.
705 3168 924 3223 Habent
952 3168 1101 3222 enim
1159 3167 1218 3220 in
1273 3167 1384 3220 illis
1422 3166 1556 3220 locis
1581 3183 1784 3236 aquam
1813 3173 1968 3221 certa

367 3259 674 3312 distantem
711 3257 1144 3327 longinquitate,
1177 3256 1272 3310 alii
1307 3256 1532 3326 quidem
1561 3256 1632 3309 ad
1657 3255 1796 3310 duos
1825 3255 1966 3326 lapi-

368 3349 489 3412 des,
521 3347 615 3400 alii
651 3363 782 3401 vero
813 3347 884 3399 ad
914 3345 1180 3416 quinque,
1232 3344 1328 3398 alii
1367 3361 1498 3398 vero
1539 3345 1610 3398 ad
1647 3345 1964 3398 dimidium.

369 3437 495 3492 Una
517 3452 651 3505 ergo
697 3441 859 3490 nocte
887 3451 1000 3506 qua
1027 3435 1132 3488 hoc
1185 3432 1441 3496 faciebat,
1472 3434 1689 3487 daemon
1718 3433 1814 3504 qui
1839 3449 1970 3488 eum

372 3525 783 3589 observaverat,
815 3541 927 3578 non
958 3523 1200 3594 amplius
1233 3523 1416 3576 ferens
1444 3522 1668 3576 athletze
1695 3522 1972 3576 fortitudi-

372 3630 524 3679 nem,
556 3630 684 3668 cum
721 3613 837 3683 ipse
872 3630 933 3667 se
962 3613 1288 3666 inclinasset
1320 3612 1376 3665 in
1416 3617 1667 3682 puteum,
1703 3616 1768 3665 ut
1801 3611 1968 3666 unius

373 3703 634 3758 monachi
662 3703 922 3772 impleret
936 3701 1440 3773 hydriam,clavam
1466 3701 1766 3770 quamdam
1789 3701 1841 3754 ei
1870 3701 1972 3754 im-

374 3793 532 3864 pegit
558 3792 617 3844 in
646 3791 884 3853 lumbos,
908 3796 966 3844 et
985 3807 1114 3844 eum
1137 3789 1196 3843 in
1223 3805 1289 3843 eo
1310 3789 1430 3843 loco
1451 3789 1677 3858 reliquit
1691 3791 1974 3859 jacentem

376 3885 684 3944 mortuum,
733 3880 872 3934 nihil
906 3879 1134 3934 omnino
1179 3878 1533 3942 sentientem,
1584 3894 1765 3948 neque
1817 3879 1971 3949 quid,

375 3986 558 4039 neque
591 3985 625 4022 a
671 3985 781 4038 quo
834 3967 891 4021 id
945 3984 1142 4038 passus
1197 3966 1286 4020 sit.
1348 3968 1489 4020 Cum
1541 3983 1674 4036 ergo
1732 3967 1842 4020 alio
1885 3967 1974 4022 die

382 4063 562 4123 ινιτ
591 4058 837 4112 venisset
883 4057 1111 4126 quidam
1142 4056 1451 4111 monachus
1493 4055 1564 4108 ad
1593 4071 1799 4125 aquam
1832 4056 1972 4110 hau-

379 4147 636 4200 riendam
687 4162 817 4200 eum
859 4145 974 4199 illic
1008 4145 1220 4199 invenit
1244 4146 1524 4215 jacentem
1555 4144 1733 4214 linqui
1763 4144 1971 4199 animo.

381 4237 435 4290 Is
465 4241 657 4289 autem
685 4235 743 4288 id
797 4234 1142 4288 renuntiavit
1170 4250 1374 4304 magno
1405 4233 1619 4288 Isidoro
1649 4233 1975 4304 presbytero

381 4325 579 4380 Sectis.
611 4324 718 4387 Qui
743 4323 938 4378 abiens
958 4340 1086 4378 cum
1116 4323 1333 4393 aliquot
1351 4322 1496 4384 aliis,
1522 4339 1649 4377 eum
1667 4323 1901 4393 accepit,
1925 4329 1982 4378 et

2619 1831 2852 1884 CAPUT
2872 1831 3073 1885 XXIII.

2482 1922 2597 1973 Vita
2646 1921 2856 1974 abbatis
2885 1922 3052 1975 Pauli
3079 1917 3207 1990 (57).

2118 2008 2278 2062 Mons
2307 2014 2394 2061 est
2423 2008 2480 2061 in
2512 2009 2770 2078 Egypto,
2804 2008 3085 2062 abducens
3128 2009 3188 2063 in
3208 2014 3421 2062 vastam
3459 2008 3648 2064 Scetes

2049 2097 2430 2160 solitudinem,
2471 2097 2565 2167 qui
2595 2097 2910 2167 appellatur
2939 2098 3196 2153 Pherme.
3233 2099 3297 2152 In
3323 2098 3430 2152 hoc
3457 2105 3646 2152 monte

2048 2185 2248 2240 sedent
2261 2185 2483 2239 circiter
2494 2186 2790 2256 quingenti
2810 2187 3064 2240 homines
3085 2187 3182 2256 qui
3200 2194 3549 2241 exercentur.
3559 2189 3647 2242 In-

2046 2281 2134 2329 ter
2163 2292 2303 2344 quos
2327 2275 2430 2328 fuit
2448 2275 2619 2328 etiam
2642 2275 2889 2344 quidam,
2924 2276 3150 2329 nomine
3192 2277 3420 2341 Paulus,
3456 2293 3648 2330 mona-

2049 2363 2185 2416 chus
2213 2363 2477 2432 optimus,
2495 2362 2589 2433 qui
2607 2368 2726 2417 toto
2745 2379 2846 2417 suo
2867 2369 3119 2434 tempore
3140 2365 3284 2418 hanc
3311 2365 3428 2434 egit
3450 2365 3645 2420 vitam.

2042 2452 2345 2521 Nunquam
2367 2469 2506 2522 opus
2521 2454 2726 2522 attigit,
2750 2468 2853 2506 nec
2872 2453 3048 2506 ullum
3071 2455 3316 2524 suscepit
3337 2455 3643 2524 negotium,

2049 2540 2129 2594 nil
2162 2557 2412 2611 unquam
2446 2542 2661 2610 accepit
2703 2541 2772 2594 ab
2817 2541 3023 2611 aliquo,
3078 2550 3452 2613 prazterquam
3501 2543 3648 2614 quod

2047 2635 2238 2700 posset
2268 2630 2326 2682 in
2355 2630 2476 2700 ipso
2505 2629 2594 2683 die
2637 2630 2949 2684 comedere.
2984 2632 3114 2686 Fuit
3141 2639 3330 2686 autem
3359 2634 3481 2703 ejus
3509 2649 3650 2703 opus

2049 2724 2107 2772 et
2131 2719 2475 2784 exercitatio,
2509 2734 2670 2772 orare
2700 2726 2988 2790 perpetuo.
3024 2721 3127 2774 llic
3157 2721 3399 2775 habebat
3425 2727 3646 2776 trecen-

2045 2811 2133 2860 tas
2164 2823 2358 2877 preces
2374 2823 2664 2876 expressas
2693 2813 2751 2860 et
2778 2809 3136 2878 praestitutas,
3165 2810 3403 2864 totidem
3432 2811 3649 2864 habens

2047 2896 2105 2949 in
2135 2897 2261 2950 sinu
2308 2897 2568 2961 calculos,
2613 2903 2670 2950 et
2699 2897 2758 2950 in
2792 2913 3130 2969 unaquaque
3155 2900 3410 2953 oratione
3436 2900 3652 2969 jaciens

2048 3000 2225 3038 unum
2258 2985 2531 3038 calculum
2553 2986 2683 3053 (58).
2700 2986 2753 3039 Is
2781 3002 2909 3039 cum
2932 2987 3260 3041 accessisset
3282 2988 3352 3041 ad
3391 2994 3649 3043 sanctum

2052 3073 2350 3128 Macarium
2377 3074 2472 3144 qui
2486 3074 2691 3127 dicitur
2711 3074 3127 3146 Politicus,ejus
3147 3076 3510 3131 conveniendi
3526 3094 3652 3146 gra-

2047 3160 2152 3225 tia,
2185 3167 2242 3216 et
2264 3168 2494 3232 propter
2527 3162 2840 3232 spiritalem
2871 3163 3196 3227 utilitatem,
3219 3164 3269 3218 ei
3287 3165 3422 3218 dicit
3452 3183 3464 3218 :
3490 3165 3652 3222 Abba

2049 3249 2278 3316 Macari,
2306 3251 2466 3304 valde
2493 3252 2734 3321 afﬂigar.
2760 3252 2958 3322 Coegit
2977 3269 3108 3307 eum
3124 3252 3331 3307 Christi
3351 3268 3546 3309 servus
3571 3255 3653 3310 di-

2051 3354 2176 3393 cere
2197 3355 2425 3394 causam
2456 3347 2686 3412 propter
2713 3357 2883 3412 quam
2912 3342 3171 3397 molestia
3188 3342 3558 3402 afﬁciebatur.
3597 3345 3650 3399 Is

2052 3444 2184 3483 vero
2212 3429 2265 3484 ei
2293 3429 2461 3485 dicit:

2621 3519 2856 3574 CAPUT
2878 3521 3073 3575 XXIV.

2123 3609 2197 3661 De
2233 3609 2448 3675 Virgine
2473 3624 2593 3676 qua
2629 3610 2864 3676 faciebat
2887 3614 3258 3678 septingenta:
3279 3615 3574 3667 orationes.

2128 3697 2193 3750 In
2223 3697 2466 3766 quodam
2497 3696 2616 3751 vico
2648 3698 3132 3769 habitatquzedam
3160 3701 3464 3772 virgo,quaa
3484 3701 3651 3772 trige-

2057 3784 2264 3840 simum
2287 3802 2498 3840 annum
2513 3787 2634 3856 jam
2649 3789 3041 3844 exercetur.De
3062 3805 3175 3859 qua
3192 3790 3352 3844 multi
3376 3791 3652 3846 mihinar—

2056 3881 2274 3940 rarunt,
2309 3875 2457 3946 quod
2488 3882 2691 3946 praeter
2716 3875 3021 3932 Sabbatum
3045 3884 3102 3932 et
3121 3879 3471 3934 Dominicam
3500 3881 3654 3935 nullo

2057 3964 2167 4018 alio
2206 3965 2297 4018 die
2327 3965 2570 4019 vescitur
2594 3983 2606 4032 ;
2634 3965 2731 4019 sed
2761 3972 2880 4020 toto
2909 3972 3164 4038 tempore
3189 3969 3422 4023 trahens
3449 3969 3656 4024 hebdo-

2055 4052 2271 4120 madas,
2306 4060 2362 4106 et
2380 4060 2506 4123 post
2525 4052 2772 4124 quinque
2801 4055 2920 4109 dies
2942 4057 3258 4123 comedens,
3288 4058 3422 4112 facit
3446 4060 3654 4130 septin-

2056 4149 2257 4210 gentas
2313 4142 2613 4196 orationes.
2664 4143 2779 4196 Hoc
2828 4160 2954 4197 cum
2993 4144 3334 4210 didicissem,
3375 4147 3651 4218 meipsum

2058 4228 2368 4299 reprobavi,
2403 4230 2550 4300 quod
2569 4229 2652 4282 vir
2673 4237 2894 4285 creatus
2919 4232 3007 4285 his
3027 4233 3235 4288 viribus
3253 4236 3521 4305 corporis,
3544 4253 3656 4292 non

2062 4319 2347 4389 potuerim
2387 4319 2568 4373 facere
2596 4319 2724 4390 plus
2745 4336 2912 4390 quam
2943 4326 3225 4375 trecentas
3261 4323 3561 4378 orationes.
3594 4326 3656 4380 Ei

381 4413 515 4467 tulit
542 4412 602 4466 in
632 4412 942 4468 ecclesiam.
971 4413 1071 4466 Ille
1099 4428 1230 4466 vero
1261 4428 1408 4466 anno
1431 4417 1548 4466 toto
1579 4413 1886 4482 aegrotavit,
1915 4417 1978 4466 ut
2001 4407 2047 4464 D
2067 4407 2370 4478 respondet
2415 4413 2643 4462 sanctus
2686 4409 2988 4472 Macarius.
3019 4410 3233 4464 dicens:
3270 4412 3658 4482 Sexagesimus

382 4503 472 4555 vix
500 4517 701 4571 corpus
730 4503 850 4570 ejus
881 4506 938 4555 et
957 4501 1149 4556 anima
1175 4501 1536 4555 convaluerit.
1569 4502 1723 4555 Tunc
1752 4501 1886 4554 dicit
1904 4501 1986 4554 illi

384 4607 625 4661 magnus
654 4589 862 4644 Christi
883 4591 1144 4644 sacerdos
1169 4590 1450 4644 Isidorus:
1503 4591 1671 4644 Cessa
1699 4589 1982 4660 deinceps,

384 4682 562 4734 frater
592 4681 827 4750 Moyses,
877 4679 1214 4734 contendere
1251 4696 1377 4733 cum
1428 4678 1792 4741 daemonibus,
1834 4685 1891 4733 et
1918 4696 1988 4734 ne

383 4769 463 4823 sic
491 4769 574 4822 eis
600 4767 1083 4831 insultaveris,est
1107 4768 1259 4822 enim
1289 4769 1488 4822 modus
1518 4784 1739 4838 quoque
1762 4768 1986 4823 fortitu-

383 4857 531 4911 dinis
558 4859 616 4911 in
646 4857 1058 4911 exercitatione.
1092 4857 1146 4910 Is
1175 4861 1363 4910 autem
1397 4856 1476 4908 illi
1506 4856 1666 4910 dicit:
1709 4857 1835 4910 Non
1863 4873 1983 4911 ces-

383 4946 520 5000 sabo
553 4962 680 5000 cum
703 4947 783 4999 eis
803 4962 1073 5016 pugnare.
1107 4945 1283 4998 donec
1311 4944 1446 4998 mihi
1475 4945 1774 4998 cessaverit
1804 4945 1983 5015 phan-

383 5035 527 5089 tasia
547 5035 912 5089 somniorum.
945 5036 1100 5089 Tunc
1128 5034 1179 5087 ei
1209 5033 1344 5088 dicit
1361 5033 1569 5088 Christi
1599 5050 1790 5088 servus
1816 5034 1986 5089 Isido-

382 5142 480 5180 rus
507 5125 800 5196 presbyter
824 5145 834 5179 :
860 5127 924 5180 In
941 5125 1165 5178 nomine
1179 5123 1403 5178 Domini
1426 5124 1602 5177 nostri
1624 5126 1651 5178 J
1657 5141 1755 5178 esu
1777 5123 1985 5178 Christi

387 5214 457 5268 ab
499 5215 602 5268 hoc
649 5215 916 5285 temporis
946 5214 1182 5268 articulo
1230 5211 1527 5267 cessabunt
1554 5213 1743 5283 turpia
1772 5221 1871 5266 tua
1900 5230 1984 5267 so-

385 5303 572 5357 mnia:
611 5302 758 5357 bono
787 5303 1049 5373 deinceps
1092 5307 1149 5356 et
1177 5301 1371 5356 fidenti
1417 5299 1604 5355 animo
1633 5301 1985 5356 communica

386 5391 755 5446 sacramentis
801 5391 931 5460 (56).
965 5392 1049 5445 Ne
1091 5391 1242 5444 enim
1279 5390 1622 5459 gloriareris,
1657 5396 1720 5444 ut
1749 5391 1845 5461 qui
1883 5396 1983 5445 tua

387 5480 787 5535 exercitatione
804 5479 1030 5534 vicisses
1059 5478 1422 5543 affectionem,
1456 5478 1580 5533 ideo
1623 5478 1986 5534 vehementer

389 5568 450 5626 in
473 5574 530 5626 te
559 5585 720 5627 suam
748 5569 995 5626 exercuit
1010 5572 1367 5640 potestatem,
1383 5568 1454 5624 ad
1472 5573 1631 5623 tuam
1657 5567 1981 5637 utilitatem,

2069 4513 2251 4551 annus
2275 4497 2482 4567 agitur,
2507 4514 2574 4551 ex
2610 4513 2720 4568 quo
2751 4504 2976 4552 centum
3006 4500 3338 4555 constitutas
3364 4502 3506 4556 facio
3536 4519 3658 4558 ora-

2068 4586 2272 4653 tiones,
2308 4592 2366 4640 et
2389 4585 2648 4641 laborans
2679 4586 2934 4642 manibus
2959 4604 3028 4641 ea
3055 4605 3178 4659 qum
3198 4595 3330 4644 sunt
3341 4591 3412 4644 ad
3428 4591 3661 4647 alimen-

2069 4680 2193 4730 tum
2223 4675 2557 4741 necessaria,
2589 4682 2647 4729 et
2691 4675 2960 4732 fratribus
2987 4678 3241 4734 debitum
3269 4679 3508 4734 reddens
3536 4697 3663 4737 con-

2067 4765 2393 4833 gressionis,
2425 4781 2527 4819 nec
2552 4782 2678 4820 mea
2729 4783 2819 4820 me
2845 4766 3062 4836 judicat
3101 4769 3246 4823 ratio
3276 4769 3424 4840 quod
3456 4770 3659 4825 fuerim

2065 4854 2373 4923 negligens.
2417 4854 2473 4908 Si
2491 4860 2554 4909 tu
2575 4860 2765 4908 autem
2795 4872 2922 4910 cum
2951 4861 3230 4911 trecentas
3250 4857 3421 4912 facias
3450 4860 3660 4915 oratio-

2067 4959 2187 5008 nes,
2207 4944 2479 5012 judicaris
2506 4961 2540 4997 a
2577 4945 2936 5010 conscientia,
2955 4953 3148 5016 aperte
3187 4948 3437 5002 ostendis
3461 4956 3519 5003 te
3547 4966 3659 5006 non

2067 5049 2206 5102 pure
2244 5049 2428 5099 orare,
2460 5033 2544 5087 vel
2571 5050 2732 5104 posse
2757 5034 2946 5104 plures
2976 5035 3259 5091 orationes
3276 5037 3458 5093 facere
3489 5056 3659 5110 quam

2069 5121 2262 5175 facias.

2636 5212 2868 5266 CAPUT
2926 5214 3087 5268 XXV.

2457 5301 2530 5353 De
2559 5301 2758 5355 Granio
2817 5300 2924 5368 (59)
2952 5305 3283 5371 presbytero.

2138 5387 2374 5443 Cronius
2405 5389 2633 5458 quidam
2683 5390 2820 5444 mihi
2853 5393 3101 5447 narravit
3146 5395 3438 5466 presbyter
3466 5393 3660 5450 Nitriae

2067 5474 2315 5548 (Ruf/tm,
2347 5481 2385 5532 ι.
2420 5495 2476 5544 ιι,
2511 5494 2626 5546 cap.
2656 5477 2744 5546 25,
2776 5483 2838 5535 de
2867 5483 3067 5538 Granio
3087 5485 3322 5538 Antonii
3339 5485 3656 5554 discipulo):

2068 5566 2208 5624 Cum
2223 5582 2422 5636 essem,
2440 5567 2644 5640 inquit,
2673 5569 2870 5641 junior
2881 5570 2951 5628 ab
2979 5571 3224 5642 initio,et
3249 5571 3662 5645 propteranimi
