4024 6206
381 241 522 301 1123
1501 238 1595 294 DE
1620 239 1809 296 VITIS
1847 237 1975 294 ΡΑΊ

2058 236 2143 295 ῚΜ
2180 236 2394 294 LIBER
2430 237 2583 294 VIII.
3527 238 3667 296 1124

379 383 650 440 angorem
697 371 754 422 et
779 365 1066 422 tristitiam
1119 365 1371 437 fugerem
1400 382 1466 420 ex
1494 366 1834 421 monasterio
1861 366 2328 436 meiApraetextu
2371 363 2514 418 bene
2542 361 2781 418 faciendi
2811 379 2902 419 me
2936 363 3216 436 acceperis
3243 363 3301 419 in
3328 368 3494 419 tuum
3521 363 3668 418 hos-

379 458 850 522 archimandritae,
883 472 1076 510 errans
1099 457 1326 528 perveni
1372 457 1443 510 ad
1486 462 1738 511 montem
1797 457 1972 510 sancti
2053 454 2331 525 pitiolum,
2354 461 2411 508 et
2429 459 2658 525 propter
2678 469 2767 507 me
2785 454 2866 508 vis
2885 471 3005 508 esse
3033 455 3238 508 salvus.
3268 453 3537 524 Eulogius
3561 469 3665 507 au-

379 547 628 602 Antonii.
660 545 901 601 Sedebat
922 551 1111 600 autem
1130 546 1324 599 beatus
1345 546 1784 600 Antoniusinter
1798 545 1974 617 Baby—
2054 549 2170 598 tem
2199 561 2296 598 cor
2323 545 2444 613 ejus
2473 542 2736 608 leniebat,
2767 543 2957 598 dicens
2984 561 2995 596 :
3023 545 3126 610 Ne,
3161 543 3408 609 domine,
3440 559 3512 596 ne
3541 543 3666 597 hac

379 637 564 689 Ionem
600 634 713 705 (60)
759 641 816 688 et
847 635 1174 688 Heracleam
1213 635 1270 688 in
1301 641 1456 688 vasta
1487 635 1807 701 solitudine,
1851 651 1972 705 quae

377 725 486 778 fert
514 725 585 778 ad
616 740 772 778 mare
795 723 1069 789 Rubrum,
1092 724 1312 777 circiter
1327 723 1565 794 triginta
1590 723 1923 778 milliaribus
1943 739 1978 778 a

379 813 718 868 ﬂuvio.Cum
731 829 863 883 ergo
886 813 1158 867 venissem
1171 813 1240 867 ad
1264 814 1385 884 ejus
1406 813 1808 867 monasterium
1826 812 1975 884 quod

378 908 464 956 est
487 919 662 974 prope
684 902 935 969 ﬂuvium,
964 902 1021 956 in
1043 919 1152 973 quo
1163 901 1434 956 sedebant
1453 903 1572 972 ejus
1585 901 1842 972 discipuli
1861 903 1976 956 Ma-

380 991 564 1046 carius
596 997 653 1045 et
682 993 916 1046 Amatas
946 991 1003 1044 in
1034 1008 1098 1045 eo
1129 991 1225 1062 qui
1255 991 1450 1061 Pisper
1489 991 1805 1061 appellatur
1831 991 1970 1057 loco,

380 1081 475 1152 qui
507 1099 634 1135 eum
667 1082 839 1134 etiam
872 1097 1000 1135 cum
1021 1080 1341 1134 dormiisset
1371 1081 1730 1151 sepelierunt,
1755 1096 1974 1150 exspec-

376 1172 488 1226 tavi
509 1172 756 1242 quinque
778 1171 914 1237 dies,
933 1176 998 1225 ut
1013 1170 1364 1224 convenirem
1385 1171 1969 1227 sanctumAntonium.

376 1260 682 1316 Dicebatur
707 1266 897 1314 autem
921 1260 1183 1314 accedere
1203 1260 1273 1313 ad
1305 1261 1407 1314 hoc
1419 1260 1842 1326 monasterium,
1868 1259 1971 1313 ali-

379 1350 601 1421 quando
624 1349 847 1420 quidem
861 1354 989 1420 post
1007 1349 1197 1403 decem
1214 1349 1351 1414 dies,
1379 1349 1677 1418 aliquando
1692 1365 1820 1402 vero
1849 1353 1974 1419 post

375 1439 592 1508 viginti,
615 1438 914 1509 aliquando
943 1454 1072 1491 vero
1102 1442 1229 1508 post
1244 1438 1512 1508 quinque,
1541 1443 1709 1509 prout
1724 1437 1976 1509 expedie-

375 1527 472 1582 bat
499 1544 597 1597 pro
617 1526 884 1581 beneficio
907 1543 1106 1581 eorum
1139 1527 1233 1596 qui
1254 1526 1556 1581 veniebant
1587 1527 1658 1580 ad
1690 1531 1973 1580 monaste-

379 1617 546 1670 rium.
568 1617 1019 1670 Conveneramus
1043 1631 1178 1686 ergo
1203 1616 1408 1669 diversi
1438 1616 1639 1670 fratres
1655 1615 1886 1669 diversis
1905 1615 1974 1668 de

2057 633 2293 700 dixeris;
2321 633 2417 686 sed
2447 632 2597 686 dicas
2629 647 2871 703 quanam
2902 633 2961 686 in
2998 649 3058 686 re
3087 632 3191 686 tibi
3222 631 3423 686 fuerim
3450 632 3665 685 moles-

2057 727 2170 781 tus.
2201 727 2257 776 et
2286 738 2411 775 eam
2434 721 2732 791 corrigam.
2767 721 2997 775 Mancus
3022 726 3214 775 autem
3249 720 3472 774 dicebat
3498 737 3666 774 arro-

2056 815 2257 880 ganter
2280 827 2291 862 :
2326 811 2450 864 Non
2473 809 2592 864 fero
2622 810 2723 863 has
2755 810 3186 873 assentationes;
3209 809 3366 863 aufer
3385 825 3476 863 me
3503 808 3662 874 hinc,

2058 905 2114 953 et
2144 899 2352 970 projice
2383 899 2441 952 in
2469 899 2608 965 foro,
2633 915 2830 953 recuso
2857 904 3014 953 tuam
3039 898 3406 953 curationem.
3428 897 3669 953 Dicebat

2055 992 2243 1042 autem
2269 988 2533 1058 Eulogius
2567 1007 2577 1041 :
2607 989 2762 1058 Rogo
2787 993 2862 1054 te,
2896 994 3088 1059 patere
3104 987 3188 1042 tui
3207 1005 3401 1042 curam
3427 987 3573 1057 geri,
3602 992 3664 1042 et

2057 1077 2146 1131 dic
2173 1079 2222 1130 si
2250 1077 2383 1147 quid
2408 1077 2483 1130 sit
2507 1076 2612 1130 tibi
2642 1093 2837 1146 grave,
2869 1076 3096 1131 domine
3118 1077 3218 1130 mi.
3244 1077 3538 1132 Mutilatus
3557 1092 3667 1130 au-

2056 1171 2172 1219 tem
2205 1167 2385 1235 magis
2412 1166 2693 1231 incensus,
2729 1165 2780 1219 ei
2813 1165 3072 1220 dicebat:
3107 1167 3235 1220 Non
3274 1182 3500 1236 possum
3533 1181 3665 1219 am-

2055 1255 2202 1325 plius
2227 1255 2370 1309 ferre
2399 1260 2555 1309 tuam
2578 1254 2870 1308 subdolam
2887 1261 2945 1309 et
2965 1255 3235 1309 ironicam
3257 1254 3664 1308 adulationem.

2055 1344 2182 1398 Non
2212 1345 2394 1415 placet
2421 1344 2560 1397 mihi
2587 1345 2703 1398 haec
2737 1343 2845 1397 vita
2865 1360 3034 1414 parca
3063 1349 3120 1398 et
3139 1343 3386 1410 sordida,
3409 1360 3512 1413 ego
3535 1343 3665 1397 volo

2054 1432 2200 1487 vesci
2228 1432 2509 1487 carnibus.
2551 1433 2782 1486 Patiens
2811 1437 3006 1487 autem
3056 1432 3324 1502 Eulogius
3356 1448 3555 1486 carnes
3585 1431 3663 1486 ad

2057 1538 2187 1576 eum
2214 1522 2420 1576 attulit.
2437 1522 2578 1576 Cum
2599 1538 2694 1576 eas
2713 1527 2905 1576 autem
2926 1521 3158 1575 vidisset
3176 1520 3508 1591 impatiens:
3534 1521 3666 1574 Non

2057 1612 2191 1665 satis
2215 1617 2300 1665 est
2317 1611 2476 1676 mihi,
2508 1611 2711 1682 inquit,
2735 1617 2921 1666 tecum
2945 1627 3064 1664 esse
3084 1611 3284 1675 solum,
3310 1609 3509 1664 turbas
3535 1609 3663 1664 volo

377 1706 589 1760 causis:
621 1705 770 1759 inter
790 1721 928 1776 quos
949 1704 1056 1759 fuit
1085 1705 1259 1759 etiam
1280 1705 1546 1776 Eulogius
1568 1705 1980 1759 Alexandrinus
2002 1698 2311 1759 Bcernere.
2356 1700 2420 1755 Ei
2455 1705 2643 1754 autem
2686 1700 2827 1754 dicit
2855 1700 3122 1770 Eulogius
3153 1718 3165 1752 :
3220 1700 3334 1770 Ego
3363 1703 3435 1752 ad
3464 1704 3520 1752 te
3543 1700 3666 1768 jam

379 1795 705 1861 monachus,
739 1800 795 1848 et
817 1810 944 1848 cum
984 1811 1049 1848 eo
1085 1795 1228 1848 alius
1285 1793 1554 1848 membris
1594 1810 1845 1862 mancus,
1880 1793 1973 1865 qui

379 1884 603 1954 quidem
620 1889 855 1956 propter
881 1884 1054 1938 talem
1081 1900 1309 1938 causam
1335 1890 1707 1938 accesserunt.

948 2004 1184 2059 CAPUT
1216 2005 1413 2059 XXVI.

381 2132 454 2186 De
479 2131 708 2199 Eulogi'o
732 2128 844 2202 (61)
872 2131 1252 2184 Alexandrino
1277 2135 1326 2184 et
1364 2146 1420 2183 eo
1448 2132 1548 2198 qui
1574 2133 1694 2183 erat
1721 2129 1982 2183 membris

1052 2235 1303 2272 mancus.

458 2330 642 2392 U28
672 2326 776 2380 Hic
806 2325 1072 2396 Eulogius
1092 2325 1199 2380 fuit
1224 2325 1646 2396 disciplinarum
1665 2323 1980 2379 liberalium

377 2415 740 2470 scholasticus
787 2417 998 2482 (Pasch.
1032 2431 1076 2470 ο.
1108 2415 1196 2481 49,
1229 2431 1287 2468 n.
1323 2413 1394 2480 3),
1429 2414 1523 2484 qui
1553 2413 1740 2467 divino
1789 2429 1980 2467 amore

377 2505 681 2565 sauciatus,
702 2509 936 2574 prepter
957 2503 1297 2557 desiderium
1319 2502 1764 2556 immortalitatis
1777 2518 1981 2556 renun-

376 2594 539 2647 tiavit
565 2593 902 2648 tumultibus
928 2611 939 2658 ;
960 2597 1150 2646 etcum
1171 2608 1365 2645 omnes
1383 2607 1513 2644 suas
1525 2590 1874 2661 dispersisset
1896 2590 1979 2645 fa-

379 2683 634 2748 cultates,
652 2681 757 2735 sibi
789 2681 1018 2750 reliquit
1041 2697 1246 2751 paucos
1276 2696 1558 2742 nummos,
1575 2695 1701 2734 cum
1715 2696 1826 2734 non
1848 2696 1978 2750 pos-

2065 1790 2339 1844 adducam
2386 1790 2788 1844 monachorum
2835 1789 3277 1843 multitudinem.
3321 1789 3420 1842 Ille
3470 1795 3665 1842 autem

2065 1896 2262 1934 rursus
2307 1895 2454 1950 aegre
2483 1879 2688 1945 ferens,
2720 1877 2852 1933 dicit
2881 1895 2894 1933 :
2924 1878 3020 1932 Vae
3049 1877 3187 1932 mihi
3216 1877 3422 1930 misero
3456 1894 3469 1928 :
3497 1880 3664 1930 tuum

2068 1974 2358 2040 aspectum
2383 1968 2527 2023 ferre
2548 1984 2660 2022 non
2689 1984 2944 2039 possum;
2974 1971 3030 2021 et
3048 1973 3111 2021 tu
3132 1967 3204 2020 ad
3224 1982 3315 2019 me
3335 1965 3564 2020 adducis
3580 1965 3664 2019 tui

2065 2058 2297 2122 similes,
2322 2058 2418 2128 qui
2447 2074 2573 2112 cum
2605 2057 2718 2111 sint
2746 2056 2934 2123 otiosi,
2959 2055 3283 2110 comedunt.
3313 2054 3664 2109 Etinsolenti

2063 2163 2197 2201 voce
2225 2147 2470 2218 seipsum
2499 2147 2738 2210 lanians,
2769 2144 3196 2200 vociferabatur.
3229 2144 3417 2198 dicens
3448 2161 3461 2196 :
3497 2144 3659 2211 Nolo,

2064 2236 2226 2304 nolo;
2261 2236 2318 2290 in
2339 2236 2523 2291 forum
2552 2235 2752 2290 deduci
2782 2235 2922 2290 volo.
2957 2235 3002 2289 Ο
3037 2234 3328 2288 violentia!
3361 2232 3542 2304 abjice
3570 2249 3661 2286 me

2062 2324 2158 2378 ubi
2187 2325 2470 2380 invenisti.
2493 2324 2630 2379 Dico
2648 2325 2796 2396 quod
2824 2323 2871 2378 si
2899 2323 3187 2377 habuisset
3210 2335 3430 2388 manus,
3465 2322 3523 2376 in
3543 2321 3663 2375 ani-

2062 2430 2219 2468 mum
2251 2414 2561 2469 induxisset
2600 2414 2689 2467 vel
2725 2429 2784 2468 se
2814 2413 3104 2479 suﬁocare,
3128 2411 3216 2466 vel
3239 2410 3342 2465 sibi
3374 2427 3508 2464 ense
3536 2427 3659 2464 ma-

2062 2519 2168 2558 nus
2197 2503 2422 2558 inferre.
2459 2505 2598 2558 Cum
2625 2503 2844 2557 daemon
2863 2502 2944 2556 sic
2971 2519 3100 2556 eum
3132 2502 3436 2568 eﬂ’erasset,
3464 2505 3660 2572 postea

2062 2609 2122 2647 se
2140 2592 2352 2647 confert
2372 2592 2636 2663 Eulogius
2657 2592 2728 2646 ad
2741 2591 3081 2663 propinquos
3099 2591 3422 2656 monachos,
3441 2595 3500 2643 et
3519 2589 3659 2644 dicit

2061 2681 2142 2736 eis
2179 2699 2191 2734 :
2225 2680 2369 2745 Quid
2400 2680 2596 2735 faciam
2629 2681 2653 2734 ?
2695 2681 2766 2735 ad
2808 2680 3254 2751 desperationem
3285 2696 3373 2733 me
3423 2679 3656 2733 deduxit

379 2776 466 2824 set
497 2770 734 2840 operari.
753 2770 896 2824 Cum
926 2786 1058 2840 ergo
1079 2785 1178 2840 per
1199 2786 1258 2823 se
1279 2774 1583 2839 angeretur
1612 2769 1802 2822 animo
1818 2774 1876 2822 et
1897 2785 1979 2822 es-
2060 2771 2372 2825 mutilatus.
2404 2770 2610 2825 Dicunt
2625 2770 2675 2824 ei
2701 2787 2712 2823 :
2738 2768 3112 2834 Quamobrem
3131 2769 3156 2821 Ἰ
3172 2768 3272 2822 Ille
3300 2774 3518 2822 autem:
3545 2767 3655 2833 Me,

380 2864 467 2914 set
482 2859 680 2924 tristis,
715 2865 773 2913 et
799 2874 980 2929 neque
1005 2859 1172 2912 vellet
1197 2875 1325 2912 cum
1355 2857 1480 2911 aliis
1499 2857 1977 2928 congredi,neque
2059 2859 2259 2930 inquit,
2299 2862 2546 2930 graviter
2573 2858 2772 2920 afﬁcit;
2810 2874 2912 2912 nec
2943 2858 3056 2912 scio
3087 2857 3219 2928 quid
3242 2855 3462 2910 faciam.
3495 2855 3658 2925 Abji-

378 2952 444 3000 ut
463 2947 614 3001 solus
643 2952 791 3001 esset
823 2946 960 3000 satis
996 2945 1100 2999 sibi
1129 2946 1516 3016 persuaderet,
1546 2946 1760 3000 invenit
1779 2962 1974 3016 quem-
2005 3014 2038 3018 _
2059 2949 2200 3002 ciam
2227 2948 2447 3018 ipsum?
2476 2947 2572 3002 sed
2594 2948 2710 3002 Deo
2737 2947 2866 3002 dedi
2894 2947 3199 3011 dexteram,
3234 2951 3292 3000 et
3313 2945 3505 2999 timeo.
3530 2945 3658 2999 Non

378 3036 509 3090 dam
540 3052 802 3090 mancum
832 3051 896 3089 ac
929 3014 1251 3089 mutilatum
1291 3035 1350 3088 in
1375 3035 1495 3088 foro
1517 3014 1846 3105 projectum,
1880 3035 1976 3105 qui
1992 3014 2040 3076 Ο
2059 3014 2319 3108 abjiciam
2335 3037 2357 3090 ?
2376 3037 2472 3091 sed
2494 3053 2584 3090 me
2597 3036 2718 3090 dies
2733 3041 3034 3106 noctesque
3064 3035 3212 3089 male
3238 3033 3425 3088 habet.
3451 3033 3656 3088 Nescio

379 3142 482 3179 nec
502 3141 703 3179 manus
740 3123 983 3178 habebat
1003 3140 1104 3178 nec
1135 3124 1303 3194 pedes
1333 3143 1344 3176 :
1382 3124 1433 3177 ei
1463 3124 1642 3177 solum
1665 3124 1857 3194 lingua
1890 3140 1976 3178 re-
2059 3126 2192 3198 quid
2220 3125 2446 3182 faciam.
2496 3126 2564 3180 Et
2617 3125 2809 3179 dicunt
2844 3125 2924 3178 illi
2963 3123 3217 3178 absolute
3256 3146 3267 3175 ;
3294 3123 3494 3176 Adhuc
3521 3122 3657 3176 vivit

377 3220 665 3268 manserat
699 3214 919 3284 integra
947 3213 1018 3266 ad
1056 3213 1455 3283 alloquendum
1485 3228 1583 3266 eos
1631 3213 1726 3283 qui
1767 3212 1976 3266 incide-
2057 3232 2296 3285 magnus
2317 3215 2410 3268 ille
2433 3214 2532 3281 (sic
2551 3215 2700 3269 enim
2723 3214 2997 3268 vocabant
3023 3217 3279 3266 sanctum
3295 3210 3652 3281 Antonium),

378 3303 532 3357 bant.
565 3301 833 3372 Eulogius
862 3307 1050 3356 autem
1067 3306 1246 3364 stans.
1267 3317 1396 3355 eum
1426 3301 1547 3354 ﬁxis
1567 3301 1822 3355 intuetur
1849 3317 1976 3355 ocu-
2057 3305 2293 3360 ascende
2312 3303 2382 3358 ad
2401 3302 2945 3374 ipsum,mutilatum
2964 3299 3327 3372 imponensin
3343 3299 3652 3369 navigium;

376 3393 466 3458 lis,
491 3397 549 3446 et
563 3392 741 3445 Deum
763 3397 942 3461 rogat,
957 3397 1014 3444 et
1033 3407 1160 3445 cum
1183 3391 1300 3445 Deo
1320 3390 1425 3444 hoc
1456 3389 1622 3444 modo
1652 3390 1970 3461 paciscitur,
2057 3397 2115 3447 et
2141 3392 2296 3446 defer
2311 3408 2440 3446 eum
2461 3391 2520 3444 in
2540 3391 2965 3455 monasterium,
2985 3395 3043 3444 et
3061 3394 3319 3460 exspecta
3341 3388 3520 3442 donec
3541 3404 3657 3442 ma-

379 3480 864 3547 dicenszDomine,
905 3486 1136 3551 propter
1162 3483 1370 3533 nomen
1388 3485 1551 3534 tuum
1581 3479 1792 3550 accipio
1827 3479 1975 3534 hunc
2055 3498 2201 3552 gnus
2222 3482 2438 3535 venerit
2455 3497 2484 3534 e
2506 3480 2792 3551 spelunca,
2809 3485 2866 3534 et
2884 3480 2954 3534 ad
2975 3495 3104 3533 eum
3125 3478 3272 3532 refer
3294 3477 3658 3548 judicium,et

380 3570 724 3636 mutilatum,
753 3574 810 3624 et
853 3586 980 3624 eum
1014 3585 1102 3622 me
1130 3573 1515 3623 recreaturum
1544 3585 1609 3622 ac
1634 3568 1972 3622 refecturum
2057 3571 2208 3642 quod
2237 3569 2342 3624 tibi
2370 3569 2591 3634 dixerit,
2639 3575 2725 3623 sta
2767 3569 2916 3623 illius
2967 3567 3278 3622 sententiae.
3319 3567 3472 3621 Deus
3501 3565 3656 3620 enim

375 3662 622 3733 spondeo
638 3678 814 3733 usque
835 3661 906 3715 ad
933 3662 1131 3716 horam
1157 3662 1354 3715 mortis
1383 3663 1524 3731 ejus,
1542 3666 1606 3714 ut
1626 3677 1728 3731 ego
1753 3677 1974 3732 quoque
2054 3659 2157 3714 tibi
2185 3659 2337 3714 dicet
2363 3675 2464 3730 per
2511 3659 2716 3729 ipsum.
2749 3657 2949 3712 Verbis
2976 3673 3170 3711 eorum
3211 3671 3426 3709 morem
3479 3653 3660 3725 gessit

378 3767 478 3822 per
507 3767 635 3805 eum
665 3751 849 3804 salvus
869 3752 1019 3804 fiam.
1042 3750 1271 3820 Largire
1297 3766 1431 3820 ergo
1452 3749 1610 3815 mihi,
1632 3749 1870 3814 Christe,
1879 3766 1975 3820 pa-
2056 3749 2342 3819 Eulogius,
2360 3754 2417 3802 et
2435 3748 2696 3802 mutilata
2715 3746 3025 3813 blandiens,
3040 3761 3169 3800 cum
3183 3761 3313 3800 eum
3332 3743 3660 3798 immisisset

375 3839 652 3905 tientiam,
677 3844 742 3893 ut
759 3839 809 3892 ei
830 3838 1153 3892 inserviam.
1182 3839 1252 3892 Et
1272 3838 1342 3891 ad
1361 3854 1487 3891 eum
1512 3838 1803 3905 accedens,
1840 3839 1976 3892 dicit
2055 3837 2115 3892 in
2135 3837 2393 3910 cymbam
2422 3837 2778 3908 pastoralem,
2808 3841 2976 3890 noctu
3005 3851 3265 3905 egressus
3291 3840 3377 3888 est
3401 3847 3468 3887 ex
3490 3831 3654 3898 urbe,

381 3928 434 3982 ei
459 3945 470 3981 :
496 3927 595 3980 Vis
623 3943 725 3997 ego
746 3932 802 3981 te
823 3927 988 3980 domo
1009 3924 1296 3997 accipiam,
1326 3931 1384 3980 et
1408 3932 1465 3980 te
1483 3943 1730 3981 recreem
1759 3943 1824 3981 ac
1849 3928 1976 3981 refi-
2057 3932 2114 3981 et
2125 3927 2255 3981 tulit
2271 3943 2400 3981 eum
2413 3927 2471 3979 in
2491 3925 2895 3980 monasterium
2914 3922 3317 3994 discipulorum
3337 3921 3528 3992 magni
3540 3922 3654 3975 An-

379 4017 562 4070 ciam?
580 4017 679 4070 Ille
711 4016 763 4069 ei
789 4015 952 4069 dicit:
986 4015 1213 4070 Utinam
1236 4015 1568 4086 dignareris,
1602 4017 1698 4071 sed
1718 4033 1821 4087 ego
1845 4033 1970 4070 sum
2056 4016 2214 4070 tonii.
2246 4015 2463 4070 Accidit
2489 4020 2679 4070 autem
2697 4019 2762 4068 ut
2783 4013 2893 4068 alio
2918 4012 3010 4066 die
3036 4011 3252 4066 veniret
3271 4026 3512 4080 magnus
3528 4024 3654 4063 sero

375 4105 660 4176 indignus.
677 4105 833 4158 Vado
849 4120 1000 4174 ergo,
1035 4104 1237 4175 inquit,
1271 4109 1328 4159 et
1354 4105 1628 4160 adducam
1654 4105 1898 4171 asinum,
1920 4111 1978 4160 et
2057 4121 2305 4176 vespere,
2335 4109 2400 4158 ut
2425 4104 2674 4158 narravit
2697 4102 2954 4166 Cronius,
2970 4100 3208 4155 amictus
3229 4098 3523 4170 chlamyde
3539 4097 3657 4168 pel-

380 4200 436 4249 te
463 4195 594 4248 hinc
624 4194 896 4248 auferam.
931 4194 1072 4248 Cum
1101 4210 1305 4264 magno
1325 4198 1514 4248 autem
1543 4195 1749 4265 gaudio
1777 4200 1862 4249 est
1890 4211 1977 4249 as-
2055 4194 2523 4263 Iicea.Ingressus
2543 4199 2629 4247 est
2658 4208 2790 4262 ergo
2813 4191 2871 4245 in
2890 4206 3055 4244 suum
3086 4187 3659 4247 monasterium.erat

379 4299 578 4337 sensus
609 4283 656 4337 is
703 4284 799 4354 qui
828 4288 950 4336 erat
980 4283 1291 4336 mutilatus.
1327 4283 1469 4337 Eum
1499 4299 1631 4353 ergo
1662 4283 1892 4338 sustulit
1918 4288 1976 4337 et
2057 4287 2247 4336 autem
2274 4283 2389 4336 haec
2419 4283 2540 4352 ejus
2568 4280 2934 4344 consuetudo,
2960 4283 3027 4332 ut
3054 4278 3435 4347 alloqueretur
3463 4276 3657 4329 Maca-

376 4372 622 4444 portavit
649 4372 705 4425 in
725 4388 892 4425 suum
921 4371 1300 4442 hospitiolum,
1325 4373 1374 4442 ej
1384 4387 1560 4442 usque
1580 4387 1772 4426 curam
1800 4372 1974 4442 gessit
1988 4373 2038 4431 D
2056 4372 2223 4435 rium,
2238 4376 2296 4424 et
2313 4386 2441 4424 eum
2466 4370 2842 4440 interrogaret
2865 4384 2878 4422 :
2901 4367 3100 4421 Frater
3119 4366 3656 4430 Macari,venerunt—

378 4462 439 4515 in
459 4460 719 4523 omnibus
745 4460 949 4531 quibus
967 4476 1104 4531 opus
1119 4459 1334 4514 habuit.
1353 4460 1646 4530 Perpetuis
1663 4477 1795 4531 ergo
1813 4461 1973 4531 quin—
2055 4477 2125 4515 ne
2150 4461 2260 4514 huc
2290 4459 2507 4530 aliqui?
2548 4455 2944 4528 Respondebat
2970 4455 3248 4510 Macarius
3281 4469 3294 4504 τ
3335 4453 3651 4506 Venerunt.

377 4549 558 4604 decim
603 4549 786 4612 annis,
843 4549 891 4603 is
921 4549 1016 4619 qui
1045 4555 1168 4602 erat
1198 4549 1489 4603 mutilatus
1514 4548 1779 4602 benevole
1807 4549 1876 4602 ab
1907 4566 1972 4604 eo
2054 4548 2284 4603 Dicebat
2303 4553 2492 4602 autem
2508 4562 2747 4617 magnus
2783 4546 3035 4599 :Suntne
3056 4541 3323 4614 Egyptii,
3349 4541 3659 4595 anJeroso-

378 4639 682 4694 curabatur
704 4644 976 4709 tanquam
1009 4643 1186 4708 pater,
1201 4643 1265 4691 ut
1293 4637 1388 4708 qui
1413 4637 1712 4703 lavaretur,
1728 4654 1972 4708 ungere-

377 4733 490 4793 tur,
525 4727 828 4790 foveretur,
874 4732 931 4781 et
982 4731 1304 4798 portaretur
1350 4725 1610 4780 manibus
1647 4727 1884 4796 Eulogii,
1919 4731 1976 4780 et

377 4833 548 4887 supra
571 4833 732 4871 suam
757 4816 1089 4887 dignitatem
1116 4815 1341 4886 quidem
1362 4814 1756 4878 custodiretur,
1781 4815 1975 4870 morbo

379 4909 569 4959 autem
599 4905 992 4960 convenienter
1019 4905 1362 4958 reficeretur.
1382 4905 1515 4958 Post
1535 4903 1853 4974 quindecim
1874 4920 1975 4959 au-

375 4999 495 5048 tem
523 5009 702 5047 annos
727 4994 934 5049 invasit
962 4995 1180 5048 daemon
1209 5009 1339 5047 eum
1383 4993 1476 5064 qui
1509 4998 1632 5047 erat
1662 4993 1972 5059 mutilatus,

375 5082 566 5136 volens
595 5082 812 5152 privare
852 5083 1147 5152 Eulogium
1198 5082 1464 5136 mandato
1495 5087 1551 5136 et
1581 5081 1886 5152 proposito,
1921 5086 1978 5136 et

377 5170 700 5226 mutilatum
734 5188 768 5224 a
820 5170 1140 5236 refectione,
1177 5177 1233 5224 et
1260 5169 1362 5225 Dei
1391 5169 1704 5240 gratiarum
1734 5170 1971 5238 actione,

378 5259 822 5330 seditionemque
853 5260 1054 5314 excitat
1085 5260 1141 5313 in
1171 5259 1500 5329 Eulogium;
1527 5259 1830 5329 multisque
1845 5275 1973 5313 eum

376 5348 598 5422 probris
627 5349 799 5420 coepit
819 5348 1056 5418 insequi,
1074 5348 1213 5402 adeo
1235 5353 1299 5402 ut
1327 5365 1457 5402 eum
1485 5347 1652 5401 etiam
1685 5352 1976 5418 appeteret

377 5438 712 5506 maledictis,
745 5438 934 5492 dicens
963 5436 1251 5508 deinceps:
1286 5437 1391 5491 Abi
1421 5437 1569 5503 hinc,
1603 5436 1870 5490 scelerate
1893 5437 1976 5491 fu-

374 5528 547 5598 gitive
569 5527 704 5598 (62).
730 5526 1049 5584 Suﬂ‘uratus
1078 5542 1136 5580 es
1166 5526 1377 5580 alienas
1409 5526 1694 5598 pecunias,
1718 5531 1776 5581 et
1802 5525 1978 5580 domi-

381 5631 520 5673 num
567 5615 856 5691 spoliasti;
907 5620 964 5674 et
991 5632 1117 5673 meo
1146 5619 1420 5691 praetextu
1447 5614 1529 5673 vis
1556 5615 1751 5686 latere,
1783 5619 1850 5672 ut
1879 5613 1977 5689 qui

2054 4637 2337 4709 lymitani?
2349 4636 2592 4691 Dederat
2611 4641 2800 4689 autem
2823 4649 3062 4703 magnus
3081 4632 3134 4686 ei
3152 4631 3396 4700 signum,
3421 4629 3613 4683 dicens
3639 4646 3654 4682 :

2058 4727 2198 4780 Cum
2220 4724 2423 4778 videris
2435 4723 2650 4777 venisse
2663 4722 2880 4792 aliquos
2899 4720 3101 4792 quibus
3113 4725 3200 4773 est
3218 4718 3404 4772 minus
3419 4717 3655 4787 negotii,

2057 4815 2147 4869 dic
2170 4832 2181 4867 :
2210 4814 2430 4868 Adsunt
2450 4812 2715 4883 Egyptii.
2741 4810 2975 4874 Quando
2997 4814 3186 4863 autem
3208 4806 3410 4861 videris
3438 4805 3660 4860 venisse

2058 4905 2276 4974 aliquos
2296 4901 2672 4972 religiosiores
2702 4906 2758 4954 et
2780 4899 2946 4971 paulo
2992 4896 3478 4961 consideratiores,
3516 4894 3606 4948 dic
3642 4910 3658 4947 :

2061 4993 2205 5047 Sunt
2221 4989 2673 5062 Jerosolymitani
2683 5030 2692 5042 .
2701 4987 2955 5059 Rogabat
2968 5003 3101 5056 ergo
3113 5001 3350 5056 magnus
3361 5000 3463 5055 pro
3475 4998 3660 5048 more.

2058 5081 2246 5135 dicens
2266 5079 2426 5133 fratri
2447 5079 2691 5133 Macario
2713 5094 2724 5129 :
2752 5078 2896 5132 Sunt
2907 5074 3152 5146 Egyptii
3170 5074 3390 5138 fratres,
3415 5088 3490 5126 an
3501 5071 3664 5126 Jero-

2057 5168 2424 5240 solymitani?
2455 5166 2777 5238 Respondet
2803 5163 3100 5229 Macarius,
3124 5163 3312 5217 dicens
3346 5179 3358 5214 :
3393 5161 3490 5215 Est
3509 5160 3661 5214 mix-

2055 5263 2203 5312 tura.
2223 5257 2458 5321 Quando
2489 5271 2622 5326 ergo
2647 5253 2865 5309 dicebat
2883 5252 3160 5307 Macarius
3177 5270 3190 5304 :
3207 5252 3352 5305 Sunt
3372 5248 3658 5319 Egyptii,

2057 5345 2275 5400 dicebat
2304 5345 2354 5400 ei
2384 5360 2655 5415 magnus:
2681 5344 2824 5398 Para
2849 5341 2928 5396 eis
2956 5342 3184 5396 lentem.
3217 5345 3274 5393 et
3299 5338 3373 5391 da
3403 5336 3486 5391 eis
3504 5335 3658 5408 quod

2057 5435 2371 5490 comedant.
2394 5435 2462 5488 Et
2488 5432 2727 5487 faciebat
2755 5431 2835 5486 eis
2851 5447 3022 5486 unam
3046 5427 3378 5492 orationem,
3391 5429 3440 5488 θ
3453 5429 3586 5491 πθ
3601 5429 3663 5479 et

2057 5523 2376 5578 dimittebat
2385 5521 2740 5586 eos.Quando
2756 5525 2947 5574 autem
2962 5517 3198 5573 dicebat:
3205 5517 3350 5571 Sunt
3367 5513 3658 5584 Jerosoly-

2057 5613 2279 5681 mitani,
2308 5610 2539 5668 sedebat
2557 5625 2659 5684 per
2686 5613 2867 5666 totam
2886 5613 3133 5679 noctem,
3158 5609 3216 5661 et
3241 5603 3323 5662 eis
3341 5601 3566 5661 dicebat
3584 5617 3657 5666 ea
