4008 6210
379 276 397 332 l
417 275 514 332 125
1640 275 1984 332 HISTORIA

2020 275 2394 332 LAUSIACA.
3506 277 3526 334 1
3541 275 3642 334 126

371 417 493 472 que
523 398 808 471 pertinent
837 398 907 453 ad
939 398 1198 453 salutem.
1235 397 1444 453 Sedens
1460 414 1594 469 ergo
1624 399 1720 453 illo
1742 401 2039 470 vespereA
2055 416 2276 471 quoque
2304 399 2363 454 in
2389 414 2589 454 manus
2608 398 2711 454 Dei
2737 415 2901 455 suum
2929 399 3342 454 commendavit
3359 399 3639 471 spiritum.

369 505 564 544 omnes
599 488 834 542 accersit
864 505 1121 558 magnus.
1158 489 1412 558 Cumque
1439 489 1628 542 nullus
1656 489 1708 542 ei
1735 489 1964 542 dixisset

369 578 518 648 quod
546 594 752 632 nomen
781 577 1014 631 haberet
1042 577 1423 644 scholasticus,
1465 594 1591 632 cum
1625 595 1783 632 serus
1817 585 1966 633 esset

365 683 582 738 vesper,
600 672 761 721 vocat
791 684 918 721 eum
940 667 1129 721 dicens
1160 667 1408 736 :Eulogi,
1429 668 1646 736 Eulogi,
1667 666 1965 738 Eulogi;et

366 771 494 810 cum
525 760 610 809 ter
638 755 1058 826 proclamasset,
1091 762 1148 809 ct
1177 755 1538 810 scholasticus
1568 756 1832 825 Eulogius
1853 772 1965 810 non

366 843 767 915 respondisset,
806 850 1010 915 putans
1048 845 1290 914 aliquem
1320 845 1493 898 alium
1521 845 1704 899 vocari
1735 846 1837 898 hoc
1862 862 1963 899 no-

367 933 538 997 mine,
557 933 692 987 dicit
720 933 770 988 ei
800 950 1038 1002 magnus
1059 933 1211 988 :Tibi
1231 934 1373 999 dico,
1399 934 1614 1004 Eulogi,
1640 933 1734 1004 qui
1763 933 1964 988 venisti

366 1022 437 1076 ab
466 1021 822 1076 Alexandria.
847 1023 1002 1076 Tunc
1024 1023 1075 1076 ei
1105 1023 1240 1076 dicit
1274 1023 1539 1092 Eulogius
1563 1041 1573 1075 :
1610 1023 1754 1086 Quid
1775 1022 1959 1092 jubes,

366 1111 593 1181 quaeso?
612 1111 757 1164 Dicit
783 1111 833 1164 ei
862 1127 1100 1181 magnus
1125 1129 1134 1163 :
1161 1111 1304 1174 Quid
1320 1112 1428 1165 huc
1443 1111 1681 1165 venisti?
1711 1111 1963 1182 Respon-

369 1200 455 1254 dit
483 1200 534 1254 ei
564 1199 848 1270 Eulogius,
879 1200 1069 1254 dicens
1104 1218 1114 1252 :
1145 1200 1253 1264 Qui
1298 1199 1400 1254 tibi
1443 1200 1708 1254 revelavit
1760 1217 1964 1255 nomen

367 1305 578 1353 meum,
613 1305 733 1342 rem
759 1306 980 1360 quoque
1029 1293 1258 1360 propter
1301 1306 1469 1360 quam
1503 1290 1629 1343 veni
1678 1290 1959 1344 revelavit.

367 1378 584 1433 Dicitei
615 1383 840 1432 sanctus
864 1379 1140 1432 Antonius
1165 1379 1376 1432 :Didici
1394 1396 1567 1449 quare
1588 1379 1792 1433 venisti
1817 1398 1829 1446 ;
1865 1380 1963 1433 sed

368 1465 456 1520 dic
480 1483 670 1520 coram
703 1466 987 1530 fratribus,
1023 1472 1089 1519 ut
1133 1466 1239 1536 ipsi
1286 1483 1506 1537 quoque
1545 1467 1796 1521 audiant.
1847 1468 1968 1521 Jus-

368 1571 465 1609 sus
523 1563 713 1610 autem
767 1573 801 1609 a
843 1572 1047 1625 magno
1092 1555 1375 1626 Eulogius,
1417 1555 1557 1610 dixit
1614 1573 1802 1610 coram
1853 1573 1969 1610 om-

371 1643 557 1699 nibus.

443 1787 604 1841 Hunc
635 1788 954 1843 mutilatum
993 1788 1178 1842 inveni
1207 1805 1310 1858 ego
1331 1788 1390 1842 in
1419 1789 1537 1843 foro
1569 1789 1880 1860 projectum
1913 1794 1971 1844 et

371 1876 652 1946 neglectui
677 1877 950 1932 habitum.
984 1879 1117 1944 Eius
1145 1883 1333 1932 autem
1349 1879 1629 1945 misertus,
1650 1880 1825 1934 Deum
1843 1896 1968 1934 sum

375 1972 638 2036 precatus
659 1973 721 2020 ut
740 1967 900 2021 daret
921 1967 1060 2021 mihi
1089 1968 1331 2038 gratiam
1350 1969 1408 2021 in
1427 1969 1611 2039 ipsum
1630 1969 1964 2029 tolerantiae,

379 2061 435 2108 et
456 2055 613 2108 illum
631 2056 924 2127 assumpsi.
943 2057 1238 2110 Dexteram
1264 2074 1484 2128 quoque
1505 2057 1632 2110 dedi
1652 2058 1786 2123 Deo,
1820 2057 1968 2128 quod

377 2143 438 2196 in
463 2143 658 2197 morbo
687 2147 808 2215 ejus
837 2162 1030 2200 curam
1055 2162 1268 2216 geram,
1299 2152 1363 2199 ut
1409 2152 1465 2199 et
1501 2163 1602 2216 ego
1643 2163 1744 2217 per
1783 2147 1966 2217 ipsum

376 2233 564 2286 salvus
578 2234 727 2299 liam,
752 2234 935 2305 etipse
957 2251 990 2288 a
1006 2251 1095 2288 me
1117 2241 1419 2290 recreetur.
1445 2236 1588 2289 Sunt
1612 2242 1800 2289 autem
1813 2235 1972 2306 quin-

376 2322 556 2378 decim
587 2325 719 2378 anni
750 2343 816 2378 ex
844 2343 953 2396 quo
978 2325 1146 2380 simul
1174 2343 1481 2392 versamur,
1496 2327 1640 2380 sicut
1668 2325 1837 2380 etiam
1858 2332 1971 2380 tum

377 2413 661 2467 sanctitati
691 2415 936 2468 revelata
963 2420 1095 2468 sunt
1120 2415 1330 2469 omnia.
1357 2415 1463 2469 Sed
1487 2414 1672 2469 nescio
1703 2415 1971 2486 quidnam

376 2502 512 2556 mali
543 2519 576 2555 a
604 2521 693 2557 me
726 2521 940 2574 passus,
965 2510 1092 2575 post
1108 2509 1192 2558 tot
1220 2521 1397 2558 annos
1427 2522 1515 2559 me
1545 2521 1763 2558 summe
1790 2510 1994 2571 vexat,_

378 2596 436 2644 et
464 2591 520 2644 in
550 2593 736 2646 animo
762 2594 933 2647 habui
955 2594 1138 2665 ipsum
1173 2595 1393 2663 ejicere,
1414 2595 1534 2666 ipso
1563 2612 1652 2648 me
1673 2595 1743 2648 ad
1763 2595 1866 2648 hoc
1889 2611 1976 2647 co-

376 2687 565 2750 gente.
602 2682 678 2734 Ea
697 2682 765 2736 de
787 2700 954 2737 causa
969 2683 1094 2736 veni
1108 2683 1176 2736 ad
1190 2691 1346 2738 tuam
1362 2685 1738 2750 sanctitatem,
1755 2690 1819 2738 ut
1839 2684 1976 2738 mihi

377 2771 634 2824 consulas
665 2771 931 2841 quidnam
962 2771 1195 2826 debeam
1226 2772 1424 2840 facere,
1481 2780 1537 2828 et
1560 2790 1684 2828 ores
1719 2790 1818 2844 pro
1845 2790 1970 2841 me;

379 2875 470 2912 me
497 2859 646 2913 enim
675 2865 836 2914 vexat
858 2861 1125 2931 graviter.

425 2983 572 3036 Dicit
583 2984 633 3037 ei
648 3001 886 3055 magnus
900 2986 1178 3040 Antonius
1192 2987 1350 3056 gravi
1365 2991 1423 3040 et
1434 2992 1658 3041 austera
1671 2987 1977 3058 voce:Abji-

2117 490 2258 543 Cum
2287 505 2420 559 ergo
2450 489 2738 559 aliquanto
2761 495 3012 561 tempore
3045 494 3297 544 versatus
3328 494 3476 543 esset
3502 491 3641 544 Cro-

2045 577 2173 631 nius
2203 577 2348 632 circa
2378 577 2500 632 loca
2526 577 3138 642 Thebaidis,descendit
3156 577 3215 631 in
3235 577 3644 632 monasterium

2045 667 2415 732 Alexandriae,
2439 673 2496 720 et
2525 667 2725 720 accidit
2754 673 2819 721 ut
2845 666 2994 721 beati
3024 667 3251 738 quidem
3285 666 3502 736 Eulogii
3529 665 3643 721 obi-

2047 761 2138 809 tus
2170 773 2203 809 a
2231 755 2580 810 fraternitate
2603 755 2981 810 celebraretur
3008 756 3470 827 quadragesimus
3500 755 3638 822 dies,

2046 845 2230 899 manci
2261 851 2451 899 autem
2470 845 2690 900 tertius.
2729 846 2871 900 Cum
2901 846 3005 900 hoc
3030 862 3162 916 ergo
3190 845 3473 899 didicisset
3503 845 3641 900 Cro-

2046 934 2196 1002 nius,
2227 933 2548 1005 obstupuit;
2585 939 2639 988 et
2664 940 2952 1004 acceptum
2983 934 3364 1004 Evangelium,
3390 939 3454 988 ut
3473 934 3644 988 ﬁdem

2047 1022 2318 1078 haberent
2345 1023 2656 1088 audientes,
2685 1023 2874 1092 posuit
2894 1023 2952 1076 in
2977 1023 3160 1077 medio
3191 1024 3457 1089 fratrum;
3479 1028 3536 1077 et
3561 1023 3642 1077 eis

2040 1113 2270 1182 juravit,
2294 1129 2531 1166 narrans
2553 1111 2743 1182 magni
2762 1112 2993 1166 Antonii
3014 1112 3082 1166 de
3107 1111 3194 1166 his
3214 1112 3639 1183 praescientiam,

2045 1208 2103 1256 et
2131 1203 2199 1256 de
2229 1201 2490 1256 omnibus
2521 1217 2642 1271 quae
2686 1201 3027 1266 acciderunt,
3071 1207 3128 1255 et
3163 1201 3353 1255 dicens
3384 1215 3395 1249 :
3430 1202 3646 1256 Horum

2021 1307 2178 1361 ~ergo
2212 1290 2506 1346 verborum
2537 1289 2616 1343 fui
2653 1290 2952 1364 interpres,
2981 1307 3109 1345 cum
3139 1289 3338 1344 beatus
3367 1290 3644 1345 Antonius

2046 1381 2234 1434 Grznce
2248 1381 2505 1446 nesciret;
2525 1396 2628 1450 ego
2649 1396 2777 1434 vero
2790 1379 3033 1434 sciebam
3052 1385 3352 1450 utramque
3366 1380 3640 1449 linguam,

2051 1473 2107 1521 et
2131 1468 2211 1522 eis
2230 1485 2355 1522 sum
2382 1469 2803 1539 interpretatus,
2821 1468 2997 1522 beatis
3019 1468 3244 1539 quidem
3267 1469 3526 1539 deinceps
3549 1484 3648 1538 per

2051 1557 2258 1611 Christi
2278 1558 2520 1627 gratiam
2542 1577 2553 1610 :
2574 1559 2803 1628 Eulogio
2817 1564 2874 1612 et
2893 1574 3126 1628 corpore
3147 1558 3410 1612 mutilato
3432 1558 3643 1624 Graece,

2051 1661 2172 1715 quae
2193 1662 2227 1699 a
2250 1662 2454 1716 magno
2483 1647 2632 1700 dicta
2661 1651 2824 1717 sunt;
2845 1646 2952 1717 ipsi
2970 1651 3159 1700 autem
3179 1652 3372 1700 sancto
3397 1650 3450 1699 et
3483 1645 3645 1700 beato

1946 1742 2031 1810 "B
2052 1750 2367 1805 magnoque
2395 1734 2639 1789 Antonio
2665 1733 3013 1804 ngyptiace,
3072 1751 3195 1805 qua:
3231 1734 3377 1788 dicta
3418 1738 3551 1788 sunt
3578 1733 3648 1788 ab

2051 1827 2308 1894 utroque.

2595 1912 2828 1968 CAPUT
2853 1913 3074 1968 XXVII.

2123 2005 2196 2057 De
2234 2005 2689 2071 contemplatione
2711 2019 2880 2071 quam
2910 2004 3049 2056 vidit
3078 2003 3241 2056 abbas
3277 2004 3574 2058 Antoni-us.

2125 2092 2242 2146 Hoc
2265 2108 2486 2162 quoque
2517 2091 2767 2145 narravit
2797 2091 3034 2146 Cronius
3061 2091 3158 2144 illa
3186 2097 3348 2146 nocte
3380 2107 3651 2162 magnum

2053 2181 2132 2234 eis
2163 2197 2422 2236 narrasse
2453 2181 2762 2235 Antonium
2791 2201 2806 2237 :
2846 2181 2980 2250 Ego,
3005 2180 3211 2246 aiebat,
3245 2197 3393 2236 anno
3431 2182 3652 2252 integro

2053 2285 2343 2324 oraveram
2373 2274 2438 2324 ut
2459 2270 2802 2324 revelaretur
2821 2269 2957 2323 mihi
2979 2269 3130 2324 locus
3145 2271 3430 2340 justorum
3453 2276 3509 2325 et
3529 2287 3655 2341 pec-

2055 2360 2586 2428 catorum(Supral.
2609 2377 2644 2424 ι,
2662 2362 2724 2412 in
2753 2361 2868 2412 Vita
2890 2359 2946 2414 S.
2974 2359 3225 2425 Antonii,
3250 2377 3294 2414 ο.
3323 2359 3647 2426 38;Pasch.,

2055 2466 2100 2502 c.
2133 2447 2293 2516 19,91.
2319 2448 2391 2516 4).
2405 2447 2531 2502 Vidi
2543 2453 2732 2502 autem
2748 2447 3034 2518 gigantem
3051 2448 3276 2518 nigrum
3293 2449 3650 2516 altissimum,

2059 2537 2154 2608 qui
2184 2537 2255 2591 ad
2278 2535 2453 2591 nubes
2472 2554 2650 2608 usque
2668 2535 3039 2608 pertingebat,
3066 2537 3310 2592 habebat
3329 2547 3518 2592 autem
3539 2555 3658 2592 ma-

2058 2643 2163 2681 nus
2203 2627 2273 2680 ad
2299 2627 2500 2680 caelum
2542 2643 2721 2696 usque
2767 2631 3060 2693 extensas;
3111 2626 3256 2680 infra
3291 2633 3482 2681 autem
3531 2633 3657 2681 erat

2059 2717 2212 2770 lacus
2250 2717 2346 2786 qui
2374 2732 2529 2769 mare
2557 2714 2816 2785 aequabat
2834 2715 3241 2784 magnitudine.
3272 2716 3399 2770 Vidi
3433 2731 3656 2787 quoque

2057 2806 2273 2859 animas
2302 2811 2572 2876 tanquam
2601 2820 2730 2858 aves
2761 2821 2983 2858 sursum
3004 2805 3286 2873 volantes;
3316 2810 3373 2859 et
3392 2821 3659 2876 quaecun-

2059 2911 2166 2965 que
2197 2894 2421 2964 quidem
2450 2895 2572 2964 ejus
2594 2910 2793 2948 manus
2815 2898 2871 2946 et
2891 2899 3061 2964 caput
3079 2894 3528 2970 supervolabant,
3544 2910 3659 2949 ser-

2061 2983 2332 3037 vabantur
2361 2983 2430 3038 ab
2458 2983 2672 3053 angelis
2699 3001 2711 3049 ;
2766 3000 2887 3053 qua:
2919 2987 3106 3036 autem
3139 3000 3174 3036 a
3220 2983 3481 3038 manibus
3531 2985 3656 3054 ejus

374 3071 489 3125 cias
506 3078 568 3126 tu
591 3090 739 3141 eum,
765 3075 988 3144 Eulogi?
1009 3079 1065 3129 at
1083 3076 1178 3146 qui
1199 3091 1327 3130 eum
1345 3076 1552 3130 creavit
1571 3093 1677 3130 non
1695 3077 1974 3146 abjicit.Si
1991 3067 2034 3127 C
2058 3071 2512 3137 verberabantur,
2548 3069 2870 3125 incidebant
2897 3072 2954 3125 in
2985 3071 3188 3126 lacum.
3221 3072 3308 3125 Ad
3345 3089 3434 3126 me
3463 3072 3656 3142 itaque

374 3167 437 3214 tu
459 3177 586 3215 eum
605 3162 820 3233 abjicis,
835 3165 983 3218 Deus
1003 3165 1054 3218 ei
1065 3165 1326 3219 excitabit
1344 3170 1400 3218 te
1419 3165 1704 3219 meliorem
1727 3166 1823 3236 qui
1844 3183 1976 3221 eum

378 3249 624 3320 colligat.
676 3251 957 3306 Conticuit
991 3253 1278 3323 Eulogius,
1309 3259 1364 3306 et
1413 3254 1673 3308 extimuit
1701 3271 1829 3308 cum
1859 3255 1974 3308 haec

377 3341 667 3395 audiisset.
696 3341 911 3394 Relicto
941 3347 1130 3395 autem
1157 3341 1413 3412 Eulogio,
1440 3359 1681 3412 magnus
1696 3343 1974 3397 Antonius

376 3429 574 3499 incipit
589 3428 779 3498 lingua
800 3429 1084 3498 ﬂagellare
1105 3429 1449 3495 mutilatum,
1475 3436 1532 3484 et
1548 3431 1618 3484 ad
1641 3447 1772 3486 eum
1791 3431 1973 3485 excla-

378 3534 533 3572 mare
557 3537 571 3573 :
598 3518 868 3581 Mutilate,
889 3520 1163 3572 maculate
1179 3518 1265 3586 (63
1274 3534 1308 3586 ),
1332 3525 1486 3574 terra
1499 3521 1703 3574 etcmlo
1719 3520 1969 3590 indigne,

377 3623 492 3660 non
518 3622 700 3660 cessas
730 3622 855 3660 cum
887 3607 1002 3661 Deo
1026 3623 1294 3677 pugnare,
1328 3613 1386 3660 et
1403 3612 1564 3661 tuum
1593 3607 1822 3661 fratrem
1848 3607 1975 3661 irri-

377 3701 498 3748 tare
521 3695 544 3747 Τ
574 3695 764 3749 Nescis
793 3712 913 3750 esse
935 3695 1222 3750 Christum
1243 3696 1340 3767 qui
1367 3696 1470 3750 tibi
1488 3697 1809 3751 ministrat?
1827 3698 1978 3762 Quo-

380 3785 549 3838 modo
577 3785 748 3839 audes
769 3785 886 3839 haec
904 3785 1056 3856 loqui
1079 3787 1345 3840 adversus
1356 3787 1674 3841 Christum?
1703 3787 1828 3841 Non
1853 3803 1976 3858 pro-

381 3879 510 3945 pter
536 3874 821 3928 Christum
843 3891 902 3928 se
922 3879 1019 3930 tuo
1040 3875 1377 3946 mancipavit
1399 3877 1818 3931 servitio?Cum
1843 3893 1975 3947 ergo

383 3979 514 4017 eum
545 3979 764 4034 quoque
812 3963 993 4017 verbis
1044 3965 1380 4018 coercuisset
1413 3965 1849 4035 increpantibus,
1883 3983 1978 4020 eos

384 4051 648 4118 dimittit;
682 4058 736 4106 et
763 4069 890 4106 cum
920 4053 1274 4107 disseruisset
1321 4070 1448 4107 cum
1495 4053 1759 4107 fratribus
1805 4054 1874 4108 de
1909 4054 1978 4108 iis

387 4157 512 4211 quze
534 4147 694 4195 erant
723 4141 1024 4212 unicuique
1055 4142 1387 4207 necessaria,
1435 4159 1628 4196 rursus
1667 4143 1880 4196 accedit
1907 4143 1976 4196 ad

387 4229 684 4300 Eulogium
701 4237 757 4284 et
778 4230 1119 4298 mutilatum,
1139 4237 1196 4286 et
1219 4231 1357 4284 dicit
1377 4231 1458 4285 eis
1482 4251 1496 4284 :
1520 4233 1602 4286 Ne
1625 4248 1860 4302 usquam
1881 4232 1983 4285 im-

389 4319 702 4382 moremini,
730 4336 762 4373 ο
784 4319 1006 4384 fratres,
1030 4320 1126 4374 sed
1147 4319 1297 4374 abite
1315 4321 1372 4373 in
1397 4337 1551 4391 pace,
1571 4326 1628 4374 et
1656 4337 1726 4374 ne
1747 4321 1980 4375 invicem

2056 3178 2162 3216 vox
2193 3161 2465 3232 pervenit,
2499 3177 2620 3231 qua:
2650 3159 2870 3214 dicebat
2903 3179 2913 3212 :
2947 3161 3098 3224 Quas
3125 3160 3278 3214 vides
3310 3161 3528 3214 animas
3556 3176 3656 3215 su-

2056 3252 2371 3322 pervolasse
2417 3256 2589 3320 caput
2641 3250 2889 3320 gigantis
2917 3254 2975 3303 et
3005 3251 3127 3319 ejus
3155 3266 3374 3316 manus,
3416 3266 3494 3304 ea:
3522 3256 3658 3305 sunt

2057 3340 2260 3394 anima:
2280 3340 2584 3409 justorum,
2613 3355 2735 3409 quae
2765 3339 2990 3409 quidem
3023 3337 3092 3392 ab
3128 3339 3343 3408 angelis
3362 3345 3657 3394 servantur

2056 3429 2112 3483 in
2145 3429 2402 3501 paradiso
2426 3447 2436 3480 :
2461 3445 2585 3498 quae
2603 3434 2790 3482 autem
2813 3444 2845 3481 a
2871 3427 3130 3482 manibus
3156 3428 3304 3497 nigri
3329 3428 3656 3499 percutiun-

2055 3525 2168 3584 tur,
2194 3536 2272 3573 eae
2300 3519 2355 3572 in
2384 3517 2601 3571 inferno
2622 3517 3046 3588 demerguntur.
3074 3517 3206 3581 Quae
3222 3518 3448 3588 quidem
3477 3524 3657 3572 attra-

2058 3613 2158 3663 cta:
2185 3607 2413 3662 fuerunt
2424 3623 2456 3660 a
2475 3606 2760 3662 voluntate
2785 3607 2988 3672 carnis,
3012 3611 3069 3660 et
3082 3606 3270 3661 odium
3285 3612 3488 3662 secuta:
3500 3612 3652 3675 sunt,

2058 3703 2120 3752 et
2146 3697 2451 3752 referenda:
2477 3696 2697 3767 injuriae
2719 3696 3102 3767 cupiditatem.

2590 3786 2832 3840 CAPUT
2873 3785 3122 3840 XXVIII.

2351 3878 2465 3930 Vita
2488 3877 2700 3930 abbatis
2731 3878 2896 3929 Pauli
2924 3875 3206 3944 Simplicis
3234 3870 3365 3944 (65).

2130 3966 2391 4020 Narravit
2418 3972 2607 4020 autem
2629 3970 2855 4019 sanctus
2885 3964 3094 4020 Christi
3125 3980 3319 4019 servus
3345 3963 3568 4033 Hierax,
3603 3971 3663 4022 et

2061 4055 2319 4119 Cronius,
2335 4060 2390 4108 et
2411 4055 2599 4125 plures
2615 4055 2712 4108 alii
2741 4071 2806 4108 ex
2823 4053 3092 4108 fratribus
3109 4070 3177 4108 ea
3196 4071 3318 4125 quae
3340 4070 3465 4109 sum
3485 4056 3661 4112 dictu-

2063 4159 2159 4196 rus
2191 4144 2374 4209 (Ruf/1,
2405 4145 2444 4196 ι.
2483 4155 2544 4207 ιι,
2583 4159 2626 4195 c.
2657 4140 2766 4206 31),
2799 4143 2947 4212 quod
2979 4142 3206 4211 quidam
3244 4148 3430 4208 '30
3453 4145 3660 4199 Paulus

2064 4231 2302 4301 agrestis
2323 4230 2891 4300 agricola,insigniter
2906 4230 3175 4284 innocens
3194 4235 3251 4284 et
3261 4231 3510 4286 moribus
3531 4233 3661 4286 sim-

2065 4321 2210 4390 plex,
2253 4336 2482 4374 uxorem
2529 4319 2764 4373 duxerat
2821 4318 3115 4372 mulierem
3171 4319 3657 4388 formosissimum,

388 4423 467 4476 se]
493 4408 1008 4479 :iremini,deposita
1024 4411 1177 4464 omni
1201 4410 1459 4464 molestia
1479 4427 1645 4480 quam
1668 4409 1821 4464 vobis
1837 4411 2046 4483 inje-D
2064 4409 2161 4486 sed
2192 4408 2440 4462 moribus
2494 4406 2827 4477 improbam,
2879 4423 3001 4476 qua:
3031 4407 3358 4477 longissimo
3407 4413 3663 4479 tempore

389 4497 469 4550 cit
505 4497 721 4551 daemon
746 4517 758 4565 ;
789 4505 846 4552 et
889 4515 1017 4552 cum
1059 4498 1206 4552 bona
1233 4499 1527 4554 dilectione
1551 4500 1896 4554 revertimini
1926 4501 1984 4554 in

389 4586 589 4640 cellam
619 4586 674 4640 in
707 4603 817 4656 qua
837 4587 1266 4659 longotempore
1289 4589 1490 4642 versati
1505 4589 1664 4656 estis;
1699 4590 1812 4654 iam
1834 4590 1985 4644 enim

390 4676 542 4729 Deus
573 4676 760 4730 mittet
778 4677 849 4730 ad
878 4693 992 4731 vos.
1029 4679 1157 4732 Haec
1187 4677 1334 4731 enim
1361 4678 1598 4732 tentatio
1632 4678 1689 4732 in
1720 4695 1815 4732 vos
1844 4679 1987 4733 exci-

391 4770 514 4819 tata
541 4771 626 4819 est
654 4782 688 4819 a
717 4766 946 4830 Satana,
980 4767 1243 4837 quoniam
1265 4767 1370 4821 scit
1415 4784 1511 4822 vos
1547 4769 1666 4838 jam
1714 4768 1784 4822 ad
1816 4770 1985 4823 finem

394 4856 732 4926 pervenisse,
765 4861 821 4909 et
838 4855 1092 4910 futurum
1114 4873 1234 4910 esse
1251 4862 1313 4910 ut
1329 4873 1561 4910 coronas
1591 4874 1624 4910 a
1661 4858 1882 4912 Christo
1904 4874 1990 4912 ac-

393 4943 631 5015 cipiatis,
651 4945 837 5016 ipsum
858 4961 959 5016 per
985 4952 1055 5008 te,
1079 4951 1136 4999 et
1159 4951 1213 5000 te
1235 4963 1335 5016 per
1353 4962 1501 5000 eum.
1518 4946 1670 5000 Nihil
1693 4963 1824 5016 ergo
1835 4946 1988 5001 aliud

393 5033 802 5103 cogitaveritis.
831 5035 991 5098 Quod
1009 5035 1056 5087 si
1083 5035 1310 5088 veniens
1343 5036 1576 5105 angelus
1591 5035 1988 5089 noninvenerit

395 5140 488 5174 vos
511 5123 566 5175 in
587 5123 781 5176 eodem
808 5123 945 5189 loco,
971 5123 1222 5176 futurum
1248 5129 1333 5176 est
1349 5130 1412 5177 ut
1431 5124 1649 5178 coronis
1669 5123 1983 5194 privemini.

393 5211 519 5264 Cito
546 5228 678 5281 ergo
711 5211 1044 5266 festinantes
1076 5213 1313 5281 ingressi
1347 5220 1494 5278 sunt,
1542 5219 1600 5267 et
1630 5220 1902 5268 venerunt
1929 5215 1985 5267 in

392 5316 553 5354 suam
582 5301 777 5354 cellam
806 5301 1079 5355 charitate
1110 5301 1216 5368 (6’1)
1267 5303 1529 5372 perfecta.
1572 5303 1640 5355 Et
1667 5303 1815 5356 intra
1855 5320 1989 5374 qua-

391 5388 656 5459 draginta
681 5389 830 5454 dies,
863 5389 980 5443 obit
1008 5391 1201 5445 beatus
1232 5390 1496 5461 Eulogius
1524 5391 1772 5462 migrans
1796 5392 1867 5446 ad
1886 5393 1990 5446 Do-

392 5477 630 5545 minum,
659 5484 716 5533 et
751 5480 902 5534 intra
926 5486 1042 5534 tres
1070 5480 1211 5534 alios
1239 5479 1355 5534 obit
1382 5480 1430 5534 is
1461 5481 1557 5552 qui
1601 5487 1722 5534 erat
1757 5497 1989 5553 corpore

360 5627 362 5629 .
392 5568 706 5641 mutilatus,
738 5570 838 5626 sed
865 5569 1056 5632 anima
1083 5570 1281 5627 ﬁrmus
1304 5585 1369 5625 ac
1396 5569 1678 5638 robustus,
1723 5571 1820 5644 qui
1867 5570 1986 5643 ipse

2068 4508 2458 4570 peccans‘eum
2481 4497 2664 4550 latuit.
2699 4495 3016 4566 Aliquando
3041 4502 3233 4551 autem
3262 4497 3332 4550 de
3359 4496 3663 4568 improviso

2069 4604 2356 4658 regressus
2387 4603 2452 4640 ex
2474 4603 2628 4656 agro,
2653 4591 2712 4639 et
2738 4585 3026 4656 ingressus
3046 4585 3276 4640 domum
3305 4601 3486 4651 suam,
3514 4587 3665 4640 inve-

2069 4677 2154 4732 nit
2182 4693 2277 4731 eos
2306 4676 2493 4746 turpia
2509 4674 3241 4747 perpetrantes,deducente
3271 4675 3508 4728 Paulum
3540 4689 3676 4745 pro:

2069 4767 2316 4820 videntia
2343 4765 2412 4820 ad
2455 4765 2511 4819 id
2540 4764 2687 4836 quod
2718 4769 2841 4818 erat
2883 4762 2989 4817 sibi
3019 4762 3384 4818 conducibile.
3415 4763 3665 4834 Eamque

2070 4873 2196 4910 cum
2224 4855 2468 4920 vidisset,
2494 4870 2622 4908 cum
2653 4871 2717 4908 eo
2739 4869 2866 4907 cum
2909 4869 3018 4922 qua
3049 4851 3291 4906 habebat
3318 4853 3500 4923 stupri
3530 4868 3665 4908 con-

2071 4945 2446 5009 suetudinem,
2484 4943 2714 4998 honeste
2734 4959 2798 4996 ac
2825 4941 3023 4996 decore
3045 4941 3186 5007 risit,
3211 4946 3268 4996 et
3293 4941 3373 4995 eis
3393 4941 3667 4997 exclama-

2069 5033 2165 5099 vit,
2195 5033 2416 5088 dicens:
2437 5034 2587 5086 Bene
2617 5040 2721 5096 est,
2754 5031 2895 5085 bene
2924 5035 3026 5097 est,
3053 5047 3248 5085 revera
3273 5047 3385 5084 non
3410 5037 3497 5086 est
3525 5031 3665 5086 mihi

2071 5139 2236 5177 curm.
2265 5123 2372 5175 Per
2399 5121 2610 5188 Jesum,
2643 5137 2746 5191 ego
2776 5137 2900 5174 eam
2944 5136 3058 5174 non
3099 5119 3368 5191 accipiam
3401 5121 3662 5191 amplius,

2069 5211 2179 5276 abi,
2214 5227 2338 5264 eam
2366 5210 2466 5264 tibi
2497 5210 2640 5264 habe
2675 5214 2732 5263 et
2763 5211 2886 5280 ejus
2917 5209 3086 5276 filios;
3117 5226 3220 5280 ego
3263 5209 3414 5263 enim
3443 5208 3662 5275 recedo,

2070 5306 2127 5354 et
2157 5300 2369 5354 efﬁcior
2399 5299 2726 5354 monachus.
2759 5299 2900 5352 Cum
2928 5297 3070 5352 nulli
3098 5303 3288 5352 autem
3316 5297 3548 5352 dixisset
3566 5296 3668 5351 ali-

2074 5390 2228 5461 quid,
2252 5389 2555 5460 pertransit
2573 5394 2697 5443 octo
2728 5387 3046 5443 mansiones
3061 5386 3195 5458 (66),
3226 5393 3283 5441 et
3301 5386 3418 5440 abit
3439 5385 3510 5438 ad
3539 5401 3665 5441 san-

2071 5484 2225 5534 ctum
2252 5478 2580 5544 Antonium,
2614 5483 2672 5532 et
2707 5478 2893 5549 pulsat
2920 5477 3145 5532 ostium.
3184 5476 3452 5545 Egressus
3472 5479 3664 5530 autem

2034 5627 2036 5629 ,
2068 5573 2295 5626 sanctus
2311 5567 2608 5640 Antonius,
2627 5583 2759 5625 eum
2775 5567 3086 5641 interrogat
3103 5583 3114 5620 :
3133 5563 3278 5630 Quid
3298 5562 3419 5619 vis?
3439 5563 3509 5618 Et
3523 5562 3660 5631 dicit
