  <div class='ocr_page' id='page_1' title='image "/cluster/home/n/w/nwhite01/storage/ocr_20150623/73/hvd.32044054758776/569.png"; bbox 0 0 4008 6210; ppageno 0'>
   <div class='ocr_carea' id='block_1_1' title="bbox 385 249 3660 318">
    <p class='ocr_par' dir='ltr' id='par_1_1' title="bbox 385 249 3660 318">
     <span class='ocr_line' id='line_1_1' title="bbox 385 249 3660 318; baseline -0.003 -2"><span class='ocrx_word' id='word_1_1' title='bbox 385 259 526 316; x_wconf 82' lang='grc'>1127</span> <span class='ocrx_word' id='word_1_2' title='bbox 763 315 778 318; x_wconf 64' lang='grc'><em>,</em></span> <span class='ocrx_word' id='word_1_3' title='bbox 1487 258 1584 314; x_wconf 92' lang='lat' dir='ltr'><strong>DE</strong></span> <span class='ocrx_word' id='word_1_4' title='bbox 1621 259 1811 317; x_wconf 79' lang='lat' dir='ltr'>VITIS</span> <span class='ocrx_word' id='word_1_5' title='bbox 1849 257 2148 316; x_wconf 85' lang='lat' dir='ltr'>PATRUM</span> <span class='ocrx_word' id='word_1_6' title='bbox 2183 260 2397 318; x_wconf 85' lang='lat' dir='ltr'>LIBER</span> <span class='ocrx_word' id='word_1_7' title='bbox 2434 261 2585 318; x_wconf 88' lang='lat' dir='ltr'>VIII.</span> <span class='ocrx_word' id='word_1_8' title='bbox 3514 249 3660 306; x_wconf 71' lang='grc'>1128</span> 
     </span>
    </p>
   </div>
   <div class='ocr_carea' id='block_1_2' title="bbox 377 377 3658 456">
    <p class='ocr_par' dir='ltr' id='par_1_2' title="bbox 377 377 3658 456">
     <span class='ocr_line' id='line_1_2' title="bbox 377 377 3658 456; baseline -0.003 -16"><span class='ocrx_word' id='word_1_9' title='bbox 377 384 776 440; x_wconf 80' lang='lat' dir='ltr'>Paulus:Volo</span> <span class='ocrx_word' id='word_1_10' title='bbox 797 383 920 438; x_wconf 83' lang='lat' dir='ltr'>ﬁeri</span> <span class='ocrx_word' id='word_1_11' title='bbox 939 381 1597 456; x_wconf 84' lang='lat' dir='ltr'>monachus.Respondet</span> <span class='ocrx_word' id='word_1_12' title='bbox 1609 388 1658 443; x_wconf 92' lang='lat' dir='ltr'>ei</span> <span class='ocrx_word' id='word_1_13' title='bbox 1675 388 1969 444; x_wconf 90' lang='lat' dir='ltr'>Antonius:</span> <span class='ocrx_word' id='word_1_14' title='bbox 1993 388 2238 447; x_wconf 79' lang='lat' dir='ltr'>Aunum</span> <span class='ocrx_word' id='word_1_15' title='bbox 2270 388 2583 453; x_wconf 82' lang='lat' dir='ltr'>madefecit,</span> <span class='ocrx_word' id='word_1_16' title='bbox 2615 389 2777 440; x_wconf 87' lang='lat' dir='ltr'>erant</span> <span class='ocrx_word' id='word_1_17' title='bbox 2805 383 2955 438; x_wconf 90' lang='lat' dir='ltr'>enim</span> <span class='ocrx_word' id='word_1_18' title='bbox 2987 380 3154 447; x_wconf 86' lang='lat' dir='ltr'>sicci;</span> <span class='ocrx_word' id='word_1_19' title='bbox 3187 377 3270 433; x_wconf 85' lang='lat' dir='ltr'>illi</span> <span class='ocrx_word' id='word_1_20' title='bbox 3302 381 3494 432; x_wconf 86' lang='lat' dir='ltr'>autem</span> <span class='ocrx_word' id='word_1_21' title='bbox 3517 381 3658 431; x_wconf 73' lang='lat' dir='ltr'>tres.</span> 
     </span>
    </p>
   </div>
   <div class='ocr_carea' id='block_1_3' title="bbox 381 473 3664 550">
    <p class='ocr_par' dir='ltr' id='par_1_3' title="bbox 381 473 3664 550">
     <span class='ocr_line' id='line_1_3' title="bbox 381 473 3664 550; baseline -0.003 -20"><span class='ocrx_word' id='word_1_22' title='bbox 381 475 561 530; x_wconf 84' lang='lat' dir='ltr'>Senex</span> <span class='ocrx_word' id='word_1_23' title='bbox 589 473 986 544; x_wconf 82' lang='lat' dir='ltr'>sexagenarius</span> <span class='ocrx_word' id='word_1_24' title='bbox 1015 489 1129 527; x_wconf 88' lang='lat' dir='ltr'>non</span> <span class='ocrx_word' id='word_1_25' title='bbox 1161 479 1346 544; x_wconf 83' lang='lat' dir='ltr'>potest</span> <span class='ocrx_word' id='word_1_26' title='bbox 1371 475 1460 530; x_wconf 90' lang='lat' dir='ltr'>hic</span> <span class='ocrx_word' id='word_1_27' title='bbox 1488 477 1610 531; x_wconf 88' lang='lat' dir='ltr'>ﬁeri</span> <span class='ocrx_word' id='word_1_28' title='bbox 1634 479 1972 544; x_wconf 86' lang='lat' dir='ltr'>monachus;</span> <span class='ocrx_word' id='word_1_29' title='bbox 2059 478 2348 532; x_wconf 90' lang='lat' dir='ltr'>Psalmum</span> <span class='ocrx_word' id='word_1_30' title='bbox 2378 478 2567 550; x_wconf 85' lang='lat' dir='ltr'>psallit</span> <span class='ocrx_word' id='word_1_31' title='bbox 2604 475 2882 530; x_wconf 83' lang='lat' dir='ltr'>Antonius</span> <span class='ocrx_word' id='word_1_32' title='bbox 2920 487 3085 543; x_wconf 87' lang='lat' dir='ltr'>quem</span> <span class='ocrx_word' id='word_1_33' title='bbox 3123 473 3386 534; x_wconf 79' lang='lat' dir='ltr'>noverat;</span> <span class='ocrx_word' id='word_1_34' title='bbox 3438 473 3496 522; x_wconf 89' lang='lat' dir='ltr'>et</span> <span class='ocrx_word' id='word_1_35' title='bbox 3533 483 3664 520; x_wconf 87' lang='lat' dir='ltr'>cum</span> 
     </span>
    </p>
   </div>
   <div class='ocr_carea' id='block_1_4' title="bbox 379 557 3665 637">
    <p class='ocr_par' dir='ltr' id='par_1_4' title="bbox 379 557 3665 637">
     <span class='ocr_line' id='line_1_4' title="bbox 379 557 3665 637; baseline -0.003 -18"><span class='ocrx_word' id='word_1_36' title='bbox 379 565 476 619; x_wconf 85' lang='lat' dir='ltr'>sed</span> <span class='ocrx_word' id='word_1_37' title='bbox 498 564 683 635; x_wconf 90' lang='lat' dir='ltr'>potius</span> <span class='ocrx_word' id='word_1_38' title='bbox 713 563 805 617; x_wconf 89' lang='lat' dir='ltr'>abi</span> <span class='ocrx_word' id='word_1_39' title='bbox 843 562 902 616; x_wconf 91' lang='lat' dir='ltr'>in</span> <span class='ocrx_word' id='word_1_40' title='bbox 927 562 1128 628; x_wconf 90' lang='lat' dir='ltr'>vicum,</span> <span class='ocrx_word' id='word_1_41' title='bbox 1163 571 1222 616; x_wconf 92' lang='lat' dir='ltr'>et</span> <span class='ocrx_word' id='word_1_42' title='bbox 1251 580 1502 634; x_wconf 86' lang='lat' dir='ltr'>operare,</span> <span class='ocrx_word' id='word_1_43' title='bbox 1545 573 1602 621; x_wconf 93' lang='lat' dir='ltr'>et</span> <span class='ocrx_word' id='word_1_44' title='bbox 1636 568 1803 621; x_wconf 84' lang='lat' dir='ltr'>vitam</span> <span class='ocrx_word' id='word_1_45' title='bbox 1838 568 1977 637; x_wconf 87' lang='lat' dir='ltr'>dege</span> <span class='ocrx_word' id='word_1_46' title='bbox 2060 583 2188 620; x_wconf 93' lang='lat' dir='ltr'>eum</span> <span class='ocrx_word' id='word_1_47' title='bbox 2218 565 2514 621; x_wconf 88' lang='lat' dir='ltr'>duodecies</span> <span class='ocrx_word' id='word_1_48' title='bbox 2538 565 2848 629; x_wconf 83' lang='lat' dir='ltr'>cecinisset,</span> <span class='ocrx_word' id='word_1_49' title='bbox 2872 560 3166 616; x_wconf 86' lang='lat' dir='ltr'>duodecies</span> <span class='ocrx_word' id='word_1_50' title='bbox 3188 557 3366 613; x_wconf 88' lang='lat' dir='ltr'>oravit</span> <span class='ocrx_word' id='word_1_51' title='bbox 3383 562 3448 611; x_wconf 94' lang='lat' dir='ltr'>ut</span> <span class='ocrx_word' id='word_1_52' title='bbox 3467 557 3526 610; x_wconf 90' lang='lat' dir='ltr'>in</span> <span class='ocrx_word' id='word_1_53' title='bbox 3555 557 3665 609; x_wconf 91' lang='lat' dir='ltr'>hoc</span> 
     </span>
    </p>
   </div>
   <div class='ocr_carea' id='block_1_5' title="bbox 379 646 3670 726">
    <p class='ocr_par' dir='ltr' id='par_1_5' title="bbox 379 646 3670 726">
     <span class='ocr_line' id='line_1_5' title="bbox 379 646 3670 726; baseline -0.002 -20"><span class='ocrx_word' id='word_1_54' title='bbox 379 654 714 723; x_wconf 89' lang='lat' dir='ltr'>operariam,</span> <span class='ocrx_word' id='word_1_55' title='bbox 740 653 854 706; x_wconf 92' lang='lat' dir='ltr'>Deo</span> <span class='ocrx_word' id='word_1_56' title='bbox 877 669 1048 722; x_wconf 80' lang='lat' dir='ltr'>agens</span> <span class='ocrx_word' id='word_1_57' title='bbox 1067 652 1300 722; x_wconf 82' lang='lat' dir='ltr'>gratias.</span> <span class='ocrx_word' id='word_1_58' title='bbox 1319 655 1443 708; x_wconf 87' lang='lat' dir='ltr'>Non</span> <span class='ocrx_word' id='word_1_59' title='bbox 1459 662 1616 725; x_wconf 89' lang='lat' dir='ltr'>potes</span> <span class='ocrx_word' id='word_1_60' title='bbox 1637 657 1787 710; x_wconf 91' lang='lat' dir='ltr'>enim</span> <span class='ocrx_word' id='word_1_61' title='bbox 1814 656 1979 710; x_wconf 91' lang='lat' dir='ltr'>susti-</span> <span class='ocrx_word' id='word_1_62' title='bbox 2063 672 2286 726; x_wconf 90' lang='lat' dir='ltr'>quoque</span> <span class='ocrx_word' id='word_1_63' title='bbox 2317 656 2557 710; x_wconf 89' lang='lat' dir='ltr'>Paulum</span> <span class='ocrx_word' id='word_1_64' title='bbox 2578 654 2859 726; x_wconf 84' lang='lat' dir='ltr'>probaret.</span> <span class='ocrx_word' id='word_1_65' title='bbox 2879 653 3057 706; x_wconf 84' lang='lat' dir='ltr'>Senex</span> <span class='ocrx_word' id='word_1_66' title='bbox 3078 653 3268 703; x_wconf 89' lang='lat' dir='ltr'>autem</span> <span class='ocrx_word' id='word_1_67' title='bbox 3289 646 3459 701; x_wconf 88' lang='lat' dir='ltr'>simul</span> <span class='ocrx_word' id='word_1_68' title='bbox 3475 661 3670 716; x_wconf 85' lang='lat' dir='ltr'>preca-</span> 
     </span>
    </p>
   </div>
   <div class='ocr_carea' id='block_1_6' title="bbox 380 735 3665 817">
    <p class='ocr_par' dir='ltr' id='par_1_6' title="bbox 380 735 3665 817">
     <span class='ocr_line' id='line_1_6' title="bbox 380 735 3665 817; baseline -0.003 -21"><span class='ocrx_word' id='word_1_69' title='bbox 380 758 515 796; x_wconf 84' lang='lat' dir='ltr'>nere</span> <span class='ocrx_word' id='word_1_70' title='bbox 544 741 875 795; x_wconf 83' lang='lat' dir='ltr'>afflictiones</span> <span class='ocrx_word' id='word_1_71' title='bbox 902 741 1238 795; x_wconf 89' lang='lat' dir='ltr'>solitudinis.</span> <span class='ocrx_word' id='word_1_72' title='bbox 1273 743 1593 814; x_wconf 88' lang='lat' dir='ltr'>Respondet</span> <span class='ocrx_word' id='word_1_73' title='bbox 1612 763 1798 810; x_wconf 87' lang='lat' dir='ltr'>senex,</span> <span class='ocrx_word' id='word_1_74' title='bbox 1819 751 1874 799; x_wconf 91' lang='lat' dir='ltr'>et</span> <span class='ocrx_word' id='word_1_75' title='bbox 1899 745 1981 798; x_wconf 90' lang='lat' dir='ltr'>di-</span> <span class='ocrx_word' id='word_1_76' title='bbox 2063 749 2155 798; x_wconf 91' lang='lat' dir='ltr'>tus</span> <span class='ocrx_word' id='word_1_77' title='bbox 2184 751 2268 799; x_wconf 90' lang='lat' dir='ltr'>est</span> <span class='ocrx_word' id='word_1_78' title='bbox 2297 747 2418 817; x_wconf 87' lang='lat' dir='ltr'>ipso</span> <span class='ocrx_word' id='word_1_79' title='bbox 2459 761 2664 815; x_wconf 88' lang='lat' dir='ltr'>magno</span> <span class='ocrx_word' id='word_1_80' title='bbox 2696 741 2941 797; x_wconf 90' lang='lat' dir='ltr'>Antonio</span> <span class='ocrx_word' id='word_1_81' title='bbox 2969 738 3284 812; x_wconf 88' lang='lat' dir='ltr'>promptius</span> <span class='ocrx_word' id='word_1_82' title='bbox 3313 742 3370 790; x_wconf 91' lang='lat' dir='ltr'>et</span> <span class='ocrx_word' id='word_1_83' title='bbox 3397 735 3665 789; x_wconf 84' lang='lat' dir='ltr'>alacrius.</span> 
     </span>
    </p>
   </div>
   <div class='ocr_carea' id='block_1_7' title="bbox 379 826 3669 901">
    <p class='ocr_par' dir='ltr' id='par_1_7' title="bbox 379 826 3669 901">
     <span class='ocr_line' id='line_1_7' title="bbox 379 826 3669 901; baseline -0.002 -16"><span class='ocrx_word' id='word_1_84' title='bbox 379 831 457 885; x_wconf 89' lang='lat' dir='ltr'>cit</span> <span class='ocrx_word' id='word_1_85' title='bbox 491 847 501 882; x_wconf 94' lang='lat'>:</span> <span class='ocrx_word' id='word_1_86' title='bbox 530 831 588 886; x_wconf 89' lang='lat' dir='ltr'>Si</span> <span class='ocrx_word' id='word_1_87' title='bbox 609 831 744 901; x_wconf 90' lang='lat' dir='ltr'>quid</span> <span class='ocrx_word' id='word_1_88' title='bbox 774 848 862 885; x_wconf 92' lang='lat' dir='ltr'>me</span> <span class='ocrx_word' id='word_1_89' title='bbox 884 831 1159 897; x_wconf 88' lang='lat' dir='ltr'>docueris,</span> <span class='ocrx_word' id='word_1_90' title='bbox 1193 831 1331 885; x_wconf 91' lang='lat' dir='ltr'>illud</span> <span class='ocrx_word' id='word_1_91' title='bbox 1349 833 1570 890; x_wconf 82' lang='lat' dir='ltr'>faciam.</span> <span class='ocrx_word' id='word_1_92' title='bbox 1604 835 1752 889; x_wconf 87' lang='lat' dir='ltr'>Dicit</span> <span class='ocrx_word' id='word_1_93' title='bbox 1782 835 1833 888; x_wconf 93' lang='lat' dir='ltr'>ei</span> <span class='ocrx_word' id='word_1_94' title='bbox 1863 836 1980 888; x_wconf 91' lang='lat' dir='ltr'>An-</span> <span class='ocrx_word' id='word_1_95' title='bbox 2066 835 2304 890; x_wconf 82' lang='lat' dir='ltr'>Malebat</span> <span class='ocrx_word' id='word_1_96' title='bbox 2337 835 2509 900; x_wconf 91' lang='lat' dir='ltr'>enim,</span> <span class='ocrx_word' id='word_1_97' title='bbox 2541 840 2606 888; x_wconf 92' lang='lat' dir='ltr'>ut</span> <span class='ocrx_word' id='word_1_98' title='bbox 2636 832 2896 896; x_wconf 87' lang='lat' dir='ltr'>arbitror,</span> <span class='ocrx_word' id='word_1_99' title='bbox 2941 844 3168 901; x_wconf 89' lang='lat' dir='ltr'>pascere</span> <span class='ocrx_word' id='word_1_100' title='bbox 3197 826 3462 897; x_wconf 86' lang='lat' dir='ltr'>scorpios,</span> <span class='ocrx_word' id='word_1_101' title='bbox 3494 839 3669 894; x_wconf 86' lang='lat' dir='ltr'>quam</span> 
     </span>
    </p>
   </div>
   <div class='ocr_carea' id='block_1_8' title="bbox 379 916 3672 995">
    <p class='ocr_par' dir='ltr' id='par_1_8' title="bbox 379 916 3672 995">
     <span class='ocr_line' id='line_1_8' title="bbox 379 916 3672 995; baseline -0.002 -22"><span class='ocrx_word' id='word_1_102' title='bbox 379 920 571 974; x_wconf 91' lang='lat' dir='ltr'>tonius</span> <span class='ocrx_word' id='word_1_103' title='bbox 601 938 612 973; x_wconf 89' lang='lat'>:</span> <span class='ocrx_word' id='word_1_104' title='bbox 642 920 767 974; x_wconf 84' lang='lat' dir='ltr'>Dixi</span> <span class='ocrx_word' id='word_1_105' title='bbox 787 920 890 974; x_wconf 90' lang='lat' dir='ltr'>tibi</span> <span class='ocrx_word' id='word_1_106' title='bbox 915 927 972 974; x_wconf 90' lang='lat' dir='ltr'>te</span> <span class='ocrx_word' id='word_1_107' title='bbox 1003 937 1125 974; x_wconf 85' lang='lat' dir='ltr'>esse</span> <span class='ocrx_word' id='word_1_108' title='bbox 1156 937 1366 986; x_wconf 90' lang='lat' dir='ltr'>senem,</span> <span class='ocrx_word' id='word_1_109' title='bbox 1398 929 1454 976; x_wconf 92' lang='lat' dir='ltr'>et</span> <span class='ocrx_word' id='word_1_110' title='bbox 1502 941 1613 977; x_wconf 91' lang='lat' dir='ltr'>non</span> <span class='ocrx_word' id='word_1_111' title='bbox 1644 941 1808 995; x_wconf 91' lang='lat' dir='ltr'>posse</span> <span class='ocrx_word' id='word_1_112' title='bbox 1857 939 1979 977; x_wconf 90' lang='lat' dir='ltr'>esse</span> <span class='ocrx_word' id='word_1_113' title='bbox 2066 941 2180 978; x_wconf 90' lang='lat' dir='ltr'>una</span> <span class='ocrx_word' id='word_1_114' title='bbox 2201 925 2382 978; x_wconf 90' lang='lat' dir='ltr'>vivere</span> <span class='ocrx_word' id='word_1_115' title='bbox 2405 941 2530 978; x_wconf 93' lang='lat' dir='ltr'>cum</span> <span class='ocrx_word' id='word_1_116' title='bbox 2563 923 2840 977; x_wconf 89' lang='lat' dir='ltr'>adultera.</span> <span class='ocrx_word' id='word_1_117' title='bbox 2866 922 2999 974; x_wconf 92' lang='lat' dir='ltr'>Post</span> <span class='ocrx_word' id='word_1_118' title='bbox 3014 916 3306 972; x_wconf 86' lang='lat' dir='ltr'>duodecim</span> <span class='ocrx_word' id='word_1_119' title='bbox 3329 919 3521 968; x_wconf 89' lang='lat' dir='ltr'>autem</span> <span class='ocrx_word' id='word_1_120' title='bbox 3546 928 3672 966; x_wconf 86' lang='lat' dir='ltr'>ora—</span> 
     </span>
    </p>
   </div>
   <div class='ocr_carea' id='block_1_9' title="bbox 382 1001 3669 1082">
    <p class='ocr_par' dir='ltr' id='par_1_9' title="bbox 382 1001 3669 1082">
     <span class='ocr_line' id='line_1_9' title="bbox 382 1001 3669 1082; baseline -0.002 -20"><span class='ocrx_word' id='word_1_121' title='bbox 382 1009 750 1076; x_wconf 91' lang='lat' dir='ltr'>monachum;</span> <span class='ocrx_word' id='word_1_122' title='bbox 773 1008 878 1062; x_wconf 88' lang='lat' dir='ltr'>abi.</span> <span class='ocrx_word' id='word_1_123' title='bbox 925 1009 982 1063; x_wconf 93' lang='lat' dir='ltr'>Si</span> <span class='ocrx_word' id='word_1_124' title='bbox 1004 1009 1154 1062; x_wconf 90' lang='lat' dir='ltr'>enim</span> <span class='ocrx_word' id='word_1_125' title='bbox 1178 1009 1260 1063; x_wconf 93' lang='lat' dir='ltr'>vis</span> <span class='ocrx_word' id='word_1_126' title='bbox 1284 1027 1404 1065; x_wconf 90' lang='lat' dir='ltr'>esse</span> <span class='ocrx_word' id='word_1_127' title='bbox 1433 1013 1757 1079; x_wconf 81' lang='lat' dir='ltr'>monachus,</span> <span class='ocrx_word' id='word_1_128' title='bbox 1793 1013 1985 1082; x_wconf 86' lang='lat' dir='ltr'>ingre-</span> <span class='ocrx_word' id='word_1_129' title='bbox 2063 1014 2268 1079; x_wconf 87' lang='lat' dir='ltr'>tiones,</span> <span class='ocrx_word' id='word_1_130' title='bbox 2289 1015 2463 1068; x_wconf 90' lang='lat' dir='ltr'>Paulo</span> <span class='ocrx_word' id='word_1_131' title='bbox 2484 1012 2619 1066; x_wconf 86' lang='lat' dir='ltr'>dicit</span> <span class='ocrx_word' id='word_1_132' title='bbox 2649 1027 2888 1082; x_wconf 76' lang='lat' dir='ltr'>magnus</span> <span class='ocrx_word' id='word_1_133' title='bbox 2917 1007 3194 1062; x_wconf 83' lang='lat' dir='ltr'>Antonius</span> <span class='ocrx_word' id='word_1_134' title='bbox 3228 1024 3240 1060; x_wconf 94' lang='lat'>:</span> <span class='ocrx_word' id='word_1_135' title='bbox 3274 1004 3436 1069; x_wconf 83' lang='lat' dir='ltr'>Sede,</span> <span class='ocrx_word' id='word_1_136' title='bbox 3459 1001 3669 1073; x_wconf 85' lang='lat' dir='ltr'>inquit,</span> 
     </span>
    </p>
   </div>
   <div class='ocr_carea' id='block_1_10' title="bbox 383 1097 1985 1172">
    <p class='ocr_par' dir='ltr' id='par_1_10' title="bbox 383 1097 1985 1172">
     <span class='ocr_line' id='line_1_10' title="bbox 383 1097 1985 1172; baseline 0.002 -20"><span class='ocrx_word' id='word_1_137' title='bbox 383 1099 516 1152; x_wconf 91' lang='lat' dir='ltr'>dere</span> <span class='ocrx_word' id='word_1_138' title='bbox 539 1098 857 1152; x_wconf 71' lang='lat' dir='ltr'>cuenobium</span> <span class='ocrx_word' id='word_1_139' title='bbox 886 1097 983 1152; x_wconf 90' lang='lat' dir='ltr'>ubi</span> <span class='ocrx_word' id='word_1_140' title='bbox 1009 1104 1141 1152; x_wconf 92' lang='lat' dir='ltr'>sunt</span> <span class='ocrx_word' id='word_1_141' title='bbox 1163 1101 1476 1170; x_wconf 86' lang='lat' dir='ltr'>complures</span> <span class='ocrx_word' id='word_1_142' title='bbox 1493 1101 1694 1156; x_wconf 82' lang='lat' dir='ltr'>fratres</span> <span class='ocrx_word' id='word_1_143' title='bbox 1725 1102 1820 1172; x_wconf 88' lang='lat' dir='ltr'>qui</span> <span class='ocrx_word' id='word_1_144' title='bbox 1853 1118 1985 1172; x_wconf 90' lang='lat' dir='ltr'>pos-</span> 
     </span>
    </p>
   </div>
   <div class='ocr_carea' id='block_1_11' title="bbox 383 1187 1987 1259">
    <p class='ocr_par' dir='ltr' id='par_1_11' title="bbox 383 1187 1987 1259">
     <span class='ocr_line' id='line_1_11' title="bbox 383 1187 1987 1259; baseline 0.001 -18"><span class='ocrx_word' id='word_1_145' title='bbox 383 1192 519 1241; x_wconf 89' lang='lat' dir='ltr'>sunt</span> <span class='ocrx_word' id='word_1_146' title='bbox 549 1192 706 1241; x_wconf 91' lang='lat' dir='ltr'>tuam</span> <span class='ocrx_word' id='word_1_147' title='bbox 738 1187 882 1241; x_wconf 89' lang='lat' dir='ltr'>ferre</span> <span class='ocrx_word' id='word_1_148' title='bbox 915 1187 1375 1242; x_wconf 87' lang='lat' dir='ltr'>imbecillitatem.</span> <span class='ocrx_word' id='word_1_149' title='bbox 1401 1190 1511 1259; x_wconf 83' lang='lat' dir='ltr'>Ego</span> <span class='ocrx_word' id='word_1_150' title='bbox 1532 1191 1680 1244; x_wconf 92' lang='lat' dir='ltr'>enim</span> <span class='ocrx_word' id='word_1_151' title='bbox 1711 1191 1862 1244; x_wconf 88' lang='lat' dir='ltr'>solus</span> <span class='ocrx_word' id='word_1_152' title='bbox 1897 1189 1987 1243; x_wconf 90' lang='lat' dir='ltr'>hic</span> 
     </span>
    </p>
   </div>
   <div class='ocr_carea' id='block_1_12' title="bbox 383 1277 1982 1348">
    <p class='ocr_par' dir='ltr' id='par_1_12' title="bbox 383 1277 1982 1348">
     <span class='ocr_line' id='line_1_12' title="bbox 383 1277 1982 1348; baseline 0.002 -18"><span class='ocrx_word' id='word_1_153' title='bbox 383 1277 575 1343; x_wconf 90' lang='lat' dir='ltr'>sedeo,</span> <span class='ocrx_word' id='word_1_154' title='bbox 609 1277 856 1348; x_wconf 91' lang='lat' dir='ltr'>quinque</span> <span class='ocrx_word' id='word_1_155' title='bbox 887 1277 1105 1330; x_wconf 89' lang='lat' dir='ltr'>dierum</span> <span class='ocrx_word' id='word_1_156' title='bbox 1135 1278 1314 1347; x_wconf 90' lang='lat' dir='ltr'>spatio</span> <span class='ocrx_word' id='word_1_157' title='bbox 1342 1277 1636 1348; x_wconf 88' lang='lat' dir='ltr'>interjecto</span> <span class='ocrx_word' id='word_1_158' title='bbox 1665 1280 1982 1344; x_wconf 90' lang='lat' dir='ltr'>comedens,</span> 
     </span>
    </p>
   </div>
   <div class='ocr_carea' id='block_1_13' title="bbox 383 1365 1980 1438">
    <p class='ocr_par' dir='ltr' id='par_1_13' title="bbox 383 1365 1980 1438">
     <span class='ocr_line' id='line_1_13' title="bbox 383 1365 1980 1438; baseline 0.001 -19"><span class='ocrx_word' id='word_1_159' title='bbox 383 1365 552 1435; x_wconf 88' lang='lat' dir='ltr'>idque</span> <span class='ocrx_word' id='word_1_160' title='bbox 582 1365 854 1419; x_wconf 86' lang='lat' dir='ltr'>esuriens.</span> <span class='ocrx_word' id='word_1_161' title='bbox 904 1365 1002 1418; x_wconf 88' lang='lat' dir='ltr'>His</span> <span class='ocrx_word' id='word_1_162' title='bbox 1032 1382 1164 1436; x_wconf 90' lang='lat' dir='ltr'>ergo</span> <span class='ocrx_word' id='word_1_163' title='bbox 1204 1366 1384 1420; x_wconf 84' lang='lat' dir='ltr'>verbis</span> <span class='ocrx_word' id='word_1_164' title='bbox 1415 1369 1651 1421; x_wconf 90' lang='lat' dir='ltr'>Paulum</span> <span class='ocrx_word' id='word_1_165' title='bbox 1702 1367 1980 1438; x_wconf 89' lang='lat' dir='ltr'>abigebat.</span> 
     </span>
    </p>
   </div>
   <div class='ocr_carea' id='block_1_14' title="bbox 385 1455 1985 1524">
    <p class='ocr_par' dir='ltr' id='par_1_14' title="bbox 385 1455 1985 1524">
     <span class='ocr_line' id='line_1_14' title="bbox 385 1455 1985 1524; baseline 0.002 -16"><span class='ocrx_word' id='word_1_166' title='bbox 385 1455 692 1524; x_wconf 86' lang='lat' dir='ltr'>Postquam</span> <span class='ocrx_word' id='word_1_167' title='bbox 715 1459 904 1508; x_wconf 85' lang='lat' dir='ltr'>autem</span> <span class='ocrx_word' id='word_1_168' title='bbox 929 1471 1058 1508; x_wconf 89' lang='lat' dir='ltr'>eum</span> <span class='ocrx_word' id='word_1_169' title='bbox 1085 1471 1197 1510; x_wconf 83' lang='lat' dir='ltr'>non</span> <span class='ocrx_word' id='word_1_170' title='bbox 1216 1456 1461 1521; x_wconf 88' lang='lat' dir='ltr'>admisit,</span> <span class='ocrx_word' id='word_1_171' title='bbox 1487 1457 1674 1512; x_wconf 85' lang='lat' dir='ltr'>clauso</span> <span class='ocrx_word' id='word_1_172' title='bbox 1697 1459 1838 1512; x_wconf 91' lang='lat' dir='ltr'>ostio</span> <span class='ocrx_word' id='word_1_173' title='bbox 1867 1460 1985 1512; x_wconf 89' lang='lat' dir='ltr'>An-</span> 
     </span>
    </p>
   </div>
   <div class='ocr_carea' id='block_1_15' title="bbox 386 1543 1986 1618">
    <p class='ocr_par' dir='ltr' id='par_1_15' title="bbox 386 1543 1986 1618">
     <span class='ocr_line' id='line_1_15' title="bbox 386 1543 1986 1618; baseline 0.002 -22"><span class='ocrx_word' id='word_1_174' title='bbox 386 1543 573 1597; x_wconf 86' lang='lat' dir='ltr'>tonius</span> <span class='ocrx_word' id='word_1_175' title='bbox 599 1543 779 1597; x_wconf 90' lang='lat' dir='ltr'>tribus</span> <span class='ocrx_word' id='word_1_176' title='bbox 806 1543 1002 1598; x_wconf 90' lang='lat' dir='ltr'>diebus</span> <span class='ocrx_word' id='word_1_177' title='bbox 1033 1544 1181 1598; x_wconf 81' lang='lat' dir='ltr'>foras</span> <span class='ocrx_word' id='word_1_178' title='bbox 1205 1561 1315 1599; x_wconf 91' lang='lat' dir='ltr'>non</span> <span class='ocrx_word' id='word_1_179' title='bbox 1349 1551 1434 1600; x_wconf 90' lang='lat' dir='ltr'>est</span> <span class='ocrx_word' id='word_1_180' title='bbox 1452 1562 1727 1617; x_wconf 89' lang='lat' dir='ltr'>egressus,</span> <span class='ocrx_word' id='word_1_181' title='bbox 1756 1551 1986 1618; x_wconf 89' lang='lat' dir='ltr'>propter</span> 
     </span>
    </p>
   </div>
   <div class='ocr_carea' id='block_1_16' title="bbox 2066 1091 3670 1172">
    <p class='ocr_par' dir='ltr' id='par_1_16' title="bbox 2066 1091 3670 1172">
     <span class='ocr_line' id='line_1_16' title="bbox 2066 1091 3670 1172; baseline -0.009 -14"><span class='ocrx_word' id='word_1_182' title='bbox 2066 1109 2124 1158; x_wconf 90' lang='lat' dir='ltr'>et</span> <span class='ocrx_word' id='word_1_183' title='bbox 2149 1120 2220 1158; x_wconf 93' lang='lat' dir='ltr'>ne</span> <span class='ocrx_word' id='word_1_184' title='bbox 2237 1103 2498 1157; x_wconf 89' lang='lat' dir='ltr'>comedas</span> <span class='ocrx_word' id='word_1_185' title='bbox 2511 1118 2688 1172; x_wconf 91' lang='lat' dir='ltr'>usque</span> <span class='ocrx_word' id='word_1_186' title='bbox 2701 1101 2768 1155; x_wconf 88' lang='lat' dir='ltr'>ad</span> <span class='ocrx_word' id='word_1_187' title='bbox 2781 1113 3069 1170; x_wconf 81' lang='lat' dir='ltr'>vesperam</span> <span class='ocrx_word' id='word_1_188' title='bbox 3089 1115 3100 1161; x_wconf 90' lang='lat'>;</span> <span class='ocrx_word' id='word_1_189' title='bbox 3126 1095 3223 1149; x_wconf 90' lang='lat' dir='ltr'>sed</span> <span class='ocrx_word' id='word_1_190' title='bbox 3244 1094 3425 1148; x_wconf 90' lang='lat' dir='ltr'>solum</span> <span class='ocrx_word' id='word_1_191' title='bbox 3440 1091 3670 1145; x_wconf 85' lang='lat' dir='ltr'>attende</span> 
     </span>
    </p>
   </div>
   <div class='ocr_carea' id='block_1_17' title="bbox 2066 1181 3668 1256">
    <p class='ocr_par' dir='ltr' id='par_1_17' title="bbox 2066 1181 3668 1256">
     <span class='ocr_line' id='line_1_17' title="bbox 2066 1181 3668 1256; baseline -0.009 -9"><span class='ocrx_word' id='word_1_192' title='bbox 2066 1193 2383 1248; x_wconf 88' lang='lat' dir='ltr'>esculentis.</span> <span class='ocrx_word' id='word_1_193' title='bbox 2434 1193 2575 1245; x_wconf 91' lang='lat' dir='ltr'>Cum</span> <span class='ocrx_word' id='word_1_194' title='bbox 2622 1196 2812 1245; x_wconf 88' lang='lat' dir='ltr'>autem</span> <span class='ocrx_word' id='word_1_195' title='bbox 2858 1188 3336 1256; x_wconf 83' lang='lat' dir='ltr'>fuissetvespera,</span> <span class='ocrx_word' id='word_1_196' title='bbox 3371 1187 3427 1236; x_wconf 85' lang='lat' dir='ltr'>et</span> <span class='ocrx_word' id='word_1_197' title='bbox 3461 1181 3668 1235; x_wconf 83' lang='lat' dir='ltr'>Paulus</span> 
     </span>
    </p>
   </div>
   <div class='ocr_carea' id='block_1_18' title="bbox 2068 1274 3672 1346">
    <p class='ocr_par' dir='ltr' id='par_1_18' title="bbox 2068 1274 3672 1346">
     <span class='ocr_line' id='line_1_18' title="bbox 2068 1274 3672 1346; baseline -0.008 -9"><span class='ocrx_word' id='word_1_198' title='bbox 2068 1300 2179 1338; x_wconf 90' lang='lat' dir='ltr'>non</span> <span class='ocrx_word' id='word_1_199' title='bbox 2209 1282 2563 1346; x_wconf 88' lang='lat' dir='ltr'>comedisset,</span> <span class='ocrx_word' id='word_1_200' title='bbox 2617 1280 2758 1333; x_wconf 86' lang='lat' dir='ltr'>dixit</span> <span class='ocrx_word' id='word_1_201' title='bbox 2789 1278 2839 1333; x_wconf 90' lang='lat' dir='ltr'>ei</span> <span class='ocrx_word' id='word_1_202' title='bbox 2883 1275 3159 1331; x_wconf 89' lang='lat' dir='ltr'>Antonius</span> <span class='ocrx_word' id='word_1_203' title='bbox 3191 1294 3202 1328; x_wconf 90' lang='lat'>:</span> <span class='ocrx_word' id='word_1_204' title='bbox 3230 1274 3428 1342; x_wconf 85' lang='lat' dir='ltr'>Surge,</span> <span class='ocrx_word' id='word_1_205' title='bbox 3461 1288 3578 1338; x_wconf 90' lang='lat' dir='ltr'>ora,</span> <span class='ocrx_word' id='word_1_206' title='bbox 3613 1278 3672 1325; x_wconf 88' lang='lat' dir='ltr'>et</span> 
     </span>
    </p>
   </div>
   <div class='ocr_carea' id='block_1_19' title="bbox 2068 1361 3670 1426">
    <p class='ocr_par' dir='ltr' id='par_1_19' title="bbox 2068 1361 3670 1426">
     <span class='ocr_line' id='line_1_19' title="bbox 2068 1361 3670 1426; baseline -0.008 0"><span class='ocrx_word' id='word_1_207' title='bbox 2068 1372 2270 1426; x_wconf 90' lang='lat' dir='ltr'>dormi.</span> <span class='ocrx_word' id='word_1_208' title='bbox 2297 1372 2396 1426; x_wconf 93' lang='lat' dir='ltr'>Ille</span> <span class='ocrx_word' id='word_1_209' title='bbox 2427 1376 2615 1424; x_wconf 89' lang='lat' dir='ltr'>autem</span> <span class='ocrx_word' id='word_1_210' title='bbox 2649 1385 2843 1423; x_wconf 89' lang='lat' dir='ltr'>mensa</span> <span class='ocrx_word' id='word_1_211' title='bbox 2871 1366 3065 1420; x_wconf 88' lang='lat' dir='ltr'>relicta</span> <span class='ocrx_word' id='word_1_212' title='bbox 3083 1365 3161 1418; x_wconf 91' lang='lat' dir='ltr'>sic</span> <span class='ocrx_word' id='word_1_213' title='bbox 3178 1363 3324 1417; x_wconf 89' lang='lat' dir='ltr'>fecit.</span> <span class='ocrx_word' id='word_1_214' title='bbox 3358 1361 3542 1416; x_wconf 86' lang='lat' dir='ltr'>Media</span> <span class='ocrx_word' id='word_1_215' title='bbox 3563 1377 3670 1414; x_wconf 87' lang='lat' dir='ltr'>au-</span> 
     </span>
    </p>
   </div>
   <div class='ocr_carea' id='block_1_20' title="bbox 2068 1449 3666 1521">
    <p class='ocr_par' dir='ltr' id='par_1_20' title="bbox 2068 1449 3666 1521">
     <span class='ocr_line' id='line_1_20' title="bbox 2068 1449 3666 1521; baseline -0.008 -6"><span class='ocrx_word' id='word_1_216' title='bbox 2068 1467 2181 1516; x_wconf 86' lang='lat' dir='ltr'>tem</span> <span class='ocrx_word' id='word_1_217' title='bbox 2214 1466 2374 1514; x_wconf 89' lang='lat' dir='ltr'>nocte</span> <span class='ocrx_word' id='word_1_218' title='bbox 2403 1459 2665 1514; x_wconf 82' lang='lat' dir='ltr'>excitavit</span> <span class='ocrx_word' id='word_1_219' title='bbox 2684 1475 2811 1512; x_wconf 91' lang='lat' dir='ltr'>eum</span> <span class='ocrx_word' id='word_1_220' title='bbox 2838 1456 2907 1511; x_wconf 87' lang='lat' dir='ltr'>ad</span> <span class='ocrx_word' id='word_1_221' title='bbox 2935 1455 3268 1519; x_wconf 88' lang='lat' dir='ltr'>orationem,</span> <span class='ocrx_word' id='word_1_222' title='bbox 3303 1458 3361 1505; x_wconf 92' lang='lat' dir='ltr'>et</span> <span class='ocrx_word' id='word_1_223' title='bbox 3388 1467 3567 1521; x_wconf 88' lang='lat' dir='ltr'>usque</span> <span class='ocrx_word' id='word_1_224' title='bbox 3594 1449 3666 1503; x_wconf 88' lang='lat' dir='ltr'>ad</span> 
     </span>
    </p>
   </div>
   <div class='ocr_carea' id='block_1_21' title="bbox 2066 1543 3667 1618">
    <p class='ocr_par' dir='ltr' id='par_1_21' title="bbox 2066 1543 3667 1618">
     <span class='ocr_line' id='line_1_21' title="bbox 2066 1543 3667 1618; baseline -0.009 -14"><span class='ocrx_word' id='word_1_225' title='bbox 2066 1551 2264 1604; x_wconf 89' lang='lat' dir='ltr'>horam</span> <span class='ocrx_word' id='word_1_226' title='bbox 2294 1565 2501 1602; x_wconf 89' lang='lat' dir='ltr'>nonam</span> <span class='ocrx_word' id='word_1_227' title='bbox 2527 1546 2792 1618; x_wconf 88' lang='lat' dir='ltr'>produxit</span> <span class='ocrx_word' id='word_1_228' title='bbox 2811 1544 3110 1598; x_wconf 88' lang='lat' dir='ltr'>orationes.</span> <span class='ocrx_word' id='word_1_229' title='bbox 3132 1543 3326 1596; x_wconf 89' lang='lat' dir='ltr'>Mensa</span> <span class='ocrx_word' id='word_1_230' title='bbox 3345 1544 3534 1594; x_wconf 89' lang='lat' dir='ltr'>autem</span> <span class='ocrx_word' id='word_1_231' title='bbox 3547 1553 3667 1591; x_wconf 88' lang='lat' dir='ltr'>rur-</span> 
     </span>
    </p>
   </div>
   <div class='ocr_carea' id='block_1_22' title="bbox 384 1631 3664 1709">
    <p class='ocr_par' dir='ltr' id='par_1_22' title="bbox 384 1631 3664 1709">
     <span class='ocr_line' id='line_1_22' title="bbox 384 1631 3664 1709; baseline -0.002 -24"><span class='ocrx_word' id='word_1_232' title='bbox 384 1632 590 1703; x_wconf 91' lang='lat' dir='ltr'>ipsum,</span> <span class='ocrx_word' id='word_1_233' title='bbox 610 1649 679 1686; x_wconf 92' lang='lat' dir='ltr'>ne</span> <span class='ocrx_word' id='word_1_234' title='bbox 699 1632 925 1703; x_wconf 91' lang='lat' dir='ltr'>quidem</span> <span class='ocrx_word' id='word_1_235' title='bbox 940 1634 1011 1686; x_wconf 92' lang='lat' dir='ltr'>ad</span> <span class='ocrx_word' id='word_1_236' title='bbox 1040 1635 1401 1690; x_wconf 88' lang='lat' dir='ltr'>necessitates</span> <span class='ocrx_word' id='word_1_237' title='bbox 1423 1653 1571 1690; x_wconf 90' lang='lat' dir='ltr'>suas.</span> <span class='ocrx_word' id='word_1_238' title='bbox 1595 1637 1774 1691; x_wconf 89' lang='lat' dir='ltr'>Senex</span> <span class='ocrx_word' id='word_1_239' title='bbox 1793 1643 1985 1690; x_wconf 87' lang='lat' dir='ltr'>autem</span> <span class='ocrx_word' id='word_1_240' title='bbox 2069 1656 2164 1693; x_wconf 90' lang='lat' dir='ltr'>sus</span> <span class='ocrx_word' id='word_1_241' title='bbox 2195 1638 2451 1709; x_wconf 87' lang='lat' dir='ltr'>apposita</span> <span class='ocrx_word' id='word_1_242' title='bbox 2481 1653 2608 1690; x_wconf 90' lang='lat' dir='ltr'>cum</span> <span class='ocrx_word' id='word_1_243' title='bbox 2659 1640 2716 1688; x_wconf 91' lang='lat' dir='ltr'>et</span> <span class='ocrx_word' id='word_1_244' title='bbox 2763 1651 2960 1688; x_wconf 88' lang='lat' dir='ltr'>rursus</span> <span class='ocrx_word' id='word_1_245' title='bbox 2998 1631 3291 1685; x_wconf 90' lang='lat' dir='ltr'>cecinisset</span> <span class='ocrx_word' id='word_1_246' title='bbox 3333 1634 3390 1682; x_wconf 91' lang='lat' dir='ltr'>et</span> <span class='ocrx_word' id='word_1_247' title='bbox 3427 1632 3664 1692; x_wconf 87' lang='lat' dir='ltr'>orasset,</span> 
     </span>
    </p>
   </div>
   <div class='ocr_carea' id='block_1_23' title="bbox 384 1717 3666 1797">
    <p class='ocr_par' dir='ltr' id='par_1_23' title="bbox 384 1717 3666 1797">
     <span class='ocr_line' id='line_1_23' title="bbox 384 1717 3666 1797; baseline -0.002 -22"><span class='ocrx_word' id='word_1_248' title='bbox 384 1723 695 1793; x_wconf 88' lang='lat' dir='ltr'>permansit</span> <span class='ocrx_word' id='word_1_249' title='bbox 712 1738 823 1776; x_wconf 88' lang='lat' dir='ltr'>non</span> <span class='ocrx_word' id='word_1_250' title='bbox 853 1723 1140 1777; x_wconf 90' lang='lat' dir='ltr'>recedens.</span> <span class='ocrx_word' id='word_1_251' title='bbox 1173 1725 1384 1788; x_wconf 88' lang='lat' dir='ltr'>Quarto</span> <span class='ocrx_word' id='word_1_252' title='bbox 1413 1742 1544 1779; x_wconf 89' lang='lat' dir='ltr'>vero</span> <span class='ocrx_word' id='word_1_253' title='bbox 1575 1725 1666 1779; x_wconf 90' lang='lat' dir='ltr'>die</span> <span class='ocrx_word' id='word_1_254' title='bbox 1697 1743 1822 1780; x_wconf 91' lang='lat' dir='ltr'>cum</span> <span class='ocrx_word' id='word_1_255' title='bbox 1855 1742 1984 1780; x_wconf 91' lang='lat' dir='ltr'>eum</span> <span class='ocrx_word' id='word_1_256' title='bbox 2006 1723 2052 1782; x_wconf 92' lang='lat' dir='ltr'><strong>B</strong></span> <span class='ocrx_word' id='word_1_257' title='bbox 2071 1744 2197 1781; x_wconf 92' lang='lat' dir='ltr'>sero</span> <span class='ocrx_word' id='word_1_258' title='bbox 2227 1742 2456 1797; x_wconf 86' lang='lat' dir='ltr'>vespere</span> <span class='ocrx_word' id='word_1_259' title='bbox 2484 1724 2753 1778; x_wconf 88' lang='lat' dir='ltr'>sederunt</span> <span class='ocrx_word' id='word_1_260' title='bbox 2790 1722 2861 1775; x_wconf 93' lang='lat' dir='ltr'>ad</span> <span class='ocrx_word' id='word_1_261' title='bbox 2891 1719 3324 1775; x_wconf 89' lang='lat' dir='ltr'>comedendum.</span> <span class='ocrx_word' id='word_1_262' title='bbox 3363 1717 3503 1771; x_wconf 92' lang='lat' dir='ltr'>Cum</span> <span class='ocrx_word' id='word_1_263' title='bbox 3534 1732 3666 1785; x_wconf 81' lang='lat' dir='ltr'>ergo</span> 
     </span>
    </p>
   </div>
   <div class='ocr_carea' id='block_1_24' title="bbox 386 1804 3666 1884">
    <p class='ocr_par' dir='ltr' id='par_1_24' title="bbox 386 1804 3666 1884">
     <span class='ocr_line' id='line_1_24' title="bbox 386 1804 3666 1884; baseline -0.002 -19"><span class='ocrx_word' id='word_1_264' title='bbox 386 1817 668 1882; x_wconf 89' lang='lat' dir='ltr'>premeret</span> <span class='ocrx_word' id='word_1_265' title='bbox 696 1812 1017 1879; x_wconf 83' lang='lat' dir='ltr'>necessitas,</span> <span class='ocrx_word' id='word_1_266' title='bbox 1051 1819 1244 1884; x_wconf 89' lang='lat' dir='ltr'>aperto</span> <span class='ocrx_word' id='word_1_267' title='bbox 1296 1815 1440 1868; x_wconf 90' lang='lat' dir='ltr'>ostio</span> <span class='ocrx_word' id='word_1_268' title='bbox 1473 1831 1729 1884; x_wconf 88' lang='lat' dir='ltr'>egressus</span> <span class='ocrx_word' id='word_1_269' title='bbox 1762 1820 1865 1870; x_wconf 91' lang='lat' dir='ltr'>est.</span> <span class='ocrx_word' id='word_1_270' title='bbox 1916 1816 1986 1869; x_wconf 87' lang='lat' dir='ltr'>Et</span> <span class='ocrx_word' id='word_1_271' title='bbox 2067 1811 3121 1884; x_wconf 87' lang='lat' dir='ltr'>comedissetmagnusAutoniusunum</span> <span class='ocrx_word' id='word_1_272' title='bbox 3134 1804 3666 1879; x_wconf 85' lang='lat' dir='ltr'>paxamatem,a1iud</span> 
     </span>
    </p>
   </div>
   <div class='ocr_carea' id='block_1_25' title="bbox 385 1894 3668 1975">
    <p class='ocr_par' dir='ltr' id='par_1_25' title="bbox 385 1894 3668 1975">
     <span class='ocr_line' id='line_1_25' title="bbox 385 1894 3668 1975; baseline -0.002 -22"><span class='ocrx_word' id='word_1_273' title='bbox 385 1915 512 1954; x_wconf 93' lang='lat' dir='ltr'>cum</span> <span class='ocrx_word' id='word_1_274' title='bbox 538 1917 732 1955; x_wconf 90' lang='lat' dir='ltr'>rursus</span> <span class='ocrx_word' id='word_1_275' title='bbox 751 1901 980 1954; x_wconf 84' lang='lat' dir='ltr'>vidisset</span> <span class='ocrx_word' id='word_1_276' title='bbox 1007 1901 1262 1967; x_wconf 89' lang='lat' dir='ltr'>Paulum,</span> <span class='ocrx_word' id='word_1_277' title='bbox 1297 1902 1348 1955; x_wconf 91' lang='lat' dir='ltr'>ei</span> <span class='ocrx_word' id='word_1_278' title='bbox 1378 1902 1513 1956; x_wconf 90' lang='lat' dir='ltr'>dicit</span> <span class='ocrx_word' id='word_1_279' title='bbox 1546 1922 1556 1956; x_wconf 90' lang='lat'>:</span> <span class='ocrx_word' id='word_1_280' title='bbox 1587 1903 1693 1956; x_wconf 86' lang='lat' dir='ltr'>Abi</span> <span class='ocrx_word' id='word_1_281' title='bbox 1713 1904 1862 1969; x_wconf 88' lang='lat' dir='ltr'>hinc,</span> <span class='ocrx_word' id='word_1_282' title='bbox 1895 1920 1984 1957; x_wconf 92' lang='lat' dir='ltr'>se-</span> <span class='ocrx_word' id='word_1_283' title='bbox 2067 1923 2180 1961; x_wconf 85' lang='lat' dir='ltr'>non</span> <span class='ocrx_word' id='word_1_284' title='bbox 2210 1904 2416 1975; x_wconf 84' lang='lat' dir='ltr'>tetigit.</span> <span class='ocrx_word' id='word_1_285' title='bbox 2453 1904 2631 1958; x_wconf 86' lang='lat' dir='ltr'>Senex</span> <span class='ocrx_word' id='word_1_286' title='bbox 2675 1906 2864 1956; x_wconf 90' lang='lat' dir='ltr'>autem</span> <span class='ocrx_word' id='word_1_287' title='bbox 2893 1899 3192 1954; x_wconf 77' lang='lat' dir='ltr'>comedens</span> <span class='ocrx_word' id='word_1_288' title='bbox 3219 1896 3453 1960; x_wconf 89' lang='lat' dir='ltr'>tardius,</span> <span class='ocrx_word' id='word_1_289' title='bbox 3486 1894 3668 1948; x_wconf 87' lang='lat' dir='ltr'>adhuc</span> 
     </span>
    </p>
   </div>
   <div class='ocr_carea' id='block_1_26' title="bbox 386 1985 3668 2066">
    <p class='ocr_par' dir='ltr' id='par_1_26' title="bbox 386 1985 3668 2066">
     <span class='ocr_line' id='line_1_26' title="bbox 386 1985 3668 2066; baseline -0.002 -22"><span class='ocrx_word' id='word_1_290' title='bbox 386 2006 512 2044; x_wconf 88' lang='lat' dir='ltr'>nex.</span> <span class='ocrx_word' id='word_1_291' title='bbox 547 1989 690 2053; x_wconf 87' lang='lat' dir='ltr'>Quid</span> <span class='ocrx_word' id='word_1_292' title='bbox 722 1990 859 2043; x_wconf 90' lang='lat' dir='ltr'>mihi</span> <span class='ocrx_word' id='word_1_293' title='bbox 881 2007 939 2043; x_wconf 90' lang='lat' dir='ltr'>es</span> <span class='ocrx_word' id='word_1_294' title='bbox 969 1991 1406 2045; x_wconf 87' lang='lat' dir='ltr'>molestus?non</span> <span class='ocrx_word' id='word_1_295' title='bbox 1434 1998 1594 2062; x_wconf 89' lang='lat' dir='ltr'>potes</span> <span class='ocrx_word' id='word_1_296' title='bbox 1615 1993 1706 2046; x_wconf 90' lang='lat' dir='ltr'>hic</span> <span class='ocrx_word' id='word_1_297' title='bbox 1735 2009 1982 2047; x_wconf 87' lang='lat' dir='ltr'>manere.</span> <span class='ocrx_word' id='word_1_298' title='bbox 2067 1995 2297 2051; x_wconf 86' lang='lat' dir='ltr'>tenebat</span> <span class='ocrx_word' id='word_1_299' title='bbox 2315 1993 2700 2066; x_wconf 86' lang='lat' dir='ltr'>paxamidium</span> <span class='ocrx_word' id='word_1_300' title='bbox 2719 1990 2867 2062; x_wconf 89' lang='lat' dir='ltr'>quod</span> <span class='ocrx_word' id='word_1_301' title='bbox 2892 1993 3136 2060; x_wconf 88' lang='lat' dir='ltr'>ceperat.</span> <span class='ocrx_word' id='word_1_302' title='bbox 3154 1985 3522 2058; x_wconf 85' lang='lat' dir='ltr'>Exspectabat</span> <span class='ocrx_word' id='word_1_303' title='bbox 3535 1999 3668 2054; x_wconf 87' lang='lat' dir='ltr'>ergo</span> 
     </span>
    </p>
   </div>
   <div class='ocr_carea' id='block_1_27' title="bbox 387 2077 1988 2152">
    <p class='ocr_par' dir='ltr' id='par_1_27' title="bbox 387 2077 1988 2152">
     <span class='ocr_line' id='line_1_27' title="bbox 387 2077 1988 2152; baseline 0.001 -20"><span class='ocrx_word' id='word_1_304' title='bbox 387 2077 538 2132; x_wconf 88' lang='lat' dir='ltr'>Dicit</span> <span class='ocrx_word' id='word_1_305' title='bbox 566 2077 616 2130; x_wconf 90' lang='lat' dir='ltr'>ei</span> <span class='ocrx_word' id='word_1_306' title='bbox 647 2077 854 2132; x_wconf 89' lang='lat' dir='ltr'>Paulus</span> <span class='ocrx_word' id='word_1_307' title='bbox 877 2095 888 2130; x_wconf 92' lang='lat'>:</span> <span class='ocrx_word' id='word_1_308' title='bbox 925 2077 1072 2131; x_wconf 88' lang='lat' dir='ltr'>Fieri</span> <span class='ocrx_word' id='word_1_309' title='bbox 1093 2094 1204 2132; x_wconf 90' lang='lat' dir='ltr'>non</span> <span class='ocrx_word' id='word_1_310' title='bbox 1229 2085 1413 2150; x_wconf 91' lang='lat' dir='ltr'>potest</span> <span class='ocrx_word' id='word_1_311' title='bbox 1437 2086 1502 2134; x_wconf 89' lang='lat' dir='ltr'>ut</span> <span class='ocrx_word' id='word_1_312' title='bbox 1529 2097 1633 2150; x_wconf 86' lang='lat' dir='ltr'>ego</span> <span class='ocrx_word' id='word_1_313' title='bbox 1654 2081 1787 2134; x_wconf 90' lang='lat' dir='ltr'>alibi</span> <span class='ocrx_word' id='word_1_314' title='bbox 1819 2097 1988 2152; x_wconf 89' lang='lat' dir='ltr'>quam</span> 
     </span>
    </p>
   </div>
   <div class='ocr_carea' id='block_1_28' title="bbox 387 2166 1988 2237">
    <p class='ocr_par' dir='ltr' id='par_1_28' title="bbox 387 2166 1988 2237">
     <span class='ocr_line' id='line_1_28' title="bbox 387 2166 1988 2237; baseline 0.002 -18"><span class='ocrx_word' id='word_1_315' title='bbox 387 2166 481 2220; x_wconf 89' lang='lat' dir='ltr'>hic</span> <span class='ocrx_word' id='word_1_316' title='bbox 507 2166 734 2220; x_wconf 90' lang='lat' dir='ltr'>moriar.</span> <span class='ocrx_word' id='word_1_317' title='bbox 769 2167 910 2220; x_wconf 92' lang='lat' dir='ltr'>Cum</span> <span class='ocrx_word' id='word_1_318' title='bbox 932 2167 1238 2237; x_wconf 86' lang='lat' dir='ltr'>aspexisset</span> <span class='ocrx_word' id='word_1_319' title='bbox 1274 2174 1462 2222; x_wconf 90' lang='lat' dir='ltr'>autem</span> <span class='ocrx_word' id='word_1_320' title='bbox 1495 2170 1792 2237; x_wconf 89' lang='lat' dir='ltr'>Antonius,</span> <span class='ocrx_word' id='word_1_321' title='bbox 1827 2176 1885 2224; x_wconf 89' lang='lat' dir='ltr'>et</span> <span class='ocrx_word' id='word_1_322' title='bbox 1905 2170 1988 2222; x_wconf 86' lang='lat' dir='ltr'>vi-</span> 
     </span>
    </p>
   </div>
   <div class='ocr_carea' id='block_1_29' title="bbox 387 2255 1986 2327">
    <p class='ocr_par' dir='ltr' id='par_1_29' title="bbox 387 2255 1986 2327">
     <span class='ocr_line' id='line_1_29' title="bbox 387 2255 1986 2327; baseline 0.002 -18"><span class='ocrx_word' id='word_1_323' title='bbox 387 2255 565 2310; x_wconf 89' lang='lat' dir='ltr'>disset</span> <span class='ocrx_word' id='word_1_324' title='bbox 583 2271 710 2310; x_wconf 91' lang='lat' dir='ltr'>eum</span> <span class='ocrx_word' id='word_1_325' title='bbox 739 2271 850 2309; x_wconf 91' lang='lat' dir='ltr'>non</span> <span class='ocrx_word' id='word_1_326' title='bbox 873 2255 1017 2310; x_wconf 88' lang='lat' dir='ltr'>ferre</span> <span class='ocrx_word' id='word_1_327' title='bbox 1033 2273 1102 2310; x_wconf 90' lang='lat' dir='ltr'>ea</span> <span class='ocrx_word' id='word_1_328' title='bbox 1121 2273 1244 2327; x_wconf 65' lang='lat' dir='ltr'>quae</span> <span class='ocrx_word' id='word_1_329' title='bbox 1263 2264 1395 2311; x_wconf 87' lang='lat' dir='ltr'>sunt</span> <span class='ocrx_word' id='word_1_330' title='bbox 1409 2259 1479 2311; x_wconf 88' lang='lat' dir='ltr'>ad</span> <span class='ocrx_word' id='word_1_331' title='bbox 1503 2259 1707 2312; x_wconf 90' lang='lat' dir='ltr'>victum</span> <span class='ocrx_word' id='word_1_332' title='bbox 1729 2275 1986 2313; x_wconf 90' lang='lat' dir='ltr'>necessa-</span> 
     </span>
    </p>
   </div>
   <div class='ocr_carea' id='block_1_30' title="bbox 389 2345 1992 2418">
    <p class='ocr_par' dir='ltr' id='par_1_30' title="bbox 389 2345 1992 2418">
     <span class='ocr_line' id='line_1_30' title="bbox 389 2345 1992 2418; baseline 0.002 -20"><span class='ocrx_word' id='word_1_333' title='bbox 389 2345 494 2411; x_wconf 85' lang='lat' dir='ltr'>ria,</span> <span class='ocrx_word' id='word_1_334' title='bbox 524 2361 637 2399; x_wconf 88' lang='lat' dir='ltr'>non</span> <span class='ocrx_word' id='word_1_335' title='bbox 665 2361 888 2414; x_wconf 88' lang='lat' dir='ltr'>panem,</span> <span class='ocrx_word' id='word_1_336' title='bbox 921 2361 1034 2399; x_wconf 89' lang='lat' dir='ltr'>non</span> <span class='ocrx_word' id='word_1_337' title='bbox 1069 2362 1293 2416; x_wconf 85' lang='lat' dir='ltr'>aquam,</span> <span class='ocrx_word' id='word_1_338' title='bbox 1328 2363 1440 2401; x_wconf 89' lang='lat' dir='ltr'>non</span> <span class='ocrx_word' id='word_1_339' title='bbox 1485 2348 1697 2418; x_wconf 89' lang='lat' dir='ltr'>aliquid</span> <span class='ocrx_word' id='word_1_340' title='bbox 1725 2349 1896 2414; x_wconf 89' lang='lat' dir='ltr'>aliud,</span> <span class='ocrx_word' id='word_1_341' title='bbox 1933 2353 1992 2401; x_wconf 89' lang='lat' dir='ltr'>et</span> 
     </span>
    </p>
   </div>
   <div class='ocr_carea' id='block_1_31' title="bbox 382 2435 1990 2507">
    <p class='ocr_par' dir='ltr' id='par_1_31' title="bbox 382 2435 1990 2507">
     <span class='ocr_line' id='line_1_31' title="bbox 382 2435 1990 2507; baseline 0.001 -19"><span class='ocrx_word' id='word_1_342' title='bbox 382 2435 502 2504; x_wconf 89' lang='lat' dir='ltr'>jam</span> <span class='ocrx_word' id='word_1_343' title='bbox 537 2439 802 2505; x_wconf 88' lang='lat' dir='ltr'>quartum</span> <span class='ocrx_word' id='word_1_344' title='bbox 832 2435 980 2488; x_wconf 90' lang='lat' dir='ltr'>diem</span> <span class='ocrx_word' id='word_1_345' title='bbox 1011 2451 1396 2505; x_wconf 90' lang='lat' dir='ltr'>perseverasse</span> <span class='ocrx_word' id='word_1_346' title='bbox 1419 2438 1699 2507; x_wconf 87' lang='lat' dir='ltr'>jejunum,</span> <span class='ocrx_word' id='word_1_347' title='bbox 1727 2437 1990 2507; x_wconf 83' lang='lat' dir='ltr'>cogitavit</span> 
     </span>
    </p>
   </div>
   <div class='ocr_carea' id='block_1_32' title="bbox 389 2523 1991 2596">
    <p class='ocr_par' dir='ltr' id='par_1_32' title="bbox 389 2523 1991 2596">
     <span class='ocr_line' id='line_1_32' title="bbox 389 2523 1991 2596; baseline 0.001 -17"><span class='ocrx_word' id='word_1_348' title='bbox 389 2524 538 2594; x_wconf 89' lang='lat' dir='ltr'>apud</span> <span class='ocrx_word' id='word_1_349' title='bbox 561 2540 645 2578; x_wconf 88' lang='lat' dir='ltr'>se:</span> <span class='ocrx_word' id='word_1_350' title='bbox 662 2524 745 2578; x_wconf 90' lang='lat' dir='ltr'>Ne</span> <span class='ocrx_word' id='word_1_351' title='bbox 767 2523 906 2578; x_wconf 87' lang='lat' dir='ltr'>forte</span> <span class='ocrx_word' id='word_1_352' title='bbox 924 2523 1289 2592; x_wconf 90' lang='lat' dir='ltr'>moriatur,ut</span> <span class='ocrx_word' id='word_1_353' title='bbox 1301 2525 1396 2594; x_wconf 88' lang='lat' dir='ltr'>qui</span> <span class='ocrx_word' id='word_1_354' title='bbox 1413 2541 1522 2580; x_wconf 90' lang='lat' dir='ltr'>non</span> <span class='ocrx_word' id='word_1_355' title='bbox 1545 2526 1620 2578; x_wconf 91' lang='lat' dir='ltr'>sit</span> <span class='ocrx_word' id='word_1_356' title='bbox 1641 2533 1898 2580; x_wconf 88' lang='lat' dir='ltr'>assuetus</span> <span class='ocrx_word' id='word_1_357' title='bbox 1909 2527 1991 2596; x_wconf 90' lang='lat' dir='ltr'>je-</span> 
     </span>
    </p>
   </div>
   <div class='ocr_carea' id='block_1_33' title="bbox 383 2613 1985 2684">
    <p class='ocr_par' dir='ltr' id='par_1_33' title="bbox 383 2613 1985 2684">
     <span class='ocr_line' id='line_1_33' title="bbox 383 2613 1985 2684; baseline 0.001 -17"><span class='ocrx_word' id='word_1_358' title='bbox 383 2615 675 2684; x_wconf 82' lang='lat' dir='ltr'>junare,et</span> <span class='ocrx_word' id='word_1_359' title='bbox 686 2630 868 2667; x_wconf 90' lang='lat' dir='ltr'>meam</span> <span class='ocrx_word' id='word_1_360' title='bbox 883 2613 1127 2667; x_wconf 89' lang='lat' dir='ltr'>maculet</span> <span class='ocrx_word' id='word_1_361' title='bbox 1141 2614 1408 2667; x_wconf 90' lang='lat' dir='ltr'>animam.</span> <span class='ocrx_word' id='word_1_362' title='bbox 1419 2615 1558 2668; x_wconf 92' lang='lat' dir='ltr'>Eum</span> <span class='ocrx_word' id='word_1_363' title='bbox 1571 2631 1704 2684; x_wconf 90' lang='lat' dir='ltr'>ergo</span> <span class='ocrx_word' id='word_1_364' title='bbox 1719 2615 1985 2668; x_wconf 82' lang='lat' dir='ltr'>admittit.</span> 
     </span>
    </p>
   </div>
   <div class='ocr_carea' id='block_1_34' title="bbox 390 2701 1991 2759">
    <p class='ocr_par' dir='ltr' id='par_1_34' title="bbox 390 2701 1991 2759">
     <span class='ocr_line' id='line_1_34' title="bbox 390 2701 1991 2759; baseline 0.002 -3"><span class='ocrx_word' id='word_1_365' title='bbox 390 2701 547 2756; x_wconf 90' lang='lat' dir='ltr'>Tunc</span> <span class='ocrx_word' id='word_1_366' title='bbox 584 2701 634 2754; x_wconf 90' lang='lat' dir='ltr'>ei</span> <span class='ocrx_word' id='word_1_367' title='bbox 663 2701 799 2754; x_wconf 91' lang='lat' dir='ltr'>dicit</span> <span class='ocrx_word' id='word_1_368' title='bbox 815 2702 1126 2756; x_wconf 88' lang='lat' dir='ltr'>Antonius:</span> <span class='ocrx_word' id='word_1_369' title='bbox 1159 2703 1324 2756; x_wconf 89' lang='lat' dir='ltr'>Potes</span> <span class='ocrx_word' id='word_1_370' title='bbox 1340 2719 1463 2758; x_wconf 91' lang='lat' dir='ltr'>esse</span> <span class='ocrx_word' id='word_1_371' title='bbox 1491 2704 1680 2758; x_wconf 76' lang='lat' dir='ltr'>salvus</span> <span class='ocrx_word' id='word_1_372' title='bbox 1705 2705 1754 2758; x_wconf 88' lang='lat' dir='ltr'>si</span> <span class='ocrx_word' id='word_1_373' title='bbox 1786 2703 1991 2759; x_wconf 89' lang='lat' dir='ltr'>habeas</span> 
     </span>
    </p>
   </div>
   <div class='ocr_carea' id='block_1_35' title="bbox 392 2789 1990 2860">
    <p class='ocr_par' dir='ltr' id='par_1_35' title="bbox 392 2789 1990 2860">
     <span class='ocr_line' id='line_1_35' title="bbox 392 2789 1990 2860; baseline 0.004 -18"><span class='ocrx_word' id='word_1_374' title='bbox 392 2789 792 2855; x_wconf 89' lang='lat' dir='ltr'>obedientiam,</span> <span class='ocrx_word' id='word_1_375' title='bbox 810 2794 868 2843; x_wconf 89' lang='lat' dir='ltr'>et</span> <span class='ocrx_word' id='word_1_376' title='bbox 886 2790 1034 2860; x_wconf 93' lang='lat' dir='ltr'>quod</span> <span class='ocrx_word' id='word_1_377' title='bbox 1063 2806 1096 2843; x_wconf 87' lang='lat' dir='ltr'>a</span> <span class='ocrx_word' id='word_1_378' title='bbox 1123 2807 1212 2844; x_wconf 91' lang='lat' dir='ltr'>me</span> <span class='ocrx_word' id='word_1_379' title='bbox 1227 2792 1471 2846; x_wconf 90' lang='lat' dir='ltr'>audieris</span> <span class='ocrx_word' id='word_1_380' title='bbox 1487 2793 1590 2846; x_wconf 88' lang='lat' dir='ltr'>hoc</span> <span class='ocrx_word' id='word_1_381' title='bbox 1609 2793 1824 2847; x_wconf 88' lang='lat' dir='ltr'>feceris.</span> <span class='ocrx_word' id='word_1_382' title='bbox 1843 2794 1990 2848; x_wconf 90' lang='lat' dir='ltr'>Pau-</span> 
     </span>
    </p>
   </div>
   <div class='ocr_carea' id='block_1_36' title="bbox 391 2878 1986 2952">
    <p class='ocr_par' dir='ltr' id='par_1_36' title="bbox 391 2878 1986 2952">
     <span class='ocr_line' id='line_1_36' title="bbox 391 2878 1986 2952; baseline 0.003 -20"><span class='ocrx_word' id='word_1_383' title='bbox 391 2878 481 2933; x_wconf 89' lang='lat' dir='ltr'>lus</span> <span class='ocrx_word' id='word_1_384' title='bbox 515 2883 704 2932; x_wconf 90' lang='lat' dir='ltr'>autem</span> <span class='ocrx_word' id='word_1_385' title='bbox 746 2879 1104 2949; x_wconf 89' lang='lat' dir='ltr'>respondens,</span> <span class='ocrx_word' id='word_1_386' title='bbox 1143 2880 1283 2934; x_wconf 84' lang='lat' dir='ltr'>dixit</span> <span class='ocrx_word' id='word_1_387' title='bbox 1323 2899 1334 2933; x_wconf 93' lang='lat'>:</span> <span class='ocrx_word' id='word_1_388' title='bbox 1371 2881 1592 2935; x_wconf 89' lang='lat' dir='ltr'>Faciam</span> <span class='ocrx_word' id='word_1_389' title='bbox 1641 2899 1986 2952; x_wconf 57' lang='lat' dir='ltr'>quacunque</span> 
     </span>
    </p>
   </div>
   <div class='ocr_carea' id='block_1_37' title="bbox 388 2968 1995 3040">
    <p class='ocr_par' dir='ltr' id='par_1_37' title="bbox 388 2968 1995 3040">
     <span class='ocr_line' id='line_1_37' title="bbox 388 2968 1995 3040; baseline 0.002 -18"><span class='ocrx_word' id='word_1_390' title='bbox 388 2968 644 3038; x_wconf 89' lang='lat' dir='ltr'>jusseris.</span> <span class='ocrx_word' id='word_1_391' title='bbox 674 2969 978 3038; x_wconf 89' lang='lat' dir='ltr'>Talemque</span> <span class='ocrx_word' id='word_1_392' title='bbox 998 2969 1124 3022; x_wconf 59' lang='lat' dir='ltr'>vita</span> <span class='ocrx_word' id='word_1_393' title='bbox 1141 2985 1352 3040; x_wconf 69' lang='lat' dir='ltr'>asperae</span> <span class='ocrx_word' id='word_1_394' title='bbox 1373 2971 1602 3040; x_wconf 74' lang='lat' dir='ltr'>agendae</span> <span class='ocrx_word' id='word_1_395' title='bbox 1629 2973 1906 3027; x_wconf 86' lang='lat' dir='ltr'>rationem</span> <span class='ocrx_word' id='word_1_396' title='bbox 1937 2977 1995 3026; x_wconf 91' lang='lat' dir='ltr'>et</span> 
     </span>
    </p>
   </div>
   <div class='ocr_carea' id='block_1_38' title="bbox 2070 2074 3671 2152">
    <p class='ocr_par' dir='ltr' id='par_1_38' title="bbox 2070 2074 3671 2152">
     <span class='ocr_line' id='line_1_38' title="bbox 2070 2074 3671 2152; baseline -0.009 -12"><span class='ocrx_word' id='word_1_397' title='bbox 2070 2085 2347 2140; x_wconf 89' lang='lat' dir='ltr'>Antonius</span> <span class='ocrx_word' id='word_1_398' title='bbox 2368 2084 2545 2137; x_wconf 91' lang='lat' dir='ltr'>donec</span> <span class='ocrx_word' id='word_1_399' title='bbox 2570 2081 2910 2152; x_wconf 81' lang='lat' dir='ltr'>perfecisset,</span> <span class='ocrx_word' id='word_1_400' title='bbox 2937 2084 2995 2132; x_wconf 88' lang='lat' dir='ltr'>et</span> <span class='ocrx_word' id='word_1_401' title='bbox 3020 2077 3155 2131; x_wconf 91' lang='lat' dir='ltr'>dicit</span> <span class='ocrx_word' id='word_1_402' title='bbox 3168 2077 3217 2130; x_wconf 89' lang='lat' dir='ltr'>ei</span> <span class='ocrx_word' id='word_1_403' title='bbox 3242 2095 3254 2129; x_wconf 92' lang='lat'>:</span> <span class='ocrx_word' id='word_1_404' title='bbox 3283 2074 3545 2138; x_wconf 79' lang='lat' dir='ltr'>Comede,</span> <span class='ocrx_word' id='word_1_405' title='bbox 3570 2089 3671 2143; x_wconf 85' lang='lat' dir='ltr'>pa-</span> 
     </span>
    </p>
   </div>
   <div class='ocr_carea' id='block_1_39' title="bbox 2071 2162 3673 2238">
    <p class='ocr_par' dir='ltr' id='par_1_39' title="bbox 2071 2162 3673 2238">
     <span class='ocr_line' id='line_1_39' title="bbox 2071 2162 3673 2238; baseline -0.009 -9"><span class='ocrx_word' id='word_1_406' title='bbox 2071 2174 2300 2236; x_wconf 90' lang='lat' dir='ltr'>tercule,</span> <span class='ocrx_word' id='word_1_407' title='bbox 2327 2172 2497 2226; x_wconf 89' lang='lat' dir='ltr'>etiam</span> <span class='ocrx_word' id='word_1_408' title='bbox 2520 2187 2695 2225; x_wconf 90' lang='lat' dir='ltr'>unum</span> <span class='ocrx_word' id='word_1_409' title='bbox 2713 2169 2864 2223; x_wconf 91' lang='lat' dir='ltr'>aliud</span> <span class='ocrx_word' id='word_1_410' title='bbox 2881 2165 3280 2238; x_wconf 86' lang='lat' dir='ltr'>paxamidium.</span> <span class='ocrx_word' id='word_1_411' title='bbox 3299 2164 3448 2218; x_wconf 92' lang='lat' dir='ltr'>Dicit</span> <span class='ocrx_word' id='word_1_412' title='bbox 3461 2162 3512 2216; x_wconf 85' lang='lat' dir='ltr'>ei</span> <span class='ocrx_word' id='word_1_413' title='bbox 3530 2162 3673 2216; x_wconf 87' lang='lat' dir='ltr'>Pau-</span> 
     </span>
    </p>
   </div>
   <div class='ocr_carea' id='block_1_40' title="bbox 2072 2253 3672 2327">
    <p class='ocr_par' dir='ltr' id='par_1_40' title="bbox 2072 2253 3672 2327">
     <span class='ocr_line' id='line_1_40' title="bbox 2072 2253 3672 2327; baseline -0.008 -10"><span class='ocrx_word' id='word_1_414' title='bbox 2072 2263 2159 2317; x_wconf 92' lang='lat' dir='ltr'>lus</span> <span class='ocrx_word' id='word_1_415' title='bbox 2210 2281 2220 2315; x_wconf 92' lang='lat'>:</span> <span class='ocrx_word' id='word_1_416' title='bbox 2285 2262 2344 2316; x_wconf 90' lang='lat' dir='ltr'>Si</span> <span class='ocrx_word' id='word_1_417' title='bbox 2399 2266 2461 2316; x_wconf 93' lang='lat' dir='ltr'>tu</span> <span class='ocrx_word' id='word_1_418' title='bbox 2519 2259 2798 2324; x_wconf 83' lang='lat' dir='ltr'>comedas,</span> <span class='ocrx_word' id='word_1_419' title='bbox 2848 2274 2950 2327; x_wconf 88' lang='lat' dir='ltr'>ego</span> <span class='ocrx_word' id='word_1_420' title='bbox 2999 2271 3220 2327; x_wconf 89' lang='lat' dir='ltr'>quoque</span> <span class='ocrx_word' id='word_1_421' title='bbox 3258 2253 3582 2317; x_wconf 84' lang='lat' dir='ltr'>comedam;</span> <span class='ocrx_word' id='word_1_422' title='bbox 3616 2259 3672 2307; x_wconf 89' lang='lat' dir='ltr'>te</span> 
     </span>
    </p>
   </div>
   <div class='ocr_carea' id='block_1_41' title="bbox 2073 2339 3672 2415">
    <p class='ocr_par' dir='ltr' id='par_1_41' title="bbox 2073 2339 3672 2415">
     <span class='ocr_line' id='line_1_41' title="bbox 2073 2339 3672 2415; baseline -0.009 -9"><span class='ocrx_word' id='word_1_423' title='bbox 2073 2357 2263 2406; x_wconf 88' lang='lat' dir='ltr'>autem</span> <span class='ocrx_word' id='word_1_424' title='bbox 2288 2367 2400 2404; x_wconf 91' lang='lat' dir='ltr'>non</span> <span class='ocrx_word' id='word_1_425' title='bbox 2429 2349 2774 2412; x_wconf 90' lang='lat' dir='ltr'>comedente,</span> <span class='ocrx_word' id='word_1_426' title='bbox 2817 2363 2918 2400; x_wconf 88' lang='lat' dir='ltr'>nec</span> <span class='ocrx_word' id='word_1_427' title='bbox 2949 2362 3051 2415; x_wconf 89' lang='lat' dir='ltr'>ego</span> <span class='ocrx_word' id='word_1_428' title='bbox 3097 2343 3406 2398; x_wconf 89' lang='lat' dir='ltr'>comedam.</span> <span class='ocrx_word' id='word_1_429' title='bbox 3442 2341 3593 2395; x_wconf 89' lang='lat' dir='ltr'>Dicit</span> <span class='ocrx_word' id='word_1_430' title='bbox 3622 2339 3672 2394; x_wconf 89' lang='lat' dir='ltr'>ei</span> 
     </span>
    </p>
   </div>
   <div class='ocr_carea' id='block_1_42' title="bbox 2071 2430 3670 2504">
    <p class='ocr_par' dir='ltr' id='par_1_42' title="bbox 2071 2430 3670 2504">
     <span class='ocr_line' id='line_1_42' title="bbox 2071 2430 3670 2504; baseline -0.006 -9"><span class='ocrx_word' id='word_1_431' title='bbox 2071 2441 2348 2495; x_wconf 89' lang='lat' dir='ltr'>Antonius</span> <span class='ocrx_word' id='word_1_432' title='bbox 2377 2458 2387 2492; x_wconf 92' lang='lat'>:</span> <span class='ocrx_word' id='word_1_433' title='bbox 2419 2443 2538 2504; x_wconf 57' lang='lat'>&#39;13</span> <span class='ocrx_word' id='word_1_434' title='bbox 2555 2444 2588 2503; x_wconf 86' lang='grc' dir='ltr'><strong>Ι</strong></span> <span class='ocrx_word' id='word_1_435' title='bbox 2621 2437 2762 2490; x_wconf 84' lang='lat' dir='ltr'>Mihi</span> <span class='ocrx_word' id='word_1_436' title='bbox 2780 2434 3003 2500; x_wconf 87' lang='lat' dir='ltr'>sufficit,</span> <span class='ocrx_word' id='word_1_437' title='bbox 3028 2450 3152 2488; x_wconf 90' lang='lat' dir='ltr'>sum</span> <span class='ocrx_word' id='word_1_438' title='bbox 3173 2433 3321 2487; x_wconf 89' lang='lat' dir='ltr'>enim</span> <span class='ocrx_word' id='word_1_439' title='bbox 3340 2430 3670 2485; x_wconf 88' lang='lat' dir='ltr'>monachus.</span> 
     </span>
    </p>
   </div>
   <div class='ocr_carea' id='block_1_43' title="bbox 2074 2518 3672 2592">
    <p class='ocr_par' dir='ltr' id='par_1_43' title="bbox 2074 2518 3672 2592">
     <span class='ocr_line' id='line_1_43' title="bbox 2074 2518 3672 2592; baseline -0.008 -9"><span class='ocrx_word' id='word_1_440' title='bbox 2074 2528 2142 2583; x_wconf 93' lang='lat' dir='ltr'>Et</span> <span class='ocrx_word' id='word_1_441' title='bbox 2171 2529 2264 2582; x_wconf 90' lang='lat' dir='ltr'>ille</span> <span class='ocrx_word' id='word_1_442' title='bbox 2300 2547 2310 2580; x_wconf 93' lang='lat'>:</span> <span class='ocrx_word' id='word_1_443' title='bbox 2338 2527 2406 2581; x_wconf 92' lang='lat' dir='ltr'>Et</span> <span class='ocrx_word' id='word_1_444' title='bbox 2430 2525 2569 2579; x_wconf 91' lang='lat' dir='ltr'>mihi</span> <span class='ocrx_word' id='word_1_445' title='bbox 2601 2524 2844 2591; x_wconf 82' lang='lat' dir='ltr'>sufficit;</span> <span class='ocrx_word' id='word_1_446' title='bbox 2879 2540 3009 2576; x_wconf 90' lang='lat' dir='ltr'>nam</span> <span class='ocrx_word' id='word_1_447' title='bbox 3040 2537 3142 2590; x_wconf 92' lang='lat' dir='ltr'>ego</span> <span class='ocrx_word' id='word_1_448' title='bbox 3171 2537 3394 2592; x_wconf 90' lang='lat' dir='ltr'>quoque</span> <span class='ocrx_word' id='word_1_449' title='bbox 3410 2519 3534 2572; x_wconf 90' lang='lat' dir='ltr'>volo</span> <span class='ocrx_word' id='word_1_450' title='bbox 3550 2518 3672 2572; x_wconf 84' lang='lat' dir='ltr'>ﬁeri</span> 
     </span>
    </p>
   </div>
   <div class='ocr_carea' id='block_1_44' title="bbox 2074 2607 3674 2684">
    <p class='ocr_par' dir='ltr' id='par_1_44' title="bbox 2074 2607 3674 2684">
     <span class='ocr_line' id='line_1_44' title="bbox 2074 2607 3674 2684; baseline -0.008 -13"><span class='ocrx_word' id='word_1_451' title='bbox 2074 2617 2399 2672; x_wconf 91' lang='lat' dir='ltr'>monachus.</span> <span class='ocrx_word' id='word_1_452' title='bbox 2435 2614 2627 2684; x_wconf 89' lang='lat' dir='ltr'>Surgit</span> <span class='ocrx_word' id='word_1_453' title='bbox 2655 2630 2870 2678; x_wconf 89' lang='lat' dir='ltr'>rursus,</span> <span class='ocrx_word' id='word_1_454' title='bbox 2895 2617 2953 2665; x_wconf 92' lang='lat' dir='ltr'>et</span> <span class='ocrx_word' id='word_1_455' title='bbox 2979 2611 3114 2665; x_wconf 83' lang='lat' dir='ltr'>facit</span> <span class='ocrx_word' id='word_1_456' title='bbox 3142 2608 3438 2663; x_wconf 90' lang='lat' dir='ltr'>duodecim</span> <span class='ocrx_word' id='word_1_457' title='bbox 3469 2607 3674 2660; x_wconf 86' lang='lat' dir='ltr'>oratio-</span> 
     </span>
    </p>
   </div>
   <div class='ocr_carea' id='block_1_45' title="bbox 2074 2697 3669 2776">
    <p class='ocr_par' dir='ltr' id='par_1_45' title="bbox 2074 2697 3669 2776">
     <span class='ocr_line' id='line_1_45' title="bbox 2074 2697 3669 2776; baseline -0.008 -15"><span class='ocrx_word' id='word_1_458' title='bbox 2074 2723 2191 2772; x_wconf 92' lang='lat' dir='ltr'>nes,</span> <span class='ocrx_word' id='word_1_459' title='bbox 2227 2711 2282 2760; x_wconf 91' lang='lat' dir='ltr'>et</span> <span class='ocrx_word' id='word_1_460' title='bbox 2310 2705 2500 2776; x_wconf 88' lang='lat' dir='ltr'>psallit</span> <span class='ocrx_word' id='word_1_461' title='bbox 2519 2702 2810 2758; x_wconf 89' lang='lat' dir='ltr'>duodecim</span> <span class='ocrx_word' id='word_1_462' title='bbox 2833 2702 3098 2772; x_wconf 89' lang='lat' dir='ltr'>psalmos.</span> <span class='ocrx_word' id='word_1_463' title='bbox 3133 2700 3201 2752; x_wconf 90' lang='lat' dir='ltr'>Et</span> <span class='ocrx_word' id='word_1_464' title='bbox 3230 2703 3358 2770; x_wconf 92' lang='lat' dir='ltr'>post</span> <span class='ocrx_word' id='word_1_465' title='bbox 3385 2697 3669 2750; x_wconf 88' lang='lat' dir='ltr'>orationes</span> 
     </span>
    </p>
   </div>
   <div class='ocr_carea' id='block_1_46' title="bbox 2072 2785 3668 2868">
    <p class='ocr_par' dir='ltr' id='par_1_46' title="bbox 2072 2785 3668 2868">
     <span class='ocr_line' id='line_1_46' title="bbox 2072 2785 3668 2868; baseline -0.008 -18"><span class='ocrx_word' id='word_1_466' title='bbox 2072 2795 2239 2868; x_wconf 91' lang='lat' dir='ltr'>primi</span> <span class='ocrx_word' id='word_1_467' title='bbox 2263 2795 2445 2849; x_wconf 88' lang='lat' dir='ltr'>somni</span> <span class='ocrx_word' id='word_1_468' title='bbox 2476 2810 2674 2864; x_wconf 88' lang='lat' dir='ltr'>parum</span> <span class='ocrx_word' id='word_1_469' title='bbox 2695 2791 3014 2851; x_wconf 85' lang='lat' dir='ltr'>dormiunt;</span> <span class='ocrx_word' id='word_1_470' title='bbox 3058 2795 3114 2843; x_wconf 91' lang='lat' dir='ltr'>et</span> <span class='ocrx_word' id='word_1_471' title='bbox 3144 2805 3339 2842; x_wconf 88' lang='lat' dir='ltr'>rursus</span> <span class='ocrx_word' id='word_1_472' title='bbox 3381 2785 3668 2857; x_wconf 89' lang='lat' dir='ltr'>expergis-</span> 
     </span>
    </p>
   </div>
   <div class='ocr_carea' id='block_1_47' title="bbox 2073 2876 3671 2954">
    <p class='ocr_par' dir='ltr' id='par_1_47' title="bbox 2073 2876 3671 2954">
     <span class='ocr_line' id='line_1_47' title="bbox 2073 2876 3671 2954; baseline -0.009 -14"><span class='ocrx_word' id='word_1_473' title='bbox 2073 2891 2278 2940; x_wconf 91' lang='lat' dir='ltr'>cuntur</span> <span class='ocrx_word' id='word_1_474' title='bbox 2298 2885 2369 2938; x_wconf 90' lang='lat' dir='ltr'>ad</span> <span class='ocrx_word' id='word_1_475' title='bbox 2399 2883 2749 2954; x_wconf 84' lang='lat' dir='ltr'>psallendum</span> <span class='ocrx_word' id='word_1_476' title='bbox 2777 2898 2810 2934; x_wconf 90' lang='lat' dir='ltr'>a</span> <span class='ocrx_word' id='word_1_477' title='bbox 2831 2880 3017 2934; x_wconf 90' lang='lat' dir='ltr'>media</span> <span class='ocrx_word' id='word_1_478' title='bbox 3037 2883 3198 2932; x_wconf 91' lang='lat' dir='ltr'>nocte</span> <span class='ocrx_word' id='word_1_479' title='bbox 3215 2877 3284 2930; x_wconf 92' lang='lat' dir='ltr'>ad</span> <span class='ocrx_word' id='word_1_480' title='bbox 3307 2876 3456 2929; x_wconf 91' lang='lat' dir='ltr'>diem</span> <span class='ocrx_word' id='word_1_481' title='bbox 3472 2890 3671 2945; x_wconf 89' lang='lat' dir='ltr'>usque.</span> 
     </span>
    </p>
   </div>
   <div class='ocr_carea' id='block_1_48' title="bbox 2147 2963 3671 3029">
    <p class='ocr_par' dir='ltr' id='par_1_48' title="bbox 2147 2963 3671 3029">
     <span class='ocr_line' id='line_1_48' title="bbox 2147 2963 3671 3029; baseline -0.009 -1"><span class='ocrx_word' id='word_1_482' title='bbox 2147 2973 2366 3028; x_wconf 90' lang='lat' dir='ltr'>Deinde</span> <span class='ocrx_word' id='word_1_483' title='bbox 2396 2972 2550 3026; x_wconf 90' lang='lat' dir='ltr'>misit</span> <span class='ocrx_word' id='word_1_484' title='bbox 2575 2987 2703 3024; x_wconf 85' lang='lat' dir='ltr'>eum</span> <span class='ocrx_word' id='word_1_485' title='bbox 2725 2970 2794 3024; x_wconf 88' lang='lat' dir='ltr'>ad</span> <span class='ocrx_word' id='word_1_486' title='bbox 2825 2969 3140 3023; x_wconf 89' lang='lat' dir='ltr'>obeundam</span> <span class='ocrx_word' id='word_1_487' title='bbox 3171 2965 3555 3029; x_wconf 89' lang='lat' dir='ltr'>solitudinem,</span> <span class='ocrx_word' id='word_1_488' title='bbox 3585 2963 3671 3016; x_wconf 86' lang='lat' dir='ltr'>di-</span> 
     </span>
    </p>
   </div>
   <div class='ocr_carea' id='block_1_49' title="bbox 393 3054 3670 3141">
    <p class='ocr_par' dir='ltr' id='par_1_49' title="bbox 393 3054 3670 3141">
     <span class='ocr_line' id='line_1_49' title="bbox 393 3054 3670 3141; baseline -0.002 -31"><span class='ocrx_word' id='word_1_489' title='bbox 393 3056 506 3111; x_wconf 89' lang='lat' dir='ltr'>illis</span> <span class='ocrx_word' id='word_1_490' title='bbox 535 3055 732 3111; x_wconf 89' lang='lat' dir='ltr'>diebus</span> <span class='ocrx_word' id='word_1_491' title='bbox 761 3059 1006 3128; x_wconf 89' lang='lat' dir='ltr'>suscepit</span> <span class='ocrx_word' id='word_1_492' title='bbox 1031 3058 1328 3124; x_wconf 87' lang='lat' dir='ltr'>Antonius,</span> <span class='ocrx_word' id='word_1_493' title='bbox 1365 3061 1588 3131; x_wconf 88' lang='lat' dir='ltr'>qualem</span> <span class='ocrx_word' id='word_1_494' title='bbox 1615 3061 1838 3132; x_wconf 87' lang='lat' dir='ltr'>quando</span> <span class='ocrx_word' id='word_1_495' title='bbox 1869 3067 2052 3141; x_wconf 78' lang='lat' dir='ltr'>eratc</span> <span class='ocrx_word' id='word_1_496' title='bbox 2075 3079 2206 3118; x_wconf 89' lang='lat' dir='ltr'>cens</span> <span class='ocrx_word' id='word_1_497' title='bbox 2233 3063 2284 3116; x_wconf 90' lang='lat' dir='ltr'>ei</span> <span class='ocrx_word' id='word_1_498' title='bbox 2317 3080 2328 3114; x_wconf 94' lang='lat'>:</span> <span class='ocrx_word' id='word_1_499' title='bbox 2364 3061 2506 3115; x_wconf 85' lang='lat' dir='ltr'>Veni</span> <span class='ocrx_word' id='word_1_500' title='bbox 2537 3061 2646 3114; x_wconf 89' lang='lat' dir='ltr'>huc</span> <span class='ocrx_word' id='word_1_501' title='bbox 2675 3064 2802 3130; x_wconf 92' lang='lat' dir='ltr'>post</span> <span class='ocrx_word' id='word_1_502' title='bbox 2828 3064 2943 3112; x_wconf 87' lang='lat' dir='ltr'>tres</span> <span class='ocrx_word' id='word_1_503' title='bbox 2973 3057 3113 3110; x_wconf 91' lang='lat' dir='ltr'>dies.</span> <span class='ocrx_word' id='word_1_504' title='bbox 3147 3056 3290 3111; x_wconf 91' lang='lat' dir='ltr'>Cum</span> <span class='ocrx_word' id='word_1_505' title='bbox 3337 3054 3442 3108; x_wconf 90' lang='lat' dir='ltr'>hoc</span> <span class='ocrx_word' id='word_1_506' title='bbox 3481 3058 3670 3106; x_wconf 88' lang='lat' dir='ltr'>autem</span> 
     </span>
    </p>
   </div>
   <div class='ocr_carea' id='block_1_50' title="bbox 393 3146 1990 3220">
    <p class='ocr_par' dir='ltr' id='par_1_50' title="bbox 393 3146 1990 3220">
     <span class='ocr_line' id='line_1_50' title="bbox 393 3146 1990 3220; baseline 0.003 -19"><span class='ocrx_word' id='word_1_507' title='bbox 393 3146 452 3201; x_wconf 87' lang='lat' dir='ltr'>in</span> <span class='ocrx_word' id='word_1_508' title='bbox 483 3146 754 3217; x_wconf 88' lang='lat' dir='ltr'>principio</span> <span class='ocrx_word' id='word_1_509' title='bbox 779 3147 1111 3217; x_wconf 89' lang='lat' dir='ltr'>juventutis.</span> <span class='ocrx_word' id='word_1_510' title='bbox 1138 3149 1271 3218; x_wconf 87' lang='lat' dir='ltr'>Ejus</span> <span class='ocrx_word' id='word_1_511' title='bbox 1301 3166 1434 3219; x_wconf 89' lang='lat' dir='ltr'>ergo</span> <span class='ocrx_word' id='word_1_512' title='bbox 1474 3156 1719 3204; x_wconf 87' lang='lat' dir='ltr'>mentem</span> <span class='ocrx_word' id='word_1_513' title='bbox 1748 3150 1990 3220; x_wconf 89' lang='lat' dir='ltr'>probans</span> 
     </span>
    </p>
   </div>
   <div class='ocr_carea' id='block_1_51' title="bbox 395 3235 1993 3304">
    <p class='ocr_par' dir='ltr' id='par_1_51' title="bbox 395 3235 1993 3304">
     <span class='ocr_line' id='line_1_51' title="bbox 395 3235 1993 3304; baseline 0.001 -14"><span class='ocrx_word' id='word_1_514' title='bbox 395 3235 693 3301; x_wconf 86' lang='lat' dir='ltr'>Antonius,</span> <span class='ocrx_word' id='word_1_515' title='bbox 735 3235 784 3289; x_wconf 91' lang='lat' dir='ltr'>ei</span> <span class='ocrx_word' id='word_1_516' title='bbox 815 3235 955 3289; x_wconf 89' lang='lat' dir='ltr'>dixit</span> <span class='ocrx_word' id='word_1_517' title='bbox 987 3255 997 3289; x_wconf 94' lang='lat'>:</span> <span class='ocrx_word' id='word_1_518' title='bbox 1033 3236 1150 3300; x_wconf 87' lang='lat' dir='ltr'>Sta,</span> <span class='ocrx_word' id='word_1_519' title='bbox 1193 3242 1250 3290; x_wconf 92' lang='lat' dir='ltr'>et</span> <span class='ocrx_word' id='word_1_520' title='bbox 1277 3253 1374 3291; x_wconf 93' lang='lat' dir='ltr'>ora</span> <span class='ocrx_word' id='word_1_521' title='bbox 1407 3237 1464 3291; x_wconf 91' lang='lat' dir='ltr'>in</span> <span class='ocrx_word' id='word_1_522' title='bbox 1509 3239 1611 3292; x_wconf 91' lang='lat' dir='ltr'>hoc</span> <span class='ocrx_word' id='word_1_523' title='bbox 1641 3239 1781 3304; x_wconf 92' lang='lat' dir='ltr'>loco,</span> <span class='ocrx_word' id='word_1_524' title='bbox 1815 3239 1993 3292; x_wconf 91' lang='lat' dir='ltr'>donec</span> 
     </span>
    </p>
   </div>
   <div class='ocr_carea' id='block_1_52' title="bbox 391 3323 1994 3398">
    <p class='ocr_par' dir='ltr' id='par_1_52' title="bbox 391 3323 1994 3398">
     <span class='ocr_line' id='line_1_52' title="bbox 391 3323 1994 3398; baseline 0.002 -19"><span class='ocrx_word' id='word_1_525' title='bbox 391 3323 700 3395; x_wconf 77' lang='lat' dir='ltr'>ingrediar,</span> <span class='ocrx_word' id='word_1_526' title='bbox 735 3330 792 3378; x_wconf 92' lang='lat' dir='ltr'>et</span> <span class='ocrx_word' id='word_1_527' title='bbox 819 3325 1048 3379; x_wconf 65' lang='lat' dir='ltr'>afferam</span> <span class='ocrx_word' id='word_1_528' title='bbox 1079 3325 1184 3379; x_wconf 90' lang='lat' dir='ltr'>tibi</span> <span class='ocrx_word' id='word_1_529' title='bbox 1213 3326 1360 3397; x_wconf 94' lang='lat' dir='ltr'>quod</span> <span class='ocrx_word' id='word_1_530' title='bbox 1391 3327 1656 3397; x_wconf 88' lang='lat' dir='ltr'>opereris.</span> <span class='ocrx_word' id='word_1_531' title='bbox 1702 3329 1994 3398; x_wconf 87' lang='lat' dir='ltr'>Ingressus</span> 
     </span>
    </p>
   </div>
   <div class='ocr_carea' id='block_1_53' title="bbox 396 3414 1991 3484">
    <p class='ocr_par' dir='ltr' id='par_1_53' title="bbox 396 3414 1991 3484">
     <span class='ocr_line' id='line_1_53' title="bbox 396 3414 1991 3484; baseline 0.003 -16"><span class='ocrx_word' id='word_1_532' title='bbox 396 3419 589 3469; x_wconf 82' lang='lat' dir='ltr'>autem</span> <span class='ocrx_word' id='word_1_533' title='bbox 617 3414 959 3484; x_wconf 87' lang='lat' dir='ltr'>speluncam,</span> <span class='ocrx_word' id='word_1_534' title='bbox 986 3431 1086 3484; x_wconf 92' lang='lat' dir='ltr'>per</span> <span class='ocrx_word' id='word_1_535' title='bbox 1113 3414 1418 3470; x_wconf 85' lang='lat' dir='ltr'>fenestram</span> <span class='ocrx_word' id='word_1_536' title='bbox 1447 3415 1844 3471; x_wconf 88' lang='lat' dir='ltr'>animadvertit</span> <span class='ocrx_word' id='word_1_537' title='bbox 1864 3434 1991 3472; x_wconf 90' lang='lat' dir='ltr'>eum</span> 
     </span>
    </p>
   </div>
   <div class='ocr_carea' id='block_1_54' title="bbox 386 3501 1990 3574">
    <p class='ocr_par' dir='ltr' id='par_1_54' title="bbox 386 3501 1990 3574">
     <span class='ocr_line' id='line_1_54' title="bbox 386 3501 1990 3574; baseline 0.002 -16"><span class='ocrx_word' id='word_1_538' title='bbox 386 3501 452 3558; x_wconf 83' lang='lat' dir='ltr'>in</span> <span class='ocrx_word' id='word_1_539' title='bbox 483 3519 550 3558; x_wconf 92' lang='lat' dir='ltr'>eo</span> <span class='ocrx_word' id='word_1_540' title='bbox 579 3503 698 3557; x_wconf 91' lang='lat' dir='ltr'>loco</span> <span class='ocrx_word' id='word_1_541' title='bbox 723 3507 902 3557; x_wconf 88' lang='lat' dir='ltr'>totam</span> <span class='ocrx_word' id='word_1_542' title='bbox 929 3502 1340 3558; x_wconf 88' lang='lat' dir='ltr'>hebdomadam</span> <span class='ocrx_word' id='word_1_543' title='bbox 1369 3521 1598 3559; x_wconf 91' lang='lat' dir='ltr'>manere</span> <span class='ocrx_word' id='word_1_544' title='bbox 1627 3506 1990 3574; x_wconf 88' lang='lat' dir='ltr'>immobilem,</span> 
     </span>
    </p>
   </div>
   <div class='ocr_carea' id='block_1_55' title="bbox 393 3590 1996 3666">
    <p class='ocr_par' dir='ltr' id='par_1_55' title="bbox 393 3590 1996 3666">
     <span class='ocr_line' id='line_1_55' title="bbox 393 3590 1996 3666; baseline 0.002 -19"><span class='ocrx_word' id='word_1_545' title='bbox 393 3607 524 3647; x_wconf 85' lang='lat' dir='ltr'>cum</span> <span class='ocrx_word' id='word_1_546' title='bbox 547 3590 617 3645; x_wconf 91' lang='lat' dir='ltr'>ab</span> <span class='ocrx_word' id='word_1_547' title='bbox 633 3596 770 3646; x_wconf 69' lang='lat' dir='ltr'>aestu</span> <span class='ocrx_word' id='word_1_548' title='bbox 795 3596 1124 3646; x_wconf 86' lang='lat' dir='ltr'>terreretur.</span> <span class='ocrx_word' id='word_1_549' title='bbox 1153 3594 1420 3662; x_wconf 83' lang='lat' dir='ltr'>Egressus</span> <span class='ocrx_word' id='word_1_550' title='bbox 1441 3600 1629 3648; x_wconf 89' lang='lat' dir='ltr'>autem</span> <span class='ocrx_word' id='word_1_551' title='bbox 1648 3601 1775 3666; x_wconf 91' lang='lat' dir='ltr'>post</span> <span class='ocrx_word' id='word_1_552' title='bbox 1793 3595 1996 3650; x_wconf 89' lang='lat' dir='ltr'>hebdo-</span> 
     </span>
    </p>
   </div>
   <div class='ocr_carea' id='block_1_56' title="bbox 396 3681 1990 3751">
    <p class='ocr_par' dir='ltr' id='par_1_56' title="bbox 396 3681 1990 3751">
     <span class='ocr_line' id='line_1_56' title="bbox 396 3681 1990 3751; baseline 0.003 -17"><span class='ocrx_word' id='word_1_553' title='bbox 396 3681 644 3746; x_wconf 84' lang='lat' dir='ltr'>madam,</span> <span class='ocrx_word' id='word_1_554' title='bbox 669 3698 796 3735; x_wconf 89' lang='lat' dir='ltr'>cum</span> <span class='ocrx_word' id='word_1_555' title='bbox 809 3698 874 3735; x_wconf 90' lang='lat' dir='ltr'>ex</span> <span class='ocrx_word' id='word_1_556' title='bbox 899 3681 1101 3751; x_wconf 89' lang='lat' dir='ltr'>palmis</span> <span class='ocrx_word' id='word_1_557' title='bbox 1134 3698 1319 3736; x_wconf 89' lang='lat' dir='ltr'>ramos</span> <span class='ocrx_word' id='word_1_558' title='bbox 1340 3683 1744 3751; x_wconf 89' lang='lat' dir='ltr'>madefecisset,</span> <span class='ocrx_word' id='word_1_559' title='bbox 1761 3685 1811 3738; x_wconf 93' lang='lat' dir='ltr'>ei</span> <span class='ocrx_word' id='word_1_560' title='bbox 1830 3684 1990 3739; x_wconf 86' lang='lat' dir='ltr'>dicit:</span> 
     </span>
    </p>
   </div>
   <div class='ocr_carea' id='block_1_57' title="bbox 394 3769 1995 3840">
    <p class='ocr_par' dir='ltr' id='par_1_57' title="bbox 394 3769 1995 3840">
     <span class='ocr_line' id='line_1_57' title="bbox 394 3769 1995 3840; baseline 0.002 -16"><span class='ocrx_word' id='word_1_561' title='bbox 394 3769 619 3840; x_wconf 85' lang='lat' dir='ltr'>Accipe,</span> <span class='ocrx_word' id='word_1_562' title='bbox 653 3775 704 3824; x_wconf 89' lang='lat' dir='ltr'>et</span> <span class='ocrx_word' id='word_1_563' title='bbox 733 3776 962 3824; x_wconf 85' lang='lat' dir='ltr'>contexe</span> <span class='ocrx_word' id='word_1_564' title='bbox 1009 3770 1201 3824; x_wconf 90' lang='lat' dir='ltr'>funem</span> <span class='ocrx_word' id='word_1_565' title='bbox 1233 3776 1296 3824; x_wconf 89' lang='lat' dir='ltr'>ut</span> <span class='ocrx_word' id='word_1_566' title='bbox 1335 3788 1426 3825; x_wconf 89' lang='lat' dir='ltr'>me</span> <span class='ocrx_word' id='word_1_567' title='bbox 1453 3772 1620 3826; x_wconf 88' lang='lat' dir='ltr'>vides.</span> <span class='ocrx_word' id='word_1_568' title='bbox 1641 3773 1801 3826; x_wconf 91' lang='lat' dir='ltr'>Texit</span> <span class='ocrx_word' id='word_1_569' title='bbox 1829 3791 1995 3828; x_wconf 87' lang='lat' dir='ltr'>senex</span> 
     </span>
    </p>
   </div>
   <div class='ocr_carea' id='block_1_58' title="bbox 395 3857 1998 3930">
    <p class='ocr_par' dir='ltr' id='par_1_58' title="bbox 395 3857 1998 3930">
     <span class='ocr_line' id='line_1_58' title="bbox 395 3857 1998 3930; baseline 0.003 -19"><span class='ocrx_word' id='word_1_570' title='bbox 395 3858 470 3911; x_wconf 88' lang='lat' dir='ltr'>ad</span> <span class='ocrx_word' id='word_1_571' title='bbox 488 3857 686 3910; x_wconf 89' lang='lat' dir='ltr'>horam</span> <span class='ocrx_word' id='word_1_572' title='bbox 715 3874 896 3927; x_wconf 91' lang='lat' dir='ltr'>usque</span> <span class='ocrx_word' id='word_1_573' title='bbox 925 3874 1132 3912; x_wconf 90' lang='lat' dir='ltr'>nonam</span> <span class='ocrx_word' id='word_1_574' title='bbox 1153 3858 1476 3928; x_wconf 88' lang='lat' dir='ltr'>quindecim</span> <span class='ocrx_word' id='word_1_575' title='bbox 1504 3860 1665 3914; x_wconf 89' lang='lat' dir='ltr'>ulnas</span> <span class='ocrx_word' id='word_1_576' title='bbox 1687 3878 1890 3930; x_wconf 88' lang='lat' dir='ltr'>magno</span> <span class='ocrx_word' id='word_1_577' title='bbox 1921 3863 1998 3916; x_wconf 87' lang='lat' dir='ltr'>la-</span> 
     </span>
    </p>
   </div>
   <div class='ocr_carea' id='block_1_59' title="bbox 395 3945 1997 4020">
    <p class='ocr_par' dir='ltr' id='par_1_59' title="bbox 395 3945 1997 4020">
     <span class='ocr_line' id='line_1_59' title="bbox 395 3945 1997 4020; baseline 0.004 -20"><span class='ocrx_word' id='word_1_578' title='bbox 395 3945 555 4000; x_wconf 86' lang='lat' dir='ltr'>bore.</span> <span class='ocrx_word' id='word_1_579' title='bbox 590 3946 731 4000; x_wconf 90' lang='lat' dir='ltr'>Cum</span> <span class='ocrx_word' id='word_1_580' title='bbox 779 3952 970 4000; x_wconf 89' lang='lat' dir='ltr'>autem</span> <span class='ocrx_word' id='word_1_581' title='bbox 1018 3946 1248 4001; x_wconf 89' lang='lat' dir='ltr'>vidisset</span> <span class='ocrx_word' id='word_1_582' title='bbox 1285 3948 1562 4002; x_wconf 90' lang='lat' dir='ltr'>Antonius</span> <span class='ocrx_word' id='word_1_583' title='bbox 1598 3949 1654 4003; x_wconf 92' lang='lat' dir='ltr'>id</span> <span class='ocrx_word' id='word_1_584' title='bbox 1684 3951 1831 4020; x_wconf 92' lang='lat' dir='ltr'>quod</span> <span class='ocrx_word' id='word_1_585' title='bbox 1863 3968 1997 4006; x_wconf 92' lang='lat' dir='ltr'>con-</span> 
     </span>
    </p>
   </div>
   <div class='ocr_carea' id='block_1_60' title="bbox 396 4033 1997 4108">
    <p class='ocr_par' dir='ltr' id='par_1_60' title="bbox 396 4033 1997 4108">
     <span class='ocr_line' id='line_1_60' title="bbox 396 4033 1997 4108; baseline 0.004 -20"><span class='ocrx_word' id='word_1_586' title='bbox 396 4037 674 4100; x_wconf 88' lang='lat' dir='ltr'>texuerat,</span> <span class='ocrx_word' id='word_1_587' title='bbox 709 4033 763 4088; x_wconf 88' lang='lat' dir='ltr'>id</span> <span class='ocrx_word' id='word_1_588' title='bbox 797 4033 1028 4088; x_wconf 88' lang='lat' dir='ltr'>minime</span> <span class='ocrx_word' id='word_1_589' title='bbox 1053 4035 1104 4088; x_wconf 91' lang='lat' dir='ltr'>ei</span> <span class='ocrx_word' id='word_1_590' title='bbox 1134 4035 1361 4106; x_wconf 88' lang='lat' dir='ltr'>placuit,</span> <span class='ocrx_word' id='word_1_591' title='bbox 1397 4043 1454 4091; x_wconf 93' lang='lat' dir='ltr'>et</span> <span class='ocrx_word' id='word_1_592' title='bbox 1490 4037 1595 4108; x_wconf 85' lang='lat' dir='ltr'>ipsi</span> <span class='ocrx_word' id='word_1_593' title='bbox 1625 4038 1762 4092; x_wconf 92' lang='lat' dir='ltr'>dicit</span> <span class='ocrx_word' id='word_1_594' title='bbox 1798 4058 1808 4093; x_wconf 95' lang='lat'>:</span> <span class='ocrx_word' id='word_1_595' title='bbox 1854 4040 1997 4094; x_wconf 91' lang='lat' dir='ltr'>Male</span> 
     </span>
    </p>
   </div>
   <div class='ocr_carea' id='block_1_61' title="bbox 401 4123 1995 4198">
    <p class='ocr_par' dir='ltr' id='par_1_61' title="bbox 401 4123 1995 4198">
     <span class='ocr_line' id='line_1_61' title="bbox 401 4123 1995 4198; baseline 0.004 -20"><span class='ocrx_word' id='word_1_596' title='bbox 401 4123 756 4189; x_wconf 88' lang='lat' dir='ltr'>contexuisti,</span> <span class='ocrx_word' id='word_1_597' title='bbox 816 4128 1020 4189; x_wconf 85' lang='lat' dir='ltr'>retexe,</span> <span class='ocrx_word' id='word_1_598' title='bbox 1065 4129 1123 4178; x_wconf 90' lang='lat' dir='ltr'>et</span> <span class='ocrx_word' id='word_1_599' title='bbox 1162 4125 1346 4179; x_wconf 91' lang='lat' dir='ltr'>denuo</span> <span class='ocrx_word' id='word_1_600' title='bbox 1404 4133 1664 4193; x_wconf 88' lang='lat' dir='ltr'>contexe;</span> <span class='ocrx_word' id='word_1_601' title='bbox 1711 4145 1837 4183; x_wconf 91' lang='lat' dir='ltr'>cum</span> <span class='ocrx_word' id='word_1_602' title='bbox 1875 4131 1995 4198; x_wconf 88' lang='lat' dir='ltr'>jam</span> 
     </span>
    </p>
   </div>
   <div class='ocr_carea' id='block_1_62' title="bbox 396 4212 1994 4288">
    <p class='ocr_par' dir='ltr' id='par_1_62' title="bbox 396 4212 1994 4288">
     <span class='ocr_line' id='line_1_62' title="bbox 396 4212 1994 4288; baseline 0.003 -20"><span class='ocrx_word' id='word_1_603' title='bbox 396 4212 636 4284; x_wconf 87' lang='lat' dir='ltr'>septimo</span> <span class='ocrx_word' id='word_1_604' title='bbox 658 4213 748 4267; x_wconf 92' lang='lat' dir='ltr'>die</span> <span class='ocrx_word' id='word_1_605' title='bbox 761 4213 992 4284; x_wconf 88' lang='lat' dir='ltr'>jejunus</span> <span class='ocrx_word' id='word_1_606' title='bbox 1015 4220 1226 4283; x_wconf 84' lang='lat' dir='ltr'>ageret,</span> <span class='ocrx_word' id='word_1_607' title='bbox 1255 4214 1421 4286; x_wconf 91' lang='lat' dir='ltr'>idque</span> <span class='ocrx_word' id='word_1_608' title='bbox 1445 4233 1571 4270; x_wconf 91' lang='lat' dir='ltr'>cum</span> <span class='ocrx_word' id='word_1_609' title='bbox 1603 4224 1752 4272; x_wconf 91' lang='lat' dir='ltr'>esset</span> <span class='ocrx_word' id='word_1_610' title='bbox 1764 4219 1994 4288; x_wconf 85' lang='lat' dir='ltr'>grandis</span> 
     </span>
    </p>
   </div>
   <div class='ocr_carea' id='block_1_63' title="bbox 396 4303 1996 4373">
    <p class='ocr_par' dir='ltr' id='par_1_63' title="bbox 396 4303 1996 4373">
     <span class='ocr_line' id='line_1_63' title="bbox 396 4303 1996 4373; baseline 0.003 -15"><span class='ocrx_word' id='word_1_611' title='bbox 396 4307 580 4358; x_wconf 69' lang='lat' dir='ltr'>tetate.</span> <span class='ocrx_word' id='word_1_612' title='bbox 614 4303 857 4357; x_wconf 90' lang='lat' dir='ltr'>Tantum</span> <span class='ocrx_word' id='word_1_613' title='bbox 888 4311 1074 4357; x_wconf 86' lang='lat' dir='ltr'>autem</span> <span class='ocrx_word' id='word_1_614' title='bbox 1099 4321 1227 4358; x_wconf 90' lang='lat' dir='ltr'>eum</span> <span class='ocrx_word' id='word_1_615' title='bbox 1257 4305 1360 4358; x_wconf 90' lang='lat' dir='ltr'>hac</span> <span class='ocrx_word' id='word_1_616' title='bbox 1389 4305 1458 4359; x_wconf 93' lang='lat' dir='ltr'>de</span> <span class='ocrx_word' id='word_1_617' title='bbox 1487 4323 1656 4360; x_wconf 87' lang='lat' dir='ltr'>causa</span> <span class='ocrx_word' id='word_1_618' title='bbox 1685 4307 1898 4373; x_wconf 83' lang='lat' dir='ltr'>afflixit,</span> <span class='ocrx_word' id='word_1_619' title='bbox 1932 4314 1996 4363; x_wconf 92' lang='lat' dir='ltr'>ut</span> 
     </span>
    </p>
   </div>
   <div class='ocr_carea' id='block_1_64' title="bbox 2073 3142 3668 3220">
    <p class='ocr_par' dir='ltr' id='par_1_64' title="bbox 2073 3142 3668 3220">
     <span class='ocr_line' id='line_1_64' title="bbox 2073 3142 3668 3220; baseline -0.009 -13"><span class='ocrx_word' id='word_1_620' title='bbox 2073 3154 2284 3207; x_wconf 89' lang='lat' dir='ltr'>factum</span> <span class='ocrx_word' id='word_1_621' title='bbox 2315 3157 2480 3216; x_wconf 90' lang='lat' dir='ltr'>esset,</span> <span class='ocrx_word' id='word_1_622' title='bbox 2515 3155 2571 3203; x_wconf 90' lang='lat' dir='ltr'>et</span> <span class='ocrx_word' id='word_1_623' title='bbox 2599 3148 2827 3220; x_wconf 91' lang='lat' dir='ltr'>quidam</span> <span class='ocrx_word' id='word_1_624' title='bbox 2875 3148 3076 3202; x_wconf 88' lang='lat' dir='ltr'>fratres</span> <span class='ocrx_word' id='word_1_625' title='bbox 3110 3146 3181 3199; x_wconf 88' lang='lat' dir='ltr'>ad</span> <span class='ocrx_word' id='word_1_626' title='bbox 3211 3161 3339 3199; x_wconf 89' lang='lat' dir='ltr'>eum</span> <span class='ocrx_word' id='word_1_627' title='bbox 3367 3142 3668 3207; x_wconf 85' lang='lat' dir='ltr'>venissent,</span> 
     </span>
    </p>
   </div>
   <div class='ocr_carea' id='block_1_65' title="bbox 2075 3230 3671 3306">
    <p class='ocr_par' dir='ltr' id='par_1_65' title="bbox 2075 3230 3671 3306">
     <span class='ocr_line' id='line_1_65' title="bbox 2075 3230 3671 3306; baseline -0.008 -11"><span class='ocrx_word' id='word_1_628' title='bbox 2075 3239 2408 3295; x_wconf 88' lang='lat' dir='ltr'>observabat</span> <span class='ocrx_word' id='word_1_629' title='bbox 2427 3240 2634 3293; x_wconf 89' lang='lat' dir='ltr'>Paulus</span> <span class='ocrx_word' id='word_1_630' title='bbox 2654 3236 2964 3292; x_wconf 90' lang='lat' dir='ltr'>Antonium</span> <span class='ocrx_word' id='word_1_631' title='bbox 2984 3234 3253 3306; x_wconf 88' lang='lat' dir='ltr'>quidnam</span> <span class='ocrx_word' id='word_1_632' title='bbox 3265 3233 3429 3286; x_wconf 89' lang='lat' dir='ltr'>vellet</span> <span class='ocrx_word' id='word_1_633' title='bbox 3439 3248 3572 3285; x_wconf 90' lang='lat' dir='ltr'>eum</span> <span class='ocrx_word' id='word_1_634' title='bbox 3591 3230 3671 3283; x_wconf 85' lang='lat' dir='ltr'>fa-</span> 
     </span>
    </p>
   </div>
   <div class='ocr_carea' id='block_1_66' title="bbox 2076 3319 3668 3385">
    <p class='ocr_par' dir='ltr' id='par_1_66' title="bbox 2076 3319 3668 3385">
     <span class='ocr_line' id='line_1_66' title="bbox 2076 3319 3668 3385; baseline -0.008 0"><span class='ocrx_word' id='word_1_635' title='bbox 2076 3347 2219 3385; x_wconf 91' lang='lat' dir='ltr'>cere.</span> <span class='ocrx_word' id='word_1_636' title='bbox 2254 3331 2308 3385; x_wconf 92' lang='lat' dir='ltr'>Is</span> <span class='ocrx_word' id='word_1_637' title='bbox 2333 3334 2523 3383; x_wconf 89' lang='lat' dir='ltr'>autem</span> <span class='ocrx_word' id='word_1_638' title='bbox 2556 3327 2696 3382; x_wconf 86' lang='lat' dir='ltr'>dixit</span> <span class='ocrx_word' id='word_1_639' title='bbox 2725 3327 2775 3381; x_wconf 91' lang='lat' dir='ltr'>ei</span> <span class='ocrx_word' id='word_1_640' title='bbox 2808 3345 2820 3379; x_wconf 93' lang='lat'>:</span> <span class='ocrx_word' id='word_1_641' title='bbox 2855 3327 3066 3381; x_wconf 89' lang='lat' dir='ltr'>Tacens</span> <span class='ocrx_word' id='word_1_642' title='bbox 3095 3319 3668 3385; x_wconf 86' lang='lat' dir='ltr'>ministrafratribus;</span> 
     </span>
    </p>
   </div>
   <div class='ocr_carea' id='block_1_67' title="bbox 2076 3409 3674 3491">
    <p class='ocr_par' dir='ltr' id='par_1_67' title="bbox 2076 3409 3674 3491">
     <span class='ocr_line' id='line_1_67' title="bbox 2076 3409 3674 3491; baseline -0.008 -17"><span class='ocrx_word' id='word_1_643' title='bbox 2076 3436 2259 3491; x_wconf 90' lang='lat' dir='ltr'>neque</span> <span class='ocrx_word' id='word_1_644' title='bbox 2271 3418 2483 3488; x_wconf 88' lang='lat' dir='ltr'>aliquid</span> <span class='ocrx_word' id='word_1_645' title='bbox 2502 3416 2814 3488; x_wconf 86' lang='lat' dir='ltr'>gustaveris</span> <span class='ocrx_word' id='word_1_646' title='bbox 2838 3415 3014 3469; x_wconf 92' lang='lat' dir='ltr'>donec</span> <span class='ocrx_word' id='word_1_647' title='bbox 3025 3415 3225 3469; x_wconf 83' lang='lat' dir='ltr'>fratres</span> <span class='ocrx_word' id='word_1_648' title='bbox 3241 3412 3453 3466; x_wconf 88' lang='lat' dir='ltr'>fuerint</span> <span class='ocrx_word' id='word_1_649' title='bbox 3471 3411 3583 3464; x_wconf 90' lang='lat' dir='ltr'>iter</span> <span class='ocrx_word' id='word_1_650' title='bbox 3592 3409 3674 3463; x_wconf 84' lang='lat' dir='ltr'>in-</span> 
     </span>
    </p>
   </div>
   <div class='ocr_carea' id='block_1_68' title="bbox 2073 3497 3675 3579">
    <p class='ocr_par' dir='ltr' id='par_1_68' title="bbox 2073 3497 3675 3579">
     <span class='ocr_line' id='line_1_68' title="bbox 2073 3497 3675 3579; baseline -0.007 -17"><span class='ocrx_word' id='word_1_651' title='bbox 2073 3508 2271 3579; x_wconf 90' lang='lat' dir='ltr'>gressi.</span> <span class='ocrx_word' id='word_1_652' title='bbox 2296 3508 2601 3578; x_wconf 90' lang='lat' dir='ltr'>Postquam</span> <span class='ocrx_word' id='word_1_653' title='bbox 2613 3510 2802 3559; x_wconf 90' lang='lat' dir='ltr'>autem</span> <span class='ocrx_word' id='word_1_654' title='bbox 2819 3504 2988 3558; x_wconf 85' lang='lat' dir='ltr'>tertia</span> <span class='ocrx_word' id='word_1_655' title='bbox 2994 3505 3114 3574; x_wconf 89' lang='lat' dir='ltr'>jam</span> <span class='ocrx_word' id='word_1_656' title='bbox 3136 3502 3369 3572; x_wconf 89' lang='lat' dir='ltr'>impleta</span> <span class='ocrx_word' id='word_1_657' title='bbox 3378 3505 3528 3554; x_wconf 87' lang='lat' dir='ltr'>esset</span> <span class='ocrx_word' id='word_1_658' title='bbox 3548 3497 3675 3552; x_wconf 87' lang='lat' dir='ltr'>heb-</span> 
     </span>
    </p>
   </div>
   <div class='ocr_carea' id='block_1_69' title="bbox 2077 3590 3674 3666">
    <p class='ocr_par' dir='ltr' id='par_1_69' title="bbox 2077 3590 3674 3666">
     <span class='ocr_line' id='line_1_69' title="bbox 2077 3590 3674 3666; baseline -0.007 -15"><span class='ocrx_word' id='word_1_659' title='bbox 2077 3597 2317 3651; x_wconf 87' lang='lat' dir='ltr'>domada</span> <span class='ocrx_word' id='word_1_660' title='bbox 2339 3612 2405 3649; x_wconf 89' lang='lat' dir='ltr'>ex</span> <span class='ocrx_word' id='word_1_661' title='bbox 2431 3611 2542 3666; x_wconf 92' lang='lat' dir='ltr'>quo</span> <span class='ocrx_word' id='word_1_662' title='bbox 2571 3610 2684 3648; x_wconf 91' lang='lat' dir='ltr'>non</span> <span class='ocrx_word' id='word_1_663' title='bbox 2705 3593 3023 3647; x_wconf 83' lang='lat' dir='ltr'>comederat</span> <span class='ocrx_word' id='word_1_664' title='bbox 3049 3591 3274 3653; x_wconf 80' lang='lat' dir='ltr'>Paulus,</span> <span class='ocrx_word' id='word_1_665' title='bbox 3311 3590 3514 3644; x_wconf 85' lang='lat' dir='ltr'>fratres</span> <span class='ocrx_word' id='word_1_666' title='bbox 3545 3603 3674 3642; x_wconf 88' lang='lat' dir='ltr'>eum</span> 
     </span>
    </p>
   </div>
   <div class='ocr_carea' id='block_1_70' title="bbox 2077 3677 3673 3756">
    <p class='ocr_par' dir='ltr' id='par_1_70' title="bbox 2077 3677 3673 3756">
     <span class='ocr_line' id='line_1_70' title="bbox 2077 3677 3673 3756; baseline -0.008 -16"><span class='ocrx_word' id='word_1_667' title='bbox 2077 3683 2378 3756; x_wconf 87' lang='lat' dir='ltr'>rogabant:</span> <span class='ocrx_word' id='word_1_668' title='bbox 2403 3683 2526 3746; x_wconf 85' lang='lat' dir='ltr'>Qua</span> <span class='ocrx_word' id='word_1_669' title='bbox 2544 3682 2614 3735; x_wconf 92' lang='lat' dir='ltr'>de</span> <span class='ocrx_word' id='word_1_670' title='bbox 2643 3697 2812 3737; x_wconf 83' lang='lat' dir='ltr'>causa</span> <span class='ocrx_word' id='word_1_671' title='bbox 2831 3680 3012 3734; x_wconf 82' lang='lat' dir='ltr'>taces?</span> <span class='ocrx_word' id='word_1_672' title='bbox 3041 3680 3296 3748; x_wconf 88' lang='lat' dir='ltr'>Cumque</span> <span class='ocrx_word' id='word_1_673' title='bbox 3312 3677 3406 3731; x_wconf 90' lang='lat' dir='ltr'>ille</span> <span class='ocrx_word' id='word_1_674' title='bbox 3420 3693 3536 3730; x_wconf 90' lang='lat' dir='ltr'>non</span> <span class='ocrx_word' id='word_1_675' title='bbox 3555 3692 3673 3729; x_wconf 87' lang='lat' dir='ltr'>res-</span> 
     </span>
    </p>
   </div>
   <div class='ocr_carea' id='block_1_71' title="bbox 2079 3767 3675 3846">
    <p class='ocr_par' dir='ltr' id='par_1_71' title="bbox 2079 3767 3675 3846">
     <span class='ocr_line' id='line_1_71' title="bbox 2079 3767 3675 3846; baseline -0.006 -18"><span class='ocrx_word' id='word_1_676' title='bbox 2079 3774 2367 3846; x_wconf 89' lang='lat' dir='ltr'>ponderet,</span> <span class='ocrx_word' id='word_1_677' title='bbox 2399 3772 2535 3826; x_wconf 87' lang='lat' dir='ltr'>dicit</span> <span class='ocrx_word' id='word_1_678' title='bbox 2562 3771 2614 3826; x_wconf 92' lang='lat' dir='ltr'>ei</span> <span class='ocrx_word' id='word_1_679' title='bbox 2639 3771 2917 3826; x_wconf 85' lang='lat' dir='ltr'>Antonius</span> <span class='ocrx_word' id='word_1_680' title='bbox 2943 3788 2954 3822; x_wconf 93' lang='lat'>:</span> <span class='ocrx_word' id='word_1_681' title='bbox 2985 3768 3130 3832; x_wconf 88' lang='lat' dir='ltr'>Quid</span> <span class='ocrx_word' id='word_1_682' title='bbox 3148 3767 3334 3822; x_wconf 82' lang='lat' dir='ltr'>taces?</span> <span class='ocrx_word' id='word_1_683' title='bbox 3360 3767 3675 3836; x_wconf 90' lang='lat' dir='ltr'>colloquere</span> 
     </span>
    </p>
   </div>
   <div class='ocr_carea' id='block_1_72' title="bbox 2079 3855 3675 3918">
    <p class='ocr_par' dir='ltr' id='par_1_72' title="bbox 2079 3855 3675 3918">
     <span class='ocr_line' id='line_1_72' title="bbox 2079 3855 3675 3918; baseline -0.006 0"><span class='ocrx_word' id='word_1_684' title='bbox 2079 3881 2206 3918; x_wconf 92' lang='lat' dir='ltr'>cum</span> <span class='ocrx_word' id='word_1_685' title='bbox 2260 3861 2552 3918; x_wconf 85' lang='lat' dir='ltr'>fratribus.</span> <span class='ocrx_word' id='word_1_686' title='bbox 2605 3861 2706 3914; x_wconf 90' lang='lat' dir='ltr'>Ille</span> <span class='ocrx_word' id='word_1_687' title='bbox 2756 3876 2886 3914; x_wconf 87' lang='lat' dir='ltr'>vero</span> <span class='ocrx_word' id='word_1_688' title='bbox 2925 3864 3011 3912; x_wconf 91' lang='lat' dir='ltr'>est</span> <span class='ocrx_word' id='word_1_689' title='bbox 3045 3858 3370 3912; x_wconf 90' lang='lat' dir='ltr'>collocutus.</span> <span class='ocrx_word' id='word_1_690' title='bbox 3403 3857 3548 3910; x_wconf 90' lang='lat' dir='ltr'>Cum</span> <span class='ocrx_word' id='word_1_691' title='bbox 3571 3855 3675 3908; x_wconf 85' lang='lat' dir='ltr'>ali-</span> 
     </span>
    </p>
   </div>
   <div class='ocr_carea' id='block_1_73' title="bbox 2080 3946 3674 4021">
    <p class='ocr_par' dir='ltr' id='par_1_73' title="bbox 2080 3946 3674 4021">
     <span class='ocr_line' id='line_1_73' title="bbox 2080 3946 3674 4021; baseline -0.004 -17"><span class='ocrx_word' id='word_1_692' title='bbox 2080 3951 2304 4021; x_wconf 89' lang='lat' dir='ltr'>quando</span> <span class='ocrx_word' id='word_1_693' title='bbox 2333 3951 2384 4006; x_wconf 91' lang='lat' dir='ltr'>ei</span> <span class='ocrx_word' id='word_1_694' title='bbox 2416 3951 2612 4006; x_wconf 87' lang='lat' dir='ltr'>fuisset</span> <span class='ocrx_word' id='word_1_695' title='bbox 2638 3950 2809 4003; x_wconf 83' lang='lat' dir='ltr'>allata</span> <span class='ocrx_word' id='word_1_696' title='bbox 2835 3965 2979 4002; x_wconf 90' lang='lat' dir='ltr'>urna</span> <span class='ocrx_word' id='word_1_697' title='bbox 3015 3947 3215 4013; x_wconf 90' lang='lat' dir='ltr'>mellis,</span> <span class='ocrx_word' id='word_1_698' title='bbox 3248 3946 3391 4000; x_wconf 86' lang='lat' dir='ltr'>dixit</span> <span class='ocrx_word' id='word_1_699' title='bbox 3418 3946 3467 3999; x_wconf 92' lang='lat' dir='ltr'>ei</span> <span class='ocrx_word' id='word_1_700' title='bbox 3498 3947 3674 3999; x_wconf 84' lang='lat' dir='ltr'>Anto-</span> 
     </span>
    </p>
   </div>
   <div class='ocr_carea' id='block_1_74' title="bbox 2081 4032 3676 4110">
    <p class='ocr_par' dir='ltr' id='par_1_74' title="bbox 2081 4032 3676 4110">
     <span class='ocr_line' id='line_1_74' title="bbox 2081 4032 3676 4110; baseline -0.006 -16"><span class='ocrx_word' id='word_1_701' title='bbox 2081 4041 2209 4095; x_wconf 90' lang='lat' dir='ltr'>nius</span> <span class='ocrx_word' id='word_1_702' title='bbox 2243 4059 2252 4093; x_wconf 94' lang='lat'>:</span> <span class='ocrx_word' id='word_1_703' title='bbox 2282 4040 2504 4110; x_wconf 87' lang='lat' dir='ltr'>Frange</span> <span class='ocrx_word' id='word_1_704' title='bbox 2533 4055 2646 4105; x_wconf 88' lang='lat' dir='ltr'>vas,</span> <span class='ocrx_word' id='word_1_705' title='bbox 2681 4043 2738 4092; x_wconf 87' lang='lat' dir='ltr'>et</span> <span class='ocrx_word' id='word_1_706' title='bbox 2762 4037 2872 4091; x_wconf 89' lang='lat' dir='ltr'>mel</span> <span class='ocrx_word' id='word_1_707' title='bbox 2902 4035 3240 4091; x_wconf 72' lang='lat' dir='ltr'>effundatur.</span> <span class='ocrx_word' id='word_1_708' title='bbox 3275 4035 3366 4089; x_wconf 90' lang='lat' dir='ltr'>Sic</span> <span class='ocrx_word' id='word_1_709' title='bbox 3390 4038 3582 4088; x_wconf 90' lang='lat' dir='ltr'>autem</span> <span class='ocrx_word' id='word_1_710' title='bbox 3601 4032 3676 4086; x_wconf 83' lang='lat' dir='ltr'>fe-</span> 
     </span>
    </p>
   </div>
   <div class='ocr_carea' id='block_1_75' title="bbox 2078 4122 3670 4196">
    <p class='ocr_par' dir='ltr' id='par_1_75' title="bbox 2078 4122 3670 4196">
     <span class='ocr_line' id='line_1_75' title="bbox 2078 4122 3670 4196; baseline -0.006 -12"><span class='ocrx_word' id='word_1_711' title='bbox 2078 4130 2174 4184; x_wconf 90' lang='lat' dir='ltr'>cit.</span> <span class='ocrx_word' id='word_1_712' title='bbox 2210 4131 2278 4184; x_wconf 88' lang='lat' dir='ltr'>Et</span> <span class='ocrx_word' id='word_1_713' title='bbox 2302 4131 2354 4184; x_wconf 90' lang='lat' dir='ltr'>ei</span> <span class='ocrx_word' id='word_1_714' title='bbox 2387 4145 2582 4183; x_wconf 89' lang='lat' dir='ltr'>rursus</span> <span class='ocrx_word' id='word_1_715' title='bbox 2607 4127 2776 4182; x_wconf 92' lang='lat' dir='ltr'>dicit:</span> <span class='ocrx_word' id='word_1_716' title='bbox 2815 4126 3027 4196; x_wconf 88' lang='lat' dir='ltr'>Collige</span> <span class='ocrx_word' id='word_1_717' title='bbox 3075 4141 3270 4179; x_wconf 90' lang='lat' dir='ltr'>rursus</span> <span class='ocrx_word' id='word_1_718' title='bbox 3300 4124 3412 4178; x_wconf 89' lang='lat' dir='ltr'>mel</span> <span class='ocrx_word' id='word_1_719' title='bbox 3442 4122 3670 4187; x_wconf 85' lang='lat' dir='ltr'>concha,</span> 
     </span>
    </p>
   </div>
   <div class='ocr_carea' id='block_1_76' title="bbox 2077 4211 3676 4287">
    <p class='ocr_par' dir='ltr' id='par_1_76' title="bbox 2077 4211 3676 4287">
     <span class='ocr_line' id='line_1_76' title="bbox 2077 4211 3676 4287; baseline -0.005 -15"><span class='ocrx_word' id='word_1_720' title='bbox 2077 4235 2148 4273; x_wconf 88' lang='lat' dir='ltr'>ne</span> <span class='ocrx_word' id='word_1_721' title='bbox 2197 4219 2388 4273; x_wconf 85' lang='lat' dir='ltr'>sordes</span> <span class='ocrx_word' id='word_1_722' title='bbox 2441 4217 2661 4287; x_wconf 88' lang='lat' dir='ltr'>aliquas</span> <span class='ocrx_word' id='word_1_723' title='bbox 2704 4215 2931 4270; x_wconf 89' lang='lat' dir='ltr'>inferas.</span> <span class='ocrx_word' id='word_1_724' title='bbox 2990 4215 3059 4268; x_wconf 91' lang='lat' dir='ltr'>Et</span> <span class='ocrx_word' id='word_1_725' title='bbox 3105 4229 3302 4267; x_wconf 88' lang='lat' dir='ltr'>rursus</span> <span class='ocrx_word' id='word_1_726' title='bbox 3344 4211 3520 4282; x_wconf 89' lang='lat' dir='ltr'>jussit</span> <span class='ocrx_word' id='word_1_727' title='bbox 3547 4228 3676 4265; x_wconf 88' lang='lat' dir='ltr'>eum</span> 
     </span>
    </p>
   </div>
   <div class='ocr_carea' id='block_1_77' title="bbox 2085 4301 3677 4378">
    <p class='ocr_par' dir='ltr' id='par_1_77' title="bbox 2085 4301 3677 4378">
     <span class='ocr_line' id='line_1_77' title="bbox 2085 4301 3677 4378; baseline -0.004 -18"><span class='ocrx_word' id='word_1_728' title='bbox 2085 4323 2288 4378; x_wconf 87' lang='lat' dir='ltr'>aquam</span> <span class='ocrx_word' id='word_1_729' title='bbox 2311 4306 2537 4362; x_wconf 83' lang='lat' dir='ltr'>haurire</span> <span class='ocrx_word' id='word_1_730' title='bbox 2569 4311 2683 4359; x_wconf 89' lang='lat' dir='ltr'>toto</span> <span class='ocrx_word' id='word_1_731' title='bbox 2712 4305 2823 4358; x_wconf 91' lang='lat' dir='ltr'>die.</span> <span class='ocrx_word' id='word_1_732' title='bbox 2846 4305 2914 4358; x_wconf 89' lang='lat' dir='ltr'>Et</span> <span class='ocrx_word' id='word_1_733' title='bbox 2941 4319 3136 4357; x_wconf 90' lang='lat' dir='ltr'>rursus</span> <span class='ocrx_word' id='word_1_734' title='bbox 3167 4319 3294 4357; x_wconf 91' lang='lat' dir='ltr'>cum</span> <span class='ocrx_word' id='word_1_735' title='bbox 3325 4306 3536 4354; x_wconf 88' lang='lat' dir='ltr'>vestem</span> <span class='ocrx_word' id='word_1_736' title='bbox 3557 4301 3677 4370; x_wconf 71' lang='lat' dir='ltr'>ejus</span> 
     </span>
    </p>
   </div>
   <div class='ocr_carea' id='block_1_78' title="bbox 395 4390 3677 4464">
    <p class='ocr_par' dir='ltr' id='par_1_78' title="bbox 395 4390 3677 4464">
     <span class='ocr_line' id='line_1_78' title="bbox 395 4390 3677 4464; baseline -0.002 -17"><span class='ocrx_word' id='word_1_737' title='bbox 395 4409 542 4462; x_wconf 70' lang='lat' dir='ltr'>aegre</span> <span class='ocrx_word' id='word_1_738' title='bbox 564 4391 746 4446; x_wconf 87' lang='lat' dir='ltr'>ferens</span> <span class='ocrx_word' id='word_1_739' title='bbox 767 4408 934 4446; x_wconf 86' lang='lat' dir='ltr'>senex</span> <span class='ocrx_word' id='word_1_740' title='bbox 954 4391 1173 4462; x_wconf 82' lang='lat' dir='ltr'>fugeret</span> <span class='ocrx_word' id='word_1_741' title='bbox 1195 4394 1519 4461; x_wconf 82' lang='lat' dir='ltr'>Antonium,</span> <span class='ocrx_word' id='word_1_742' title='bbox 1535 4401 1592 4449; x_wconf 90' lang='lat' dir='ltr'>et</span> <span class='ocrx_word' id='word_1_743' title='bbox 1611 4395 1782 4450; x_wconf 89' lang='lat' dir='ltr'>vitam</span> <span class='ocrx_word' id='word_1_744' title='bbox 1805 4394 2058 4453; x_wconf 90' lang='lat' dir='ltr'>mona-D</span> <span class='ocrx_word' id='word_1_745' title='bbox 2078 4396 2437 4461; x_wconf 91' lang='lat' dir='ltr'>dissolvisset,</span> <span class='ocrx_word' id='word_1_746' title='bbox 2450 4394 2622 4464; x_wconf 90' lang='lat' dir='ltr'>jussit</span> <span class='ocrx_word' id='word_1_747' title='bbox 2649 4410 2936 4448; x_wconf 88' lang='lat' dir='ltr'>consuere.</span> <span class='ocrx_word' id='word_1_748' title='bbox 2962 4393 3201 4446; x_wconf 89' lang='lat' dir='ltr'>Tantam</span> <span class='ocrx_word' id='word_1_749' title='bbox 3219 4390 3462 4460; x_wconf 90' lang='lat' dir='ltr'>denique</span> <span class='ocrx_word' id='word_1_750' title='bbox 3491 4390 3582 4443; x_wconf 90' lang='lat' dir='ltr'>hic</span> <span class='ocrx_word' id='word_1_751' title='bbox 3597 4390 3677 4442; x_wconf 89' lang='lat' dir='ltr'>vir</span> 
     </span>
    </p>
   </div>
   <div class='ocr_carea' id='block_1_79' title="bbox 395 4482 1996 4553">
    <p class='ocr_par' dir='ltr' id='par_1_79' title="bbox 395 4482 1996 4553">
     <span class='ocr_line' id='line_1_79' title="bbox 395 4482 1996 4553; baseline 0.002 -16"><span class='ocrx_word' id='word_1_752' title='bbox 395 4482 648 4537; x_wconf 87' lang='lat' dir='ltr'>chorum.</span> <span class='ocrx_word' id='word_1_753' title='bbox 674 4482 729 4536; x_wconf 91' lang='lat' dir='ltr'>Is</span> <span class='ocrx_word' id='word_1_754' title='bbox 749 4488 942 4536; x_wconf 88' lang='lat' dir='ltr'>autem</span> <span class='ocrx_word' id='word_1_755' title='bbox 971 4483 1197 4536; x_wconf 91' lang='lat' dir='ltr'>eosdem</span> <span class='ocrx_word' id='word_1_756' title='bbox 1228 4499 1415 4537; x_wconf 93' lang='lat' dir='ltr'>ramos</span> <span class='ocrx_word' id='word_1_757' title='bbox 1444 4489 1501 4538; x_wconf 91' lang='lat' dir='ltr'>et</span> <span class='ocrx_word' id='word_1_758' title='bbox 1531 4486 1789 4553; x_wconf 88' lang='lat' dir='ltr'>retexuit,</span> <span class='ocrx_word' id='word_1_759' title='bbox 1815 4492 1870 4540; x_wconf 91' lang='lat' dir='ltr'>et</span> <span class='ocrx_word' id='word_1_760' title='bbox 1890 4487 1996 4542; x_wconf 91' lang='lat' dir='ltr'>ite-</span> 
     </span>
    </p>
   </div>
   <div class='ocr_carea' id='block_1_80' title="bbox 398 4571 1998 4643">
    <p class='ocr_par' dir='ltr' id='par_1_80' title="bbox 398 4571 1998 4643">
     <span class='ocr_line' id='line_1_80' title="bbox 398 4571 1998 4643; baseline 0.003 -17"><span class='ocrx_word' id='word_1_761' title='bbox 398 4587 525 4626; x_wconf 86' lang='lat' dir='ltr'>rum</span> <span class='ocrx_word' id='word_1_762' title='bbox 542 4571 828 4625; x_wconf 86' lang='lat' dir='ltr'>contexuit</span> <span class='ocrx_word' id='word_1_763' title='bbox 837 4587 964 4625; x_wconf 91' lang='lat' dir='ltr'>cum</span> <span class='ocrx_word' id='word_1_764' title='bbox 984 4571 1405 4642; x_wconf 89' lang='lat' dir='ltr'>magnolabore,</span> <span class='ocrx_word' id='word_1_765' title='bbox 1425 4574 1572 4643; x_wconf 92' lang='lat' dir='ltr'>quod</span> <span class='ocrx_word' id='word_1_766' title='bbox 1585 4591 1655 4628; x_wconf 87' lang='lat' dir='ltr'>ex</span> <span class='ocrx_word' id='word_1_767' title='bbox 1672 4581 1998 4630; x_wconf 89' lang='lat' dir='ltr'>contextura</span> 
     </span>
    </p>
   </div>
   <div class='ocr_carea' id='block_1_81' title="bbox 399 4659 1997 4736">
    <p class='ocr_par' dir='ltr' id='par_1_81' title="bbox 399 4659 1997 4736">
     <span class='ocr_line' id='line_1_81' title="bbox 399 4659 1997 4736; baseline 0.004 -22"><span class='ocrx_word' id='word_1_768' title='bbox 399 4660 586 4731; x_wconf 89' lang='lat' dir='ltr'>prima</span> <span class='ocrx_word' id='word_1_769' title='bbox 611 4659 850 4715; x_wconf 82' lang='lat' dir='ltr'>fuissent</span> <span class='ocrx_word' id='word_1_770' title='bbox 874 4661 1176 4731; x_wconf 86' lang='lat' dir='ltr'>corrugati.</span> <span class='ocrx_word' id='word_1_771' title='bbox 1198 4662 1339 4715; x_wconf 91' lang='lat' dir='ltr'>Cum</span> <span class='ocrx_word' id='word_1_772' title='bbox 1360 4678 1492 4732; x_wconf 85' lang='lat' dir='ltr'>ergo</span> <span class='ocrx_word' id='word_1_773' title='bbox 1512 4663 1745 4718; x_wconf 87' lang='lat' dir='ltr'>vidisset</span> <span class='ocrx_word' id='word_1_774' title='bbox 1761 4681 1997 4736; x_wconf 87' lang='lat' dir='ltr'>magnus</span> 
     </span>
    </p>
   </div>
   <div class='ocr_carea' id='block_1_82' title="bbox 394 4749 2001 4826">
    <p class='ocr_par' dir='ltr' id='par_1_82' title="bbox 394 4749 2001 4826">
     <span class='ocr_line' id='line_1_82' title="bbox 394 4749 2001 4826; baseline 0.004 -24"><span class='ocrx_word' id='word_1_775' title='bbox 394 4749 675 4804; x_wconf 89' lang='lat' dir='ltr'>Antonius</span> <span class='ocrx_word' id='word_1_776' title='bbox 699 4765 827 4804; x_wconf 89' lang='lat' dir='ltr'>cum</span> <span class='ocrx_word' id='word_1_777' title='bbox 843 4766 946 4804; x_wconf 90' lang='lat' dir='ltr'>nec</span> <span class='ocrx_word' id='word_1_778' title='bbox 957 4766 1359 4817; x_wconf 89' lang='lat' dir='ltr'>murmurasse,</span> <span class='ocrx_word' id='word_1_779' title='bbox 1380 4767 1563 4822; x_wconf 89' lang='lat' dir='ltr'>neque</span> <span class='ocrx_word' id='word_1_780' title='bbox 1580 4753 1831 4808; x_wconf 89' lang='lat' dir='ltr'>animum</span> <span class='ocrx_word' id='word_1_781' title='bbox 1851 4755 2001 4826; x_wconf 89' lang='lat' dir='ltr'>abje-</span> 
     </span>
    </p>
   </div>
   <div class='ocr_carea' id='block_1_83' title="bbox 402 4835 2001 4916">
    <p class='ocr_par' dir='ltr' id='par_1_83' title="bbox 402 4835 2001 4916">
     <span class='ocr_line' id='line_1_83' title="bbox 402 4835 2001 4916; baseline 0.006 -25"><span class='ocrx_word' id='word_1_782' title='bbox 402 4835 753 4910; x_wconf 89' lang='lat' dir='ltr'>cisse,neque</span> <span class='ocrx_word' id='word_1_783' title='bbox 771 4840 988 4894; x_wconf 90' lang='lat' dir='ltr'>vultum</span> <span class='ocrx_word' id='word_1_784' title='bbox 1011 4855 1174 4894; x_wconf 91' lang='lat' dir='ltr'>suum</span> <span class='ocrx_word' id='word_1_785' title='bbox 1192 4840 1422 4894; x_wconf 91' lang='lat' dir='ltr'>omnino</span> <span class='ocrx_word' id='word_1_786' title='bbox 1437 4842 1725 4908; x_wconf 85' lang='lat' dir='ltr'>avertisse,</span> <span class='ocrx_word' id='word_1_787' title='bbox 1746 4849 1804 4898; x_wconf 91' lang='lat' dir='ltr'>et</span> <span class='ocrx_word' id='word_1_788' title='bbox 1819 4861 2001 4916; x_wconf 91' lang='lat' dir='ltr'>neque</span> 
     </span>
    </p>
   </div>
   <div class='ocr_carea' id='block_1_84' title="bbox 402 4925 2003 5004">
    <p class='ocr_par' dir='ltr' id='par_1_84' title="bbox 402 4925 2003 5004">
     <span class='ocr_line' id='line_1_84' title="bbox 402 4925 2003 5004; baseline 0.005 -25"><span class='ocrx_word' id='word_1_789' title='bbox 402 4925 488 4979; x_wconf 86' lang='lat' dir='ltr'>vel</span> <span class='ocrx_word' id='word_1_790' title='bbox 508 4927 790 4981; x_wconf 88' lang='lat' dir='ltr'>tantillum</span> <span class='ocrx_word' id='word_1_791' title='bbox 809 4927 1215 4995; x_wconf 89' lang='lat' dir='ltr'>succensuisse,</span> <span class='ocrx_word' id='word_1_792' title='bbox 1232 4934 1462 5000; x_wconf 88' lang='lat' dir='ltr'>propter</span> <span class='ocrx_word' id='word_1_793' title='bbox 1481 4947 1609 4984; x_wconf 91' lang='lat' dir='ltr'>eum</span> <span class='ocrx_word' id='word_1_794' title='bbox 1632 4937 1717 4985; x_wconf 89' lang='lat' dir='ltr'>est</span> <span class='ocrx_word' id='word_1_795' title='bbox 1737 4949 2003 5004; x_wconf 89' lang='lat' dir='ltr'>compun-</span> 
     </span>
    </p>
   </div>
   <div class='ocr_carea' id='block_1_85' title="bbox 399 5015 2004 5086">
    <p class='ocr_par' dir='ltr' id='par_1_85' title="bbox 399 5015 2004 5086">
     <span class='ocr_line' id='line_1_85' title="bbox 399 5015 2004 5086; baseline 0.006 -18"><span class='ocrx_word' id='word_1_796' title='bbox 399 5017 544 5068; x_wconf 87' lang='lat' dir='ltr'>ctus.</span> <span class='ocrx_word' id='word_1_797' title='bbox 573 5015 637 5068; x_wconf 84' lang='lat' dir='ltr'>Et</span> <span class='ocrx_word' id='word_1_798' title='bbox 661 5017 776 5070; x_wconf 91' lang='lat' dir='ltr'>sole</span> <span class='ocrx_word' id='word_1_799' title='bbox 806 5017 1094 5072; x_wconf 89' lang='lat' dir='ltr'>occidente</span> <span class='ocrx_word' id='word_1_800' title='bbox 1114 5017 1164 5072; x_wconf 91' lang='lat' dir='ltr'>ei</span> <span class='ocrx_word' id='word_1_801' title='bbox 1184 5017 1348 5072; x_wconf 89' lang='lat' dir='ltr'>dicit:</span> <span class='ocrx_word' id='word_1_802' title='bbox 1380 5019 1689 5086; x_wconf 89' lang='lat' dir='ltr'>Patercule,</span> <span class='ocrx_word' id='word_1_803' title='bbox 1723 5020 1806 5075; x_wconf 88' lang='lat' dir='ltr'>vis</span> <span class='ocrx_word' id='word_1_804' title='bbox 1825 5039 2004 5078; x_wconf 84' lang='lat' dir='ltr'>come-</span> 
     </span>
    </p>
   </div>
   <div class='ocr_carea' id='block_1_86' title="bbox 401 5101 2003 5179">
    <p class='ocr_par' dir='ltr' id='par_1_86' title="bbox 401 5101 2003 5179">
     <span class='ocr_line' id='line_1_86' title="bbox 401 5101 2003 5179; baseline 0.006 -23"><span class='ocrx_word' id='word_1_805' title='bbox 401 5101 603 5157; x_wconf 85' lang='lat' dir='ltr'>damus</span> <span class='ocrx_word' id='word_1_806' title='bbox 635 5102 1014 5174; x_wconf 88' lang='lat' dir='ltr'>fragmentum</span> <span class='ocrx_word' id='word_1_807' title='bbox 1040 5106 1237 5179; x_wconf 86' lang='lat' dir='ltr'>panis?</span> <span class='ocrx_word' id='word_1_808' title='bbox 1270 5107 1415 5162; x_wconf 92' lang='lat' dir='ltr'>Dicit</span> <span class='ocrx_word' id='word_1_809' title='bbox 1435 5108 1484 5161; x_wconf 91' lang='lat' dir='ltr'>ei</span> <span class='ocrx_word' id='word_1_810' title='bbox 1517 5109 1728 5164; x_wconf 88' lang='lat' dir='ltr'>Paulus</span> <span class='ocrx_word' id='word_1_811' title='bbox 1764 5128 1774 5162; x_wconf 89' lang='lat'>:</span> <span class='ocrx_word' id='word_1_812' title='bbox 1805 5111 1879 5165; x_wconf 92' lang='lat' dir='ltr'>Ut</span> <span class='ocrx_word' id='word_1_813' title='bbox 1901 5112 2003 5166; x_wconf 91' lang='lat' dir='ltr'>tibi</span> 
     </span>
    </p>
   </div>
   <div class='ocr_carea' id='block_1_87' title="bbox 404 5191 1994 5269">
    <p class='ocr_par' dir='ltr' id='par_1_87' title="bbox 404 5191 1994 5269">
     <span class='ocr_line' id='line_1_87' title="bbox 404 5191 1994 5269; baseline 0.007 -24"><span class='ocrx_word' id='word_1_814' title='bbox 404 5191 646 5255; x_wconf 87' lang='lat' dir='ltr'>videtur,</span> <span class='ocrx_word' id='word_1_815' title='bbox 669 5191 831 5246; x_wconf 89' lang='lat' dir='ltr'>abba.</span> <span class='ocrx_word' id='word_1_816' title='bbox 849 5195 964 5250; x_wconf 85' lang='lat' dir='ltr'>Hoc</span> <span class='ocrx_word' id='word_1_817' title='bbox 983 5213 1204 5268; x_wconf 92' lang='lat' dir='ltr'>quoque</span> <span class='ocrx_word' id='word_1_818' title='bbox 1223 5215 1417 5252; x_wconf 84' lang='lat' dir='ltr'>rursus</span> <span class='ocrx_word' id='word_1_819' title='bbox 1437 5197 1652 5253; x_wconf 85' lang='lat' dir='ltr'>inflexit</span> <span class='ocrx_word' id='word_1_820' title='bbox 1669 5201 1994 5269; x_wconf 85' lang='lat' dir='ltr'>Antonium,</span> 
     </span>
    </p>
   </div>
   <div class='ocr_carea' id='block_1_88' title="bbox 402 5281 2000 5358">
    <p class='ocr_par' dir='ltr' id='par_1_88' title="bbox 402 5281 2000 5358">
     <span class='ocr_line' id='line_1_88' title="bbox 402 5281 2000 5358; baseline 0.006 -23"><span class='ocrx_word' id='word_1_821' title='bbox 402 5281 552 5353; x_wconf 91' lang='lat' dir='ltr'>quod</span> <span class='ocrx_word' id='word_1_822' title='bbox 578 5298 690 5336; x_wconf 91' lang='lat' dir='ltr'>non</span> <span class='ocrx_word' id='word_1_823' title='bbox 718 5282 788 5336; x_wconf 91' lang='lat' dir='ltr'>ad</span> <span class='ocrx_word' id='word_1_824' title='bbox 811 5283 920 5338; x_wconf 88' lang='lat' dir='ltr'>cibi</span> <span class='ocrx_word' id='word_1_825' title='bbox 951 5285 1212 5341; x_wconf 89' lang='lat' dir='ltr'>nuntium</span> <span class='ocrx_word' id='word_1_826' title='bbox 1255 5287 1508 5358; x_wconf 89' lang='lat' dir='ltr'>protinus</span> <span class='ocrx_word' id='word_1_827' title='bbox 1535 5290 1859 5356; x_wconf 91' lang='lat' dir='ltr'>accurrerit,</span> <span class='ocrx_word' id='word_1_828' title='bbox 1903 5290 2000 5344; x_wconf 89' lang='lat' dir='ltr'>sed</span> 
     </span>
    </p>
   </div>
   <div class='ocr_carea' id='block_1_89' title="bbox 401 5371 1995 5448">
    <p class='ocr_par' dir='ltr' id='par_1_89' title="bbox 401 5371 1995 5448">
     <span class='ocr_line' id='line_1_89' title="bbox 401 5371 1995 5448; baseline 0.004 -21"><span class='ocrx_word' id='word_1_829' title='bbox 401 5371 456 5427; x_wconf 89' lang='lat' dir='ltr'>ei</span> <span class='ocrx_word' id='word_1_830' title='bbox 471 5377 806 5443; x_wconf 84' lang='lat' dir='ltr'>potestatem</span> <span class='ocrx_word' id='word_1_831' title='bbox 825 5373 1158 5442; x_wconf 88' lang='lat' dir='ltr'>permiserit.</span> <span class='ocrx_word' id='word_1_832' title='bbox 1178 5377 1324 5430; x_wconf 89' lang='lat' dir='ltr'>Para</span> <span class='ocrx_word' id='word_1_833' title='bbox 1344 5377 1995 5448; x_wconf 87' lang='lat' dir='ltr'>ergo,inquit,mensam;</span> 
     </span>
    </p>
   </div>
   <div class='ocr_carea' id='block_1_90' title="bbox 2078 4477 3678 4556">
    <p class='ocr_par' dir='ltr' id='par_1_90' title="bbox 2078 4477 3678 4556">
     <span class='ocr_line' id='line_1_90' title="bbox 2078 4477 3678 4556; baseline -0.006 -16"><span class='ocrx_word' id='word_1_834' title='bbox 2078 4485 2328 4556; x_wconf 86' lang='lat' dir='ltr'>possedit</span> <span class='ocrx_word' id='word_1_835' title='bbox 2358 4482 2753 4547; x_wconf 87' lang='lat' dir='ltr'>obedientiam,</span> <span class='ocrx_word' id='word_1_836' title='bbox 2771 4489 2836 4536; x_wconf 91' lang='lat' dir='ltr'>ut</span> <span class='ocrx_word' id='word_1_837' title='bbox 2863 4482 2914 4536; x_wconf 94' lang='lat' dir='ltr'>ei</span> <span class='ocrx_word' id='word_1_838' title='bbox 2942 4481 3112 4535; x_wconf 90' lang='lat' dir='ltr'>etiam</span> <span class='ocrx_word' id='word_1_839' title='bbox 3140 4481 3274 4534; x_wconf 86' lang='lat' dir='ltr'>data</span> <span class='ocrx_word' id='word_1_840' title='bbox 3300 4479 3375 4532; x_wconf 88' lang='lat' dir='ltr'>sit</span> <span class='ocrx_word' id='word_1_841' title='bbox 3390 4479 3582 4547; x_wconf 85' lang='lat' dir='ltr'>gratia</span> <span class='ocrx_word' id='word_1_842' title='bbox 3599 4477 3678 4532; x_wconf 86' lang='lat' dir='ltr'>di-</span> 
     </span>
    </p>
   </div>
   <div class='ocr_carea' id='block_1_91' title="bbox 2077 4572 3675 4646">
    <p class='ocr_par' dir='ltr' id='par_1_91' title="bbox 2077 4572 3675 4646">
     <span class='ocr_line' id='line_1_91' title="bbox 2077 4572 3675 4646; baseline -0.005 -15"><span class='ocrx_word' id='word_1_843' title='bbox 2077 4575 2304 4641; x_wconf 90' lang='lat' dir='ltr'>vinitus,</span> <span class='ocrx_word' id='word_1_844' title='bbox 2333 4591 2536 4646; x_wconf 90' lang='lat' dir='ltr'>nempe</span> <span class='ocrx_word' id='word_1_845' title='bbox 2567 4579 2632 4627; x_wconf 91' lang='lat' dir='ltr'>ut</span> <span class='ocrx_word' id='word_1_846' title='bbox 2659 4572 2885 4643; x_wconf 86' lang='lat' dir='ltr'>ejiceret</span> <span class='ocrx_word' id='word_1_847' title='bbox 2913 4572 3526 4641; x_wconf 72' lang='lat' dir='ltr'>daamones.Postquam</span> <span class='ocrx_word' id='word_1_848' title='bbox 3545 4585 3675 4639; x_wconf 89' lang='lat' dir='ltr'>ergo</span> 
     </span>
    </p>
   </div>
   <div class='ocr_carea' id='block_1_92' title="bbox 2078 4657 3676 4733">
    <p class='ocr_par' dir='ltr' id='par_1_92' title="bbox 2078 4657 3676 4733">
     <span class='ocr_line' id='line_1_92' title="bbox 2078 4657 3676 4733; baseline -0.005 -13"><span class='ocrx_word' id='word_1_849' title='bbox 2078 4666 2218 4720; x_wconf 90' lang='lat' dir='ltr'>vidit</span> <span class='ocrx_word' id='word_1_850' title='bbox 2239 4681 2431 4720; x_wconf 90' lang='lat' dir='ltr'>senem</span> <span class='ocrx_word' id='word_1_851' title='bbox 2461 4679 2698 4733; x_wconf 89' lang='lat' dir='ltr'>magnus</span> <span class='ocrx_word' id='word_1_852' title='bbox 2719 4661 3014 4727; x_wconf 88' lang='lat' dir='ltr'>Antonius,</span> <span class='ocrx_word' id='word_1_853' title='bbox 3048 4667 3306 4732; x_wconf 90' lang='lat' dir='ltr'>prompte</span> <span class='ocrx_word' id='word_1_854' title='bbox 3324 4675 3589 4714; x_wconf 86' lang='lat' dir='ltr'>cumesse</span> <span class='ocrx_word' id='word_1_855' title='bbox 3607 4657 3676 4711; x_wconf 86' lang='lat' dir='ltr'>ad</span> 
     </span>
    </p>
   </div>
   <div class='ocr_carea' id='block_1_93' title="bbox 2082 4748 3671 4813">
    <p class='ocr_par' dir='ltr' id='par_1_93' title="bbox 2082 4748 3671 4813">
     <span class='ocr_line' id='line_1_93' title="bbox 2082 4748 3671 4813; baseline -0.006 -4"><span class='ocrx_word' id='word_1_856' title='bbox 2082 4755 2272 4810; x_wconf 90' lang='lat' dir='ltr'>omnia</span> <span class='ocrx_word' id='word_1_857' title='bbox 2295 4758 2548 4808; x_wconf 89' lang='lat' dir='ltr'>secutum</span> <span class='ocrx_word' id='word_1_858' title='bbox 2577 4752 2636 4806; x_wconf 91' lang='lat' dir='ltr'>in</span> <span class='ocrx_word' id='word_1_859' title='bbox 2664 4751 2788 4806; x_wconf 58' lang='lat' dir='ltr'>vita</span> <span class='ocrx_word' id='word_1_860' title='bbox 2809 4750 3128 4804; x_wconf 63' lang='lat' dir='ltr'>exercenda;</span> <span class='ocrx_word' id='word_1_861' title='bbox 3147 4749 3383 4813; x_wconf 85' lang='lat' dir='ltr'>ratione,</span> <span class='ocrx_word' id='word_1_862' title='bbox 3418 4748 3469 4802; x_wconf 89' lang='lat' dir='ltr'>ei</span> <span class='ocrx_word' id='word_1_863' title='bbox 3493 4748 3632 4802; x_wconf 90' lang='lat' dir='ltr'>dicit</span> <span class='ocrx_word' id='word_1_864' title='bbox 3660 4766 3671 4800; x_wconf 90' lang='lat'>:</span> 
     </span>
    </p>
   </div>
   <div class='ocr_carea' id='block_1_94' title="bbox 2082 4836 3680 4910">
    <p class='ocr_par' dir='ltr' id='par_1_94' title="bbox 2082 4836 3680 4910">
     <span class='ocr_line' id='line_1_94' title="bbox 2082 4836 3680 4910; baseline -0.005 -12"><span class='ocrx_word' id='word_1_865' title='bbox 2082 4843 2446 4910; x_wconf 84' lang='lat' dir='ltr'>Vide,frater,</span> <span class='ocrx_word' id='word_1_866' title='bbox 2473 4841 2520 4896; x_wconf 87' lang='lat' dir='ltr'>si</span> <span class='ocrx_word' id='word_1_867' title='bbox 2547 4843 2626 4895; x_wconf 92' lang='lat' dir='ltr'>sic</span> <span class='ocrx_word' id='word_1_868' title='bbox 2655 4841 2715 4894; x_wconf 92' lang='lat' dir='ltr'>in</span> <span class='ocrx_word' id='word_1_869' title='bbox 2738 4840 2857 4894; x_wconf 91' lang='lat' dir='ltr'>dies</span> <span class='ocrx_word' id='word_1_870' title='bbox 2886 4845 3061 4910; x_wconf 89' lang='lat' dir='ltr'>potes,</span> <span class='ocrx_word' id='word_1_871' title='bbox 3088 4855 3253 4892; x_wconf 91' lang='lat' dir='ltr'>mane</span> <span class='ocrx_word' id='word_1_872' title='bbox 3274 4854 3515 4892; x_wconf 88' lang='lat' dir='ltr'>mecum.</span> <span class='ocrx_word' id='word_1_873' title='bbox 3535 4836 3680 4892; x_wconf 84' lang='lat' dir='ltr'>Dicit</span> 
     </span>
    </p>
   </div>
   <div class='ocr_carea' id='block_1_95' title="bbox 2085 4926 3674 5000">
    <p class='ocr_par' dir='ltr' id='par_1_95' title="bbox 2085 4926 3674 5000">
     <span class='ocr_line' id='line_1_95' title="bbox 2085 4926 3674 5000; baseline -0.006 -11"><span class='ocrx_word' id='word_1_874' title='bbox 2085 4935 2137 4989; x_wconf 92' lang='lat' dir='ltr'>ei</span> <span class='ocrx_word' id='word_1_875' title='bbox 2165 4934 2373 4989; x_wconf 89' lang='lat' dir='ltr'>Paulus</span> <span class='ocrx_word' id='word_1_876' title='bbox 2397 4951 2408 4985; x_wconf 91' lang='lat'>:</span> <span class='ocrx_word' id='word_1_877' title='bbox 2442 4933 2529 4986; x_wconf 88' lang='lat' dir='ltr'>An</span> <span class='ocrx_word' id='word_1_878' title='bbox 2560 4929 2695 5000; x_wconf 90' lang='lat' dir='ltr'>quid</span> <span class='ocrx_word' id='word_1_879' title='bbox 2719 4929 2858 4983; x_wconf 90' lang='lat' dir='ltr'>mihi</span> <span class='ocrx_word' id='word_1_880' title='bbox 2890 4928 3067 4999; x_wconf 88' lang='lat' dir='ltr'>possis</span> <span class='ocrx_word' id='word_1_881' title='bbox 3091 4928 3335 4998; x_wconf 86' lang='lat' dir='ltr'>amplius</span> <span class='ocrx_word' id='word_1_882' title='bbox 3361 4926 3674 4992; x_wconf 83' lang='lat' dir='ltr'>ostendere,</span> 
     </span>
    </p>
   </div>
   <div class='ocr_carea' id='block_1_96' title="bbox 2084 5015 3678 5091">
    <p class='ocr_par' dir='ltr' id='par_1_96' title="bbox 2084 5015 3678 5091">
     <span class='ocr_line' id='line_1_96' title="bbox 2084 5015 3678 5091; baseline -0.007 -13"><span class='ocrx_word' id='word_1_883' title='bbox 2084 5022 2290 5078; x_wconf 90' lang='lat' dir='ltr'>nescio.</span> <span class='ocrx_word' id='word_1_884' title='bbox 2324 5024 2468 5076; x_wconf 88' lang='lat' dir='ltr'>Nam</span> <span class='ocrx_word' id='word_1_885' title='bbox 2486 5037 2551 5075; x_wconf 87' lang='lat' dir='ltr'>ea</span> <span class='ocrx_word' id='word_1_886' title='bbox 2565 5036 2686 5091; x_wconf 71' lang='lat' dir='ltr'>quae</span> <span class='ocrx_word' id='word_1_887' title='bbox 2705 5019 2816 5072; x_wconf 90' lang='lat' dir='ltr'>vidi</span> <span class='ocrx_word' id='word_1_888' title='bbox 2843 5035 2878 5071; x_wconf 91' lang='lat' dir='ltr'>a</span> <span class='ocrx_word' id='word_1_889' title='bbox 2898 5023 2953 5070; x_wconf 89' lang='lat' dir='ltr'>te</span> <span class='ocrx_word' id='word_1_890' title='bbox 2985 5017 3124 5082; x_wconf 83' lang='lat' dir='ltr'>fieri,</span> <span class='ocrx_word' id='word_1_891' title='bbox 3152 5034 3256 5087; x_wconf 88' lang='lat' dir='ltr'>ego</span> <span class='ocrx_word' id='word_1_892' title='bbox 3283 5032 3508 5087; x_wconf 89' lang='lat' dir='ltr'>quoque</span> <span class='ocrx_word' id='word_1_893' title='bbox 3539 5015 3678 5069; x_wconf 87' lang='lat' dir='ltr'>facio</span> 
     </span>
    </p>
   </div>
   <div class='ocr_carea' id='block_1_97' title="bbox 2085 5106 3681 5178">
    <p class='ocr_par' dir='ltr' id='par_1_97' title="bbox 2085 5106 3681 5178">
     <span class='ocr_line' id='line_1_97' title="bbox 2085 5106 3681 5178; baseline -0.005 -11"><span class='ocrx_word' id='word_1_894' title='bbox 2085 5113 2246 5167; x_wconf 87' lang='lat' dir='ltr'>facile</span> <span class='ocrx_word' id='word_1_895' title='bbox 2276 5117 2333 5166; x_wconf 90' lang='lat' dir='ltr'>et</span> <span class='ocrx_word' id='word_1_896' title='bbox 2359 5112 2497 5166; x_wconf 88' lang='lat' dir='ltr'>citra</span> <span class='ocrx_word' id='word_1_897' title='bbox 2531 5109 2800 5173; x_wconf 89' lang='lat' dir='ltr'>laborem,</span> <span class='ocrx_word' id='word_1_898' title='bbox 2818 5109 2933 5162; x_wconf 93' lang='lat' dir='ltr'>Deo</span> <span class='ocrx_word' id='word_1_899' title='bbox 2949 5107 3084 5162; x_wconf 92' lang='lat' dir='ltr'>mihi</span> <span class='ocrx_word' id='word_1_900' title='bbox 3105 5124 3268 5178; x_wconf 89' lang='lat' dir='ltr'>opem</span> <span class='ocrx_word' id='word_1_901' title='bbox 3286 5106 3681 5160; x_wconf 86' lang='lat' dir='ltr'>ferente.Tunc</span> 
     </span>
    </p>
   </div>
   <div class='ocr_carea' id='block_1_98' title="bbox 2082 5195 3680 5259">
    <p class='ocr_par' dir='ltr' id='par_1_98' title="bbox 2082 5195 3680 5259">
     <span class='ocr_line' id='line_1_98' title="bbox 2082 5195 3680 5259; baseline -0.006 -2"><span class='ocrx_word' id='word_1_902' title='bbox 2082 5203 2133 5256; x_wconf 88' lang='lat' dir='ltr'>ei</span> <span class='ocrx_word' id='word_1_903' title='bbox 2165 5201 2300 5256; x_wconf 87' lang='lat' dir='ltr'>dicit</span> <span class='ocrx_word' id='word_1_904' title='bbox 2325 5200 2602 5255; x_wconf 90' lang='lat' dir='ltr'>Antonius</span> <span class='ocrx_word' id='word_1_905' title='bbox 2634 5199 2744 5252; x_wconf 87' lang='lat' dir='ltr'>alio</span> <span class='ocrx_word' id='word_1_906' title='bbox 2763 5197 2854 5252; x_wconf 92' lang='lat' dir='ltr'>die</span> <span class='ocrx_word' id='word_1_907' title='bbox 2881 5216 2891 5250; x_wconf 93' lang='lat'>:</span> <span class='ocrx_word' id='word_1_908' title='bbox 2918 5197 2982 5251; x_wconf 90' lang='lat' dir='ltr'>In</span> <span class='ocrx_word' id='word_1_909' title='bbox 3010 5197 3236 5251; x_wconf 89' lang='lat' dir='ltr'>nomine</span> <span class='ocrx_word' id='word_1_910' title='bbox 3252 5197 3402 5259; x_wconf 75' lang='lat' dir='ltr'>Iesu,</span> <span class='ocrx_word' id='word_1_911' title='bbox 3425 5211 3554 5249; x_wconf 91' lang='lat' dir='ltr'>ecce</span> <span class='ocrx_word' id='word_1_912' title='bbox 3575 5195 3680 5248; x_wconf 85' lang='lat' dir='ltr'>fac-</span> 
     </span>
    </p>
   </div>
   <div class='ocr_carea' id='block_1_99' title="bbox 2081 5286 3682 5356">
    <p class='ocr_par' dir='ltr' id='par_1_99' title="bbox 2081 5286 3682 5356">
     <span class='ocr_line' id='line_1_99' title="bbox 2081 5286 3682 5356; baseline -0.006 -10"><span class='ocrx_word' id='word_1_913' title='bbox 2081 5297 2174 5346; x_wconf 86' lang='lat' dir='ltr'>tus</span> <span class='ocrx_word' id='word_1_914' title='bbox 2186 5307 2245 5344; x_wconf 90' lang='lat' dir='ltr'>es</span> <span class='ocrx_word' id='word_1_915' title='bbox 2269 5289 2596 5344; x_wconf 88' lang='lat' dir='ltr'>monachus.</span> <span class='ocrx_word' id='word_1_916' title='bbox 2631 5289 2771 5342; x_wconf 92' lang='lat' dir='ltr'>Cum</span> <span class='ocrx_word' id='word_1_917' title='bbox 2785 5292 2974 5341; x_wconf 90' lang='lat' dir='ltr'>autem</span> <span class='ocrx_word' id='word_1_918' title='bbox 2990 5286 3126 5340; x_wconf 87' lang='lat' dir='ltr'>satis</span> <span class='ocrx_word' id='word_1_919' title='bbox 3137 5301 3416 5356; x_wconf 89' lang='lat' dir='ltr'>superque</span> <span class='ocrx_word' id='word_1_920' title='bbox 3432 5299 3682 5355; x_wconf 86' lang='lat' dir='ltr'>comper-</span> 
     </span>
    </p>
   </div>
   <div class='ocr_carea' id='block_1_100' title="bbox 2086 5374 3675 5445">
    <p class='ocr_par' dir='ltr' id='par_1_100' title="bbox 2086 5374 3675 5445">
     <span class='ocr_line' id='line_1_100' title="bbox 2086 5374 3675 5445; baseline -0.006 -10"><span class='ocrx_word' id='word_1_921' title='bbox 2086 5386 2207 5436; x_wconf 92' lang='lat' dir='ltr'>tum</span> <span class='ocrx_word' id='word_1_922' title='bbox 2224 5378 2456 5434; x_wconf 90' lang='lat' dir='ltr'>haberet</span> <span class='ocrx_word' id='word_1_923' title='bbox 2477 5377 2532 5432; x_wconf 89' lang='lat' dir='ltr'>in</span> <span class='ocrx_word' id='word_1_924' title='bbox 2551 5375 2810 5431; x_wconf 90' lang='lat' dir='ltr'>omnibus</span> <span class='ocrx_word' id='word_1_925' title='bbox 2836 5391 3074 5445; x_wconf 88' lang='lat' dir='ltr'>magnus</span> <span class='ocrx_word' id='word_1_926' title='bbox 3088 5382 3144 5430; x_wconf 91' lang='lat' dir='ltr'>et</span> <span class='ocrx_word' id='word_1_927' title='bbox 3164 5375 3360 5429; x_wconf 88' lang='lat' dir='ltr'>beatus</span> <span class='ocrx_word' id='word_1_928' title='bbox 3380 5374 3675 5438; x_wconf 84' lang='lat' dir='ltr'>Antonius,</span> 
     </span>
    </p>
   </div>
   <div class='ocr_carea' id='block_1_101' title="bbox 401 5461 3684 5540">
    <p class='ocr_par' dir='ltr' id='par_1_101' title="bbox 401 5461 3684 5540">
     <span class='ocr_line' id='line_1_101' title="bbox 401 5461 3684 5540; baseline -0.001 -23"><span class='ocrx_word' id='word_1_929' title='bbox 401 5466 460 5517; x_wconf 87' lang='lat' dir='ltr'>et</span> <span class='ocrx_word' id='word_1_930' title='bbox 489 5461 719 5518; x_wconf 90' lang='lat' dir='ltr'>obediit.</span> <span class='ocrx_word' id='word_1_931' title='bbox 751 5461 884 5516; x_wconf 89' lang='lat' dir='ltr'>Fert</span> <span class='ocrx_word' id='word_1_932' title='bbox 911 5479 1086 5533; x_wconf 87' lang='lat' dir='ltr'>panes</span> <span class='ocrx_word' id='word_1_933' title='bbox 1115 5465 1414 5532; x_wconf 88' lang='lat' dir='ltr'>Antonius,</span> <span class='ocrx_word' id='word_1_934' title='bbox 1447 5471 1505 5522; x_wconf 90' lang='lat' dir='ltr'>et</span> <span class='ocrx_word' id='word_1_935' title='bbox 1537 5467 1779 5540; x_wconf 90' lang='lat' dir='ltr'>imponit</span> <span class='ocrx_word' id='word_1_936' title='bbox 1804 5486 2011 5525; x_wconf 68' lang='lat' dir='ltr'>mensae</span> <span class='ocrx_word' id='word_1_937' title='bbox 2090 5486 2210 5524; x_wconf 86' lang='lat' dir='ltr'>esse</span> <span class='ocrx_word' id='word_1_938' title='bbox 2225 5467 2525 5523; x_wconf 87' lang='lat' dir='ltr'>admodum</span> <span class='ocrx_word' id='word_1_939' title='bbox 2547 5466 2847 5538; x_wconf 87' lang='lat' dir='ltr'>perfectam</span> <span class='ocrx_word' id='word_1_940' title='bbox 2868 5465 3117 5520; x_wconf 89' lang='lat' dir='ltr'>animam</span> <span class='ocrx_word' id='word_1_941' title='bbox 3133 5462 3342 5519; x_wconf 89' lang='lat' dir='ltr'>Christi</span> <span class='ocrx_word' id='word_1_942' title='bbox 3354 5479 3602 5530; x_wconf 88' lang='lat' dir='ltr'>servum,</span> <span class='ocrx_word' id='word_1_943' title='bbox 3621 5467 3684 5516; x_wconf 90' lang='lat' dir='ltr'>ut</span> 
     </span>
    </p>
   </div>
   <div class='ocr_carea' id='block_1_102' title="bbox 403 5555 3677 5632">
    <p class='ocr_par' dir='ltr' id='par_1_102' title="bbox 403 5555 3677 5632">
     <span class='ocr_line' id='line_1_102' title="bbox 403 5555 3677 5632; baseline 0 -24"><span class='ocrx_word' id='word_1_944' title='bbox 403 5557 646 5631; x_wconf 85' lang='lat' dir='ltr'>quatuor</span> <span class='ocrx_word' id='word_1_945' title='bbox 682 5557 1024 5629; x_wconf 84' lang='lat' dir='ltr'>paxamates,</span> <span class='ocrx_word' id='word_1_946' title='bbox 1058 5569 1154 5609; x_wconf 87' lang='lat' dir='ltr'>sex</span> <span class='ocrx_word' id='word_1_947' title='bbox 1182 5555 1477 5612; x_wconf 84' lang='lat' dir='ltr'>unciarum</span> <span class='ocrx_word' id='word_1_948' title='bbox 1504 5575 1517 5626; x_wconf 88' lang='lat'>;</span> <span class='ocrx_word' id='word_1_949' title='bbox 1556 5562 1613 5613; x_wconf 85' lang='lat' dir='ltr'>et</span> <span class='ocrx_word' id='word_1_950' title='bbox 1646 5557 1753 5613; x_wconf 88' lang='lat' dir='ltr'>sibi</span> <span class='ocrx_word' id='word_1_951' title='bbox 1786 5559 2012 5632; x_wconf 88' lang='lat' dir='ltr'>quidem</span> <span class='ocrx_word' id='word_1_952' title='bbox 2094 5559 2190 5632; x_wconf 90' lang='lat' dir='ltr'>qui</span> <span class='ocrx_word' id='word_1_953' title='bbox 2218 5562 2366 5615; x_wconf 87' lang='lat' dir='ltr'>esset</span> <span class='ocrx_word' id='word_1_954' title='bbox 2390 5556 2695 5613; x_wconf 87' lang='lat' dir='ltr'>admodum</span> <span class='ocrx_word' id='word_1_955' title='bbox 2723 5555 2992 5626; x_wconf 87' lang='lat' dir='ltr'>simplex;</span> <span class='ocrx_word' id='word_1_956' title='bbox 3053 5559 3176 5627; x_wconf 84' lang='lat' dir='ltr'>post</span> <span class='ocrx_word' id='word_1_957' title='bbox 3227 5557 3409 5610; x_wconf 86' lang='lat' dir='ltr'>certos</span> <span class='ocrx_word' id='word_1_958' title='bbox 3437 5568 3677 5622; x_wconf 79' lang='lat' dir='ltr'>menses,</span> 
     </span>
    </p>
   </div>
  </div>
