4008 6210
274 334 418 396 1129
1538 328 1883 386 HISTORIA
1923 327 2298 386 LAUSIACA.
2340 409 2342 412 τ
3409 329 3552 392 1130

266 462 378 517 Dei
396 460 580 534 gratia
600 473 761 531 opem
779 457 991 512 ferente
1019 455 1182 510 beato
1209 453 1472 520 Antonio,
1493 452 1625 508 facit
1654 454 1706 508 ei
1726 453 1877 508 dein-
1893 455 1941 516 Α
1955 453 2145 524 justus
2162 451 2700 520 annuntiabit(Prov.
2717 453 2840 523 xu).
2867 451 2937 508 Et
2954 468 3150 508 rursus
3169 453 3302 510 alibi
3335 473 3347 509 :
3373 456 3554 528 Super

270 568 407 624 ceps
447 551 644 605 cellam
682 548 751 603 ad
771 553 887 602 tres
911 547 994 601 vel
1017 551 1258 617 quatuor
1289 544 1504 615 lapides
1528 560 1562 597 a
1589 560 1694 598 sua
1715 543 1871 598 cella.
1959 560 2124 615 quem
2142 542 2648 616 respiciam,inquit
2667 542 2957 608 Dominus,
2989 543 3095 598 nisi
3108 561 3278 615 super
3297 562 3556 602 mansue-

269 642 349 697 Et
375 640 512 695 dicit
532 640 583 694 ei
606 656 617 692 :
639 639 776 693 Ecce
807 636 1016 692 Christi
1044 634 1248 689 virtute
1277 650 1440 706 opem
1465 633 1678 688 ferente
1705 639 1767 688 tu
1793 632 1877 686 fa-
1956 637 2078 687 tum
2093 637 2150 687 et
2170 631 2440 686 humilem
2462 637 2520 685 et
2531 636 2868 686 trementem
2887 630 3057 685 verba
3079 649 3205 687 mea
3225 635 3334 699 (lsa
3378 636 3556 703 val)?

271 736 402 784 ctus
427 746 487 785 es
505 728 830 792 monachus,
861 743 1026 780 mane
1055 724 1316 796 deinceps
1335 728 1680 782 seorsum.ut
1707 722 1878 776 etiam
1960 722 2154 776 Solent
2179 720 2328 775 enim
2346 719 2674 774 humiliores
2687 720 2967 775 daemones
2988 720 3114 791 ejici
3134 721 3204 776 ab
3235 722 3557 778 hominibus

276 819 457 874 facias
484 818 794 890 periculum
824 816 1164 871 dzmnonum.
1197 815 1338 867 Cum
1404 829 1536 882 ergo
1573 828 1720 866 anno
1766 827 1878 865 uno
1961 810 2070 864 fide
2094 815 2273 875 μεεὲ
2287 808 3260 882 principalibus,principalesrursus
3277 812 3556 868 daemones

277 909 432 980 apud
460 906 844 962 sehabitasset
867 904 1074 960 Paulus
1104 900 1581 973 Simplicissimus,
1616 906 1673 955 et
1696 899 1882 970 gratia
1960 898 2144 969 fugari
2174 899 2244 953 ab
2301 898 2629 952 humilibus.
2691 899 2820 953 Haec
2867 905 2999 953 sunt
3047 900 3319 956 miracula
3382 901 3562 957 sancti

278 998 549 1069 dignatus
574 1001 660 1052 est
694 996 961 1050 adversus
999 993 1282 1048 daemones
1319 996 1377 1046 et
1417 991 1684 1045 adversus
1714 1005 1880 1043 omne
1963 988 2123 1042 Pauli
2166 987 2446 1059 Simplicis
2499 992 2555 1041 et
2602 987 2853 1052 humilis,
2911 988 3133 1060 aliaque
3189 990 3353 1061 plura
3372 996 3429 1045 et
3473 989 3563 1044 his

276 1103 463 1159 genus
483 1085 726 1153 morbos,
758 1101 818 1139 se
847 1082 1091 1156 perfecte
1123 1097 1326 1153 gerens
1353 1081 1413 1136 in
1439 1081 1646 1134 virtute
1679 1077 1884 1133 exerci-
1963 1078 2201 1148 majora.
2222 1076 2328 1132 Hic
2356 1080 2582 1132 vocatus
2598 1080 2686 1130 est
2715 1075 2963 1147 Simplex
2981 1094 3015 1131 a
3043 1081 3164 1133 tota
3187 1079 3561 1138 fraternitate.

282 1175 536 1230 tationis.
1865 1228 1870 1233 .

357 1265 610 1330 Quodam
625 1280 758 1334 ergo
775 1262 864 1317 die
889 1261 1338 1317 adolescentulus
1360 1259 1456 1331 qui
1473 1276 1644 1331 supra
1659 1258 1888 1312 modum

282 1355 533 1426 graviter
567 1353 871 1408 vexabatur
890 1369 924 1407 a
939 1352 1212 1417 daemone,
1227 1351 1430 1404 allatus
1451 1354 1538 1404 est
1565 1349 1636 1402 ad
1660 1347 1889 1402 beatum

283 1444 614 1510 Antonium,
642 1442 855 1497 habens
885 1441 1256 1513 principalem
1285 1437 1652 1493 saevissimum
1679 1437 1892 1491 daemo-

287 1551 418 1588 nem
446 1530 578 1602 (6'7),
610 1532 705 1604 qui
727 1531 899 1586 etiam
916 1531 1100 1601 ipsum
1132 1530 1335 1584 coelum
1358 1527 1670 1582 maledictis
1685 1531 1740 1581 et
1757 1541 1888 1597 pro-

287 1623 405 1677 bris
436 1621 858 1694 insequebatur.
887 1620 1030 1674 Cum
1061 1619 1238 1689 igitur
1267 1619 1677 1673 adolescentem
1698 1615 1889 1669 obser-

284 1717 473 1766 "asset
492 1729 729 1782 magnus
744 1709 1184 1771 Αηίοηίυετάίείῖ
1203 1709 1271 1763 iis
1295 1707 1390 1779 qni
1417 1723 1545 1761 eum
1563 1704 1840 1760 ducebant
1873 1721 1884 1756 ³
1904 1774 1950 1793 ἢ
1971 1723 2084 1773 tem
2107 1724 2172 1772 ut
2195 1736 2298 1789 ego
2318 1723 2547 1773 vexatus
2565 1717 2634 1772 ab
2649 1719 2940 1773 affectione
2960 1719 3212 1776 femineae
3229 1721 3574 1793 cupiditatis,

287 1803 340 1856 Ν
343 1819 417 1857 οη
445 1807 530 1856 est
557 1802 662 1856 hoc
676 1816 865 1856 meum
888 1816 1029 1871 0Pus
1058 1815 1224 1866 illam
1245 1804 1442 1852 contra
1464 1797 1614 1850 hunc
1634 1774 1952 1849 Ol‘dinemB
1970 1807 2514 1879 cogitationibusque
2545 1813 2604 1862 et
2631 1807 2762 1862 visis
2787 1774 3575 1874 nocturnis,ferrem‘difﬁcili-:

289 1891 633 1956 daemonum,
657 1907 857 1962 nempe
887 1889 1277 1961 principalem,
1301 1887 1551 1942 nondum
1566 1901 1690 1939 sum
1714 1885 1891 1938 dona-

1995 1914 2078 1951 .er.
2110 1897 2363 1968 Cumque
2390 1914 2588 1968 parum
2611 1896 2833 1951 abesset
2863 1898 2997 1968 quin
3022 1904 3253 1970 propter
3283 1900 3427 1956 hanc
3447 1907 3576 1958 ten-

289 1985 383 2035 tus
392 1981 595 2052 gratia,
612 1979 711 2035 sed
733 1981 848 2034 hzec
867 1984 953 2033 est
972 1979 1133 2033 Pauli
1152 1977 1337 2048 gratia
1363 1975 1661 2046 Simplicis.
1686 1972 1892 2027 Abiens

1995 1985 2247 2040 :ationem
2275 1984 2487 2040 exirem
2538 2003 2568 2040 e
2597 1986 2915 2050 solitudine,
2951 1988 3099 2058 quod
3141 2006 3229 2044 me
3258 1991 3374 2045 haec
3401 1991 3577 2047 animi

291 2086 428 2140 ergo
457 2085 699 2140 magnus
732 2069 1009 2123 Antonius
1037 2067 1108 2121 ad
1137 2065 1594 2138 Ρνοδειῒίδείωυῐη
1633 2063 1893 2152 Ρεαὶυφι
1980 2074 2330 2146 perturbatio
2357 2079 2551 2145 ageret
2586 2075 3091 2140 vehementissime,
3118 2078 3313 2134 vicinis
3352 2080 3578 2152 quidem

289 2158 445 2230 iPSOS
467 2175 688 2230 quoque
726 2157 972 2224 ἀῡάυκίιν
995 2161 1052 2211 et
1079 2155 1216 2210 die“
1244 2155 1295 2209 ei
1329 2153 1517 2208 εΛῦδα
1544 2153 1736 2218 Ρεῑιιιοτ
1759 2151 1898 2221 elice
1980 2164 2120 2218 meis
2136 2181 2255 2218 rem
2270 2180 2382 2218 non
2405 2164 2632 2235 exposui
2658 2183 2668 2216 :
2701 2165 2799 2219 sed
2821 2182 3003 2236 neque
3016 2183 3140 2222 meo
3156 2151 3425 2239 magistro
3447 2171 3582 2225 Eva-

293 2255 446 2309 hunc
475 2254 784 2308 daemonem
817 2251 888 2305 ab
916 2253 1024 2306 hoc
1039 2249 1283 2315 homine,
1303 2254 1366 2303 ut
1393 2263 1562 2303 sanus
1587 2247 1658 2301 ad
1685 2261 1789 2300 sua
1815 2261 1900 2298 re-
1978 2253 2101 2324 grio
2125 2253 2257 2324 [Αι.,
2277 2251 2532 2322 Eulogio]
2560 2271 2570 2307 ε
2599 2253 2697 2306 sed
2723 2254 2966 2308 latenter
2995 2255 3223 2311 veniens
3243 2257 3301 2312 in
3321 2259 3582 2314 εοιίιυάί-

294 2345 446 2410 deat,
460 2348 519 2397 et
536 2343 827 2396 Dominum
849 2341 1143 2411 glorificet.
1163 2338 1313 2393 Dicit
1328 2338 1379 2392 ei
1399 2337 1636 2391 Paulus:
1658 2335 1743 2390 Tu
1760 2350 1890 2387 vero
1981 2359 2112 2396 nem
2135 2341 2454 2413 quindecim
2481 2341 2678 2396 diebus
2705 2348 2957 2398 versatus
2986 2360 3113 2398 sum
3141 2362 3270 2400 cum
3316 2347 3575 2421 Patribus

295 2432 432 2504 quid
464 2432 489 2484 ?
517 2430 664 2486 Dicit
693 2431 744 2484 ei
782 2429 1061 2484 Antonius
1095 2447 1106 2482 :
1136 2429 1262 2483 Non
1291 2432 1377 2481 est
1409 2425 1548 2479 mihi
1575 2424 1774 2487 otium.
1809 2427 1894 2476 est
1975 2429 2394 2486 senescentibus
2413 2430 2471 2484 in
2489 2431 2809 2498 solitudine,
2835 2433 2929 2503 qui
2948 2439 3110 2488 erant
3133 2433 3192 2489 in
3221 2435 3400 2491 Scete.
3427 2437 3584 2492 Inter

295 2521 451 2576 aliud
481 2519 629 2590 quod
660 2519 930 2590 agam.Et
947 2516 1140 2572 relicto
1164 2515 1277 2570 illic
1306 2530 1498 2586 puero,
1528 2527 1786 2566 reversus
1810 2514 1896 2563 est
1977 2537 2116 2592 quos
2143 2519 2312 2573 incidi
2332 2518 2505 2572 etiam
2522 2519 2582 2572 in
2603 2524 2860 2574 sanctum
2885 2520 3065 2575 virum
3087 2522 3578 2581 Pachonem.Cum

295 2626 539 2681 magnus
569 2607 845 2663 Antonius
873 2607 932 2661 in
962 2623 1124 2660 suam
1155 2603 1373 2659 cellam.
1400 2604 1542 2657 Cum
1562 2617 1694 2671 ergo
1714 2615 1898 2654 surre'
1981 2625 2114 2678 ergo
2129 2607 2466 2662 invenissem
2489 2623 2619 2662 eum
2643 2608 3003 2663 sinceriorem
3030 2615 3087 2665 et
3107 2613 3285 2682 magis
3300 2620 3585 2670 versatum

295 2699 472 2754 xisset
496 2698 760 2752 innocens
789 2712 976 2762 senex,
1006 2700 1063 2749 et
1090 2695 1369 2748 efficacem
1402 2690 1637 2746 fudisset
1691 2687 1901 2743 oratio-
1982 2696 2038 2750 in
2053 2696 2648 2763 exercitatione,ausus
2664 2713 2790 2751 sum
2805 2697 3318 2755 eimeumanimum
3338 2704 3582 2774 aperire.

298 2805 450 2853 nem,
483 2787 616 2842 dicit
644 2801 948 2858 provocans
964 2783 1401 2839 dmmoniacum:
1427 2779 1578 2835 Dixit
1600 2777 1772 2832 abbas
1791 2777 1903 2830 An-

1995 2785 2136 2840 Dixit
2165 2791 2355 2840 autem
2384 2785 2522 2838 mihi
2551 2785 2646 2840 ille
2676 2792 2902 2841 sanctus
2929 2807 2939 2841 :
2967 2787 3049 2842 Ne
3079 2788 3182 2843 tibi
3211 2790 3468 2846 videatur
3497 2810 3586 2848 res

297 2877 508 2943 tonius,
525 2876 800 2946 Egredere
813 2874 882 2928 ab
896 2873 1142 2928 homine.
1167 2873 1397 2927 Daemon
1425 2874 1614 2924 autem
1635 2883 1762 2921 cum
1781 2881 1907 2937 pro-
1987 2875 2134 2928 mira
2161 2880 2218 2928 et
2230 2875 2439 2939 aliena;
2459 2875 2564 2928 hoc
2585 2875 2738 2928 enim
2758 2891 2870 2930 non
2888 2875 2990 2930 tibi
3015 2877 3218 2932 accidit
3245 2879 3314 2933 ob
3336 2881 3584 2948 delicias,

295 2965 416 3020 bris
434 2982 500 3019 ac
521 2964 830 3019 maledictis
849 2961 1221 3028 θΧοῙεὶῐηειδῧῐν
1241 2961 1459 3015 dicens:
1485 2959 1534 3013 Ν
1538 2974 1610 3012 οη
1626 2973 1724 3026 081'
1727 2955 1901 3019 edial‘.
1989 2963 2281 3033 otiumque
2311 2951 2368 3016 et
2395 2962 2816 3032 negligentiam.
2833 2965 2976 3018 Nam
2991 2971 3049 3019 et
3076 2983 3263 3020 mores
3284 2967 3385 3022 tibi
3402 2969 3593 3025 ferunt

297 3055 507 3121 Ῐὶθυιιοτ
542 3070 708 3108 senex
738 3050 844 3123 (68)
871 3059 1138 3122 nugator.
1168 3052 1412 3121 Accepta
1433 3047 1623 3118 itaque
1640 3045 1784 3116 P0118
1804 3059 1906 3097 8‘18-
1988 3051 2394 3117 testimonium,
2411 3056 2468 3105 et
2487 3051 2722 3122 penuria
2743 3069 2936 3106 eorum
2953 3069 3075 3124 qua:
3095 3061 3229 3109 sunt
3250 3058 3584 3125 necessaria,

298 3144 485 3209 ovilla,
520 3141 852 3197 verberabat
878 3158 1008 3196 eum
1036 3140 1097 3194 in
1127 3144 1304 3209 tergm
1339 3137 1528 3192 dicens
1559 3153 1569 3188 ε
1601 3132 1898 3204 Egredere.
1919 3136 1961 3196 Ο
1984 3145 2041 3194 et
2062 3141 2208 3211 quod
2243 3140 2399 3194 nulla
2430 3139 2504 3194 sit
2533 3139 2626 3195 hic
2655 3139 2757 3194 tibi
2784 3143 3127 3198 consuetudo
3158 3161 3284 3198 cum
3314 3145 3538 3202 feminis
3571 3166 3584 3214 ;

2529 1236 2771 1293 CAPUT
2807 1237 3002 1292 XXIX.

2390 1399 2505 1452 l’ita
2527 1399 2736 1452 abbatis
2764 1399 2982 1453 Pachon
3013 1396 3144 1469 (70).

2042 1538 2282 1605 Quidam
2311 1540 2537 1594 Pachon
2563 1540 2807 1606 nomine,
2854 1557 2981 1596 cum
3011 1542 3358 1613 pervenisset
3384 1543 3454 1600 ad
3476 1561 3573 1601 an-

1971 1645 2107 1684 num
2139 1629 2639 1701 septuagesimum,
2666 1629 2898 1684 sedebat
2922 1631 2980 1684 in
3013 1632 3191 1686 Scete.
3224 1633 3440 1688 Accidit
3469 1651 3575 1690 au-

300 3233 442 3288 dixit
455 3231 626 3287 abbas
639 3231 936 3286 Antonius.
958 3231 1193 3285 Daemon
1213 3233 1401 3283 autem
1426 3222 1739 3280 maledictis
1753 3221 1904 3274 inse-

303 3322 582 3395 quebatur
610 3321 924 3383 Paulumet
943 3318 1256 3375 Antonium
1279 3337 1290 3371 :
1314 3316 1616 3371 Helluones
1639 3311 1729 3366 isti
1749 3311 1809 3364 in
1824 3325 1905 3364 se-

303 3417 531 3467 nectute
586 3409 713 3483 (69),
747 3409 1047 3475 veternosi,
1087 3406 1450 3471 insatiabiles,
1514 3402 1610 3474 qui
1663 3397 1905 3472 propriis

307 3517 597 3572 nunquam
617 3505 749 3555 sunt
779 3498 1051 3568 contenti,
1065 3497 1196 3569 quid
1219 3501 1306 3550 est
1328 3493 1480 3548 vobis
1503 3506 1798 3547 commune
1811 3505 1907 3543 no-

309 3589 567 3645 biscum?
597 3589 730 3660 quid
752 3588 811 3644 in
832 3606 934 3643 nos
949 3585 1215 3642 exercetis
1230 3582 1587 3657 tyrannidem
1612 3581 1636 3633 ?
1657 3578 1909 3634 Tandem

309 3679 448 3734 dicit
475 3679 526 3733 ei
548 3678 790 3734 Paulus:
823 3679 939 3732 Aut
984 3675 1175 3737 exibis,
1208 3679 1308 3728 aut
1334 3671 1471 3727 abeo
1500 3676 1566 3726 ut
1624 3669 1682 3723 id
1728 3667 1909 3723 dicam

311 3769 558 3836 Christo,
590 3769 747 3840 isque
766 3767 934 3822 faciet
962 3771 1026 3821 ut
1048 3765 1122 3820 sit
1141 3763 1246 3818 tibi
1259 3780 1359 3818 vae.
1385 3763 1458 3816 At
1475 3761 1665 3816 Jesum
1689 3772 1911 3828 quoque

312 3857 536 3930 probris
565 3864 622 3912 et
663 3856 975 3912 maledictis
1005 3853 1383 3908 iusectabatur
1410 3848 1643 3904 immitis
1672 3847 1765 3901 ille
1793 3846 1914 3900 dae-

313 3963 470 4011 mon,
495 3947 742 4001 clamans
775 3965 787 4000 :
823 3947 946 4000 Non
977 3943 1155 3998 exibo.
1191 3943 1267 3998 Ea
1295 3942 1364 3996 de
1391 3955 1568 3994 causa
1587 3936 1913 4005 indignatus

315 4035 528 4090 Paulus
555 4035 823 4089 adversus
848 4034 1176 4096 daemonem,
1207 4045 1464 4100 egressus
1485 4031 1574 4080 est
1603 4042 1634 4101 e_
1661 4041 1762 4078 suo
1791 4023 1916 4077 hos-

317 4123 460 4195 pitio
481 4123 671 4194 inipso
689 4128 895 4195 puncto
925 4119 1207 4186 meridiei;
1232 4117 1392 4174 aestui
1420 4120 1609 4171 autem
1631 4111 1917 4184 {Egyptio-

319 4229 449 4267 rum
505 4211 800 4266 intercedit
846 4210 1104 4282 cognatio
1157 4225 1284 4263 cum
1304 4207 1529 4261 fornace
1583 4199 1906 4273 Babylonia.

321 4303 492 4357 Stans
519 4317 652 4372 ergo
693 4305 920 4356 sanctus
947 4314 1119 4354 senex
1144 4303 1414 4369 tanquam
1450 4294 1710 4348 columna
1742 4304 1912 4360 super

1986 3229 2082 3283 sed
2104 3229 2288 3300 potius
2306 3229 2410 3283 hoc
2441 3227 2543 3282 tibi
2573 3228 2777 3284 accidit
2797 3229 2867 3284 ab
2896 3231 3213 3288 adversario
3239 3233 3310 3288 ob
3335 3236 3590 3291 studium

1986 3317 2227 3372 virtutis.
2265 3318 2362 3372 Est
2377 3317 2526 3372 enim
2552 3317 2754 3389 triplex
2785 3318 2964 3374 hostis
3003 3320 3098 3392 qui
3119 3321 3360 3394 impellit
3381 3325 3453 3379 ad
3482 3325 3591 3381 for-

1987 3406 2346 3461 nicationem.
2379 3406 2698 3477 Aliquando
2725 3407 2874 3461 enim
2905 3425 3006 3463 nos
3031 3427 3160 3465 caro
3182 3411 3396 3468 invadit
3424 3414 3589 3470 luxu-

1988 3497 2160 3562 rians,
2187 3501 2243 3550 et
2270 3512 2392 3566 quae
2414 3495 2582 3550 nimis
2602 3495 2756 3550 laute
2772 3501 2829 3550 et
2855 3497 3090 3553 delicate
3112 3505 3197 3555 est
3214 3508 3412 3557 curata
3443 3522 3456 3571 ;
3491 3504 3592 3560 ali-

1992 3585 2214 3655 quando
2233 3589 2420 3638 autem
2442 3584 2498 3638 in
2521 3600 2622 3638 nos
2640 3583 2941 3654 insurgunt
2961 3593 3148 3642 motus
3169 3591 3342 3645 animi
3362 3597 3593 3665 propter

1993 3673 2363 3745 cogitationes
2387 3691 2398 3740 ;
2425 3672 2726 3744 aliquando
2755 3678 2944 3728 autem
2973 3674 3093 3746 ipse
3123 3694 3345 3750 quoque
3371 3681 3590 3739 daemon

1991 3762 2051 3816 in
2082 3779 2184 3817 nos
2212 3767 2432 3817 exercet
2460 3761 2816 3834 tyrannidem
2847 3768 3078 3835 propter
3107 3765 3375 3824 invidiam
3409 3789 3425 3838 ;
3458 3787 3590 3830 nam

1995 3867 2098 3922 ego
2138 3867 2358 3923 quoque
2388 3851 2567 3905 multa
2595 3850 2916 3919 observans,
2949 3852 3054 3908 hoc
3080 3853 3290 3912 inveni.
3314 3858 3452 3915 Ecce
3477 3877 3586 3929 me,
3655 3917 3658 3920 .

1993 3945 2059 3995 ut
2078 3940 2248 4006 vides,
2271 3940 2555 3994 hominem
2578 3956 2770 3994 senem
2795 3957 2949 4007 ;cum
2960 3943 3080 4012 jam
3097 3946 3592 4019 quadragesimum

1995 4045 2208 4083 annum
2226 4029 2428 4098 degant
2456 4029 2515 4082 in
2540 4028 2645 4082 hac
2675 4029 2833 4096 cella,
2853 4047 3044 4085 curam
3075 4050 3278 4103 gerens
3291 4053 3432 4094 mete
3446 4041 3594 4097 salu-

1994 4117 2087 4181 tis,
2112 4122 2170 4171 et
2197 4117 2266 4171 ad
2299 4118 2441 4170 hanc
2461 4121 2684 4171 aetatem
2713 4118 3080 4188 pervenerim,
3109 4127 3299 4178 tenter
3325 4141 3503 4198 usque
3530 4131 3590 4186 in

1994 4205 2328 4260 hodiernum
2354 4205 2525 4259 diem.
2557 4205 2627 4258 Et
2647 4205 2860 4275 juravit
2887 4207 3076 4263 dicens
3109 4228 3120 4263 :
3153 4212 3278 4267 Jam
3296 4215 3589 4274 duodecim

1991 4294 2153 4348 annis
2184 4299 2479 4365 postquam
2505 4293 2753 4364 transegi
2792 4311 3008 4354 annum
3036 4297 3585 4376 quinquagesimum,

319 4395 561 4461 petram,
601 4390 680 4446 sic
713 4396 840 4445 orat
871 4389 1178 4453 Christum,
1204 4387 1394 4442 dicens
1418 4403 1428 4438 :
1453 4384 1539 4438 Tu
1570 4381 1741 4446 vides,
1777 4380 1804 4434 J
1811 4393 1909 4434 esu
1933 4460 1950 4461 η
1991 4383 2204 4437 nullam
2228 4381 2376 4435 diem
2397 4397 2500 4435 nec
2512 4387 2735 4435 noctem
2753 4382 3058 4440 intermisit
3078 4403 3189 4458 qua
3205 4406 3295 4444 me
3311 4407 3424 4448 non
3438 4393 3592 4451 inva-

320 4479 832 4552 Christe,quifuisti
848 4479 1144 4534 cruciﬁxus
1157 4476 1260 4532 sub
1281 4475 1474 4531 Pontio
1495 4473 1692 4534 Pilato,
1708 4484 1912 4523 menon
1929 4460 1976 4519 D
1995 4471 2150 4526 serit.
2183 4472 2324 4526 Cum
2350 4471 2542 4542 itaque
2570 4470 2887 4542 suspicatus
2918 4489 3098 4530 essem
3119 4477 3297 4534 Deum
3317 4497 3352 4535 a
3380 4499 3469 4538 me
3497 4502 3588 4540 re-

318 4570 719 4626 descensurum
740 4586 805 4624 ex
824 4570 928 4624 hac
956 4575 1135 4641 petra,
1157 4583 1342 4638 neque
1370 4579 1618 4628 esurum,
1647 4576 1751 4616 nec
1777 4557 1915 4612 bibi-

319 4666 516 4715 turum
543 4659 719 4715 donec
744 4660 973 4726 moriar,
993 4658 1101 4712 nisi
1125 4674 1214 4711 me
1234 4671 1383 4710 nunc
1411 4651 1674 4716 audieris,
1696 4653 1753 4704 et
1766 4648 1917 4701 hunc

320 4750 633 4804 daemonem
653 4749 722 4804 ab
749 4748 978 4804 homine
995 4746 1245 4817 ejeceris,
1268 4752 1325 4800 et
1343 4762 1378 4799 a
1396 4742 1598 4814 spiritu
1623 4736 1915 4794 immundo

318 4839 508 4909 ipsum
530 4837 871 4892 liberaveris.
888 4837 1086 4891 Adhuc
1101 4852 1228 4890 cum
1255 4836 1386 4888 Jesu
1414 4833 1707 4903 loquentes
1732 4825 1913 4898 impli-

319 4926 632 4981 ciethumili
653 4927 845 4993 Paulo,
862 4927 1189 4998 priusquam
1209 4924 1328 4995 ipse
1348 4937 1539 4994 preces
1559 4936 1658 4992 per
1672 4916 1910 4981 fecisset,

314 5016 646 5071 exclamavit
671 5017 907 5074 daemon,
930 5015 1121 5070 dicens
1145 5025 1156 5060 :
1181 5011 1418 5079 Recedo,
1448 5009 1664 5075 recedo,
1689 5007 1741 5062 vi
1762 5022 1916 5076 egre-

317 5103 466 5171 dior,
489 5110 546 5159 et
565 5122 668 5176 per
687 5104 1044 5177 tyrannidem
1061 5103 1325 5175 expellor;
1345 5099 1568 5155 discedo
1584 5097 1653 5152 ab
1665 5095 1911 5160 homine,

317 5209 436 5248 non
469 5195 711 5266 amplius
731 5195 798 5249 ad
822 5211 951 5249 eum
975 5193 1194 5248 accedo.
1219 5190 1377 5247 Pauli
1409 5187 1738 5259 simplimtas
1751 5185 1916 5238 ethu-

317 5283 535 5338 militas
553 5301 642 5339 me
659 5285 906 5356 expellit,
922 5299 1104 5355 neque
1119 5282 1232 5337 scio
1255 5297 1365 5353 quo
1391 5277 1606 5333 abeam.
1634 5274 1918 5330 Protinus-

319 5389 434 5444 que
471 5373 606 5428 exiit
624 5374 862 5440 daemon,
883 5379 940 5428 et
958 5377 1208 5428 mutatus
1238 5375 1325 5426 est
1356 5369 1414 5423 in
1447 5366 1753 5421 maximum
1785 5364 1917 5417 dra-

316 5478 521 5517 conem
541 5463 763 5518 circiter
781 5463 1139 5535 septuaginta
1147 5460 1480 5524 cubitorum,
1502 5454 1824 5525 receditque
1835 5470 1920 5508 re.

316 5551 577 5624 ptansin
603 5568 760 5607 mare
788 5552 1041 5608 Rubrum
1071 5556 1138 5607 ut
1163 5550 1492 5623 impleretur
1527 5545 1677 5617 quod
1705 5543 1918 5598 dictum

319 5646 411 5699 est
434 5645 800 5715 persanctum
821 5639 1127 5713 Spiritum:
1149 5639 1340 5696 Fidem
1359 5653 1482 5711 quae
1501 5635 1920 5692 demonstratur

700 5742 971 5806 Ριιτιιοι..
999 5739 1272 5805 LXXIII.

1997 4560 2247 4628 cessisse,
2264 4559 2719 4632 quandoquidem
2739 4565 2898 4614 tanta
2918 4561 2977 4616 in
2990 4579 3081 4619 me
3095 4565 3312 4624 daemon
3335 4576 3592 4630 uteretur

1997 4655 2291 4721 potestate,
2317 4649 2504 4720 potius
2535 4648 2717 4719 delegi
2755 4650 2898 4705 mori
2925 4650 3135 4724 absque
3159 4657 3394 4728 ratione,
3420 4679 3589 4734 quam

1996 4738 2130 4793 vitio
2184 4738 2587 4808 aﬂ'ectioneque
2641 4739 2908 4810 corporis,
2942 4757 3032 4796 me
3087 4745 3330 4816 turpiter
3368 4767 3586 4820 gerere.

1995 4828 2375 4900 Egressusque
2397 4844 2430 4881 a
2449 4827 2592 4881 cella
2620 4843 2766 4894 mea,
2789 4833 2848 4882 et
2882 4827 3077 4887 obiens
3105 4833 3484 4910 solitudinem,
3507 4843 3593 4900 in-

1995 4917 2120 4971 veni
2140 4917 2460 4988 speluncam
2489 4916 2722 4987 hyaenae.
2755 4917 2820 4971 In
2848 4934 3016 4988 quam
3029 4922 3353 4993 speluncam
3383 4945 3473 4986 me
3489 4949 3592 4989 nu-

1997 5006 2132 5060 dum
2153 5005 2365 5060 immisi
2383 5010 2501 5060 toto
2521 5004 2630 5072 die,
2654 5009 2718 5059 ut
2728 5005 2857 5060 ferte
2873 5023 3111 5078 egressa:
3124 5029 3213 5067 me
3233 5015 3588 5079 devorarent.

1997 5096 2302 5166 Postquam
2344 5100 2533 5148 autem
2560 5093 2668 5148 fuit
2708 5111 2957 5166 vespera,
2989 5106 3157 5169 prout
3181 5104 3450 5178 scriptum
3479 5117 3587 5182 est,

1998 5184 2092 5239 Sol
2114 5183 2371 5254 cognovit
2392 5199 2668 5238 occasum.
2689 5183 2933 5239 Posuisti
2953 5187 3234 5259 tenebras,
3267 5200 3324 5250 et
3343 5196 3490 5254 facta
3505 5209 3592 5257 est

1997 5290 2125 5328 nox.
2155 5272 2219 5327 In
2249 5272 2371 5343 ipsa
2397 5272 2721 5326 transibunt
2749 5289 2944 5328 omnes
2972 5274 3163 5336 bestia:
3206 5282 3376 5342 silvae.
3406 5289 3590 5346 Catuli

1998 5363 2223 5418 leonum
2254 5361 2541 5432 rugientes
2552 5366 2616 5417 ut
2629 5361 2852 5433 rapiant
2865 5369 2924 5420 et
2941 5375 3193 5438 quairant
3209 5388 3243 5427 a
3263 5374 3378 5431 Deo
3406 5393 3591 5434 escam

1999 5451 2105 5507 sibi
2135 5454 2302 5520 (Psal.
2333 5464 2473 5520 cm).
2505 5451 2757 5521 Egressae
2787 5468 2920 5524 ergo
2945 5455 3077 5512 ferae
3109 5458 3168 5515 in
3196 5461 3292 5517 illa
3345 5464 3500 5532 hora,
3535 5475 3594 5524 et

1999 5539 2280 5629 masculus
2308 5544 2365 5594 et
2391 5537 2741 5629 femina,_me
2764 5557 2801 5595 a
2839 5543 3071 5613 pedibus
3101 5548 3171 5603 ad
3199 5557 3368 5623 caput
3411 5569 3591 5629 usque

1999 5628 2216 5687 odorati
2245 5631 2394 5695 sunt,
2415 5626 2922 5701 circumlingentes.
2951 5633 3204 5708 Cumque
3218 5626 3598 5717 exspectarem

3204 5734 3286 5802 36
