4024 6206
460 285 485 345 l
501 285 596 344 181

1561 282 1656 338 DE
1691 282 1883 358 VITIS
1916 279 2216 344 PATRUM
2252 280 2468 342 LIBER
2501 280 2656 338 vm.

3611 276 3750 342 1132

447 409 571 472 fore
586 414 654 470 ut
678 409 994 476 devorarer,
1038 423 1074 464 a
1091 423 1182 464 me
1201 409 1586 467 recesserunt.
1599 407 1742 462 Cum
1771 423 1903 480 ergo
1927 406 2047 462 illic
2064 407 2117 468 Δ
2132 406 2605 474 rescinderentur,
2627 420 2743 462 non
2761 419 2918 461 secus
2935 420 3000 462 ac
3030 403 3078 460 si
3107 410 3295 462 essent
3307 407 3406 480 pili
3423 408 3746 475 insensiles,

447 503 573 558 tota
599 504 760 556 nocte
769 498 1092 573 jacuissem,
1112 514 1226 554 non
1253 495 1334 554 fui
1363 496 1681 552 devoratus.
1708 495 2048 552 Existimans

450 604 586 660 ergo
605 589 785 648 Deum
798 587 1028 647 omnino
1045 587 1184 642 mihi
1213 585 1546 658 pepercisse,
1571 585 1808 642 surrexi.
1833 585 2048 642 Rursus

449 691 579 734 vero
597 674 658 735 in
707 676 906 732 cellam
943 674 1104 734 redii.
1135 675 1279 730 Cum
1308 679 1501 732 autem
1529 691 1591 730 se
1622 673 1816 748 paucis
1845 673 2047 728 diebus

446 763 816 824 continuisset
838 765 1077 833 daemon,
1108 780 1198 822 me
1238 769 1326 820 est
1382 765 1613 820 adortus
1661 763 2047 818 vehementius

449 872 623 932 quam
659 861 846 922 antea,
866 859 933 910 ut
945 871 1147 931 parum
1161 853 1405 910 abfuerit
1419 853 1555 926 quin
1575 851 2022 924 blasphemarem
2034 892 2046 905 .

447 944 902 1006 Transformatus
921 943 1073 1000 enim
1087 959 1216 998 cum
1231 948 1380 998 esset
1397 943 1456 997 in
1475 943 1721 1016 puellam
1740 939 2050 1014 Ethiopis-

450 1052 594 1103 sam,
618 1051 789 1111 quam
805 1031 865 1092 in
883 1049 1010 1092 mea
1050 1033 1344 1100 iuventute
1363 1031 1617 1088 videram
1643 1036 1838 1086 aestate
1865 1031 2049 1102 spicas

445 1124 750 1196 legentem,
781 1139 850 1178 ea
873 1123 1014 1177 mihi
1045 1121 1167 1176 visa
1193 1127 1281 1177 est
1303 1123 1445 1176 meis
1494 1121 1739 1176 insidere
1764 1118 2002 1201 genibus
2039 1135 2053 1184 ;

446 1229 652 1285 meque
706 1229 886 1284 usque
912 1211 1052 1266 adeo
1091 1211 1392 1269 commovit
1439 1215 1505 1266 ut
1527 1215 1783 1282 putarem
1809 1225 1902 1262 me
1925 1223 2055 1262 cum

447 1319 516 1358 ea
529 1303 776 1358 coivisse.
795 1301 1006 1356 Furore
1023 1317 1156 1371 ergo
1167 1300 1413 1372 percitus
1433 1299 1640 1370 impegi
1651 1297 1702 1352 ei
1721 1297 2018 1368 colaphum
2039 1315 2052 1364 ;

447 1409 630 1463 eaque
669 1391 750 1446 sic
777 1389 1020 1446 evanuit.
1067 1391 1185 1444 Hoc
1211 1395 1400 1444 autem
1435 1387 1574 1442 mihi
1601 1387 1768 1442 crede
1795 1387 2005 1440 dicenti
2036 1401 2052 1442 :

445 1481 678 1538 biennio
701 1498 814 1537 non
830 1485 1085 1556 poteram
1105 1480 1252 1534 ferre
1272 1495 1473 1534 manus
1493 1495 1632 1533 mete
1650 1477 2055 1534 fetorem.Cum

448 1588 581 1644 ergo
615 1568 723 1626 hac
749 1569 818 1626 de
845 1583 1014 1625 causa
1028 1565 1218 1642 pusilli
1235 1572 1292 1624 et
1310 1565 1512 1638 abjecti
1533 1565 1708 1622 animi
1725 1563 2049 1632 evasissem,

2129 494 2211 551 ita
2231 495 2443 550 mansit
2465 494 2856 561 immutabilis,
2888 500 3008 550 tam
3037 495 3341 566 insigniter
3359 503 3418 552 et
3439 497 3751 554 admirabi-

2129 583 2262 648 liter
2286 589 2464 644 erata
2485 584 2600 640 Deo
2630 584 2954 640 instructus.
2981 585 3123 642 Cum
3151 603 3254 640 nos
3286 592 3497 654 autem,
3530 587 3740 659 inquit,

2131 674 2340 748 partim
2368 690 2731 745 angeremur,
2763 674 2971 746 partim
3002 691 3131 730 vero
3159 681 3527 743 terreremur,
3589 678 3746 748 quod

2131 763 2277 818 tanti
2307 763 2410 820 viri
2426 764 2556 820 talis
2575 763 2690 820 vita
2719 763 2776 818 in
2808 769 3031 819 tantum
3055 763 3316 820 morbum
3341 765 3655 832 incidisset,
3688 773 3749 820 et

2131 853 2276 908 tales
2305 853 2650 910 medicorum
2680 854 3046 920 exsectiones,
3071 860 3293 910 nostras
3315 861 3508 911 autem
3531 856 3747 926 cogita-

2131 942 2313 997 tiones
2323 942 2592 998 sensisset
2609 942 2808 998 beatus
2833 943 3169 1016 Stephanus,
3194 943 3418 1000 dicebat
3433 943 3596 1000 nobis
3620 963 3632 998 :
3661 945 3747 999 Nc

2139 1047 2205 1086 ex
2225 1031 2330 1088 hac
2362 1048 2423 1087 re
2451 1031 2831 1100 oﬁ‘endamini,
2855 1049 2888 1088 ο
2909 1032 3010 1088 ﬁlii
3035 1050 3050 1100 ;
3077 1033 3218 1088 nihil
3248 1033 3398 1088 enim
3419 1035 3570 1105 quod
3591 1035 3748 1090 Deus

2139 1121 2288 1186 facit,
2322 1121 2393 1174 ad
2421 1121 2632 1176 malum
2653 1138 2903 1193 unquam
2918 1122 3070 1189 facit,
3098 1121 3195 1177 sed
3222 1120 3293 1176 ad
3313 1122 3522 1178 bonum
3546 1125 3740 1180 ﬁnem.

2137 1209 2395 1266 Fortasse
2423 1211 2574 1266 enim
2603 1211 2858 1267 membra
2902 1211 3266 1268 merebantur
3291 1213 3656 1286 supplicium,
3689 1221 3747 1267 et

2136 1299 2336 1356 melius
2364 1305 2452 1356 est
2481 1317 2550 1354 ea
2577 1298 2665 1355 hic
2695 1301 2829 1356 dare
2859 1317 3072 1374 pinnas,
3108 1318 3276 1372 quam
3304 1309 3433 1376 post
3451 1318 3743 1358 excessum

2137 1406 2203 1444 ex
2226 1389 2331 1444 hoc
2357 1389 2558 1444 stadio.
2585 1390 2726 1446 Cum
2757 1407 2860 1446 nos
2881 1407 3016 1461 ergo
3033 1391 3111 1445 sic
3137 1396 3224 1446 est
3244 1391 3524 1458 hortatus,
3546 1398 3604 1446 et
3625 1409 3748 1448 vcr-

2137 1477 2224 1533 bis
2253 1478 2609 1534 conﬁrmavit
2625 1479 2696 1533 ad
2717 1479 3097 1548 tolerantiam,
3121 1479 3414 1536 aediﬁcavit
3433 1481 3504 1536 ad
3521 1481 3748 1536 fortiter

2133 1567 2394 1628 ferendas
2423 1567 2774 1624 afﬂictiones.
2807 1569 2938 1624 Haec
2969 1573 3159 1624 autem
3184 1570 3428 1638 narravi,
3455 1586 3528 1624 ne
3559 1571 3748 1626 videa-

447 1663 507 1716 et
533 1660 603 1715 de
627 1676 720 1714 me
737 1675 962 1714 omnem
974 1675 1130 1732 spem
1146 1656 1496 1730 abjecissem,
1518 1671 1776 1728 egressus
1793 1672 1916 1711 sum
1928 1671 2053 1728 per-
2068 1727 2103 1732 _
2133 1661 2228 1712 tur
2255 1656 2416 1712 nobis
2446 1657 2712 1724 alienum,
2752 1658 2976 1730 quando
3005 1659 3310 1715 viderimus
3334 1659 3555 1732 aliquos
3605 1676 3745 1714 san-

445 1765 644 1806 errans
672 1753 889 1804 Vestam
926 1727 1307 1815 solitudinem,
1331 1753 1388 1802 et
1424 1727 1608 1802 inveni
1638 1763 1868 1820 parvam
1897 1727 2111 1817 aspi-B
2131 1752 2251 1802 ctos
2275 1746 2540 1804 incidisse
2562 1747 2621 1803 in
2650 1727 2790 1802 tales
2819 1749 3190 1804 calamitates.

445 1835 596 1897 dem.
612 1835 796 1904 Quam
807 1853 936 1893 cum
949 1835 1307 1909 accepissem,
1333 1853 1458 1892 eam
1479 1833 1752 1891 admoveo
1773 1833 1916 1889 meis
1944 1850 2050 1906 ge-

436 1915 743 1996 nitalibus,
759 1931 825 1982 ut
840 1927 928 1984 vel
947 1925 1027 1982 sic
1055 1942 1274 1981 morsus
1290 1942 1540 1982 morerer
1572 1943 1585 1993 ;
1619 1930 1680 1979 et
1705 1939 1832 1979 cum
1865 1923 1944 1978 eis
1965 1940 2052 1978 ca-

449 2011 820 2090 putvirilibus
831 2013 1220 2090 applicassem,
1243 2021 1310 2070 ut
1327 2032 1450 2088 quae
1465 2011 1602 2074 mihi
1624 2012 1863 2068 fuissent
1880 2029 2052 2068 causa

446 2101 796 2162 tentationis.
831 2122 904 2160 ne
950 2103 1031 2160 sic
1049 2102 1274 2178 quidem
1307 2121 1528 2159 morsus
1557 2119 1681 2158 sum
1703 2103 1900 2174 gratiae
1927 2117 2056 2174 pro-

445 2191 716 2252 videntia.
748 2193 886 2250 Post
911 2193 1030 2248 haec
1055 2199 1248 2248 autem
1292 2191 1478 2248 audivi
1525 2207 1716 2246 vocem
1771 2190 2051 2244 dicentem

446 2282 592 2339 mihi
617 2281 678 2338 in
734 2299 862 2352 mea
907 2279 1244 2354 cogitatione
1278 2302 1290 2336 :
1327 2279 1450 2348 Abi,
1483 2280 1727 2344 Pachon,
1777 2280 2002 2334 decerta
2032 2297 2050 2350 ;

448 2369 574 2428 ideo
599 2367 749 2444 enim
764 2369 999 2444 permisi
1017 2369 1073 2426 in
1102 2376 1158 2426 te
1174 2375 1389 2426 tantam
1419 2368 1664 2424 exerceri
1689 2373 2047 2441 potestatem,

447 2477 519 2515 ne
548 2443 650 2515 tibi
680 2443 828 2517 esset
847 2459 1046 2518 elatior
1074 2463 1132 2514 et
1152 2457 1510 2530 arrogantior
1537 2457 1787 2532 spiritus,
1818 2455 2050 2529 perinde

437 2531 517 2606 Iac
532 2549 651 2626 ipse
677 2567 870 2622 posses
895 2549 1042 2604 hanc
1062 2564 1330 2622 superare
1349 2547 1701 2602 affectionem
1727 2566 1738 2601 :
1775 2545 1871 2600 sed
1891 2551 2050 2600 tuam

449 2656 784 2710 agnosceres
803 2633 1268 2700 imbecillitatem,
1293 2642 1352 2692 ct
1402 2636 1460 2690 in
1489 2642 1600 2692 tuae
1625 2635 1748 2690 vita:
1785 2635 2048 2692 instituto

449 2744 744 2800 nunquam
785 2725 1020 2782 haberes
1045 2724 1328 2792 ﬁduciam,
1363 2725 1461 2781 sed
1493 2742 1810 2780 recurreres
1835 2726 1906 2780 ad
1949 2726 2052 2782 Dei

449 2813 741 2872 auxilium.
775 2813 868 2872 Sic
896 2821 1088 2870 autem
1131 2813 1452 2870 admonitus
1481 2820 1538 2870 et
1566 2816 1946 2879 conﬁrmatus,
1977 2816 2049 2869 ad

449 2903 652 2964 cellam
671 2921 803 2962 sum
816 2921 1090 2972 reversus,
1110 2909 1168 2960 et
1182 2904 1444 2977 deinceps
1456 2903 1655 2974 sedens
1675 2920 1803 2958 cum
1824 2901 2044 2972 ﬁducia,

447 2997 508 3050 et
553 2992 768 3050 nullam
814 2993 945 3049 belli
975 3010 1167 3049 curam
1189 3010 1411 3065 gerens,
1444 2991 1689 3064 reliquos
1717 2991 1836 3046 dies
1864 2992 1953 3064 egi
1989 2993 2048 3048 in

2701 1837 2935 1894 CAPUT
2962 1837 3158 1894 XXXI.

2523 1928 2594 1982 De
2625 1928 2836 1982 Valente
2868 1925 2981 1997 (73)
3021 1929 3120 1998 qui
3147 1931 3370 1985 excidit.

2206 2015 2343 2072 Fuit
2372 2015 2602 2088 quidam
2630 2015 2858 2082 Valens,
2883 2032 3090 2087 genere
3121 2018 3349 2088 quidem
3381 2017 3740 2086 Palzestinus,

2135 2111 2324 2162 mente
2352 2111 2540 2161 autem
2566 2105 2917 2174 Corinthius;
2939 2106 3243 2162 Corinthiis
3265 2109 3416 2164 enim
3437 2110 3640 2164 vitium
3657 2109 3745 2164 in-

2135 2194 2383 2250 flationis
2397 2194 2597 2250 tribuit
2616 2199 2844 2250 sanctus
2858 2195 3086 2262 Paulus,
3100 2196 3292 2251 dicens
3315 2209 3328 2244 :
3349 2197 3417 2252 Et
3438 2214 3535 2252 vos
3557 2198 3742 2254 inflati

2136 2283 2270 2346 estis
2297 2286 2349 2351 (Ι
2366 2285 2488 2339 Cor.
2510 2283 2725 2354 v.).Qui
2744 2300 2870 2340 cum
2891 2284 3132 2342 venisset
3143 2285 3202 2340 in
3227 2285 3589 2342 solitudinem
3617 2287 3741 2358 ipse

2135 2389 2356 2444 quoque
2387 2373 2576 2444 plures
2593 2389 2771 2428 annos
2789 2372 3061 2428 habitavit
3089 2373 3399 2430 nobiscum.
3439 2375 3513 2429 Eo
3542 2383 3741 2430 autem

2133 2462 2406 2533 processit
2422 2461 2716 2533 superbia,
2750 2467 2816 2516 ut
2831 2462 3097 2534 deceptus
3111 2463 3186 2517 sit
3204 2480 3239 2518 a
3252 2463 3619 2521 daemonibus.
3659 2464 3740 2518 Ex

2134 2567 2199 2605 eo
2221 2549 2368 2606 enim
2393 2551 2540 2622 quod
2562 2551 2681 2623 ipse
2702 2551 2973 2622 paulatim
2989 2551 3359 2624 deciperetur,
3374 2553 3508 2608 fecit
3526 2560 3592 2610 ut
3613 2555 3737 2625 ipse

2132 2641 2201 2694 de
2228 2657 2287 2694 se
2312 2641 2609 2712 magniﬁce
2633 2657 2697 2694 ac
2720 2641 2985 2712 praeclare
3013 2641 3266 2709 sentiret,
3299 2648 3573 2716 tanquam
3606 2660 3738 2698 cum

2134 2745 2199 2782 eo
2226 2735 2589 2784 versarentur
2615 2730 2820 2801 angeli,
2853 2729 3015 2804 eique
3052 2730 3109 2786 in
3141 2731 3376 2802 singulis
3402 2732 3740 2787 ministeriis

2131 2817 2484 2874 inservirent.
2518 2819 2773 2883 Quodam
2803 2825 2954 2874 certe
2993 2819 3100 2885 die,
3135 2834 3201 2874 ut
3230 2819 3558 2884 narrabant,
3603 2839 3740 2877 cum

2131 2913 2462 2980 operaretur
2487 2907 2548 2964 in
2575 2907 2842 2974 tenebris,
2868 2925 3032 2964 acum
3059 2909 3276 2964 dimisit
3297 2927 3409 2982 qua
3420 2911 3742 2966 consuebat

2128 3003 2400 3068 sportam.
2437 2998 2618 3062 Quam
2646 3014 2773 3053 cum
2799 2998 2916 3070 ipse
2943 3015 3057 3054 non
3085 2999 3405 3065 invenisset,
3425 2999 3651 3055 daemon
3684 3001 3742 3055 ei

428 3101 606 3158 .pace.
635 3083 866 3141 Daemon
921 3090 1112 3140 autem
1149 3100 1278 3139 cum
1305 3083 1656 3154 cognovisset
1707 3098 1894 3136 meam
1925 3083 2108 3153 ejusC
2131 3085 2259 3142 fecit
2283 3086 2621 3158 lampadem,
2644 3090 2702 3141 et
2722 3087 2934 3142 invenit
2951 3104 3132 3142 acum.
3158 3089 3274 3142 Hoc
3291 3089 3518 3144 nomine
3533 3106 3739 3144 rursus

448 3171 892 3248 despicientiam,
923 3168 1136 3247 pudore
1157 3172 1420 3244 deinceps
1441 3173 1691 3239 allectus,
1724 3171 1796 3225 ad
1824 3189 1915 3226 me
1935 3188 2051 3228 non

449 3263 687 3319 accessit
709 3260 972 3336 amplius.
996 3262 1097 3316 His
1119 3261 1302 3317 verbis
1321 3278 1450 3318 cum
1473 3259 1545 3316 ad
1560 3261 1767 3316 luctam
1785 3260 2050 3315 adversus

451 3355 722 3416 Satanam
736 3373 828 3419 me
845 3355 1252 3424 conﬁrmasset,
1278 3360 1336 3410 et
1347 3355 1418 3410 ad
1440 3355 1650 3410 bellum
1663 3353 2042 3420 instruxisset,

448 3453 507 3503 et
533 3445 830 3508 adversum
857 3445 1169 3502 daemonem
1211 3443 1597 3500 fornicationis
1653 3460 1746 3498 me
1792 3449 2048 3515 parasset

420 3552 516 3606 lac
546 3533 844 3602 docuisset,
891 3535 1126 3600 dimisit,
1173 3533 1378 3605 jubens
1433 3538 1499 3590 ut
1535 3533 1667 3590 forti
1721 3531 1910 3588 animo
1955 3549 2048 3587 me

447 3639 708 3697 gererem
735 3624 796 3682 in
816 3623 1095 3682 omnibus.

1029 3709 1263 3770 CAPUT
1291 3711 1463 3768 XXX.

835 3801 954 3860 Vita
989 3801 1212 3860 Abbati:
1240 3801 1508 3870 Stephani
1535 3798 1666 3870 (71).

525 3891 842 3965 Stephanus
884 3891 1114 3970 quidam
1153 3889 1285 3948 Libs
1324 3906 1552 3962 genere,
1586 3889 1732 3945 sedit
1760 3891 2052 3962 sexaginta

455 3998 633 4044 annos
653 3999 720 4040 ex
737 3981 913 4044 latere
937 3978 1042 4048 (7:2)
1063 3977 1410 4036 Marmaricae
1439 3985 1497 4034 et
1525 3979 1804 4035 Mareotaa.
1837 3981 1894 4036 Is
1921 3997 2050 4035 cum

451 4067 650 4128 fuisset
678 4086 901 4130 summa
915 4074 1168 4137 versatus
1182 4066 1240 4126 in
1261 4067 1680 4135 exercitatione,
1701 4074 1760 4123 et
1776 4074 1928 4124 esset
1937 4069 2050 4124 dis-

453 4159 718 4219 cernendi
735 4163 1012 4232 potestate
1035 4157 1322 4232 praeditus,
1336 4157 1482 4214 hanc
1495 4157 1739 4230 gratiam
1761 4163 1847 4212 est
1865 4163 2048 4226 $38

453 4253 804 4314 consecutus,
831 4253 898 4304 ut
917 4247 1234 4319 quicunque
1247 4262 1374 4302 eum
1397 4247 1738 4313 conveniret,
1757 4263 1790 4301 a
1803 4263 2049 4318 quacun-

455 4355 566 4410 que
585 4336 932 4396 cruciaretur
959 4335 1236 4404 molestia,
1269 4336 1318 4392 is
1345 4335 1608 4390 molestia
1633 4352 1841 4390 vacuus
1878 4335 1948 4390 ab
1982 4352 2048 4390 eo

2133 3174 2384 3242 inﬂatus,
2418 3176 2774 3248 magnificam
2797 3176 2866 3232 de
2894 3193 2954 3231 se
2984 3177 3169 3232 induit
3187 3177 3526 3252 opinionem,
3555 3185 3614 3233 et
3641 3196 3741 3233 us-

2133 3280 2243 3334 que
2289 3265 2430 3319 adeo
2461 3265 2643 3320 elatus
2696 3270 2798 3326 est.
2833 3271 2898 3322 ut
2925 3265 3097 3321 etiam
3127 3273 3516 3324 contemneret
3541 3268 3735 3340 ipsam

2133 3353 2628 3410 Sacramentorum
2641 3355 3262 3412 communionem.Cum
3275 3358 3738 3413 autemChristus

2130 3442 2405 3498 Dominus
2433 3443 2554 3516 ejus
2596 3450 2744 3500 esset
2771 3445 3054 3511 misertus,
3103 3445 3183 3501 sic
3212 3447 3454 3518 providit
3511 3452 3577 3501 ut
3605 3449 3734 3520 ejus

2130 3532 2533 3588 detrimentum
2561 3533 2671 3589 cito
2699 3535 2862 3589 ﬁeret
2891 3535 3249 3590 manifestum
3303 3536 3577 3591 universa:
3621 3537 3738 3592 fra-

2131 3621 2406 3677 ternitati.
2439 3623 2656 3678 Accidit
2685 3629 2749 3678 ut
2775 3624 3004 3696 quidam
3044 3625 3333 3679 venientes
3369 3625 3622 3697 hospites
3651 3626 3738 3680 af-

2133 3709 2345 3765 ferrent
2361 3711 2434 3765 ad
2451 3709 2865 3767 fraternitatem
2893 3712 3128 3767 bellaria
3153 3713 3212 3768 in
3232 3713 3736 3769 ecclesiam.Porru

2130 3805 2320 3854 autem
2349 3816 2478 3854 cum
2503 3817 2598 3855 eas
2626 3802 2930 3874 accepisset
2946 3807 3173 3857 sanctus
3205 3802 3473 3858 Macarius
3492 3803 3734 3876 presby-

2129 3893 2219 3942 ter
2235 3889 2691 3956 noster,misitad
2711 3907 3172 3964 unumquemque
3191 3893 3250 3945 in
3271 3891 3470 3948 cellam
3503 3893 3734 3947 circiter

2127 3977 2425 4049 pugillum,
2441 3979 2589 4034 inter
2611 3996 2750 4052 quos
2779 3980 2946 4036 etiam
2959 3981 3031 4035 ad
3049 3981 3512 4036 Valentem.Cum
3534 3989 3735 4037 autem

2129 4066 2435 4138 accepisset
2453 4068 2678 4136 Valens,
2713 4085 2844 4123 eum
2873 4069 2970 4142 qui
2997 4071 3268 4125 attulerat
3283 4071 3630 4126 contumelia
3651 4072 3734 4125 a1-

2128 4154 2274 4221 fecit,
2309 4160 2367 4210 et
2395 4155 2721 4224 verberavit,
2749 4157 2867 4213 etei
2887 4157 3024 4214 dicit
3047 4178 3058 4212 τ
3081 4159 3208 4226 Abi,
3233 4165 3290 4214 et
3316 4159 3405 4214 dic
3431 4160 3682 4214 Macario
3714 4180 3726 4213 :

2128 4245 2392 4300 Nonsum
2413 4251 2469 4300 te
2493 4245 2757 4313 deterior,
2789 4252 2856 4302 ut
2879 4252 2942 4302 tu
2963 4248 3037 4306 ad
3049 4263 3142 4304 me
3166 4249 3355 4304 mittas
3382 4247 3734 4304 benedictio-

2129 4349 2250 4388 nes.
2299 4335 2441 4390 Cum
2492 4336 2841 4406 cognovisset
2869 4353 3003 4407 ergo
3032 4343 3260 4392 sanctus
3285 4338 3564 4392 Macarius
3597 4355 3732 4392 eum

452 4423 759 4485 recederet.
783 4425 917 4482 Fuit
939 4430 1128 4482 autem
1152 4424 1200 4480 is
1229 4440 1452 4496 quoque
1488 4429 1657 4480 notus
1685 4423 1848 4479 beato
1877 4425 2252 4502 Anto-Desse
2278 4422 2590 4490 seductum,
2625 4425 2858 4480 accessit
2893 4441 3006 4480 uno
3031 4425 3122 4480 die
3150 4430 3345 4498 postea
3381 4425 3450 4480 ad
3479 4443 3612 4481 eum
3639 4444 3738 4482 ex-

430 4503 436 4508 .
451 4514 568 4574 nio.
593 4513 853 4572 Pervenit
867 4519 1056 4570 autem
1071 4513 1244 4569 etiam
1269 4511 1342 4568 ad
1353 4518 1546 4570 nostra
1562 4529 1740 4584 usque
1754 4519 2008 4585 tempora
2027 4532 2042 4579 ;

2133 4511 2500 4566 hortandum.
2529 4513 2598 4568 Et
2616 4513 2666 4566 ei
2692 4513 2863 4568 dicit:
2901 4513 3120 4582 Valens,
3149 4515 3347 4570 illusus
3387 4532 3469 4581 es,
3509 4515 3727 4582 desine,

452 4609 623 4676 atque
649 4621 753 4676 ego
783 4603 1007 4676 quidem
1027 4619 1154 4658 cum
1181 4618 1247 4657 eo
1266 4618 1380 4660 non
1405 4618 1532 4658 sum
1552 4607 1805 4658 versatus
1819 4608 2048 4674 propter
2133 4601 2426 4672 Deumque
2461 4601 2780 4674 deprecare.
2811 4603 3117 4674 Postquam
3153 4609 3342 4659 autem
3371 4621 3485 4659 non
3513 4605 3734 4660 audivit

452 4691 554 4750 viae
565 4685 1001 4765 longitudinem:
1018 4697 1244 4748 sanctus
1270 4697 1460 4746 autem
1486 4691 1823 4746 Ammonius
1843 4697 1900 4747 et
1916 4693 2049 4748 Eva—
2134 4690 2183 4760 ej
2193 4706 2256 4744 us
2307 4690 2740 4758 admonitiones,
2787 4693 3019 4746 recessit
3062 4693 3365 4750 admodum
3394 4693 3644 4750 amictus
3671 4701 3732 4750 et

453 4781 630 4854 grius,
665 4782 762 4856 qui
776 4797 905 4843 eum
935 4785 1332 4847 convenerunt,
1355 4786 1728 4838 narraverunt
1743 4797 1804 4835 se
1824 4797 1952 4839 eum
1967 4781 2051 4836 in-
2128 4794 2370 4834 maerens
2417 4778 2487 4834 ob
2515 4780 2766 4835 Valentis
2797 4781 3040 4840 ruinam.
3072 4783 3216 4837 Cum
3264 4799 3398 4854 ergo
3434 4789 3593 4838 certo
3624 4784 3734 4839 sibi

429 4861 671 4928 venisse
692 4871 752 4928 in
781 4872 953 4926 talem
973 4870 1301 4944 prolapsum
1337 4869 1799 4942 aegritudinemin
1819 4869 1956 4942 ipsis
1972 4870 2051 4925 lo-
2131 4868 2502 4940 persuasisset
2529 4869 2766 4936 daemon,
2798 4887 2932 4925 eum
2973 4871 3097 4942 ejus
3141 4871 3454 4943 deceptioni
3484 4873 3731 4928 maxime

431 4949 534 5014 icis
561 4958 968 5026 testiculorum,
987 4964 1045 5014 et
1073 4958 1234 5032 penis
1271 4974 1558 5016 summum
1605 4958 1884 5014 ulcerasse
1913 4975 2048 5016 can-
2129 4957 2301 5012 ﬁdem
2321 4957 2604 5024 habuisse,
2636 4958 2772 5025 abit,
2818 4965 2878 5014 et
2905 4960 3147 5030 ﬁguram
3176 4961 3488 5016 Servatoris
3519 4961 3728 5024 induit,

451 5065 634 5112 crum,
674 5049 770 5122 qui
809 5051 1078 5122 φαγέδαινα
1115 5047 1337 5104 dicitur.
1382 5045 1546 5114 Eum,
1596 5047 1844 5117 aiebant,
1891 5049 2050 5106 inve-
2129 5051 2188 5101 ct
2214 5051 2382 5101 noctu
2411 5046 2624 5101 accedit
2641 5046 2701 5102 in
2728 5047 3140 5120 phantasmate,
3162 5049 3316 5104 mille
3335 5050 3554 5120 angelis
3583 5051 3734 5106 lam-

455 5134 644 5192 nimus
659 5134 795 5194 dum
814 5153 845 5192 a
877 5135 1121 5210 quodam
1135 5137 1352 5196 medico
1371 5142 1683 5196 curaretur.
1708 5138 1777 5194 Et
1791 5137 2052 5200 manibus
2126 5134 2302 5208 padas
2329 5135 2670 5202 tenentibus,
2705 5141 2764 5190 et
2780 5142 2961 5192 rotam
2975 5137 3218 5209 igneam,
3248 5138 3305 5194 in
3325 5155 3438 5212 qua
3467 5139 3623 5196 visus
3639 5147 3728 5196 est

453 5219 684 5300 quidem
709 5223 1048 5301 operabatur
1076 5245 1092 5295 ;
1125 5231 1183 5280 et
1210 5226 1411 5302 palma:
1435 5243 1622 5282 ramos
1641 5226 2052 5294 contexebat,et
2131 5224 2375 5294 ﬁguram
2388 5224 3309 5298 eXprimereServatoris.Unusque
3321 5245 3450 5284 eum
3461 5230 3736 5300 praecedit

452 5311 745 5372 nobiscum
769 5313 941 5370 etiam
971 5314 1566 5388 loquebatur:reliquo
1597 5319 1789 5370 autem
1829 5315 2051 5387 corpori
2133 5319 2191 5368 et
2216 5313 2384 5368 dicit:
2424 5314 2886 5372 Christusdilcxit
2903 5317 3429 5382 tuuminstitutum,
3451 5323 3730 5392 tuamque

454 5421 687 5476 manum
719 5397 1342 5474 adhibebatchirurgus.
1367 5403 1503 5458 Erat
1513 5408 1704 5458 autem
1727 5403 1827 5458 Dei
1837 5405 2046 5475 gratia,
2133 5401 2351 5458 vivendi
2370 5402 2685 5460 libertatem
2701 5410 2759 5459 et
2785 5405 3201 5472 conﬁdentiam,
3226 5412 3284 5461 et
3301 5407 3459 5462 venit
3478 5414 3618 5466 utte
3647 5410 3731 5464 vi-

454 5503 525 5542 ea
545 5489 815 5566 praeditus
843 5483 1134 5566 patientia,
1149 5493 1218 5544 ut
1240 5487 1474 5560 perinde
1495 5489 1726 5544 affectus
1744 5488 2046 5556 videretur,
2131 5490 2287 5560 deat;
2309 5492 2575 5564 egredere
2595 5510 2728 5566 ergo
2748 5510 2778 5549 e
2793 5494 2952 5560 cella.
2969 5500 3027 5550 et
3044 5494 3184 5550 nihil
3197 5495 3352 5550 aliud
3369 5495 3592 5564 feceris,
3623 5497 3734 5554 nisi

428 5566 524 5634 'ac
541 5565 801 5652 si'corpus
815 5565 1047 5638 alterius
1061 5581 1350 5634 secaretur
1377 5595 1394 5648 ς
1417 5582 1477 5634 et
1493 5593 1623 5636 eum
1647 5578 1772 5652 ejus
1795 5577 2050 5636 membra
2130 5594 2260 5636 cum
2281 5575 2476 5654 procul
2502 5596 2634 5638 eum
2655 5565 2876 5654 videris,
2895 5581 3267 5655 procumbens
3286 5600 3418 5642 eum
3449 5583 3652 5660 adora,
3679 5590 3736 5644 et
