4024 6206
361 356 391 418 ’1
404 350 504 417 133
1632 348 1975 410 HISTORIA

2077 353 2367 411 lUSIACA
2376 393 2391 411 .
3495 358 3559 421 14
3570 358 3642 423 34

364 484 660 558 ingredere
690 483 748 536 in
774 486 932 535 tuam
953 476 1171 535 cellam.
1203 480 1474 551 Egressus
1503 495 1637 552 ergo
1657 495 1784 535 cum
1798 480 2292 542 vidis-AAccessit
2320 480 2471 538 enim
2500 483 2573 538 ad
2599 479 2823 539 theatra
2842 490 2899 540 et
2927 485 3210 558 equestria
3223 489 3553 558 certamina,
3584 494 3646 545 et

364 582 452 630 set
502 576 834 647 apparatum
858 571 1208 643 lampadum,
1232 569 1449 626 circiter
1489 588 1524 624 a
1566 569 1745 625 stadio
1775 571 1970 643 procul
2050 570 2378 628 versabatur
2412 574 2471 627 in
2522 575 2827 646 cauponis;
2873 575 2921 631 is
2950 581 3141 631 autem
3169 593 3297 632 cum
3323 578 3469 649 gula:
3497 585 3649 634 esset

364 663 775 720 Antichristum
819 659 1092 715 adoravit.
1148 660 1274 715 Alio
1318 661 1509 732 itaque
1557 660 1647 715 die
1677 661 1816 715 adeo
1863 658 1972 714 luit
2052 660 2276 717 deditus
2291 669 2349 717 et
2379 661 2859 729 ebrietati,incidit
2876 664 2936 719 in
2958 681 3179 721 caenum
3209 666 3464 724 feminea
3493 667 3647 740 cupi-

368 758 566 809 emotaz
595 751 819 815 mentis,
837 756 904 805 ut
928 749 1323 821 ingrederetur
1345 749 1656 816 ecclesiam,
1683 756 1741 804 et
1766 751 1973 804 frater«
2053 750 2249 805 ditatis
2281 775 2295 807 :
2318 756 2378 807 et
2402 770 2531 807 cum
2558 768 2789 825 peccare
2814 752 3214 822 constituisset,
3243 772 3373 812 cum
3402 758 3650 829 quadam

370 845 545 899 nitate
570 846 913 912 congregata
934 839 1172 895 diceret:
1203 838 1324 910 Ego
1336 856 1448 894 non
1464 838 1642 893 habeo
1662 856 1800 913 Opus
1828 857 1973 894 com-
2054 841 2230 895 mima
2259 841 2482 897 assidue
2503 843 2826 909 collocutus,
2854 844 3012 899 ulcus
3041 862 3206 899 suum
3236 846 3479 917 aperuit.
3503 847 3649 901 Cum

370 932 668 997 munione;
693 929 978 985 Christum
1014 929 1165 984 enim
1198 929 1312 983 vidi
1353 929 1540 984 hodie.
1576 931 1731 985 Tunc
1778 929 1975 984 Patres
2055 928 2172 984 hzec
2200 931 2280 984 sic
2300 933 2519 998 tierent,
2554 930 2740 987 divino
2765 930 3008 1004 quodam
3049 933 3280 989 consilio
3334 940 3535 989 enatus
3563 940 3653 990 est

371 1039 502 1076 eum
551 1036 699 1074 anno
725 1035 839 1073 uno
887 1018 1201 1085 vinxerunt,
1238 1023 1295 1073 et
1340 1018 1401 1072 in
1443 1018 1652 1073 ferreos
1681 1017 1975 1090 compedes
2059 1018 2110 1072 ei
2140 1020 2379 1075 anthrax
2416 1022 2474 1077 in
2512 1021 2752 1093 glande;
2784 1024 2843 1076 et
2887 1027 3140 1094 tempore
3186 1030 3444 1079 semestri
3473 1038 3654 1096 usque

371 1111 817 1181 conjecerunt,et
832 1111 1141 1175 curarunt;
1172 1106 1447 1179 precibus,
1480 1110 1711 1179 ejusque
1732 1112 1977 1162 contem-
2058 1107 2198 1161 adeo
2231 1110 2539 1179 aegrotavit,
2572 1115 2636 1164 ut
2664 1111 2787 1179 ejus
2810 1109 2993 1164 virilia
3020 1108 3275 1166 membra
3301 1117 3655 1184 computrue-

370 1200 580 1273 ptione,
613 1199 838 1269 vitaque
868 1198 1183 1252 austeriore
1208 1196 1570 1251 detrahentes
1601 1199 1722 1268 ejus
1750 1213 1979 1270 persua-
2061 1196 2193 1263 rint,
2224 1204 2280 1251 et
2309 1214 2411 1252 sua
2440 1204 2637 1270 sponte
2686 1197 3008 1255 ceciderint.
3043 1199 3185 1255 Cum
3225 1205 3421 1272 postea
3464 1206 3658 1257 autem

372 1291 588 1343 sionem
613 1308 625 1355 ;
660 1303 813 1351 nam,
849 1291 916 1340 ut
951 1286 1175 1354 dicitur,
1219 1286 1503 1341 contraria
1531 1285 1827 1341 contrariis
1856 1302 1977 1341 me-
2062 1287 2453 1353 convaluisset,
2482 1303 2737 1342 reversus
2749 1293 2833 1342 est
2850 1289 2921 1342 ad
2950 1289 3056 1342 hoc
3078 1294 3144 1344 ut
3172 1305 3241 1343 ea
3266 1291 3505 1345 sentiret
3530 1304 3660 1361 qua;

372 1377 709 1433 dicamentis
737 1381 1032 1431 curantur.
2061 1376 2165 1431 Dei
2193 1382 2345 1444 sunt,
2378 1383 2435 1431 et
2461 1378 2618 1431 venit
2645 1377 2702 1432 in
2720 1376 3100 1444 solitudinem,
3125 1378 3243 1433 haec
3272 1379 3463 1434 omnia
3482 1379 3665 1434 confi-

448 1469 690 1522 Necesse
720 1471 806 1519 est
834 1471 1023 1519 autem
1050 1481 1245 1519 eorum
1287 1481 1507 1537 quoque
1537 1465 1634 1536 qui
1662 1470 1794 1520 sunt
1836 1463 1980 1519 tales
2063 1471 2191 1520 tens
2219 1465 2502 1538 patribus;
2536 1472 2592 1521 et
2619 1482 2749 1521 cum
2777 1482 2887 1521 non
2913 1468 3261 1540 pervenisset
3286 1467 3359 1523 ad
3387 1468 3666 1544 operatio-

378 1558 552 1612 vitam
582 1554 641 1609 in
668 1555 773 1608 hoc
814 1553 957 1608 libro
988 1554 1255 1620 inserere,
1284 1554 1353 1608 ad
1383 1554 1742 1609 securitatem
1784 1571 1981 1609 eorum
2067 1572 2218 1622 nem,
2251 1554 2443 1629 paucis
2462 1561 2591 1628 post
2613 1554 2808 1610 diebus
2837 1553 3157 1610 obdormiit.

382 1647 482 1718 qui
498 1644 864 1716 leguntzsicut
879 1642 1047 1697 etiam
1064 1644 1270 1697 sanctis
1288 1644 1495 1715 plantis
1518 1644 1749 1698 accessit
1768 1643 1985 1715 lignum
2601 1644 2836 1700 CAPUT
2876 1644 3129 1701 XXXIII.

382 1733 650 1809 paradisi,
671 1749 873 1804 nempe
894 1732 1139 1803 cognitio
1153 1731 1355 1787 bonict
1383 1734 1515 1788 mali
1538 1733 1685 1799 (Gen.
1718 1734 1778 1803 ῐῐ)
1808 1752 1821 1800 ;
1846 1737 1911 1787 ut
1938 1732 1985 1787 si
2006 1804 2048 1809 _
2374 1731 2385 1742 “
2500 1736 2574 1790 De
2601 1736 2883 1790 Ptolcmzzo
2911 1738 3011 1805 qui
3037 1737 3256 1792 excidit.

387 1804 611 1896 quando
642 1821 941 1893 contigerit
981 1839 1076 1875 eos
1117 1822 1177 1876 in
1210 1821 1400 1894 aliqua
1426 1840 1487 1877 re
1510 1838 1569 1878 se
1598 1827 1747 1877 recte
1766 1839 1982 1894 gerere,
2006 1804 2055 1864 Β
2144 1823 2303 1879 Alius
2338 1822 2569 1896 quidam
2607 1840 2823 1891 rursus,
2874 1804 3102 1880 nomine
3151 1824 3507 1896 Ptolemaeus,
3538 1842 3669 1884 cum

387 1930 499 1969 non
529 1929 588 1967 se
619 1912 856 1966 efferant
884 1916 941 1965 et
968 1928 1027 1965 se
1054 1913 1271 1981 jactent
1298 1912 1368 1966 de
1398 1911 1626 1967 virtute.
1660 1913 1805 1967 Nam
1839 1928 1987 1984 saepe
2071 1920 2307 1968 narratu
2334 1912 2647 1980 difﬁcilem,
2668 1914 2754 1969 vel
2772 1913 2956 1986 potius
2968 1931 3090 1987 quae
3112 1914 3332 1970 narrari
3353 1930 3469 1971 non
3487 1922 3673 1989 potest

386 2019 610 2076 quoque
632 2001 810 2055 virtus
833 2000 1072 2055 eﬂicitur
1101 2000 1315 2056 occasio
1348 2001 1738 2074 prolapsionis,
1763 2001 1988 2073 quando
2073 2003 2243 2057 vitam
2281 2000 2665 2074 transegisset,
2696 2002 2975 2059 habitavit
3000 2003 3162 2060 initio
3185 2006 3339 2060 ultra
3364 2007 3586 2062 Scetem
3608 2006 3673 2063 in

386 2108 501 2147 non
530 2096 683 2145 recto
713 2106 880 2161 scopo
919 2089 1065 2143 facta
1115 2090 1304 2145 fuerit.
1341 2090 1621 2162 Scriptum
1663 2094 1753 2145 est
1791 2090 1941 2145 enim
1973 2108 1985 2144 :

391 2180 520 2235 Vidi
546 2182 764 2251 justum
802 2184 1131 2250 pereuntem
1165 2179 1221 2233 in
1270 2197 1374 2234 sua
1393 2181 1617 2251 justitia
1648 2181 1837 2247 (Ecclc.
1870 2182 1989 2249 vn).

394 2270 458 2325 Id
488 2285 708 2341 quoque
737 2274 824 2322 est
853 2268 1089 2322 vanitas.

950 2357 1184 2413 CAPUT
1214 2358 1439 2414 XXXII.

962 2449 1038 2501 De
1083 2447 1263 2502 Eronc
1296 2445 1422 2518 (74).

470 2535 603 2591 Fuit
631 2536 879 2608 quidam,
904 2536 1011 2591 Ero
1035 2536 1283 2600 nomine,
1316 2535 1455 2590 mihi
1484 2536 1716 2602 vicinus,
1750 2536 1994 2592 Alexan-

401 2627 597 2680 drinus
636 2642 863 2697 genere,
897 2625 1149 2681 urbanus
1194 2624 1537 2690 adolescens,
1572 2625 1717 2679 bono
1752 2625 1996 2696 ingenio,

399 2716 517 2769 vita.
558 2716 822 2769 mundus.
857 2719 1041 2781 €34
1077 2715 1185 2779 Qui
1212 2715 1332 2786 ipse
1358 2713 1578 2787 quo'que
1604 2720 1731 2787 post
1767 2732 2000 2785 magnos

402 2803 622 2859 labores
650 2811 708 2858 et
735 2805 1032 2876 praeclaros
1060 2803 1387 2870 sudores,ab
1408 2804 2003 2874 arrogantiaarreptus

405 2899 465 2948 et
507 2893 766 2959 elatione,
814 2910 1060 2966 praeceps
1098 2893 1234 2967 ruit,
1285 2899 1342 2947 et
1391 2893 1655 2948 adversus
1690 2898 1878 2963 patms
1905 2910 2001 2948 su-

404 2982 613 3055 perbus
644 2984 819 3038 evasit
847 2988 904 3037 et
934 2983 1198 3049 insolens,
1224 2988 1425 3038 etcum
1456 2982 1567 3036 illis
1584 2982 1811 3037 beatum
1829 2983 2000 3036 etiam

403 3072 707 3143 Evagrium
747 3070 861 3145 [Αἱ.
894 3071 1201 3126 Macarium
1239 3088 1457 3143 quoque
1488 3069 1903 3144 presbyterum]
1926 3071 2003 3125 af-

2076 2109 2143 2146 ea
2163 2109 2285 2163 quae
2304 2092 2510 2147 dicitur
2536 2091 2757 2164 Κλίμαξ,
2783 2091 2841 2147 id
2869 2098 2958 2148 est
2980 2093 3148 2149 scala.
3166 2092 3278 2155 Est
3296 2099 3489 2150 autem
3515 2096 3675 2151 locus

2077 2180 2172 2252 qui
2192 2182 2272 2235 sic
2300 2181 2506 2236 dicitur
2530 2182 2589 2235 in
2619 2198 2729 2253 quo
2742 2198 2906 2237 nemo
2923 2188 3108 2253 potest
3133 2180 3677 2257 habitare,propter-

2078 2286 2146 2325 ea
2180 2270 2330 2342 quod
2361 2278 2571 2342 puteus
2603 2286 2879 2341 aquarum
2907 2271 3078 2327 distet
3096 2270 3290 2327 decem
3318 2278 3376 2327 et
3393 2277 3517 2328 octo
3555 2274 3681 2329 mil-

2074 2355 2334 2412 liaribus.
2357 2358 2498 2412 Cum
2528 2358 2578 2412 is
2608 2373 2740 2430 ergo
2773 2359 2956 2414 multa
2981 2374 3117 2414 vasa
3153 2357 3350 2415 ﬁctilia
3377 2365 3675 2437 paruisset,

2078 2451 2136 2502 et
2163 2446 2460 2503 Decembri
2499 2454 2557 2502 et
2595 2446 2865 2503 Januario
2894 2463 3087 2504 mense
3138 2463 3325 2504 rorem
3363 2448 3685 2522 collegisset

2085 2540 2192 2603 (est
2216 2537 2365 2591 enim
2393 2536 2734 2608 permultum
2758 2537 2902 2592 roris
2922 2537 2981 2592 in
3008 2537 3119 2593 illis
3142 2536 3416 2611 partibus)
3439 2542 3498 2593 et
3517 2552 3685 2611 spon-

2080 2624 2176 2697 gia
2211 2640 2277 2680 ex
2306 2626 2586 2697 lapidibus
2607 2625 2988 2698 expressisset,
3022 2625 3271 2698 perstitit
3290 2626 3405 2682 illic
3419 2624 3681 2685 habitans

2083 2731 2260 2769 annos
2292 2715 2630 2785 quindecim.
2673 2715 2782 2782 Qui
2836 2715 3187 2771 abalienatus
3244 2730 3281 2771 a
3326 2716 3584 2772 doctrina
3627 2724 3688 2773 et

2085 2805 2475 2875 congressione
2530 2805 2779 2859 virorum
2830 2808 3153 2860 sanctorum
3203 2809 3262 2860 et
3314 2803 3564 2861 utilitate
3628 2812 3689 2862 et

2085 2893 2355 2947 continua
2418 2898 2903 2948 sacramentorum
2966 2894 3377 2959 communione,
3440 2911 3477 2949 ο,
3529 2901 3687 2951 recta

2084 2982 2173 3036 via
2222 2998 2403 3055 usque
2458 2982 2597 3037 adeo
2638 2982 2884 3049 recessit,
2918 2987 2984 3037 ut
3030 2980 3179 3054 quod
3206 2983 3463 3038 nonnulli
3488 2982 3688 3039 dicunt

2085 3069 2265 3143 impii,
2306 3088 2441 3126 casu
2476 3071 2668 3126 omnia
2712 3072 2855 3137 ﬂeri,
2888 3070 2937 3125 is
2991 3086 3213 3143 quoque
3241 3070 3432 3125 infelix
3460 3071 3519 3126 id
3545 3071 3688 3127 fate-

403 3161 535 3215 fecit
560 3161 919 3227 contumelia,
951 3161 1170 3215 dicens:
1206 3161 1313 3226 Qui
1344 3165 1455 3215 tum
1486 3160 1752 3215 doctrinae
1782 3167 1998 3232 parent,
2023 3162 2260 3225 Cretur,
2295 3160 2546 3215 daemone
2592 3159 2798 3215 erroris
2844 3158 3107 3231 deinceps
3135 3158 3194 3214 in
3238 3174 3367 3214 eum
3391 3157 3686 3216 obtinente

402 3250 759 3321 decipiuntur
776 3269 788 3317 ;
822 3267 935 3305 non
964 3255 1183 3323 Oportet
1195 3251 1344 3305 enim
1357 3251 1494 3304 alios
1509 3251 1809 3320 magistros
1826 3255 2008 3304 atten-

401 3339 536 3394 dere
560 3345 764 3410 praeter
785 3339 1090 3394 Christum.
1114 3339 1340 3394 Abusus
1369 3344 1454 3394 est
1481 3344 1669 3393 autem
1682 3339 2004 3393 testimonio

402 3445 625 3500 quoque
638 3429 708 3483 ad
726 3445 1048 3500 perversum
1074 3446 1303 3502 scopum
1334 3446 1448 3483 sua:
1467 3428 1736 3495 stultitiae,
1771 3428 1960 3483 dicens
1986 3447 1997 3482 :

400 3518 485 3572 Ne
514 3519 838 3573 vocaveritis
853 3518 1185 3590 magistrum
1200 3535 1369 3591 super
1394 3522 1605 3572 terram
1627 3519 1999 3579 (Matth.xxv).

398 3606 507 3672 Qui
536 3608 656 3681 ipse
685 3625 905 3680 quoque
918 3613 1163 3663 mentem
1194 3607 1333 3663 adeo
1351 3607 1549 3662 habuit
1577 3606 2000 3662 obtenebratam

398 3712 545 3751 vana
572 3696 938 3768 persuasione
954 3714 1069 3752 sua:
1100 3696 1397 3770 opinionis,
1422 3701 1486 3751 ut
1510 3696 1680 3751 fuerit
1708 3696 1879 3751 etiam
1896 3696 2003 3749 fer-

396 3803 461 3840 ro
492 3786 711 3840 vinctus
750 3803 877 3840 cum
924 3786 1100 3840 nollet
1145 3787 1441 3841 convenire
1498 3784 1568 3840 ad
1623 3790 1995 3843 sacramenta.

394 3874 596 3929 Amica
617 3880 808 3929 autem
826 3874 1186 3929 veritasFuit
1206 3874 1251 3928 is
1270 3874 1665 3929 vitzeinstituto
1698 3875 2001 3930 admodum

399 3963 595 4018 subtili
626 3968 683 4016 et
710 3962 1136 4029 accurato,adeo
1159 3969 1223 4017 ut
1243 3964 1405 4018 multi
1424 3963 1842 4034 dicant,quibus
1871 3981 1999 4019 cum

398 4068 465 4107 eo
498 4051 817 4107 intercessit
844 4052 1208 4121 consuetudo,
1242 4054 1389 4123 quod
1415 4070 1560 4124 saepe
1590 4070 1701 4107 non
1726 4052 1832 4107 nisi
1869 4058 1999 4124 post

396 4146 515 4195 tres
545 4157 765 4196 menses
785 4139 1132 4207 comedebat;
1156 4146 1451 4196 contentus
1482 4141 1874 4195 communione
1905 4157 1997 4195 sa-

397 4236 841 4295 cramentorum,
872 4235 929 4285 et
945 4229 1123 4284 sicubi
1152 4228 1202 4285 ei
1227 4230 1578 4304 apparuisset
1608 4230 1729 4285 olus
1752 4234 1992 4301 agreste.

393 4320 601 4391 Accepi
628 4324 819 4374 autem
861 4337 964 4390 ego
994 4336 1216 4392 quoque
1265 4322 1387 4391 ejus
1426 4320 1831 4392 experientiam
1869 4336 1996 4373 cum

382 4407 553 4462 beato
581 4408 803 4473 Albino,
836 4426 963 4463 cum
1004 4409 1146 4463 irem
1181 4409 1241 4462 in
1290 4409 1509 4463 Scetem
1538 4422 1549 4456 :
1580 4408 1775 4463 aberat
1804 4415 1994 4463 autem

2087 3249 2409 3321 imperium.
2462 3248 2565 3303 Hic
2607 3250 2759 3303 enim
2799 3247 3060 3304 inimicus
3105 3263 3248 3304 vano
3292 3248 3425 3304 huic
3466 3247 3688 3305 homini

2087 3339 2387 3410 suggessit,
2422 3344 2487 3394 ut
2514 3338 2725 3393 diceret
2749 3354 2840 3393 res
2867 3338 3080 3392 nullam
3109 3334 3315 3393 habere
3341 3338 3680 3403 essentiam;

2085 3428 2183 3483 sed
2214 3427 2445 3483 omnino
2486 3444 2607 3482 esse
2650 3428 2840 3483 omnia
2888 3444 2952 3482 ex
2994 3442 3060 3482 eo
3107 3426 3256 3500 quod
3295 3426 3540 3483 mundus
3568 3425 3686 3483 fer-

2084 3518 2242 3572 retur
2270 3534 2372 3572 sua
2416 3521 2632 3589 sponte.
2672 3517 2737 3571 In
2764 3515 2933 3588 hujus
2962 3531 3094 3589 ergo
3123 3516 3375 3571 animam
3408 3515 3528 3572 haec
3571 3514 3685 3573 im-

2084 3606 2241 3661 misit
2276 3606 2530 3660 omnium
2573 3606 2698 3660 vita:
2744 3606 2941 3671 hostis,
2974 3605 3244 3660 dicendo:
3277 3604 3418 3661 Cum
3464 3622 3555 3661 res
3598 3606 3685 3662 ita

2084 3713 2145 3750 se
2194 3695 2458 3764 habeant,
2517 3695 2650 3767 quid
2701 3696 2912 3749 frustra
2964 3694 3210 3766 teipsum
3266 3695 3403 3750 foris
3449 3696 3681 3751 domas?

2086 3784 2365 3848 Quidnam
2392 3790 2449 3839 te
2473 3783 2711 3856 juvabit,
2758 3784 3078 3851 Ptolemaee,
3121 3784 3171 3839 si
3213 3799 3328 3839 non
3370 3785 3448 3840 sit
3495 3800 3683 3841 remu‘

2084 3875 2302 3928 neratio
2321 3875 2347 3927 ?
2367 3875 2637 3938 Quaenam
2669 3878 2861 3928 autem
2898 3872 3002 3928 tibi
3037 3872 3325 3929 sufficeret
3350 3888 3566 3931 merces
3591 3879 3682 3931 tot

2083 3968 2140 4017 et
2176 3967 2463 4017 tantorum
2488 3961 2766 4025 laborum,
2801 3960 3022 4016 etiamsi
3058 3967 3209 4016 esset
3245 3962 3343 4035 qui
3380 3964 3680 4019 redderet?

2082 4050 2373 4114 Quodnam
2396 4056 2585 4105 autem
2613 4056 2698 4104 est
2720 4049 2997 4120 judicium
3026 4050 3176 4120 quod
3205 4050 3497 4107 minantur
3522 4052 3679 4107 Scri-

2080 4145 2278 4210 pturze.
2322 4139 2367 4193 si
2397 4137 2553 4193 nulla
2582 4139 2657 4191 sit
2690 4135 3085 4208 providentia?
3123 4137 3225 4193 His
3268 4139 3534 4195 satanicis
3560 4140 3677 4195 cira

2081 4233 2403 4300 cumseptus
2420 4225 2849 4298 cogitationibus
2869 4226 3221 4281 miserrimus
3235 4227 3676 4295 Ptolemaeus,di—

2080 4319 2226 4374 citur
2240 4333 2360 4372 esse
2389 4322 2590 4372 emotae
2611 4316 2832 4380 mentis,
2842 4316 3201 4386 ethucusque
3221 4331 3411 4371 errare
3430 4317 3490 4372 in
3506 4318 3673 4390 Egy-

2078 4414 2194 4480 pto,
2226 4412 2284 4461 et
2307 4407 2384 4460 sei
2391 4422 2554 4479 psum
2583 4405 2861 4459 dedidisse
2882 4405 3030 4476 gulae
3051 4410 3108 4459 et
3128 4403 3547 4473 ebrietati,cum
3575 4423 3671 4463 ne-

384 4498 550 4552 Scete
570 4514 605 4550 a
627 4497 787 4551 nobis
804 4498 1180 4568 quadraginta
1197 4498 1621 4553 milliaribus.ln
1642 4498 1728 4551 his
1749 4498 1987 4568 quadra-
2002 4483 2052 4543 D
2071 4498 2219 4552 mine
2239 4488 2695 4563 conversans,s'ed
2709 4500 2899 4550 mutus
2917 4495 3104 4550 forum
3124 4494 3668 4560 obiens,miserabile

379 4587 547 4656 ginta
563 4586 898 4641 milliaribus
929 4603 1031 4641 nos
1060 4586 1145 4641 bis
1174 4588 1536 4653 comedimus,
1580 4593 1637 4641 et
1664 4593 1753 4641 ter
1780 4604 1985 4658 aquam

377 4674 659 4743 bibimus;
690 4676 783 4729 ille
811 4692 942 4730 vero
971 4692 1101 4731 cum
1128 4676 1271 4731 nihil
1298 4682 1580 4747 gustasset
1604 4677 1774 4748 pedes
1803 4677 1987 4748 ingre-

379 4763 562 4830 diens,
589 4765 972 4835 pronuntiavit
1000 4766 1325 4820 memoriter
1360 4764 1676 4838 quindecim
1710 4767 1978 4838 psalmos,

378 4851 586 4908 deinde
616 4870 885 4925 magnum
913 4854 1215 4926 psalmum,
1239 4855 1442 4909 deinde
1464 4855 1757 4927 epistolam
1784 4855 1856 4909 ad
1877 4855 1983 4909 He-

373 4941 1091 5010 brzeos,deindeIsaiam,et
1109 4949 1331 5015 partem
1351 4944 1805 5015 propheticorum
1820 4944 1979 4997 Jere-

374 5024 739 5096 mim,deinde
759 5032 967 5087 Lucam
988 5032 1630 5103 Evangelistamﬂeinde
1656 5030 1979 5088 Proverbia.

375 5121 526 5176 Eum
555 5124 743 5174 autem
761 5121 1146 5176 ambulantem
1159 5139 1271 5185 non
1285 5127 1610 5193 poteramus
1633 5120 1981 5193 consequi.Is

372 5213 668 5282 postremo
680 5215 939 5281 arreptus
964 5228 998 5265 a
1016 5210 1151 5265 mali
1173 5211 1444 5265 daemonis
1455 5210 1873 5282 operatione,ut
1887 5209 1982 5281 qui

371 5298 726 5370 agereturab
741 5298 870 5370 igne
889 5299 1467 5367 vehementissimo,in
1483 5318 1586 5354 sua
1603 5299 1830 5371 quidem
1846 5298 1986 5354 cella

367 5388 578 5444 sedere
605 5403 719 5442 non
749 5393 973 5459 poterat
1005 5407 1018 5442 :
1051 5388 1330 5460 profectus
1358 5396 1549 5444 autem
1564 5388 1981 5456 Alexandriam,

2070 4593 2127 4642 et
2156 4585 2511 4659 lacrymabile
2550 4584 2929 4656 spectaculum
2975 4584 3437 4640 Christianorum
3467 4584 3663 4652 oculis,

2067 4674 2371 4730 ludibrium
2412 4681 2602 4730 autem
2632 4674 2701 4728 iis
2731 4674 2826 4745 qui
2854 4672 3023 4728 vitam
3059 4678 3323 4729 nostram
3379 4674 3661 4732 nesciunt.

2067 4766 2197 4820 Haec
2217 4770 2403 4819 autem
2425 4761 3150 4818 calamitasimmedicabilis
3166 4763 3307 4818 mise
3318 4762 3663 4820 ruminvasit

2065 4853 2522 4916 Ptolemaeum,ex
2541 4852 2775 4907 rationis
2798 4856 3023 4922 experte
3042 4850 3286 4923 quadam
3303 4852 3659 4927 arrogantia,

2068 4943 2216 5015 quod
2244 4961 2279 4997 a
2307 4942 2600 4998 seductore
2637 4942 2890 4996 daemone
2936 4940 3155 5004 illusus,
3198 4939 3550 4996 existimaret
3598 4958 3662 4997 se

2066 5032 2300 5087 scientia
2327 5032 2537 5105 pollere
2571 5046 2742 5104 super
2780 5043 2973 5084 omnes
3009 5034 3234 5084 sanctos
3282 5028 3480 5087 Patres
3515 5050 3527 5085 :
3558 5047 3662 5104 per

2067 5140 2236 5194 quam
2265 5120 2514 5187 inﬂatus,
2541 5120 2629 5174 sui
2656 5117 2833 5190 ipsius
2878 5117 3077 5184 hostis,
3111 5135 3358 5191 praeceps
3385 5119 3552 5176 datus
3577 5129 3663 5176 est

2065 5211 2125 5266 in
2153 5209 2491 5283 profundum
2519 5209 2936 5271 interitus,cum
2957 5208 3173 5263 nullum
3187 5224 3441 5281 unquam
3463 5224 3663 5264 conve-

2068 5301 2244 5355 nisset
2271 5315 2339 5354 ex
2375 5298 2583 5352 sanctis
2607 5296 2870 5351 Patribus
2901 5296 2997 5367 qui
3022 5299 3308 5370 sapienter
3318 5298 3662 5370 gubernave-

2068 5394 2217 5447 rant.
2237 5405 2339 5443 nec
2366 5403 2560 5441 eorum
2589 5386 2762 5440 fuerit
2793 5385 3058 5442 fundatus
3088 5386 3328 5460 spiritali
3368 5385 3658 5451 doctrina;

366 5476 569 5532 divino
598 5474 843 5549 quodam
872 5476 1104 5533 consilio
1134 5479 1355 5533 clavum
1378 5479 1532 5535 clavo
1577 5478 1837 5533 extrusit.
1876 5476 1991 5532 Sua
2072 5478 2170 5532 sed
2226 5478 2485 5531 inventus
2541 5474 2755 5547 absque
2801 5472 3197 5546 gubernatore,
3228 5474 3289 5530 in
3347 5478 3665 5530 extremum

366 5569 583 5639 sponte
608 5566 762 5620 enim
778 5565 976 5621 incidit
1002 5565 1061 5621 in
1084 5567 1469 5639 promiscuum
1495 5573 1553 5623 et
1576 5567 1991 5622 indifferentem
2072 5564 2272 5620 mortis
2299 5562 2639 5636 profundum
2668 5564 2887 5633 cecidit,
2918 5569 2975 5620 et
3008 5565 3154 5621 sicut
3185 5564 3356 5619 arbor
3391 5560 3666 5619 viridibus

370 5668 581 5713 rerum
610 5671 796 5726 usum,
836 5656 1067 5713 inventa
1115 5661 1314 5729 postea
1358 5657 1546 5714 salute
1592 5655 1988 5713 involuntaria.
2072 5651 2219 5711 foliis
2247 5658 2486 5723 comata,
2518 5657 2577 5710 et
2600 5650 2873 5711 fructibus
2900 5658 3117 5723 ornata,
3148 5666 3274 5725 (μω
3297 5665 3414 5710 uno
3440 5657 3667 5734 tempe:
