4008 6210
380 411 546 474 :1135

1511 377 1608 434 DE
1627 370 1819 456 VITIS
1856 361 2154 426 PATRUM
2190 359 2406 456 LIBER
2439 355 2594 414 VIII.

3541 339 3683 403 H35

405 537 487 594 τίς
512 527 797 591 momento
825 515 1084 578 omnibus
1101 507 1270 568 simul
1297 508 1385 562 est
1409 501 1640 568 nudata,
1671 495 1891 554 reddita
1910 493 2000 546 est
2015 489 2064 549 A
2081 487 2166 542 fer
2192 485 2564 548 aﬁ'ectionem,
2594 482 2662 534 ut
2688 489 2884 532 earum
2902 489 3094 530 curam
3111 487 3310 545 geram
3333 476 3400 526 ut
3427 469 3684 544 postulat

1400 593 1409 594 ί
1749 591 1756 594 ‘
1866 581 1882 594 ‘
2082 593 2103 594 η
2147 575 2183 594 λ’
2204 593 2211 594 κ
2265 575 2397 594 nn“-
2425 571 2620 594 B__2__-L
2644 583 2772 594 -_,_,.
2795 579 3022 594 ..Ληνιηηη
3053 579 3180 594 “nm
3202 577 3431 594 anmnna
3452 575 3684 594 “nam

773 615 838 676 ut
855 607 1125 680 scriptum
1144 603 1230 657 est
1251 616 1264 651 :
1289 593 1502 662 Quibus
1537 605 1652 646 non
1681 591 1767 644 est
1787 581 1996 670 guberf

409 711 584 778 natio,
615 707 657 762 ii
683 703 892 761 cadunt
917 701 983 752 ut
1009 691 1142 749 folia
1174 683 1476 778 (Proelia).

943 780 1186 842 CAPUT
1205 773 1434 833 XXXIV
1447 815 1460 828 .

941 878 1016 932 De
1050 873 1269 939 virgine
1298 869 1472 934 lapsa.

478 977 626 1037 Novi
651 987 846 1032 rursus
867 963 1171 1040 quamdam
1193 954 1464 1027 virginem
1476 941 1854 1016 Jerosolymis,
1878 953 2001 1012 quae

410 1083 632 1128 saccum
676 1029 918 1136 gestavit
955 1049 1245 1114 sexennio,
1296 1046 1481 1110 I335
1525 1043 1584 1092 et
1618 1033 1725 1136 fuit
1755 1029 2000 1094 inclusa;

408 1122 736 1228 nec'aliqui’d
755 1145 970 1219 accepit
979 1159 1046 1198 ex
1064 1140 1133 1195 iis
1152 1153 1274 1210 quae
1293 1131 1534 1228 tendunt
1627 1122 1991 1228 voluptatem,

407 1249 508 1306 sed
529 1207 810 1302 summam
841 1207 1244 1292 continentiam
1275 1217 1524 1277 exercuit
1548 1215 1698 1270 inter
1740 1207 1994 1264 feminas.

405 1340 611 1394 Postea
644 1335 836 1388 autem
860 1341 896 1380 a
921 1321 1107 1378 divino
1135 1316 1359 1372 deserta
1387 1305 1591 1364 auxilio
1619 1315 1824 1375 proper
1849 1312 2002 1352 sum-

406 1443 560 1482 mam
587 1418 910 1494 superbiam
939 1427 1062 1484 quae
1091 1405 1369 1461 malorum
1395 1393 1648 1452 omnium
1676 1393 1763 1445 est
1788 1384 1996 1486 nutrix,

411 1473 572 1590 is};
589 1473 784 1577 esi—et
810 1473 1006 1577 aperta
1030 1499 1276 1590 fenestra
1299 1485 1528 1590 admisit
1551 1496 1681 1538 eum
1709 1477 1806 1590 qui
1815 1473 2004 1590 Jei

413 1565 711 1666 serviebat,
741 1601 800 1652 et
832 1565 958 1649 cum
989 1605 1055 1645 eo
1081 1583 1190 1641 fuit
1218 1576 1554 1640 commixta;
1603 1587 1669 1626 eo
1700 1565 1848 1640 quod
1891 1579 2006 1666 non

414 1693 602 1752 divino
630 1651 916 1764 proposito
942 1685 1002 1735 et
1025 1693 1092 1732 ex
1117 1669 1390 1728 charitate
1433 1680 1495 1720 se
1533 1659 1878 1721 exercuerat,
1909 1651 2008 1708 sed

412 1789 479 1840 ut
499 1749 761 1838 humanae
789 1786 968 1828 scenae
1015 1763 1270 1825 serviret,
1303 1755 1453 1829 quod
1483 1750 1713 1824 quidem
1741 1749 1828 1800 est
1850 1757 2010 1796 vanae

2077 575 2243 632 ratio.
2263 575 2407 631 Cum
2425 571 2624 628 fuisset
2641 583 2774 638 ergo
2795 579 3184 637 vespera,eum
3202 577 3433 617 somnus
3451 575 3687 632 oppres-

2079 665 2152 720 sit
2179 665 2238 720 in
2275 661 2596 719 solitudine.
2623 657 2926 713 Venientes
2955 659 3147 709 autem
3174 651 3244 706 ad
3273 667 3405 706 eum
3428 655 3548 705 tres
3577 665 3684 703 an-

2080 754 2210 826 geli,
2253 759 2320 808 ut
2360 753 2480 824 ipse
2509 746 2647 804 mihi
2675 745 2945 811 narravit,
2969 760 3099 798 eum
3143 741 3473 806 retinentes,
3503 738 3560 793 ei
3600 737 3686 792 di-

2082 847 2218 898 cunt
2247 863 2263 898 :
2295 843 2410 896 Cur
2431 837 2614 895 exiisti
2643 853 2710 892 ex
2746 832 3089 890 monasterio
3123 827 3510 886 feminarum?
3539 827 3687 882 Rem

2082 933 2274 1004 itaque
2304 931 2384 986 eis
2415 927 2684 992 narravit,
2711 924 2930 980 dicens:
2953 919 3141 978 Timui
3169 936 3242 975 ne
3269 924 3328 974 et
3354 917 3479 972 illas
3515 915 3687 971 laede-

2084 1038 2204 1077 rem
2231 1028 2289 1077 et
2311 1021 2610 1092 meipsum.
2636 1016 2845 1072 Dicunt
2862 1013 2914 1068 ei
2942 1011 3127 1082 angeli
3157 1027 3170 1063 :
3205 1008 3266 1065 Si
3294 1013 3350 1063 te
3373 1023 3508 1078 ergo
3538 1005 3685 1061 Iibe-

2085 1111 2396 1167 raverimus
2419 1108 2490 1164 ab
2517 1107 2623 1162 hac
2667 1102 2977 1170 affectione,
3010 1097 3239 1163 redibis,
3268 1102 3328 1152 et
3353 1112 3558 1152 earum
3590 1111 3686 1149 cu-

2079 1190 2200 1256 ram
2220 1217 2383 1272 geres
2397 1198 2426 1252 ‘I
2452 1197 2554 1252 His
2574 1211 2834 1251 assensus
2856 1195 2962 1248 est.
2983 1189 3070 1245 Ab
3086 1205 3152 1244 eo
3171 1191 3362 1243 autem
3381 1186 3684 1257 jusjuran-

2081 1291 2215 1345 dum
2247 1289 2478 1359 exigunt
2515 1299 2528 1336 :
2567 1283 2837 1341 narrabat
2863 1286 3054 1336 autem
3079 1275 3504 1350 jusjurandum.
3541 1275 3683 1329 Iura

2082 1377 2244 1435 nobis
2263 1377 2377 1432 tale
2401 1373 2800 1448 jusjurandum
2826 1388 2839 1426 :
2866 1371 2976 1426 Per
2988 1385 3124 1424 eum
3135 1365 3231 1438 qui
3253 1364 3364 1420 mei
3377 1381 3575 1418 curam
3586 1380 3686 1434 ge-

2085 1469 2178 1534 rit,
2193 1483 2389 1523 earum
2415 1481 2608 1521 curam
2636 1478 2853 1535 geram.
2885 1459 3003 1514 Hoc
3029 1457 3111 1512 eis
3142 1454 3372 1526 juravit.
3395 1454 3556 1509 Tunc
3575 1469 3681 1506 an-

2087 1559 2200 1632 geli
2229 1574 2360 1613 eum
2385 1558 2692 1612 tenuerunt
2729 1571 2740 1606 :
2791 1567 2939 1607 unus
2967 1563 3190 1612 manus,
3221 1551 3280 1602 et
3315 1544 3464 1600 alter
3493 1542 3684 1616 pedes,

2090 1647 2292 1704 tertius
2320 1651 2510 1702 autem
2529 1648 2759 1716 accepta
2785 1639 3056 1696 novacula
3083 1635 3288 1692 excidit
3309 1634 3435 1706 ejus
3463 1632 3690 1688 testicu-

2090 1739 2175 1794 los
2186 1742 2456 1809 tanquam
2466 1734 2526 1789 in
2538 1731 2761 1798 exstasi,
2786 1746 2900 1785 non
2913 1745 3060 1796 vere,
3073 1726 3172 1782 sed
3188 1724 3435 1797 quadam
3453 1721 3688 1776 visione.

415 1811 479 1840 ιιι
501 1811 761 1838 Humana;
789 1811 968 1828 σννιιυυ
1015 1811 1096 1821 υν-
1121 1811 1180 1816 ---
1199 1811 1270 1825 ν-.
1319 1811 1340 1829 ι
1499 1811 1518 1824 ,

411 1872 605 1947 gloriae
625 1873 680 1925 et
701 1863 862 1940 parvi
890 1853 1154 1916 instituti.
1181 1853 1326 1907 Nam
1350 1861 1476 1901 cum
1508 1842 1631 1913 ejus
1664 1836 1770 1909 piae
1791 1831 2004 1904 cogita-
2026 1815 2068 1878 Β
2089 1828 2258 1882 Visus
2288 1830 2376 1881 est
2409 1840 2542 1895 ergo
2565 1823 2623 1877 in
2656 1821 2758 1875 illa
2781 1817 2988 1875 exstasi
3007 1814 3176 1872 veluti
3200 1812 3416 1868 excisus
3440 1811 3616 1867 fuisse
3635 1814 3694 1864 et

1151 1941 1163 1947 -
1251 1939 1268 1947 -
1500 1931 1537 1947 ιο
1635 1925 1754 1947 _|::.-
1807 1921 1976 1947 :..-:L..
2093 1920 2320 1947 num-.4.“-
2374 1915 2506 1947 Dncf
2548 1911 2654 1947 Enn
2681 1905 3236 1947 inforrnaanf.ingl1m
3265 1901 3473 1947 angeli
3498 1900 3694 1947 dicen-

412 1921 598 2020 :iones
623 1921 905 2028 ocdupataa
936 1949 1124 2003 essent
1150 1941 1208 1996 in
1237 1931 1573 1994 damnandis
1629 1925 1776 1991 aliis,
1807 1921 2012 2028 incita-

396 2028 576 2108 ’retur
605 2009 798 2104 autem
815 2042 1005 2097 furore
1032 2051 1068 2090 a
1092 2033 1344 2088 daemone
1373 2017 1668 2094 superbiae,
1690 2027 1868 2085 eoque
1892 2009 2012 2064 val-

417 2143 489 2198 de
513 2137 906 2198 delectaretur,
935 2126 1005 2184 ab
1034 2141 1103 2180 ea
1125 2115 1360 2176 recessit
1380 2116 1605 2169 sanctus
1633 2103 1867 2176 angelus
1915 2114 2015 2154 cu-

415 2237 534 2289 stos
544 2219 950 2299 temperantiae.

489 2317 622 2375 Ideo
647 2281 838 2370 autem
869 2303 1218 2378 scripsimus,
1249 2312 1282 2352 ο
1299 2293 1550 2348 virorum
1577 2282 1920 2346 ﬁdelissime,
1957 2281 2016 2332 et

418 2410 594 2465 vitam
621 2418 818 2462 eorum
847 2397 945 2471 qui
965 2371 1024 2452 s-e
1048 2395 1202 2447 recte
1223 2389 1282 2441 et
1303 2400 1370 2439 ex
1394 2381 1602 2436 virtute
1621 2372 1936 2447 gesserunt,
1957 2371 2016 2422 et

422 2513 620 2554 eorum
648 2493 746 2566 qui
775 2465 905 2564 post
929 2483 1138 2540 multos
1165 2476 1384 2532 labores
1404 2485 1506 2544 per
1531 2465 1709 2522 otium
1740 2465 1799 2516 et
1824 2473 2014 2566 socqr-

365 2641 378 2647 -
422 2587 575 2643 diam
605 2601 642 2639 a
653 2545 886 2638 1surrimo
902 2579 960 2630 et
969 2564 1374 2646 perfectissimo
1385 2559 1508 2614 vitae
1530 2553 1790 2610 instituto
1805 2545 2018 2604 excide.

424 2641 576 2741 nunt,
609 2669 759 2744 capti
791 2684 828 2722 a
853 2641 1074 2720 diabolo
1103 2669 1270 2712 omne
1299 2665 1478 2722 genus
1505 2641 1742 2714 laqueis,
1771 2643 2022 2744 utunus-

424 2727 665 2837 quisque
677 2727 751 2814 ex
768 2771 883 2811 suae
905 2751 1031 2806 vita:
1057 2744 1318 2802 instituto
1346 2735 1665 2805 intelligens
1695 2727 1912 2837 oc‘culta
1936 2740 2021 2824 re-

421 2812 1028 2910 gia-bbstisﬁbanorum,
1067 2833 1250 2906 fugiat
1297 2828 1420 2900 ejus
1449 2825 1698 2895 laqueos.
1909 2812 2022 2910 sint

425 2957 560 3014 ergo
590 2933 932 3005 multi,iique
952 2924 1144 2997 magni
1169 2919 1274 2976 viri
1294 2923 1352 2974 et
1365 2907 1754 2980 mulieres,qui
1773 2905 1842 2962 ab
1858 2901 2018 3003 initio

419 2991 665 3088 secrecte
691 2991 989 3098 gesserunt
1025 2991 1086 3070 in
1112 3012 1350 3067 honesto
1377 3002 1636 3059 instituto
1665 2991 2019 3098 exercitatio-

420 3120 534 3186 nis,
565 3082 794 3173 tandTem
816 3114 1008 3166 autem
1035 3103 1267 3158 fuerunt
1287 3093 1466 3150 eversi
1503 3085 1773 3144 radicitus
1797 3082 1870 3138 ab
1896 3098 2018 3136 om-

423 3170 588 3265 nium
602 3203 896 3261 hominum
910 3189 1250 3256 adversario;
1270 3202 1337 3242 ex
1361 3179 1556 3238 multis
1575 3177 1725 3232 facta
1734 3170 2020 3228 mentione

425 3263 757 3370 paucorum,
780 3287 1054 3363 plurimos
1069 3275 1364 3354 praeteribo
1387 3267 1631 3370 silentio,
1643 3269 1710 3366 ut
1723 3263 1818 3364 quoi
1837 3274 2021 3370 neqqe

423 3348 578 3460 ipsos
592 3383 826 3454 erigam,
859 3389 1043 3448 neque
1073 3367 1213 3426 mihi
1241 3361 1476 3438 prosim,
1501 3358 1638 3460 dum
1667 3354 1726 3408 in
1768 3351 1838 3406 iis
1871 3348 2022 3460 mul-

426 3437 865 3536 tumVir-nmoror,
889 3437 971 3520 et-
988 3458 1220 3518 eximios
1245 3437 1454 3510 Christi
1492 3445 1736 3502 athletas
1751 3437 2018 3536 neglige,

425 3581 543 3623 non
563 3577 801 3620 narrans
831 3555 1070 3611 virtutes
1098 3545 1296 3603 divinae
1342 3553 1539 3596 eorum
1587 3526 2021 3590 exercitationis.

985 3635 1219 3698 CAPUT
1247 3629 1467 3690 XXXV.

968 3733 1086 3786 Vita
1120 3725 1332 3781 abbatis
1358 3720 1511 3774 Ειωτ.

503 3835 654 3893 Elias
682 3826 910 3902 quidam
936 3819 1182 3893 optimus
1223 3807 1574 3869 exercitator,
1604 3799 1720 3902 fuit.
1745 3796 2028 3902 virginum

432 3885 1072 3982 amantissimus,curam
1085 3917 1288 3976 gerens
1296 3895 1472 3970 partis
1483 3889 1682 3948 imbeci
1689 3885 2033 3942 llioris.Sunt

435 4013 586 4070 enim
614 4009 757 4065 tales
784 4001 1011 4061 animai,
1050 3973 1254 4067 quibus
1295 3989 1405 4042 fert
1451 3981 1581 4038 ﬁnis
1619 3973 2027 4036 testimonium,

435 4101 586 4176 quod
611 4097 672 4154 id
699 4093 910 4150 faciant
933 4103 999 4144 ex
1022 4066 1319 4139 virtute.ls
1332 4091 1461 4131 cum
1481 4070 1745 4176 misertus
1773 4066 1920 4120 esset
1947 4076 2033 4176 qr-

437 4150 584 4248 dinis
612 4185 946 4244 feminarum
962 4190 1085 4249 quae
1104 4188 1166 4226 se
1193 4168 1472 4229 exercent,
1486 4159 1720 4216 haberet
1747 4159 1936 4210 autem
1955 4150 2035 4205 fas

2093 1920 2341 1972 curatus.
2374 1915 2508 1968 Post
2548 1911 2656 1966 hoc
2681 1909 3036 1979 interrogant
3054 1905 3240 1976 ipsum
3265 1901 3476 1974 angeli,
3498 1900 3694 1954 dicen-

2093 2009 2180 2060 tes
2213 2022 2224 2058 :
2259 2001 2496 2058 Sensisti
2543 1999 2848 2054 utilitatem
2899 1993 3186 2066 aliquam?
3235 1990 3330 2046 Eis
3375 1988 3513 2044 dicit
3537 1987 3638 2042 ille
3679 2005 3696 2042 :

2094 2092 2273 2148 Valde
2297 2105 2562 2162 magnam
2589 2085 2777 2159 accepi
2816 2083 3119 2140 utilitatem
3143 2101 3156 2150 ;
3181 2079 3346 2134 valde
3371 2078 3527 2134 enim
3553 2077 3701 2132 leva-

2094 2188 2188 2238 tus
2211 2197 2356 2248 sum,
2381 2185 2439 2234 et
2464 2192 2796 2250 persuasum
2843 2171 3024 2228 habeo
3055 2187 3146 2226 me
3183 2185 3304 2224 esse
3337 2166 3644 2222 liberatum
3663 2181 3702 2219 a

2094 2271 2284 2327 labore
2311 2275 2369 2325 et
2395 2267 2713 2324 aﬁ‘ectione.
2731 2265 2888 2320 Tunc
2904 2260 3090 2334 angeli
3105 2259 3156 2314 ei
3180 2258 3408 2313 dicunt:
3430 2254 3539 2310 Abi
3563 2270 3698 2325 ergo

2095 2362 2167 2418 ad
2210 2367 2372 2416 tuum
2415 2354 2840 2413 monasterium.
2879 2353 3156 2408 Reversus
3207 2351 3294 2403 est
3330 2351 3521 2401 autem
3571 2349 3700 2415 post

2098 2450 2344 2522 quinque
2367 2447 2506 2512 dies,
2521 2462 2652 2502 eum
2670 2445 2898 2514 lugente
2918 2444 3038 2496 toto
3075 2436 3438 2500 monasterio,
3463 2438 3522 2488 et
3543 2433 3700 2488 intus

2099 2521 2383 2610 ingressus
2403 2542 2524 2605 est;
2557 2541 2727 2606 atque
2751 2549 2817 2588 ex
2838 2547 2903 2586 eo
2921 2535 3178 2601 tempore
3208 2524 3418 2581 mansit
3459 2523 3522 2578 in
3555 2521 3702 2577 cella

2100 2629 2172 2684 ad
2193 2629 2372 2684 lactus
2403 2627 2512 2696 (sic)
2531 2615 3342 2692 monasterii,quandoquidem
3377 2629 3510 2668 cum
3546 2615 3698 2666 esset

2101 2734 2294 2791 prope,
2318 2733 2414 2772 eas
2431 2711 2748 2784 corrigebat
2774 2709 3023 2775 assidue,
3039 2710 3315 2779 quantum
3334 2702 3394 2758 in
3423 2702 3524 2756 illo
3553 2704 3698 2756 erat.

2103 2809 2246 2862 Cum
2271 2811 2461 2861 autem
2487 2807 2684 2875 postea
2697 2799 2929 2855 vixisset
2944 2797 3086 2852 alios
3102 2791 3479 2867 quadraginta
3496 2806 3696 2855 annos,

2102 2894 2424 2952 afﬁrmabat
2441 2888 2880 2962 Patribus,quod
2908 2885 2980 2941 ab
3005 2903 3070 2940 eo
3091 2889 3346 2955 tempore
3369 2897 3485 2936 non
3504 2895 3702 2934 ascen-

2103 2987 2266 3042 derat
2291 2984 2350 3039 in
2379 2999 2476 3038 cor
2503 2982 2626 3052 ejus
2668 2976 2888 3034 attestio
2919 2972 3245 3046 cupiditatis
3274 2969 3540 3026 feminiaz.
3574 2968 3706 3023 Haec

2103 3080 2190 3130 est
2203 3072 2387 3146 gratia
2402 3069 2582 3127 sancti
2603 3068 2706 3123 viri
2721 3064 3062 3132 Elite,ethzec
3080 3058 3489 3124 exercitatio,et
3506 3073 3701 3130 quem-

2042 3141 2087 3202 C
2104 3162 2409 3219 admodum
2433 3175 2628 3216 curam
2646 3155 2822 3228 gessit
2843 3150 3173 3209 monasterii
3199 3149 3504 3221 virginum.

2640 3244 2876 3302 CAPUT
2901 3240 3150 3298 XXXVI.

2577 3339 2695 3393 Vita
2722 3335 2935 3390 abbatis
2963 3329 3240 3386 Dorothcz'.

2175 3430 2280 3486 Cui
2303 3426 2570 3486 successit
2589 3423 2908 3481 Dorotheus
2932 3419 3019 3474 vir
3043 3414 3499 3490 probatissimus,
3519 3411 3621 3485 qui
3647 3408 3703 3466 in

2102 3519 2253 3576 bona
2277 3519 2476 3585 vita,et
2500 3532 2624 3588 quae
2643 3513 2704 3568 in
2725 3509 2942 3584 agendo
2969 3506 3246 3572 versatur,
3263 3502 3580 3560 consenuit.
3598 3500 3706 3566 Qui

2106 3626 2233 3665 cum
2261 3625 2374 3664 non
2387 3610 2574 3680 posset
2587 3602 2813 3676 quidem
2837 3599 2918 3655 sic
2943 3613 3137 3654 curam
3157 3611 3355 3668 gerere
3374 3589 3706 3647 monasterii

2107 3704 2175 3754 ut
2195 3697 2290 3753 hic
2316 3679 2725 3764 beatus,neque
2764 3687 3063 3745 mansisset
3081 3685 3142 3741 in
3168 3683 3268 3738 illa
3293 3681 3454 3746 cella,
3487 3680 3547 3735 in
3577 3679 3699 3750 ipso

2110 3785 2452 3842 monasterio
2480 3783 2538 3838 in
2568 3778 2843 3854 superiori
2862 3775 3148 3832 cwnaculo
3177 3771 3430 3845 seipsum
3453 3767 3701 3832 inclusit,

2113 3883 2170 3932 et
2195 3875 2327 3930 fecit
2353 3875 2656 3930 fenestram
2689 3885 2811 3941 qua:
2849 3863 3140 3938 spectabat
3181 3861 3252 3917 ad
3299 3857 3707 3916 monasterium

2112 3965 2469 4028 feminarum,
2495 3977 2666 4033 quam
2693 3955 2990 4013 claudebat
3010 3958 3068 4008 et
3089 3949 3396 4025 aperiebat.
3429 3949 3710 4019 Perpetuo

2114 4072 2247 4128 ergo
2271 4051 2556 4110 assidebat
2579 4049 2856 4112 fenestrae,
2883 4057 3190 4117 procurans
3215 4044 3284 4095 ut
3309 4037 3458 4094 inter
3485 4053 3584 4092 eas
3615 4051 3713 4108 pu-

2111 4162 2236 4217 gna:
2255 4145 2561 4199 cessarent.
2595 4137 2796 4208 Sicque
2815 4133 2874 4189 in
2893 4129 3170 4205 superiori
3197 4125 3483 4184 caenaculo
3514 4139 3711 4180 conse-

497 4213 532 4246 11
557 4213 584 4245 8
612 4213 842 4244 [611"qu
855 4213 946 4236 uul
1001 4213 1085 4230 uw
1104 4213 1166 4226 υν
1194 4213 1313 4225 νην-
1327 4213 1472 4229 ---ηπ
1490 4213 1558 4216 --,-
1579 4213 1587 4215 ,
1610 4213 1621 4214 ,
2116 4213 2144 4217 _

435 4213 674 4338 iliades
702 4275 760 4330 in
782 4213 1017 4328 Athribb
1044 4265 1178 4336 [Αι.,
1200 4251 1466 4326 Athlebe]
1480 4239 2036 4311 civitate,aadiﬁcavit
2114 4234 2258 4301 nuit,
2299 4249 2427 4288 cum
2449 4246 2552 4285 nec
2590 4227 2742 4283 ullus
2788 4237 3043 4280 seorsum
3063 4217 3384 4282 ascendere,
3408 4230 3594 4286 neque
3621 4213 3714 4268 ille

1764 4333 1775 4338 ⁸
2283 4327 2294 4338 ‘
2346 4321 2359 4338 '
2440 4337 2450 4338 ί
2541 4317 2662 4338 ³----
2711 4331 2744 4338 -
2767 4329 2820 4338 ι-
2851 4311 3001 4338 -..εκ
3030 4307 3254 4338 sint.-.“
3277 4305 3439 4338 Μαι...
3477 4303 3608 4338 um,
3629 4305 3711 4338 ﬂ,

403 4425 406 4428 .
436 4381 706 4440 magnum
735 4333 1162 4418 monasterium,
1193 4351 1251 4402 et
1295 4344 1409 4400 illic
1449 4333 1808 4410 congregavit
1837 4345 2034 4432 omnes

441 4871 830 4959 diversis-vita;
855 4886 1132 4950 institutis
1151 4888 1210 4940 et
1231 4880 1452 4954 privata
1473 4873 1724 4930 deductae
1743 4871 2037 4923 consuetu-

443 4991 592 5059 dine,
618 4990 769 5044 inter
788 5002 849 5041 se
867 4974 1272 5054 depugnabant
1295 4965 1536 5024 assidue.
1552 4963 1695 5059 Cum
1719 4973 1853 5028 ergo
1877 4969 2038 5026 opor-

443 5049 592 5136 teret
615 5078 766 5132 hunc
786 5049 1045 5128 sanctum
1064 5071 1122 5121 et
1147 5079 1242 5118 eas
1270 5056 1486 5120 audire,
1512 5057 1570 5107 et
1597 5049 1816 5105 efﬁcere
1841 5049 1908 5101 ut
1936 5059 2036 5115 pa-

444 5185 566 5226 cem
595 5166 745 5222 inter
759 5179 820 5218 se
831 5148 1454 5220 servarent,collegerat
1471 5141 1622 5198 enim
1642 5137 1713 5193 ad
1734 5139 2032 5198 trecentas,

443 5264 504 5316 et
528 5268 754 5314 necesse
782 5250 835 5305 ei
860 5249 1046 5304 fuerat
1063 5258 1186 5298 esse
1208 5251 1405 5296 earum
1433 5233 1767 5287 intercessor
1789 5221 2036 5286 biennio,

610 5344 777 5400 aetate
817 5333 1045 5409 juveni:
1075 5333 1200 5386 erat
1246 5325 1397 5382 enim
1427 5319 1650 5409 circiter
1678 5312 1913 5409 triginta
1939 5313 2040 5364 aut

441 5401 1015 5512 quadraginta'annos
1031 5416 1273 5484 natus,is
1291 5416 1542 5470 tentatus
1561 5404 1669 5462 fuit
1687 5401 2034 5512 avolpptate.

443 5489 862 5586 meonasterio
898 5515 1090 5569 autem
1115 5504 1384 5562 recedens
1409 5499 1659 5572 jejunus,
1675 5489 1917 5586 errabat
1937 5503 2038 5586 per

445 5578 808 5674 solitudinem
849 5604 992 5660 duos
1015 5597 1156 5664 dies,
1188 5595 1294 5649 hoc
1320 5604 1544 5662 rogans,
1577 5590 1636 5640 et
1658 5581 1850 5639 dicens
1879 5597 1891 5632 :
1927 5578 2040 5634 Aut

446 5703 635 5765 Occide
659 5716 772 5768 me,
785 5713 858 5755 ne
872 5707 1025 5769 ipsas
1043 5685 1264 5746 videam
1293 5678 1538 5736 afﬂictus
1561 5693 1575 5745 ;
1597 5675 1698 5729 aut
1724 5684 1910 5727 meam
1939 5680 2038 5723 au-

2114 4327 2304 4396 posset
2328 4317 2686 4382 descendere,
2711 4329 2826 4370 non
2849 4311 3001 4368 enim
3030 4307 3257 4364 stabant
3277 4305 3456 4361 scalae.
3475 4303 3609 4358 Haec
3629 4305 3714 4357 est

1489 4391 1812 4485 earum
1833 4420 1893 4475 in
1919 4433 2036 4473 om-
2115 4391 2264 4468 beati
2309 4405 2577 4467 Dorotbei
2621 4403 2886 4476 religiosa
2925 4405 2984 4456 et
3008 4395 3311 4454 virtutibus
3343 4398 3549 4450 ornata
3575 4391 3710 4446 vita.

1276 4492 1464 4578 ditans
1493 4517 1574 4573 eis
1601 4513 1791 4570 omnia
1817 4525 1939 4582 quae
1964 4505 2036 4562 ad
2055 4497 2223 4558 DHic
2250 4499 2502 4572 ejusdem
2529 4495 2656 4551 vita:
2683 4492 2834 4549 ﬁnis.
2861 4508 2868 4514 ‘

2646 4580 2880 4639 CAPUT
2909 4576 3187 4635 XXXVII.

2613 4674 2686 4729 De
2714 4672 2916 4728 Amma
2942 4669 3208 4724 Piamun.

2194 4771 2383 4836 130
2407 4765 2538 4822 Fuit
2553 4759 2808 4834 quaedam
2820 4757 2975 4829 virgo
2987 4755 3225 4811 Piamun
3234 4767 3380 4824 ,quae
3399 4766 3579 4806 annos
3592 4747 3712 4805 vitae

2117 4877 2232 4916 suae
2250 4857 2387 4912 vixit
2404 4870 2530 4910 cum
2553 4855 2735 4907 matre
2761 4844 3007 4920 propria,
3037 4844 3158 4900 sola
3184 4858 3314 4898 cum
3342 4840 3464 4896 sola
3492 4855 3716 4912 vespere

2117 4947 2431 5009 comedens,
2453 4947 2512 4999 et
2520 4941 2700 4996 linum
2710 4954 2870 4994 nens.
2886 4933 3258 5005 Haecdignata
3268 4927 3556 5002 estgratia
3575 4944 3718 5000 prae-

2119 5035 2376 5093 dictionis
2389 5034 2709 5088 futurorum
2729 5027 2878 5082 inter
2903 5019 3404 5079 hominesAocidit
3413 5016 3716 5090 aliquando

2119 5127 2181 5182 in
2195 5125 2455 5198 Egypto,
2473 5137 2599 5176 cum
2623 5117 2784 5175 Nilus
2793 5113 3140 5178 ascenderet,
3162 5114 3228 5165 ut
3255 5108 3408 5163 vicus
3426 5106 3615 5162 vicum
3631 5105 3717 5160 in-

2119 5193 2378 5281 vaderet;
2409 5212 2664 5284 pugnant
2683 5205 2834 5262 enim
2863 5219 2966 5274 pro
2987 5215 3264 5279 aquarum
3276 5193 3716 5262 divisione,adeo

2118 5309 2185 5359 ut
2211 5283 2522 5374 sequantur
2541 5295 2718 5352 caedes
2760 5297 2820 5348 et
2837 5288 3233 5346 sauciationes.
3263 5283 3563 5341 Potentior
3590 5297 3719 5354 ergo

2119 5393 2272 5448 vicus
2289 5371 2413 5462 ejus
2433 5388 2616 5444 vicum
2639 5381 2934 5448 invasit,-et
2959 5377 3112 5434 venit
3135 5375 3386 5430 virorum
3416 5371 3717 5428 multitudo

2118 5499 2246 5538 cum
2271 5459 2480 5536 lanceis
2528 5481 2586 5532 et
2635 5471 2826 5538 clavis,
2851 5475 2918 5526 ut
2944 5469 3070 5540 ejus
3111 5465 3299 5521 vicum
3346 5459 3712 5518 exscinderet.

2119 5569 2314 5627 Astitit
2330 5572 2522 5624 autem
2536 5563 2668 5620 huic
2688 5561 2868 5618 beata:
2885 5556 3120 5629 angelus
3141 5553 3396 5609 revelans
3419 5565 3620 5606 eorum
3637 5549 3717 5604 iu-

2118 5659 2438 5726 vasionem;
2467 5661 2524 5712 et
2567 5649 2851 5710 accersitis
2877 5647 2982 5704 vici
3019 5641 3382 5719 presbyteris,
3412 5639 3494 5699 eis
3524 5637 3658 5696 dicit
3698 5656 3710 5693 :
