4008 6210
374 365 504 426 1137

1624 370 1970 433 HISTORIA
2003 368 2379 427 LAUSIACA.

3500 358 3636 423 1138

364 492 549 560 Exite,
573 498 631 550 et
651 511 716 550 ex
741 495 848 552 hoc
876 496 991 553 vico
1013 498 1287 553 occurrite
1303 497 1385 554 eis
1400 499 1497 571 qui
1518 500 1749 557 veniunt
1765 504 1956 556 contra
1970 496 2025 558 Δ
2041 498 2175 550 tuor
2195 493 2420 550 ordines
2436 492 2696 561 fratrum,
2713 509 2779 549 ex
2800 508 3037 550 numero
3056 493 3254 565 viginti
3274 497 3519 565 quatuor
3539 491 3637 547 lit-

363 597 481 650 vos,
510 598 583 637 ne
610 600 707 639 vos
733 601 956 658 quoque
978 603 1094 642 una
1118 602 1248 642 cum
1268 587 1388 642 vico
1405 590 1671 660 pereatis,
1693 596 1749 646 et
1768 595 1962 661 rogate

366 686 462 725 eos
477 678 543 727 ut
564 672 840 729 desistant
855 674 927 730 ab
942 675 1162 731 insidiis
1185 676 1454 732 adversus
1475 695 1569 734 vos
1585 680 1816 751 paratis.
1830 681 1964 734 Ter-

358 759 461 815 riti
484 767 675 818 autem
699 763 892 836 presb)
904 765 1013 820 teri
1042 765 1093 820 ei
1122 766 1194 820 ad
1220 766 1391 838 pedes
1420 767 1813 839 procumbunt,
1834 785 1960 823 eam

362 856 628 921 rogantes
655 857 712 907 et
740 852 1025 909 dicentes:
1052 854 1168 909 Nos
1188 871 1301 910 non
1329 856 1600 912 audemus
1638 858 1719 912 eis
1746 858 1828 912 ire
1859 857 1959 912 ob-

362 938 541 1009 viam;
570 940 778 997 scimus
807 942 959 997 enim
979 959 1175 998 eorum
1202 944 1593 1001 temulentiam
1625 951 1682 1001 et
1707 946 1961 1019 petulan-

361 1028 535 1098 tiam;
554 1031 653 1085 sed
675 1031 724 1085 si
759 1031 897 1087 facis
916 1032 1361 1089 misericordiam
1388 1034 1449 1089 in
1471 1052 1572 1090 nos
1610 1041 1667 1091 et
1689 1036 1748 1090 in
1778 1041 1959 1091 totum

361 1118 567 1187 vicum,
583 1124 641 1174 et
661 1120 721 1175 in
742 1120 974 1176 domum
989 1128 1166 1190 tuam,
1184 1123 1306 1195 ipsa
1325 1123 1406 1178 eis
1428 1125 1695 1195 egredere
1715 1124 1954 1192 obviam,

360 1207 598 1280 illosque
623 1216 851 1280 pacatos
870 1218 1077 1267 averte.
1107 1212 1210 1267 Illa
1235 1217 1426 1267 autem
1445 1230 1573 1268 cum
1596 1230 1708 1269 non
1728 1231 1959 1269 assensa

362 1302 530 1363 esset,
553 1297 780 1354 veniens
806 1300 867 1355 in
895 1316 1059 1356 suam
1087 1302 1504 1369 domunculam,
1528 1303 1687 1358 stetit
1714 1309 1832 1358 tota
1852 1321 1954 1358 no-

360 1390 450 1440 cte
473 1402 642 1442 orans
679 1392 737 1442 et
759 1405 911 1459 genu
946 1388 1180 1444 minime
1209 1390 1454 1457 ﬂectens,
1489 1391 1588 1446 sed
1619 1408 1841 1463 rogans,
1878 1392 1959 1448 di-

360 1474 538 1530 cendo
564 1494 576 1529 :
611 1477 849 1532 Domine
871 1477 966 1549 qui
990 1478 1211 1549 judicas
1229 1484 1461 1548 terram,
1486 1481 1576 1535 cui
1606 1481 1747 1535 nihil
1776 1481 1959 1553 placet

358 1562 510 1634 quod
530 1569 616 1618 est
640 1564 936 1635 injustum,
951 1583 1077 1621 cum
1099 1567 1216 1622 haec
1235 1568 1305 1623 ad
1324 1573 1381 1622 te
1395 1569 1610 1624 venerit
1628 1570 1828 1637 oratio,
1844 1571 1958 1625 vir-

353 1658 448 1706 tus
475 1658 577 1707 tua
618 1669 713 1708 eos
745 1654 910 1709 sistat
943 1655 1262 1711 immobiles
1300 1661 1570 1729 tanquam
1612 1659 1954 1726 columnam,

354 1737 676 1814 ubicunque
697 1759 792 1797 eos
822 1744 1272 1816 deprehenderit.
1291 1746 1433 1801 Cum
1456 1747 1573 1802 haec
1588 1754 1783 1802 sancta
1800 1749 1956 1820 virgo

2042 589 2314 652 terarum;
2332 583 2707 656 pracepitque
2716 583 3018 656 unicuique
3033 582 3218 638 ordini
3231 583 3524 654 imponere
3536 597 3641 637 no-

2043 691 2173 729 men
2201 674 2543 728 elementum
2573 673 2847 739 Grzecum,
2878 672 2949 727 ab
2978 693 3027 738 α,
3061 674 3108 743 β,
3141 677 3200 727 et
3225 689 3348 744 quae
3374 672 3637 743 deinceps

2042 768 2375 835 sequuntur,
2395 778 2575 834 usque
2594 762 2667 817 ad
2686 784 2748 827 ω,
2765 768 2832 817 ut
2845 762 2979 817 dum
2998 762 3312 833 interrogat
3325 760 3637 816 archiman-

2042 852 2189 907 drita
2209 853 2279 907 de
2301 852 2491 923 aliquo
2518 851 2578 905 in
2604 855 2766 905 tanta
2783 849 3485 917 multitudine,sciscitetur
3507 865 3639 905 eum

2042 942 2138 1013 qui
2176 946 2263 997 est
2297 940 2366 995 ab
2395 957 2461 995 eo
2498 941 2795 1008 secundus,
2827 941 3105 1011 quomodo
3134 957 3195 995 se
3218 939 3389 995 habet
3413 938 3550 994 ordo
3580 958 3632 1003 α,

2042 1036 2143 1085 aut
2169 1031 2448 1102 quomodo
2476 1047 2536 1085 se
2562 1029 2735 1085 habet
2760 1030 2897 1085 ordo
2929 1032 2976 1101 β.
3010 1031 3225 1086 Rursus
3253 1029 3437 1084 saluta
3466 1049 3514 1100 ρ,
3543 1044 3636 1082 se-

2042 1120 2264 1190 quendo
2291 1120 2570 1191 quoddam
2600 1119 2894 1191 proprium
2930 1135 3137 1173 nomen
3181 1119 3502 1174 litterarum
3529 1134 3543 1170 :
3576 1119 3637 1171 et

2041 1208 2476 1280 simplicioribus
2502 1209 2731 1281 quidem
2755 1213 2812 1263 et
2831 1207 3226 1263 sincerioribus
3254 1207 3509 1278 impones
3536 1220 3637 1260 no-

2040 1313 2171 1351 men
2192 1314 2225 1361 ι;
2249 1297 2653 1352 difficilioribus
2672 1304 2864 1353 autem
2886 1297 2909 1360 ξ
2932 1315 2943 1350 :
2968 1303 3027 1352 et
3045 1297 3124 1351 sic
3141 1296 3534 1351 convenienter
3552 1293 3638 1348 in-

2040 1385 2253 1440 stitutis
2277 1403 2471 1441 eorum
2500 1393 2558 1441 et
2582 1387 2709 1440 vitae
2737 1391 2795 1440 et
2822 1386 3090 1452 moribus,
3130 1384 3422 1455 unicuiqui
3449 1381 3633 1437 ordini

2041 1475 2381 1530 elementum
2415 1476 2614 1531 littera:
2655 1474 3074 1542 accomodabis;
3107 1474 3242 1529 solis
3287 1471 3634 1545 spiritalibus

2036 1563 2483 1635 iritelligentibus
2497 1582 2565 1619 ea
2583 1581 2705 1635 quae
2728 1561 3422 1634 significanturScriptum
3440 1565 3643 1624 autem

2039 1656 2163 1705 erat
2188 1651 2247 1705 in
2273 1651 2468 1706 tabula
2495 1671 2507 1706 :
2542 1652 2601 1707 Si
2623 1652 2841 1706 venerit
2865 1652 3069 1723 hospes
3093 1649 3325 1705 alterius
3354 1653 3636 1704 monaste—

2036 1739 2126 1807 rii,
2156 1740 2306 1811 quod
2334 1740 2506 1795 habet
2531 1741 2701 1795 aliam
2727 1742 3118 1803 tormam,cum
3135 1740 3215 1794 eis
3240 1755 3343 1793 nec
3375 1737 3634 1793 comedat

352 1830 434 1885 sic
464 1837 697 1900 orasset,
726 1832 851 1887 ‘tale
897 1833 1029 1904 quid
1083 1834 1302 1889 accidit.
1354 1836 1557 1891 Hostes
1583 1837 1732 1891 circa
1756 1819 2139 1908 horamBnéc
2164 1828 2338 1897 bibat,
2371 1836 2428 1885 et
2458 1847 2559 1885 n00
2599 1830 2950 1902 ingrediatur
2977 1830 3037 1884 ίη
3066 1827 3490 1894 monasterium,
3520 1826 3632 1882 ηίεί

350 1921 616 1992 primam,
639 1937 676 1975 a
701 1920 884 1976 tribus
914 1922 1267 1991 milliaribus,
1297 1923 1355 1978 in
1395 1924 1516 1979 loco
1559 1925 1654 1980 fixi
1680 1932 1953 1998 tanquam

350 2009 631 2078 columna,
652 2009 975 2066 labefactari
989 2027 1101 2066 non
1120 2017 1400 2084 poterant.
1419 2014 1536 2068 Illis
1556 2031 1779 2087 quoque
1801 2033 1953 2070 reve-

348 2097 530 2152 latum
562 2104 647 2154 est
661 2100 808 2171 quod
840 2117 1012 2156 servae
1041 2101 1248 2157 Christi
1275 2103 1512 2158 Piamun
1537 2104 1952 2160 intercessioni-

346 2186 454 2241 bus
478 2186 691 2242 factum
736 2194 821 2244 est
853 2189 933 2244 eis
957 2190 1455 2262 impedimentum;
1479 2193 1631 2264 iique
1661 2193 1731 2248 ad
1768 2194 1951 2249 vicum

348 2275 640 2332 mittentes
658 2294 850 2348 pacem
881 2280 1184 2351 petierunt,
1208 2281 1486 2337 dicentes:
1516 2283 1683 2353 Agite
1699 2283 1952 2354 Deogra-

347 2364 459 2420 tias
506 2371 565 2421 et
589 2367 851 2438 precibus
897 2368 1139 2424 Piamun
1168 2387 1292 2441 qua:
1319 2387 1423 2426 nos
1454 2370 1852 2444 impedierunt,
1878 2389 1949 2428 ne

346 2469 616 2526 magnum
640 2455 797 2511 vobis
825 2458 1038 2512 malum
1062 2458 1415 2517 inferremus.

869 2547 1104 2603 CAPUT
1127 2549 1429 2605 XXXVIII.

361 2633 477 2689 Vita
504 2634 716 2691 abbatis
755 2637 1041 2692 Pachomii
1072 2633 1201 2708 (76),
1237 2643 1287 2693 et
1322 2655 1513 2695 eorum
1550 2642 1649 2710 qui
1676 2656 1802 2694 cum
1832 2643 1947 2710 ipso

1052 2733 1233 2781 erant.

415 2812 759 2869 Tabennesis
791 2811 894 2885 (77)
946 2818 1033 2870 est
1059 2815 1215 2871 locus
1245 2817 1326 2872 sic
1354 2817 1669 2889 appellatus
1697 2818 1755 2872 in
1791 2819 1944 2874 The-

348 2900 530 2970 baide,
559 2901 619 2957 in
649 2919 759 2975 quo
786 2903 895 2958 fuit
918 2904 1252 2961 Pachomius
1290 2907 1616 2973 monachus,
1666 2906 1749 2960 vir
1780 2923 1848 2961 ex
1874 2907 1944 2961 iis

345 2991 444 3063 qui
472 2990 730 3047 vixerunt
768 2992 829 3048 in
875 3010 1097 3049 summo
1140 2999 1196 3049 et
1235 2994 1482 3066 perfecto
1510 2996 1635 3051 vitae
1682 2996 1944 3051 instituto

348 3082 496 3148 (Vita
525 3084 643 3151 ejus
670 3098 861 3152 supra,
896 3086 936 3138 ι.
967 3083 1031 3154 1),
1059 3084 1199 3139 adeo
1233 3089 1298 3139 ut
1328 3085 1376 3139 is
1399 3084 1572 3139 fuerit
1602 3085 1866 3155 dignatus
1888 3090 1946 3140 et

2034 1918 2206 1974 fuerit
2230 1919 2490 1975 inventus
2516 1920 2575 1974 in
2599 1920 2709 1974 via.
2724 1920 2899 1975 Porro
2928 1935 3058 1973 eum
3079 1918 3175 1990 qui
3196 1917 3369 1973 semel
3387 1917 3634 1988 ingredi-

2032 2012 2146 2075 tur,
2182 2024 2285 2063 nec
2305 2014 2492 2080 potest
2512 2025 2640 2063 cum
2669 2009 2751 2063 eis
2776 2009 2848 2063 ad
2879 2008 3189 2063 triennium
3208 2006 3488 2062 sustinere
3515 2022 3632 2061 cer-

2032 2101 2243 2164 tamen,
2266 2115 2381 2153 non
2417 2098 2701 2167 admittes;
2734 2097 2833 2153 sed
2861 2114 2991 2153 cum
3022 2113 3194 2169 opera
3220 2095 3413 2151 fecerit
3436 2095 3631 2150 difﬁci-

2034 2185 2194 2264 liora,
2220 2187 2300 2241 sic
2324 2187 2562 2259 prodeat
2586 2188 2647 2242 in
2667 2187 2914 2243 stadium
2934 2192 3062 2258 post
3080 2186 3409 2241 triennium.
3435 2185 3631 2240 Come-

2033 2275 2231 2331 dentes
2258 2281 2449 2331 autem
2478 2277 2666 2331 velent
2695 2277 2883 2348 capita
2908 2276 3161 2343 cucullis,
3193 2291 3265 2330 ne
3310 2273 3485 2329 frater
3510 2272 3630 2329 fra-

2032 2367 2179 2419 trem
2205 2365 2393 2420 videat
2407 2366 2790 2421 mandentem.
2814 2364 3145 2420 Comedenti
3163 2380 3277 2419 non
3299 2363 3433 2418 licet
3448 2362 3625 2434 loqui,

2029 2468 2132 2507 nec
2171 2459 2328 2509 extra
2347 2454 2620 2526 quadram
2649 2460 2707 2509 et
2738 2471 2991 2509 mensam
3030 2468 3270 2525 usquam
3297 2452 3408 2507 alio
3436 2451 3627 2506 oculos

2029 2549 2372 2598 convertere.
2391 2543 2699 2599 Constituit
2719 2548 2908 2598 autem
2923 2548 2986 2597 ut
3001 2558 3102 2614 per
3119 2547 3304 2596 totum
3323 2540 3472 2595 diem
3485 2539 3630 2594 face-

2029 2640 2158 2685 rent
2185 2632 2480 2687 duodecim
2502 2632 2803 2699 orationes,
2825 2636 2884 2686 et
2903 2647 3032 2685 cum
3052 2631 3124 2685 ad
3146 2629 3526 2701 vespertinum
3543 2627 3627 2682 lu-

2029 2737 2159 2775 men
2181 2720 2284 2793 (79)
2314 2722 2588 2789 venirent,
2615 2726 2671 2776 et
2690 2722 2749 2776 in
2769 2719 3058 2776 nocturnis
3078 2719 3282 2790 vigiliis
3303 2716 3622 2782 duodecim,

2029 2817 2088 2866 et
2118 2811 2257 2865 hora
2299 2827 2468 2866 nona‘
2491 2817 2627 2866 tres.
2666 2815 2847 2877 031
2872 2809 3108 2875 Quando
3129 2813 3322 2862 autem
3342 2805 3627 2861 videretur

2028 2899 2434 2955 comedendum
2462 2917 2586 2955 esse
2631 2899 3000 2965 multitudini,
3032 2896 3325 2953 constituit
3346 2901 3411 2950 ut
3444 2911 3624 2950 unus-

2027 2989 2265 3061 quisque
2285 2989 2421 3044 ordo
2451 2989 2511 3044 in
2534 3004 2870 3060 unaquaque
2895 2987 3149 3043 oratione
3168 2985 3445 3057 psalmum
3467 2983 3623 3056 prius

2026 3084 2274 3134 caneret.
2309 3079 2450 3134 Cum
2476 3084 2667 3133 autem
2697 3093 2936 3147 magnus
2956 3074 3291 3130 Pachomius
3309 3078 3505 3128 contra
3523 3088 3624 3127 an-

340 3168 662 3225 futurorum
690 3171 1145 3242 praedictionibus
1174 3178 1232 3228 et
1259 3173 1525 3244 angelicis
1546 3173 1869 3229 visionibus.
1889 3175 1942 3229 Is
1958 3177 2002 3238 C
2021 3169 2213 3238 gelum
2242 3168 2454 3223 diceret
2481 3184 2605 3222 esse
2623 3182 2831 3240 paucas
2860 3164 3161 3231 orationes,
3198 3164 3249 3218 ei
3281 3162 3419 3217 dicit
3444 3178 3621 3232 ange-

339 3257 452 3313 fuit
476 3259 633 3314 valde
660 3276 859 3315 amans
888 3278 1219 3333 pauperum,
1253 3267 1310 3317 et
1337 3279 1545 3334 magna
1580 3263 1853 3318 charitate
1880 3264 1941 3318 in

338 3347 618 3403 homines.
634 3349 714 3404 Eo
730 3365 863 3421 ergo
883 3351 1112 3406 sedente
1129 3351 1186 3405 in
1205 3352 1310 3406 hac
1321 3353 1605 3425 spelunca,
1618 3352 1770 3408 visus
1783 3359 1868 3409 est
1887 3355 1939 3410 ei

338 3437 576 3508 angelus
602 3438 846 3507 Domini,
878 3439 974 3511 qui
1003 3441 1055 3494 ei
1088 3440 1224 3495 dicit
1255 3460 1266 3495 :
1300 3441 1584 3508 Pachomi,
1618 3458 1685 3496 ea
1710 3442 1937 3514 quidem

340 3541 467 3598 quae
485 3522 557 3581 ad
576 3532 632 3582 te
655 3528 958 3600 pertinent,
976 3537 1127 3584 recte
1158 3536 1215 3585 et
1243 3547 1309 3585 ex
1336 3530 1543 3585 virtute
1564 3530 1792 3601 gessisti
1817 3549 1939 3600 ;su-

336 3631 680 3687 pervacanee
708 3633 842 3688 ergo
871 3617 1033 3673 sedes
1055 3618 1113 3673 in
1141 3619 1246 3674 hoc
1274 3620 1394 3673 loco
1418 3638 1431 3687 ;
1464 3636 1568 3691 age
1597 3637 1751 3692 ergo,
1776 3638 1937 3692 egre-

336 3704 493 3770 dere,
518 3710 576 3759 et
600 3721 880 3777 congrega
907 3722 1101 3762 omnes
1115 3708 1372 3779 juniores
1401 3709 1722 3775 monachos,
1755 3715 1813 3765 et
1831 3710 1934 3765 ha-

334 3792 460 3849 bita
484 3810 611 3849 cum
637 3795 739 3862 eis,
763 3801 821 3850 et
839 3812 1080 3867 sequens
1095 3796 1337 3852 formam
1361 3814 1528 3869 quam
1551 3798 1695 3853 dabo
1712 3799 1834 3867 tibi,
1853 3801 1934 3856 eis

332 3881 489 3954 leges
507 3884 802 3939 constitue.
824 3884 1002 3956 Eique
1028 3885 1183 3940 dedit
1210 3885 1461 3941 tabulam
1481 3903 1713 3955 aeneam,
1741 3888 1800 3942 in
1822 3904 1935 3959 qua

332 3970 454 4026 haec
480 3972 689 4045 scripta
710 3973 936 4028 fuerant
962 3991 974 4026 :
998 3974 1252 4029 Concede
1272 3975 1574 4047 unicuique
1590 3981 1655 4030 ut
1676 3978 1935 4031 comedat

332 4066 392 4114 et
410 4059 568 4116 bibat
576 4078 678 4133 pro
698 4062 909 4117 viribus
919 4064 1332 4119 comedentium
1350 4083 1362 4133 ;
1380 4065 1464 4119 eis
1487 4081 1710 4136 quoque
1724 4066 1932 4120 manda

331 4166 507 4221 opera
538 4168 661 4222 qum
692 4152 1052 4224 proportione
1079 4154 1413 4209 conveniant
1441 4170 1505 4207 ac
1533 4154 1926 4225 respondeant,

331 4244 391 4292 et
419 4255 603 4311 neque
621 4242 883 4311 jejunare
900 4242 1134 4313 prohibe
1144 4259 1247 4298 nec
1259 4242 1570 4297 comedere.
1591 4243 1683 4297 Sic
1702 4243 1930 4315 quidem

329 4328 567 4384 fortibus
586 4330 752 4385 fortia
771 4331 979 4385 manda
990 4347 1179 4403 opera,
1200 4330 1479 4386 imbecilla
1501 4337 1691 4386 autem
1712 4338 1770 4387 et
1785 4332 1930 4387 levia

328 4417 399 4473 iis
420 4419 517 4490 qui
537 4435 597 4474 se
621 4420 799 4490 magis
819 4426 1100 4487 exercent,
1126 4424 1181 4475 et
1204 4426 1338 4475 sunt
1386 4420 1799 4476 imbecilliores.
1818 4422 1928 4476 Fac

2022 3256 2142 3311 lus:
2166 3257 2282 3312 Has
2327 3256 2612 3323 constitui,
2655 3261 2719 3312 ut
2745 3255 2902 3327 parvi
2936 3270 3160 3326 quoque
3184 3252 3402 3325 possint
3428 3267 3618 3324 proce-

2021 3346 2154 3401 dere
2180 3346 2250 3400 ad
2279 3346 2676 3418 perﬁciendam
2698 3345 2970 3416 regulam,
2987 3360 3090 3398 nec
3104 3342 3184 3398 eis
3196 3342 3271 3397 sit
3283 3341 3612 3408 molestum;

2022 3434 2118 3507 qui
2149 3440 2340 3490 autem
2362 3440 2495 3490 sunt
2523 3434 2770 3506 perfecti,
2800 3450 2914 3488 non
2959 3449 3099 3505 opus
3134 3431 3344 3486 habent
3366 3435 3431 3486 ut
3463 3430 3618 3502 leges

2021 3524 2102 3579 eis
2131 3525 2419 3591 ferantur;
2457 3540 2589 3578 nam
2615 3540 2743 3578 cum
2771 3539 2871 3595 per
2894 3539 2956 3578 se
2980 3527 3112 3577 sunt
3138 3521 3199 3576 in
3228 3521 3403 3588 cellis,
3433 3524 3615 3574 totam

2018 3630 2180 3668 suam
2200 3614 2371 3669 vitam
2392 3610 3194 3683 attribuuntcontemplationi.
3211 3609 3311 3664 His
3331 3614 3522 3664 autem
3542 3608 3618 3664 lc-

2015 3719 2144 3774 gem
2174 3703 2296 3767 tuli,
2322 3702 2418 3774 qui
2436 3706 2682 3757 mentem
2703 3699 3151 3756 minimehabent
3177 3699 3609 3769 intelligentem,

2017 3797 2083 3847 ut
2106 3792 2251 3848 sicut
2278 3792 2424 3847 servi
2453 3796 2831 3857 contumaces,
2859 3795 3015 3845 metu
3033 3788 3248 3849 domini
3272 3793 3458 3843 totum
3485 3787 3613 3844 vitae

2016 3881 2339 3938 institutum
2369 3881 2688 3953 implentes,
2724 3896 2918 3935 secure
2939 3883 2997 3934 et
3018 3877 3192 3932 libere
3218 3877 3447 3949 degant.
3464 3877 3608 3933 Cum

2013 3970 2132 4026 haec
2159 3972 2477 4026 ordinasset
2497 3971 2752 4042 angelus,
2802 3975 2860 4024 et
2889 3968 3179 4040 implesset
3206 3966 3605 4029 ministerium,

2012 4059 2242 4115 recessit
2268 4076 2303 4113 a
2331 4076 2536 4130 magno
2565 4059 2886 4114 Pachomio.
2913 4058 3061 4113 Sunt
3078 4062 3269 4112 autem
3286 4057 3403 4113 haec
3419 4071 3611 4112 mona-

2012 4148 2187 4203 steria
2209 4165 2332 4219 quae
2361 4149 2599 4203 formam
2621 4149 2767 4202 hanc
2786 4146 3169 4213 obtinuerunt,
3184 4144 3451 4200 habentia
3468 4145 3608 4199 viro-

2011 4254 2138 4291 rum
2167 4237 2391 4292 circiter
2423 4243 2640 4309 septem
2680 4237 2876 4291 millia.
2926 4236 3027 4290 Est
3054 4240 3245 4290 autem
3272 4234 3518 4305 primum
3547 4239 3606 4287 et

2011 4343 2281 4398 magnum
2319 4326 2746 4392 monasterium,
2778 4325 2835 4380 in
2869 4341 2979 4396 quo
3015 4324 3135 4394 ipse
3163 4322 3382 4377 habitat
3406 4321 3604 4376 beatus

2013 4416 2366 4482 Pachomius,
2391 4415 2539 4487 quod
2567 4415 2677 4470 alia
2694 4414 2912 4486 peperit
2923 4411 3286 4478 monasteria,
3308 4411 3603 4465 continens

328 4513 521 4563 autem
540 4508 787 4564 diversas
815 4509 983 4564 cellas
1011 4509 1069 4564 in
1090 4509 1286 4565 eadem
1315 4510 1463 4577 aula,
1496 4515 1554 4565 et
1572 4516 1687 4565 tres
1716 4510 1775 4565 in
1802 4511 1924 4567 cela
1943 4533 1993 4594 Β
2012 4521 2312 4561 numerum
2350 4505 2573 4561 circiter
2591 4504 2744 4559 mille
2772 4502 3313 4594 quadringentorum
3333 4499 3600 4554 virorum.

328 4603 616 4655 maneant.
631 4598 904 4654 Omnibus
916 4604 1106 4655 autem
1121 4598 1277 4654 cibus
1292 4599 1352 4654 in
1370 4616 1483 4655 una
1495 4599 1661 4655 domo
1672 4605 1921 4672 paretur.

328 4686 630 4742 Dormiant
656 4693 847 4743 autem
890 4705 1004 4744 non
1048 4688 1458 4757 recumbentes,
1495 4689 1593 4744 sed
1630 4690 1926 4744 exstructis

326 4774 434 4829 sibi
453 4775 679 4831 sedibus
698 4778 865 4848 paulo
885 4777 1285 4848 supinioribus,
1307 4784 1364 4833 et
1379 4778 1493 4833 illic
1512 4778 1631 4833 suis
1649 4778 1926 4850 impositis

326 4864 594 4936 stragulis
603 4865 890 4921 dormiant
904 4866 1182 4921 sedentes.
1204 4868 1385 4922 Noctu
1402 4873 1590 4922 autem
1605 4868 1924 4938 gestentle-

323 4952 546 5008 bitones
565 4954 763 5023 lineos,
786 4955 1069 5010 succincti.
1092 4954 1310 5010 Habeat
1334 4956 1719 5027 unusquisque
1741 4973 1808 5011 ex
1836 4957 1925 5012 his

321 5043 526 5114 pellem
544 5043 766 5099 ovillam
780 5044 964 5099 albam
978 5044 1313 5111 laboratam,
1329 5044 1538 5116 absque
1551 5061 1618 5101 ea
1641 5062 1821 5117 neque
1835 5062 1925 5102 co-

321 5132 762 5205 medant,neque
775 5132 1469 5204 dormiant.lngredientes
1483 5139 1672 5189 autem
1683 5135 1753 5190 ad
1767 5135 1924 5191 Chri-

321 5220 396 5276 sti
424 5222 881 5277 communionem
906 5221 1148 5278 Sabbato
1177 5228 1235 5276 et
1274 5222 1584 5291 Dominica,
1610 5240 1777 5279 zonas
1806 5225 1920 5280 sol-

320 5314 473 5378 vent,
499 5322 556 5365 et
568 5311 770 5383 pellem
792 5312 1012 5366 ovillam
1023 5312 1327 5384 deponant,
1349 5318 1407 5367 et
1419 5329 1549 5367 cum
1564 5314 1684 5368 sola
1701 5314 1920 5369 cuculla

319 5398 734 5469 ingrediantur.
757 5400 912 5455 Fecit
924 5405 1116 5454 autem
1136 5399 1218 5455 eis
1234 5400 1480 5455 cucullas
1507 5400 1630 5455 sine
1652 5402 1825 5470 villis(
1831 5401 1924 5472 78)

320 5494 594 5559 tanquam
623 5489 831 5560 pueris,
853 5489 912 5543 in
935 5488 1139 5560 quibus
1163 5488 1334 5544 etiam
1350 5489 1521 5561 jussit
1540 5489 1752 5562 imponi
1775 5492 1921 5563 ﬁgu-

323 5593 448 5633 ram
476 5577 658 5633 crucis
685 5593 1001 5650 purpureae.
1021 5578 1197 5635 Jussit
1215 5583 1406 5634 autem
1436 5584 1561 5634 esse
1578 5580 1774 5651 viginti
1787 5597 1924 5653 qua-

2554 4593 2788 4650 CAPUT
2798 4592 3054 4648 XXXIX.

2393 4687 2509 4739 Vita
2530 4686 2744 4739 abbatis
2771 4682 3072 4751 Aphthonii
3102 4676 3228 4751 (80).

2079 4775 2236 4830 Inter
2249 4791 2389 4846 quos
2399 4778 2486 4829 est
2498 4773 2667 4828 etiam
2680 4788 2873 4827 servus
2884 4770 2986 4825 Dei
3000 4769 3096 4842 qui
3108 4773 3338 4824 vocatur
3349 4769 3600 4841 Aphtho-

2006 4862 2154 4931 nius,
2173 4863 2271 4935 qui
2298 4868 2385 4918 est
2404 4862 2541 4917 mihi
2562 4876 2864 4932 germanus
2886 4875 2952 4913 ac
2972 4858 3225 4913 sincerus
3253 4857 3484 4924 amicus,
3502 4858 3601 4930 qui

2006 4970 2156 5008 nunc
2182 4952 2399 5008 obtinet
2422 4950 2729 5006 secundum
2770 4949 2951 5003 locum
2981 4951 3042 5003 in
3091 4947 3187 5002 illo
3231 4948 3596 5006 monasterio.

2006 5043 2185 5107 Quem
2216 5047 2281 5097 ut
2301 5041 2397 5113 qui
2426 5041 2500 5095 sit
2514 5045 2712 5112 potens
2731 5038 2789 5092 in
2819 5036 3060 5104 Christo,
3083 5037 3391 5108 firmusque
3405 5053 3470 5093 ac
3488 5042 3598 5093 sta-

2004 5132 2155 5198 bilis,
2178 5147 2281 5185 nec
2307 5130 2468 5185 facile
2495 5127 2700 5183 ollendi
2725 5126 2919 5199 possit,
2942 5126 3178 5180 mittunt
3201 5126 3272 5181 ad
3297 5142 3429 5181 suos
3455 5141 3598 5183 usus

2002 5219 2419 5285 Alexandriam,
2447 5224 2512 5272 ut
2540 5217 2743 5272 vendat
2772 5216 2997 5288 quidem
3027 5231 3223 5270 eorum
3251 5220 3601 5287 opera,emat

2004 5316 2193 5367 autem
2225 5326 2352 5381 qua:
2368 5312 2503 5363 sunt
2515 5307 2597 5361 eis
2618 5305 2953 5360 necessaria.
2978 5305 3123 5360 Sunt
3131 5310 3319 5361 autem
3336 5304 3448 5360 alia
3462 5320 3596 5375 quo-

2004 5416 2113 5471 que
2142 5396 2483 5452 monasteria
2504 5411 2627 5467 quae
2646 5397 2907 5449 constant
2928 5409 2995 5448 ex
3018 5393 3272 5449 ducentis
3289 5397 3347 5448 et
3372 5397 3593 5446 trecen-

2002 5489 2076 5545 tis
2087 5485 2382 5542 animabus
2405 5497 2418 5529 ι
2431 5526 2444 5539 .
2472 5488 2651 5556 Atque
2659 5483 2716 5538 in
2745 5482 2912 5538 Panis
2923 5482 3150 5555 quidem
3163 5482 3449 5553 ingressus
3460 5494 3588 5534 sum

2003 5578 2284 5634 civitatem
2310 5574 2435 5647 (8|),
2459 5574 2519 5631 in
2538 5590 2650 5648 qua
2681 5571 3086 5631 monasterium
3116 5575 3335 5626 constat
3367 5584 3431 5624 ex
3461 5568 3593 5623 viris

395 5703 415 5737 ¹
447 5701 551 5757 Hic
579 5702 836 5789 quaedam
866 5703 925 5759 in
955 5704 1166 5773 Grzeco,
1203 5720 1325 5776 qua:
1356 5702 1527 5759 habet
1556 5703 1879 5762 Heraclides
1908 5720 2030 5779 cap.
2066 5700 2151 5761 l9.
