4008 6210
378 329 525 393 1189

372 641 568 707 steria,
601 643 660 696 et
686 643 988 701 custodias.
1019 644 1185 700 Mane
1205 660 1339 715 ergo
1367 651 1663 716 surgentes
1689 647 1728 701 ii
1760 647 1963 719 quibus

370 744 482 784 sua
506 730 624 786 vice
649 731 755 786 hoc
773 747 982 788 munus
1008 731 1268 804 obtingit,
1285 733 1382 788 alii
1407 735 1634 806 quidem
1662 742 1797 792 sunt
1811 753 1970 792 occu-

372 819 494 890 pati
513 819 574 874 in
591 820 798 886 culina,
815 821 913 876 alii
922 837 1054 877 vero
1073 827 1370 878 versantur
1384 823 1442 878 in
1459 825 1668 880 mensis
1681 826 1965 896 parandis,

370 923 586 963 mensae
604 907 958 982 imponentes
971 925 1146 982 panes
1165 917 1223 967 et
1239 912 1394 967 olera
1407 913 1667 982 agrestia,
1683 915 1970 982 olivas,ca-

369 1010 517 1065 sees,
539 1003 595 1052 et
609 1004 888 1054 extremas
907 1000 1162 1056 carnium
1179 1007 1389 1072 partes,
1409 1007 1466 1057 et
1492 1003 1838 1058 comminuta
1859 1004 1970 1060 ole~

366 1091 456 1142 ra.
470 1085 662 1158 Αιίιιιθ
671 1087 1067 1159 ingrediuntur
1079 1089 1328 1161 quidem,
1344 1091 1440 1161 qui
1456 1091 1642 1148 minus
1659 1098 1791 1148 sunt
1805 1093 1970 1149 robu-

365 1175 462 1244 sti,
486 1175 626 1231 hora
647 1176 905 1248 septima,
937 1182 996 1233 et
1015 1179 1338 1248 comedunt,
1353 1185 1418 1236 ut
1445 1180 1540 1252 qui
1563 1182 1680 1236 sint
1714 1181 1969 1237 imbecil-

368 1265 575 1332 liores;
607 1265 704 1320 alii
737 1282 906 1332 nona,
931 1268 1026 1322 alii
1050 1269 1288 1336 decima,
1310 1270 1406 1324 alii
1430 1286 1556 1325 sero
1591 1287 1836 1342 vespere,
1869 1273 1967 1328 alii

367 1351 500 1426 post
511 1352 766 1422 biduum,
779 1356 876 1410 alii
886 1363 1015 1428 post
1027 1357 1298 1424 triduum,
1313 1359 1409 1413 alii
1429 1365 1556 1431 post
1577 1360 1961 1430 quatriduum,

370 1442 467 1497 alii
476 1449 606 1514 post
616 1445 863 1516 quinque
878 1446 1015 1512 dies,
1032 1447 1171 1502 adeo
1190 1453 1255 1502 ut
1269 1449 1708 1521 unumquodque
1727 1451 1968 1506 elemen-

367 1537 493 1586 tum
519 1533 716 1588 horam
738 1535 1022 1605 propriam
1047 1535 1340 1606 significet.
1367 1537 1461 1592 Sic
1481 1543 1671 1593 autem
1695 1544 1858 1594 erant
1875 1557 1966 1594 eo-

363 1635 496 1676 rum
519 1635 742 1694 quoque
761 1638 962 1696 opera:
993 1624 1136 1680 alius
1155 1625 1380 1695 quidem
1397 1625 1618 1682 laborat
1635 1627 1695 1682 in
1717 1645 1854 1698 agro
1877 1645 1966 1683 co-

365 1709 555 1778 lendo,
586 1711 730 1767 alius
758 1712 817 1767 in
839 1713 1020 1779 horto,
1054 1714 1199 1769 alius
1223 1715 1284 1770 in
1311 1715 1567 1787 pistrino,
1588 1717 1734 1772 alius
1752 1719 1812 1772 in
1839 1719 1966 1774 aeris

1482 339 1578 397 DE
1615 339 1806 399 VITIS
1841 337 2140 400 PATRUM
2174 336 2392 397 LIBER
2424 334 2581 393 VIII.

374 461 665 519 trecentis.
689 462 964 520 Exercent
1001 468 1194 520 autem
1222 480 1450 522 omnem
1493 471 1693 535 artem,
1724 472 1784 525 et
1809 485 1876 525 ex
1906 467 2046 533 iisA.

377 567 505 624 qua
522 555 843 624 supersunt,
865 553 1145 610 aediﬁcant
1161 553 1270 624 (82)
1278 555 1449 611 etiam
1467 557 1768 613 mulierum
1779 574 1972 614 mona-
2011 610 2019 620 ,

3517 333 3669 394 1140

2653 462 2888 518 CAPUT
2914 461 3058 518 XLI.

2185 557 2259 612 De
2302 557 2522 625 Virgine
2555 549 2660 625 (86)
2705 570 2824 623 qua:
2852 552 3156 607 simulabat
3194 554 3521 607 stultitiam.

2123 646 2188 702 In
2201 646 2304 700 hoc
2321 643 2662 699 monasterio
2681 642 2789 698 fuit
2802 642 2915 698 alia
2932 641 3091 712 virgo
3107 658 3233 713 quze
3251 647 3484 714 propter
3499 641 3666 697 Chri-

2053 739 2204 790 stum
2219 734 2520 790 simulabat
2538 733 2838 788 stultitiam
2861 733 3084 801 (Pelag.,
3102 733 3274 786 libell.
3290 746 3446 796 xvm,
3461 748 3518 785 η.
3547 729 3660 796 19),

2057 829 2240 892 U38
2269 830 2326 878 et
2345 841 2405 878 se
2425 840 2459 877 a
2486 823 2739 878 daemone
2759 821 3041 893 occupari,
3066 821 3412 892 persuadens
3433 819 3542 876 sibi
3560 835 3664 892 per

2049 913 2168 969 haec
2194 913 2460 968 virtutem
2485 912 2693 983 optime
2715 926 2995 975 exercere,
3021 926 3081 964 se
3097 909 3164 978 in
3185 926 3253 964 ea
3273 910 3542 981 praeclare
3557 927 3660 980 ge-

2050 1019 2201 1070 rens,
2220 1018 2392 1073 seque
2415 1001 2656 1056 reddens
2680 999 2957 1072 abjectam
2981 1004 3040 1054 et
3067 998 3360 1054 humilem.
3387 1000 3548 1054 Hanc
3569 1016 3665 1054 us-

2052 1109 2159 1164 que
2192 1091 2332 1147 adeo
2361 1091 2590 1161 reliqua“:
2617 1095 2752 1145 sunt
2791 1093 3127 1160 aspernata,
3163 1093 3229 1142 ut
3273 1104 3377 1143 nec
3414 1105 3546 1144 cum
3594 1105 3666 1143 ea

2051 1181 2275 1253 quidem
2299 1184 2677 1244 vescerentur,
2721 1179 2778 1232 id
2817 1176 2914 1232 illa
2942 1177 3251 1249 excipiente
3276 1194 3404 1232 cum
3435 1178 3656 1233 laetitia.

2049 1271 2379 1326 Discurrens
2401 1270 2592 1340 itaque
2605 1269 2672 1344 in
2693 1267 2960 1334 culinam,
2999 1265 3297 1321 exhibebat
3333 1267 3459 1321 aliis
3487 1284 3660 1322 omne

2047 1377 2228 1431 genus
2242 1359 2634 1421 ministerium,
2661 1358 2802 1411 adeo
2823 1363 2887 1411 ut
2900 1373 3003 1411 nec
3017 1357 3216 1410 horam
3233 1356 3463 1428 quidem
3480 1373 3656 1412 unam

2049 1449 2469 1512 intermitteret,
2495 1448 2592 1502 sed
2618 1453 2888 1518 tanquam
2905 1445 3108 1500 ancilla
3128 1445 3364 1499 serviret
3384 1465 3396 1500 :
3420 1453 3657 1518 eratque

2049 1539 2166 1592 hinc
2185 1538 2369 1596 beata.
2388 1543 2453 1592 ut
2471 1537 2697 1601 dicitur,
2712 1536 2947 1608 spongia
2964 1534 3313 1597 monasterii,
3332 1552 3526 1590 revera
3547 1535 3654 1590 im-

2049 1629 2208 1700 plens
2245 1627 2304 1682 id
2335 1627 2484 1698 quod
2515 1625 2787 1696 scriptum
2817 1629 2904 1678 est
2926 1623 2984 1678 in
3013 1623 3313 1694 Evangelia
3345 1641 3357 1678 :
3401 1624 3510 1688 Qui
3539 1627 3658 1679 vult

2048 1715 2198 1771 inter
2208 1733 2304 1770 vos
2320 1731 2442 1770 esse
2461 1730 2720 1785 magnus,
2737 1713 2811 1767 sit
2824 1711 3076 1766 omnium
3095 1728 3310 1772 servus.
3329 1716 3388 1766 et
3399 1714 3658 1768 omnium

368 1793 614 1869 ofﬁcina,
643 1801 788 1857 alius
812 1803 872 1858 in
896 1803 1238 1871 fabricando,
1271 1806 1418 1860 alius
1454 1806 1513 1860 in
1546 1812 1667 1862 arte
1709 1807 1961 1876 fullonis,
1984 1805 2306 1883 Bminister
2331 1804 2549 1870 (Matth.
2593 1818 2692 1869 xx;
2725 1803 2900 1857 Marc.
2935 1803 3034 1870 x.).
3061 1801 3132 1855 Et
3159 1817 3355 1854 rursus
3375 1800 3510 1856 alibi
3546 1820 3560 1854 :
3597 1801 3658 1856 Si

367 1885 516 1944 alius
543 1889 604 1944 in
623 1891 890 1962 parandis
907 1891 1074 1946 coriis
1095 1891 1224 1963 (83),
1247 1894 1390 1949 alius
1408 1894 1468 1949 in
1499 1897 1830 1951 consuendis
1849 1898 1965 1952 cal-

366 1977 500 2043 ceis,
516 1979 663 2034 alius
679 1979 739 2034 in
750 1981 981 2052 pulchre
1005 1981 1319 2050 scribendo,
1338 1983 1481 2039 alius
1501 1984 1836 2041 contexebat
1852 2003 1968 2042 ma-

365 2079 511 2137 gnas
524 2073 763 2140 sportas,
786 2070 932 2124 alius
951 2071 1225 2126 canistros
1250 2078 1307 2128 et
1323 2074 1621 2145 sportulas.
1641 2075 1967 2130 Memoriter

367 2161 562 2234 autem
598 2173 794 2214 omnes
821 2169 1158 2231 espromunt
1185 2161 1522 2233 Scripturas.

439 2245 656 2301 Horum
671 2254 757 2302 est
771 2249 1073 2305 mulierum
1087 2267 1309 2322 quoque
1320 2254 1726 2309 monasterium
1746 2254 1968 2308 circiter

367 2335 928 2408 quadringentarum,
961 2339 1110 2410 quod
1139 2339 1309 2396 habet
1325 2343 1579 2398 eamdem
1609 2343 1828 2398 vivendi
1860 2344 1970 2398 for-

365 2437 522 2478 mam
554 2429 612 2480 et
640 2423 792 2481 idem
814 2427 1157 2494 institutum,
1186 2441 1390 2500 praeter
1408 2432 1611 2502 pellem
1636 2432 1880 2488 ovillam.
1899 2433 1968 2487 Et

364 2518 504 2568 sunt
529 2513 758 2586 quidem
779 2516 1044 2572 mulieres
1062 2522 1221 2573 trans
1237 2519 1469 2574 ﬂuvium
1492 2521 1714 2587 Nilum;
1737 2521 1841 2574 viri
1870 2538 1970 2576 au-

365 2608 485 2657 tem
509 2611 576 2657 ex
605 2603 839 2660 adverso
862 2620 1077 2660 earum.
1110 2606 1169 2661 Si
1195 2607 1351 2677 virgo
1380 2614 1570 2662 autem
1600 2609 1820 2677 obierit,
1843 2611 1970 2664 reli-

367 2701 494 2761 quie
507 2691 752 2762 virgines
762 2709 889 2748 cum
906 2709 1030 2749 eam
1047 2695 1118 2750 ad
1129 2696 1477 2766 sepulturam
1492 2698 1964 2765 concinnaverint,

365 2779 631 2847 euut-unt,
655 2786 713 2835 et
731 2797 855 2836 eam
874 2789 1093 2854 ponunt
1111 2784 1182 2838 ad
1204 2785 1386 2856 ripam
1403 2786 1578 2842 ﬂuvii.
1601 2787 1967 2858 Trajicientcs

365 2873 561 2924 autem
589 2869 792 2925 fratres
807 2885 936 2927 cum
965 2873 1166 2946 palmis
1187 2880 1245 2928 et
1263 2875 1435 2929 ramis
1463 2876 1620 2931 olivae
1650 2882 1708 2932 et
1729 2878 1970 2948 psalmo-

365 2957 484 3025 dia,
515 2971 642 3014 eam
667 2961 1081 3027 transmittunt,
1114 2968 1172 3018 et
1200 2963 1260 3019 in
1289 2965 1406 3019 suis
1434 2965 1793 3021 monimentis
1813 2983 1969 3038 sepe-

366 3046 535 3103 liunt.
550 3047 764 3104 Prester
781 3049 1172 3124 presbyterum
1189 3058 1382 3108 autem
1398 3059 1455 3108 et
1465 3053 1764 3110 diaconum
1779 3057 1967 3111 nullus

367 3136 580 3194 transit
601 3137 673 3196 ad
693 3140 1466 3205 monasteriumieminarum,
1482 3143 1653 3214 idque
1671 3144 1763 3198 die
1782 3144 1969 3200 Domi-
1983 3143 2029 3204 Ο

367 3224 517 3284 nico.

971 3351 1204 3412 CAPUT
1246 3353 1386 3412 XL.’

370 3479 448 3536 De
483 3477 707 3548 Virgine
734 3475 860 3550 (84),
909 3481 974 3536 de
1015 3497 1128 3552 qua
1175 3483 1367 3551 fuerat
1412 3483 1627 3538 dictum
1653 3486 1863 3553 falsum
1901 3491 1971 3541 te-

1000 3574 1350 3650 :timgm'um.

443 3677 511 3733 In
533 3675 639 3733 hoc
656 3678 999 3734 monasterio
1013 3679 1352 3735 feminarum
1371 3680 1488 3735 hac
1513 3697 1603 3735 res
1623 3681 1844 3737 accidit.
1870 3683 1972 3738 Su-

373 3771 468 3821 tor
485 3765 768 3821 sleeularis
795 3780 922 3822 cum
941 3769 1258 3839 trajecisset
1279 3783 1382 3840 per
1405 3769 1802 3840 ignorantiam,
1827 3788 1975 3842 quaa-

366 3849 532 3908 rebat
547 3865 688 3926 opus
713 3871 725 3908 :
742 3869 970 3926 egressa
989 3863 1179 3912 autem
1197 3871 1309 3912 una
1325 3858 1520 3928 junior
1537 3875 1706 3930 quam
1737 3861 1859 3930 ejus
1879 3877 1974 3932 po-

369 3941 615 3997 stularet
640 3940 786 3998 ratio
818 3948 927 4011 (est
955 3945 1107 4000 enim
1144 3946 1300 4000 locus
1328 3946 1600 4002 desertus)
1634 3947 1813 4003 invita
1841 3966 1972 4004 eum

375 4031 654 4099 convenit,
683 4032 950 4104 deditque
969 4033 1021 4089 ei
1050 4049 1413 4106 responsum:
1441 4036 1557 4091 Nos
1585 4036 1858 4094 habemus
1875 4056 1973 4094 no-

372 4125 522 4176 stros
537 4113 904 4177 sutores.Alia
914 4129 1104 4178 autem
1119 4139 1242 4197 qua:
1252 4126 1375 4196 ejus
1384 4125 1598 4181 viderat
1609 4127 1968 4200 colloquium,

373 4217 504 4266 cum
532 4219 800 4282 processu
826 4209 1098 4285 temporis
1136 4211 1286 4269 inter
1314 4233 1410 4270 eas
1439 4223 1631 4272 exorta
1660 4225 1808 4273 esset
1835 4235 1972 4273 con-

368 4301 570 4367 tentio,
593 4315 662 4356 ex
683 4294 892 4356 diaboli
913 4305 1289 4374 suggestione,
1310 4321 1423 4377 prae
1441 4323 1665 4361 summa
1685 4308 1902 4363 malitia
1915 4315 1974 4363 et

367 4389 544 4445 animi
575 4391 1035 4446 excandescentia
1059 4408 1184 4447 eam
1211 4395 1552 4449 ealumniata
1580 4402 1666 4450 est
1685 4397 1834 4468 apud
1857 4398 1971 4452 ira-

365 4479 696 4534 ternitatem
721 4485 953 4552 propter
980 4480 1035 4534 id
1060 4483 1420 4554 colloquium.
1449 4484 1593 4538 Cum
1614 4501 1726 4555 qua
1742 4502 1974 4542 concur-

2049 1895 2174 1966 quis
2201 1893 2422 1948 videtur
2439 1908 2560 1947 esse
2575 1891 2725 1946 inter
2747 1905 2844 1945 vos
2871 1889 3096 1961 sapiens
3118 1889 3182 1944 in
3200 1889 3306 1944 hoc
3333 1891 3562 1958 saeculo,
3582 1890 3659 1945 sit

2047 1984 2254 2038 stultus
2275 1989 2340 2038 ut
2359 1983 2460 2036 ﬁat
2474 1981 2698 2052 sapiens
2719 1982 2768 2050 (Ι
2789 1979 2912 2035 Cor.
2932 1983 3038 2044 III).
3058 1981 3244 2050 Atque
3270 1979 3510 2034 aliarum
3536 1980 3659 2050 qui-

2047 2073 2175 2128 dem
2193 2071 2472 2143 virginum
2487 2076 2610 2124 erat
2623 2068 2905 2140 ejusmodi
2920 2067 3236 2136 habitus,ut
3249 2074 3439 2124 essent
3452 2076 3656 2136 tonsa),

2049 2168 2107 2218 et
2129 2161 2400 2216 haberent
2419 2159 2665 2214 cucullos
2679 2158 2736 2212 in
2758 2157 2971 2230 capite;
2989 2158 3111 2229 ipsa
3130 2175 3264 2212 vero
3285 2175 3474 2230 panno
3485 2168 3658 2230 caput

2051 2251 2314 2306 obvoluta
2343 2248 2534 2304 obibat
2567 2263 2764 2302 earum
2792 2247 3046 2302 omnium
3077 2247 3479 2302 ministerium.
3513 2248 3655 2304 Eam

2050 2341 2206 2395 nulla
2224 2357 2294 2394 ex
2314 2337 2740 2410 quadringentis
2751 2337 2891 2392 vidit
2905 2337 3267 2392 mandentem
3287 2336 3550 2392 omnibus
3560 2354 3659 2392 an-

2050 2431 2137 2484 nis
2147 2430 2272 2484 vitae
2287 2429 2494 2483 suain
2511 2443 2708 2481 mensa
2722 2442 3012 2497 nunquam
3023 2426 3375 2498 sedit,neque
3399 2443 3658 2498 unquam

2047 2519 2426 2588 fragmentum
2467 2516 2628 2588 panis
2670 2515 2930 2580 comedit,
2965 2515 3063 2570 sed
3105 2515 3280 2569 micas
3324 2532 3654 2570 mensarum

2050 2607 2284 2678 spongia
2309 2605 2594 2675 colligens,
2625 2609 2683 2658 et
2707 2603 2848 2656 ollas
2877 2602 3190 2666 lavans,his
3210 2609 3334 2658 erat
3361 2611 3650 2658 contenta.

2049 2700 2246 2768 Neque
2268 2713 2398 2750 vero
2411 2712 2478 2750 ea
2496 2711 2746 2766 unquam
2767 2693 2954 2748 induit
2966 2693 3386 2764 calceos,neque
3403 2693 3656 2764 aliquem

2050 2787 2236 2841 aﬂ‘ecit
2254 2785 2614 2851 contumelia,
2633 2800 2746 2838 non
2761 2783 3153 2847 murmuravit,
3176 2799 3290 2837 non
3309 2799 3542 2854 parvum
3567 2785 3654 2838 vel

2051 2892 2322 2946 magnum
2342 2874 2477 2946 quid
2499 2880 2586 2929 est
2603 2873 2809 2939 locuta,
2829 2872 2934 2927 etsi
2950 2871 3295 2926 contumelia
3307 2872 3650 2939 afficeretur,

2051 2971 2109 3020 et
2137 2964 2340 3037 pugnis
2367 2963 2720 3030 tunderetur,
2753 2968 2812 3017 et
2839 2960 3154 3017 maledictis
3182 2967 3566 3034 appeteretur,
3603 2971 3660 3017 et

2051 3053 2283 3127 plurimi
2314 3069 2442 3108 eam
2461 3051 2948 3110 abominarentur.

2635 3176 2870 3232 CAPUT
2898 3176 3067 3232 XLII.

2543 3303 2618 3358 De
2663 3305 2850 3358 sancto
2879 3301 3123 3358 Pitirum
3137 3341 3148 3353 .

2123 3413 2205 3468 De
2229 3412 2334 3466 hac
2353 3416 2567 3477 sancta,
2590 3414 2784 3465 sancto
2799 3408 3043 3465 Pitirum
3064 3407 3434 3477 anachoreta,
3453 3409 3552 3482 qui
3573 3427 3657 3464 se-

2052 3500 2221 3556 debat
2240 3501 2298 3556 in
2310 3498 2786 3572 Porphyrite,viro
2797 3497 3192 3570 probatissimo
3207 3497 3266 3553 in
3281 3498 3489 3554 virtute
3503 3515 3660 3553 exer-

2051 3589 2542 3657 citationis,astitit
2553 3589 2808 3644 revelans
2820 3589 3238 3659 angelus(Pelag
3247 3629 3259 3641 .
3271 3631 3282 3656 ,
3304 3583 3454 3644 libell
3463 3629 3476 3641 .
3495 3603 3656 3648 xvm.

2056 3695 2214 3736 num.
2228 3679 2318 3748 19,
2337 3682 2434 3734 ubi
2448 3681 2661 3734 dicitur
2679 3678 3015 3748 Pyaterius),
3040 3677 3137 3750 qui
3154 3677 3204 3732 ei
3222 3667 3364 3732 dixit
3385 3695 3398 3732 :
3425 3679 3543 3734 Cur
3553 3677 3660 3733 tibi

2055 3770 2259 3843 places,
2293 3775 2349 3824 et
2376 3775 2433 3825 te
2463 3768 2763 3840 magniﬁce
2792 3766 3174 3840 circumspicis
3204 3767 3274 3822 ob
3299 3785 3368 3823 ea
3394 3785 3518 3840 qua:
3541 3785 3580 3822 a
3600 3775 3658 3823 te

2055 3865 2206 3914 recte
2233 3863 2292 3914 et
2311 3874 2378 3912 ex
2403 3857 2611 3912 virtute
2629 3862 2926 3928 geruntur,
2959 3863 3025 3912 ut
3052 3857 3148 3929 qui
3177 3856 3256 3911 sis
3277 3857 3404 3929 pius
3428 3863 3489 3912 et
3509 3857 3660 3912 redi-

2052 3949 2263 4019 giosus,
2291 3953 2348 4003 et
2365 3946 2561 4002 sedeas
2579 3945 2640 4001 in
2663 3945 2768 4000 hoc
2787 3945 2944 4000 loco?
2960 3946 3060 4002 Vis
3080 3946 3268 4001 videre
3285 3946 3585 4001 mulierem
3603 3954 3660 4000 te

2053 4037 2234 4108 magis
2252 4037 2402 4108 piam
2424 4052 2490 4090 ac
2507 4033 2983 4106 religiosamiAbi
2997 4035 3055 4090 in
3075 4035 3488 4090 monasterium
3503 4035 3664 4090 femi-

2054 4143 2257 4182 narum
2279 4124 2841 4189 Tabennesiotarum,
2857 4130 2914 4179 et
2928 4124 3178 4180 invenies
3199 4125 3313 4179 illic
3331 4141 3508 4180 unam
3535 4143 3660 4198 qua:

2052 4215 2224 4271 habet
2247 4214 2641 4270 redimiculum
2658 4214 2771 4282 (87)
2791 4213 2850 4268 in
2877 4214 3089 4286 capite;
3117 4231 3188 4268 ea
3213 4219 3302 4268 est
3327 4220 3385 4269 te
3413 4215 3616 4270 melior
3644 4235 3658 4270 :

2055 4321 2177 4378 quae
2204 4321 2332 4360 cum
2356 4309 2516 4359 tanta
2535 4302 2703 4358 turba
2719 4303 3032 4369 decertans,
3051 4309 3111 4358 et
3130 4303 3392 4358 omnibus
3405 4300 3662 4360 indiscri-

2055 4395 2312 4449 minatim
2337 4393 2604 4458 serviens,
2630 4409 2728 4447 cor
2755 4409 3044 4463 nunquam
3065 4391 3300 4447 abduxit
3323 4410 3358 4446 a
3378 4393 3519 4459 Deo,
3554 4394 3660 4448 etsi

2054 4483 2124 4538 ab
2155 4483 2414 4538 omnibus
2429 4481 2668 4554 superbe
2683 4487 3096 4538 contemnatur.
3119 4483 3205 4536 Tu
3227 4487 3417 4536 autem
3435 4482 3658 4537 etiamsi

365 4573 570 4623 rerunt
599 4585 804 4640 paucae,
841 4585 964 4640 quae
984 4579 1096 4624 non
1127 4569 1266 4626 adeo
1289 4587 1493 4642 magna
1510 4573 1835 4628 ferebantur
1855 4593 1970 4629 ma—
1989 4588 2038 4648 D
2056 4569 2148 4627 hic
2163 4573 2360 4627 sedeas
2380 4589 2500 4642 ,per
2518 4570 2686 4627 urbes
2714 4576 2904 4626 tamen
2933 4570 3154 4642 vagaris
3175 4571 3537 4642 cogitatione,
3561 4572 3658 4643 qui

369 4656 831 4714 litia.Illaautem
844 4652 1520 4734 doloreconfecta,utquae
1532 4663 1701 4718 talem
1713 4663 1978 4720 subiisset
2059 4661 2252 4717 orbem
2283 4660 2647 4716 habitabilem
2671 4677 2961 4732 nunquam
2985 4659 3211 4715 calcasti
3239 4660 3494 4732 pedibus.
3527 4663 3657 4715 Sur-

369 4747 732 4815 calumniam,
753 4761 876 4820 quae
899 4765 970 4803 ne
989 4749 1048 4804 in
1063 4745 1185 4821 ejus
1209 4751 1436 4821 quidem
1461 4758 1709 4807 mentem
1727 4760 1968 4821 venerat,

367 4845 475 4890 nec
488 4847 608 4892 rem
632 4839 908 4909 potuisset
933 4833 1195 4905 tolerare,
1231 4855 1291 4894 se
1314 4841 1457 4895 clam
1481 4841 1620 4913 jecit
1647 4841 1705 4896 in
1735 4835 1970 4899 ﬂuvium

371 4929 432 4978 et
455 4925 537 4980 sic
563 4927 721 4982 obiit.
765 4929 909 4984 Cum
936 4933 1124 4984 autem
1154 4929 1212 4983 id
1241 4930 1512 4984 sensisset
1539 4947 1606 4984 ea
1635 4947 1757 5002 quae
1785 4931 1967 5004 ipsam

366 5012 558 5068 fuerat
569 5016 930 5084 calumniata,
949 5023 1006 5072 et
1027 5012 1258 5073 vidisset
1271 5035 1331 5073 se
1353 5019 1632 5074 malitiose
1654 5037 1778 5075 eam
1799 5022 1970 5077 fuisse

365 5101 790 5171 calumniatam,
824 5119 882 5160 et
910 5107 1014 5162 hoc
1035 5107 1215 5162 scelus
1245 5109 1350 5178 (85)
1373 5123 1408 5163 a
1432 5125 1492 5163 se
1513 5110 1895 5178 commissum,
1915 5115 1974 5166 et

367 5191 493 5263 ipsa
517 5202 741 5264 quoque
753 5209 813 5248 se
829 5195 972 5250 clam
990 5197 1299 5263 sufl'ocavit,
1320 5211 1448 5252 cum
1468 5197 1675 5253 factum
1703 5215 1849 5269 egre
1865 5199 1972 5253 fer-

363 5286 474 5338 ret.
497 5273 642 5338 Cum
661 5287 853 5336 autem
869 5285 1114 5340 venisset
1134 5287 1446 5358 presbyter,
1468 5288 1700 5358 reliqum
1725 5288 1969 5358 virgines

361 5370 415 5425 ei
433 5385 555 5425 rem
569 5369 1034 5428 renuntiaverunt
1054 5391 1066 5426 :
1080 5374 1252 5445 jussit
1264 5375 1455 5448 itaque
1477 5390 1579 5449 pro
1592 5377 1749 5432 nulla
1765 5377 1968 5432 harum

357 5459 484 5514 fieri
498 5457 860 5514 oblationem.
886 5453 1150 5534 Reliquas
1170 5469 1361 5520 autem
1388 5472 1660 5538 tanquam
1688 5467 1958 5536 conscias,

2053 4767 2194 4821 gens
2206 4757 2394 4806 autem
2409 4750 2908 4822 magnusPitirum,
2923 4749 3077 4804 venit
3091 4767 3270 4821 usque
3287 4751 3360 4805 ad
3375 4760 3658 4806 monaste-

2051 4840 2200 4894 rium
2221 4837 2776 4905 Tabennesiotarum,
2791 4844 2849 4893 et
2859 4844 3025 4910 rogat
3038 4839 3338 4910 magistros
3354 4847 3420 4894 ut
3433 4840 3602 4895 liceat
3609 4840 3660 4893 ei

2051 4929 2293 4984 transire
2310 4944 2486 4999 usque
2503 4929 2573 4983 ad
2587 4927 2991 4984 monasterium
3007 4927 3366 4996 feminarum;
3387 4935 3450 4982 ut
3463 4927 3562 5000 qui
3577 4945 3660 4983 es-

2053 5026 2139 5072 set
2158 5035 2292 5089 ergo
2309 5018 2456 5072 inter
2475 5018 2672 5072 Patres
2690 5033 2909 5088 magna:
2927 5017 3378 5084 existimationis,
3401 5023 3459 5072 et
3471 5034 3662 5072 conse-

2055 5109 2271 5163 nuisset
2285 5107 2344 5161 in
2368 5095 2785 5172 exercitatione,
2801 5106 2947 5161 bono
2963 5123 3029 5162 ac
3041 5106 3238 5162 fidenti
3251 5107 3443 5162 animo
3469 5113 3660 5163 trans-

2053 5198 2226 5252 misso
2239 5197 2406 5252 ﬂuvio
2418 5211 2547 5251 eum
2558 5195 3164 5252 introduxeruntCum
3174 5202 3366 5252 autem
3381 5204 3656 5265 orassent,

2052 5285 2216 5357 petiit
2235 5302 2477 5356 magnus
2505 5284 2745 5340 Pitirum
2781 5290 2848 5340 ut
2874 5284 3121 5357 virgines
3149 5302 3348 5340 omnes
3372 5302 3568 5340 coram
3595 5304 3660 5341 ex

2049 5375 2192 5430 facie
2211 5374 2446 5430 videret.
2477 5375 2620 5430 Cum
2648 5390 2845 5430 omnes
2871 5391 3007 5445 ergo
3027 5374 3086 5429 in
3116 5375 3368 5429 medium
3399 5376 3658 5430 accessis-

2049 5470 2196 5534 sent,
2228 5465 2326 5519 illa
2352 5481 2465 5520 non
2490 5464 2772 5537 apparuit.
2791 5463 3042 5519 Tandem
3061 5463 3196 5518 dicit
3223 5463 3304 5518 eis
3326 5471 3556 5519 sanctus
3575 5465 3658 5520 Pi-

359 5551 419 5602 et
443 5557 567 5620 quae
593 5549 1036 5606 calumniantem
1074 5564 1187 5606 non
1233 5563 1712 5627 compescuerant,
1755 5561 1813 5612 et
1838 5573 1964 5630 qua:
2045 5557 2219 5612 tirum
2239 5570 2250 5610 :
2271 5556 2516 5611 Cunctas
2533 5555 2604 5610 ad
2621 5571 2710 5610 me
2724 5551 3155 5610 adducite.Cum
3167 5559 3360 5608 autem
3373 5553 3652 5609 dicerent:

359 5635 510 5693 dicta
533 5642 666 5693 sunt
689 5639 1064 5711 crediderant,
1098 5643 1457 5713 septennium
1495 5647 1832 5718 segregavit,
1866 5664 1962 5704 eas
2045 5645 2329 5700 Adsumus
2349 5660 2568 5712 omnes,
2593 5644 2730 5699 dicit
2749 5644 2830 5698 eis
2852 5663 2864 5697 :
2890 5643 3062 5698 Deest
3077 5659 3194 5698 una
3211 5659 3380 5714 quam
3411 5643 3657 5698 ostendit

358 5727 864 5787 cxcommunicans.

2043 5731 2183 5790 mihi
2211 5731 2462 5804 angelus.
2482 5728 2574 5790 Em
2598 5749 2729 5789 vero
2759 5732 2954 5790 dicunt
2984 5749 2996 5788 :
3031 5731 3217 5788 Unam
3237 5727 3516 5788 habemus
3547 5733 3640 5787 Sa-
