4024 6206
348 322 486 382 1141

1618 320 1958 381 HISTORIA
1995 313 2375 382 LKUSIACA.

3486 316 3628 381 1142

342 450 462 505 lem
494 447 622 521 (88),
658 462 781 520 quae
798 452 884 502 est
902 448 960 501 in
976 447 1179 502 culina.
1197 446 1288 503 Sic
1316 446 1468 503 enim
1496 454 1696 505 vocant
1714 450 1827 505 illic
1849 450 2011 511 easA
2028 455 2086 506 et
2110 464 2313 506 rursus
2340 449 2585 504 velocem
2613 462 2810 503 eorum
2837 444 3148 512 interitum,
3174 449 3232 502 et
3262 460 3384 519 quae
3404 447 3464 502 in
3494 460 3627 504 eum

350 558 476 615 quae
502 557 618 594 non
644 544 779 593 sunt
795 555 943 592 sana)
964 538 1187 594 mentis.
1208 537 1355 593 Dicit
1382 538 1463 593 eis
1495 552 1767 610 magnus:
1792 540 1953 595 Illam

350 645 573 703 quoque
589 626 868 691 adducite,
895 625 1062 682 sinite
1090 631 1154 682 ut
1183 643 1308 681 eam
1335 627 1579 682 videam.
1603 630 1833 684 Iverunt
1851 631 1954 683 ita-

350 731 461 786 que
484 714 554 768 ad
575 729 701 767 eam
716 711 1044 769 vocandam.
1069 711 1173 766 Illa
1190 729 1321 766 vero
1338 729 1696 784 nequaquam
1714 714 1942 782 obediit,

347 810 416 858 ut
446 820 568 875 quze
600 819 723 856 rem
754 801 1007 868 sentiret,
1040 818 1173 855 nam
1202 800 1346 856 forte
1375 801 1483 875 ipsi
1511 818 1732 875 quoque
1762 803 1948 859 fuerat

346 894 679 947 revelatum.
699 891 836 945 Eam
859 907 991 961 ergo
1020 888 1075 943 vi
1093 891 1346 957 trahunt,
1372 891 1479 963 ipsi
1498 891 1771 947 dicentes:
1803 894 1947 948 San-

347 988 473 1037 ctus
499 982 739 1037 Pitirum
766 981 887 1035 vult
914 987 971 1034 te
1001 980 1207 1045 videre,
1241 985 1365 1035 erat
1392 979 1543 1035 enim
1573 981 1620 1035 is
1642 983 1831 1052 magni
1852 999 1949 1037 no-

348 1071 538 1125 minis.
558 1070 636 1125 Ea
648 1086 780 1141 ergo
802 1066 1064 1136 adducta,
1084 1069 1225 1124 vidit
1244 1082 1482 1141 magnus
1501 1071 1622 1141 ejus
1650 1070 1870 1137 faciem,
1892 1078 1949 1127 et

348 1174 600 1232 pannum
626 1160 685 1213 in
714 1157 894 1231 capite
926 1164 980 1214 et
1010 1158 1194 1213 fronte
1217 1159 1358 1229 ejus,
1381 1164 1439 1213 et
1455 1159 1660 1213 cadens
1686 1159 1753 1213 ad
1779 1161 1948 1231 pedes

349 1248 636 1321 ejus,dicit
659 1248 710 1303 ei
735 1267 745 1301 :
773 1247 1016 1302 Benedic
1030 1246 1477 1302 Amma.Cadens
1493 1255 1682 1302 autem
1695 1250 1765 1302 ad
1780 1250 1948 1320 pedes

351 1341 475 1410 ejus
494 1354 618 1411 Ipsa
646 1353 869 1409 quoque
891 1335 1112 1391 dicebat
1135 1356 1146 1391 :
1181 1337 1265 1391 Tu
1291 1336 1429 1390 mihi
1447 1336 1701 1399 benedic,
1724 1338 1949 1392 domine

347 1428 448 1482 mi.
477 1429 619 1483 Cum
646 1428 750 1481 hoc
770 1431 959 1481 autem
978 1431 1188 1481 cunctae
1206 1422 1493 1490 vidissent,
1515 1425 1944 1499 obstupuerunt,

348 1522 408 1572 et
436 1517 489 1570 ei
517 1516 778 1571 dixerunt
802 1534 813 1567 :
849 1516 933 1569 Ne
961 1515 1063 1569 tibi
1088 1516 1188 1569 fiat
1205 1514 1471 1588 probrum
1503 1532 1568 1570 ac
1586 1516 1946 1587 vituperium,

350 1612 440 1660 est
464 1605 612 1659 enim
643 1605 788 1659 Sale.
823 1604 916 1659 Eis
947 1604 1084 1658 dicit
1122 1613 1348 1659 sanctus
1376 1605 1617 1659 Pitirum
1642 1624 1653 1658 :
1683 1606 1795 1660 Vos
1816 1606 1953 1659 estis

351 1696 501 1762 Sale,
520 1695 641 1749 haec
662 1694 810 1749 enim
832 1698 890 1748 et
908 1710 999 1747 me
1020 1698 1077 1748 et
1096 1693 1249 1748 vobis
1270 1699 1355 1748 est
1374 1694 1605 1761 melior;
1638 1698 1723 1749 est
1749 1696 1954 1749 Amma

2033 538 2323 596 irruebant
2335 539 2590 611 gentium
2611 536 2948 593 deletionem
2972 556 2983 591 :
3005 536 3144 592 adeo
3163 541 3230 591 ut
3247 548 3375 592 eum
3396 536 3629 608 quidam

2035 630 2146 684 dux
2156 629 2431 684 exercitus
2451 626 2521 683 ad
2549 642 2678 683 eum
2706 626 2951 681 venisset
2968 625 3312 699 sciscitatum
3331 640 3404 681 an
3417 622 3628 683 Ethio-

2035 735 2133 789 pes
2151 718 2246 790 qui
2269 723 2402 773 sunt
2420 718 2478 772 in
2500 717 2682 788 Syene
2701 720 2849 770 esset
2866 720 3384 786 superaturus,quze
3400 712 3629 786 quidem

2030 812 2116 861 est
2132 807 2470 879 principium
2488 804 2819 867 Thebaidis;
2851 802 2891 858 ii
2912 808 3102 859 autem
3123 809 3259 859 tunc
3278 802 3621 877 irruperant,

2030 898 2088 951 et
2117 908 2312 951 eorum
2331 895 2633 950 finitimam
2658 892 2945 963 regionem
2962 898 3348 961 vastaverant;
3369 890 3629 971 siautem

2014 978 2168 1039 .dixit
2193 982 2436 1039 Joannes
2471 1000 2482 1037 :
2529 983 2587 1038 Si
2637 982 2974 1050 ascenderis,
3022 996 3118 1037 eos
3161 982 3624 1054 comprehendes,

2031 1074 2320 1141 vincies,et
2335 1073 2457 1144 subj
2467 1076 2726 1143 unges,et
2736 1073 2924 1125 clarus
2945 1069 3054 1125 eris
3076 1064 3625 1143 apudimperatores.

2032 1163 2091 1218 Id
2118 1163 2288 1218 etiam
2308 1163 2519 1217 factum
2541 1167 2645 1227 est,
2659 1162 2716 1215 et
2736 1178 2858 1232 quas
2880 1159 3202 1216 acciderunt
3220 1161 3630 1216 confirmarunt

2032 1254 2154 1323 ejus
2175 1250 2614 1329 prmdictionem.
2632 1249 2865 1304 Dicebat
2879 1254 3071 1304 autem
3088 1246 3632 1305 Christianissimum

2031 1343 2429 1414 imperatorem
2441 1339 2815 1394 Theodosium
2828 1354 2949 1393 esse
2961 1344 3140 1393 morte
3152 1352 3256 1394 sua
3268 1339 3603 1394 moriturum
3615 1377 3633 1395 .

2033 1430 2245 1485 Habuit
2272 1428 2582 1495 autemhic
2615 1428 2699 1481 vir
2728 1427 3120 1482 admirabilem
3150 1442 3392 1500 quoque,
3425 1433 3481 1482 et
3509 1442 3633 1505 qua:

2032 1520 2264 1574 modum
2282 1516 2605 1590 snperabat,
2624 1516 2999 1588 prophetiam,
3014 1522 3077 1571 ut
3097 1515 3415 1571 audivimus
3431 1533 3496 1571 ex
3523 1516 3637 1571 Pa-
3674 1574 3681 1579 ,

2033 1606 2213 1664 tribus
2239 1608 2481 1680 quicum
2514 1620 2580 1661 eo
2604 1606 2990 1672 versabantur,
3007 1616 3247 1678 quorum
3258 1607 3372 1660 vita
3383 1604 3488 1661 finit
3513 1622 3640 1683 pro-

2034 1700 2170 1754 bata
2197 1697 2347 1770 apud
2367 1711 2562 1751 omnes
2594 1694 2691 1767 qui
2720 1694 2834 1750 illic
2862 1700 3043 1750 erant.
3076 1695 3235 1760 Quod
3261 1700 3449 1751 autem
3472 1696 3542 1750 de
3569 1712 3636 1751 eo

352 1787 455 1851 (sic
477 1783 627 1839 enim
654 1788 858 1838 vocant
886 1783 1096 1838 Matres
1130 1781 1455 1854 spiritales),
1491 1790 1548 1837 et
1576 1800 1763 1855 quaeso
1790 1788 1857 1839 ut
1884 1797 1952 1839 ea
1969 1766 2017 1829 Β
2034 1790 2173 1844 nihil
2193 1766 2479 1845 narrarint
2490 1791 2561 1844 ad
2576 1766 2838 1860 gratiam,
2864 1785 2963 1840 sed
2986 1785 3173 1840 minus
3201 1796 3370 1858 quam
3394 1794 3637 1842 merere;

350 1875 560 1945 dignus
592 1873 844 1927 inveniar
865 1873 925 1927 in
956 1872 1096 1927 hora
1119 1872 1335 1943 judicii.
1367 1870 1457 1926 Eze
1484 1879 1676 1927 autem
1704 1888 1829 1928 cum
1846 1888 1948 1928 au-

346 1963 604 2031 diissent,
646 1961 971 2017 ceciderunt
1001 1960 1072 2016 ad
1092 1962 1262 2033 pedes
1288 1963 1410 2033 ejus
1433 1963 1651 2028 ﬂentes,
1686 1966 1744 2016 et
1772 1964 1948 2017 conﬂ-

343 2059 537 2108 tentes
566 2067 760 2106 omnes
783 2052 933 2122 quod
961 2048 1183 2105 beatam
1203 2050 1435 2104 diversis
1456 2050 1636 2104 modis
1659 2050 1950 2104 afficerent

347 2141 713 2197 contumelia.
743 2140 870 2194 Alia
898 2130 1124 2211 quidem
1152 2139 1343 2193 dicens
1367 2157 1379 2191 :
1413 2139 1529 2209 Ego
1558 2138 1703 2193 hanc
1732 2155 1955 2209 semper

348 2230 796 2297 subsannabam;
828 2229 955 2293 alia,
976 2230 1091 2299 Ego
1112 2230 1232 2299 ejus
1255 2227 1524 2283 humilem
1554 2227 1809 2282 habitum
1830 2227 1954 2282 irri-

349 2320 554 2375 debam
576 2339 589 2387 ;
619 2326 675 2373 et
689 2319 817 2385 alia,
844 2319 960 2388 Ego
983 2333 1109 2371 eam
1131 2324 1409 2372 tacentem
1427 2315 1738 2371 afflciebam
1759 2322 1956 2372 contu-

347 2409 549 2475 melia;
584 2414 641 2462 et
658 2401 854 2462 rursus
886 2407 1015 2473 alia,
1049 2407 1165 2477 Ego
1197 2407 1423 2478 quadrae
1454 2405 1699 2460 eluviem
1723 2422 1867 2480 sape
1893 2405 1953 2460 in

350 2515 480 2553 eam
509 2497 677 2552 eil‘udi
700 2516 713 2565 ;
737 2498 864 2565 alia,
903 2497 1017 2567 Ego
1048 2495 1099 2549 ei
1125 2497 1318 2567 plagas
1348 2494 1527 2549 infiixi
1552 2513 1564 2562 ;
1596 2495 1709 2549 alia
1736 2511 1949 2561 rursus,

348 2587 469 2659 Ego
486 2604 553 2641 ea
573 2603 699 2641 sum
724 2603 847 2659 qum
868 2587 919 2639 ei
940 2600 1158 2659 pugnos
1188 2585 1394 2639 incussi
1417 2604 1428 2641 τ
1460 2584 1572 2639 alia
1600 2598 1815 2651 rursus,
1836 2585 1952 2654 Ego

350 2677 573 2748 sinapio
603 2678 724 2747 ejus
745 2690 909 2729 nares
932 2674 1163 2745 aspersi.
1189 2675 1259 2729 Et
1272 2678 1336 2728 ut
1354 2675 1527 2728 semel
1548 2673 1750 2739 dicam,
1783 2672 1952 2743 signi-

348 2770 595 2824 ﬁcabant
625 2785 819 2823 omnes
847 2785 905 2822 se
938 2784 1063 2822 eam
1090 2767 1258 2821 variis
1286 2767 1537 2821 affecisse
1570 2765 1944 2821 contumeliis.

350 2861 496 2914 Cum
508 2860 709 2913 harum
728 2875 858 2929 ergo
880 2856 1282 2912 confessionem
1303 2860 1609 2927 accepisset
1623 2861 1848 2910 sanctus
1864 2855 1951 2909 Pi-

349 2949 548 3014 tirum,
585 2954 642 3002 et
666 2964 767 3019 pro
790 2947 868 3001 eis
888 2946 1053 3001 simul
1068 2961 1192 3000 cum
1216 2947 1340 3017 ipsa
1358 2953 1591 3010 orasset,
1612 2951 1668 2999 et
1684 2944 1782 2999 diu
1803 2948 1952 2998 esset

348 3039 670 3092 consolatus
685 3036 1061 3091 venerandam
1074 3034 1284 3090 Christi
1301 3050 1539 3102 servam,
1554 3035 1634 3089 sic
1648 3034 1951 3091 exiit.Pau-

2030 1883 2140 1943 tur,
2164 1879 2254 1932 hic
2265 1875 2427 1933 facile
2447 1878 2575 1933 sciri
2587 1881 2790 1950 potest.
2823 1876 2970 1930 Nam
2996 1886 3125 1929 cum
3150 1872 3220 1928 ad
3242 1887 3369 1929 eum
3393 1873 3638 1929 venisset

2032 1967 2262 2039 quidam
2293 1967 2572 2035 tribunus,
2605 1972 2663 2021 et
2685 1965 2919 2038 supplex
2948 1969 3167 2037 peteret
3185 1967 3250 2019 ut
3278 1962 3633 2039 permitteret

2029 2073 2261 2112 uxorem
2284 2066 2443 2112 suam
2463 2057 2535 2111 ad
2550 2068 2680 2111 eum
2699 2055 3038 2125 venire,qu:e
3051 2053 3231 2108 multa
3249 2064 3413 2125 passa
3427 2052 3631 2120 iherat,

2036 2151 2093 2200 et
2118 2146 2340 2201 volebat
2368 2162 2498 2200 eum
2527 2146 2733 2209 videre,
2766 2147 3003 2198 ventura
3027 2143 3268 2216 Syenem
3293 2146 3356 2197 ut
3380 2156 3482 2214 pro
3510 2138 3636 2219 ipsa

2033 2234 2190 2306 prius
2219 2240 2425 2301 oraret,
2446 2240 2504 2289 et
2523 2250 2648 2289 eam
2675 2234 2807 2288 data
2828 2231 3212 2288 benedictione
3230 2228 3566 2300 dimitteret;
3585 2231 3634 2287 is

2034 2329 2225 2379 autem
2248 2324 2343 2396 qui
2358 2325 2476 2395 jam
2497 2322 2871 2395 quadraginta
2892 2321 3055 2376 annis
3069 2335 3183 2376 non
3202 2321 3419 2375 viderat
3438 2320 3634 2376 mulie-

2039 2430 2159 2468 rem
2176 2413 2234 2468 in
2254 2414 2538 2484 speiunca,
2556 2428 2685 2467 cum
2697 2414 2845 2466 esset
2862 2409 3293 2481 nonagenarius,
3314 2406 3372 2465 et
3388 2426 3491 2465 nec
3510 2408 3630 2482 ipse

2034 2518 2286 2574 unquam
2316 2507 2465 2556 esset
2491 2517 2769 2571 egressus,
2798 2514 2900 2555 nec
2929 2494 3035 2554 sibi
3062 2499 3416 2572 permitteret
3442 2496 3632 2554 videre

2034 2591 2354 2658 mulierem,
2372 2587 2668 2645 recusabat
2680 2589 2865 2644 videre
2877 2589 2999 2660 ejus
3021 2602 3267 2643 uxorem.
3294 2587 3403 2643 Sed
3426 2604 3528 2650 nec
3547 2590 3631 2642 vir

2034 2680 2182 2734 ullus
2213 2681 2283 2735 ad
2304 2697 2434 2735 eum
2452 2694 2701 2750 unquam
2722 2684 2807 2733 est
2827 2678 3131 2749 ingressus.
3157 2677 3350 2732 Solum
3368 2676 3520 2747 enim
3536 2676 3631 2732 be-

2033 2768 2326 2822 nedicebat
2352 2780 2455 2840 per
2481 2767 2803 2833 fenestram,
2836 2772 2893 2821 et
2920 2765 3201 2821 salutabat
3220 2782 3315 2820 eos
3343 2766 3439 2838 qui
3464 2780 3623 2821 acce-

2031 2856 2258 2924 debant,
2291 2873 2419 2911 cum
2448 2871 2788 2927 unoquoque
2817 2855 3098 2910 disserens
3128 2854 3198 2909 de
3228 2871 3294 2909 eo
3317 2855 3466 2927 quod
3480 2856 3631 2910 vole-

2032 2944 2128 3000 bat
2147 2948 2187 2999 ¹.
2208 2947 2348 3000 Cum
2375 2960 2511 3016 ergo
2536 2946 2776 2999 instaret
2794 2944 3073 3011 tribunus,
3098 2958 3303 3017 rogans
3326 2960 3399 2999 an
3404 2944 3633 3017 juberet

2032 3052 2192 3090 suam
2222 3035 2411 3089 venire
2432 3036 2727 3105 conjugem
2768 3033 3028 3103 (degebat
3056 3033 3208 3087 enim
3240 3033 3300 3087 in
3327 3033 3631 3088 solitudine

349 3127 431 3181 cis
451 3132 642 3181 autem
665 3132 793 3197 post
816 3125 1011 3179 diebus
1032 3141 1161 3180 cum
1176 3124 1245 3179 ab
1265 3124 1525 3179 omnibus
1536 3124 1694 3178 valde
1712 3124 1951 3177 honora-
1966 3126 2009 3187 ο
2033 3125 2229 3197 quinto
2251 3123 2321 3178 ab
2340 3116 2479 3179 urbe
2498 3122 2705 3194 lapide)
2720 3123 2766 3177 is
2779 3127 2969 3178 autem
2989 3136 3104 3177 non
3123 3121 3630 3189 annuisset,dicens

345 3222 525 3283 retur,
542 3220 600 3269 et
625 3215 695 3270 ab
724 3213 983 3270 omnibus
1011 3215 1423 3279 observaretur,
1448 3226 1562 3267 non
1583 3212 1768 3267 ferens
1783 3212 1948 3266 beata

344 3305 587 3377 gloriam
614 3312 671 3359 et
687 3306 958 3359 honorem
980 3320 1090 3375 quo
1119 3303 1467 3358 afficiebatur
1484 3302 1554 3355 ab
1575 3301 1725 3355 omni
1752 3301 1949 3355 frater-

344 3396 611 3461 nitate,et
630 3394 1014 3448 excusationes
1034 3409 1176 3447 onus
1201 3409 1323 3447 esse
1343 3391 1794 3456 arbitrans,clam
1813 3390 1948 3444 exiit

345 3501 415 3538 ex
443 3483 786 3537 monasterio
813 3501 824 3549 ;
858 3488 914 3536 et
936 3496 1182 3553 quonam
1209 3482 1390 3548 iverit,
1422 3486 1522 3534 aut
1565 3494 1733 3553 quem
1760 3479 1947 3533 locum

344 3571 709 3631 subierit,aut
723 3571 819 3626 ubi
840 3570 1232 3637 obierit,nemo
1248 3570 1507 3640 cognovit
1530 3568 1589 3622 in
1611 3567 1948 3622 hodiernum

339 3662 513 3716 diem.
552 3660 678 3715 Haec
708 3665 840 3715 sunt
867 3677 1152 3731 generosae
1173 3667 1230 3714 et
1255 3658 1484 3714 humilis
1516 3657 1748 3728 virginis
1777 3657 1948 3728 hujus

345 3762 411 3805 ac
438 3751 618 3806 beatae
646 3756 795 3804 recte
817 3751 963 3805 facta
992 3755 1049 3804 et
1077 3764 1266 3821 opera.

913 3839 1147 3895 CAPUT
1175 3838 1374 3893 XLIII.

636 3932 710 3985 De
732 3932 920 3984 abbate
948 3931 1159 3983 Joanne
1177 3925 1290 3997 (80)
1319 3929 1475 3982 urbis
1509 3929 1659 3994 Lyco.

418 4020 549 4074 Fuit
572 4020 799 4092 quidam
832 4020 1076 4073 Joannes
1120 4018 1180 4071 in
1219 4016 1358 4071 urbe
1383 4017 1551 4087 Lyco,
1585 4015 1680 4088 qui
1707 4030 1739 4068 a
1770 4026 1943 4085 puero

345 4110 577 4181 quidem
607 4109 802 4164 didicit
820 4114 1001 4163 artem
1021 4105 1298 4173 fabrilem,
1322 4105 1410 4160 cui
1431 4105 1537 4159 fuit
1555 4104 1730 4159 frater
1739 4104 1945 4158 tinctor

348 4200 536 4269 (Ra/)2,
563 4200 656 4253 lib.
689 4210 756 4262 ιι,
788 4214 905 4267 cap.
941 4198 1011 4271 1).
1035 4196 1237 4251 Postea
1258 4200 1449 4250 autem
1469 4208 1597 4249 cum
1618 4199 1766 4249 esset
1781 4193 1941 4247 circi-

342 4290 433 4342 ter
446 4287 646 4358 viginti
666 4287 913 4359 quinque
929 4301 1105 4340 annos
1125 4284 1518 4353 natus,sa3culo
1542 4287 1728 4351 F339
1740 4294 1944 4337 renun-

340 4376 540 4441 tiavit;
576 4384 631 4431 et
657 4392 786 4431 cum
814 4376 1060 4448 quinque
1092 4390 1269 4429 annos
1298 4381 1550 4428 versatus
1569 4377 1717 4427 esset
1734 4372 1793 4426 in
1821 4388 1942 4425 mo-

2029 3212 2087 3268 id
2116 3230 2229 3269 non
2269 3230 2431 3286 posse
2462 3214 2603 3277 ﬂeri,
2647 3214 2871 3267 tristem
2902 3211 3120 3266 dimisit
3145 3210 3451 3265 hominem.
3479 3209 3631 3265 Uxor

2030 3311 2220 3358 autem
2237 3318 2349 3357 non
2364 3302 2616 3357 cessabat
2632 3303 2721 3356 die
2739 3307 2796 3356 et
2820 3304 2981 3356 nocte
2997 3301 3201 3354 marito
3223 3296 3486 3354 exhibere
3513 3308 3630 3353 mo-

2028 3393 2270 3457 lestiam,
2286 3397 2343 3447 et
2363 3391 2735 3464 jurejurando
2756 3390 3041 3445 affirmare
3063 3404 3123 3444 se
3143 3400 3421 3460 nusquam
3449 3387 3630 3445 abitu-

2028 3496 2151 3536 ram
2180 3481 2290 3536 nisi
2319 3480 2533 3535 videret
2554 3481 2907 3552 prophetam.
2923 3480 3229 3552 Postquam
3249 3481 3439 3533 autem
3460 3476 3626 3532 beato‘

2029 3569 2229 3625 Joanni
2248 3586 2282 3623 a
2294 3571 2499 3623 marito
2509 3569 2895 3623 renuntiatum
2912 3572 2998 3622 est
3004 3568 3119 3639 jusj
3128 3567 3406 3621 urendum
3416 3566 3624 3634 uxoris,

2030 3661 2151 3730 ejus
2171 3658 2282 3713 iide
2302 3659 2606 3725 intellecta,
2630 3657 2766 3712 dicit
2789 3656 2859 3712 ad
2888 3658 3073 3728 ipsum
3098 3676 3112 3713 :
3134 3654 3251 3711 Hac
3269 3660 3431 3711 nocte
3460 3652 3531 3710 ab
3560 3668 3627 3710 ea

2030 3748 2258 3803 videbor
2282 3749 2343 3803 in
2366 3748 2603 3816 somnis;
2635 3762 2737 3801 nec
2765 3746 3007 3818 amplitIS
3047 3751 3247 3817 pergat
3268 3746 3326 3800 in
3350 3758 3517 3800 carne
3544 3745 3627 3799 vi-'

2027 3838 2159 3892 dere
2185 3854 2369 3893 meam
2389 3838 2605 3892 faciem.
2631 3836 2801 3892 Uxori
2818 3842 3008 3891 autem
3024 3835 3367 3890 renuntiavit
3389 3834 3627 3889 maritus

2028 3932 2085 3982 et
2098 3944 2219 3998 qua)
2232 3927 2400 3981 Pater
2420 3928 2654 3981 dixerat.
2669 3924 2910 3981 Videbat
2937 3930 3127 3980 autem
3155 3923 3357 3984 mulier
3394 3922 3454 3978 in
3482 3932 3629 3978 som-

2026 4016 2114 4070 nis
2142 4016 2474 4087 prophetam
2504 4016 2574 4071 ad
2595 4017 2777 4088 ipsam
2808 4016 3146 4070 venientem.
3165 4013 3269 4069 Cui
3284 4012 3421 4068 dicit
3444 4031 3456 4068 ε
3480 4000 3630 4078 Quid

2024 4102 2127 4159 tibi
2145 4121 2363 4159 mecum
2384 4104 2466 4161 rei
2482 4110 2570 4159 est
2587 4104 2820 4158 mulier?
2833 4102 2968 4177 quid
2992 4116 3177 4158 meam
3198 4098 3425 4176 cupiisti
3437 4100 3629 4157 videre

2023 4192 2258 4249 faciem?
2288 4194 2544 4265 nunquid
2574 4193 2725 4247 enim
2754 4193 3030 4264 propheta
3049 4208 3152 4262 ego
3181 4200 3328 4257 sum,
3362 4196 3462 4246 aut
3478 4190 3625 4263 justi

2024 4285 2208 4338 locum
2229 4282 2479 4337 obtineo?
2499 4283 2667 4336 homo
2684 4298 2807 4335 sum
2823 4284 3164 4354 peccator,et
3173 4280 3435 4335 similiter
3453 4278 3625 4351 atque

2024 4390 2120 4427 vos
2140 4373 2411 4446 patibilis:
2446 4370 2599 4426 oravi
2630 4370 2821 4425 tamen
2841 4383 2942 4442 pro
2963 4372 3020 4424 te
3037 4374 3094 4424 et
3116 4369 3282 4424 domo
3304 4366 3494 4424 mariti
3509 4369 3614 4437 tui,

344 4440 612 4530 nasterio,
632 4440 861 4520 secessit
879 4440 1030 4519 solus
1060 4464 1119 4518 in
1139 4468 1390 4519 montem
1412 4462 1579 4535 Lyco,
1605 4466 1662 4516 et
1692 4459 1749 4514 in
1780 4475 1938 4515 cacu-
1955 4440 2006 4507 D
2019 4468 2084 4516 ut
2095 4440 2194 4516 fiat
2207 4461 2358 4516 vobis
2369 4450 2681 4519 Secundum
2695 4440 2864 4514 fidem
2876 4458 3231 4514 vestram.Ite
3244 4473 3377 4529 ergo
3391 4457 3450 4511 in
3462 4466 3619 4533 pace.

344 4555 498 4609 mine
548 4554 754 4608 montis
809 4554 968 4608 factis
1022 4552 1129 4607 sibi
1171 4552 1351 4607 tribus
1391 4552 1582 4619 tholis,
1632 4551 1938 4621 ingressus,

344 4644 592 4715 seipsum
610 4643 980 4699 intediﬁcavit.
995 4645 1181 4714 Atque
1202 4647 1324 4697 erat
1341 4642 1569 4714 quidem
1589 4654 1736 4695 unus
1754 4638 1942 4693 tholus

341 4733 415 4787 ad
430 4733 681 4809 corporis
700 4733 1082 4797 necessitates,
1099 4748 1247 4787 unus
1261 4737 1449 4786 autem
1461 4728 1557 4785 ubi
1578 4729 1937 4802 operabatur,

341 4823 490 4877 alius
508 4839 640 4877 vero
655 4821 753 4877 ubi
774 4821 988 4876 orabat.
1008 4822 1062 4876 Is
1082 4838 1209 4876 cum
1231 4821 1567 4893 complesset
1582 4818 1819 4890 triginta
1848 4832 1945 4873 an-

340 4927 467 4979 nos,
497 4910 768 4974 inclusus,
800 4914 857 4964 et
887 4910 956 4965 ab
978 4926 1043 4964 eo
1074 4910 1170 4981 qui
1199 4909 1251 4963 ei
1278 4908 1635 4963 ministrabat
1663 4924 1764 4980 per
1785 4907 1943 4961 fene-

340 5004 523 5055 stram
544 4999 821 5073 accipiens
852 5014 973 5071 quae
1003 5002 1165 5053 erant
1192 4999 1262 5054 ad
1291 5012 1456 5053 usum
1496 4996 1833 5064 necessaria,
1866 4995 1945 5055 di-

337 5106 488 5161 gnus
505 5092 592 5142 est
605 5088 830 5143 habitus
840 5087 1023 5159 gratia
1038 5088 1357 5143 futurorum
1369 5086 1941 5159 prazdictionis,quem

338 5178 556 5233 donum
576 5177 784 5233 habere
804 5178 1109 5250 prophetiae
1130 5177 1362 5250 planum
1389 5177 1598 5231 factum
1622 5181 1707 5230 est
1728 5193 1794 5229 ex
1813 5193 1942 5248 ope-

340 5267 516 5324 ribus.
540 5267 763 5322 Etenim
791 5274 991 5322 cuncta
1019 5282 1142 5339 quae
1171 5284 1206 5321 a
1232 5268 1348 5323 Deo
1378 5266 1437 5321 in
1467 5266 1739 5321 mundum
1757 5265 1941 5319 venie-

342 5358 501 5425 bant,
520 5356 580 5412 in
601 5357 799 5429 primis
818 5357 911 5428 pio
932 5357 1258 5430 imperatori
1275 5356 1588 5412 Theodosio
1601 5356 1757 5427 prius
1774 5352 1942 5426 signi-

338 5446 548 5514 ﬁcavit,
564 5452 621 5501 et
637 5463 759 5525 quae
780 5456 975 5501 rurshs
994 5454 1263 5501 eventura
1277 5452 1460 5514 erant,
1475 5446 1632 5517 prius
1646 5445 1943 5499 annuntia-

339 5536 441 5604 vit;
460 5549 661 5609 nempe
677 5540 734 5591 et
745 5534 1295 5608 tyrannorum(90)in
1310 5552 1438 5592 eum
1452 5534 1938 5603 insurrectionem,

2026 4552 2095 4606 Et
2121 4567 2246 4605 cum
2275 4552 2392 4605 haec
2411 4548 2663 4617 dixisset,
2700 4548 2949 4604 recessit.
2985 4549 3126 4604 Cum
3155 4552 3347 4603 autem
3379 4547 3620 4602 excitata

2028 4638 2224 4695 fuisset
2243 4640 2463 4706 mulier,
2488 4638 2833 4695 renuntiavit
2850 4636 3054 4692 marito
3072 4636 3240 4691 verba
3252 4637 3555 4709 prophetae,
3565 4642 3625 4690 et

2025 4730 2278 4784 narravit
2301 4731 2539 4801 figuram
2562 4730 2618 4783 et
2632 4727 2907 4795 habitum,
2923 4732 2980 4782 et
3000 4738 3101 4798 per
3112 4725 3381 4780 maritum
3396 4723 3447 4780 ei
3468 4724 3625 4779 misit

2026 4817 2270 4888 agendas
2300 4817 2531 4889 gratias.
2569 4817 2711 4872 Cum
2739 4828 2869 4871 eum
2914 4818 3108 4869 autem
3151 4812 3382 4868 vidisset
3418 4801 3621 4869 beatus

2024 4904 2286 4975 Joannes,
2318 4920 2595 4979 occupans
2625 4907 2677 4960 ei
2702 4904 2841 4959 dixit
2872 4923 2883 4958 :
2931 4903 3068 4959 Ecce
3090 4901 3316 4974 implevi
3346 4898 3496 4973 quod
3525 4914 3622 4979 po-

2028 4995 2361 5063 stulaveras;
2390 5013 2514 5050 eam
2543 4995 2696 5050 enim
2722 4994 2935 5060 videns,
2967 4991 3161 5047 monui
3191 5007 3263 5046 ne
3290 5006 3382 5046 me
3406 4990 3621 5048 videret

2024 5084 2285 5158 amplius,
2319 5085 2435 5152 sed,
2468 5086 2552 5141 Ite
2581 5086 2639 5140 ih
2666 5098 2819 5158 pace.

2094 5176 2342 5230 Alterius
2370 5180 2558 5230 autem
2592 5170 2877 5246 praepositi
2905 5182 3063 5239 uxor,
3112 5171 3343 5227 absente
3389 5173 3614 5239 marito,
3655 5214 3663 5223 .

2022 5262 2239 5320 ferebat
2257 5270 2502 5319 uterum.
2536 5266 2677 5320 Cum
2701 5269 2891 5319 autem
2918 5258 3245 5336 peperisset,
3278 5276 3343 5317 eo
3371 5261 3493 5334 ipso
3522 5256 3615 5315 die

2026 5371 2134 5426 quo
2156 5355 2278 5424 ejus
2308 5354 2543 5409 maritus
2572 5353 2831 5409 convenit
2858 5348 3085 5408 Patrem
3114 5353 3409 5416 Joannem,
3438 5349 3616 5408 animi

2024 5443 2269 5515 deliqhio
2289 5443 2440 5498 venit
2461 5442 2519 5498 in
2533 5440 2936 5519 periculum.Ei
2950 5448 3141 5497 autem
3159 5446 3382 5497 sanctas
3402 5444 3619 5495 annun-

2024 5533 2203 5601 tiavit,
2234 5531 2425 5588 dicens
2467 5552 2477 5586 :
2524 5533 2583 5588 Si
2611 5531 2779 5588 scires
2816 5531 3029 5587 donum
3058 5524 3160 5587 Dei
3194 5530 3410 5601 (Joann.
3443 5527 3535 5595 iv),
3562 5528 3620 5589 et

416 5662 434 5695 ί
479 5660 581 5716 Hic
607 5662 863 5733 quaedam
894 5663 1124 5719 Graecus
1151 5666 1338 5717 textus
1364 5661 1670 5728 interserit,
1704 5676 1827 5731 qua:
1850 5658 2029 5715 habes
2061 5659 2211 5728 apud
2240 5656 2612 5726 Heraclidem,
2641 5673 2761 5728 cap.
2794 5654 2887 5711 22.
