4008 6210
407 235 546 300 1143
1505 245 1599 300 DE
1633 244 1822 302 VITIS
1859 242 1997 301 PAT

2083 240 2156 297 [Μ
2193 239 2408 297 LIBER
2443 238 2596 294 VIII.
3537 233 3562 293 l
3580 233 3682 292 144

402 365 553 440 quod
581 364 684 423 tibi
713 372 881 423 natus
908 368 983 422 sit
1007 365 1174 422 hodie
1204 365 1372 435 filius,
1411 369 1590 425 Deum
1616 371 1961 442 glorificares
1980 387 1993 438 ;
2009 367 2308 430 Aeminus.
2325 366 2466 422 Cum
2487 367 2676 420 essent
2693 365 2883 418 autem
2907 361 3171 416 collocuti
3188 360 3680 427 diutius,tristitia

400 455 499 513 sed
519 461 703 512 mater
720 458 842 528 ejus
858 457 1262 529 propemodum
1274 458 1426 512 venit
1443 458 1502 514 in
1513 459 1993 530 periculum.Cum
2074 473 2202 514 sum
2229 456 2480 520 affectus,
2514 459 2572 509 et
2593 451 2941 508 murmuravi
2989 450 3255 506 adversus
3293 449 3678 505 venerabilem

398 546 617 600 veneris
633 545 1080 616 igitur,invenies
1098 545 1368 602 infantem
1387 553 1602 618 septem
1623 549 1741 603 dies
1762 554 1987 604 natum:
2073 561 2266 600 senem
2297 542 2424 612 (92),
2458 543 2608 615 quod
2636 558 2725 597 me
2748 540 2975 612 quidem
3024 540 3474 612 contempsisset,
3515 539 3679 593 illum

399 635 451 690 ei
478 634 703 706 impone
732 651 936 690 nomen
963 635 1224 692 Joannes.
1250 637 1505 706 Cumque
1531 654 1659 692 eum
1682 643 1832 692 recte
1859 638 1991 692 edu-
2073 639 2263 689 autem
2293 633 2653 698 honorasset;
2683 636 2742 685 et
2777 629 2846 684 ob
2875 630 2933 684 id
2971 630 3161 685 animo
3190 629 3585 694 conturbatus,
3619 628 3681 682 in

394 723 623 788 caveris,
659 727 715 777 et
745 723 816 778 ad
845 739 1056 778 annum
1084 724 1386 796 septimum
1416 726 1645 792 venerit,
1677 727 1838 781 mitte
1859 743 1989 781 eum
2072 723 2262 778 animo
2287 721 2561 776 habebam
2590 737 2656 775 eo
2679 724 2999 790 contempto
3020 719 3301 773 recedere.
3333 718 3550 772 Vocato
3581 733 3684 770 au-

392 811 465 866 ad
496 812 799 867 monachos
820 813 916 883 qui
942 818 1076 867 sunt
1103 812 1163 868 in
1191 813 1595 869 solitudine.Et
1613 815 1730 870 haec
1759 815 1986 886 quidem
2070 816 2186 866 tem
2222 811 2549 882 interprete,
2580 808 2872 863 Theodoro
2901 808 3148 872 nomine,
3195 807 3334 861 dicit
3364 806 3418 860 ei
3446 825 3457 858 :
3494 805 3677 868 Vade,

393 900 722 955 ostendebat
751 901 1023 956 miracula
1050 902 1120 956 iis
1165 903 1260 974 qui
1310 903 1608 958 veniebant
1635 903 1705 958 ab
1744 904 1979 972 exteris;

391 989 509 1044 suis
538 995 728 1044 autem
759 989 968 1044 civibus
1012 997 1242 1062 propter
1269 1008 1434 1046 suum
1464 1009 1629 1047 usum
1659 993 1882 1047 assidue
1912 993 1984 1047 ad

387 1077 574 1150 ipsum
586 1077 937 1134 venientibus
949 1085 1006 1133 ct
1017 1079 1345 1151 praesciebat
1359 1087 1415 1135 et
1426 1081 1761 1152 praedicebat
1773 1081 1980 1149 futura;

391 1173 450 1222 et
479 1183 602 1238 quae
629 1167 700 1222 ab
728 1184 1068 1240 unoquoque
1097 1171 1309 1224 occulte
1352 1170 1497 1224 facta
1545 1171 1785 1236 fuerant,
1831 1178 1889 1225 et
1915 1171 1984 1225 de

390 1255 539 1322 Nilo,
564 1261 621 1310 ct
642 1257 710 1310 de
730 1256 920 1311 futura
941 1259 1074 1312 anni
1098 1259 1384 1313 fertilitate
1415 1260 1494 1313 eis
1511 1259 1876 1330 signiﬁcabat.
1902 1259 1984 1314 Si-

2067 901 2154 955 dic
2174 900 2254 955 illi
2268 900 2431 954 fratri
2448 904 2512 955 ut
2529 915 2600 953 ne
2613 915 2758 969 aegre
2778 898 2953 964 ferat;
2968 899 3086 968 jam
3108 897 3329 951 dimitto
3351 895 3676 967 praesidem,

2067 995 2125 1044 et
2171 1006 2306 1045 eum
2363 990 2634 1060 alloquar.
2668 987 2864 1041 Visum
2907 993 2994 1041 est
3025 1003 3158 1057 ergo
3188 985 3328 1040 mihi
3355 986 3680 1040 toleranter

2066 1080 2232 1145 ferre,
2258 1085 2325 1133 ut
2353 1079 2448 1150 qui
2469 1077 3010 1134 animadvertissem,
3035 1093 3164 1130 eum
3183 1092 3303 1130 esse
3329 1074 3675 1146 spiritalem.

2067 1169 2206 1224 Cum
2223 1168 2446 1222 exiisset
2459 1172 2647 1221 autem
2660 1183 2884 1237 praeses,
2911 1182 3003 1219 me
3015 1165 3304 1231 accersito,
3328 1164 3467 1218 dicit
3489 1165 3636 1219 mihi
3666 1185 3676 1216 :

2066 1259 2180 1314 Cur
2197 1263 2393 1312 contra
2409 1273 2498 1310 me
2517 1255 2672 1310 fuisti
2691 1255 3019 1326 indignatus
3038 1255 3062 1307 ?
3077 1254 3222 1319 Quid
3238 1254 3504 1308 invenisti
3522 1254 3679 1325 quod

392 1344 605 1400 militer
633 1352 824 1401 autem
861 1347 962 1400 Dei
992 1363 1214 1418 quoque
1242 1348 1426 1402 minas
1456 1350 1526 1402 ad
1576 1365 1670 1402 eos
1700 1349 1989 1403 venientes
2069 1351 2125 1401 te
2158 1348 2286 1417 jure
2333 1345 2658 1411 offenderet,
2699 1345 2848 1415 quod
2885 1345 2983 1398 illa
3012 1343 3200 1397 animo
3233 1344 3514 1414 reputasti
3551 1360 3679 1414 quae

397 1433 553 1506 prius
581 1433 971 1501 annuntiabat,
1006 1440 1063 1489 et
1078 1437 1200 1506 ejus
1224 1442 1480 1490 auctores
1502 1437 1790 1507 arguebat.
1805 1439 1989 1507 Atque
2071 1451 2252 1506 neque
2268 1435 2406 1488 mihi
2433 1434 2659 1500 adsunt,
2693 1439 2941 1504 nequete
2962 1433 3201 1487 decent?
3221 1435 3308 1486 An
3329 1433 3514 1486 nescis
3545 1435 3683 1487 seri-

395 1522 515 1595 ipse
541 1523 764 1594 quidem
793 1523 990 1578 beatus
1017 1526 1260 1579 Joannes
1314 1542 1427 1580 non
1466 1525 1768 1596 peragebat
1797 1531 1991 1597 aperte
2071 1531 2232 1597 ptum
2263 1541 2415 1578 esse:
2443 1524 2569 1577 Non
2595 1539 2735 1594 Opus
2755 1522 2965 1576 habent
2993 1521 3118 1576 sani
3144 1521 3380 1588 medico,
3404 1522 3504 1576 sed
3529 1523 3682 1576 male

396 1612 716 1667 curationes
740 1631 754 1680 ;
788 1613 927 1668 dans
956 1619 1147 1669 autem
1175 1615 1382 1683 oleum,
1415 1616 1630 1670 curavit
1676 1615 1884 1670 multos
1921 1631 1991 1670 ex
2073 1613 2344 1668 habentes
2372 1613 2584 1681 (Matth.
2609 1626 2665 1666 ix
2689 1631 2700 1680 ;
2729 1613 2957 1668 Marcx
2984 1630 2997 1679 ;
3027 1613 3180 1666 Luca:
3207 1612 3281 1680 v).
3307 1611 3408 1675 Te,
3450 1612 3680 1681 quando

395 1701 465 1755 iis
496 1701 591 1772 qui
617 1701 968 1759 laborabant.

469 1790 749 1846 Senatorii
779 1791 932 1846 enim
973 1793 1269 1862 cujusdam
1297 1793 1401 1848 viri
1430 1808 1590 1860 uxor,
1636 1810 1760 1864 quae
1800 1794 1992 1847 oculos

365 1874 367 1876 ’
396 1879 682 1947 amiserat,
710 1887 768 1935 et
786 1879 1030 1936 habebat
1048 1882 1290 1953 pupillas
1311 1881 1578 1936 obductas
1599 1883 1880 1952 albugine,
1905 1899 1994 1936 ro-

395 1969 551 2038 gavit
577 1969 1024 2024 maritumsuum
1040 1976 1105 2025 ut
1132 1971 1201 2025 ad
1226 1971 1410 2042 ipsum
1440 1970 1830 2026 deduceretur.
1852 1972 1993 2026 Cum

398 2058 447 2113 is
471 2063 662 2113 autem
691 2058 919 2126 diceret,
953 2075 1083 2114 eum
1124 2075 1414 2131 nunquam
1442 2060 1768 2115 convenisse
1792 2060 1995 2114 mulie-

398 2163 541 2215 rem,
560 2163 629 2201 ea
653 2153 842 2202 autem
870 2153 1099 2218 rogaret
1127 2155 1192 2202 ut
1218 2148 1324 2220 ipsi
1353 2149 1535 2203 solum
1562 2149 1992 2218 significaretur,

401 2241 458 2291 et
485 2253 586 2308 pro
614 2236 739 2309 ipsa
757 2237 814 2291 id
846 2238 1110 2301 efficeret,
1133 2237 1227 2292 ille
1246 2238 1324 2292 sic
1353 2237 1503 2304 fecit,
1536 2243 1593 2291 et
1613 2237 1766 2291 misit
1785 2238 1991 2292 oleum.

401 2326 545 2381 Cum
574 2331 688 2380 tres
713 2331 903 2381 autem
925 2326 1235 2381 diessolum
1261 2327 1575 2382 inunxisset
1593 2327 1997 2398 oculos,respe-

399 2416 500 2489 xit,
535 2421 591 2470 et
618 2417 734 2470 Deo
764 2421 957 2488 aperte
987 2416 1103 2486 egit
1129 2417 1361 2485 gratias.

473 2505 544 2559 Et
558 2505 691 2576 quid
701 2521 841 2576 opus
851 2510 936 2559 est
947 2505 1132 2559 dicere
1153 2504 1222 2558 de
1243 2505 1369 2558 aliis
1390 2507 1439 2575 ej
1449 2521 1512 2558 us
1529 2504 1796 2575 operibus
1814 2509 2002 2570 I740

403 2610 527 2666 quze
573 2594 707 2664 ipsis
750 2595 924 2648 oculis
953 2594 1308 2665 accepimus?
1338 2594 1576 2647 Eramus
1600 2593 1750 2647 enim
1781 2599 1999 2664 septem

401 2684 604 2737 fratres
629 2683 910 2754 peregrini
943 2699 1138 2737 omnes
1168 2682 1226 2737 in
1258 2683 1561 2737 solitudine
1586 2682 1800 2749 Nitriaa,
1825 2699 1928 2752 ego
1946 2687 2003 2737 et

405 2771 605 2825 beatus
625 2771 913 2841 Evagrius,
949 2777 1006 2826 et
1023 2771 1281 2838 Albinus,
1311 2777 1369 2826 et
1393 2772 1746 2829 Ammonius.
1782 2772 2004 2836 Quaere-

404 2859 606 2915 bamus
625 2866 813 2914 autem
836 2860 976 2915 scire
997 2867 1256 2916 accurate
1268 2878 1523 2932 quaenam
1547 2866 1694 2916 esset
1709 2861 1879 2932 hujus
1900 2861 2003 2914 viri

405 2949 762 3004 virtus.Dixit
776 2955 966 3004 autem
983 2967 1223 3021 magnus
1244 2951 1514 3021 Evagrius
1538 2969 1549 3004 :
1585 2951 1871 3005 Lubenter
1897 2950 2003 3004 sci-

2010 1688 2058 1749 Β
2079 1703 2218 1769 volo,
2252 1701 2490 1768 invenio,
2517 1707 2574 1756 et
2602 1706 2663 1755 tu
2693 1717 2817 1769 me;
2847 1706 2905 1754 et
2931 1700 2978 1755 si
3005 1706 3061 1754 te
3091 1716 3205 1754 non
3234 1699 3392 1754 fuero
3418 1700 3682 1754 consola-

2073 1797 2185 1860 tus,
2210 1792 2306 1846 alii
2330 1798 2387 1846 te
2416 1791 2777 1846 consolantur
2797 1790 3082 1856 fratres,et
3099 1789 3195 1842 alii
3217 1789 3436 1845 Patres.
3455 1790 3562 1844 Hic
3584 1805 3681 1844 au-

2074 1888 2190 1936 tem
2221 1882 2317 1952 qui
2339 1898 2439 1952 per
2469 1880 2758 1935 mundana
2787 1880 3014 1950 negotia
3040 1884 3163 1933 erat
3179 1879 3404 1933 deditus
3432 1878 3679 1943 diabolo,

2077 1977 2134 2026 et
2153 1987 2279 2025 cum
2307 1969 2460 2024 brevi
2489 1969 2759 2041 temporis
2796 1969 2978 2040 spatio
3026 1968 3360 2040 respirasset
3386 1974 3453 2022 ut
3483 1985 3683 2022 servus

2078 2061 2175 2133 qui
2200 2059 2419 2130 aufugit
2446 2058 2516 2112 ab
2544 2063 2770 2114 austero
2797 2058 3044 2124 domino,
3074 2057 3310 2112 accessit
3335 2063 3401 2113 ut
3429 2057 3684 2128 aliquam

2077 2155 2303 2221 caperet
2327 2148 2651 2203 utilitatem.
2675 2147 2998 2203 Absurdum
3029 2164 3163 2217 ergo
3187 2147 3387 2201 fuisset
3410 2152 3474 2200 ut
3496 2163 3566 2201 eo
3592 2164 3683 2201 re-

2077 2239 2207 2294 licto
2235 2244 2423 2293 tecum
2445 2253 2718 2303 versarer,
2750 2253 2876 2292 cum
2909 2243 2972 2291 tu
3021 2237 3245 2291 assidue
3284 2252 3448 2290 vaces
3489 2237 3679 2291 saluti.

2080 2330 2222 2383 Cum
2244 2344 2371 2382 eum
2387 2343 2521 2398 ergo
2545 2343 2833 2397 rogassem
2855 2331 2920 2380 ut
2949 2342 3050 2397 pro
3081 2343 3171 2380 me
3198 2333 3405 2393 oraret,
3427 2327 3683 2398 explem-

2079 2423 2202 2473 tum
2221 2417 2390 2471 habui
2415 2433 2544 2472 eum
2575 2432 2700 2470 esse
2731 2417 2914 2470 virum
2941 2415 3272 2487 spiritalem.
3295 2417 3455 2471 Tunc
3468 2415 3685 2471 urbane

2081 2523 2302 2561 mecum
2320 2508 2669 2577 jocans,cum
2689 2504 2979 2559 sinistram
2999 2505 3285 2560 maxillam
3306 2506 3448 2559 mihi
3472 2507 3683 2560 sensim

2081 2595 2522 2667 pulsasset,dicit
2542 2610 2558 2649 :
2585 2595 2774 2649 Multa:
2795 2600 2852 2648 te
2872 2599 3104 2649 manent
3121 2594 3540 2660 afflictiones,et
3551 2612 3685 2666 gra-

2083 2685 2172 2738 via
2200 2683 2344 2738 bella
2359 2700 2557 2755 passus
2587 2701 2644 2738 es
2669 2689 2733 2738 ut
2762 2684 2942 2738 exires
2971 2683 3338 2749 esolitudine,
3364 2685 3684 2755 timoreque

2085 2774 2314 2828 affectus
2337 2789 2414 2838 es,
2451 2779 2507 2827 et
2538 2773 2807 2827 distulisti
2840 2789 2853 2827 :
2887 2773 3009 2844 pios
3047 2779 3238 2827 autem
3281 2779 3590 2844 praetextus
3630 2780 3688 2828 et

2085 2862 2292 2917 rationi
2319 2869 2724 2916 consentaneos
2773 2862 3012 2916 afferens
3051 2863 3289 2929 daemon,
3323 2869 3378 2917 te
3411 2864 3684 2934 exagitat.

2084 2951 2207 3005 Tibi
2225 2951 2375 3005 enim
2395 2953 2676 3022 suggessit
2687 2956 2742 3004 et
2756 2951 2932 3022 patris
2948 2952 3034 3005 tui
3050 2951 3477 3017 desiderium,et
3493 2953 3690 3009 fratris

410 3055 529 3094 rem
558 3038 628 3093 ab
669 3039 858 3110 aliquo
909 3039 1005 3111 qui
1041 3039 1192 3094 norit
1239 3040 1562 3094 examinare
1591 3046 1646 3094 et
1673 3045 1918 3093 mentem
1951 3044 2067 3103 etC
2085 3042 2168 3095 tui
2199 3048 2256 3095 et
2280 3041 2489 3096 sororis
2528 3046 2638 3094 tuae
2668 3041 2726 3094 in
2759 3041 2874 3094 vita
2902 3041 3215 3095 monastica
3245 3041 3687 3099 institutionem.

408 3130 740 3196 orationem,
770 3130 1066 3199 cujusnam
1092 3128 1247 3184 modi
1267 3130 1341 3183 sit
1366 3130 1476 3196 vir;
1505 3129 1551 3183 si
1574 3129 1722 3182 enim
1752 3145 1856 3199 ego
1876 3144 2006 3182 eum

409 3234 522 3273 non
550 3223 784 3289 potuero
811 3218 1020 3284 videre,
1055 3219 1176 3288 ejus
1206 3223 1396 3273 autem
1426 3219 1553 3272 vita;
1577 3218 1898 3272 institutum
1921 3235 2009 3274 ac-

409 3312 601 3362 curate
622 3306 818 3362 audire
839 3312 1074 3378 potuero
1095 3307 1204 3361 alio
1225 3312 1513 3374 narrante,
1547 3308 1756 3361 discam
1787 3313 1852 3361 ut
1877 3323 2006 3360 eum

409 3397 736 3452 conveniam
760 3415 773 3463 ;
808 3396 957 3468 quod
986 3397 1034 3450 si
1063 3413 1174 3450 non
1197 3397 1463 3464 didicero,
1481 3413 1594 3450 non
1623 3395 1714 3450 ibo
1735 3413 1914 3467 usque
1935 3396 2007 3451 ad

407 3491 678 3540 montem.
697 3487 837 3540 Cum
858 3485 963 3539 hoc
983 3491 1174 3540 autem
1187 3486 1508 3552 audiissem,
1535 3492 1592 3540 et
1615 3485 1827 3540 nemini
1849 3485 2008 3556 quid-

409 3591 578 3646 quam
607 3575 893 3640 dixissem,
928 3574 1111 3645 quievi
1140 3591 1314 3629 unum
1345 3575 1512 3641 diem,
1555 3575 1664 3629 alio
1694 3579 1885 3628 autem
1913 3591 2006 3628 oc-

408 3664 550 3719 clusi
579 3664 774 3718 cellam
797 3682 810 3730 ;
844 3669 901 3718 et
928 3680 1056 3718 cum
1081 3680 1171 3718 me
1199 3668 1256 3717 et
1283 3664 1463 3735 ipsam
1486 3665 1601 3718 Deo
1617 3664 2006 3718 commendas-

410 3769 552 3817 sem,
586 3753 867 3824 profectus
896 3769 1021 3807 sum
1052 3769 1229 3823 usque
1254 3753 1325 3806 ad
1365 3752 1728 3807 Thebaidem.
1769 3754 1910 3806 Cum
1941 3771 2006 3808 eo

412 3846 606 3896 autem
634 3841 827 3895 decem
857 3847 912 3894 et
957 3845 1080 3895 octo
1122 3841 1342 3894 dierum
1381 3841 1563 3910 spatio
1605 3841 2002 3911 pervenissem,

410 3929 621 4000 partim
650 3928 877 3999 quidem
904 3929 1158 4000 pedibus,
1203 3928 1407 4006 partim
1446 3945 1574 3983 vero
1604 3929 1920 4000 navigando
1948 3931 2007 3984 in

412 4018 649 4074 flumine
679 4035 691 4070 :
717 4022 839 4071 erat
859 4023 1050 4072 autem
1092 4023 1314 4089 tempus
1359 4034 1622 4073 ascensus
1651 4018 1786 4087 (9t),
1814 4019 1874 4073 in
1896 4035 2006 4090 quo

414 4106 580 4162 multi
601 4111 894 4178 aegrotant,
914 4107 1062 4178 quod
1091 4107 1230 4161 mihi
1259 4124 1479 4179 quoque
1508 4107 1726 4163 accidit.
1747 4109 1889 4162 Cum
1923 4125 2008 4162 ve-

416 4197 627 4252 nissem
677 4203 890 4262 autem,
940 4196 1126 4250 inveni
1170 4197 1423 4252 clausum
1478 4198 1600 4268 ejus
1630 4197 2001 4265 vestibulum;

408 4285 613 4341 fratres
632 4286 782 4340 enim
795 4285 1070 4356 posterius
1085 4286 1434 4340 zedificarunt
1444 4287 1751 4340 maximum
1767 4286 2009 4341 vestibu-

2088 3130 2226 3184 Ecce
2256 3147 2389 3200 ergo
2416 3129 2627 3184 bonum
2655 3129 2757 3184 tibi
2783 3129 2954 3183 affero
2999 3130 3260 3184 nuntium
3299 3149 3310 3184 :
3350 3132 3520 3186 ambo
3550 3133 3690 3187 salvi

2087 3225 2238 3285 sunt,
2274 3219 2484 3272 mundo
2515 3218 2665 3272 enim
2694 3218 3112 3283 renuntiarunt,
3147 3225 3204 3272 et
3251 3225 3412 3290 pater
3436 3227 3572 3274 tuus
3602 3228 3686 3275 est

2089 3307 2272 3362 adhuc
2331 3308 2576 3362 victurus
2633 3313 2846 3378 septem
2884 3324 3080 3362 annos.
3129 3309 3262 3362 Esto
3307 3325 3441 3380 ergo
3469 3309 3603 3363 forti
3633 3319 3690 3365 et

2090 3397 2369 3450 constanti
2389 3397 2578 3451 animo
2603 3396 2662 3450 in
2687 3397 3007 3463 solitudine,
3031 3413 3132 3452 nec
3144 3414 3340 3452 eorum
3359 3415 3528 3453 causa
3550 3400 3688 3453 velis

2089 3484 2244 3540 abire
2274 3485 2331 3539 in
2358 3486 2621 3556 patriam.
2654 3485 2938 3556 Scriptum
2970 3491 3056 3539 est
3099 3487 3249 3540 enim
3291 3506 3303 3539 :
3354 3488 3533 3542 Nemo
3591 3492 3687 3561 qui

2091 3590 2324 3628 manum
2353 3575 2604 3628 admovit
2631 3580 2841 3641 aratro,
2870 3581 2927 3629 et
2955 3581 3042 3628 est
3069 3591 3386 3644 conversus,
3409 3583 3496 3632 est
3519 3586 3685 3649 aptus

2089 3680 2262 3734 regno
2292 3663 2392 3718 Dei
2424 3665 2592 3733 (Luca;
2619 3666 2717 3734 Ix).
2751 3664 2830 3718 Ex
2869 3664 2959 3718 his
2989 3681 3121 3734 ergo
3147 3665 3329 3720 verbis
3370 3666 3600 3738 adjutus
3631 3677 3686 3722 et

2088 3753 2226 3807 satis
2254 3751 2569 3820 roboratus,
2602 3754 2718 3808 Deo
2747 3753 2836 3822 egi
2863 3753 3097 3822 gratias,
3129 3770 3256 3807 cum
3287 3755 3556 3820 intellexi,
3591 3774 3684 3811 eos

2093 3843 2189 3914 qui
2220 3859 2309 3895 me
2338 3842 2614 3912 urgebant
2667 3848 2969 3913 praetextas
3009 3858 3130 3896 esse
3161 3849 3437 3913 peractos.
3474 3845 3685 3898 Deinde

2092 3948 2288 4001 rursus
2315 3931 2457 3986 mihi
2484 3931 2635 3998 dicit,
2667 3930 2882 3986 urbane
2920 3947 3140 3986 mecum
3165 3933 3365 4001 jocans
3392 3951 3405 3986 :
3440 3933 3538 3988 Vis
3566 3935 3685 3989 fieri

2094 4020 2427 4092 episcopus?
2453 4021 2578 4076 Dixi
2626 4027 2847 4076 autem:
2872 4022 3271 4092 Nequaquam;
3295 4039 3421 4076 sum
3440 4024 3611 4077 enim.
3633 4023 3686 4078 Is

2091 4115 2279 4165 autem
2294 4111 2577 4165 mihidicit
2596 4129 2608 4164 :
2635 4111 2767 4166 Ubi?
2783 4110 2905 4166 Dixi
2918 4127 3050 4182 ego:
3077 4112 3140 4166 In
3157 4112 3494 4182 coquinis,in
3516 4131 3687 4185 penu,

2090 4199 2149 4253 in
2179 4200 2405 4267 mensis,
2439 4200 2497 4255 in
2519 4200 2710 4255 doliis:
2743 4216 2811 4255 ea
2838 4199 3139 4270 diligenter
3159 4200 3416 4272 inspicio,
3449 4209 3509 4256 et
3532 4204 3580 4257 si
3608 4204 3687 4256 vi-

2089 4305 2226 4342 num
2248 4289 2476 4355 acuerit,
2486 4290 2541 4343 id
2559 4307 2815 4360 segrego;
2833 4289 3042 4344 bonum
3057 4294 3246 4344 autem
3267 4289 3687 4357 bibo;similiter

410 4377 550 4441 lum,
577 4375 725 4446 quod
743 4374 1001 4446 capiebat
1015 4375 1163 4428 viros
1175 4375 1397 4429 circiter
1414 4382 1640 4429 centum
1661 4393 1677 4429 ς
1697 4375 1844 4445 quod
1857 4376 2006 4431 clave
2026 4376 2077 4434 D
2095 4379 2262 4433 ollam
2293 4395 2516 4448 quoque
2551 4379 2848 4449 diligenter
2871 4378 3126 4450 inspicio,
3159 4384 3217 4433 et
3252 4379 3302 4433 si
3330 4379 3414 4434 sal
3442 4380 3683 4434 defuerit

408 4464 752 4529 claudentes,
770 4463 1098 4534 aperiebant
1117 4468 1337 4519 tantum
1359 4463 1601 4518 Sabbato
1614 4469 1670 4518 et
1691 4465 2003 4519 Dominica.

411 4556 553 4611 Cum
575 4571 708 4625 ergo
721 4553 1038 4608 didicissem
1049 4569 1279 4608 causam
1299 4559 1529 4624 propter
1540 4570 1708 4624 quam
1727 4559 1848 4607 erat
1859 4554 2009 4607 clau-

411 4661 556 4709 sum,
589 4643 877 4698 silentium
901 4643 990 4713 egi
1019 4659 1196 4713 usque
1217 4642 1287 4696 ad
1310 4642 1637 4699 Sabbatum.
1667 4644 1734 4697 Et
1754 4659 1882 4698 cum
1909 4660 2006 4697 ve-

410 4735 619 4789 nissem
651 4733 791 4788 hora
817 4732 1082 4796 secunda,
1117 4730 1175 4784 in
1206 4731 1598 4802 congressione
1642 4748 1772 4786 eum
1819 4733 2006 4787 inveni

409 4823 749 4877 assidentem
779 4822 837 4876 in
866 4821 1128 4886 fenestra,
1162 4837 1264 4892 per
1293 4837 1460 4892 quam
1491 4821 1785 4876 videbatur
1807 4838 2005 4876 conso-

408 4911 514 4965 lari
541 4928 635 4966 eos
665 4912 758 4982 qui
781 4910 1136 4966 accedebant.
1170 4912 1314 4965 Cum
1344 4927 1434 4965 me
1463 4917 1652 4965 autem
1681 4911 2001 4979 salutasset,

410 4999 551 5054 dixit
578 5017 679 5070 per
697 5000 1060 5070 interpretem
1087 5018 1099 5053 ε
1129 5000 1435 5070 Cujusnam
1463 5017 1521 5054 es
1541 4999 1806 5070 regionis,
1829 5005 1885 5054 et
1904 5017 2006 5054 cur

409 5087 646 5142 venisti?
665 5089 898 5158 conjicio
934 5089 1085 5144 enim
1114 5095 1172 5143 te
1200 5105 1320 5143 esse
1351 5105 1416 5142 ex
1447 5093 1723 5143 conventu
1755 5089 1998 5159 Evagrii.

405 5177 530 5232 Dixi
559 5181 752 5231 autem
782 5194 872 5231 me
902 5194 1021 5232 esse
1049 5179 1330 5250 hospitem
1359 5195 1424 5232 ex
1455 5178 1695 5243 Galatia,
1722 5185 1779 5233 et
1792 5178 2004 5233 confes-

407 5283 504 5323 sus
524 5283 650 5321 sum
671 5282 760 5320 me
782 5283 903 5320 esse
919 5283 983 5321 ex
999 5268 1299 5322 sodalitate
1317 5267 1796 5338 Evagrii.Interim
1813 5273 2004 5322 autem

404 5357 540 5412 dum
572 5357 952 5428 loqueremur,
1003 5357 1289 5432 ingressus
1342 5361 1428 5411 est
1484 5374 1688 5428 praeses
1736 5357 2001 5428 regionis,

404 5446 638 5519 Alypius
667 5445 926 5513 nomine;
951 5461 1063 5516 quo
1094 5451 1446 5513 accurrente,
1474 5446 1639 5500 desiit
1656 5463 1880 5501 mecum
1897 5448 2006 5501 col-

416 5534 589 5608 loqui.
606 5537 745 5592 Cum
778 5551 910 5606 ergo
938 5551 1138 5608 parum
1165 5536 1536 5603 secessissem,
1557 5536 1686 5592 dedi
1713 5537 1793 5592 eis
1820 5537 2004 5593 locum

2089 4467 2174 4520 vel
2203 4466 2543 4521 condimenti
2574 4466 2804 4538 aliquid,
2839 4483 2963 4521 eam
2994 4467 3214 4534 condio,
3247 4474 3305 4522 et
3325 4467 3406 4521 sic
3437 4484 3563 4521 eam
3587 4484 3680 4522 co-

2089 4555 2272 4609 medo.
2307 4555 2411 4610 Hic
2438 4561 2525 4610 est
2551 4572 2709 4610 meus
2734 4555 3105 4627 episcopatus,
3139 4573 3266 4609 mea
3316 4555 3550 4625 inquam
3595 4556 3671 4609 in-

2089 4649 2317 4714 spectio,
2348 4660 2438 4698 me
2467 4644 2616 4698 enim
2647 4645 2718 4698 ad
2746 4661 2875 4699 cum
2895 4643 3107 4713 delegit
3130 4644 3283 4714 gula.
3317 4644 3369 4696 Is
3389 4659 3521 4697 vero
3543 4643 3684 4698 dixit

2089 4732 2384 4787 subridens
2419 4751 2430 4785 :
2459 4733 2618 4787 Mitte
2667 4733 2939 4798 ridicula;
2967 4732 3218 4785 futurum
3248 4735 3333 4784 est
3360 4737 3428 4786 ut
3456 4732 3682 4803 eligat-is

2089 4822 2400 4893 episcopus,
2433 4828 2490 4876 et
2518 4823 2758 4876 multum
2786 4821 3024 4890 labores,
3046 4826 3104 4876 et
3128 4820 3436 4891 affligaris;
3470 4821 3520 4874 si
3553 4839 3682 4893 ergo

2087 4910 2233 4981 fugis
2260 4910 2686 4976 af‘flictionesme
2701 4928 2864 4966 exeas
2887 4928 2917 4966 e
2937 4911 3261 4974 solitudine,
3292 4912 3350 4965 in
3380 4911 3684 4965 solitudine

2089 5000 2236 5054 enim
2250 5017 2414 5054 nemo
2433 5007 2490 5054 te
2515 5005 2699 5071 potest
2717 5000 2978 5054 ordinare
3000 4999 3467 5072 episcopum.Ego
3489 5007 3680 5053 autem

2087 5092 2208 5161 ejus
2238 5089 2532 5144 verborum
2557 5107 2682 5144 sum
2711 5089 2938 5156 oblitus,
2970 5089 3149 5144 tribus
3179 5090 3331 5144 enim
3357 5097 3485 5161 post
3518 5092 3680 5145 annis

2087 5185 2144 5234 et
2165 5180 2355 5250 splene
2385 5185 2440 5234 et
2468 5179 2753 5234 stomacho
2800 5179 3066 5234 laboravi.
3092 5179 3254 5234 Illinc
3286 5184 3479 5233 autem
3510 5197 3546 5233 a
3574 5181 3682 5234 fra-

2087 5269 2267 5323 tribus
2287 5271 2490 5323 missus
2519 5285 2644 5323 sum
2672 5269 3092 5334 Alexandriam,
3122 5268 3350 5324 morbus
3388 5269 3541 5324 enim
3578 5269 3678 5341 (93')

2087 5359 2158 5413 ad
2183 5347 2804 5430 hydropisinvergebat,
2821 5357 2890 5412 ab
2917 5358 3256 5414 Alexandria
3276 5365 3465 5413 autem
3485 5375 3682 5413 consu-

2089 5449 2316 5503 luerunt
2343 5447 2545 5502 medici
2562 5455 2627 5503 ut
2650 5449 2797 5502 aeris
2821 5448 3008 5519 gratia
3028 5449 3171 5504 irem
3198 5449 3257 5504 in
3285 5448 3676 5512 Palaestinam;

2087 5536 2256 5593 habet
2287 5536 2435 5591 enim
2449 5536 2594 5608 quod
2606 5537 2674 5592 ad
2695 5553 2826 5593 eum
2844 5538 3049 5593 attinet
3065 5541 3511 5610 temperaturam
3544 5535 3673 5591 sub.
