4024 6206
1298 241 1329 261 ν

358 303 504 363 1145

1624 315 1969 372 HISTORIA
2007 314 2384 372 LAUSIACA.

3491 298 3623 359 1146

353 432 603 489 tiliorem
631 448 842 489 aerem.
895 434 945 489 Α
973 434 1272 492 Palaestina
1300 438 1491 491 autem
1522 437 1648 493 veni
1674 438 1735 495 in
1763 439 2017 512 Bithy-A
2038 455 2284 512 quanam
2313 437 2541 510 regione
2571 435 2644 492 ad
2657 435 2945 490 hominem
2958 428 3239 504 abjectum
3268 431 3328 485 et
3352 424 3625 485 humilem

353 523 530 589 niam,
554 529 615 578 et
634 523 695 578 in
720 539 787 579 ea
812 523 1000 580 nescio
1030 525 1331 597 quomodo,
1364 542 1438 581 an
1472 528 1720 583 humano
1743 529 1950 597 studio,

358 629 431 669 an
458 612 649 667 divina
674 612 966 668 voluntate
991 614 1129 685 (94),
1164 615 1313 670 Deus
1333 616 1457 683 scit,
1494 616 1699 687 dignus
1726 617 1961 681 habitus

355 719 482 758 sum
530 702 885 758 ordinatione
916 720 1041 775 quae
1097 720 1253 759 meas
1280 703 1424 759 vires
1454 712 1704 777 superat,
1735 707 1795 762 in
1824 724 1954 763 eum

354 807 546 847 casum
571 791 823 847 incidens
851 808 1018 863 quem
1047 792 1292 849 Joannes
1312 794 1793 865 pmdixeratas]
1810 804 1846 863 |
1887 798 1956 852 Et

354 879 616 936 undecim
644 878 931 936 mensibus
960 880 1141 937 latens
1182 882 1240 939 in
1270 884 1408 940 cella
1441 883 1953 953 tenebrosa,recor-

355 969 521 1025 datus
573 987 702 1026 sum
748 970 898 1027 illius
924 969 1076 1028 beati
1118 972 1214 1044 qui
1242 971 1382 1028 mihi
1418 973 1673 1045 praedixit
1720 992 1789 1030 ea
1830 992 1954 1047 quae

355 1075 559 1130 passus
598 1077 746 1117 sum.

428 1151 604 1206 Porro
623 1156 813 1207 autem
842 1151 948 1206 hoc
975 1167 1200 1224 quoque
1230 1152 1368 1208 mihi
1390 1153 1957 1228 narrabat,tanquam

356 1240 686 1314 profuturus
707 1240 778 1295 ad
797 1241 920 1306 hoc,
942 1247 1006 1296 ut
1027 1258 1128 1313 per
1142 1242 1524 1298 narrationem
1545 1260 1634 1298 me
1656 1244 1961 1300 deduceret

356 1329 430 1385 ad
470 1330 752 1402 patienter
785 1330 1077 1385 ferendam
1124 1332 1489 1387 solitudinem
1529 1351 1541 1387 :
1572 1333 1963 1405 Quadraginta

357 1434 537 1474 annos
557 1435 748 1474 versor
767 1419 826 1474 in
846 1419 951 1474 hac
970 1420 1137 1489 cella;
1184 1438 1298 1476 non
1336 1421 1450 1477 vidi
1494 1422 1693 1477 faciem
1713 1423 1956 1493 feminae,

356 1523 473 1563 non
492 1508 671 1563 ullum
692 1525 1009 1576 nummum,
1034 1526 1150 1565 non
1169 1510 1282 1565 vidi
1302 1510 1551 1583 aliquem
1570 1512 1953 1581 mandentem,

358 1612 473 1652 non
501 1598 889 1653 comedentem
904 1615 1007 1653 nec
1036 1598 1319 1655 bibentem
1347 1617 1438 1655 me
1469 1601 1607 1656 vidit
1635 1602 1858 1674 aliquis.

431 1687 576 1742 Cum
595 1703 729 1759 ergo
749 1687 819 1741 ab
832 1703 896 1742 eo
917 1688 1488 1756 recessissem,veniin
1510 1691 1871 1746 solitudinem
1895 1692 1956 1747 in

2034 528 2344 587 accessistis
2374 528 2397 583 ?
2435 528 2742 598 Postquam
2783 528 2974 579 autem
3004 518 3246 576 diximus
3270 517 3532 591 patriam,
3568 520 3624 570 et

2035 619 2368 689 adjecimus:
2391 619 2499 673 Pro
2524 616 2771 671 utilitate
2790 614 3106 669 animarum
3127 614 3447 665 nostrarum
3466 605 3543 661 ad
3568 610 3626 660 te

2034 708 2287 763 venimus
2312 707 2382 762 ab
2409 707 2741 770 Jerusalem,
2765 709 2829 759 ut
2856 702 3006 776 quod
3026 698 3312 756 auditione
3338 711 3628 768 accepera-

2035 813 2179 864 mus,
2211 797 2269 851 id
2300 812 2657 851 cerneremus
2677 794 2851 849 oculis
2875 811 2887 861 ;
2920 796 3052 846 sunt
3077 788 3225 844 enim
3255 804 3420 842 aures
3438 785 3625 840 minus

2037 886 2228 942 ﬁdeles
2246 886 2446 954 oculis;
2476 890 2534 941 et
2548 884 2894 940 auditionem
2919 880 3144 954 quidem
3162 893 3308 950 saepe
3332 873 3627 948 consequi-

2035 980 2132 1032 tur
2158 975 2381 1042 oblivio,
2414 975 2495 1030 rei
2525 979 2716 1030 autem
2749 973 2879 1027 visae
2909 986 3021 1026 non
3064 969 3283 1023 deletur
3331 962 3623 1031 memoria,

2038 1065 2135 1120 sed
2165 1065 2340 1120 menti
2354 1062 2767 1137 quodammodo
2788 1058 3131 1133 imprimitur
3145 1055 3397 1112 historia.
3419 1053 3505 1109 Ad
3525 1069 3628 1107 nos

2039 1171 2172 1226 ergo
2196 1154 2335 1209 dixit
2355 1154 2553 1209 beatus
2572 1154 2833 1208 Joannes:
2858 1151 2928 1205 Et
2942 1148 3077 1220 quid
3094 1145 3412 1205 mirandum
3431 1141 3624 1205 visuri,

2042 1261 2075 1298 o
2105 1244 2204 1298 ﬁlii
2231 1243 2564 1310 charissimi,
2594 1248 2818 1297 tantum
2846 1238 3065 1295 itineris
3083 1243 3140 1291 et
3165 1234 3370 1290 laboris
3387 1233 3631 1287 toleran-

2041 1338 2127 1387 tes
2156 1334 2265 1388 huc
2293 1333 2538 1396 venistis,
2562 1332 2815 1387 homines
2839 1329 3085 1401 abjectos
3114 1331 3171 1382 et
3188 1323 3427 1381 humiles
3447 1321 3633 1377 videre

2042 1421 2348 1493 cupientes,
2365 1422 2461 1494 qui
2482 1422 2620 1476 nihil
2650 1420 2859 1475 habent
2882 1422 3133 1490 spectatu
3165 1415 3514 1485 dignumnec
3530 1410 3633 1464 ad-

2043 1511 2278 1566 miratu?
2292 1511 2506 1583 Ubique
2523 1517 2711 1566 autem
2730 1514 2863 1564 sunt
2880 1505 3195 1562 admirandi
3216 1510 3274 1558 et
3290 1501 3455 1557 laude
3476 1497 3631 1571 digni

2038 1597 2147 1654 Dei
2176 1601 2461 1673 prophetae
2490 1606 2547 1655 et
2574 1598 2830 1671 apostoli,
2859 1595 2954 1670 qui
2986 1596 3250 1665 leguntur
3278 1592 3337 1646 in
3363 1588 3627 1655 ecclesiis,

2039 1705 2178 1760 quos
2207 1695 2430 1761 oportet
2458 1688 2687 1744 imitari.
2732 1687 2908 1745 Valde
2955 1690 3145 1740 autem
3195 1681 3388 1748 miror,
3421 1678 3627 1750 inquit,

358 1775 483 1832 loco
510 1782 798 1843 consueto,
842 1777 961 1832 haec
1007 1778 1198 1833 omnia
1226 1794 1464 1834 narrans
1486 1779 1667 1834 beatis
1694 1780 1957 1836 Patribus
1981 1767 2281 1834 Bvestrum
2303 1779 2571 1845 studium,
2598 1775 3069 1850 quemadmodum
3091 1768 3520 1841 totcontemptis
3539 1783 3631 1841 pe-

360 1865 461 1936 qui
492 1872 611 1937 post
637 1866 777 1921 duos
792 1883 1012 1925 menses
1030 1872 1306 1923 venerunt
1322 1874 1379 1923 et
1397 1874 1529 1925 sunt
1546 1886 1676 1924 cum
1711 1886 1777 1924 eo
1793 1870 1957 1927 collo-

359 1953 654 2026 cuti,iique
665 1954 781 2009 haec
802 1954 963 2009 nobis
972 1960 1297 2012 narrarunt.
1320 1957 1461 2011 Cum
1474 1956 1546 2011 ad
1564 1973 1692 2012 eum
1708 1958 1958 2015 venisse-

359 2059 506 2108 mus,
540 2042 667 2098 lzeto
696 2043 851 2099 vultu
880 2060 984 2099 nos
1001 2045 1219 2117 excepit
1247 2050 1304 2100 et
1323 2046 1606 2114 salutavit,
1639 2063 1698 2101 se
1719 2047 1957 2103 hilarem

360 2128 665 2204 unicuique
710 2133 1032 2189 ostendens.
1082 2134 1441 2205 Rogabamus
1489 2142 1679 2191 autem
1709 2153 1839 2192 eum
1894 2142 1960 2192 ut

360 2220 556 2274 statim
583 2237 686 2292 pro
714 2220 876 2277 nobis
903 2228 1200 2293 perageret
1219 2224 1551 2291 orationem,
1584 2230 1669 2279 est
1694 2225 1845 2280 enim
1866 2225 1959 2279 hic

360 2324 485 2363 mos
511 2307 774 2365 Patribus
800 2311 897 2382 qui
924 2316 1057 2366 sunt
1082 2312 1141 2367 in
1159 2313 1494 2385 Egypton
1523 2319 1714 2369 autem
1745 2331 1846 2369 nos
1876 2315 1960 2370 in-

360 2398 670 2470 tﬂrogavit
696 2416 834 2455 num
860 2400 1010 2455 inter
1035 2418 1138 2457 nos
1164 2408 1313 2457 esset
1323 2403 1558 2459 clericus
1573 2403 1960 2475 aliquis.Post-

362 2504 537 2560 quam
564 2495 755 2544 autem
783 2506 977 2545 omnes
1013 2507 1126 2546 non
1168 2508 1290 2547 esse
1331 2492 1595 2560 diximus,
1633 2510 1736 2549 nos
1764 2511 1959 2550 omnes

363 2579 1074 2650 circumspiciens,agnovit
1102 2598 1231 2636 eum
1261 2582 1358 2653 qui
1383 2587 1506 2637 erat
1525 2584 1802 2638 occultus:
1837 2590 1961 2639 erat

364 2670 555 2720 autem
582 2683 731 2721 unus
756 2684 827 2722 ex
856 2667 1015 2722 nobis
1045 2669 1140 2740 qui
1170 2669 1373 2741 dignus
1396 2670 1581 2725 fuerat
1603 2671 1828 2726 habitus
1846 2672 1962 2727 dia-

363 2761 588 2822 conatu,
622 2772 748 2811 cum
772 2762 920 2815 esset
947 2774 1094 2813 unus
1121 2758 1295 2814 frater
1323 2760 1442 2831 ejus
1473 2760 1555 2815 rei
1574 2761 1846 2827 conscius,
1871 2762 1960 2817 cui

363 2845 538 2899 etiam
568 2846 834 2918 prmeepit
850 2853 915 2902 ut
932 2848 1145 2902 nemini
1170 2848 1511 2914 diceret.Qui
1534 2866 1703 2904 causa
1732 2850 1962 2906 humili-

364 2938 518 3001 tatis,
553 2940 611 2989 ct
659 2935 720 2990 in
747 2936 947 2994 talium
974 2938 1209 2992 Patrum
1269 2939 1715 3010 comparatione,
1756 2939 1847 2994 vix
1902 2956 1962 2994 se

366 3022 602 3093 dignum
649 3024 912 3080 censebat
950 3026 1256 3082 Christiani
1312 3028 1707 3099 appellatione,
1737 3032 1962 3083 tantum

2039 1867 2251 1935 riculis,
2276 1868 2348 1923 ad
2376 1884 2478 1923 nos
2506 1867 2735 1922 venistis
2763 1871 2993 1939 propter
3011 1862 3334 1926 utilitatem,
3368 1874 3497 1915 cum
3526 1872 3628 1912 nos

2039 1973 2153 2028 prae
2196 1958 2452 2013 socordia
2479 1974 2551 2013 ne
2588 1974 2658 2012 ex
2687 1957 2811 2029 ipsa
2837 1955 3065 2027 quidem
3096 1952 3362 2024 spelunca
3392 1947 3629 2003 velimus

2039 2048 2437 2118 progredi.Sed
2466 2064 2569 2119 age
2590 2045 2966 2117 nunc,inquit,
3001 2042 3223 2098 etiamsi
3243 2057 3334 2095 res
3353 2044 3539 2094 vestra
3558 2036 3631 2091 sit

2041 2136 2206 2192 laude
2234 2138 2424 2207 digna,
2452 2154 2524 2193 ne
2551 2142 2823 2208 tanquam
2852 2152 2914 2190 re
2944 2134 3135 2205 aliqua
3168 2130 3433 2203 praeclare
3446 2131 3626 2199 gesta,

2039 2224 2194 2280 vobis
2221 2226 2475 2281 sufﬁcere
2505 2226 2733 2299 putetis,
2765 2224 2864 2280 sed
2892 2221 3194 2279 imitemini
3222 2216 3458 2274 virtutes
3492 2230 3630 2288 quas

2040 2321 2231 2386 patres
2268 2316 2437 2370 vestri
2474 2320 2908 2387 persequuntur.
2946 2311 3106 2377 Quod
3153 2310 3200 2365 si
3238 2308 3411 2363 etiam
3436 2321 3632 2361 omnes

2041 2404 2421 2475 possederitis,
2448 2404 2595 2476 quod
2613 2404 2839 2476 quidem
2869 2408 2954 2457 est
2982 2416 3195 2465 rarum,
3214 2415 3286 2453 ne
3308 2396 3387 2452 sic
3403 2394 3631 2467 quidem

2040 2492 2197 2548 vobis
2220 2494 2357 2566 ipsis
2387 2494 2756 2549 credideritis.
2784 2492 3024 2557 Quidam
3055 2490 3207 2544 enim
3237 2487 3333 2559 qui
3358 2485 3437 2540 sic
3464 2484 3633 2539 conﬁ-

2041 2584 2263 2651 derunt,
2287 2591 2346 2640 et
2363 2586 2431 2639 ad
2452 2586 2637 2657 ipsum
2655 2584 2923 2639 virtutum
2938 2582 3224 2652 fastigium
3238 2580 3633 2651 pervenerunt,

2044 2674 2274 2729 tandem
2305 2692 2371 2729 ex
2400 2677 2513 2730 alto
2548 2674 2888 2729 ceciderunt.
2930 2671 3039 2726 Sed
3068 2670 3248 2724 videte
3275 2684 3410 2723 num
3440 2681 3634 2738 preces

2042 2768 2240 2818 vestrae
2256 2780 2315 2817 se
2336 2768 2486 2818 recte
2507 2763 2751 2818 habeant
2778 2781 2791 2829 ;
2825 2777 2962 2816 num
2991 2756 3326 2815 conturbata
3353 2756 3427 2810 sit
3452 2753 3636 2809 cordis

2041 2852 2214 2906 vestri
2239 2851 2488 2923 puritas;
2521 2868 2658 2906 num
2682 2867 2842 2906 mens
2870 2854 3055 2904 vestra
3079 2848 3227 2902 inter
3252 2843 3531 2900 orandum
3562 2841 3637 2897 sit

2044 2947 2312 3013 occupata
2330 2941 2455 2996 aliis
2479 2940 2751 3011 negotiis;
2782 2955 2918 2995 num
2943 2938 3135 3009 aliqua
3148 2936 3259 2991 alia
3278 2938 3525 2989 mentem
3546 2948 3636 2986 su-

2044 3030 2204 3086 biens
2221 3030 2490 3101 cogitatio
2518 3034 2734 3084 avertat
2749 3028 2819 3083 ad
2836 3026 3048 3098 aliquid
3067 3024 3251 3089 aliud;
3291 3038 3429 3078 num
3448 3019 3638 3091 aliqua

366 3111 528 3169 abest
553 3117 617 3169 ut
644 3114 882 3190 alicujus
909 3115 1218 3186 dignitatis.
1249 3117 1421 3172 Manu
1450 3134 1583 3188 ergo
1612 3134 1743 3172 eum
1774 3122 1964 3173 osten-
1982 3129 2026 3191 α
2046 3120 2417 3193 cogitatorum
2462 3119 2735 3174 memoria
2766 3117 2955 3172 animo
3002 3114 3260 3170 exhibeat
3295 3109 3632 3167 molestiam.

368 3203 527 3270 dens,
560 3202 781 3259 dicebat
808 3204 1102 3260 omnibus:
1156 3206 1261 3261 Hic
1306 3212 1397 3261 est
1422 3205 1711 3261 diaconus.
1745 3207 1889 3262 Cum
1917 3207 1964 3261 is

368 3298 561 3347 autem
580 3293 806 3348 assidue
820 3298 1136 3365 negaret,et
1159 3294 1335 3349 latere
1350 3300 1708 3361 conaretur,e
1719 3294 1968 3350 fenestra

369 3382 493 3452 ejus
510 3396 742 3435 manum
755 3382 1165 3454 apprehensum
1182 3382 1464 3438 osculatus
1476 3389 1578 3448 est,
1589 3388 1647 3439 et
1661 3383 1968 3438 admonens

372 3486 502 3524 eum
526 3471 785 3525 hortatus
802 3476 905 3538 est,
937 3471 1147 3527 dicens:
1175 3472 1259 3527 Ne
1278 3471 1497 3527 irritam
1524 3471 1696 3527 facias
1721 3472 1967 3544 gratiam

371 3558 494 3623 Dei,
526 3559 624 3625 ﬁli,
656 3575 729 3614 ne
758 3560 1049 3615 mentiaris
1082 3560 1292 3615 donum
1312 3560 1413 3615 Dei
1437 3561 1712 3616 inﬁcians.
1748 3562 1971 3617 Menda-

374 3647 523 3703 cium
542 3648 693 3703 enim
709 3649 957 3704 alienum
982 3655 1068 3704 est
1086 3650 1484 3714 aChristianis,
1517 3656 1575 3705 et
1604 3650 1721 3705 sive
1743 3650 1886 3705 sitin
1908 3668 1970 3705 re

374 3752 603 3807 magna,
633 3738 748 3793 sive
774 3738 834 3794 in
862 3755 1051 3811 parva,
1074 3755 1186 3794 non
1208 3744 1294 3797 est
1311 3745 1504 3794 tamen
1534 3739 1970 3807 laudabile,cum

372 3826 527 3881 dicat
550 3828 839 3883 Servator:
865 3828 1221 3884 Mendacium
1254 3835 1341 3884 est
1378 3845 1412 3884 a
1430 3830 1579 3884 malo
1600 3832 1965 3901 (Joann.v1u).

374 3915 429 3970 Is
446 3932 575 3970 vero
595 3916 879 3972 convictus
897 3918 1093 3986 tacuit,
1116 3917 1395 3990 accipiens
1424 3924 1719 3990 paternam
1746 3920 1868 3990 ejus
1888 3936 1972 3974 re-

374 4004 826 4076 prehensionem.
853 4007 995 4062 Cum
1026 4023 1220 4079 preces
1239 4015 1430 4063 autem
1455 4008 1963 4079 complevissemus,

372 4109 521 4149 unus
549 4094 726 4150 frater
744 4112 810 4150 ex
834 4096 1015 4163 nobis,
1039 4113 1206 4169 quem
1218 4097 1338 4167 jam
1353 4097 1598 4152 tertiana
1616 4096 1786 4151 febris
1808 4097 1970 4152 vehe-

374 4198 537 4237 mens
597 4183 844 4253 tenebat,
900 4185 1138 4256 rogabat
1163 4191 1228 4240 ut
1261 4191 1571 4241 curaretur.
1608 4187 1750 4241 Cum
1779 4192 1970 4241 autem

374 4270 607 4327 dixisset
624 4272 799 4329 frater
835 4273 886 4328 ei
914 4273 1165 4329 conferre
1193 4274 1556 4330 afﬂictionem
1589 4280 1820 4346 propter
1865 4275 1974 4330 exi-

374 4377 548 4432 guam
569 4378 691 4433 quae
713 4363 766 4419 ei
784 4363 933 4418 inest
950 4364 1373 4430 ﬁdem,tradens
1392 4370 1582 4419 tamen
1604 4365 1789 4419 oleum
1804 4365 1975 4435 jussit

2046 3210 2243 3267 Videte
2272 3226 2410 3264 num
2441 3209 2650 3264 mundo
2670 3224 2801 3262 vere
2825 3204 3218 3270 renuntiastis;
3241 3218 3380 3257 num
3399 3199 3637 3271 ingressi

2048 3299 2183 3354 estis
2205 3305 2478 3369 tanquam
2496 3304 2747 3352 nostram
2769 3296 3121 3368 speculantes
3140 3292 3478 3357 libertatem;
3501 3304 3638 3343 num

2049 3389 2120 3443 ad
2152 3404 2353 3442 vanam
2380 3387 2618 3457 gloriam
2646 3392 2859 3441 vestras
2887 3386 3121 3439 virtutes
3148 3379 3448 3448 venamini,
3477 3384 3543 3433 ut
3566 3378 3639 3432 ad

2050 3476 2484 3531 ostentationem
2514 3475 2816 3531 videamini
2856 3472 3177 3529 hominibus
3226 3475 3421 3526 nostra
3466 3484 3639 3540 opera

2050 3564 2358 3619 imitantes.
2390 3564 2588 3618 Videte
2615 3580 2686 3618 ne
2712 3562 2868 3618 vobis
2894 3563 3131 3617 facessat
3148 3559 3436 3630 negotium
3464 3555 3639 3612 animi

2050 3653 2420 3724 perturbatio,
2452 3669 2524 3707 ne
2554 3654 2735 3707 honor
2762 3658 2820 3707 et
2846 3652 3027 3722 gloria
3050 3656 3107 3705 et
3135 3650 3258 3703 laus
3286 3648 3552 3713 humana,
3567 3662 3639 3700 ne

2049 3759 2242 3797 rerum
2274 3759 2563 3798 sacrarum
2586 3759 2732 3797 cura:
2757 3740 3061 3806 simulatio,
3076 3744 3176 3794 aut
3188 3754 3348 3793 amor
3360 3736 3637 3808 proprius;

2052 3849 2123 3887 ne
2152 3832 2362 3903 putetis
2387 3850 2484 3887 vos
2513 3848 2634 3887 esse
2656 3833 2867 3903 justos;
2891 3846 3073 3901 neque
3102 3829 3172 3884 de
3195 3826 3418 3899 justitia
3433 3825 3642 3896 glorie-

2052 3920 2213 3987 mini,
2244 3938 2314 3976 ne
2344 3927 2574 3994 propter
2601 3921 2837 3976 virtutes
2866 3918 3178 3975 eﬁeramini
3204 3936 3217 3985 ;
3250 3914 3641 3971 ne.orantibus

2049 4010 2398 4080 cognationis
2429 4010 2701 4066 memoria
2735 4011 2923 4064 animo
2960 4008 3203 4063 insideat
3228 4025 3241 4074 ;
3272 4023 3345 4062 ne
3370 4005 3645 4061 memoria

2049 4097 2554 4152 commiserationis
2563 4097 2908 4169 autalicujus
2918 4096 3149 4151 alterius
3162 4096 3453 4166 rei,neque
3467 4094 3644 4165 ipsius

2051 4185 2297 4240 universi
2333 4192 2518 4252 Q43
2551 4187 2745 4241 mundi
2778 4186 2932 4241 vobis
2961 4190 3271 4239 succurrat.
3295 4184 3395 4239 Sin
3416 4182 3640 4249 minus;

2052 4291 2143 4329 res
2157 4274 2396 4330 efficitur
2406 4275 2871 4347 vanitas,quando
2884 4273 3314 4346 quisDominum
3330 4272 3640 4343 alloquens,

2054 4362 2318 4419 deorsum
2362 4365 2673 4436 impellitur
2697 4363 2768 4418 ab
2798 4364 2865 4418 iis
2890 4380 3013 4434 quae
3055 4379 3120 4418 ex
3148 4362 3380 4417 adverso
3408 4360 3646 4415 trahunt

377 4466 509 4505 eum
537 4450 757 4523 inungi.
787 4453 930 4508 Cum
961 4453 1009 4507 is
1053 4459 1246 4509 autem
1291 4471 1352 4508 se
1380 4454 1649 4521 unxisset,
1700 4451 2038 4525 quidquidD
2056 4453 2510 4523 cogitationibus.
2535 4454 2664 4509 Haec
2677 4459 2867 4508 autem
2899 4453 3106 4508 mentis
3134 4448 3647 4524 prolapsio’unicui-

374 4540 531 4595 intus
555 4540 798 4597 habebat
822 4558 924 4614 per
952 4559 1013 4597 os
1041 4543 1247 4609 emisit,
1279 4547 1338 4598 et
1362 4560 1397 4598 a
1420 4542 1573 4598 febre
1599 4543 1828 4598 omnino
1841 4542 1976 4597 libe-

376 4635 556 4697 ratus,
587 4631 830 4703 propriis
857 4632 1095 4703 pedibus
1122 4633 1357 4688 recessit
1384 4633 1454 4688 ad
1477 4632 1972 4705 hospitium.Lice-

373 4716 475 4774 bat
500 4723 691 4774 autem
718 4720 906 4776 videre
934 4721 1223 4777 hominem
1252 4722 1697 4794 nonagenarium
1712 4727 1832 4776 toto
1857 4738 1976 4776 cor-

375 4824 515 4880 pore
543 4808 625 4862 ita
664 4808 953 4876 amictum,
1013 4816 1080 4866 ut
1104 4828 1218 4882 prae
1246 4812 1642 4867 exercitatione
1679 4827 1750 4866 ne
1800 4810 1976 4867 barba

377 4897 607 4968 quidem
627 4903 763 4952 nata
789 4904 938 4954 esset
961 4899 1017 4954 in
1034 4899 1192 4955 facie.
1212 4901 1366 4955 Nihil
1392 4900 1541 4955 enim
1556 4900 1709 4955 aliud
1725 4901 1978 4955 comede-

375 4984 479 5041 bat
495 5002 664 5057 quam
683 4987 946 5043 arborum
974 4989 1209 5057 fructus,
1232 4990 1399 5061 idque
1420 4995 1549 5061 post
1568 4990 1701 5046 solis
1718 5006 1976 5045 occasum

375 5074 440 5129 in
461 5091 682 5131 summa
695 5083 1001 5146 senectute,
1026 5094 1155 5133 cum
1178 5095 1238 5134 se
1259 5080 1417 5151 prius
1441 5079 1684 5133 multum
1704 5078 1978 5134 exercuis-

376 5168 486 5229 set,
510 5169 568 5219 et
580 5181 765 5236 neque
786 5182 990 5237 panem
1008 5167 1365 5238 sumpsisset,
1391 5184 1577 5239 neque
1597 5166 1811 5238 aliquid
1829 5166 1977 5222 exiis

376 5271 507 5328 quae
526 5255 644 5327 igni
669 5256 897 5312 admota
926 5258 1159 5313 veniunt
1185 5257 1244 5312 in
1262 5273 1451 5312 usum.
1483 5258 1623 5312 Cum
1646 5257 1765 5329 ipse
1786 5262 1976 5312 autem

376 5359 486 5400 nos
508 5344 771 5415 jussisset
788 5345 1005 5413 sedere,
1044 5346 1162 5401 Deo
1192 5345 1408 5417 egimus
1435 5345 1648 5417 gratias
1678 5346 1826 5418 quod
1855 5347 1977 5417 ejus

371 5432 700 5488 frueremur
729 5435 1204 5506 congressione.ls
1232 5441 1423 5490 autem
1446 5451 1575 5489 cum
1598 5441 1870 5507 tanquam
1890 5435 1974 5490 di-

372 5522 555 5578 lectos
582 5539 714 5579 suos
741 5523 886 5580 ﬁlios
936 5524 1103 5596 longo
1133 5530 1387 5597 tempore
1414 5524 1738 5597 accepisset,
1772 5525 1976 5580 ridenti

381 5610 541 5668 vultu
561 5611 680 5669 hmo
702 5612 861 5670 nobis
884 5619 969 5669 est
1005 5614 1252 5671 locutus:
1276 5615 1590 5683 Undenam,
1611 5630 1645 5669 o
1664 5614 1786 5683 ﬁlii,
1824 5619 1880 5670 et
1908 5630 1977 5670 ex

2056 4558 2164 4614 que
2182 4543 2384 4598 accidit
2395 4542 2490 4615 qui
2508 4543 2655 4597 hunc
2667 4542 2939 4597 mundum
2960 4558 3073 4597 non
3092 4538 3642 4610 omninoabnegavit,

2056 4632 2155 4687 sed
2183 4638 2483 4686 veneratur
2526 4637 2592 4687 ut
2622 4632 2674 4686 ei
2703 4632 2939 4703 placeat.
2975 4630 3059 4686 Ob
3089 4630 3269 4686 multa
3323 4629 3475 4684 enim
3523 4644 3647 4700 quae

2055 4721 2543 4793 aggreditur,ejus
2573 4726 2820 4776 mentem
2843 4720 3100 4775 dividunt
3116 4736 3264 4774 cura:
3292 4734 3571 4789 corporeae
3590 4722 3649 4772 et

2054 4816 2349 4866 terrestres
2376 4830 2389 4878 ;
2407 4816 2466 4865 et
2487 4811 2624 4867 dum
2642 4810 2906 4882 deinceps
2925 4809 3176 4881 disputat
3192 4824 3318 4863 cum
3330 4806 3504 4863 animi
3523 4822 3646 4877 per-

2054 4900 2491 4967 turbationibus,
2523 4917 2637 4955 non
2662 4905 2846 4971 potest
2871 4900 3052 4954 Deum
3080 4897 3294 4970 videre.
3324 4896 3435 4952 Sed
3463 4912 3647 4966 neque

2057 4989 2234 5061 ipsam
2252 4989 2627 5060 cognitionem
2647 4988 2813 5043 debet
2838 4993 3095 5043 accurate
3120 4992 3178 5042 et
3195 4989 3386 5043 exacte
3401 4989 3649 5041 contem-

2057 5079 2221 5150 plari,
2244 5095 2316 5133 ne
2338 5079 2386 5132 si
2403 5078 2544 5133 forte
2573 5078 2745 5133 fuerit
2782 5078 3051 5147 indignus
3066 5076 3166 5130 tali
3186 5075 3559 5148 possessione,
3592 5079 3650 5130 et

2059 5168 2181 5238 ejus
2206 5166 2454 5238 aliquam
2484 5173 2702 5238 partem
2721 5165 2892 5220 fuerit
2915 5170 3266 5231 consecutus,
3293 5163 3576 5222 existimet
3588 5179 3647 5217 se

2057 5261 2239 5311 totum
2260 5255 2765 5327 comprehendisse,
2801 5260 2857 5308 et
2885 5253 3114 5309 omnino
3139 5253 3436 5310 labaturin
3458 5251 3649 5309 interi-

2057 5351 2200 5401 tum.
2230 5345 2339 5400 Sed
2365 5350 2588 5416 oportet
2606 5359 2829 5415 semper
2847 5343 3135 5398 moderate
3162 5348 3220 5399 et
3245 5343 3335 5414 pie
3363 5342 3434 5396 ad
3464 5340 3648 5395 Deum

2058 5434 2342 5501 accedere,
2370 5440 2644 5506 quantum
2675 5438 2860 5505 potest
2886 5432 3272 5505 unusquisque
3300 5438 3486 5485 mente
3512 5444 3643 5499 pro-

2057 5524 2236 5595 gredi,
2259 5529 2319 5579 et
2346 5531 2622 5596 quantum
2642 5526 2878 5595 possunt
2900 5522 3154 5577 homines
3182 5518 3647 5591 consequi.0por-

2058 5619 2142 5669 tet
2173 5630 2306 5684 ergo
2332 5618 2583 5670 mentem
2602 5629 2798 5669 eorum
2828 5612 2926 5684 qui
2951 5611 3132 5667 Deum
3161 5613 3435 5681 quaerunt,
3467 5607 3647 5663 otium
