4008 6210
365 319 510 380 1147

1441 323 1536 380 DE
1573 320 1763 380 VITIS
1799 313 2098 378 PATRUM
2133 311 2350 374 LIBER
2384 315 2532 373 VIII.

3505 315 3646 377 1148

369 469 537 525 agere
562 453 632 508 ab
672 453 796 508 aliis
819 451 1096 508 omnibus.
1129 454 1333 509 Vacate
1360 452 1511 507 enim
1537 456 1595 506 et
1622 448 1960 521 cognoscite,
1977 452 2031 511 Α
2046 448 2105 498 et
2130 443 2359 498 tandem
2379 442 2805 498 exercitatorem
2833 439 3125 512 redegitin
3140 441 3646 499 servitutem.0um

369 542 569 613 inquit,
591 543 740 614 quod
759 559 861 614 ego
879 559 1004 598 sum
1034 544 1184 598 Deus
1198 543 1368 612 (Psal.
1395 544 1540 610 xtv).
1562 541 1669 605 Qui
1690 556 1824 610 ergo
1861 537 1963 594 Dei

369 632 743 702 cognitionem
763 649 827 686 ex
849 635 1008 704 parte
1028 637 1113 687 est
1129 630 1803 698 consecutus,universam
1813 628 1962 682 enim

370 737 534 777 nemo
561 725 748 794 potest
770 721 1041 794 accipere,
1080 722 1446 792 consequitur
1473 735 1694 791 quoque
1723 719 1962 773 aliorum

370 811 622 865 omnium
652 811 1046 882 cognitionem,
1079 817 1136 867 et
1163 811 1315 866 videt
1344 810 1616 883 mysteria
1659 808 1762 863 Dei
1787 807 1885 861 illa
1913 807 1964 860 ei

369 900 802 966 ostendentis,et
826 901 1093 972 praevidet
1106 901 1312 964 futura,
1347 904 1403 953 et
1431 897 1853 968 contemplatur
1881 911 1966 948 re-

369 987 673 1044 velationes
703 989 897 1060 quales
916 989 1113 1057 sancti,
1139 991 1195 1044 et
1218 989 1388 1043 efﬁcit
1407 987 1660 1054 virtutes,
1679 991 1734 1040 et
1746 985 1963 1040 obtinet

368 1094 402 1131 a
429 1078 544 1132 Deo
573 1094 802 1133 omnem
827 1079 1177 1151 petitionem.

438 1168 564 1223 Alia
593 1185 814 1240 quoque
836 1169 1014 1224 multa
1032 1169 1174 1223 dixit
1191 1169 1261 1224 de
1281 1167 1699 1232 exercitatione;
1733 1169 1789 1219 et
1812 1164 1962 1236 quod

368 1261 590 1328 oportet
618 1263 939 1328 exspectare
989 1261 1228 1312 mortem
1272 1265 1545 1328 tanquam
1593 1255 1760 1309 vitam
1803 1254 1961 1308 bonae

370 1345 773 1410 translationis,
808 1352 866 1400 et
892 1363 1004 1400 non
1049 1345 1490 1401 imbecillitatem
1524 1345 1731 1399 intueri
1761 1359 1961 1415 corpo-

368 1451 550 1489 ream:
569 1441 625 1489 et
639 1453 740 1490 nec
755 1437 840 1490 vel
859 1435 1197 1507 quibuslibet
1214 1435 1391 1490 obviis
1408 1436 1642 1506 implere
1686 1439 1957 1487 ventrem.

370 1524 514 1578 Nam
545 1524 659 1595 qui.
683 1524 884 1596 inquit,
911 1525 1082 1579 fuerit
1108 1526 1366 1591 satiatus,
1391 1524 1586 1578 eadem
1608 1521 1758 1593 capit
1777 1520 1960 1575 consi-

369 1611 445 1666 lia
472 1630 594 1684 quas
625 1613 665 1667 ii
695 1614 790 1684 qui
825 1614 1016 1669 vivunt
1039 1614 1098 1668 in
1119 1614 1354 1668 deliciis:
1377 1613 1475 1667 sed
1497 1617 1718 1666 tentare
1741 1615 1964 1682 oportet

2043 541 2235 588 autem
2258 534 2353 588 ille
2382 532 2620 587 internis
2645 535 2966 586 versaretur
2978 530 3650 602 cogitationibus,deinde

2043 628 2110 678 ut
2134 624 2229 694 qui
2251 625 2370 693 jam
2399 639 2518 677 rem
2555 620 2790 684 haberet
2825 620 2886 674 in
2915 619 3196 687 manibus,
3228 625 3499 692 reputans
3536 638 3650 694 0p-

2047 711 2453 781 portunitatem
2490 715 2550 764 et
2587 708 2890 780 voluptatis
2915 708 3202 778 explenda
3248 709 3634 776 securitatem,

2045 799 2373 870 cogitationi
2403 797 2728 864 assentitur,
2747 803 2805 851 et
2819 801 3005 852 tentat
3022 813 3149 853 cum
3175 814 3242 852 ea
3270 799 3477 854 habere
3498 816 3643 854 con-

2047 888 2424 954 suetudinem,
2447 893 2514 942 ut
2539 887 2635 958 qui
2654 888 2771 957 jam
2799 887 3067 940 evasisset
3087 887 3360 958 insipiens
3384 895 3442 942 et
3465 905 3650 960 equus

2046 980 2105 1033 in
2135 977 2375 1032 feminas
2397 977 2703 1034 insaniens.
2736 976 2838 1031 Illa
2866 992 2999 1032 vero
3018 991 3147 1030 cum
3172 979 3404 1047 repente
3435 993 3652 1048 magna

2042 1085 2174 1123 voce
2199 1069 2579 1126 exclamasset,
2606 1066 2782 1119 evasit
2809 1081 3141 1120 evanescens
3162 1083 3228 1120 ex
3244 1068 3292 1136 ej
3301 1081 3367 1120 us
3381 1067 3652 1124 manibus

2043 1174 2156 1212 non
2195 1173 2356 1212 secus
2385 1173 2450 1210 ac
2483 1154 2684 1209 umbra
2710 1154 2918 1225 aliqua.
2965 1154 3132 1210 Risus
3169 1161 3362 1210 autem
3413 1157 3472 1210 in
3515 1173 3652 1211 aere

2043 1247 2272 1302 auditur
2298 1247 2604 1300 multorum
2624 1244 2943 1298 daemonum
2965 1243 3258 1314 quiipsum
3273 1243 3653 1316 increpabant

2043 1343 2101 1392 et
2127 1337 2185 1390 in
2209 1335 2465 1392 fraudem
2489 1333 2846 1397 induxerant,
2879 1338 2939 1387 et
2967 1349 3174 1403 magna
3201 1349 3334 1388 voce
3365 1335 3436 1388 ad
3459 1334 3652 1406 ipsum

2042 1425 2380 1482 clamabant:
2409 1423 2517 1489 Qui
2546 1441 2606 1477 se
2647 1421 3272 1487 exaltat,humiliabitur
3305 1424 3475 1487 (Luca!
3503 1428 3648 1490 xu).

2042 1517 2125 1571 Tu
2151 1520 2342 1570 autem
2368 1529 2547 1585 usque
2566 1514 2638 1568 ad
2660 1511 2830 1567 cmios
2867 1512 3094 1583 quidem
3129 1528 3188 1566 es
3207 1513 3507 1579 exaltatus,
3541 1513 3648 1567 hu-

2045 1605 2293 1659 miliatus
2323 1619 2454 1658 vero
2484 1619 2544 1656 es
2587 1616 2766 1674 usque
2803 1602 2885 1656 ad
2919 1601 3169 1672 abyssos.
3214 1601 3423 1656 Exinde
3464 1603 3652 1672 surgit

366 1717 468 1771 per
485 1702 936 1758 exercitationem
951 1703 1121 1759 etiam
1141 1703 1550 1774 appetitionum
1566 1717 1766 1772 parare
1787 1699 1963 1770 impa-
2045 1711 2212 1748 mane
2239 1699 2577 1748 nocturnum
2621 1692 2835 1746 luctum
2861 1691 3190 1758 attrahens;
3225 1695 3283 1744 et
3305 1707 3434 1746 cum
3461 1696 3654 1746 totum

366 1787 710 1846 tibilitatem.
733 1793 850 1846 Nec
880 1795 1094 1864 quaerat
1122 1791 1326 1862 aliquis
1347 1807 1414 1846 ea
1435 1807 1558 1862 quae
1584 1794 1717 1844 sunt
1743 1793 1961 1860 parata,
1980 1775 2028 1834 Β
2049 1785 2198 1838 diem
2226 1782 2596 1852 transegisset
2629 1781 2687 1834 in
2725 1781 3147 1846 lamentatione,
3206 1796 3310 1835 sua
3351 1781 3656 1852 desperata

367 1884 426 1934 et
444 1879 618 1934 animi
645 1880 1046 1936 reiaxationem
1065 1881 1190 1948 ;sed
1209 1897 1358 1936 nunc
1383 1881 1456 1934 sit
1483 1879 1793 1933 imbecillus
1820 1877 1967 1931 aﬂli-

368 1975 602 2042 ctusque
631 1975 689 2024 et
716 1985 1032 2040 oppressus,
1055 1973 1120 2021 ut
1137 1967 1297 2036 regni
1313 1965 1413 2020 Dei
1443 1964 1756 2019 latitudinis
1783 1961 1964 2034 possi-

368 2061 500 2114 deat
553 2057 963 2114 bearcditatem.
1014 2058 1249 2129 Oportet
1304 2055 1453 2110 enim
1485 2071 1587 2110 nos
1617 2069 1718 2124 per
1754 2053 1964 2106 multas

368 2149 700 2204 aiilictiones
737 2149 951 2203 intrare
994 2148 1052 2201 in
1090 2162 1329 2217 regnum
1367 2143 1469 2199 Del
1505 2145 1638 2213 (Act.
1699 2143 1825 2210 xxv).
1862 2142 1962 2195 Est

367 2238 538 2304 enim,
574 2238 776 2309 inquit,
805 2242 1046 2307 angusta
1075 2241 1256 2308 porta,
1289 2240 1346 2289 et
1373 2239 1530 2289 arcta
1557 2232 1644 2286 via
1659 2247 1781 2303 quae
1807 2231 1964 2284 ducit

368 2327 439 2382 ad
467 2327 659 2394 vitam,
689 2333 746 2382 et
763 2327 926 2399 pauci
946 2331 1080 2380 sunt
1099 2326 1195 2396 qui
1225 2323 1668 2380 eaminveniant.
1694 2322 1764 2375 Et
1790 2338 1802 2373 :
1825 2322 1964 2375 Lata

369 2421 454 2472 est
473 2418 562 2471 via
578 2434 700 2488 qua:
719 2417 874 2471 ducit
917 2416 987 2470 ad
1020 2415 1413 2488 perditionem,
1436 2417 1494 2467 et
1514 2409 1677 2468 multi
1707 2416 1840 2464 sunt
1867 2410 1964 2479 qui

366 2507 764 2576 ingrediuntur
791 2521 892 2576 per
912 2521 1039 2558 eam
1061 2504 1370 2573 (.llatthwu)
1391 2502 1479 2555 .Et
1495 2504 1732 2570 oportet,
1759 2497 1960 2568 inquit,

367 2612 470 2650 nos
500 2595 592 2649 hic
610 2601 988 2660 contemnere,
1013 2609 1138 2648 cum
1159 2592 1328 2662 paulo
1349 2595 1471 2662 post
1494 2603 1690 2644 eamus
1709 2587 1780 2642 ad
1794 2586 1965 2639 vitam

370 2688 660 2738 aeternam.
710 2685 827 2738 Nec
879 2686 1101 2753 oportet
1137 2681 1383 2751 aliquem
1422 2677 1606 2732 elierri
1647 2675 1717 2729 ob
1747 2691 1812 2730 ea
1842 2691 1966 2746 quae

370 2777 567 2826 rectea
595 2789 656 2826 se
681 2777 843 2842 gesta
870 2775 1022 2837 sunt,
1050 2769 1152 2824 sed
1180 2783 1404 2840 semper
1430 2783 1554 2821 esse
1583 2765 1873 2830 humilem,
1908 2774 1967 2816 et

371 2861 651 2932 longiores
689 2861 952 2933 persequi
994 2859 1346 2924 solitudines,
1383 2857 1608 2928 quando
1637 2853 1877 2910 senserit
1904 2869 1964 2907 se

369 2951 572 3004 elferri.
616 2949 903 3005 Habitatio
932 2949 1085 3004 enim
1117 2948 1433 3020 propinqua
1463 2946 1617 3010 vicis,
1650 2961 1746 2999 eos
1793 2944 1966 3002 etiam

371 3039 468 3112 qui
497 3045 660 3096 erant
686 3039 916 3112 perfecti
943 3055 1091 3110 saepe
1117 3037 1366 3092 oli‘endit.
1384 3035 1545 3100 Quod
1575 3035 1749 3090 etiam
1775 3033 1966 3104 psallit

2048 1874 2248 1938 salute,
2283 1872 2437 1944 quod
2464 1871 2576 1925 non
2606 1870 2820 1936 debuit,
2849 1871 2908 1925 in
2938 1871 3212 1925 mundum
3242 1886 3500 1925 reversus
3541 1875 3650 1926 est.

2047 1963 2167 2016 Hoc
2183 1967 2270 2015 est
2297 1961 2447 2016 enim
2469 1959 2702 2031 maligni
2726 1960 3067 2025 studium,ut
3085 1960 3310 2031 quando
3327 1961 3655 2031 quempiam

2046 2050 2310 2116 irriserit,
2337 2065 2471 2105 eum
2501 2050 2720 2119 redigat
2738 2049 2809 2106 ad
2828 2049 3230 2120 insipientiam,
3249 2055 3312 2104 ut
3331 2065 3444 2104 non
3472 2050 3655 2121 possit

2045 2140 2310 2211 deinceps
2339 2153 2586 2210 surgere.
2603 2139 2782 2204 Unde,
2801 2155 2835 2192 ο
2862 2139 2983 2204 filii,
3001 2155 3113 2193 non
3144 2145 3231 2192 est
3257 2138 3418 2192 nobis
3437 2139 3652 2193 condu-

2045 2227 2226 2283 cibilis
2273 2229 2590 2300 propinqua
2620 2227 2752 2281 vicis
2799 2227 3096 2294 habitatio,
3129 2245 3312 2299 neque
3346 2228 3657 2282 mulierum

2047 2317 2363 2382 collocutie,
2395 2323 2460 2372 ut
2486 2333 2552 2371 ex
2573 2317 2779 2388 quibus
2809 2316 3028 2370 oriatur
3057 2317 3345 2382 memoria,
3379 2334 3504 2388 quae
3532 2334 3649 2372 non

2047 2412 2232 2478 potest
2260 2407 2454 2474 deleri,
2487 2421 2657 2477 quam
2676 2422 2740 2458 ex
2762 2406 2885 2460 visu
2905 2407 3245 2460 attrahimus
3268 2409 3453 2472 Q43
3465 2411 3524 2460 et
3544 2407 3656 2460 eel—

2049 2496 2345 2551 locutione.
2367 2496 2476 2551 Sed
2507 2509 2689 2566 neque
2719 2495 2988 2550 debemus
3008 2496 3258 2550 animum
3275 2495 3648 2566 despondere,

2049 2592 2106 2640 et
2127 2599 2228 2640 nos
2248 2585 2401 2656 ipsos
2421 2585 2722 2638 detrudere
2751 2585 2822 2639 ad
2849 2585 3320 2656 desperationem.
3337 2585 3464 2639 1am
3493 2585 3648 2638 enim

2047 2675 2088 2728 ii
2124 2689 2346 2745 quoque
2377 2673 2471 2745 qui
2515 2689 2628 2728 non
2672 2691 2830 2746 spem
2873 2675 3218 2744 abjecerunt,
3260 2687 3372 2728 non
3416 2673 3648 2727 fuerunt

2047 2765 2250 2836 privati
2270 2760 2371 2818 Dei
2399 2763 2780 2820 misericordis
2806 2764 3126 2818 clementia.

2633 2851 2868 2907 CAPUT
2895 2852 3062 2910 XLV.

2134 2943 2206 2996 De
2233 2942 2415 3010 fratre
2451 2945 2551 3012 qui
2577 2945 2773 2996 ductus
2801 2943 2915 3009 fuit
2938 2945 3288 3012 paenitentia,
3321 2943 3562 3010 ejusdem

2438 3033 2652 3088 abbatis
2687 3034 2922 3086 Joannis
2970 3033 3248 3086 narratio.

365 3087 548 3184 David
1571 3087 1830 3192 elongavi
1867 3121 1960 3176 fu-
1979 3087 2024 3150 Ο
2119 3121 2255 3175 Erat
2273 3120 2444 3186 enim,
2469 3120 2678 3192 inquit,
2698 3117 2842 3175 alius
2860 3119 3184 3176 adolescens
3202 3120 3260 3176 in
3277 3121 3524 3186 civitate,
3550 3122 3649 3191 qui

366 3217 546 3288 giens,
579 3221 636 3272 et
661 3218 908 3273 habitavi
947 3217 1005 3271 in
1043 3216 1365 3271 solitudine.
1400 3212 1802 3286 Exspectabam
1832 3228 1963 3266 eum

369 3307 465 3380 qui
493 3308 708 3364 salvum
735 3323 826 3361 me
844 3306 978 3361 facit
999 3323 1034 3360 a
1056 3303 1520 3376 pusillanimitate
1541 3308 1599 3357 et
1625 3305 1962 3372 tempestate

371 3399 532 3467 (Prol.
565 3399 698 3465 LIV).
721 3397 838 3450 Hoc
865 3400 1057 3450 autem
1087 3394 1289 3448 accidit
1311 3393 1505 3450 multis
1526 3407 1748 3463 quoque
1773 3405 1840 3444 ex
1865 3405 1964 3444 no-

367 3485 499 3540 stris
527 3485 812 3553 fratribus,
831 3489 888 3540 et
910 3488 1140 3558 prepter
1165 3483 1546 3553 arrogantiam
1577 3477 1903 3535 exciderunt
1928 3495 1964 3534 a

369 3581 556 3639 scopo.

935 3653 1168 3710 CAPUT
1205 3655 1396 3710 XLIV.

439 3747 709 3804 Narratio
735 3747 949 3800 abbatis
984 3748 1219 3801 Joannis
1247 3746 1310 3798 de
1348 3759 1406 3797 eo
1443 3745 1543 3812 qui
1571 3745 1759 3810 lapsus
1790 3745 1884 3795 est.

439 3837 574 3890 Erat
599 3835 772 3901 enim,
804 3833 1006 3904 inquit,
1031 3833 1261 3904 quidam
1286 3831 1594 3886 monachus
1617 3830 1714 3902 qui
1743 3829 1802 3884 in
1836 3845 1961 3900 pro-

367 3925 582 3996 pinqua
627 3922 931 3978 solitudine
957 3921 1196 3993 degebat
1218 3921 1275 3976 in
1305 3921 1591 3993 spelunca,
1629 3925 1686 3978 et
1736 3934 1961 3973 omnem

369 4013 694 4068 ostenderat
721 4011 1196 4079 exercitationem,
1229 4016 1285 4065 et
1302 4009 1543 4082 propriis
1571 4008 1831 4063 manibus
1859 4024 1960 4079 pa-

369 4119 498 4157 nem
529 4103 638 4160 sibi
665 4101 952 4175 quaerebat
981 4104 1162 4170 (Ra/I2,
1183 4104 1278 4158 lib.
1298 4115 1360 4167 II,
1393 4117 1510 4170 cap.
1549 4101 1621 4169 i).
1654 4100 1962 4169 Postquam

367 4198 556 4248 autem
581 4193 891 4264 permansit
918 4193 976 4246 in
995 4191 1362 4264 orationibus,
1394 4197 1452 4244 et
1476 4188 1710 4262 profecit
1741 4187 1960 4240 virtuti-

365 4282 490 4348 bus,
513 4283 571 4340 in
609 4283 792 4354 seipse
818 4282 1080 4352 deinceps
1111 4277 1310 4339 habuit
1341 4278 1806 4344 fiduciam,fretus
1836 4276 1960 4346 pul-

367 4371 502 4426 chro
527 4387 639 4426 suae
657 4371 782 4426 vita:
808 4371 1088 4426 instituto.
1113 4370 1221 4435 Qui
1241 4375 1434 4424 autem
1463 4374 1802 4434 tentat,eum
1827 4379 1962 4436 quo.

2045 3211 2226 3266 multa
2239 3210 2390 3264 mala
2405 3209 2696 3276 fecerat,et
2713 3209 2962 3279 graviter
2981 3216 3311 3280 peccaverat
3342 3211 3636 3277 (Ruﬂ.,lib.

2046 3313 2107 3365 Il,
2140 3314 2256 3369 cap.
2316 3299 2384 3366 l).
2436 3299 2544 3364 Qui
2573 3300 2675 3353 Dei
2705 3305 2867 3364 nutu,
2905 3304 3138 3372 prepter
3174 3299 3355 3354 multa
3411 3305 3640 3369 peccata

2045 3395 2433 3460 compunctus,
2457 3389 2686 3443 veniens
2707 3389 2778 3442 ad
2808 3389 3084 3460 sepulcra,
3115 3388 3358 3460 priorem
3375 3377 3539 3443 suam
3569 3389 3648 3442 vi-

2043 3484 2162 3532 tam
2192 3478 2444 3546 deﬂevit;
2489 3493 2699 3549 pronus
2739 3478 2944 3532 cadens
2973 3479 3034 3532 in
3062 3477 3284 3546 faciem,
3315 3483 3374 3532 et
3399 3494 3512 3532 non
3539 3494 3644 3532 au-

2043 3567 2180 3622 dens
2213 3584 2403 3622 vocem
2444 3568 2722 3634 emittere,
2759 3583 2861 3621 nec
2902 3567 3084 3622 Deum
3115 3568 3427 3632 nominare,
3461 3583 3644 3638 neque

2043 3657 2377 3728 snpplicare,
2404 3655 2527 3728 ipsa
2555 3673 2778 3728 quoque
2806 3656 2918 3710 vita
2945 3657 3192 3727 seipsum
3216 3656 3638 3727 indignumexi-

2043 3745 2374 3800 stimans.Et
2391 3761 2519 3800 cum
2530 3753 2660 3800 ante
2683 3751 2924 3800 mortem
2944 3762 3004 3799 se
3025 3745 3343 3802 inclusisset
3377 3745 3437 3799 in
3461 3744 3644 3816 sepul-

2041 3835 2151 3889 cris
2179 3841 2550 3900 mortuorum,
2582 3840 2639 3888 et
2666 3847 2828 3888 suam
2855 3835 3028 3889 vitam
3049 3834 3279 3900 diceret,
3296 3832 3558 3904 gemebat
3576 3849 3642 3887 ex

2043 3923 2319 3995 profundo
2328 3923 2529 3978 cordis.
2554 3923 2694 3978 Cum
2710 3925 2830 3994 jam
2846 3930 3036 3978 autem
3056 3923 3128 3977 ab
3151 3939 3217 3977 eo
3230 3928 3486 3994 tempore
3505 3939 3644 3994 prae-

2043 4012 2290 4067 teriisset
2337 4012 2707 4077 hebdomade,
2741 4017 2909 4067 noctu
2947 4011 3002 4070 ei
3030 4012 3307 4066 assistunt
3333 4012 3637 4078 daemones,

2044 4101 2140 4173 qui
2161 4102 2284 4172 ejus
2307 4103 2431 4156 vita:
2461 4101 2618 4173 prius
2633 4101 2905 4158 damnum
2932 4102 3576 4165 attulerant,clamantes
3588 4105 3647 4154 et

2043 4191 2293 4245 dicentes
2323 4189 2456 4244 :Ubi
2478 4195 2564 4244 est
2585 4191 2678 4243 ille
2709 4190 2976 4244 scelestus
2996 4196 3052 4246 et
3078 4189 3370 4261 profanus,
3388 4189 3485 4260 qui
3515 4188 3644 4242 libi-

2043 4279 2268 4333 dinibus
2291 4285 2348 4334 et
2376 4279 2616 4333 lasciviis
2649 4279 2973 4346 exsatiatus,
3007 4295 3157 4333 nunc
3177 4279 3339 4332 nobis
3370 4279 3646 4350 intempe-

2043 4369 2238 4435 stivus,
2273 4374 2596 4440 temperans
2618 4374 2675 4422 et
2702 4368 2971 4422 honestus
2991 4374 3224 4440 repente
3249 4368 3516 4440 apparuit
3539 4386 3553 4435 ;
3587 4372 3644 4421 et

367 4475 494 4531 que,
519 4460 663 4514 sicut
688 4459 810 4527 Job,
844 4459 1074 4531 expetiit
1092 4460 1161 4513 ad
1185 4457 1537 4522 tentandum,
1561 4463 1617 4510 et
1643 4457 1695 4510 ei
1726 4471 1956 4526 vespere
1975 4449 2267 4528 unando
2285 4473 2398 4514 non
2419 4463 2604 4529 potest
2625 4457 2885 4528 amplius,
2917 4463 3052 4511 tune
3071 4457 3192 4510 vult
3213 4473 3333 4510 esse
3364 4456 3644 4510 Christia-

365 4549 577 4621 pmbet
604 4549 963 4621 phantasiam
1019 4548 1276 4603 formosa:
1305 4543 1560 4601 mulieris
1592 4545 1834 4602 errantis
1861 4560 1962 4616 per

365 4639 744 4698 solitudinem.
779 4639 915 4702 Quae
944 4651 1073 4692 cum
1105 4637 1311 4692 ostium
1335 4637 1638 4692 invenisset
1674 4641 1955 4706 apertum,

365 4729 619 4799 ingressa
638 4734 726 4782 est
750 4729 1076 4798 speluncam
1105 4746 1117 4794 ;
1147 4732 1202 4781 et
1235 4725 1608 4798 procumbens
1637 4725 1709 4778 ad
1739 4723 1841 4777 viri
1859 4739 1958 4794 ge-

367 4817 668 4888 nua,petiit
685 4823 750 4872 ut
775 4816 880 4871 sibi
910 4815 1024 4872 illic
1053 4812 1250 4870 liceret
1280 4813 1789 4886 quiescere,utpote
1806 4813 1956 4886 quod

367 4921 475 4963 nox
500 4923 623 4962 eam
647 4907 1129 4980 apprehendisset.
1161 4907 1261 4960 Ille
1290 4910 1482 4960 autem
1511 4919 1638 4959 cum
1658 4904 1780 4972 ejus
1811 4906 1959 4956 esset

365 4996 648 5061 misertus,
681 4997 832 5067 quod
863 4997 1092 5068 quidem
1120 5012 1232 5050 non
1261 4993 1474 5060 debuit,
1494 5009 1620 5048 eam
1649 4991 1879 5048 admisit
1899 4992 1957 5046 in

364 5084 703 5155 speluncam,
730 5091 787 5140 et
816 5087 892 5142 de
919 5101 1110 5140 errore
1139 5085 1294 5138 illam
1325 5091 1414 5138 est
1441 5087 1818 5154 percontatus.
1850 5082 1955 5136 Illa

363 5189 495 5228 vero
511 5173 910 5239 etnarravit,et
925 5173 1126 5228 blanda
1143 5189 1208 5227 ac
1227 5172 1448 5228 fallacia
1475 5171 1644 5228 verba
1665 5171 1949 5242 inspersit,

367 5267 425 5317 et
454 5275 773 5316 sermonem
790 5261 888 5316 diu
909 5279 1036 5317 cum
1057 5279 1122 5317 eo
1133 5261 1423 5333 protraxit.
1441 5262 1584 5316 Eum
1611 5266 1803 5318 autem
1823 5275 1952 5314 sen-

363 5352 470 5408 sim
486 5351 674 5406 neseio
695 5351 970 5422 quomodo
980 5351 1296 5423 pelliciebat
1309 5352 1382 5405 ad
1397 5363 1665 5416 amorem;
1682 5351 1956 5422 pluraque

363 5442 626 5514 deinceps
645 5439 813 5495 verba
828 5439 976 5498 inter
993 5457 1053 5494 se
1082 5445 1401 5506 conserunt,
1442 5439 1736 5511 ridentque
1749 5455 1814 5493 ac
1830 5437 1958 5493 sul)-

364 5531 568 5599 rident,
622 5545 864 5602 eumque
912 5529 1037 5600 ipsa
1080 5530 1257 5584 multo
1313 5543 1570 5590 sermone
1612 5528 1855 5596 seduxit,
1901 5533 1960 5587 et

363 5618 563 5674 deinde
590 5618 1031 5679 contrectatione
1059 5629 1262 5676 manus
1291 5623 1347 5672 et
1375 5617 1560 5675 barba:
1591 5624 1649 5673 et
1677 5617 1908 5678 cervicis
1938 5636 1952 5684 ;

2042 4567 2170 4616 nus,
2198 4557 2256 4605 et
2283 4550 2471 4622 probis
2502 4552 2936 4622 compositisque
2963 4549 3261 4605 moribus?
3293 4549 3640 4622 Ecquidnam

2041 4641 2144 4695 tibi
2170 4640 2298 4694 boni
2322 4639 2563 4712 amplius
2584 4640 2840 4695 futurum
2855 4645 3159 4712 exspectas,
3180 4657 3308 4694 cum
3325 4639 3403 4693 sis
3432 4639 3640 4694 nostris

2041 4729 2203 4784 malis
2229 4729 2492 4800 impletus
2508 4731 2670 4784 ?Non
2689 4730 2818 4784 hinc
2839 4729 2950 4784 cito
2971 4745 3237 4800 exsurges
3258 4729 3420 4784 ?Non
3447 4728 3637 4782 venies

2039 4817 2111 4871 ad
2139 4833 2207 4870 ea
2228 4831 2352 4888 quas
2362 4823 2496 4871 sunt
2510 4817 2801 4872 nobiscum
2819 4819 3121 4874 consueta?
3135 4824 3190 4872 te
3202 4823 3434 4872 manent
3455 4821 3640 4871 scorta

2039 4913 2096 4960 et
2123 4907 2570 4977 caupones.Non
2593 4907 2800 4974 venies,
2829 4912 2886 4962 et
2901 4907 3102 4962 frueris
3127 4905 3638 4978 cupidinibus,cum

2040 4994 2115 5048 sit
2124 5000 2326 5050 cuncta
2335 4995 2446 5048 alia
2459 4994 2560 5048 tibi
2581 5013 2707 5068 spes
2726 4996 3218 5050 exstincta’H/elox
3231 4996 3302 5048 ad
3323 4999 3380 5049 te
3407 4995 3638 5049 omnino

2034 5084 2219 5138 veniet
2237 5084 2534 5154 judicium,
2559 5085 2655 5156 qui
2675 5086 2755 5140 sic
2787 5085 3030 5156 teipsum
3051 5084 3379 5156 perimis.Et
3397 5099 3502 5138 cur
3531 5084 3638 5137 mi-

2036 5189 2127 5226 ser
2154 5173 2385 5230 festlnas
2405 5174 2476 5226 ad
2505 5174 2871 5245 supplicium?
2891 5190 2993 5228 cur
3012 5180 3203 5228 autem
3229 5172 3526 5228 contendis
3541 5171 3639 5226 tibi

2036 5277 2231 5335 poenas
2255 5261 2421 5318 citius
2448 5261 2734 5334 inﬂigere?
2755 5263 3041 5334 Multaque
3070 5263 3183 5317 alia
3207 5262 3460 5316 dicentes
3489 5280 3502 5314 :
3533 5262 3640 5316 No-

2037 5356 2154 5408 ster
2187 5367 2266 5418 es,
2296 5351 2354 5409 in
2383 5357 2638 5408 nostrum
2694 5353 2951 5406 ordinem
2979 5368 3040 5406 es
3069 5352 3300 5416 relatus,
3332 5350 3630 5405 exercuisti

2038 5455 2264 5495 omnem
2291 5440 2668 5512 iniquitatem.
2685 5442 2768 5497 Tu
2789 5459 2848 5496 es
2877 5440 3036 5496 nobis
3061 5439 3322 5497 omnibus
3341 5439 3632 5502 obnoxius,

2038 5535 2096 5583 et
2114 5529 2287 5584 audes
2300 5529 2493 5601 fugere
2513 5529 2542 5582 ‘l
2557 5547 2670 5586 non
2694 5531 3019 5588 assentieris
3036 5530 3061 5584 ?
3081 5545 3195 5585 non
3222 5527 3592 5600 respondebis
3613 5529 3636 5579 ?

2038 5633 2151 5674 non
2178 5618 2344 5677 simul
2361 5618 2704 5693 egredieris?
2724 5619 3033 5692 Postquam
3050 5623 3242 5678 autem
3260 5619 3356 5675 ille
3373 5624 3638 5674 constans
