4024 6206
344 347 487 409 1149

1604 345 1949 403 HISTORIA
1985 344 2361 404 LAUSIACA.

3482 342 3625 402 1150

337 476 403 531 in
431 472 672 543 ﬂetibus,
707 490 779 531 ne
815 490 982 530 aures
1014 473 1241 547 quidem
1269 474 1350 529 eis
1391 473 1691 544 prmbebat,
1740 476 1797 529 et
1837 476 2006 535 necA
2025 491 2148 546 qua:
2170 491 2284 529 non
2312 476 2620 529 cernuntur
2645 479 2703 529 et
2720 476 3036 545 sperantur,
3056 475 3114 527 et
3133 482 3314 542 neque
3343 469 3623 526 diuturni-

336 565 577 620 verbum
614 564 990 637 respondebat
1026 581 1155 620 eum
1175 564 1272 619 diu
1313 564 1646 637 urgentibus
1666 564 1938 619 daemoni-

337 655 446 709 bus
471 675 483 723 ;
509 653 1234 726 postquam,inquam,nihil
1255 652 1779 719 eiiecerunt,eadem
1792 670 1941 724 smpe

336 744 422 797 illi
450 743 718 810 dicentes,
749 748 1084 814 acceperunt
1105 758 1236 798 eum
1260 744 1395 798 mali
1426 748 1483 798 et
1506 749 1701 815 turpes
1739 742 1943 798 daemo-

337 848 458 895 nes,
493 839 551 887 et
590 838 773 887 totum
824 833 946 903 ejus
976 849 1177 904 corpus
1232 834 1379 887 male
1427 832 1761 898 multarunt,
1811 849 1941 886 eum

333 922 588 991 graviter
616 923 806 992 ﬂagris
837 922 1143 979 caedentes:
1167 927 1223 977 et
1241 939 1367 978 cum
1394 938 1523 977 eum
1546 923 1794 993 graviter
1818 926 1939 976 tor-

332 1011 563 1078 sissent,
588 1011 852 1066 abierunt
888 1028 955 1066 eo
986 1011 1178 1066 relicto
1207 1013 1592 1066 semimortuo.
1625 1012 1723 1067 llle
1743 1018 1935 1065 autem

333 1099 517 1154 nihilo
548 1096 729 1154 secius
776 1099 1083 1155 immobilis
1114 1099 1340 1170 jacebat
1381 1099 1477 1155 ubi
1523 1116 1652 1154 eum
1698 1100 1937 1171 relique-

339 1194 498 1253 runt,
534 1204 732 1242 rursus
781 1206 1012 1260 gemens
1059 1193 1357 1261 postquam
1399 1190 1650 1243 animum
1695 1188 1938 1258 college-

330 1282 443 1330 rat.
479 1277 622 1331 Cum
644 1282 831 1331 autem
864 1280 988 1347 ejus
1019 1279 1317 1332 necessarii
1347 1295 1477 1333 eum
1508 1278 1937 1347 investigassent

332 1371 393 1419 et
420 1365 782 1432 invenissent,
815 1371 873 1420 et
899 1383 1129 1421 causam
1158 1369 1280 1437 ejus
1306 1368 1453 1438 quod
1502 1367 1678 1438 ipsius
1717 1367 1938 1438 corpori

333 1455 616 1509 acciderat
635 1455 977 1521 didicissent,
997 1455 1272 1527 rogabant
1296 1473 1427 1511 eum
1446 1462 1513 1511 ut
1531 1456 1762 1510 domum
1792 1456 1936 1510 redi-

330 1548 424 1597 ret
456 1562 470 1596 :
502 1544 550 1598 is
579 1551 767 1599 autem
798 1561 926 1599 cum
955 1545 1065 1599 vim
1093 1546 1143 1599 ei
1173 1562 1319 1617 saepe
1349 1546 1689 1611 attulissent,
1705 1546 1931 1600 restitit.

329 1631 552 1686 Rursus
583 1639 772 1687 autem
800 1634 1055 1705 sequenti
1080 1639 1241 1690 nocte
1263 1651 1393 1688 eum
1422 1634 1622 1689 iisdem
1651 1634 1720 1689 de
1750 1635 1934 1689 causis

328 1722 496 1792 pejus
518 1739 686 1793 quam
706 1722 862 1794 prius
877 1722 1184 1778 affecerunt
1201 1724 1510 1792 daemones;
1544 1728 1600 1778 et
1620 1740 1689 1777 ne
1709 1724 1787 1777 sic
1798 1724 1933 1827 qui-

2021 569 2138 619 tate
2153 564 2204 619 ei
2220 579 2421 635 corpus
2435 560 3323 634 macerabaturmequemmrebat
3330 559 3622 631 tristisque

2023 659 2145 708 erat
2163 654 2473 720 anima,sed
2492 654 2546 707 in
2565 654 2805 725 quodam
2818 653 3052 707 honesto
3066 668 3130 706 ac
3141 651 3457 705 venerando
3468 654 3621 705 statu

2022 742 2232 798 bonum
2251 742 2493 797 habebat
2503 742 2777 796 habitum.
2792 742 3001 797 Verum
3019 742 3300 795 enimvero
3316 741 3466 794 Deus
3488 755 3621 794 eum

2023 833 2325 898 honorans,
2382 837 2509 904 post
2547 831 2888 903 praefinitum
2924 831 3194 902 temporis
3237 829 3615 893 intervallum,

2022 922 2191 976 dabat
2207 922 2257 976 ei
2274 938 2443 993 super
2462 937 2715 975 mensam
2730 937 2930 993 panem
2952 921 3192 975 duorum
3204 920 3288 975 vel
3312 918 3484 974 trium
3506 918 3621 971 die-

2023 1029 2169 1073 rum,
2201 1016 2264 1066 ut
2284 1017 2341 1066 et
2362 1011 2664 1075 videretur,
2697 1015 2755 1065 et
2778 1015 2943 1074 esset,
2967 1014 3023 1064 et
3048 1026 3113 1063 eo
3133 1014 3407 1063 uteretur.
3440 1008 3510 1062 Et
3526 1007 3616 1060 in-

2016 1102 2278 1171 grediens
2294 1101 2353 1155 in
2374 1102 2717 1172 speluncam,
2748 1100 2972 1172 quando
3000 1098 3277 1153 sentiebat
3303 1114 3504 1169 corpus
3526 1098 3617 1150 in-

2017 1191 2227 1261 digere,
2261 1190 2584 1244 inveniebat
2609 1189 3038 1244 nutrimentum.
3074 1189 3142 1242 Et
3170 1204 3296 1242 cum
3327 1188 3617 1242 adorasset

2019 1288 2075 1334 et
2101 1280 2289 1334 cibum
2312 1280 2662 1350 sumpsisset,
2688 1279 2914 1350 hymnis
2943 1294 3142 1332 rursus
3159 1277 3469 1343 fruebatur,
3494 1292 3616 1347 per—
3719 1310 3725 1316 ρ

2021 1387 2283 1426 severans
2312 1371 2369 1424 in
2399 1370 2655 1441 precibus
2682 1376 2740 1423 et
2759 1366 3249 1440 contemplatione,
3278 1367 3337 1422 in
3360 1367 3478 1421 dies
3492 1382 3618 1437 ger-

2020 1461 2262 1525 minans,
2284 1464 2342 1514 et
2361 1476 2419 1514 se
2438 1460 2669 1513 tradens
2690 1459 2952 1530 praesenti
2974 1457 3165 1511 virtuti
3185 1462 3242 1511 et
3262 1456 3463 1510 futurae
3473 1455 3611 1526 spei,

2017 1566 2239 1621 semper
2258 1550 2438 1621 magis
2454 1549 2744 1619 magisque
2768 1547 3135 1618 progrediens
3161 1565 3174 1612 ;
3208 1550 3266 1600 et
3279 1544 3395 1600 fere
3404 1546 3525 1616 jam
3546 1544 3618 1598 de

2016 1639 2235 1693 meliori
2263 1655 2367 1693 sua
2396 1645 2546 1693 sorte
2567 1637 2900 1703 conﬁdebat,
2932 1642 3202 1706 tanquam
3225 1636 3345 1705 jam
3371 1651 3495 1689 eam
3517 1635 3615 1689 ha-

2014 1727 2174 1783 beret
2202 1729 2260 1783 in
2289 1728 2551 1782 manibus
2576 1747 2587 1781 :
2621 1727 2768 1797 quod
2797 1726 2967 1780 etiam
2995 1725 3103 1779 fuit
3130 1726 3181 1778 ei
3206 1740 3377 1779 causa
3398 1725 3611 1796 lapsus,

327 1810 465 1865 dem
510 1813 633 1882 ejus
663 1813 1063 1884 consanguinei
1095 1814 1147 1868 ei
1185 1815 1527 1887 persuadent
1566 1818 1632 1868 ut
1673 1810 1929 1885 emigret,
1948 1835 1995 1894 Β
2014 1834 2141 1872 cum
2171 1818 2578 1889 propemodum
2609 1816 2891 1871 excideret
2909 1832 3010 1887 per
3031 1831 3153 1869 eam
3172 1818 3294 1885 Quae
3316 1812 3501 1884 ipsum
3518 1829 3615 1883 po-

329 1899 524 1954 direns
554 1902 730 1956 satius
752 1919 874 1956 esse
898 1903 1044 1957 mori
1076 1920 1246 1974 quam
1266 1903 1449 1958 vivere
1479 1903 1539 1957 in
1569 1902 1774 1958 talibus
1804 1904 1931 1959 vitae

327 1990 586 2045 maculis.
618 1991 809 2047 Tertia
839 2009 944 2046 nox
967 1994 1369 2064 propemodum
1391 1993 1524 2048 fecit
1551 1998 1615 2049 ut
1642 1994 1932 2049 excederet

328 2078 885 2147 abhominibus.cum
906 2082 1224 2137 crudelibus
1244 2083 1610 2138 tormentisin
1625 2100 1753 2138 eum
1772 2084 1929 2137 inva-

327 2169 539 2223 sissent
568 2168 866 2237 daemones,
899 2178 956 2225 et
985 2188 1113 2226 eum
1135 2179 1429 2227 vexassent
1466 2188 1642 2244 usque
1665 2174 1735 2227 ad
1754 2177 1932 2227 extre-

328 2274 490 2313 mum
515 2258 794 2329 spiritum.
826 2261 1130 2332 Postquam
1159 2268 1349 2316 autem
1371 2262 1634 2316 viderunt
1659 2278 1788 2316 eum
1817 2277 1931 2316 non

325 2349 686 2413 concessisse,
740 2356 1111 2416 recesserunt,
1158 2352 1384 2405 homine
1432 2351 1623 2405 relicto
1663 2350 1921 2405 exanimi;

322 2436 672 2491 Recedentes
693 2438 883 2509 itaque
904 2440 1306 2507 exclamarunt,
1324 2440 1573 2494 dicentes
1596 2458 1607 2493 :
1632 2440 1929 2503 Vicisti,vi-

324 2525 475 2583 cisti.
499 2526 695 2581 vicisti.
729 2529 922 2598 Neque
940 2529 989 2582 ci
1009 2529 1252 2600 amplius
1272 2529 1481 2600 aliquid
1500 2529 1633 2583 mali
1650 2529 1924 2595 occurrit;

321 2615 426 2669 sed
454 2631 513 2669 1n
542 2617 843 2687 purissimo
872 2619 1126 2689 sepulcro
1144 2635 1283 2689 pure
1306 2618 1580 2672 habitavit
1604 2619 1737 2672 dum
1769 2618 1919 2683 vixit,

324 2721 528 2774 puram
558 2722 821 2761 exercens
840 2707 1122 2761 virtutem.
1142 2706 1193 2761 Is
1214 2708 1329 2761 Deo
1349 2723 1569 2778 quoque
1589 2707 1697 2761 fuit
1720 2708 1925 2779 pretio—

323 2809 445 2860 sus,
480 2798 535 2849 et
560 2795 880 2861 virtutibus,
908 2796 1305 2852 miraculorum
1335 2797 1750 2864 affectionibus;
1786 2798 1926 2851 adeo

319 2888 390 2938 ut
416 2887 474 2938 et
492 2885 699 2939 multos
726 2883 784 2940 in
803 2884 1232 2940 admirationem
1258 2886 1558 2952 induxerit,
1573 2892 1630 2940 et
1657 2887 1726 2940 ad
1748 2887 1928 2941 zelum

323 2971 625 3029 adduxerit
636 2979 692 3028 et
704 2974 1118 3029 aemulationem
1134 2975 1496 3030 honestorum
1516 2976 1923 3031 institutorum.

321 3058 473 3115 Hinc
501 3061 708 3117 factum
742 3068 827 3117 est
865 3068 930 3118 ut
958 3063 1121 3119 multi
1152 3080 1372 3135 quoque
1403 3078 1470 3118 ex
1516 3065 1587 3117 iis
1632 3065 1727 3135 qui
1771 3065 1842 3118 de
1867 3080 1929 3119 se

2013 1914 2133 1962 stea
2151 1907 2754 1962 invaslttentationem.
2771 1906 2915 1970 Quid
2937 1906 3087 1960 enim
3108 1919 3219 1958 non
3236 1903 3471 1957 dicimus
3490 1901 3613 1972 ejus

2012 2014 2140 2051 eum
2173 1998 2265 2067 qui
2290 2013 2465 2068 prope
2501 1996 2610 2050 fuit
2636 1994 2864 2050 casum?
2883 1996 3188 2064 Postquam
3209 1992 3358 2047 enim
3374 1991 3444 2045 ad
3466 1992 3611 2045 hanc

2012 2087 2282 2158 processit
2304 2086 2722 2157 cogitationem,
2755 2085 3029 2156 paulatim
3057 2082 3385 2153 imprudens
3421 2097 3486 2136 eo
3517 2080 3613 2135 de-

2012 2177 2182 2241 venit,
2218 2178 2284 2230 ut
2325 2175 2671 2229 existimaret
2698 2190 2758 2229 se
2787 2190 2907 2228 esse
2934 2173 3112 2245 pluris
3150 2187 3321 2243 quam
3348 2169 3506 2238 alios,
3555 2174 3612 2224 et

2007 2266 2126 2335 jam
2150 2266 2332 2335 majus
2355 2265 2489 2335 quid
2503 2263 2788 2334 possidere
2806 2279 2972 2334 quam
2983 2263 3080 2317 alii
3092 2261 3348 2316 homines
3370 2278 3385 2325 ;
3407 2266 3464 2314 et
3479 2274 3609 2313 cum

2013 2354 2142 2407 talis
2170 2360 2335 2417 esset,
2366 2355 2486 2424 jam
2515 2353 2775 2424 deinceps
2794 2353 2851 2406 in
2881 2353 3066 2423 seipso
3095 2350 3293 2405 habuit
3318 2349 3604 2403 fiduciam.

2011 2443 2074 2496 Ei
2104 2459 2237 2513 ergo
2281 2443 2534 2513 gignitur
2562 2443 2712 2496 haud
2760 2442 2841 2495 ita
2884 2441 2979 2496 diu
3007 2444 3134 2511 post
3161 2440 3407 2510 primum
3436 2452 3609 2508 parva

2012 2532 2263 2602 quaedam
2286 2532 2460 2585 animi
2477 2531 2822 2595 remissio,ut
2845 2531 3212 2584 nevideretur
3230 2528 3458 2599 quidem
3482 2542 3605 2581 esse

2008 2621 2284 2675 remissio.
2313 2621 2524 2675 Deinde
2551 2621 2734 2675 oritur
2759 2621 2940 2689 major
2964 2616 3327 2689 negligentia,
3363 2631 3486 2687 quas
3514 2615 3609 2670 de-

2006 2710 2137 2764 inde
2167 2726 2414 2780 eousque
2434 2726 2733 2780 progressa
2756 2714 2843 2763 est
2862 2714 2925 2762 ut
2944 2709 3279 2773 sentiretur;
3312 2722 3443 2760 nam
3465 2710 3520 2759 et
3540 2721 3605 2758 ex

2009 2816 2206 2853 somno
2231 2800 2448 2853 tardius
2478 2798 2741 2869 surgebat
2772 2799 2842 2852 ad
2873 2799 3137 2869 hymnos,
3155 2800 3211 2851 et
3232 2801 3394 2850 erant
3415 2811 3607 2868 preces

2009 2890 2177 2959 paulo
2207 2888 2518 2954 otiosiores,
2537 2904 2640 2941 nec
2660 2889 2903 2959 hymnus
2922 2886 3061 2941 adeo
3090 2885 3357 2957 prolixus,
3393 2891 3451 2939 et
3473 2884 3607 2939 dicit

2009 2979 2059 3032 ei
2090 2978 2278 3031 anima
2299 2993 2359 3030 se
2387 2977 2525 3030 velle
2555 2977 2922 3046 requiescere,
2950 2980 3006 3029 et
3028 2991 3187 3029 mens
3208 2974 3259 3028 ei
3285 2974 3517 3040 annuit;
3552 2979 3607 3027 et
3656 2982 3657 2985 ‘

2009 3064 2358 3121 ﬂuctuabant
2386 3072 2444 3120 et
2468 3065 2821 3136 vagabantur
2839 3066 2890 3119 ei
2903 3064 3289 3134 cogitationes,
3313 3068 3369 3116 et
3381 3063 3499 3132 jam
3519 3078 3608 3115 oc-

321 3150 487 3205 valde
515 3151 964 3222 desperaverant,
982 3153 1154 3208 bonas
1170 3155 1417 3208 actiones
1438 3155 1687 3223 aggressi
1706 3154 1838 3218 sint,
1872 3159 1928 3208 et
1944 3156 1988 3216 Ο
2010 3157 2157 3211 culte
2186 3156 2397 3226 aliquid
2422 3155 2651 3210 absurdi
2675 3154 3071 3209 meditabatur.
3101 3152 3209 3208 Sed
3240 3152 3395 3224 prior
3408 3167 3605 3205 assue-

321 3255 389 3292 se
432 3242 583 3292 recte
626 3240 919 3309 gesserint,
954 3241 1146 3313 eisque
1174 3242 1385 3295 factum
1414 3247 1500 3295 est
1524 3241 1584 3295 id
1615 3242 1763 3312 quod
1792 3242 1928 3296 dicit

325 3325 621 3398 Scriptura
644 3347 656 3382 :
682 3329 878 3383 Omnis
909 3330 1005 3401 qui
1026 3330 1271 3402 seipsum
1299 3330 1562 3385 humiliat
1588 3330 1928 3385 exaltabitur

323 3417 500 3488 (Luce
526 3419 661 3485 xxv).
682 3418 967 3490 Praecipue
988 3436 1140 3489 ergo,
1156 3436 1188 3472 ο
1203 3420 1323 3486 filii,
1349 3435 1716 3474 exerceamus
1738 3420 1927 3474 humi-

320 3505 566 3571 litatem,
593 3522 716 3576 quae
737 3512 821 3561 est
841 3507 1269 3563 fundamentum
1288 3508 1534 3580 primum
1548 3509 1800 3562 omnium
1819 3509 1927 3562 vir-

322 3598 536 3648 tutum.
556 3594 728 3648 Nobis
749 3601 938 3683 autem
958 3597 1201 3652 multum
1212 3612 1434 3669 quoque
1450 3599 1665 3652 confert
1682 3598 1925 3652 solitudo

316 3682 546 3754 longior
573 3688 631 3738 et
658 3682 947 3741 remotiOr.

896 3774 1128 3831 CAPUT
1174 3775 1363 3831 XLVI.

319 3864 451 3917 Alia
477 3867 734 3918 narratio
752 3864 1220 3931 abbatisJoanm‘s,
1237 3867 1302 3921 de
1320 3882 1377 3919 eo
1397 3867 1497 3934 qui
1509 3867 1712 3934 lapsus,
1730 3866 1926 3919 ductus

897 3960 972 4008 est
996 3957 1321 4024 pamitcntz‘a
1335 4000 1348 4013 .

393 4039 527 4093 Fuit
554 4041 703 4095 enim
732 4043 876 4097 alius
902 4058 1123 4115 quoque
1143 4044 1451 4098 monachUs
1475 4043 1571 4114 qui
1594 4043 1923 4098 ulteriorem

320 4131 626 4201 comparat
648 4131 1027 4200 solitudinem,
1057 4134 1113 4187 et
1152 4134 1347 4188 multis
1391 4134 1553 4187 annis
1601 4149 1659 4187 se
1687 4137 1838 4187 recte
1866 4140 1925 4187 et

2009 3246 2175 3299 factio
2191 3246 2373 3300 adhuc
2389 3244 2813 3299 exercitatorem
2836 3240 3248 3314 quodammodo
3269 3238 3599 3305 abducebat,

2008 3335 2178 3390 veluti
2192 3335 2420 3406 quidam
2441 3338 2628 3388 motus
2649 3348 2715 3387 ex
2728 3331 2902 3404 priori
2932 3330 3456 3395 illaincitatione,et
3474 3342 3603 3380 eum

2006 3424 2235 3478 interim
2255 3422 2636 3477 conservabat.
2650 3420 2725 3476 Et
2739 3419 3039 3491 aliquando
3059 3423 3186 3490 post
3205 3417 3397 3472 solitas
3412 3428 3605 3486 preces

2006 3513 2295 3582 ingressus
2312 3526 2561 3581 vespere,
2579 3510 2793 3563 invenit
2810 3524 3012 3580 panem
3029 3523 3199 3579 super
3217 3519 3491 3569 mensam,
3507 3503 3605 3574 qui

2009 3601 2061 3655 ei
2090 3598 2555 3671 suppeditabatur
2582 3599 2866 3664 divinitus,
2890 3603 2948 3652 et
2975 3614 3034 3652 se
3062 3596 3273 3651 refecit.
3313 3595 3435 3658 Quo
3462 3597 3606 3647 tem-

2009 3704 2145 3759 pore
2164 3703 2266 3741 nec
2285 3688 2411 3741 illas
2425 3685 2789 3741 exsecrabiles
2808 3685 3011 3756 abjecit
3025 3683 3605 3755 cogitationes,neque

2010 3777 2288 3849 reputavit
2317 3776 2567 3830 animam
2595 3776 2721 3829 laedi
2752 3791 2786 3828 a
2806 3774 3242 3845 contemptione,
3273 3786 3457 3843 neque
3477 3786 3605 3825 con-

2007 3876 2201 3920 versus
2222 3871 2307 3920 est
2335 3866 2411 3919 ad
2432 3865 2792 3936 quaerendam
2816 3864 2951 3918 mali
2972 3863 3322 3917 curationem
3345 3878 3358 3927 ;
3392 3859 3489 3914 sed
3508 3872 3606 3929 pa-

2007 3972 2131 4009 rum
2164 3955 2324 4009 duxit
2360 3970 2559 4025 parum
2589 3953 2782 4007 abesse
2811 3952 3111 4024 quominus
3141 3950 3421 4006 excideret
3445 3947 3516 4002 ab
3534 3947 3605 4003 iis

2007 4060 2129 4116 qua:
2157 4043 2316 4097 decet
2339 4044 2540 4098 facere.
2585 4044 2759 4097 Amor
2777 4043 2968 4113 itaque
2996 4039 3318 4113 cupiditatis
3348 4052 3477 4092 eum
3508 4052 3604 4090 ra-

2005 4139 2167 4204 ptum
2196 4130 2536 4202 cogitatione
2557 4132 2615 4185 in
2642 4132 2928 4202 regionem
2956 4130 3186 4185 abduxit
3214 4126 3601 4182 habitabilem.

321 4235 391 4272 ex
432 4218 642 4273 virtute
668 4230 922 4291 gesserat
956 4222 1136 4291 (Rulli,
1177 4222 1271 4277 lib.
1304 4236 1363 4286 ιι,
1397 4238 1513 4290 cap.
1552 4222 1620 4292 1).
1654 4222 1761 4286 Qui
1794 4237 1922 4276 cum
2008 4224 2147 4277 Cum
2177 4236 2235 4276 se
2264 4228 2455 4276 tamen
2495 4220 2721 4275 interim
2744 4220 3085 4275 cohibuisset
3104 4220 3162 4272 in
3183 4218 3332 4271 diem
3361 4231 3606 4286 sequen-

321 4312 474 4361 esset
500 4308 762 4381 deinceps
786 4312 940 4365 senio
971 4312 1271 4379 confectus,
1300 4311 1627 4365 tentabatur
1656 4327 1691 4365 a
1719 4311 1923 4365 damo—
2004 4317 2143 4377 tem,
2172 4312 2243 4365 ad
2280 4316 2605 4365 consuetam
2637 4324 2934 4364 conversus
2959 4307 3438 4370 exercitationem,
3472 4316 3601 4357 cum

320 4412 463 4450 num
492 4396 729 4452 insidiis.
775 4399 1073 4454 Silentium
1114 4400 1265 4455 enim
1292 4400 1451 4454 valde
1480 4400 1922 4471 amplectebatur
2003 4406 2219 4455 orasset
2265 4406 2322 4454 et
2364 4401 2602 4471 hymnos
2640 4398 2887 4465 dixisset,
2933 4400 3222 4468 ingressus
3253 4394 3597 4466 speluncam,

319 4487 676 4553 exercitator,
710 4490 768 4541 et
796 4489 855 4543 in
891 4489 1237 4543 orationibus
1280 4492 1337 4544 et
1372 4489 1599 4561 hymnis
1639 4495 1696 4543 et
1725 4489 1920 4543 multis
1938 4476 2216 4544 Dinvenit
2245 4486 2469 4560 quidem
2500 4504 2703 4561 panem
2734 4488 2839 4543 sibi
2869 4489 3206 4560 appositum,
3231 4484 3329 4539 sed
3348 4496 3461 4537 non
3481 4485 3631 4543 tam.

318 4577 884 4646 contemplationibus
895 4578 1042 4632 diem
1056 4579 1419 4649 transigebat,
1429 4584 1485 4633 et
1502 4578 1743 4632 visiones
1762 4594 1924 4648 quas-
2005 4579 2308 4649 diligenter
2335 4578 2782 4639 confectum,nec
2805 4583 2924 4632 tam
2946 4590 3170 4652 purum,
3194 4575 3291 4629 sed
3311 4571 3602 4628 sordidum

318 4665 453 4718 dam
484 4663 700 4720 divinas
724 4667 871 4721 clare
898 4666 1138 4731 videbat,
1171 4669 1376 4739 partim
1406 4668 1633 4739 quidem
1664 4667 1919 4738 vigilans,
2006 4673 2063 4721 et
2083 4668 2580 4738 inquinatum.Qui
2600 4668 2705 4721 etsi
2718 4671 2867 4722 esset
2881 4667 2939 4720 id
2960 4666 3356 4728 admiratus,et
3371 4659 3603 4715 tristitia

320 4754 533 4824 partim
564 4771 693 4809 vero
716 4755 885 4810 etiam
902 4757 959 4811 in
979 4756 1219 4823 somnis;
1246 4760 1300 4812 et
1320 4758 1501 4811 somni
1518 4757 1923 4828 propemodum
2007 4758 2258 4822 affectus,
2277 4757 2519 4829 sumpsit
2538 4761 2813 4823 tamen,et
2834 4772 2894 4810 se
2913 4755 3123 4810 refecit.
3141 4751 3419 4808 Successit
3434 4748 3604 4804 tertia

318 4857 519 4913 expers
538 4842 842 4899 tenebatur
861 4863 894 4900 a
913 4845 1382 4918 vitaincorporea,
1399 4862 1513 4901 non
1533 4852 1740 4900 terram
1759 4846 1922 4917 plan-
2006 4860 2132 4913 nox,
2163 4851 2220 4899 et
2246 4846 2449 4918 triplex
2487 4847 2699 4901 malum
2757 4846 2990 4900 addidit.
3040 4842 3262 4898 Etenim
3292 4856 3452 4897 mens
3480 4842 3603 4911 ejus

315 4938 467 4997 tans,
500 4948 683 5004 neque
712 4932 889 4989 victus
930 4934 1103 4989 ullam
1152 4953 1347 4991 curam
1386 4950 1606 5006 gerens,
1651 4950 1834 5006 neque
1863 4937 1922 4989 in
2006 4935 2114 4988 cito
2135 4934 2342 5006 irrupit
2361 4936 2419 4988 in
2448 4935 2833 5005 cogitationes.
2865 4936 2953 4990 Ita
2981 4939 3169 4989 autem
3193 4937 3315 4986 erat
3335 4932 3386 4986 ei
3406 4932 3606 4986 affecta

313 5020 530 5091 plantis
562 5024 815 5091 quaerens
846 5023 992 5093 quod
1018 5023 1206 5094 egenti
1240 5024 1514 5095 praeberet
1541 5023 1778 5094 corpori.
1812 5023 1922 5079 Sed
2005 5024 2297 5089 memoria,
2314 5029 2376 5079 ut
2397 5024 2683 5078 videretur
2710 5038 2825 5080 una
2843 5039 2969 5078 cum
3000 5040 3066 5078 eo
3094 5023 3290 5077 adesse
3318 5021 3529 5076 femina
3549 5026 3607 5074 et

316 5122 505 5179 neque
527 5108 712 5165 avium
742 5112 1063 5183 aucupium,
1097 5128 1281 5184 neque
1303 5112 1482 5167 ullum
1506 5110 1716 5166 animal
1736 5126 1923 5183 perse-
2004 5114 2170 5167 simul
2197 5113 2543 5179 accumbere,
2575 5118 2632 5168 et
2659 5128 2785 5168 eam
2813 5128 2934 5168 rem
2964 5112 3206 5168 habebat
3232 5112 3291 5166 in
3320 5111 3515 5179 oculis,
3549 5116 3607 5165 et

315 5198 629 5269 quebatur:
664 5199 761 5254 sed
784 5201 991 5256 ﬁducia
1012 5201 1230 5272 plenus,
1264 5218 1330 5256 ex
1354 5214 1464 5273 quo
1484 5218 1551 5256 ex
1575 5201 1803 5272 regione
1823 5201 1922 5254 ha-
2006 5216 2131 5257 eam
2161 5203 2335 5257 veluti
2358 5203 2540 5257 facere
2562 5202 2970 5273 perseverabat.
2996 5203 3269 5273 Egressus
3297 5204 3488 5256 tamen
3519 5206 3605 5255 est

313 5285 536 5341 bitabili
564 5287 698 5343 illuc
726 5290 1020 5359 migrarat,
1055 5289 1271 5345 nullam
1299 5291 1541 5345 habebat
1563 5296 1841 5345 rationem
1861 5296 1927 5344 ut
2007 5290 2176 5344 tertio
2192 5306 2411 5362 quoque
2439 5291 2530 5345 die
2546 5291 2617 5346 ad
2637 5308 2796 5363 opus,
2826 5296 2883 5346 et
2909 5306 3120 5363 preces,
3143 5297 3202 5346 et
3230 5292 3487 5364 hymnos,
3505 5289 3604 5343 sed

314 5375 373 5428 ei
399 5382 759 5447 permaneret
780 5392 981 5451 corpus
1002 5380 1409 5447 nutritum,sed
1430 5378 1680 5434 omnium
1696 5379 1922 5446 oblitus,
2011 5394 2122 5434 non
2152 5379 2363 5433 habens
2402 5380 2643 5451 amplius
2672 5382 2911 5436 mundus
2938 5381 3331 5453 cogitationes,
3366 5380 3463 5433 sed
3490 5378 3605 5431 fre-

313 5480 378 5519 se
399 5466 645 5537 perfecto
666 5466 983 5523 sustinebat
994 5467 1051 5523 in
1072 5468 1253 5524 Deum
1271 5469 1567 5536 desiderio,
1602 5474 1927 5540 exspectans
2012 5473 2248 5539 quenter
2271 5480 2588 5536 conversus,
2608 5471 2667 5524 in
2687 5471 2865 5526 altum
2892 5471 3127 5526 tollebat
3147 5471 3353 5535 oculos,
3377 5484 3471 5522 eos
3496 5467 3606 5521 huc

314 5554 691 5626 vocationem,
721 5554 778 5612 et
803 5575 869 5612 ex
893 5555 999 5619 hoc
1044 5559 1257 5613 mundo
1301 5559 1730 5630 migrationem;
1771 5560 1827 5612 et
1864 5562 1930 5612 ut
2012 5562 2069 5611 et
2090 5557 2222 5610 illuc
2242 5562 2546 5628 torquens;
2579 5561 2702 5630 ejus
2740 5560 2892 5615 enim
2931 5558 3227 5632 pulchrum
3269 5572 3409 5627 opus
3435 5555 3609 5610 inter-

311 5644 626 5715 plurimum
638 5645 864 5720 quidem
874 5647 1131 5704 alebatur
1150 5648 1336 5716 I544
1347 5648 1717 5705 delectatione
1733 5656 1930 5703 eorum
2009 5644 2348 5717 rumpebant
2365 5649 2651 5703 memoria:
2667 5646 3090 5719 cogitationum.
3112 5647 3356 5718 Vespere
3370 5660 3502 5716 ergo
3522 5660 3610 5699 re-
