4024 6206
384 260 522 322 4151

1504 281 1597 337 DE
1634 280 1822 338 VITIS
1859 276 2156 336 PATRUM
2189 279 2405 338 LIBER
2441 282 2590 339 VIII.

3517 280 3664 343 1152

388 414 582 456 versus
600 414 745 474 pane
762 401 1205 477 indigens,illum
1225 404 1451 480 quidem
1468 406 1747 466 invenitin
1762 424 1977 479 mensa,
1997 408 2049 469 Α
2067 422 2169 463 nes
2185 412 2287 465 aut
2316 408 2595 482 homines,
2609 409 2765 466 vobis
2782 415 3135 467 assentantes
3164 416 3223 467 et
3248 411 3565 481 laudantes,
3588 427 3666 468 ne

390 490 561 546 veluti
589 508 876 549 corrosum
904 512 936 551 a
963 496 1215 552 muribus
1235 502 1336 554 aut
1358 499 1607 566 canibus,
1640 506 1696 556 et
1728 501 1864 556 foris
1882 501 1987 557 sic-

390 595 483 634 cas
512 581 782 652 quasdam
812 583 1097 658 reliquias.
1139 587 1295 644 Tunc
1330 588 1650 659 ingemiscit
1678 590 1905 663 quidem
1927 596 1985 647 et

387 667 750 740 lacrymatur,
775 673 873 728 sed
898 691 1010 730 non
1032 686 1308 746 quantum
1324 684 1461 733 satis
1481 685 1630 734 esset
1647 681 1717 734 ad
1730 696 1984 736 mercen-

390 752 521 813 dam
536 757 1247 839 nequitiam.Nutritusque
1262 782 1374 824 non
1393 775 1664 841 quantum
1682 769 1987 839 volebat,se

390 847 626 918 parabat
649 852 721 907 ad
753 853 1019 925 quietem.
1054 856 1195 912 Eum
1226 864 1417 913 autem
1445 862 1746 916 acervatim
1773 861 1988 917 invase-

391 942 526 993 runt
543 940 930 1012 cogitationes,
952 961 1081 1001 eum
1098 945 1327 1018 indique
1346 946 1986 1022 circumdanteseetejus

390 1033 639 1084 mentem
660 1038 1006 1104 oppugnant,
1030 1039 1088 1090 et
1106 1036 1387 1106 captin
1401 1037 1592 1093 statim
1624 1039 1683 1094 in
1712 1041 1985 1095 mundum

391 1114 693 1174 abducunt.
716 1121 962 1193 Surgens
982 1129 1171 1180 autem
1193 1125 1293 1180 ivit
1331 1143 1522 1182 versus
1551 1128 1836 1199 regionem
1863 1147 1985 1202 quae

392 1204 1026 1281 habitatur,ingrediens
1045 1221 1213 1270 noctu
1231 1232 1333 1287 per
1346 1217 1871 1275 solitudinem.Cum
1890 1237 1986 1276 au-

393 1299 513 1350 tem
531 1296 651 1353 dies
671 1315 799 1354 eum
814 1302 1293 1373 apprehendisset,
1317 1310 1375 1361 et
1391 1323 1515 1377 qua:
1535 1307 1822 1363 habitatur
1832 1311 1985 1381 regio

394 1384 578 1441 adhuc
604 1390 798 1459 procul
816 1389 1117 1459 abesset,et
1137 1411 1264 1449 eum
1286 1400 1455 1450 aestus
1473 1396 1769 1467 affligeret,
1794 1399 1986 1454 defati-

393 1479 561 1545 gatus
587 1482 691 1532 est.
715 1479 1098 1553 Undequaque
1127 1490 1315 1539 autem
1338 1486 1396 1541 in
1416 1485 1606 1541 orbem
1626 1488 1987 1543 considerans

402 1563 793 1638 circumspicit,
821 1585 894 1624 an
922 1570 1126 1627 alicubi
1147 1581 1445 1645 appareret
1474 1578 1897 1644 monasterium,
1928 1578 1987 1633 in

396 1654 544 1725 quod
564 1654 849 1726 ingressus
868 1661 1428 1731 requiesceret.Quod
1448 1666 1618 1720 etiam
1632 1667 1986 1733 accidit,eum

2066 497 2147 553 eis
2170 499 2436 570 parcatis,
2455 516 2560 554 nec
2589 504 2777 555 mente
2797 500 3107 556 elferamini
3126 518 3140 555 :
3162 517 3295 557 nam
3323 518 3417 557 me
3436 518 3667 575 quoque

2065 602 2210 659 sepe
2238 593 2406 645 noctu
2444 588 2523 644 sic
2548 588 2891 662 deceperunt
2913 589 3194 645 daemones
3219 609 3233 659 ;
3273 596 3333 646 et
3359 608 3545 663 neque
3571 607 3668 647 me

2064 675 2324 733 sinebant
2345 695 2527 745 orare,
2556 695 2657 734 nec
2684 678 2995 750 quiescere,
3012 680 3284 750 quasdam
3315 680 3456 735 mihi
3486 681 3671 753 phan-

2067 766 2241 821 tasias
2261 766 2572 838 praebentes
2592 771 2713 822 tota
2724 774 2906 834 nocte,
2927 773 2985 822 et
3003 784 3169 824 mane
3183 768 3485 824 illudentes
3503 770 3667 824 humi

2067 855 2529 928 procumbebant,
2553 856 2802 912 dicentes
2828 876 2839 910 :
2865 857 3133 913 Condona
3151 857 3665 931 nobis,abba,quod

2065 943 2171 1000 tibi
2190 944 2409 1000 labores
2429 944 2766 1017 praebuimus
2791 951 2913 1001 tota
2940 952 3118 1002 nocte.
3140 947 3259 1018 Ego
3288 952 3478 1002 autem
3509 947 3669 1003 dice-

2066 1033 2196 1089 bam
2226 1034 2336 1091 illis
2368 1053 2379 1088 :
2412 1035 2694 1090 Discedite
2710 1052 2848 1090 ame
2878 1052 3073 1090 omnes
3100 1036 3197 1107 qui
3226 1036 3542 1108 operamini
3561 1037 3668 1091 ini-

2067 1123 2339 1197 quitatem
2368 1125 2536 1193 (Psal.
2578 1127 2679 1193 v1);
2708 1141 2778 1179 ne
2807 1126 3037 1180 tentetis
3065 1141 3290 1181 servum
3316 1126 3565 1180 Domini.

2138 1213 2323 1281 Quare
2344 1230 2439 1268 vos
2466 1229 2707 1284 quoque,
2747 1229 2780 1268 ο
2808 1213 2927 1279 ﬁlii,
2962 1214 3207 1285 quietem
3223 1214 3664 1286 persequamini,

2066 1319 2163 1357 vos
2192 1319 2414 1374 semper
2441 1316 2764 1358 exercentes
2798 1303 2870 1359 ad
2896 1303 3446 1374 contemplationem,
3471 1310 3540 1358 ut
3565 1321 3670 1376 pu-

2067 1408 2189 1446 ram
2217 1391 2551 1464 possideatis
2572 1396 2838 1457 mentem,
2868 1392 3046 1447 Deum
3076 1398 3362 1463 rogantes.
3393 1393 3541 1447 Nam
3570 1393 3668 1447 ille

2069 1498 2292 1553 quoque
2311 1487 2398 1536 est
2411 1480 2590 1536 bonus
2609 1481 2960 1545 exercitator,
2996 1482 3092 1552 qui
3110 1482 3334 1537 assidue
3364 1482 3423 1537 in
3452 1482 3670 1538 mundo

2071 1574 2376 1639 exercetur,
2409 1575 2469 1625 et
2496 1570 2556 1625 in
2583 1570 2833 1625 honestis
2863 1575 3170 1642 occupatur
3196 1570 3541 1626 actionibus:
3572 1571 3671 1643 qui

2070 1659 2478 1715 humanitatem
2490 1659 2737 1715 ostendit
2753 1665 2810 1714 et
2822 1660 3175 1715 clementiam
3184 1660 3677 1733 ,hospitalitatem-

393 1743 796 1815 excipientibus
807 1749 1140 1820 quibusdam
1152 1752 1258 1823 piis
1271 1758 1328 1807 et
1342 1753 1989 1829 ﬁdelibusfratribus,qui
2014 1747 2059 1812 Β
2074 1765 2180 1820 que
2202 1754 2258 1804 et
2277 1749 2630 1816 Charitatem,
2649 1754 2706 1803 εἴ
2722 1748 2854 1804 feCit
2873 1749 3278 1821 eleemosynaS.
3296 1755 3355 1804 et
3377 1749 3522 1804 bene
3538 1748 3678 1803 ἷεσίί

393 1848 522 1887 cum
552 1850 680 1890 eum
711 1841 981 1910 tanquam
1010 1846 1228 1912 patrem
1252 1860 1587 1913 germanum
1617 1846 1985 1917 aspexissent,

393 1920 610 1978 vultum
625 1925 749 1995 ejus
764 1932 821 1983 et
834 1927 1005 2001 pedes
1017 1930 1273 1986 laverunt
1290 1951 1303 1998 ;
1329 1938 1386 1988 et
1406 1950 1535 1989 cum
1556 1942 1990 2003 orassent,men-

395 2026 517 2065 sam
535 2022 936 2084 apposuerunt,
959 2023 1017 2074 et
1030 2026 1303 2091 rogarunt
1321 2027 1385 2076 ut
1404 2040 1526 2095 quae
1553 2029 1715 2080 erant
1734 2027 1991 2097 apposita

398 2106 645 2156 sumeret
654 2119 782 2158 cum
793 2104 1083 2162 charitate.
1093 2109 1394 2181 Postquam
1407 2117 1596 2167 autem
1610 2130 1669 2168 se
1683 2114 1994 2187 refecit,po-

398 2189 682 2251 stularunt
707 2191 910 2250 fratres
929 2201 992 2250 ut
1009 2196 1240 2253 verbum
1269 2200 1467 2256 salutis
1486 2200 1556 2256 ab
1569 2219 1635 2257 eo
1651 2204 1987 2276 acciperent,

398 2283 455 2333 et
478 2295 721 2350 quanam
741 2283 959 2339 ratione
977 2294 1206 2357 possent
1224 2290 1434 2345 servari
1462 2307 1497 2345 a
1525 2291 1740 2364 laqueis
1760 2293 1986 2362 diaboli,

397 2373 456 2423 et
483 2371 955 2441 quemadmodum
984 2383 1318 2448 superarent
1332 2383 1525 2451 turpes
1544 2382 1990 2452 cogitationes.ls

397 2463 586 2513 autem
603 2459 753 2531 ipsos
772 2468 1041 2534 tanquam
1055 2472 1215 2536 pater
1235 2468 1378 2522 filios
1396 2469 1991 2532 admonens.hortaba~

395 2550 492 2601 tur
505 2553 567 2602 ut
587 2556 775 2605 essent
794 2551 964 2607 fortes
994 2560 1051 2607 et
1070 2560 1387 2611 constantes
1410 2557 1467 2612 in
1497 2558 1871 2628 laboribus,ut
1897 2562 1992 2634 qui

399 2641 588 2691 essent
603 2638 772 2709 paulo
792 2646 921 2711 post
936 2641 995 2696 in
1015 2659 1236 2698 summa
1257 2645 1444 2716 quiete
1456 2647 1783 2704 collocandi.
1817 2651 1994 2706 Multa

400 2740 622 2795 quoque
647 2727 760 2781 alia
786 2744 911 2783 cum
934 2730 1015 2785 eis
1038 2731 1319 2788 disserens
1346 2735 1416 2790 de
1447 2737 1864 2807 exercitatione,
1897 2757 1992 2795 eos

397 2811 555 2867 valde
580 2813 743 2884 juvit.
761 2816 905 2871 Cum
924 2825 1112 2874 autem
1134 2830 1408 2878 cessasset
1424 2824 1495 2878 ab
1515 2826 1916 2897 admonitione,
1938 2835 1996 2885 et

397 2917 458 2955 se
474 2917 673 2972 parum
695 2906 1088 2978 recollegisset,
1102 2912 1493 2969 considerabat
1521 2917 1993 2986 quemadmodum

398 2989 538 3045 alios
566 2991 892 3061 admonens,
929 3013 989 3052 se
1014 3014 1127 3053 non
1156 3000 1421 3056 monebat
1443 3019 1546 3058 nec
1565 3005 1907 3076 corrigebat;
1937 3013 1995 3063 et

2071 1838 2514 1905 advenientibus,
2547 1843 2605 1892 et
2625 1854 2789 1910 opem
2818 1837 2929 1893 fert
2948 1837 3354 1903 laborantibus,
3372 1844 3431 1893 et
3451 1854 3679 1910 perma-

2070 1933 2168 1983 net
2190 1928 2331 1983 citra
2358 1929 2531 1984 ullam
2552 1927 2938 1983 offensionem.
2966 1928 3065 1983 Est
3084 1928 3311 1999 quidem
3331 1928 3422 1982 hic
3450 1944 3680 1999 quoque

2069 2017 2228 2074 valde
2257 2017 2463 2087 bonus;
2510 2022 2768 2073 versatur
2794 2018 2944 2072 enim
2973 2017 3033 2071 in
3060 2017 3280 2072 actione
3308 2022 3367 2071 et
3390 2024 3676 2089 praecepta

2073 2108 2424 2180 exsequitur;
2442 2107 2540 2162 sed
2566 2108 2625 2163 in
2637 2106 2802 2162 rebus
2825 2106 3061 2161 terrenis
3079 2111 3401 2178 occupatur.
3422 2106 3525 2161 His
3545 2107 3680 2178 qui-

2073 2197 2201 2251 dem
2220 2202 2371 2252 certe
2399 2196 2756 2268 praestantior
2784 2201 2870 2252 est
2899 2201 2956 2251 et
2993 2197 3178 2267 major
3206 2195 3302 2269 qui
3330 2201 3591 2251 versatur
3613 2196 3677 2252 in

2073 2285 2565 2358 contemplatione,
2594 2285 2690 2356 qui
2719 2301 2754 2338 a
2775 2283 2941 2339 rebus
2961 2284 3198 2354 agendis
3223 2301 3284 2339 se
3310 2284 3584 2339 transfert
3599 2284 3674 2340 ad

2072 2376 2520 2447 intelligentiam,
2553 2392 2648 2430 eas
2668 2391 2758 2430 res
2777 2374 2901 2429 aliis
2930 2374 3254 2446 relinquens
3274 2374 3669 2446 providendas,

2072 2465 2193 2536 ipse
2221 2471 2411 2520 autem
2435 2470 2493 2520 et
2510 2465 2693 2536 seipse
2707 2463 3004 2535 abnegato,
3020 2468 3077 2518 et
3096 2464 3185 2518 sui
3212 2463 3439 2532 oblitus,
3459 2469 3677 2519 scruta-

2072 2559 2167 2609 tur
2188 2554 2451 2622 cmlestia,
2477 2555 2592 2610 Deo
2612 2552 2867 2609 omnium
2879 2553 3100 2608 solutus
3120 2558 3178 2607 et
3187 2553 3478 2625 expeditus
3503 2554 3679 2608 assis-

2073 2649 2217 2711 tens,
2251 2661 2285 2698 a
2313 2645 2470 2699 nulla
2499 2648 2688 2698 autem
2716 2643 2830 2698 alia
2856 2657 2990 2697 cura
3020 2647 3172 2697 retro
3190 2642 3435 2699 avulsus.
3457 2642 3677 2707 Quiest

2073 2734 2224 2788 enim
2251 2733 2596 2804 hujusmodi,
2626 2749 2741 2788 una
2777 2750 2905 2789 cum
2931 2734 3049 2788 Deo
3078 2732 3251 2804 degit,
3265 2749 3381 2787 una
3399 2749 3528 2788 cum
3551 2733 3673 2788 Deo

2074 2829 2348 2891 versatur,
2378 2822 2619 2878 assiduis
2646 2822 2872 2894 hymnis
2899 2823 3081 2877 Deum
3109 2838 3333 2894 semper
3359 2820 3673 2876 celebrans.

2105 2936 2114 2943 ·
2145 2912 2285 2969 Novi
2311 2912 2463 2968 enim
2493 2929 2596 2984 ego
2623 2912 2908 2967 hominem
2935 2911 2995 2967 in
3018 2911 3337 2977 solitudine,
3354 2911 3453 2983 qui
3477 2910 3678 2967 decem

2075 3018 2254 3057 annos
2278 3001 2386 3057 cibi
2403 3001 2617 3057 terreni
2628 3001 2771 3056 nihil
2793 3000 3163 3072 gustavit,sed
3182 3001 3233 3055 ei
3251 3000 3486 3071 angelus
3503 3000 3677 3056 tertio

397 3094 458 3133 se
471 3095 591 3170 esse
620 3081 828 3139 victum
850 3085 1190 3158 intelligens,
1212 3106 1586 3147 cursurursus
1610 3094 1845 3150 rediitin
1865 3097 2053 3170 soli-c
2075 3108 2297 3164 quoque
2334 3091 2425 3146 die
2452 3091 2733 3146 coalesz
2762 3090 2946 3145 Cibum
2975 3090 3048 3144 ad
3077 3106 3207 3145 eum
3236 3088 3522 3149 ειίῖθΐθδει·
3544 3096 3605 3144 et
3624 3091 3678 3145 ei

399 3168 672 3230 tudinem.
696 3173 945 3245 seipsum
971 3176 1204 3245 deﬂens,
1238 3185 1296 3233 et
1313 3180 1503 3236 dicens
1538 3201 1549 3237 :
1581 3182 1704 3237 Nisi
1735 3185 1867 3256 quia
1887 3186 1993 3241 Do-

398 3258 586 3315 minus
615 3262 757 3317 mihi
782 3280 947 3335 opem
976 3266 1217 3334 tulisset,
1251 3272 1656 3341 propemodum
1685 3273 1744 3327 in
1773 3274 1992 3331 inferno

398 3347 713 3406 habitasset
731 3352 920 3409 anima
941 3372 1067 3410 mea
1103 3357 1266 3429 (Psal.
1298 3363 1460 3426 κους).
1494 3361 1908 3433 Propemodum
1933 3364 1992 3419 in

398 3453 565 3493 omne
583 3440 795 3496 malum
809 3459 934 3498 sum
954 3444 1643 3520 redactus,propemodum
1662 3468 1753 3506 me
1774 3452 1994 3508 interra

383 3527 774 3584 .conf'ecerunt.
800 3532 870 3586 Et
887 3531 945 3587 in
976 3550 1042 3588 eo
1072 3535 1281 3590 factum
1302 3541 1387 3592 est
1406 3539 1554 3608 quod
1575 3539 1787 3594 dictum
1810 3547 1993 3609 345

398 3621 513 3670 est:
538 3617 735 3673 Frater
747 3620 843 3691 qui
872 3638 907 3675 a
933 3622 1106 3678 fratre
1125 3624 1193 3678 ad
1193 3626 1442 3695 juvatur,
1457 3632 1542 3681 est
1561 3633 1832 3700 tanquam
1854 3630 1988 3686 urbs

397 3705 619 3761 munita
646 3714 703 3762 et
721 3711 955 3778 excelsa,
981 3717 1039 3766 et
1059 3718 1329 3784 tanquam
1349 3731 1545 3771 murus
1561 3717 1657 3787 qui
1674 3734 1783 3772 non
1806 3725 1992 3790 potest

396 3809 661 3850 corruere
695 3800 872 3866 (Prov.
905 3805 1074 3866 xvm).
1126 3801 1459 3874 Quanquam
1489 3805 1691 3860 abhinc
1720 3812 1839 3862 toto
1868 3809 1992 3864 vitae

396 3888 651 3953 tempore
682 3886 821 3940 luxit
850 3894 1139 3959 perpetuo,
1169 3890 1418 3961 privatus
1447 3910 1643 3949 mensa
1671 3912 1794 3967 quae
1823 3897 1875 3951 ei
1899 3898 1994 3953 da-

396 3969 566 4025 batur
585 3971 935 4043 divinitus,et
954 3994 1155 4048 panem
1175 3996 1339 4035 suum
1352 3998 1606 4052 quaerens
1629 4001 1757 4040 cum
1780 3985 1988 4042 labore.

398 4061 544 4114 Nam
569 4077 697 4117 cum
735 4081 796 4119 se
824 4066 883 4121 in
902 4068 1167 4138 spelunca
1192 4070 1529 4139 inclusisset,
1556 4078 1613 4128 et
1640 4073 1743 4128 sibi
1772 4093 1994 4131 saccum

398 4154 457 4204 et
474 4148 720 4206 cinerem
739 4154 1151 4226 substravisset,
1185 4176 1296 4215 non
1320 4161 1476 4232 prius
1496 4178 1527 4216 e
1558 4167 1709 4218 terra
1729 4166 1989 4233 surrexit,

396 4254 500 4292 nec
530 4242 768 4296 cessavit
787 4244 940 4311 flere,
976 4263 1147 4318 quam
1176 4265 1364 4305 vocem
1407 4253 1594 4322 angeli
1632 4253 1906 4309 andiisset
1937 4256 1988 4310 ei

397 4327 677 4385 dicentem
704 4331 764 4387 in
786 4335 998 4389 somnis
1028 4355 1041 4390 :
1069 4338 1297 4409 Accepit
1323 4340 1596 4396 Dominus
1628 4347 1785 4396 tuam
1815 4343 1990 4414 poeni-

2073 3181 2133 3236 in
2161 3198 2224 3235 os
2252 3180 2720 3251 injiciebat,isque
2737 3186 2859 3235 erat
2872 3180 2924 3234 ei
2943 3179 3124 3234 instar
3135 3178 3242 3233 cibi
3262 3184 3320 3233 et
3331 3186 3519 3250 potus.
3544 3178 3677 3234 Scio

2074 3286 2297 3341 quoque
2327 3270 2398 3324 ad
2426 3270 2581 3324 hunc
2604 3269 2891 3323 hominem
2912 3268 2973 3323 in
3001 3267 3301 3339 phantasia
3318 3266 3539 3321 venisse
3558 3266 3676 3322 da:-

2073 3375 2290 3426 mones,
2320 3358 2678 3413 ostendentes
2705 3358 2986 3429 angelicos
3030 3356 3326 3421 exercitus,
3367 3369 3426 3410 et
3469 3372 3672 3411 currus

2072 3449 2237 3518 ignis,
2257 3452 2315 3502 et
2332 3448 2538 3502 multos
2557 3447 2845 3513 satellites,
2867 3452 3135 3518 tanquam
3153 3446 3392 3516 alicujus
3414 3445 3676 3516 regisve-

2074 3537 2300 3602 nientis,
2321 3544 2377 3593 et
2403 3537 2455 3591 ei
2474 3537 2720 3591 dicentes
2743 3537 2834 3591 :In
2854 3535 3113 3591 omnibus
3134 3542 3193 3589 te
3221 3540 3372 3589 recte
3389 3540 3446 3589 et
3464 3550 3535 3589 ex
3556 3535 3673 3588 vir-

2070 3631 2193 3681 tute
2218 3625 2462 3697 gessisti,
2493 3642 2526 3680 o
2554 3625 2721 3679 homo
2746 3643 2759 3693 ;
2790 3625 2859 3680 de
2889 3630 3089 3679 caetero
3117 3640 3208 3678 me
3235 3624 3429 3687 adora,
3470 3629 3530 3679 et
3554 3629 3681 3678 tan-

2075 3731 2242 3786 quam
2266 3715 2444 3769 Eliam
2463 3719 2518 3768 te
2532 3712 3075 3768 assumam.Dicebat
3093 3717 3284 3767 autem
3300 3712 3451 3783 apud
3467 3728 3529 3767 se
3557 3729 3679 3767 mo-

2074 3804 2287 3858 nachus
2311 3787 2334 3858 :i
2364 3803 2551 3858 Adero
2581 3803 2830 3874 quotidie
2861 3802 3074 3873 Regem
3098 3818 3291 3856 meum
3321 3806 3380 3856 et
3408 3802 3676 3858 Servato—

2074 3910 2231 3961 rem;
2283 3898 2339 3947 et
2383 3892 2431 3946 si
2477 3893 2569 3946 hic
2598 3897 2747 3947 esset
2782 3892 2895 3959 ille,
2929 3907 3043 3946 non
3080 3890 3186 3946 hoc
3232 3907 3267 3944 a
3310 3907 3402 3945 me
3432 3896 3674 3962 peteret.

2074 3983 2380 4054 Postquam
2423 3987 2613 4036 autem
2642 3981 2694 4036 ei
2719 3981 2865 4035 dixit
2906 3980 3055 4052 quod
3083 3978 3332 4035 habebat
3359 3980 3419 4034 in
3442 3980 3672 4034 animo:

2074 4071 2378 4126 Dominum
2396 4087 2585 4125 meum
2606 4076 2664 4125 et
2684 4071 2892 4140 Regem
2912 4068 3094 4124 habeo
3116 4069 3316 4135 Deum,
3341 4084 3512 4139 quem
3532 4084 3682 4123 sem-

2075 4177 2175 4233 per
2202 4160 2393 4225 adoro,
2427 4165 2490 4214 tu
2514 4165 2704 4214 autem
2733 4175 2847 4214 non
2877 4175 2937 4213 es
2962 4175 3059 4212 rex
3087 4174 3266 4223 meus,
3291 4157 3385 4212 ille
3413 4158 3678 4229 protinus

2075 4250 2319 4305 evanuit.
2339 4250 2469 4305 Haec
2484 4254 2674 4305 autem
2706 4248 3060 4319 tanquamdc
3070 4247 3182 4302 alio
3192 4246 3495 4312 disserens,
3519 4246 3683 4301 insti-

2071 4344 2208 4395 tuta
2234 4339 2359 4394 vitae
2388 4355 2522 4405 suae,
2555 4343 2614 4392 et
2635 4355 2726 4392 res
2749 4342 2937 4408 gestas
2959 4335 3181 4391 volebat
3207 4336 3411 4390 celare.
3440 4334 3551 4399 Qui
3578 4352 3680 4389 au-

395 4417 652 4487 tentiam,
680 4427 737 4475 et
750 4422 835 4476 tui
854 4428 940 4478 est
958 4426 1254 4495 misertus;
1277 4428 1539 4501 deinceps
1560 4436 1751 4486 autem
1774 4432 1895 4487 vide
1917 4450 1988 4487 ne
2005 4426 2055 4485 D
2072 4434 2187 4484 tem
2216 4444 2331 4483 una
2356 4440 2484 4483 cum
2515 4443 2581 4482 eo
2627 4432 2789 4481 erant
2835 4432 3042 4498 patres,
3074 4441 3206 4481 eum
3251 4424 3519 4481 dicebant
3550 4424 3672 4479 hac

396 4505 713 4578 decipiaris.
745 4511 830 4564 Ad
863 4518 916 4566 te
944 4513 1094 4568 enim
1140 4516 1363 4571 venient
1405 4517 1608 4574 fratres
1633 4537 1773 4591 quos
1803 4521 1992 4577 admo-

396 4594 589 4663 nuisti,
623 4602 680 4652 et
706 4599 941 4656 afferent
968 4603 1040 4657 ad
1068 4608 1125 4659 te
1155 4605 1423 4677 eulogias,
1439 4624 1579 4679 quas
1611 4626 1737 4664 cum
1770 4627 1993 4683 accepe-

396 4684 493 4751 ris,
520 4688 761 4743 vesceris
788 4706 919 4746 cum
947 4691 1101 4763 ipsis,
1117 4698 1172 4749 et
1191 4701 1461 4766 perpetuo
1474 4698 1589 4752 Deo
1602 4714 1737 4769 ages
1751 4701 1986 4769 gratias.

467 4775 599 4830 Haec
643 4794 777 4850 ergo
826 4779 980 4837 vobis
1030 4784 1270 4850 narravi,
1304 4801 1336 4839 ο
1365 4785 1486 4853 filii,
1520 4792 1585 4840 ut
1610 4788 1991 4845 humilitatem

398 4868 719 4935 exerceatis,
752 4885 850 4924 seu
875 4870 934 4925 in
960 4872 1164 4943 parvis,
1197 4890 1296 4928 seu
1321 4874 1380 4929 in
1410 4876 1632 4946 magnis
1658 4894 1779 4931 esse
1808 4878 1991 4933 videa-

397 4952 556 5007 mini.
580 4955 699 5010 Hoc
725 4964 811 5012 est
837 4960 988 5014 enim
1016 4961 1261 5033 primum
1285 4969 1624 5036 praeceptum
1655 4966 1984 5035 Servatoris,

395 5039 495 5110 qui
514 5039 650 5097 dicit
679 5062 691 5098 :
722 5045 878 5101 Beati
899 5064 1174 5120 pauperes
1204 5050 1709 5123 spiritu,quoniam
1738 5053 1988 5125 ipsorum

396 5134 484 5185 est
505 5146 742 5201 regnum
759 5136 1025 5192 caelorum
1057 5140 1271 5207 (Matth.
1304 5140 1402 5211 v1).
1434 5141 1504 5196 Et
1532 5158 1601 5197 ne
1629 5142 1987 5213 decipiamini

395 5235 432 5275 a
460 5219 825 5291 daemonibus,
849 5225 944 5297 qui
964 5227 1118 5281 vobis
1151 5228 1266 5283 visa
1289 5235 1344 5284 et
1365 5230 1689 5301 phantasias
1711 5231 1983 5299 excitant;

395 5310 494 5367 sed
515 5312 562 5367 si
584 5313 709 5384 quis
732 5313 802 5368 ad
824 5331 919 5369 vos
938 5317 1172 5385 venerit,
1193 5325 1290 5373 aut
1306 5319 1497 5387 frater,
1520 5326 1620 5376 aut
1632 5321 1867 5389 amicus,
1889 5326 1990 5376 aut

395 5401 617 5466 mulier,
650 5408 750 5457 aut
768 5409 949 5476 pater,
980 5409 1081 5459 aut
1108 5407 1398 5476 magister,
1429 5414 1531 5464 aut
1559 5415 1758 5478 mater,
1786 5416 1887 5465 aut
1904 5426 1990 5465 so-

395 5506 509 5559 ror,
536 5492 784 5563 primum
805 5493 1086 5548 extendite
1096 5511 1298 5551 manus
1316 5497 1387 5552 ad
1409 5499 1720 5554 orationem
1745 5505 1831 5568 ;et
1848 5500 1896 5554 si
1915 5499 1990 5555 sit

396 5580 748 5651 phantasma,
775 5582 953 5655 fugiet
972 5599 1006 5638 a
1020 5582 1194 5640 vobis.
1220 5584 1286 5640 Et
1306 5586 1351 5641 si
1371 5603 1469 5643 vos
1484 5588 1764 5660 decipiant
1779 5588 1989 5644 daemo-

2073 4517 2295 4573 vidisse.

2143 4607 2274 4662 Haec
2303 4610 2360 4661 et
2387 4605 2499 4660 alia
2525 4604 2705 4659 multa
2724 4603 2887 4660 nobis
2916 4619 3155 4659 narrans
3173 4602 3371 4659 beatus
3400 4603 3675 4668 Joannes,

2072 4700 2130 4750 et
2156 4700 2273 4750 tres
2301 4694 2421 4749 dies
2444 4694 2515 4748 ad
2538 4709 2743 4749 nonam
2780 4710 2958 4765 usque
2988 4693 3292 4758 disserens,
3324 4698 3550 4747 nostras
3577 4709 3678 4747 cu-

2071 4784 2218 4838 ravit
2244 4784 2480 4838 animas.
2506 4783 2649 4837 Cum
2677 4786 2866 4837 autem
2887 4782 3133 4837 dedisset
3149 4780 3311 4836 nobis
3329 4780 3681 4836 benedictio-

2071 4889 2191 4938 nes,
2209 4872 2380 4943 jussit
2406 4872 2489 4927 ire
2516 4871 2575 4925 in
2605 4887 2760 4943 pace,
2793 4871 2953 4926 nobis
2979 4886 3202 4942 quoque
3231 4870 3381 4925 dicta
3424 4869 3677 4940 quadam

2070 4961 2364 5035 prophetia
2388 4980 2400 5014 :
2433 4961 2631 5027 Hodie,
2657 4960 2862 5026 aiebat,
2885 4960 3148 5015 nuntiata
3176 4966 3264 5013 est
3294 4958 3404 5027 (95)
3426 4958 3678 5015 Alexan-

2069 5051 2205 5106 driae
2218 5049 2447 5105 victoria
2477 5049 2719 5104 maxime
2740 5049 2817 5121 pii
2838 5048 3160 5117 Theodosii,
3187 5052 3421 5119 propter
3448 5047 3520 5102 de
3553 5065 3682 5103 me~

2071 5141 2164 5195 dio
2175 5139 2458 5196 sublatum
2478 5145 2785 5211 tyrannum
2803 5137 3137 5209 Eugenium,
3169 5142 3229 5192 et
3247 5142 3470 5208 oportet
3496 5136 3679 5209 impe-

2069 5234 2316 5284 ratorem
2346 5228 2491 5283 mori
2535 5233 2715 5283 morte
2758 5227 3005 5299 propria,
3040 5225 3191 5297 quod
3223 5224 3452 5297 quidem
3476 5242 3679 5280 revera

2069 5318 2153 5373 ita
2184 5318 2305 5374 fieri
2333 5318 2588 5389 contigit.
2620 5316 2846 5372 Licebat
2875 5321 3068 5371 autem
3090 5330 3319 5369 cernere
3357 5313 3681 5369 multitudi-

2069 5424 2197 5463 nem
2210 5423 2404 5463 eorum
2421 5407 2518 5479 qui
2533 5423 2661 5462 cum
2675 5407 2795 5478 ipso
2808 5411 2971 5460 erant
2990 5404 3396 5459 monachorum
3412 5403 3475 5458 in
3495 5404 3677 5459 eccle-

2070 5497 2348 5565 sia,veluti
2369 5496 2638 5568 quosdam
2650 5496 2935 5566 justorum
2953 5495 3174 5575 chorqs,
3200 5490 3404 5546 lucidis
3422 5493 3679 5551 vestibus

2071 5587 2319 5655 indutos,
2341 5590 2398 5642 et
2420 5584 2644 5658 hymnis
2680 5583 2920 5639 assiduis
2948 5584 3128 5639 Deum
3154 5580 3559 5655 glorificantes
