4024 6206
360 362 415 421 11
428 364 496 423 53
1619 363 1964 422 HISTORIA
1999 362 2375 420 LAUSIACA.
3489 364 3512 419 1
3529 362 3631 423 154

422 490 729 562 Postquam
744 494 935 546 autem
958 492 1165 547 multos
1183 506 1405 565 quoque
1425 492 1568 548 alios
1592 489 1946 546 Patresvidi-
1960 492 2013 553 Α
2031 493 2088 544 et
2114 488 2361 560 séipsum
2384 485 2748 559 vilipendens.
2772 487 2916 543 Cum
2929 502 3032 542 nos
3058 492 3248 543 autem
3276 488 3519 544 multum
3542 505 3629 544 ro-

350 594 499 640 mus.
531 584 810 635 venerunt
846 582 1050 635 fratres
1072 580 1234 636 nobis
1261 582 1661 637 annuntiantes
1689 595 1950 634 consum-
2030 594 2315 649 garemus,
2337 581 2402 631 ut
2419 575 2866 632 adhortatorium
2886 577 3046 632 nobis
3060 594 3377 633 sermonem
3394 578 3624 644 diceret,

349 658 569 724 rnatum
598 685 720 723 esse
747 668 974 724 beatum
1004 670 1277 725 Joannem
1307 672 1473 726 modo
1503 670 1746 743 quodam
1765 666 1949 723 admi-
2029 666 2119 721 vix
2146 666 2202 721 in
2233 665 2483 720 animum
2512 664 2731 721 induxit
2759 671 2823 720 ut
2847 665 3007 721 nobis
3034 684 3213 739 pauca
3228 667 3529 723 dissereret
3558 668 3627 723 de

350 757 515 812 rabili
537 776 549 810 :
584 775 717 813 nam
739 775 866 813 cum
882 758 1146 829 jussisset
1160 765 1223 815 ut
1236 765 1350 815 tres
1362 760 1480 816 dies
1500 760 1786 814 neminem
1805 758 1950 813 sine-

353 852 485 901 rent
512 846 584 901 ad
613 864 672 901 se
700 847 907 913 venire,
920 848 1159 919 genibus
1190 850 1346 904 ﬂexis
1370 850 1441 904 ad
1468 850 1799 915 orationem,
1819 864 1948 901 con-

352 942 670 991 summatus
699 942 803 1003 est,
841 937 912 991 ad
940 937 1121 993 Deum
1155 938 1404 1005 veniens,
1438 938 1528 993 cui
1548 937 1730 1010 gloria
1755 936 1815 991 in
1842 952 1947 991 sae-

354 1025 501 1080 cula.

912 1116 1147 1172 CAPUT
1182 1117 1399 1173 XLVII.

950 1206 1022 1260 De
1050 1208 1352 1261 Pcemem’a.

427 1293 481 1347 Is
509 1308 731 1365 quoque
760 1309 889 1348 cum
908 1294 1118 1349 Christi
1157 1295 1361 1350 ancilla
1384 1294 1691 1359 Pmmenia,
1725 1310 1847 1365 quae
1879 1292 1952 1347 ad

354 1395 485 1434 eum
511 1379 813 1436 videndum
851 1387 1179 1448 accesserat,
1209 1399 1322 1437 non
1351 1388 1437 1437 est
1460 1382 1688 1454 quidem
1719 1382 1954 1436 collocu-

355 1476 466 1536 tus,
488 1469 827 1540 signiﬁcavit
845 1475 1034 1525 autem
1059 1472 1110 1526 ei
1137 1488 1359 1543 quoque
1381 1472 1637 1543 quadam
1657 1471 1952 1526 arcana.Ei

355 1561 549 1611 autem
592 1559 874 1630 praecepit,
911 1559 1105 1614 dicens
1147 1577 1158 1613 :
1197 1560 1551 1615 Descendens
1579 1577 1615 1615 a
1647 1558 1949 1622 Thebaide,

353 1662 425 1701 ne
438 1646 705 1702 deﬂectas
714 1648 1589 1721 Alexandriam,quandoquidem
1603 1650 1855 1705 futurum
1871 1652 1958 1703 est

354 1739 421 1790 ut
437 1736 677 1791 cadasin
694 1738 1143 1794 tentationes.Ea
1158 1744 1348 1793 autem
1362 1739 1556 1809 magni
1570 1738 1801 1794 Joannis
1818 1755 1958 1810 prae-

2030 755 2569 822 mansuetudine.Is,
2596 772 2725 809 cum
2755 755 3186 828 hippopotamus
3210 756 3509 828 aliquando
3536 774 3629 810 va-

2030 849 2205 900 staret
2233 845 2470 899 vicinam
2499 844 2804 915 regionem,
2824 850 2982 900 stans
3003 863 3176 917 prope
3198 846 3446 914 ﬂuvium,
3470 862 3631 918 roga-

2036 939 2129 988 tus
2156 933 2227 988 ab
2251 933 2527 1004 agricolis,
2560 934 2682 988 visa
2708 932 2895 988 bellua
2925 934 3169 1005 ingentis
3200 934 3625 1005 magnitudinis,

2039 1022 2091 1077 ei
2124 1022 2408 1095 praecepit,
2442 1022 2632 1076 dicens
2665 1040 2678 1078 :
2712 1022 2997 1077 Denuntio
3024 1022 3127 1078 tibi
3156 1023 3213 1078 in
3244 1024 3472 1079 nomine
3500 1026 3633 1079 Jesu

2037 1111 2340 1179 Christi,ne
2359 1111 2601 1182 amplius
2622 1116 2805 1167 vastes
2832 1112 2977 1167 hanc
2992 1113 3298 1184 regionem.
3317 1113 3422 1169 Illa
3440 1119 3630 1169 autem

2037 1206 2306 1273 tanquam
2335 1200 2405 1255 ab
2426 1201 2626 1272 angelo
2654 1201 2774 1256 loco
2803 1202 2983 1273 pulsa,
3016 1201 3243 1256 omnino
3273 1203 3516 1258 evanuit.
3543 1202 3634 1258 Sic

2035 1289 2206 1345 etiam
2234 1290 2537 1362 aliquando
2559 1289 2747 1361 abegit
2773 1290 3132 1345 crocodilum.

2666 1380 2900 1435 CAPUT
2928 1381 2990 1434 L.

2476 1471 2548 1524 De
2574 1470 2765 1523 abbate
2799 1470 3012 1524 The-ana
3037 1468 3175 1542 (98).

2108 1558 2367 1613 Vidimus
2399 1558 2567 1613 etiam
2598 1557 2773 1612 alium
2801 1574 2915 1613 non
2946 1559 3196 1628 procula
3215 1557 3458 1626 civitate,
3478 1558 3537 1614 in
3553 1575 3638 1614 so-

2037 1646 2295 1714 litudine,
2310 1647 2538 1703 nomine
2554 1648 2800 1713 Theona,
2822 1647 3003 1702 virum
3023 1652 3300 1715 sanctum,
3319 1648 3378 1704 in
3397 1648 3634 1704 domun-

2037 1736 2163 1791 cula
2183 1753 2438 1792 seorsum
2461 1736 2759 1805 inclusum,
2788 1736 2881 1807 qui
2911 1742 3165 1808 tempore
3191 1736 3427 1808 triginta
3453 1753 3634 1791 anno-

354 1823 661 1880 dictionem
690 1826 776 1880 vel
804 1826 966 1880 nihili
995 1827 1223 1893 (lucens,
1254 1828 1343 1882 vel
1376 1832 1565 1893 I546
1605 1829 1728 1898 ejus
1758 1826 1951 1893 oblita,
1971 1816 2160 1880 Brum
2187 1826 2472 1888 silentium
2520 1832 2851 1881 exercuerat
2880 1828 3066 1893 (Ra/[2,
3099 1828 3192 1880 lib.
3226 1840 3289 1892 II,
3321 1843 3436 1895 cap.
3471 1825 3545 1895 6).
3583 1826 3638 1881 Is

355 1912 584 1968 deﬂexit
601 1914 1089 1983 Alexandriam,ut
1106 1916 1318 1971 videret
1332 1917 1632 1971 civitatem.
1668 1918 1732 1972 In
1755 1916 1956 1971 itinere

354 2008 547 2057 autem
559 2019 733 2075 prope
745 2002 942 2059 urbem
960 2005 1225 2071 Niciaa,ad
1246 2022 1372 2060 eam
1410 2011 1765 2061 accesserunt
1789 2022 1958 2061 naves

359 2092 482 2162 ejus
508 2092 830 2163 quiescendi
845 2093 1048 2164 gratia.
1065 2094 1286 2165 Egressi
1312 2099 1502 2149 autem
1523 2094 1720 2150 famuli
1736 2113 1801 2150 ex
1823 2111 1957 2166 qua-

358 2181 492 2235 dam
522 2180 821 2236 insolentia
849 2199 977 2237 cum
1006 2183 1155 2238 illius
1184 2184 1292 2238 loci
1320 2184 1750 2251 habitatoribus,
1768 2201 1958 2239 amen-

358 2269 512 2325 tibus
527 2276 586 2325 et
608 2270 922 2341 proﬂigatis
942 2271 1492 2339 hominibus,manus
1511 2279 1918 2329 conseruerunt
1938 2291 1950 2326 :

362 2359 459 2428 qui
489 2359 717 2430 quidem
745 2360 912 2416 unius
942 2360 1166 2431 quidem
1203 2362 1446 2417 eunuchi
1485 2362 1727 2433 digitum
1760 2378 1956 2417 secue-

362 2453 515 2514 runt,
548 2449 724 2504 alium
768 2454 959 2505 autem
996 2450 1338 2519 occiderunt,
1390 2452 1721 2523 Dionysium
1765 2456 1958 2507 autem

364 2537 784 2593 sanctissimum
839 2538 1162 2611 episcopum
1216 2540 1275 2595 in
1328 2540 1562 2595 ﬂuvium
1632 2540 1957 2612 ignorantes

365 2627 747 2697 projecerunt,
781 2632 841 2683 ct
862 2629 1019 2682 illam
1044 2628 1222 2700 ipsam
1253 2629 1514 2685 conviciis
1551 2635 1609 2685 et
1646 2629 1961 2684 maledictis

365 2714 752 2787 impetierunt,
785 2720 842 2773 et
861 2717 1107 2787 reliquos
1137 2733 1332 2773 omnes
1360 2735 1547 2774 servos
1576 2719 1921 2774 sauciarunt.

915 2806 1147 2864 CAPUT
1174 2810 1418 2864 XLVIII.

379 2896 494 2949 Vita
523 2895 736 2951 abbatis
770 2896 1054 2951 Ammona;
1093 2895 1224 2969 (96),
1260 2904 1310 2953 et
1348 2914 1540 2953 eorum
1572 2899 1673 2967 qui
1695 2914 1822 2953 cum
1847 2899 1960 2968 ipso

1043 2992 1225 3042 erant.

436 3072 695 3129 Vidimus
713 3080 903 3130 autem
925 3075 1098 3130 alium
1119 3091 1341 3148 quoque
1360 3074 1543 3130 virum
1552 3074 1964 3141 Thebaide,no-

2037 1931 2164 1969 eum
2194 1914 2466 1987 plurimas
2494 1914 2733 1970 virtutes
2762 1919 3075 1987 perageret,
3107 1914 3422 1970 habebatur
3456 1914 3527 1969 ab
3557 1915 3635 1970 eis

2038 2022 2143 2078 pro
2175 2006 2467 2077 propheta.
2489 2004 2687 2060 Exibat
2706 2005 2857 2060 enim
2874 2005 2941 2060 ad
2965 2006 3148 2077 ipsum
3176 2023 3278 2077 per
3302 2006 3423 2061 dies
3442 2004 3637 2077 singu-

2040 2097 2125 2151 los
2155 2096 2459 2150 multitudo
2479 2096 3107 2167 aegrotantium,quibus
3118 2114 3319 2152 manus
3344 2097 3638 2169 imponens

2037 2201 2141 2255 per
2166 2184 2489 2250 fenestram,
2522 2183 2843 2238 dimittebat
2869 2200 2964 2239 eos
2992 2183 3149 2239 abire
3179 2186 3379 2240 salvos.
3411 2185 3640 2240 Licebat

2039 2273 2190 2327 enim
2232 2273 2416 2328 videre
2460 2272 2646 2344 ipsum
2674 2272 2977 2328 habentem
3017 2274 3233 2328 vultum
3263 2274 3468 2345 angeli,
3496 2275 3637 2330 laetis

2037 2362 2230 2429 oculis,
2263 2367 2320 2416 et
2337 2367 2519 2416 totum
2549 2362 2777 2433 plenum
2800 2362 3039 2416 maxima
3058 2363 3262 2433 gratia.
3287 2364 3359 2429 Is,
3374 2380 3502 2418 cum
3525 2379 3639 2419 non

2037 2451 2215 2505 multo
2235 2457 2366 2506 ante
2380 2456 2635 2522 tempore
2649 2451 2896 2506 latrones
2915 2468 3047 2506 eum
3076 2458 3245 2507 noctu
3272 2452 3629 2521 invasissent,

2039 2540 2423 2595 existimantes
2439 2558 2500 2595 se
2529 2541 2770 2595 multum
2800 2540 2925 2595 auri
2955 2541 3104 2612 apud
3130 2558 3261 2596 eum
3289 2542 3634 2611 inventuros,

2044 2634 2101 2683 et
2143 2630 2349 2684 vellent
2392 2646 2520 2684 eum
2562 2628 2833 2696 occidere,
2879 2636 3143 2701 precatus
3172 2635 3279 2697 est,
3317 2637 3376 2686 et
3421 2648 3642 2687 manse-

2043 2723 2177 2773 runt
2196 2717 2509 2773 immobiles
2524 2718 2596 2772 ad
2617 2723 2805 2789 portas
2825 2720 2947 2789 ejus
2963 2735 3143 2791 usque
3171 2720 3242 2774 ad
3275 2721 3634 2777 matutinum.

2044 2808 2186 2862 Cum
2214 2804 2395 2861 turbae
2420 2812 2609 2861 autem
2638 2824 2803 2861 mane
2831 2807 2902 2861 ad
2927 2824 3055 2862 eum
3075 2809 3458 2876 accessissent,
3472 2816 3531 2865 et
3547 2825 3641 2864 eos
3727 2802 3737 2809 ’

2043 2896 2162 2968 igni
2190 2895 2459 2951 mandare
2486 2896 2545 2950 in
2568 2896 2757 2950 animo
2773 2896 3065 2963 haberent,
3091 2914 3267 2952 unum
3286 2892 3509 2954 tantum
3525 2915 3643 2953 ver-

2043 2984 2179 3040 bum
2208 2985 2278 3040 ad
2306 3001 2402 3040 eos
2433 2990 2520 3039 est
2544 2985 2794 3040 locutus:
2820 2984 2998 3040 Sinite
3027 3002 3123 3040 eos
3152 2986 3308 3041 abire
3336 3003 3531 3055 sanos;
3552 2988 3640 3042 sin

2046 3074 2253 3142 minus,
2278 3091 2313 3129 a
2340 3090 2432 3128 me
2459 3073 2635 3144 fugiet
2647 3073 2831 3144 gratia
2848 3073 3220 3129 curationum.
3239 3076 3284 3130 Ii
3305 3092 3435 3130 vero
3453 3075 3640 3146 ipsum

366 3160 520 3216 mine
557 3163 894 3220 Ammonam
934 3166 1121 3232 (Ra/72,
1174 3168 1213 3220 ι.
1258 3179 1316 3231 Π,
1349 3182 1468 3234 cap.
1510 3164 1584 3231 3i,
1616 3165 1845 3220 Patrem
1873 3168 2024 3237 tera
2046 3164 2383 3231 audierunt;
2420 3179 2531 3218 non
2557 3162 2840 3218 audebant
2870 3163 3020 3217 enim
3051 3169 3245 3219 contra
3266 3180 3395 3219 eum
3430 3164 3633 3230 dicere,

366 3250 523 3305 mille
554 3253 958 3308 monachorum
983 3271 995 3307 :
1029 3269 1167 3325 quos
1197 3253 1367 3308 etiam
1395 3253 1725 3308 nominabat
1752 3251 1965 3308 Taben-
2046 3259 2103 3308 et
2127 3252 2383 3325 protinus
2407 3251 2594 3307 abiere
2613 3252 2861 3307 latrones
2891 3252 2963 3307 ad
2991 3268 3058 3307 ea
3077 3270 3200 3324 qua:
3220 3258 3383 3308 erant
3407 3252 3641 3308 circum-

367 3339 637 3407 nesiotas,
670 3341 765 3412 qui
791 3340 1075 3397 habebant
1102 3359 1372 3414 magnum
1398 3342 1525 3397 vitae
1547 3342 1778 3413 agendae
1806 3340 1966 3396 insti-
2045 3343 2193 3397 circa
2216 3342 2574 3408 monasteria,
2600 3341 2804 3396 mutati
2820 3341 3087 3406 moribus,
3104 3348 3162 3397 et
3187 3342 3256 3397 de
3272 3341 3340 3397 iis
3360 3359 3484 3414 quae
3502 3342 3642 3397 fece-

368 3432 578 3495 tutum,
595 3433 653 3483 et
670 3429 767 3501 qui
796 3435 853 3484 et
880 3430 1073 3486 ovillas
1098 3431 1270 3503 pelles
1297 3431 1527 3500 ferrent,
1547 3436 1605 3487 et
1632 3432 1787 3486 vultu
1816 3436 1963 3485 tecto
2045 3436 2175 3487 rant
2189 3431 2341 3486 ducti
2369 3430 2859 3502 pcenitentia.Erat
2876 3437 3065 3485 autem
3086 3431 3173 3485 vir
3190 3430 3445 3486 eruditus
3464 3431 3521 3486 in
3543 3430 3642 3486 tri-

370 3518 814 3585 comederent,et
828 3536 889 3575 se
910 3519 1174 3574 deorsum
1195 3521 1550 3585 inclinantes,
1567 3537 1637 3575 ne
1650 3520 1774 3592 quis
1784 3519 1965 3591 proxio

372 3622 530 3661 mum
560 3607 947 3663 comedentem
967 3610 1281 3681 aspiceret;
1307 3614 1365 3665 et
1391 3614 1613 3665 tantum
1642 3614 1967 3665 exercerent

369 3695 677 3763 silentium,
708 3701 774 3751 ut
800 3696 1125 3753 viderentur
1143 3715 1263 3754 esse
1284 3698 1342 3754 in
1367 3698 1691 3766 solitudine,
1713 3716 1969 3771 unoquo-

369 3801 479 3856 que
506 3786 724 3840 occulte
742 3792 1044 3858 peragente
1064 3804 1229 3843 suum
1255 3788 1382 3844 vita:
1410 3788 1759 3856 institutum;
1785 3789 1967 3843 solum

368 3881 559 3928 autem
591 3874 774 3946 specie
804 3876 1047 3948 quadam
1074 3877 1132 3931 in
1168 3893 1362 3932 mensa
1385 3878 1665 3945 sederent,
1701 3883 1966 3933 conantes

372 3979 433 4017 se
472 3962 710 4019 invicem
734 3965 928 4019 latere.
960 3966 1151 4037 Aliqui
1180 3967 1333 4021 enim
1360 3984 1426 4022 ex
1449 3966 1538 4021 his
1569 3967 1743 4021 semel
1767 3968 1853 4021 vel
1882 3966 1967 4021 bis

374 4068 606 4107 manum
623 4053 707 4107 ori
722 4052 1111 4121 admovebant,
1133 4060 1430 4126 tangentes
1442 4071 1643 4127 panem
1656 4055 1743 4110 vel
1759 4056 1965 4122 oleum,

374 4141 463 4194 vel
490 4140 702 4212 aliquid
732 4158 796 4196 ex
823 4142 893 4197 iis
923 4159 1046 4215 quae
1062 4150 1225 4198 erant
1237 4144 1512 4216 apposita,
1531 4150 1590 4199 et
1606 4161 1732 4199 cum
1748 4144 1817 4199 de
1833 4161 1972 4200 uno-

374 4245 598 4301 quoque
619 4228 848 4285 obsonio
863 4232 1035 4286 semel
1050 4238 1391 4303 gustassent,
1416 4233 1665 4288 contenti
1685 4239 1848 4288 erant
1866 4234 1973 4289 hoe

371 4317 640 4374 alimento
660 4358 675 4386 ,
702 4319 799 4373 alii
829 4325 1020 4375 autem
1048 4338 1252 4393 panem
1274 4322 1483 4378 sensim
1505 4322 1974 4389 mandentes,alia

373 4412 565 4462 autem
582 4407 918 4480 accipientes
939 4410 1080 4465 citra
1101 4411 1538 4478 simulationem,
1558 4411 1639 4466 sic
1655 4428 1973 4483 persevera-

376 4495 541 4563 bant;
564 4495 660 4550 alii
676 4502 866 4552 autem
883 4499 1166 4569 jusculum
1185 4505 1274 4555 ter
1293 4505 1520 4556 tantum
1535 4499 1970 4571 degustabant,a
1982 4492 2033 4553 D
2138 4518 2147 4525 ε

378 4584 613 4656 reliquis
639 4591 829 4641 autem
856 4586 1231 4644 abstinebant.
1266 4589 1402 4655 Quae
1428 4606 1573 4647 cum.
1599 4593 1665 4644 ut
1692 4595 1815 4645 erat
1840 4607 1976 4646 con-

380 4679 732 4740 sentaneum,
763 4691 944 4730 essem
976 4677 1305 4746 admiratus,
1337 4695 1451 4734 non
1489 4679 1823 4751 praetermisi
1848 4696 1974 4736 eam

381 4778 504 4834 quae
533 4779 599 4817 ex
627 4763 709 4819 eis
738 4764 959 4836 capitur
982 4766 1305 4843 utilitatem.

951 4856 1185 4912 CAPUT
1211 4857 1404 4912 XLIX.

906 4946 977 5000 De
1002 4946 1287 5001 abbate.Be
1306 4946 1437 5018 (97).

450 5030 708 5087 Vidimus
735 5038 926 5088 autem
940 5033 1117 5090 alium
1147 5051 1369 5107 quoque
1395 5052 1606 5103 senem,
1631 5037 1727 5110 qui
1744 5038 1977 5093 lenitate

375 5120 683 5191 superabat
706 5138 902 5177 omnes
930 5123 1439 5191 homines,nomine
1451 5124 1712 5181 abbatem
1732 5127 1810 5182 Be
1823 5128 1980 5199 (Ruf-

381 5212 509 5277 ﬁn.,
538 5213 579 5263 ι.
615 5224 677 5276 n,
707 5227 825 5281 cap.
859 5210 910 5277 4)
944 5230 957 5267 :
992 5213 1061 5267 de
1103 5230 1213 5285 quo
1253 5213 1613 5270 afﬁrmabant
1647 5216 1851 5271 fratres
1882 5216 1979 5288 qui

383 5297 533 5369 apud
545 5297 733 5370 ipsum
743 5299 1268 5368 versabantur,eum
1289 5318 1579 5375 nunquam
1591 5305 1983 5375 jurasse,nun-

381 5402 553 5458 quam
582 5387 653 5442 de
682 5387 871 5460 aliquo
900 5390 1199 5446 mentitum
1224 5408 1364 5459 esse,
1397 5409 1583 5465 neque
1608 5394 1796 5467 aliquo
1816 5393 1984 5449 verbo

382 5475 726 5548 increpasse,
743 5493 927 5551 neque
945 5478 1154 5536 iratum
1171 5480 1344 5537 fuisse
1368 5498 1380 5536 :
1405 5487 1529 5538 erat
1548 5483 1699 5538 enim
1721 5484 1844 5554 ejus
1868 5484 1987 5539 vita

384 5564 547 5620 valde
567 5564 775 5637 quieta,
801 5571 859 5622 et
882 5584 1068 5624 mores
1095 5571 1399 5637 mansueti,
1432 5576 1491 5627 et
1515 5572 1613 5643 qui
1642 5577 1854 5630 statum
1882 5574 1986 5629 ha-

383 5653 547 5710 beret
561 5654 906 5727 angelicum;
941 5663 1066 5715 erat
1086 5664 1277 5716 autem
1299 5660 1459 5717 valde
1490 5677 1713 5735 quoque
1734 5662 1986 5731 humilis,

2044 3519 2177 3593 plici
2203 3519 2388 3591 gratia
2406 3535 2751 3586 sermonum,
2782 3518 2842 3573 in
2870 3519 3091 3591 scriptis
3112 3519 3636 3587 Romanis,Gr.ecis,

2048 3616 2107 3665 et
2117 3609 2477 3682 Egyptiacis,
2503 3609 2646 3663 sicut
2667 3624 2702 3662 a
2726 3608 2918 3663 multis
2939 3607 3074 3663 etab
3095 3609 3190 3664 illo
3213 3609 3334 3681 ipso
3354 3610 3636 3665 audimus.

2050 3699 2193 3754 Cum
2223 3697 2372 3753 enim
2405 3714 2506 3752 nos
2535 3696 2851 3768 agnovisset
2878 3713 3001 3752 esse
3022 3697 3291 3769 hospites,
3316 3698 3563 3754 scribens
3584 3698 3643 3754 in

2047 3787 2273 3853 tabella,
2296 3788 2411 3842 Deo
2432 3792 2662 3859 propter
2679 3803 2781 3841 nos
2799 3786 2915 3856 egit
2931 3786 3162 3857 gratias.
3180 3787 3525 3843 Comedebat
3540 3805 3643 3843 au-

2048 3882 2162 3931 tem
2193 3876 2410 3931 semina
2431 3892 2544 3930 non
2563 3880 2738 3930 cocta.
2768 3876 2949 3930 Noctu
2969 3881 3175 3941 autem,
3197 3881 3262 3930 ut
3280 3876 3459 3943 aiunt,
3481 3892 3645 3948 egre-

2050 3965 2311 4021 diebatur
2337 3982 2367 4020 e
2397 3966 2557 4031 cella,
2590 3969 2647 4019 et
2664 3964 3114 4035 congregabatur
3140 3981 3267 4020 cum
3296 3965 3449 4032 feris,
3467 3970 3526 4021 et
3551 3982 3647 4022 eas

2050 4054 2282 4127 potabat
2312 4071 2379 4109 ex
2398 4071 2466 4109 ea
2494 4070 2662 4126 quam
2692 4052 2933 4108 habebat
2950 4070 3117 4125 aqua.
3138 4055 3273 4110 Erat
3290 4055 3442 4110 enim
3462 4055 3647 4111 videre

2052 4143 2288 4214 vestigia
2314 4142 2669 4214 bubalorum,
2713 4146 2771 4196 et
2801 4158 3161 4212 onagrorum,
3196 4148 3253 4197 et
3276 4143 3646 4214 quarumdam

2054 4248 2403 4304 caprearum,
2436 4204 2584 4287 circa
2612 4230 2735 4301 ejus
2764 4231 3188 4299 monasterium,
3206 4231 3408 4302 quibus
3429 4249 3651 4304 semper

2052 4320 2451 4377 delectabatur.

2673 4406 2905 4466 CAPUT
2935 4410 3025 4465 LI.

2544 4499 2619 4553 De
2644 4500 2835 4553 abbate
2862 4499 2990 4553 Elia
3017 4498 3145 4569 (99).

2126 4588 2384 4644 Vidimus
2403 4591 2593 4643 autem
2615 4586 2788 4642 alium
2809 4603 3032 4659 quoque
3054 4604 3245 4643 senem
3269 4589 3328 4644 in
3347 4589 3648 4648 solitudine

2056 4678 2437 4750 Antinoi,quae
2450 4682 2540 4732 est
2550 4676 3192 4748 metropolisThebaidis,
3203 4678 3379 4733 Eliam
3398 4679 3645 4748 nomine,

2059 4768 2155 4841 qui
2179 4773 2346 4823 natus
2384 4771 2507 4822 erat
2535 4771 2760 4821 centum
2790 4770 2847 4820 et
2873 4765 3065 4821 decem
3092 4769 3650 4836 annosiRu/f.,lib.n,

2057 4858 2487 4929 cap.1'2).Super
2506 4871 2635 4910 eum
2656 4853 2916 4909 dicebant
2927 4855 3186 4927 spiritum
3207 4856 3341 4911 Eliae
3362 4858 3652 4929 propheta:

2062 4946 2430 5019 requievisse:
2478 4949 2603 5000 erat
2631 4943 2780 4998 enim
2818 4943 2978 4998 valde
3007 4944 3343 5013 celebratus,
3376 4952 3442 5001 ut
3469 4946 3566 5019 qui
3594 4948 3653 5003 in

2057 5035 2297 5091 terribili
2314 5035 2412 5090 illa
2422 5033 2725 5089 solitudine
2739 5032 2946 5104 egisset
2959 5032 3317 5104 septuaginta
3326 5038 3656 5092 annos.Non

2060 5129 2248 5197 potest
2288 5130 2478 5179 autem
2506 5124 2685 5178 oratio
2711 5139 2811 5195 pro
2840 5121 3115 5192 dignitate
3138 5139 3369 5178 narrare
3399 5141 3655 5196 asperam

2061 5214 2216 5268 illam
2242 5217 2421 5279 τιατ
2435 5213 2946 5282 solitudinem,quze
2962 5215 3048 5264 est
3067 5210 3126 5265 in
3144 5217 3334 5268 monte
3352 5212 3412 5268 in
3432 5230 3541 5285 quo
3563 5213 3657 5267 ille

2063 5302 2314 5367 sedebat,
2335 5318 2625 5373 nunquam
2645 5299 2989 5356 descendens
3008 5298 3065 5354 in
3087 5316 3215 5355 eam
3231 5318 3353 5374 quae
3373 5301 3659 5357 habitatur

2065 5392 2377 5463 regionem.
2410 5391 2508 5446 Est
2533 5390 2684 5445 enim
2714 5388 2969 5462 quazdam
3000 5390 3203 5445 semita
3237 5407 3433 5446 eorum
3463 5390 3559 5461 qui
3587 5389 3659 5444 ad

2066 5483 2254 5555 ipsum
2301 5481 2583 5536 accedunt
2612 5478 2908 5550 ejusmodi,
2943 5483 3009 5534 ut
3035 5479 3124 5533 vix
3151 5480 3368 5551 possint
3402 5478 3661 5534 insistere

2070 5571 2321 5642 vestigiis
2338 5570 2379 5625 ii
2397 5571 2495 5642 qui
2515 5569 2808 5635 accedunt,
2832 5568 2965 5626 hinc
2983 5573 3041 5624 et
3058 5568 3188 5623 inde
3208 5567 3484 5641 lapidibus
3501 5582 3663 5641 aspe-

2072 5662 2148 5718 ris
2177 5660 2471 5718 obvallata.
2502 5659 2640 5716 Erat
2666 5664 2858 5716 autem
2877 5659 3078 5718 sedens
3098 5657 3203 5713 sub
3232 5655 3473 5729 quadam
3503 5661 3667 5731 petra
