4008 6210
388 319 529 382 1157
1396 326 1425 335 “

1645 320 1995 378 HISTORIA
2029 318 2408 377 LAUSIACA.

3523 317 3660 383 1158

383 451 740 523 propulsare.
774 449 1031 505 Contrito
1063 444 1215 504 enim
1241 450 1425 521 capite
1454 452 1751 522 serpentis,
1800 455 1984 507 totum
2003 451 2053 512 Α
2069 448 2188 505 hac
2200 452 2528 504 narrantem
2542 447 3271 515 audivimus,etreddentem
3282 464 3507 509 causam
3519 451 3665 523 prio-

385 556 590 612 corpus
623 546 712 596 est
732 544 1041 596 mortuum.
1060 539 1228 594 Jubet
1242 540 1393 594 enim
1422 540 1693 596 Dominus
1711 546 1777 595 ut
1795 541 1990 596 obser-

384 647 581 685 vemus
611 636 782 701 caput
802 629 1110 700 serpentis:
1133 629 1189 683 id
1215 635 1401 684 autem
1417 635 1520 692 est,
1544 646 1616 685 ne
1636 629 1693 684 in
1715 631 1988 701 principio

385 718 758 774 admittamus
782 719 958 773 malas
978 723 1036 772 et
1059 724 1253 789 turpes
1272 719 1661 789 cogitationes,
1683 737 1795 775 non
1807 721 1989 774 solum

385 814 451 863 ut
483 808 773 863 obsccenas
804 808 978 862 animi
1010 809 1187 862 nostri
1212 809 1535 879 phantasias
1556 810 1844 863 deleamus
1868 828 1879 863 :
1902 825 1990 863 co-

386 898 514 952 nari
543 902 735 952 autem
764 914 865 951 nos
897 897 1129 950 invicem
1152 914 1419 968 superare
1458 897 1777 961 virtutibus,
1826 904 1884 952 et
1920 915 1991 951 ne

386 988 514 1058 quis
534 987 594 1041 in
624 987 713 1042 his
743 986 1002 1040 laudibus
1018 987 1196 1040 altero
1220 987 1475 1041 videatur
1496 987 1743 1040 inferior.
1764 987 1881 1041 Hoc
1896 1003 1991 1041 au-

384 1083 523 1142 tem,
548 1076 753 1146 inquit,
788 1075 862 1128 sit
886 1075 1041 1129 vobis
1065 1081 1463 1146 argumentum
1499 1076 1781 1146 profectus
1811 1077 1991 1130 virtu-

386 1172 532 1227 tum,
565 1165 790 1235 quando
817 1164 1040 1218 fueritis
1068 1165 1227 1219 vacui
1258 1164 1646 1219 affectionibus
1677 1170 1734 1219 et
1774 1165 1991 1237 appeti-

386 1254 657 1319 tionibus,
689 1254 808 1307 haec
838 1253 992 1307 enim
1029 1258 1163 1307 sunt
1209 1253 1416 1308 Christi
1455 1253 1731 1308 donorum
1782 1254 1994 1325 princi-

388 1343 565 1413 pium.
605 1342 841 1406 Quando
870 1346 1063 1396 autem
1087 1359 1123 1395 a
1151 1343 1267 1396 Deo
1289 1342 1550 1397 habuerit
1577 1343 1783 1414 aliquis
1808 1348 1993 1398 osten-

387 1432 606 1486 sionem
637 1431 1059 1496 miraculorum,
1093 1447 1165 1485 ne
1194 1432 1429 1485 nimium
1456 1433 1811 1499 intumescat,
1830 1434 1990 1504 quasi

385 1521 735 1576 sufﬁcienter
753 1519 1051 1591 profecerit
1070 1537 1171 1574 nec
1197 1522 1463 1575 efferatur
1484 1522 1845 1592 cogitatione,
1868 1528 1991 1576 tan-

388 1626 560 1681 quam
582 1610 657 1664 sit
672 1610 791 1679 jam
819 1609 997 1680 magis
1026 1610 1335 1664 honoratus
1357 1627 1525 1682 quam
1547 1611 1660 1677 alii,
1698 1627 1881 1682 neque
1928 1615 1993 1665 ut

389 1703 687 1754 ostentans
706 1698 857 1769 quod
876 1698 1048 1754 talem
1068 1699 1309 1769 gratiam
1326 1701 1639 1771 acceperit;
1671 1700 1759 1755 sin
1780 1700 1987 1766 minus,

2069 540 2148 594 ris
2176 538 2564 611 ignorationis.
2587 539 2734 592 Nam
2754 538 2950 592 bovem
2968 538 3214 609 quidem,
3237 539 3441 603 aiebat,
3460 541 3663 596 indeos

2072 628 2389 683 referebant
2412 628 2653 699 gentiles
2672 627 2769 698 qui
2802 627 2956 699 prius
2987 628 3135 699 apud
3166 645 3268 684 nos
3309 628 3657 698 habitabant,

2073 718 2337 789 quoniam
2360 735 2460 789 per
2474 718 2658 788 ipsum
2679 722 3003 772 exercentes
3023 716 3442 787 agriculturam,
3457 720 3664 777 victum

2071 807 2176 861 sibi
2207 806 2516 879 parabant;
2548 822 2754 877 aquam
2785 813 2973 861 autem
3004 807 3137 869 Nili,
3172 808 3436 878 quoniam
3465 810 3665 881 irrigat

2071 913 2267 951 omnes
2287 912 2454 967 agros
2478 916 2491 964 ;
2513 902 2724 951 terram
2738 913 2959 967 quoque
2981 896 3253 960 colebant,
3278 903 3343 952 ut
3372 915 3496 969 quae
3516 908 3665 955 esset

2071 986 2195 1039 aliis
2225 986 2485 1040 omnibus
2516 984 2838 1055 regionibus
2865 983 3121 1039 fertilior.
3170 984 3439 1056 Reliquas
3474 994 3664 1044 autem

2074 1075 2540 1141 abominationes,
2566 1092 2730 1129 canes
2752 1081 2809 1128 et
2828 1074 3039 1138 simias,
3064 1080 3121 1130 et
3141 1076 3415 1147 reliquam
3438 1096 3664 1135 omnem

2075 1166 2449 1221 animantium
2478 1173 2534 1221 et
2560 1168 2772 1221 olemm
2804 1166 3062 1220 colebant
3087 1168 3511 1237 turpitudinem,
3531 1187 3671 1241 qua:

2073 1261 2240 1310 tenus
2260 1272 2454 1310 eorum
2473 1271 2610 1309 usus
2621 1255 2729 1309 fuit
2744 1255 2823 1309 eis
2834 1256 3047 1309 occasio
3068 1256 3285 1323 salutis,
3304 1258 3401 1325 qui
3414 1264 3666 1330 tempore

2074 1345 2384 1399 Pharaonis
2420 1345 2677 1399 homines
2708 1349 3005 1416 occupatos
3049 1345 3251 1411 tenuit,
3301 1347 3522 1416 quando
3570 1347 3666 1401 ille

2074 1434 2340 1488 Israelem
2368 1451 2728 1505 persequens.
2774 1434 3098 1489 submersus
3133 1439 3238 1489 est.
3272 1435 3668 1507 Unusquisque

2073 1523 2222 1577 enim
2249 1523 2305 1577 id
2327 1523 2384 1577 in
2418 1540 2528 1594 quo
2547 1524 2656 1578 fuit
2676 1529 2997 1595 occupatus,
3026 1541 3151 1578 cum
3172 1524 3526 1580 Pharaonem
3555 1541 3669 1581 non

2073 1617 2222 1666 esset
2249 1617 2493 1677 secutus,
2525 1613 2630 1667 hoc
2674 1617 2861 1678 €49
2887 1613 2945 1666 in
2987 1614 3121 1667 deos
3169 1614 3381 1681 retulit,
3440 1614 3666 1671 dicens:

2075 1702 2193 1755 Hoc
2203 1701 2310 1755 fuit
2321 1702 2458 1756 mihi
2474 1701 2793 1756 deushodie
2813 1719 2915 1773 per
2928 1703 3077 1773 quod
3099 1702 3356 1758 effectum
3377 1708 3465 1759 est
3481 1708 3547 1759 ut
3556 1720 3670 1760 non

387 1788 637 1859 seipsum
667 1787 876 1859 decipit
896 1794 1085 1842 mente
1115 1794 1314 1859 captus
1341 1795 1401 1843 et
1424 1788 1607 1859 gratia
1631 1789 1984 1843 multabitur.
2005 1807 2052 1867 B
2076 1790 2321 1861 perirem
2349 1807 2464 1845 una
2493 1808 2621 1845 cum
2650 1793 2963 1846 Pharaone.
2993 1791 3114 1847 Haec
3128 1792 3356 1863 quidem
3380 1792 3438 1848 in
3453 1810 3670 1850 sermo-

280 1910 291 1923 ι
390 1876 606 1932 Habuit
623 1893 757 1948 ergo
775 1878 919 1931 hanc
934 1894 1198 1947 magnam
1215 1879 1527 1932 doctrinam
1541 1878 1600 1932 in
1616 1878 1986 1946 sermonibus,

390 1983 563 2037 quam
581 1983 683 2021 nos
702 1982 924 2037 quoque
944 1983 1091 2037 smpe
1111 1972 1306 2038 postea
1325 1968 1396 2021 ab
1423 1968 1545 2038 ipso
1566 1968 1908 2022 audivimus:
1934 1968 1993 2024 in

389 2055 654 2127 operibus
683 2060 875 2111 autem
900 2055 1178 2111 efﬁciebat
1196 2058 1432 2127 majora,
1458 2056 1642 2112 omnis
1667 2057 1817 2111 enim
1847 2057 1992 2129 peti-

387 2146 470 2200 tio
500 2145 552 2200 ei
580 2144 774 2200 statim
807 2145 1053 2200 dabatur
1080 2161 1115 2199 a
1142 2146 1279 2201 Deo.

462 2235 611 2299 Quin
648 2235 820 2289 etiam
848 2234 1074 2289 videbat
1097 2235 1373 2305 quasdam
1401 2236 1775 2291 revelationes
1799 2247 1810 2282 ε
1856 2234 1995 2290 vidit

393 2324 548 2380 enim
577 2341 741 2379 suum
763 2324 997 2379 fratrem
1016 2330 1149 2379 natu
1166 2325 1493 2391 maximum,
1521 2326 1616 2396 qui
1631 2326 1751 2397 ipse
1769 2342 1992 2397 quoque

388 2414 578 2468 fuerat
594 2418 1015 2469 consummatus
1040 2415 1099 2468 in
1135 2413 1458 2479 solitudine,
1489 2421 1548 2469 et
1587 2414 1709 2486 ipso
1756 2415 1990 2486 pulchro

390 2504 519 2558 vitae
538 2503 800 2558 instituto
816 2519 945 2558 eum
965 2509 1346 2574 superaverat,
1366 2520 1493 2558 cum
1513 2505 1755 2575 quoipse
1768 2520 1990 2575 quoque

392 2593 562 2664 longo
594 2598 847 2664 tempore
873 2593 1008 2646 vixit
1034 2593 1092 2647 in
1124 2593 1444 2647 solitudine.
1497 2592 1803 2648 Videbatur
1856 2610 1990 2663 ergo

394 2697 525 2736 eum
545 2682 734 2737 videre
746 2683 1032 2737 sedentem
1055 2682 1115 2736 in
1127 2682 1327 2736 eodem
1339 2683 1541 2737 throno
1552 2699 1679 2737 cum
1700 2683 1985 2754 apostolis,

401 2787 530 2825 cum
549 2771 602 2824 ei
624 2771 945 2842 reliquisset
958 2786 1186 2826 suarum
1212 2771 1484 2826 virtutum
1499 2772 1909 2839 haereditatem;
1935 2778 1992 2825 et

396 2860 476 2914 sic
502 2877 604 2931 pro
626 2875 686 2914 se
704 2861 827 2931 ipso
855 2860 1258 2926 intercedebat,
1297 2860 1474 2916 Deum
1507 2877 1731 2931 rogans,
1754 2866 1820 2915 ut
1846 2866 1993 2915 esset

393 2949 553 3004 velox
578 2952 700 3021 ejus
723 2950 1041 3011 translatio,
1072 2955 1131 3004 et
1158 2966 1283 3004 cum
1306 2950 1427 3020 ipso
1456 2950 1562 3004 sibi
1582 2950 1833 3021 requiem
1856 2968 1993 3021 prae-

394 3043 574 3093 staret
596 3038 655 3092 in
682 3038 854 3093 exulis.
888 3039 1054 3093 Visus
1082 3044 1168 3093 est
1195 3045 1385 3094 autem
1412 3039 1465 3093 ei
1485 3039 1688 3094 dixisse
1708 3040 1988 3103 Servator,

2076 1879 2240 1935 nibus
2264 1880 2462 1935 habuit
2474 1885 2704 1935 sanctus
2732 1881 2952 1951 Apollo.

2145 2056 2291 2114 Ante
2317 2074 2607 2114 sermones
2632 2064 2821 2115 autem
2849 2061 3205 2117 scribendum
3224 2067 3308 2117 est
3331 2080 3458 2135 qua:
3486 2080 3673 2136 possc-

2074 2147 2157 2202 dit
2183 2147 2243 2202 in
2271 2148 2551 2219 operibus.
2593 2149 2844 2204 Fuerunt
2886 2150 3036 2205 enim
3085 2151 3387 2222 aliquando
3431 2154 3672 2223 gentiles

2075 2252 2247 2308 prope
2269 2238 2581 2292 accolentes
2610 2238 2670 2292 in
2715 2239 2851 2293 locis
2893 2240 3172 2304 omnibus,
3219 2246 3277 2295 et
3318 2242 3510 2298 decem
3544 2243 3674 2314 pagi

2073 2327 2168 2396 qui
2195 2332 2359 2381 erant
2371 2327 2422 2380 ei
2440 2324 2874 2399 prepinquiores
2891 2329 3072 2399 magis
3092 2330 3349 2386 colebant
3366 2332 3667 2387 daemones.

2076 2415 2210 2469 Erat
2234 2422 2423 2471 autem
2451 2417 2726 2486 templum
2758 2417 3066 2472 maximum
3092 2418 3153 2473 in
3183 2435 3296 2473 uno
3320 2419 3460 2485 vico,
3508 2425 3568 2475 et
3594 2421 3671 2475 si-

2074 2503 2388 2558 mulacrum
2418 2505 2660 2559 maxime
2686 2505 2927 2574 insigne,
2961 2507 3148 2576 lignea
3175 2512 3368 2562 autem
3401 2514 3525 2564 erat
3550 2510 3672 2564 haec

2073 2598 2278 2647 statua.
2305 2595 2577 2665 Pompam
2603 2598 2791 2649 autem
2808 2594 3109 2661 ducebant,
3131 2612 3255 2650 eam
3276 2613 3377 2668 per
3403 2598 3551 2653 vicos
3568 2598 3673 2652 cir-

2073 2683 2445 2737 cumferentes
2474 2683 2673 2737 nefarii
2726 2684 3061 2749 sacerdotes,
3122 2686 3218 2756 qui
3258 2684 3674 2745 bacchabantur

2075 2788 2204 2826 cum
2216 2772 2773 2833 multitudine,veluti
2786 2789 2886 2843 pro
2898 2790 3047 2843 aqua
3057 2774 3314 2828 ﬂuviatili
3325 2775 3671 2832 celebrantes

2074 2860 2364 2931 mysteria.
2397 2860 2614 2917 Accidit
2632 2865 2821 2914 autem
2842 2867 2908 2914 ut
2932 2862 3028 2915 illo
3050 2867 3302 2932 tempore
3318 2863 3433 2918 illic
3452 2864 3674 2919 adesset

2075 2949 2271 3020 Apollo
2293 2963 2419 3002 cum
2444 2948 2636 3019 paucis
2666 2948 2998 3019 quibusdam
3027 2950 3294 3005 fratribus
3325 2969 3341 3006 :
3374 2958 3673 3023 postquam

2075 3044 2266 3092 autem
2283 3037 2421 3091 vidit
2440 3037 2861 3091 multitudinem
2886 3044 3117 3108 repente
3136 3040 3475 3095 dtemoniace
3486 3041 3672 3096 furen-

395 3133 657 3199 oportere
674 3144 802 3183 eum
823 3128 1009 3183 adhuc
1036 3144 1206 3200 parvo
1230 3133 1484 3199 tempore
1504 3144 1625 3184 esse
1642 3129 1700 3183 in
1745 3134 1899 3183 terra
1925 3129 1995 3182 ad
2012 3126 2058 3186 Ο
2077 3132 2193 3182 tem
2221 3143 2323 3198 per
2340 3128 2646 3198 regionem,
2672 3128 2829 3182 ﬂexis
2843 3127 3125 3182 Servatori
3142 3127 3399 3197 genibus,
3416 3129 3670 3185 fecitom-

398 3217 705 3271 multorum
736 3217 1151 3289 perfectionem,
1180 3218 1359 3273 donec
1387 3218 1547 3273 multi
1574 3220 1712 3273 ﬁant
1740 3220 1864 3289 ejus
1880 3218 1995 3271 vir-

396 3306 538 3361 tutis
548 3307 1161 3377 :emulatoresMagnus
1172 3307 1323 3361 enim
1338 3308 1740 3361 monachorum
1755 3308 1994 3379 populus

395 3396 662 3451 credetur
679 3398 802 3466 ejus
822 3395 972 3459 fidei,
1004 3402 1062 3450 et
1081 3396 1208 3467 pius
1231 3396 1529 3459 exercitus,
1561 3401 1626 3450 ut
1651 3396 1887 3467 gloriam
1906 3396 1993 3450 di-

395 3500 569 3556 gnam
590 3484 873 3539 laboribus
893 3490 1270 3556 consequatur
1281 3486 1432 3557 apud
1448 3486 1648 3539 Deum.
1669 3487 1799 3540 Haec
1830 3485 1988 3550 vidit,

398 3592 522 3645 quae
551 3574 719 3628 etiam
749 3580 1074 3629 evenerunt.
1109 3576 1252 3629 Nam
1278 3590 1406 3630 cum
1447 3574 1611 3631 multi
1639 3574 1889 3645 undique
1926 3591 1995 3628 ex

396 3663 685 3718 auditione
700 3664 771 3717 ad
791 3679 922 3718 eum
940 3664 1333 3719 convenissent
1359 3664 1637 3730 monachi,
1671 3669 1730 3718 et
1743 3680 1843 3734 per
1870 3664 1993 3734 ejus

394 3752 712 3807 doctrinam
725 3753 1272 3809 etconversationem
1288 3750 1516 3825 plurimi
1538 3752 1765 3808 omnino
1784 3752 1993 3807 mundo

393 3842 835 3905 renuntiassent,
851 3842 998 3896 facta
1020 3848 1105 3897 est
1140 3843 1379 3896 fratrum
1415 3841 1715 3908 cohabitio,
1747 3858 1876 3897 cum
1923 3842 1993 3895 ad

397 3931 736 4001 quingentos
756 3931 959 3985 fratres
988 3931 1319 4003 simulapud
1340 3931 1526 4001 ipsum
1544 3946 1899 3985 communem
1920 3929 1997 3982 vi-

393 4025 517 4074 tam
526 4019 816 4086 haberent,
826 4024 884 4074 et
895 4036 1065 4075 unam
1079 4037 1357 4087 mensam,
1372 4025 1495 4074 tota
1514 4025 1666 4074 veste
1688 4018 1991 4086 candidati;

399 4115 460 4163 et
482 4109 538 4162 in
569 4109 650 4163 eis
680 4109 911 4180 impleta
948 4115 1036 4163 est
1063 4108 1372 4180 Scriptura,
1403 4125 1528 4180 quae
1558 4107 1725 4163 dicit:
1780 4109 1995 4163 Laetare

378 4199 684 4253 desertum
703 4198 916 4265 sitiens,
941 4214 1175 4271 erumpe
1188 4200 1438 4254 etclama
1452 4214 1575 4270 quae
1598 4214 1710 4252 non
1724 4197 1989 4269 parturis;

397 4287 669 4357 quoniam
689 4288 850 4342 multi
870 4292 1004 4362 sunt
1023 4288 1123 4342 ﬁlii
1141 4288 1397 4353 desertae,
1417 4288 1597 4358 magis
1618 4303 1788 4359 quam
1809 4287 1993 4340 virum

2077 3232 2178 3272 nes
2204 3217 2440 3288 gentiles
2469 3223 2701 3288 repente
2744 3216 3079 3271 immobiles.
3132 3218 3272 3272 Cum
3314 3222 3506 3273 autem
3556 3236 3669 3275 non

2053 3312 2305 3378 possent
2335 3323 2400 3360 ex
2428 3307 2523 3360 illo
2543 3308 2663 3360 loco
2683 3306 2964 3377 progredi,
2989 3305 3134 3374 alius
3152 3306 3326 3361 alium
3355 3307 3665 3375 trudentes,
3736 3314 3749 3327 '

2078 3402 2135 3450 et
2162 3402 2301 3450 aestu
2330 3400 2449 3450 toto
2471 3395 2561 3449 die
2579 3399 2949 3459 torrerentur,
2965 3395 3290 3464 ignorantes
3303 3395 3451 3451 unde
3464 3396 3567 3452 hoc
3586 3396 3668 3452 eis

2075 3486 2369 3550 evenisset,
2398 3485 2716 3539 sacerdotes
2737 3500 2931 3539 eorum
2941 3484 3206 3538 dixerunt
3225 3501 3346 3539 esse
3366 3485 3669 3555 quemdam

2077 3574 2456 3629 Christianum
2470 3574 2823 3627 habitantem
2843 3574 2902 3627 in
2924 3590 3120 3628 eorum
3134 3573 3341 3629 finibus
3362 3572 3467 3628 sub
3477 3574 3669 3630 solitu-

2076 3664 2226 3729 dine,
2260 3664 2354 3734 qui
2386 3664 2502 3718 haec
2530 3663 2756 3728 faceret,
2781 3662 3028 3716 dicentes
3050 3662 3121 3717 de
3145 3663 3343 3734 Apollo
3371 3682 3384 3730 ;
3419 3668 3476 3716 et
3501 3680 3668 3734 opor-

2077 3757 2196 3806 tere
2216 3752 2267 3807 ei
2285 3752 2619 3823 supplicare,
2647 3752 2736 3805 sin
2749 3751 2934 3806 minus
2962 3750 3079 3806 fore
3096 3756 3161 3806 ut
3186 3751 3415 3807 veniant
3440 3751 3500 3807 in
3526 3753 3670 3822 peri-

2077 3842 2288 3897 culum.
2336 3841 2640 3912 Postquam
2695 3846 2883 3896 autem
2935 3841 3032 3912 qui
3080 3841 3272 3912 procul
3315 3839 3664 3908 habitabant,

2077 3932 2284 3986 auditis
2313 3931 2649 3985 clamoribus
2670 3935 2727 3984 et
2755 3929 3267 3997 lamentationibus,
3291 3938 3665 3996 accesserunt,

2078 4026 2136 4075 et
2162 4037 2257 4075 eos
2286 4027 2593 4090 rogarunt:
2625 4020 2900 4084 Quidnam
2924 4024 3028 4086 est,
3053 4020 3321 4086 dicentes,
3347 4020 3494 4092 quod
3517 4020 3670 4075 vobis

2076 4115 2307 4180 repente
2336 4107 2580 4163 accidit?
2612 4124 2721 4178 quo
2738 4112 2897 4178 pacto
2924 4108 3030 4162 hoc
3052 4108 3262 4163 factum
3291 4115 3380 4163 est
3398 4107 3423 4162 Ῠ
3442 4109 3532 4165 Illi
3564 4126 3666 4164 au-

2075 4201 2189 4250 tem
2220 4196 2483 4250 dixerunt
2501 4211 2562 4249 se
2588 4195 2823 4260 nescire,
2847 4194 2956 4248 nisi
2986 4195 3134 4265 quod
3162 4195 3338 4250 virum
3387 4194 3670 4251 habebant

2076 4291 2417 4356 suspectum,
2438 4284 2684 4338 dicentes
2696 4284 3127 4354 oportereillum
3143 4283 3383 4357 placare.
3401 4284 3512 4338 Alii
3538 4301 3668 4339 vero

397 4375 658 4430 habentis
680 4378 854 4431 (Licia:
881 4378 1007 4446 LIV).
1040 4376 1185 4431 Nam
1212 4377 1505 4448 impletum
1535 4376 1760 4447 quidem
1780 4381 1869 4430 est
1888 4375 1992 4430 hoc
2072 4374 2427 4430 testabantur
2450 4388 2510 4427 se
2527 4388 2658 4427 eum
2678 4371 2881 4426 vidisse
2902 4377 3336 4457 praetereuntem
3362 4391 3375 4440 ;
3400 4378 3457 4426 et
3476 4372 3555 4426 sic
3575 4389 3667 4426 ro-

398 4464 685 4536 eloquium
708 4466 1094 4537 propheticum
1131 4482 1197 4522 ex
1227 4466 1473 4521 Ecclesia
1501 4482 1624 4538 quae
1651 4471 1991 4537 congregata
2015 4468 2286 4549 Dgarunt
2307 4478 2402 4517 eos
2412 4467 2478 4516 ut
2496 4461 2578 4516 eis
2596 4461 2706 4515 cito
2734 4461 2967 4515 daretur
2988 4460 3256 4517 auxilium
3277 4479 3288 4514 :
3308 4460 3562 4516 adductis
3576 4460 3670 4516 bo-

400 4559 489 4609 est
509 4571 573 4608 ex
591 4554 852 4625 gentibus
876 4572 887 4608 :
924 4555 1232 4627 perfectum
1261 4562 1350 4611 est
1375 4561 1566 4611 autem
1602 4555 1661 4609 in
1690 4556 1795 4611 hac
1823 4555 1997 4609 etiam

400 4643 732 4715 Egyptiaca
758 4644 1080 4711 solitudine,
1107 4628 1230 4717 qua;
1245 4647 1433 4717 plures
1450 4646 1592 4699 ﬁlios
1612 4646 1727 4700 Deo
1752 4644 1993 4711 exhibet,

404 4748 573 4803 quam
586 4738 740 4788 terra
753 4751 875 4805 quae
890 4740 978 4789 est
990 4735 1375 4793 habitata.Ubi
1387 4736 1535 4790 enim
1550 4740 1684 4790 sunt
1696 4735 1753 4789 in
1766 4733 1998 4789 urbibus

399 4827 702 4893 totgreges
715 4839 913 4878 eorum
932 4824 1030 4895 qui
1048 4825 1187 4879 salvi
1216 4826 1377 4891 ﬁunt,
1409 4831 1546 4895 quot
1573 4825 1689 4879 Deo
1737 4823 2001 4878 exhibent

405 4927 529 4982 quin
550 4917 683 4966 sunt
704 4912 763 4966 in
781 4912 1022 4985 Egypto
1042 4913 1373 4969 solitudines
1388 4914 1572 4978 7Quot
1588 4919 1722 4969 sunt
1739 4915 1891 4969 enim
1909 4914 1999 4967 hic

403 5001 615 5072 populi,
636 5006 723 5056 tot
747 5007 882 5057 sunt
908 5003 1023 5057 illic
1050 5003 1110 5058 in
1146 5004 1387 5059 desertis
1413 5004 1691 5059 monachi.
1743 5005 1822 5059 Ac
1862 5003 1999 5057 mihi

403 5088 626 5145 videtur
652 5090 864 5146 dictum
893 5092 1165 5164 Apostoli,
1199 5094 1455 5149 etiamin
1491 5093 1628 5165 ipsis
1658 5109 1781 5148 esse
1799 5093 2000 5164 imple-

402 5182 556 5232 tum:
578 5178 683 5233 Ubi
703 5180 854 5234 enim
875 5180 1180 5236 abundavit
1199 5188 1510 5253 peccatum,
1527 5182 2003 5254 superabundavit

404 5271 466 5321 et
483 5268 669 5338 gratia
699 5271 873 5336 (Rom.
919 5271 997 5341 ν).
1059 5270 1383 5327 Abundavit
1423 5272 1571 5327 enim
1619 5272 1903 5343 quondam
1941 5270 2000 5325 in

406 5356 647 5428 Egypto
677 5358 889 5414 multus
915 5365 973 5414 et
1000 5359 1207 5432 impius
1236 5359 1514 5416 idolorum
1539 5360 1741 5425 cultus,
1771 5359 1911 5414 adeo
1937 5366 2003 5413 ut

407 5444 468 5499 in
494 5446 651 5500 nulla
674 5453 844 5517 gente
871 5449 1052 5520 magis
1071 5469 1084 5517 ;
1102 5465 1273 5505 canes
1289 5448 1440 5505 enim
1467 5455 1523 5504 et
1552 5450 1746 5505 simias
1772 5449 2001 5521 quidam

407 5534 700 5603 colebant;
735 5536 832 5591 alii
849 5538 984 5593 allia
1003 5543 1063 5594 et
1091 5556 1276 5612 caepe;
1310 5544 1368 5594 et
1394 5554 1461 5593 ex
1510 5538 1712 5594 vilibus
1758 5538 2003 5593 oleribus

409 5623 596 5684 multa
608 5624 747 5682 deos
757 5625 1170 5697 existimabant,
1198 5635 1264 5684 ut
1286 5627 1473 5701 ipsum
1500 5633 1760 5687 sanctum
1778 5628 2004 5685 Patrem

2079 4552 2183 4608 bus
2206 4551 2391 4608 conati
2409 4556 2542 4607 sunt
2567 4567 2790 4605 movere
2819 4550 3181 4605 simulacrum
3205 4569 3218 4617 ;
3266 4550 3322 4605 id
3352 4555 3540 4606 autem
3554 4567 3669 4605 ma-

2080 4642 2251 4698 nebat
2276 4648 2547 4713 tanquam
2594 4639 2880 4695 immobile
2923 4657 3051 4695 cum
3079 4640 3215 4711 ipsis
3265 4639 3666 4695 sacerdotibus.

2080 4734 2221 4788 Cum
2251 4732 2464 4786 nullam
2494 4747 2627 4802 ergo
2667 4729 2937 4785 evadendi
2975 4729 3250 4785 rationem
3302 4728 3664 4794 invenissent,

2080 4822 2356 4877 miserunt
2406 4836 2508 4892 per
2525 4819 2741 4874 accolas
2768 4818 3109 4889 legationem
3118 4818 3190 4873 ad
3199 4818 3418 4888 Apollo,
3434 4824 3499 4873 ut
3515 4817 3670 4873 illine

2080 4911 2302 4966 liberati
2323 4911 2393 4964 ab
2405 4926 2593 4964 errore
2607 4909 2949 4964 recederent.
2970 4907 3073 4962 His
3093 4912 3282 4962 autem
3293 4907 3490 4978 Apollo
3502 4907 3673 4980 signi-

2084 5001 2279 5066 ﬁcatis,
2302 4999 2592 5054 celerrime
2611 4996 2901 5053 descendit
2920 4997 3087 5051 homo
3105 4996 3206 5051 Dei
3232 5014 3244 5063 ;
3274 5001 3332 5051 et
3356 5012 3483 5053 cum
3513 5014 3671 5055 oras-

2082 5096 2187 5155 set,
2220 5105 2415 5143 omnes
2441 5088 2607 5143 solvit
2633 5104 2667 5141 a
2693 5085 2931 5140 vinculo.
2971 5084 3043 5139 Hi
3079 5089 3267 5140 autem
3317 5101 3511 5142 omnes
3559 5104 3671 5143 uno

2082 5178 2273 5233 animo
2291 5177 2360 5231 ad
2378 5177 2561 5248 ipsum
2583 5173 3404 5247 processerunt,runiversorum
3420 5176 3674 5233 Servato-

2082 5268 2130 5321 ri
2154 5267 2461 5333 credentes,
2493 5270 2551 5319 et
2569 5266 2683 5320 Deo
2699 5264 2793 5335 qui
2818 5263 2950 5318 facit
2969 5263 3345 5332 admirabilia,
3376 5265 3524 5320 idolo
3540 5281 3671 5338 pro—

2081 5357 2235 5411 tinus
2258 5355 2375 5426 igni
2397 5354 2680 5409 mandato.
2705 5353 2866 5418 Quod
2889 5369 3083 5407 omnes
3102 5352 3672 5411 catechesiinstituws

2084 5445 2293 5517 adjecit
2319 5443 2585 5499 ecclesiis.
2616 5442 2778 5499 Multi
2803 5447 2994 5497 autem
3030 5460 3096 5498 ex
3124 5442 3213 5498 his
3242 5443 3300 5497 in
3337 5440 3673 5497 hodiernum

2083 5551 2263 5607 usque
2281 5534 2431 5589 diem
2450 5532 2665 5604 degunt
2692 5532 2751 5587 in
2766 5531 3143 5588 monasteriis.
3173 5531 3356 5601 Hiu'us
3382 5534 3572 5586 autem
3591 5530 3675 5587 rei

2084 5626 2237 5682 fama
2258 5622 2504 5697 pervasit
2530 5622 2592 5678 in
2609 5637 2803 5679 omnes
2821 5628 3030 5695 partes,
3056 5625 3115 5679 et
3138 5618 3304 5678 multi
3316 5618 3676 5678 crediderunt
