4008 6210
391 333 520 395 1159

1457 313 1551 370 DE
1589 310 1781 369 VITIS
1818 298 2117 363 PATRUM
2154 299 2371 358 LIBER
2403 299 2555 356 VIII.

3526 294 3670 355 1160

391 463 450 518 in
475 459 778 518 Dominum
803 473 815 523 ;
847 452 987 507 adeo
1015 453 1081 503 ut
1099 444 1285 501 nullus
1304 439 1545 515 amplius
1560 436 1786 510 gentilis
1806 432 2049 492 nomi-A
2067 409 2424 494 miraculum,
2457 430 2514 481 et
2542 427 2805 480 eventum
2834 425 2958 495 ejus
2985 422 3135 494 quod
3180 421 3418 487 dixerat,
3465 436 3669 478 omnes

394 557 562 607 netur
589 549 647 604 in
678 547 800 617 ejus
828 538 1050 597 finibus.

463 641 587 695 Non
610 614 786 692 multo
816 635 943 704 post
961 632 1149 683 autem
1172 627 1445 694 tempore,
1467 620 1579 675 duo
1598 615 1726 690 pagi
1741 614 1888 670 inter
1925 627 1985 667 se

395 730 603 785 bellum
624 722 902 795 incipiunt
919 715 1289 778 committere,
1312 728 1413 784 pro
1442 708 1593 780 agris
1612 707 1982 762 decertantes.

394 821 699 888 Postquam
720 789 909 867 autem
929 812 1017 863 est
1034 804 1232 877 Apollo
1259 798 1667 863 renuntiatum,
1697 792 1890 849 statim
1914 789 1987 844 ad

396 924 490 962 eos
515 902 824 967 descendit,
869 899 1018 953 inter
1057 911 1152 949 eos
1192 906 1389 964 pacem
1418 885 1835 943 conciliaturus.
1880 879 1987 944 Qui

397 999 560 1051 erant
583 998 772 1048 autem
794 1006 859 1044 ex
875 991 1036 1059 parte
1058 984 1294 1038 adversa
1309 995 1422 1034 non
1438 974 1729 1049 parebant,
1743 971 1841 1026 sed
1861 985 1991 1024 con-

394 1082 765 1153 tradicebant,
796 1056 926 1132 freti
952 1090 1066 1130 uno
1088 1073 1370 1127 latronum
1391 1064 1663 1139 principe,
1696 1067 1759 1117 ut
1779 1060 1897 1113 viro
1918 1056 1989 1111 ad

396 1174 605 1229 bellum
623 1148 1251 1243 praestantissimoCum
1269 1174 1396 1212 eum
1410 1170 1543 1225 ergo
1554 1152 1751 1224 Apollo
1763 1148 1990 1203 vidisset

395 1252 1048 1321 contradicentem,dixit
1077 1249 1129 1304 ei
1158 1266 1170 1302 :
1207 1246 1266 1302 Si
1295 1242 1569 1317 parueris,
1610 1258 1642 1295 ο
1674 1238 1870 1303 amice,
1895 1252 1989 1289 ro-

393 1351 539 1424 gabo
564 1346 866 1405 Dominum
896 1356 1107 1405 meum,
1139 1342 1204 1392 ut
1231 1341 1331 1390 tua
1347 1343 1577 1405 peccata
1605 1327 1986 1384 remittantur.

398 1442 454 1497 Is
480 1443 669 1494 autem
690 1434 785 1491 ubi
809 1434 915 1488 hoc
934 1427 1168 1494 audivit,
1184 1441 1298 1480 non
1315 1425 1628 1485 cunctatus,
1655 1415 1888 1488 abjectis
1904 1430 1992 1468 ar-

398 1530 527 1597 mis,
559 1528 682 1599 ejus
727 1521 964 1595 genibus
1010 1516 1304 1573 advolutus
1349 1508 1719 1582 supplicavit:
1762 1510 1819 1560 et
1854 1520 1991 1575 pace

397 1620 546 1674 facta
573 1617 695 1687 ejus
715 1608 1130 1673 intercessione,
1162 1620 1293 1659 suos
1348 1599 1565 1656 remisit
1614 1597 1681 1652 ad
1742 1592 1986 1667 propria.

398 1710 540 1764 Cum
566 1704 604 1760 ii
629 1708 819 1759 autem
844 1714 1039 1772 pacem
1068 1695 1333 1766 egissent,
1362 1695 1418 1745 et
1436 1687 1724 1752 abiissent,
1757 1681 1991 1753 insignis

2070 517 2354 574 Servatori
2383 515 2674 571 credentes
2702 531 2831 570 eum
2858 511 3241 585 prmdicabant
3269 512 3627 584 prephetam.

2138 608 2274 662 Erat
2295 611 2486 661 autem
2513 604 2698 660 adhuc
2725 608 2894 658 antea
2917 602 2973 657 in
3005 602 3212 657 montis
3235 602 3504 673 spelunca
3531 618 3670 656 san-

2066 702 2191 752 ctus
2213 696 2433 768 Apollo,
2455 712 2582 750 cum
2603 693 2850 766 quinque
2876 691 3001 748 aliis
3027 690 3315 757 fratribus,
3349 691 3449 763 qui
3495 691 3672 763 primi

2067 785 2295 841 fuerunt
2315 786 2438 857 ejus
2467 783 2742 856 discipuli,
2763 799 2889 837 cum
2920 787 3175 837 recenter
3194 781 3436 836 venisset
3467 798 3499 835 e
3531 780 3673 835 soli-

2068 876 2288 930 tudine.
2327 876 2468 929 Cum
2496 879 2683 928 autem
2704 870 3192 926 adventassetdies
3212 869 3388 926 festus
3415 870 3671 935 Pascha,

2073 971 2131 1020 et
2160 964 2263 1019 Dei
2287 964 2502 1019 cultum
2528 963 2878 1035 implessent,
2925 966 3089 1015 erant
3114 961 3264 1015 esuri
3280 977 3349 1015 ea
3363 976 3488 1032 quae
3513 959 3673 1014 inve—

2071 1054 2412 1108 niebantur:
2439 1058 2601 1107 erant
2619 1056 2806 1106 autem
2823 1050 3040 1122 aliquot
3073 1049 3204 1104 sicci
3233 1066 3430 1122 panes,
3453 1055 3677 1121 etquo:-

2072 1143 2204 1198 dam
2234 1143 2389 1197 olera
2417 1141 2683 1215 reposita.
2717 1140 2811 1196 Eis
2843 1144 3037 1194 autem
3068 1138 3210 1194 dixit
3234 1138 3465 1211 Apollo:
3499 1138 3562 1194 Si
3575 1155 3676 1194 su-

2071 1248 2199 1287 mus
2224 1232 2436 1299 ﬁdeles,
2465 1249 2498 1286 o
2523 1230 2646 1297 ﬁlii,
2669 1234 2728 1285 et
2765 1228 3022 1301 germani
3073 1228 3283 1283 Christi
3337 1228 3461 1295 ﬁlii,
3516 1233 3681 1300 petat

2072 1321 2457 1393 unusquisque
2472 1326 2721 1375 vestrum
2744 1335 2781 1373 a
2806 1320 2921 1374 Deo
2950 1317 3008 1372 id
3033 1317 3183 1390 quod
3203 1318 3328 1388 ejus
3342 1316 3533 1372 animo
3543 1333 3677 1388 gra-

2070 1416 2196 1465 tum
2225 1415 2312 1465 est
2340 1410 2411 1464 ad
2432 1408 2788 1464 vescendum.
2816 1407 2905 1463 Illi
2930 1423 3063 1462 vero
3094 1411 3153 1461 et
3175 1406 3501 1462 universum
3529 1423 3675 1477 per—

2071 1500 2368 1567 miserunt,
2392 1498 2777 1554 existimantes
2805 1513 2865 1552 se
2893 1513 3016 1551 esse
3045 1495 3307 1567 indignos
3331 1494 3433 1550 tali
3459 1494 3671 1567 gratia.

2074 1590 2215 1643 Cum
2243 1588 2370 1643 laeto
2399 1593 2590 1642 autem
2618 1587 2776 1642 vultu
2813 1590 3049 1649 orasset,
3076 1590 3135 1639 et
3154 1601 3350 1640 omnes
3398 1583 3675 1639 dixissent

2071 1679 2269 1743 Amen,
2288 1677 2544 1749 protinus
2558 1681 2728 1731 noctu
2738 1679 3014 1731 venerunt
3024 1674 3081 1729 in
3095 1673 3419 1746 speluncam
3437 1673 3672 1745 quidam

399 1813 592 1853 eorum
620 1754 1022 1866 prepugnator,
1057 1754 1253 1857 Apollo
1283 1754 1353 1836 de
1377 1783 1576 1834 caetero
1629 1771 1988 1844 sequebatur,
2011 1754 2176 1821 Bviri
2205 1767 2429 1839 penitus
2453 1765 2742 1838 incogniti,
2783 1764 2878 1837 qui
2905 1763 3165 1819 dicebant
3189 1779 3250 1818 se
3278 1763 3470 1818 venire
3492 1780 3530 1818 a
3549 1762 3671 1819 lon-

396 1884 735 1958 promissum
763 1883 955 1952 aperte
984 1873 1228 1946 exigens.
1262 1872 1441 1935 Quem
1458 1861 1994 1934 cumassumpsisset

400 1949 599 2030 beatus
612 1949 818 2043 Apollo
840 1968 899 2023 in
922 1964 1237 2038 prepinqua
1262 1957 1581 2018 solitudine.
1614 1949 1909 2009 admonuit
1935 1953 1994 2003 et

399 2039 770 2119 hortatus—est
795 2063 860 2113 ut
886 2053 1125 2128 patienti
1155 2055 1213 2106 et
1256 2045 1536 2104 constanti
1579 2047 1728 2099 esset
1780 2039 1989 2103 animo,

400 2160 563 2226 posse
588 2150 737 2207 enim
748 2149 927 2204 Deum
954 2144 1005 2198 ei
1027 2142 1361 2198 condonare.
1392 2134 1499 2191 Ubi
1528 2138 1717 2188 autem
1758 2145 1867 2184 nox
1892 2126 1993 2181 ad-

400 2243 574 2307 venit,
605 2239 769 2295 ambo
798 2236 1060 2291 viderunt
1071 2231 1129 2286 in
1149 2228 1361 2285 somnis
1384 2242 1444 2281 se
1464 2228 1649 2279 astare
1666 2224 1798 2275 ante
1821 2215 1994 2273 tribu-

403 2333 497 2388 nal
508 2306 717 2387 Christi
737 2347 749 2383 :
776 2325 1003 2397 utrique
1016 2326 1203 2377 autem
1223 2322 1441 2373 contem
1448 2311 1749 2386 plabantur
1763 2306 1995 2378 angelos

400 2422 708 2478 Deumuna
736 2432 866 2472 cum
889 2396 1060 2485 justis
1102 2409 1422 2465 adorantes.
1457 2404 1711 2472 Cumque
1742 2396 1849 2470 ipsi
1880 2410 1994 2451 una

401 2528 529 2568 cum
567 2509 649 2565 eis
679 2502 1124 2579 procubuissent,
1140 2499 1365 2553 Patrem
1380 2493 1786 2548 adoraverunt:
1811 2490 1870 2541 et
1893 2501 1999 2539 vox

402 2603 474 2657 ad
496 2617 591 2656 eos
617 2572 980 2652 factaestDei
995 2586 1267 2644 dicentis:
1308 2584 1443 2649 Quae
1484 2585 1570 2635 est
1604 2578 1842 2633 societas
1884 2572 1995 2629 luci

403 2706 530 2746 cum
546 2681 834 2743 tenebris?
864 2685 964 2735 aut
984 2694 1106 2750 quae
1135 2692 1265 2748 pars
1290 2679 1376 2729 est
1404 2670 1583 2726 fidelis
1616 2683 1745 2723 cum
1781 2661 1996 2719 inﬁdeli

405 2782 486 2847 (ΙΙ
508 2778 630 2833 Cor.
658 2775 722 2841 ll)
740 2772 765 2825 ?
786 2768 931 2835 Quid
950 2782 1079 2821 vero
1102 2768 1216 2819 stat
1233 2777 1360 2816 cum
1376 2761 1530 2831 justo
1549 2754 1850 2819 homicida,
1867 2767 1997 2806 cum

403 2841 478 2923 sit
504 2864 767 2934 indignus
793 2857 897 2914 tali
916 2848 1428 2925 contemplatione?
1458 2849 1544 2903 Tu
1571 2850 1759 2900 autem
1803 2841 1917 2907 abi,
1959 2856 1993 2895 o

2070 1856 2286 1927 ginqua
2314 1856 2543 1927 regione
2567 1874 2581 1920 ;
2615 1860 2673 1909 et
2690 1854 2879 1909 omnia
2895 1852 3169 1920 ferebant,
3186 1868 3255 1907 ea
3273 1852 3443 1907 etiam
3456 1852 3526 1907 de
3542 1852 3672 1924 qui-

2075 1945 2177 2001 bus
2198 1962 2267 2000 ne
2289 1945 2576 2000 auditione
2608 1944 2837 2016 quidem
2863 1948 3196 2014 acceperant
3215 1947 3273 1996 et
3290 1958 3413 2014 quae
3442 1958 3557 1997 non
3568 1959 3672 1996 na-

2075 2040 2311 2090 scuntur
2338 2035 2399 2090 in
2446 2035 2708 2106 IEgypto,
2753 2032 2905 2088 horti
2943 2032 3159 2087 fructus
3198 2031 3383 2086 omnis
3424 2031 3672 2102 generis,

2074 2142 2210 2182 uvas
2231 2130 2288 2180 et
2313 2125 2463 2179 mala
2480 2124 2703 2196 punica,
2732 2127 2790 2178 et
2801 2123 2940 2177 ﬁcus
2960 2125 3018 2176 et
3043 2138 3235 2189 nuces,
3269 2121 3458 2175 omnia
3473 2121 3678 2176 intem-

2074 2214 2286 2286 pestive
2316 2232 2326 2267 :
2362 2213 2499 2285 quin
2528 2212 2697 2268 etiam
2729 2211 3001 2283 quosdam
3022 2210 3280 2265 inventos
3295 2209 3479 2265 mellis
3497 2209 3671 2275 favos,

2076 2310 2134 2359 et
2162 2320 2364 2359 urnam
2388 2302 2631 2357 recentis
2658 2301 2838 2367 lactis,
2885 2305 2943 2355 et
2990 2300 3236 2355 nicolaos
3283 2300 3578 2365 maximos,
3621 2305 3679 2354 et

2076 2410 2252 2466 panes
2269 2392 2508 2448 mundos
2538 2397 2596 2447 et
2616 2391 2824 2447 calidos
2858 2387 3008 2463 (101}
3026 2407 3058 2444 e
3086 2389 3317 2459 regione
3345 2395 3596 2444 externa.
3631 2389 3678 2444 Ii

2079 2488 2269 2538 autem
2294 2482 2391 2554 qui
2417 2498 2486 2537 ea
2515 2481 2842 2546 attulerant,
2874 2495 3000 2534 cum
3029 2478 3381 2534 solummodo
3408 2478 3679 2533 tradidis-

2079 2578 2224 2640 sent,
2252 2577 2522 2643 tanquam
2535 2569 2692 2625 missi
2708 2587 2743 2625 a
2757 2569 2875 2624 viro
2890 2584 3096 2639 magno
3123 2573 3183 2622 et
3203 2567 3393 2634 divite,
3420 2567 3680 2639 protinus

2078 2678 2316 2733 propere
2344 2664 2724 2717 recesserunt.
2766 2660 2908 2714 Cum
2931 2663 3121 2712 autem
3151 2673 3277 2728 quae
3317 2661 3483 2711 erant
3517 2672 3678 2711 escu-

2077 2752 2231 2806 lenta
2261 2750 2662 2823 percepissent,
2684 2765 2753 2803 ea
2775 2747 2885 2802 illis
2903 2747 3243 2802 suffecerunt
3253 2762 3430 2817 usque
3444 2745 3518 2800 ad
3536 2746 3683 2800 Pen-

2077 2845 2357 2907 tecosten;
2389 2839 2528 2894 adeo
2541 2844 2606 2893 ut
2623 2836 2731 2911 ipsi
2753 2853 2976 2909 quoque
3020 2835 3384 2902 mirarentur,
3426 2840 3488 2890 et
3522 2834 3678 2889 dice-

402 2957 591 3019 homo,
635 2950 735 3006 tibi
757 2948 1307 3007 enimestconcessus
1334 2936 1594 2993 hictarde
1606 2938 1771 2989 natus
1801 2929 1993 3003 perfu-
2074 2934 2204 2984 rent
2230 2928 2401 2984 fuisse
2432 2928 2500 2983 ea
2525 2944 2656 2983 vere
2682 2944 2718 2982 a
2744 2927 2860 2981 Deo
2891 2924 3086 2981 missa.

402 3062 494 3117 ga.
521 3012 628 3108 Qui
648 3056 773 3096 cum
788 3037 900 3093 alia
927 3035 1105 3090 multa
1125 3031 1393 3085 vidissent
1415 3033 1472 3082 et
1492 3024 1801 3080 audiissent
1820 3018 1996 3074 admi-
2147 3018 2388 3083 Quidam
2398 3023 2592 3073 autem
2607 3033 2675 3071 ex
2693 3014 2983 3070 monachis
2998 3012 3239 3085 rogabat
3248 3013 3477 3068 Patrem
3488 3016 3555 3067 ut
3566 3016 3682 3067 sta-

404 3101 621 3199 ijabilia,
643 3147 765 3203 quze
785 3142 967 3197 neque
987 3123 1161 3179 audet
1188 3118 1367 3175 oratio
1388 3116 1591 3179 dicere,
1619 3127 1801 3182 neque
1840 3106 1994 3163 auris
2017 3116 2059 3176 ο
2076 3107 2181 3161 tim
2212 3108 2392 3162 Deum
2421 3123 2523 3178 pro
2552 3106 2673 3178 ipso
2692 3110 2897 3171 oraret,
2927 3108 2992 3158 ut
3013 3102 3257 3174 gratiam
3278 3101 3529 3173 aliquam
3544 3118 3680 3156 con-

403 3223 618 3290 audire,
640 3218 868 3275 excitati
888 3210 1297 3270 annuntiarunt
1325 3206 1392 3261 iis
1406 3204 1503 3277 qui
1523 3219 1652 3258 cum
1673 3200 1753 3271 eis
1772 3214 1996 3254 conver—
2077 3196 2580 3268 sequeretur.Cum
2592 3194 2712 3267 ipse
2724 3199 2915 3249 autem
2930 3191 3223 3259 orasset,ei
3233 3189 3477 3245 dabatur
3490 3190 3681 3262 gratia

402 3314 693 3371 sabantur.
717 3309 926 3364 Omnes
954 3307 1145 3359 autem
1173 3297 1419 3353 maxima
1449 3291 1654 3348 invasit
1671 3286 1991 3353 admiratio,
2075 3284 2412 3341 humilitatis
2423 3282 2956 3350 etmansuetudinis,
2970 3281 3112 3336 adeo
3127 3285 3192 3336 ut
3208 3280 3681 3335 mirarenturom-

403 3406 654 3473 utrisque
674 3412 846 3454 unam
871 3389 1232 3448 narrantibus
1253 3385 1543 3440 visionem.
1568 3376 1887 3434 Permansit
1901 3391 1998 3429 au-
2077 3393 2176 3432 nes
2197 3392 2326 3431 eum
2348 3392 2471 3431 esse
2486 3379 2605 3430 tam
2625 3378 3002 3429 mansuetum.
3017 3372 3133 3426 Has
3145 3375 3336 3426 autem
3357 3371 3484 3441 ejus
3502 3370 3682 3425 virtu-

403 3499 521 3548 tem
565 3505 695 3545 cum
729 3478 1207 3544 exercitatoribus,
1247 3476 1295 3530 is
1326 3472 1421 3545 qui
1460 3487 1574 3526 non
1602 3473 1727 3524 erat
1754 3465 1997 3537 amplius
2077 3472 2163 3522 tes
2190 3469 2496 3521 narrarunt
2523 3462 2685 3519 nobis
2704 3462 2803 3534 qui
2821 3478 2947 3517 cum
2960 3462 3083 3533 ipso
3121 3466 3286 3516 erant
3301 3459 3529 3527 fratres,
3560 3460 3682 3514 haec

401 3578 703 3644 homicida,
727 3588 907 3645 usque
925 3570 998 3625 ad
1020 3572 1257 3623 mortem
1298 3562 1470 3618 vitam
1500 3574 1663 3614 suam
1686 3555 1993 3626 corrigens,
2081 3554 2275 3610 multis
2295 3570 2518 3627 quoque
2528 3551 2926 3608 attestantibus
2947 3549 3232 3605 fratribus.

402 3686 470 3725 ex
496 3670 629 3739 lupo
644 3638 701 3720 in
722 3638 1031 3733 simplicem
1052 3662 1109 3712 et
1122 3655 1479 3710 innocentem
1496 3663 1703 3739 agnum
1722 3647 1993 3739 mutatus.
2152 3644 2375 3699 Etenim
2405 3660 2535 3699 cum
2563 3659 2677 3698 non
2704 3641 2885 3696 multo
2899 3644 3032 3695 ante
3059 3645 3314 3711 tempore
3342 3640 3543 3695 fuisset
3569 3638 3675 3695 ali-

402 3761 469 3816 In
496 3728 577 3812 eo.
593 3768 814 3827 quoque
831 3728 1066 3820 impleta
1095 3748 1181 3799 est
1197 3741 1355 3798 Isaiae
1383 3736 1700 3827 prophetia
1721 3731 1957 3827 dicentis
2082 3733 2306 3806 quando
2331 3732 2508 3788 fames
2526 3731 2589 3787 in
2611 3729 2913 3797 Thebaide,
2942 3729 3040 3801 qui
3068 3734 3343 3785 autemea
3368 3728 3496 3784 loca
3518 3745 3676 3785 acco-

404 3846 547 3918 Lupi
570 3817 630 3899 et
654 3817 785 3913 agni
816 3817 986 3895 simul
1012 3835 1333 3906 pascentur,
1353 3833 1448 3918 et
1460 3827 1546 3880 leo
1596 3830 1653 3918 et
1830 3820 1999 3876 simul
2080 3822 2274 3877 lebant
2299 3821 2492 3893 populi
2506 3820 2799 3876 audissent
2823 3818 2973 3890 quod
3002 3818 3099 3890 qui
3145 3822 3310 3872 erant
3346 3817 3501 3889 apud
3546 3833 3676 3871 eum

404 3905 900 4002 corhedentvpaleas
930 3905 1104 3992 (Isaias
1131 3922 1286 3988 va).
1304 3915 1533 3973 Lieebat
1551 3913 1702 3969 enim
1714 3911 1828 3993 illic
1857 3926 1997 3982 quo-
2080 3910 2339 3965 monachi
2352 3915 2561 3983 praeter
2587 3924 2743 3981 spem
2759 3923 2982 3963 omnem
3001 3912 3059 3962 et
3076 3906 3403 3978 opinionem
3425 3905 3675 3977 quotidie

403 4040 514 4097 que
541 4021 730 4076 videre
748 4014 1038 4084 Ethiopes
1065 4026 1196 4065 cum
1225 4003 1513 4062 monachis
1554 4019 1614 4058 se
1649 4004 1988 4066 exercentes,
2075 4000 2385 4065 alerentur,
2412 4014 2527 4054 uno
2557 3997 2745 4052 animo
2773 3995 2924 4068 apud
2950 3995 3136 4067 ipsum
3168 3998 3525 4049 accesserant
3549 4008 3677 4047 cum

403 4083 462 4171 et
492 4111 698 4168 multos
725 4083 1025 4161 virtutibus
1068 4100 1418 4171 superantes.
1450 4098 1509 4148 et
1553 4090 1902 4163 Scripturam
1932 4088 1993 4164 in
2071 4087 2338 4144 uxoribus
2363 4093 2421 4143 et
2447 4086 2658 4153 liberis,
2675 4084 2844 4140 simul
2859 4083 3305 4140 benedictionem
3333 4087 3592 4154 petentes
3612 4086 3670 4136 et

402 4170 484 4260 eis
497 4200 809 4273 impletam,
831 4184 1439 4266 quaedicitzzEthiopia
1451 4180 1993 4255 praevenietmanum
2074 4178 2425 4233 alimentum.
2456 4176 2511 4232 Is
2537 4180 2729 4232 autem
2759 4174 2900 4229 nihil
2927 4173 3155 4240 veritus,
3186 4188 3259 4227 ne
3285 4170 3444 4226 cibus
3480 4171 3536 4226 ei
3563 4170 3671 4225 ali-

403 4294 527 4366 ejus
554 4290 671 4346 Deo
702 4287 865 4356 (Psal.
893 4278 1085 4348 vau).

2075 4267 2299 4339 quando
2315 4267 2552 4332 deesset,
2573 4263 2747 4320 dabat
2772 4262 3031 4320 omnibus
3049 4260 3421 4327 venientibus,
3446 4259 3670 4316 unicui-

472 4348 788 4451 Aliquando
815 4376 1009 4428 autem
1046 4363 1410 4423 decertabant
1448 4359 1687 4451 gentiles
1727 4356 1993 4411 adversus
2010 4433 2058 4451 ﬂ
2075 4372 2183 4428 que
2212 4356 2363 4428 quod
2387 4355 2446 4412 in
2477 4355 2627 4411 diem
2654 4354 2954 4410 sufficeret.
2987 4350 3217 4407 Relictis
3265 4356 3460 4406 autem
3487 4348 3668 4404 tribus

404 4433 752 4527 Christianos
778 4460 1017 4519 rusticos
1054 4473 1157 4529 pro
1188 4455 1305 4509 suis
1350 4450 1552 4507 finibus
1578 4467 1590 4502 :
1644 4450 1768 4502 erat
1802 4433 2060 4499 autemD
2078 4445 2210 4501 solis
2245 4445 2467 4517 magnis
2492 4444 2699 4517 sportis
2724 4460 2853 4499 cum
2880 4440 3137 4515 panibus,
3172 4445 3232 4496 et,
3266 4439 3418 4494 fame
3451 4438 3669 4495 ίιιινειο-

406 4555 711 4617 multitudo
730 4558 1100 4620 utrorumque
1137 4548 1506 4602 armatorum,
1558 4536 1761 4610 quibus
1815 4532 1998 4589 astitit

405 4648 603 4721 Apollo
631 4657 824 4716 pacem
841 4641 990 4694 inter
1002 4652 1099 4690 eos
1126 4631 1448 4689 concilians.
1481 4626 1545 4683 Ei
1565 4631 1756 4681 autem
1786 4621 1996 4677 restitit

405 4711 703 4811 gentilium
727 4731 785 4787 in
813 4742 1004 4802 pugna
1028 4721 1447 4792 antesignanus,
1496 4714 1592 4787 qui
1621 4719 1743 4769 erat
1768 4711 1854 4766 vir
1868 4728 1998 4783 gra-

408 4827 489 4882 vis
512 4830 571 4881 et
582 4838 779 4882 savus;
794 4815 1110 4874 afﬁrmabat
1128 4817 1317 4867 autem
1350 4804 1702 4864 etdicebatse
1719 4818 1832 4858 non
1875 4818 1997 4857 esse

407 4916 670 4970 daturum
700 4924 891 4984 pacem
909 4920 1087 4978 usque
1107 4902 1179 4956 ad
1200 4904 1460 4955 mortem.
1484 4897 1539 4950 Is
1566 4899 1757 4948 autem
1776 4892 1828 4946 ei
1839 4890 1989 4946 dicit:

406 5007 591 5074 Atque
607 4982 746 5055 adeo
767 4997 868 5053 tibi
888 4997 989 5051 ﬁat
999 4992 1149 5065 quod
1168 4987 1406 5061 elegisti,
1423 4985 1611 5041 nullus
1622 4982 1772 5038 enim
1788 4986 1998 5053 praeter

408 5099 465 5149 te
493 5072 932 5146 occidetur.Tibi
960 5088 1149 5138 autem
1162 5083 1385 5135 mortuo
1413 5091 1526 5131 non
1558 5072 1668 5128 erit
1703 5076 1855 5126 terra
1904 5086 1994 5124 se—

409 5180 686 5254 pulcrum,
713 5178 889 5239 730
906 5172 1004 5228 sed
1027 5176 1249 5226 ventres
1274 5167 1519 5221 ferarum
1542 5167 1600 5217 et
1624 5161 1912 5216 vulturum
1938 5164 1995 5212 te

408 5248 813 5343 implebuntur.
843 5264 1026 5333 Atque
1053 5259 1193 5316 adeo
1221 5256 1402 5313 oratio
1448 5254 1703 5308 effectum
1740 5248 1996 5322 protinus

409 5337 510 5419 est—
523 5355 744 5423 sortita,
771 5368 901 5408 cum
930 5368 995 5406 ex
1025 5355 1265 5421 utraque
1294 5350 1454 5419 parte
1484 5342 1671 5397 nullus
1713 5339 1790 5394 sit
1816 5337 1995 5392 inter-

405 5454 584 5509 fectus
611 5450 816 5520 przeter
841 5439 1294 5511 antesignanum.
1327 5436 1508 5500 Quem
1550 5430 1721 5485 etiam
1757 5444 1887 5483 cum
1934 5427 1994 5482 in

406 5516 982 5599 arcuatumulassent,
1002 5544 1167 5585 mane
1175 5527 1510 5581 invenerunt
1518 5516 1770 5574 membra
1784 5516 1997 5572 laniata

406 5632 479 5695 ab
501 5628 718 5706 hysenis
739 5630 797 5686 et
818 5617 1150 5681 vulturibus.
1184 5612 1271 5673 Illi
1299 5616 1489 5668 autem
1552 5624 1680 5664 cum
1728 5605 1998 5662 vidissent

2077 4541 2287 4602 scente,
2313 4534 2477 4606 jubet
2497 4540 2717 4607 sportas
2739 4531 2928 4588 afferri
2954 4531 3014 4586 in
3039 4518 3309 4597 medium,
3361 4544 3505 4601 quas
3547 4528 3667 4600 ipso

2076 4625 2168 4680 die
2197 4628 2368 4681 erant
2388 4624 2539 4679 esuri
2571 4622 2866 4689 monachi;
2900 4624 2959 4675 et
2995 4617 3352 4674 audientibus
3407 4616 3669 4673 omnibus

2078 4712 2346 4769 fratribus
2375 4719 2433 4767 et
2461 4711 2652 4785 papuli
2680 4708 3059 4775 multitudine,
3089 4707 3232 4762 dixit
3249 4722 3459 4778 magna
3495 4722 3665 4761 voce:

2075 4804 2203 4860 Non
2231 4808 2431 4875 potens
2457 4805 2545 4855 est
2579 4815 2781 4855 manus
2819 4798 3042 4854 Domini
3071 4798 3188 4853 haec
3216 4794 3496 4868 implere?
3540 4796 3672 4852 Hec

2077 4898 2270 4947 autem
2297 4890 2433 4946 dicit
2449 4888 2690 4962 Spiritus
2711 4893 2970 4944 sanctus:
3000 4888 3126 4942 Non
3153 4886 3377 4941 deﬁciet
3394 4885 3557 4956 panis
3603 4902 3669 4939 ex

2077 4982 2166 5037 his
2192 4981 2418 5053 sportis,
2442 4980 2620 5035 donec
2647 4980 2788 5034 novo
2814 4977 3099 5032 frumento
3138 4974 3413 5030 fuerimus
3454 4973 3666 5028 satiati.

2076 5072 2147 5127 Et
2165 5071 2522 5126 afﬁrmarunt
2550 5084 2744 5124 omnes
2772 5066 2868 5139 qui
2905 5072 3040 5122 tunc
3074 5064 3311 5120 aderant
3362 5063 3446 5117 eis
3494 5079 3670 5136 panes

2076 5159 2358 5215 suffecisse
2386 5163 2630 5231 quatuor
2672 5172 2909 5212 menses.
2960 5153 3231 5211 Similiter
3273 5157 3465 5208 autem
3505 5158 3564 5207 et
3609 5153 3670 5206 in

2076 5250 2198 5304 oleo
2227 5254 2284 5304 et
2301 5248 2584 5304 frumento
2610 5265 2624 5316 ;
2655 5246 2796 5301 adeo
2824 5251 2890 5300 ut
2904 5244 3119 5300 veniret
3143 5248 3390 5308 satanas,
3421 5249 3481 5297 et
3508 5242 3563 5297 ei
3589 5241 3672 5296 di-

2075 5344 2256 5395 ceret:
2289 5339 2438 5395 Num
2466 5342 2531 5392 tu
2559 5353 2620 5392 es
2646 5335 2814 5402 Elias,
2844 5339 2946 5390 aut
2984 5333 3130 5388 alius
3163 5348 3232 5387 ex
3271 5331 3567 5404 prophetis
3612 5335 3671 5386 et

2076 5427 2363 5502 apostolis,
2391 5426 2540 5499 quod
2575 5426 2695 5480 haec
2739 5423 2953 5478 facias?
2986 5423 3041 5478 Is
3087 5426 3280 5477 autem
3321 5420 3465 5475 dixit
3514 5419 3664 5492 ipsi:

2077 5517 2224 5583 Quid
2241 5515 2428 5573 enim?
2449 5532 2563 5572 non
2583 5513 2837 5570 homines
2855 5510 3035 5567 sancti
3058 5511 3289 5567 fuerunt
3314 5509 3558 5582 apostoli
3609 5514 3667 5564 et

2076 5607 2384 5680 prophetae,
2418 5605 2515 5677 qui
2534 5605 2650 5662 haec
2666 5601 2829 5660 nobis
2846 5597 3247 5661 tradiderunt?
3264 5600 3355 5658 An
3381 5604 3521 5657 tunc
3547 5599 3667 5672 qui-
