4008 6210
263 330 402 394 1161

1527 329 1870 387 HISTORIA
1907 328 2282 386 LAUSIACA.

3407 349 3542 408 1162

263 463 395 516 dem
431 461 630 514 aderat
662 458 831 522 Deus,
867 473 1014 511 nunc
1047 459 1238 546 autem
1273 471 1506 546 peregre
1551 460 1639 511 est
1666 456 1855 529 profe-
1875 455 2005 517 Ain
2032 470 2294 511 sermone
2316 459 2578 528 gratiam,
2613 467 2670 516 et
2691 462 2938 536 reliquas
2965 467 3087 536 ejus
3116 469 3370 539 virtutes,
3399 489 3540 546 quas

261 549 428 605 ctus?
459 550 652 604 Potest
680 551 872 602 autem
903 546 1052 601 Deus
1082 545 1200 600 haec
1221 561 1444 617 semper
1467 545 1666 612 facere,
1698 551 1754 601 et
1782 549 1866 600 ni-
1945 550 2467 617 proptersummum
2480 549 2815 608 miraculum
2828 553 3541 635 siluimus,auditasutique

262 639 342 693 hil
389 638 499 693 erit
543 636 693 709 quod
726 636 846 707 ipse
890 651 1004 690 non
1054 635 1249 706 possit.
1301 635 1360 690 Si
1409 651 1541 706 ergo
1587 635 1738 690 Deus
1780 639 1867 689 est

262 727 466 793 bonus,
515 743 616 782 cur
651 729 715 780 tu
758 725 978 780 malus?
1008 724 1154 788 Quid
1200 741 1331 779 vero
1372 741 1484 778 non
1510 728 1733 796 oportet
1760 741 1864 779 nos

261 833 488 890 quoque
511 815 698 870 dicere
729 831 796 868 ea
816 831 938 886 quae
968 813 1228 880 vidimus,
1263 830 1464 884 nempe
1488 814 1637 884 quod
1664 813 1865 869 fratres

264 903 736 978 ingrediebantur
764 921 890 959 cum
911 902 1134 974 sportis,
1170 903 1241 957 ad
1271 919 1494 957 mensas
1523 919 1698 974 panes
1729 903 1866 957 affe-

266 1003 478 1061 rentes,
508 999 566 1049 et
595 1011 723 1050 cum
742 992 1103 1048 comederent
1128 991 1420 1063 quingenti
1448 992 1651 1046 fratres
1680 991 1750 1046 ad
1773 1008 1865 1046 sa-

267 1086 548 1148 tietatem,
585 1100 686 1138 eas
715 1098 911 1137 rursus
932 1082 1127 1153 plenas
1155 1080 1544 1152 accipiebant?

339 1172 509 1226 Aliud
530 1187 750 1243 quoque
767 1169 1120 1234 miraculum,
1147 1169 1295 1239 quod
1311 1168 1561 1223 videntes
1582 1169 1868 1241 obstupui-

270 1279 418 1326 mus,
455 1277 560 1332 par
583 1266 668 1314 est
697 1260 900 1314 dicere.
943 1259 1084 1313 Cum
1120 1258 1271 1312 enim
1299 1257 1369 1311 ad
1399 1274 1494 1312 eos
1523 1259 1867 1314 venissemus

273 1351 458 1423 spatio
484 1350 658 1404 trium
678 1348 918 1414 dierum,
958 1346 1166 1418 cogniti
1207 1363 1420 1410 sumus,
1475 1349 1669 1419 procul
1701 1348 1803 1402 visi
1834 1365 1870 1402 a

269 1439 558 1505 fratribus,
589 1438 684 1510 qui
709 1454 774 1491 ex
796 1453 862 1491 eo
891 1436 1188 1491 audierant
1210 1435 1279 1490 de
1299 1441 1493 1490 nostro
1522 1437 1592 1490 ad
1614 1453 1745 1492 eum
1774 1437 1870 1491 ad-

272 1533 472 1595 ventu;
497 1527 594 1599 qui
613 1527 840 1598 quidem
861 1542 1098 1597 propere
1119 1531 1480 1580 accurrentes
1509 1525 1672 1580 nobis
1703 1542 1868 1580 vene-

270 1623 408 1673 runt
437 1616 655 1671 obviam
685 1615 1004 1688 psallentes,
1039 1619 1126 1668 est
1145 1615 1293 1669 enim
1314 1615 1404 1669 hic
1425 1631 1546 1669 mos
1565 1615 1715 1686 apud
1743 1633 1868 1669 om-

272 1724 372 1764 nes
402 1706 724 1761 monachos.
750 1705 819 1758 Et
848 1720 975 1758 cum
1007 1703 1168 1775 proni
1202 1704 1259 1759 in
1285 1709 1496 1758 terram
1520 1705 1866 1770 adorassent,

1946 650 2014 687 ex
2034 634 2156 705 ipso
2182 641 2239 690 et
2267 653 2333 691 ex
2354 638 2518 692 aliis?

2020 723 2161 777 Cum
2185 729 2374 780 autem
2394 725 2464 781 de
2485 728 2880 787 exercitatione
2910 739 2967 790 et
2995 737 3121 792 vita:
3149 738 3410 798 instituto
3434 759 3539 798 no-

1950 808 2164 865 biscum
2197 830 2343 885 saepe
2363 831 2616 871 seorsum
2641 817 3016 890 disseruisset,
3041 843 3188 898 saepe
3208 829 3377 884 etiam
3402 831 3543 887 dixit

1951 899 2020 954 de
2048 901 2416 973 suscipiendis
2437 907 2743 975 monachis,
2773 912 2920 981 quod
2941 921 3162 984 oportet
3179 919 3413 975 adorare
3433 921 3540 976 fra-

1951 993 2066 1043 tres
2094 990 2454 1048 advenientes
2478 1012 2489 1048 :
2513 996 2639 1050 Non
2661 998 2811 1052 enim
2831 999 3002 1072 ipsos,
3021 1003 3223 1072 aiebat,
3248 1009 3344 1063 sed
3361 1010 3541 1065 Deum

1948 1078 2215 1133 adorasti.
2237 1080 2444 1136 Vidisti
2475 1083 2646 1150 enim,
2667 1085 2854 1157 inquit
2880 1089 3114 1146 fratrem
3136 1097 3541 1154 tuum?vidisti

1948 1168 2250 1224 Dominum
2281 1171 2461 1227 Deum
2508 1178 2700 1243 tuum;
2735 1181 2790 1230 et
2832 1179 2955 1234 hoc.
3007 1180 3211 1252 inquit,
3252 1184 3322 1238 ab
3360 1186 3540 1241 Abra-

1950 1257 2082 1311 ham
2130 1258 2446 1331 accepimus
2478 1263 2626 1333 (Gen.
2657 1269 2835 1334 XVII);
2870 1273 2928 1322 et
2959 1271 3108 1340 quod
3141 1280 3416 1344 oporteat,
3461 1279 3545 1333 in-

1952 1346 2092 1417 quit,
2117 1365 2521 1421 nonnunquam
2551 1370 2747 1424 cogere
2767 1355 2969 1411 fratres
2998 1359 3069 1413 ad
3101 1362 3479 1432 refectionem,
3512 1385 3548 1421 a

1952 1435 2059 1511 Lot
2086 1437 2420 1508 accepimus,
2461 1441 2558 1511 qui
2609 1443 2794 1513 coegit
2831 1446 3061 1516 angelos
3099 1449 3251 1518 (Gen.
3278 1457 3393 1522 xxx)
3429 1472 3443 1522 ;
3485 1461 3543 1510 et

1954 1525 2103 1595 quod
2151 1533 2391 1597 oportet,
2445 1528 2492 1582 si
2531 1530 2655 1584 ﬁeri
2702 1538 2904 1603 potest,
2943 1539 3248 1594 monachos
3298 1543 3548 1613 quotidie

1953 1615 2369 1670 communicare
2399 1621 2784 1675 sacramentis.
2815 1622 2921 1686 Qui
2953 1625 3105 1680 enim
3127 1645 3186 1682 se
3215 1629 3286 1684 ab
3311 1632 3391 1686 eis
3421 1650 3549 1704 pro-

1954 1703 2044 1755 cul
2073 1709 2312 1772 amovet,
2338 1706 2488 1761 Deus
2511 1725 2732 1780 quoque
2753 1713 2945 1781 procul
2974 1714 3044 1768 ab
3075 1732 3140 1770 eo
3170 1720 3398 1774 recedit.
3423 1703 3540 1787 Qui

273 1813 377 1852 nos
406 1793 712 1850 deosculati
761 1797 912 1859 sunt,
946 1809 1047 1846 nos
1075 1793 1180 1846 sibi
1211 1792 1448 1847 invicem
1488 1793 1864 1859 ostendentes,
1883 1795 1930 1856 B
1953 1797 2144 1846 autem
2184 1794 2288 1848 hoc
2312 1794 2446 1850 facit
2468 1797 2709 1864 assidue,
2741 1800 2966 1856 assidue
3005 1805 3241 1878 suscipit
3265 1810 3545 1867 Servato-

275 1890 334 1940 et
358 1885 637 1939 dicentes:
684 1883 819 1938 Ecce
840 1888 1116 1936 venerunt
1133 1881 1357 1948 fratres,
1387 1883 1457 1937 de
1478 1882 1682 1954 quibus
1710 1886 1871 1954 pater

276 1976 471 2028 uoster
497 1971 637 2027 dixit
663 1970 846 2025 tribus
875 1976 1006 2047 ante
1037 1969 1234 2024 diebus
1272 1971 1509 2025 dicendo
1536 1990 1548 2024 :
1582 1971 1717 2025 Post
1757 1977 1873 2025 tres

275 2063 398 2117 dies
426 2061 653 2117 venient
692 2060 763 2114 ad
795 2076 897 2115 nos
926 2065 1042 2113 tres
1087 2059 1308 2126 fratres,
1339 2059 1626 2114 venientes
1654 2061 1872 2115 Jeroso-

276 2152 464 2224 lymis.
498 2151 568 2205 Et
595 2150 695 2205 alii
725 2149 956 2220 quidem
985 2164 1088 2203 nos
1110 2147 1478 2215 deducebant,
1497 2148 1592 2204 alii
1621 2165 1750 2204 vero
1772 2165 1874 2204 nos

280 2245 429 2296 retro
468 2239 869 2311 sequebantur,
900 2237 1223 2310 psallentes,
1254 2237 1430 2292 donec
1471 2254 1646 2310 prope
1687 2239 1874 2310 ipsum

279 2330 553 2386 venimus.
588 2331 728 2384 Cum
753 2333 942 2383 autem
971 2327 1244 2383 audiisset
1265 2333 1427 2399 pater
1451 2329 1650 2400 Apollo
1679 2343 1873 2383 vocem

1952 1897 2092 1936 rem.
2117 1883 2214 1937 Est
2233 1883 2406 1952 enim,
2446 1885 2651 1956 inquit,
2693 1905 2798 1942 vox
2828 1891 3090 1948 salutaris
3118 1911 3130 1946 :
3161 1896 3268 1960 Qui
3305 1901 3550 1956 comedit

1953 1986 2181 2025 carnem
2204 1988 2408 2040 meam,
2433 1979 2490 2028 et
2517 1974 2659 2030 bibit
2684 1993 2873 2033 meum
2900 1983 3251 2054 sanguinem,
3272 1994 3463 2044 manet
3491 1989 3550 2045 in

1956 2076 2063 2124 me,
2090 2065 2147 2114 et
2170 2076 2274 2131 ego
2315 2062 2373 2116 in
2406 2079 2472 2116 eo
2504 2064 2685 2131 (Joan.
2725 2066 2822 2137 v1).
2863 2067 2982 2126 Hoc
3021 2072 3236 2128 confert
3261 2077 3550 2133 monaChis

1956 2149 2220 2204 salutaris
2264 2151 2540 2222 passionis
2580 2159 3175 2216 commemorationem
3198 2165 3554 2223 continenter

1955 2237 2304 2302 facientibus,
2338 2241 2586 2311 quotidie
2616 2243 2789 2299 etiam
2835 2263 2894 2300 se
2931 2264 3268 2321 praeparare,
3303 2260 3368 2310 ut
3394 2257 3548 2312 omni

1955 2331 2208 2398 tempore
2247 2329 2403 2398 digni
2446 2330 2560 2385 sint
2605 2332 2700 2403 qui
2745 2334 3053 2406 suscipiant
3091 2341 3340 2398 cmlestia
3367 2361 3555 2400 sacra-

281 2419 661 2491 psallentium,
686 2418 839 2472 venit
858 2416 1018 2472 nobis
1039 2415 1278 2482 obviam,
1297 2421 1363 2472 ut
1383 2433 1508 2471 mos
1528 2417 1580 2471 ei
1601 2421 1724 2471 erat
1742 2433 1877 2487 erga
1957 2420 2167 2483 menta,
2200 2418 2654 2490 quandoquidem
2683 2422 2763 2476 sic
2801 2441 3024 2497 quoque
3063 2431 3425 2504 consequitur
3461 2451 3554 2490 re-

282 2525 478 2563 omnes
493 2508 718 2574 fratres;
751 2513 956 2562 etcum
975 2523 1076 2561 nos
1097 2505 1348 2572 vidisset,
1379 2506 1634 2561 adoravit
1656 2505 1869 2578 primus
1957 2504 2283 2560 missionem
2315 2513 2701 2578 peccatorum.
2743 2512 3033 2570 Catholica
3071 2523 3260 2574 autem
3297 2527 3353 2582 et
3380 2540 3557 2594 gene-

281 2598 420 2653 sein
448 2603 603 2652 terra
629 2596 932 2651 extendens
957 2615 968 2663 ;
1004 2601 1062 2650 et
1079 2611 1208 2650 cum
1229 2595 1585 2662 surrexisset,
1612 2601 1698 2650 est
1722 2611 1879 2650 oscu-
1959 2593 2104 2648 ralia
2125 2595 2348 2665 jejunia
2372 2612 2486 2651 non
2509 2597 2640 2652 licet
2665 2600 2877 2656 solvere
2910 2603 3032 2659 sine
3055 2604 3273 2678 ingenti
3302 2593 3558 2668 necessi-

285 2689 467 2754 latus;
499 2692 558 2741 et
586 2692 882 2758 postquam
921 2684 1344 2750 introduxisset,
1379 2685 1582 2750 oravit,
1624 2689 1681 2738 ct
1708 2685 1878 2756 pedes
1959 2685 2110 2746 tate;
2142 2682 2200 2736 in
2230 2689 2432 2754 quarta
2460 2685 2611 2740 enim
2639 2686 2779 2742 feria
2812 2691 3058 2747 traditur
3085 2695 3368 2764 Servator,
3416 2701 3559 2756 etin

280 2783 505 2831 nostros
517 2774 776 2830 manibus
801 2775 936 2828 lavit
959 2773 1220 2846 prepriis,
1247 2778 1307 2828 et
1322 2774 1580 2828 hortatus
1593 2778 1680 2828 est
1701 2773 1772 2827 ad
1791 2790 1879 2828 re-
1959 2786 2258 2841 parasceve
2285 2773 2666 2847 cruciﬁgitur;
2698 2777 2795 2849 qui
2817 2795 2884 2833 ea
2912 2797 3047 2852 ergo
3075 2785 3259 2852 solvit,
3295 2788 3554 2845 Servato-

281 2866 601 2921 fectionem.
624 2865 741 2919 Hoc
761 2869 950 2919 autem
965 2862 1204 2917 faciebat
1218 2862 1476 2917 omnibus
1487 2861 1755 2916 fratribus
1779 2861 1880 2934 qui
1963 2875 2084 2914 rem
2107 2876 2223 2915 una
2249 2861 2438 2928 tradit,
2462 2868 2521 2917 et
2548 2880 2664 2918 una
2690 2866 2986 2939 crucifigit.
3022 2873 3130 2928 Sed
3159 2875 3208 2930 si
3239 2877 3311 2931 ad
3338 2895 3433 2935 vos
3461 2897 3557 2935 ve-

281 2955 355 3009 ad
366 2955 553 3026 ipsum
579 2952 890 3008 veniebant.
906 2952 1014 3017 Qui
1033 2952 1185 3006 enim
1205 2968 1332 3006 cum
1350 2951 1472 3023 ipso
1494 2956 1658 3006 erant
1677 2951 1882 3006 fratres
1964 2947 2084 3039 niat
2110 2949 2286 3003 frater
2311 2951 2406 3020 qui
2419 2967 2559 3022 opus
2582 2952 2752 3008 habet
2778 2961 2840 3009 ut
2865 2958 3292 3018 reﬁciaturcum
3315 2965 3390 3020 sit
3412 2968 3560 3039 jeju-

284 3044 620 3098 alimentum
638 3059 749 3097 non
767 3041 923 3113 prius
940 3040 1308 3112 accipiebant,
1329 3057 1500 3113 quam
1513 3041 1880 3124 Euchariqtise
1907 3111 1946 3124 Α
1961 3038 2138 3106 nium,
2161 3039 2268 3110 ipsi
2298 3039 2402 3094 soli
2440 3057 2698 3096 mensam
2716 3046 2982 3115 apponite
3007 3066 3019 3115 ;
3052 3049 3142 3104 sin
3171 3058 3362 3108 autem
3391 3038 3553 3124 nolit,

284 3133 496 3189 Christi
521 3132 1025 3186 communicassent
1051 3131 1199 3185 :\hoc
1225 3136 1417 3186 autem
1447 3129 1727 3184 faciebant
1745 3111 1885 3184 h'ora
1903 3111 1948 3172 Ο
1967 3145 2039 3183 ne
2067 3129 2302 3199 cogatis,
2327 3127 2595 3185 habemus
2611 3111 2770 3186 enim
2790 3111 3149 3192 communem
3169 3111 3554 3200 traditionem:

285 3238 438 3277 nona
450 3221 580 3276 diei.
597 3221 809 3275 Deinde
830 3236 958 3275 cum
980 3220 1060 3274 sic
1081 3219 1475 3285 comedissent,
1498 3217 1768 3273 sedebant
1782 3235 1884 3274 au-
1965 3218 2204 3273 Multum
2233 3224 2422 3274 autem
2450 3221 2900 3292 reprehendebat
2913 3239 3008 3279 eos
3039 3227 3135 3297 qui
3161 3227 3373 3286 ferrum
3400 3238 3563 3302 gesta

283 3311 508 3365 dientes
535 3326 665 3364 eum
708 3309 1001 3364 docentem
1032 3309 1224 3364 omnia
1252 3313 1549 3380 praecepta,
1584 3324 1768 3379 usque
1810 3308 1885 3362 ad

283 3399 535 3471 primum
562 3414 840 3453 somnum.
875 3398 1035 3453 Illinc
1075 3397 1171 3452 alii
1200 3397 1427 3468 quidem
1457 3414 1521 3451 ex
1551 3397 1686 3468 ipsis
1731 3412 1882 3451 sece-

284 3487 499 3543 debant
527 3488 584 3542 in
613 3487 991 3542 solitudinem.
1018 3487 1337 3558 Scripturas
1364 3491 1485 3541 tota
1513 3491 1685 3551 πει
1723 3490 1885 3540 nocte

285 3577 618 3632 memoriter
645 3581 1075 3648 expromentes;
1111 3575 1208 3630 alii
1232 3591 1363 3630 vero
1404 3574 1518 3629 illic
1559 3591 1886 3646 persevera-

287 3666 449 3730 bant,
487 3666 726 3721 assiduis
770 3666 1014 3738 hymmis
1055 3667 1237 3720 Deum
1277 3663 1593 3730 laudantes,
1631 3663 1702 3718 ad
1731 3663 1886 3717 diem

197 3787 212 3806 ς
289 3771 504 3828 usque:
540 3771 678 3827 quos
706 3772 810 3826 ego
835 3755 949 3809 vidi
980 3754 1067 3809 his
1089 3753 1282 3819 oculis,
1312 3769 1441 3808 cum
1468 3769 1697 3824 vespere
1728 3752 1890 3824 hym-

291 3861 396 3900 nos
432 3843 746 3916 ccepissent,
779 3861 957 3916 usque
986 3844 1058 3898 ad
1087 3842 1430 3897 matutinum
1454 3858 1567 3896 non
1589 3858 1834 3896 cessasse
1856 3858 1890 3895 a

289 3940 483 3988 cantu.
519 3933 674 3988 Multi
705 3938 855 3987 certe
874 3950 940 3988 ex
954 3932 1022 3987 iis
1044 3933 1185 3987 hora
1213 3948 1363 3986 nona
1383 3931 1567 3985 solum
1588 3930 1889 3984 descende-

290 4023 433 4077 bant
442 4023 511 4076 de
529 4026 739 4089 monte,
758 4028 816 4076 et
828 4021 1240 4077 Eucharistiam
1256 4025 1560 4086 sumentes,
1577 4035 1772 4073 rursus
1793 4018 1890 4073 ad-

290 4110 654 4178 scendebant,
683 4110 930 4166 contenti
957 4110 1199 4181 spiritali
1238 4109 1585 4164 nutrimento
1605 4123 1782 4178 usque
1815 4107 1888 4160 ad

287 4200 465 4255 aliam
510 4217 736 4254 nonam.
784 4200 901 4254 Hoc
937 4205 1129 4255 autem
1157 4198 1322 4254 multi
1369 4215 1436 4253 ex
1481 4197 1551 4251 iis
1603 4195 1882 4251 faciebant

1965 3304 2124 3373 bant,
2166 3313 2224 3362 et
2259 3325 2479 3366 comam
2525 3309 2872 3367 nutriebant.
2921 3313 2992 3368 Ili
3030 3315 3200 3384 enim,
3255 3318 3458 3392 inquit,
3498 3340 3561 3377 se

1965 3402 2254 3452 ostentant
2282 3403 2340 3452 et
2367 3404 2628 3469 quaerunt
2647 3400 2866 3470 placere
2887 3402 3228 3468 hominibus.
3249 3424 3376 3464 cum
3394 3427 3562 3483 opor-

1965 3488 2084 3538 teat
2111 3483 2262 3556 ipsos
2301 3486 2487 3557 potius
2536 3503 2738 3558 corpus
2777 3489 2990 3544 solvere
3012 3483 3276 3562 jejuniis,
3322 3501 3383 3552 et
3411 3499 3562 3570 quod

1966 3571 2179 3627 bonum
2226 3579 2313 3628 est
2345 3574 2527 3632 facere
2556 3576 2616 3630 in
2657 3577 2904 3644 occulto;
2938 3577 2979 3632 ii
3023 3596 3155 3635 vero
3184 3599 3297 3638 non
3336 3584 3434 3652 sic,
3461 3588 3560 3642 sed

1965 3679 2026 3716 se
2045 3662 2342 3734 propalant
2369 3663 2650 3719 omnibus.
2692 3664 2761 3718 Et
2781 3665 2914 3736 quid
2945 3683 3086 3738 opus
3105 3669 3399 3741 pluribus?
3429 3675 3559 3730 0m-

1971 3751 2056 3806 nis
2077 3751 2229 3805 enim
2257 3753 2379 3823 ejus
2399 3752 2653 3807 doctrina
2675 3758 2762 3807 est
2780 3755 2903 3824 ejus
2936 3755 3058 3812 vitae
3078 3758 3338 3816 instituto
3360 3762 3560 3820 similis

1971 3857 2139 3912 quam
2154 3857 2255 3895 nec
2273 3841 2397 3913 quis
2409 3841 2649 3896 scribere
2673 3843 2922 3914 potuerit
2949 3861 3052 3901 nec
3075 3847 3278 3904 dicere.
3304 3851 3558 3910 Plurima

1971 3943 2104 3998 ergo
2132 3929 2419 3984 nobiscum
2436 3947 2708 3996 seorsum,
2740 3937 2862 3987 tota
2887 3950 3036 4006 szepe
3072 3936 3424 3997 hebdomada
3451 3943 3562 4001 dis-

1970 4017 2228 4084 serendo,
2275 4019 2505 4073 tandem
2549 4019 2837 4075 dimittens
2887 4023 3065 4077 dixit:
3103 4025 3319 4083 Habete
3361 4047 3562 4103 pacem

1969 4104 2119 4159 inter
2151 4123 2263 4173 vos,
2295 4123 2476 4178 neque
2506 4109 2844 4179 separemini
2868 4111 2926 4166 in
2943 4113 3054 4167 via.

2039 4195 2182 4250 Cum
2210 4200 2400 4250 autem
2431 4196 2661 4251 dixisset
2676 4197 2744 4252 iis
2773 4199 2869 4270 qui
2889 4216 3016 4256 cum
3036 4202 3157 4274 ipso
3185 4212 3348 4263 erant
3372 4209 3559 4267 fratri-

290 4289 502 4344 multos
530 4289 668 4344 dies.
712 4289 936 4344 Licebat
962 4294 1154 4344 autem
1180 4305 1275 4343 eos
1314 4288 1501 4342 videre
1533 4286 1883 4341 exsultantes
1965 4282 2088 4352 bus,
2115 4285 2373 4356 quisnam
2419 4302 2486 4339 ex
2515 4285 2649 4356 ipsis
2689 4287 2856 4341 vellet
2877 4305 2979 4343 nos
3007 4290 3282 4349 deducere
3330 4297 3403 4352 ad
3431 4299 3560 4356 visi-

289 4379 352 4434 in
364 4379 684 4445 solitudine,
703 4379 841 4434 adeo
858 4385 922 4433 ut
937 4379 1148 4432 nullam
1164 4377 1440 4449 ejusmodi
1457 4377 1627 4430 aliam
1644 4375 1885 4430 exsulta-
1965 4373 2165 4428 tandos
2194 4374 2334 4428 alios
2355 4379 2564 4445 patres,
2595 4379 2824 4430 sanctus
2854 4378 3072 4448 Apollo,
3103 4381 3283 4438 tribus
3307 4385 3437 4442 viris
3464 4389 3559 4445 de-

291 4467 509 4563 tionern
535 4466 594 4521 in
615 4474 768 4563 terra
785 4467 972 4521 videre
993 4466 1174 4563 liceat,
1205 4482 1308 4520 nec
1328 4464 1584 4563 laetitiam
1616 4480 1881 4535 corpora-
1905 4463 2126 4563 1)lectis
2143 4464 2238 4562 qui
2253 4463 2836 4563 valerentetsermone
2866 4470 2924 4519 et
2949 4466 3563 4541 vitaainstituto,erant-

290 4557 425 4611 lem.
457 4557 652 4628 Neque
681 4556 832 4611 enim
862 4561 985 4610 erat
1003 4556 1155 4610 inter
1183 4571 1278 4610 eos
1296 4553 1499 4625 aliquis
1525 4559 1757 4607 maestus
1786 4558 1889 4607 aut
1906 4551 1952 4563 “’
1969 4569 2076 4623 que
2103 4551 2271 4625 periti
2298 4552 2504 4623 lingua:
2525 4553 2728 4608 Graecae
2750 4558 2808 4608 et
2825 4555 3091 4612 Romana;
3114 4564 3172 4612 et
3189 4560 3556 4635 Egyptiacae,

289 4645 498 4714 tristis;
530 4646 629 4700 sed
649 4645 696 4699 si
717 4644 842 4716 quis
868 4644 1164 4700 videbatur
1191 4661 1304 4716 pra:
1332 4660 1392 4698 se
1413 4643 1557 4698 ferre
1573 4641 1882 4710 tristitiam,
1967 4658 2095 4696 cum
2121 4642 2201 4696 eis
2227 4659 2329 4696 nos
2358 4642 2670 4704 dimittens.
2697 4643 2871 4714 jussit
2895 4644 2976 4699 eis
2996 4663 3066 4700 ne
3087 4641 3362 4720 nos'prius
3391 4656 3561 4712 relin-

289 4735 484 4790 statim
509 4739 672 4806 pater
709 4735 904 4807 Apollo
935 4751 1001 4789 ex
1034 4750 1100 4788 eo
1128 4732 1366 4804 rogabat
1393 4749 1640 4800 causam,
1674 4737 1731 4786 et
1759 4749 1884 4804 quae
1968 4737 2204 4802 querent
2232 4748 2401 4803 quam
2424 4732 2780 4788 satisfactum
2810 4739 2958 4788 esset
2985 4742 3177 4792 nostro
3193 4739 3560 4803 videndorum

291 4829 461 4878 erant
487 4823 546 4877 in
576 4823 761 4878 oculto
796 4823 1242 4894 uniuscujusque
1263 4821 1466 4884 cordis,
1500 4821 1880 4876 renuntiabat.
1966 4822 2201 4876 Patrum
2231 4822 2540 4878 desiderio:
2575 4839 2714 4894 quos
2743 4823 2791 4878 si
2812 4823 2937 4895 quis
2956 4825 3123 4880 vellet
3144 4843 3341 4884 omnes
3370 4831 3560 4891 videre

289 4911 529 4970 Dicebat
547 4917 738 4966 autem
763 4929 775 4966 ε
807 4912 934 4967 Non
961 4917 1182 4984 oportet
1206 4929 1325 4966 esse
1344 4910 1534 4966 tristes
1555 4916 1784 4983 prepter
1800 4928 1888 4966 sa-
1967 4912 2038 4966 ad
2091 4927 2186 4966 eos
2231 4912 2581 4984 aspiciendos
2635 4917 2757 4968 tota
2784 4913 2899 4968 vita
2940 4931 3054 4970 non
3083 4917 3386 4976 sufficeret.
3415 4923 3559 4982 Cum

287 5002 492 5069 lutcm,
527 5019 655 5056 cum
679 5001 854 5057 futuri
885 5018 1081 5057 sumus
1119 5001 1370 5056 haeredes
1408 5000 1566 5071 regni
1595 5001 1883 5060 caelorum.
1969 5000 2130 5056 nobis
2157 5017 2296 5072 ergo
2327 5000 2717 5067 benedixisset,
2753 5003 3096 5072 amandavit,
3129 5006 3352 5064 dicens:
3377 5011 3560 5069 Bene-

286 5091 508 5147 Tristes
528 5096 738 5156 autem,
759 5091 959 5161 inquit,
988 5096 1157 5145 erunt
1171 5087 1428 5161 gentiles,
1453 5088 1669 5144 flebunt
1687 5089 1884 5155 Judaei,
1969 5090 2120 5145 dicat
2147 5106 2243 5144 vos
2272 5090 2541 5145 Dominus
2569 5107 2635 5144 ex
2656 5091 2808 5158 Sion,
2840 5097 2897 5146 et
2913 5092 3146 5150 videatis
3171 5095 3319 5153 bona
3337 5101 3564 5159 Jerusa-

283 5179 924 5270 lugebuntpeocatores;
942 5180 1289 5251 justiautem
1310 5178 1653 5235 laztabuntur
1678 5196 1690 5231 :
1715 5184 1772 5233 et
1789 5179 1888 5250 qui
1969 5179 2080 5234 lem
2105 5177 2364 5234 omnibus
2391 5177 2587 5233 diebus
2618 5178 2751 5234 vitae
2779 5184 2975 5235 vestrae
3008 5183 3179 5249 (Psal.
3206 5192 3429 5258 cxxvu).

287 5275 524 5324 terrena
560 5265 787 5340 quidem
839 5269 1030 5324 animo
1058 5269 1296 5341 agitant,
1345 5268 1608 5324 laetantur
1634 5268 1692 5322 in
1721 5266 1888 5322 rebus
2039 5267 2214 5323 Nobis
2251 5272 2443 5322 autem
2468 5265 2884 5323 ambulantibus
2913 5271 3148 5328 meridie
3177 5291 3277 5346 per
3304 5278 3562 5334 solitudi-

285 5358 575 5426 terrenis;
599 5366 904 5414 nosautem
925 5358 1021 5431 qui
1034 5364 1194 5414 tanta
1213 5375 1314 5432 spe
1335 5357 1490 5429 digni
1519 5371 1715 5413 sumus
1735 5356 1890 5411 habi-
1969 5373 2120 5425 nem,
2153 5355 2392 5412 vidimus
2442 5361 2690 5411 tractum
2742 5357 2933 5428 magni
2972 5359 3251 5430 draconis,
3301 5365 3398 5437 qui
3439 5371 3562 5422 tan-

283 5447 362 5513 ti,
389 5447 665 5518 quomodo
685 5464 796 5503 non
814 5449 1074 5504 laetamur
1087 5447 1392 5521 perpetuo?
1417 5447 1558 5503 Cum
1570 5446 1730 5501 nobis
1746 5448 1892 5519 Apo-
1973 5463 2141 5519 quam
2161 5445 2348 5501 trabes
2365 5451 2488 5500 erat
2507 5450 2822 5517 protractus
2843 5463 2944 5518 per
2955 5463 3186 5506 arenam
3206 5470 3218 5505 :
3243 5469 3409 5524 quem
3429 5471 3561 5512 cum

283 5536 478 5594 stolus
517 5536 770 5606 suadeat,
801 5544 867 5594 ut
901 5555 1126 5611 semper
1152 5539 1425 5605 laetemur,
1466 5536 1601 5592 etin
1629 5535 1890 5592 omnibus
1970 5536 2320 5602 vidissemus,
2342 5551 2446 5590 nos
2475 5551 2714 5606 magnus
2749 5535 2922 5591 timor
2950 5537 3174 5596 invasit.
3222 5541 3330 5605 Qui
3368 5548 3562 5602 autem

283 5624 509 5704 gratias
537 5643 770 5699 agamus
799 5629 846 5698 (Ι
869 5629 1040 5684 Thess.
1066 5627 1142 5699 v).
1175 5627 1312 5694 Quis
1334 5630 1524 5684 autem
1546 5626 1750 5683 dixerit
1767 5626 1890 5700 ejus
1970 5642 2072 5683 nos
2119 5623 2398 5683 ducebant
2429 5623 2655 5694 fratres,
2697 5625 2906 5685 hortati
2944 5632 3168 5690 suntne
3209 5629 3560 5707 timeremus,

575 5726 840 5816 Pareat.
868 5727 1139 5818 LXXIII.
3239 5726 3316 5794 37
