4008 6210
497 331 635 394 ms
1584 319 1680 375 DE
1715 314 1906 380 vms
1943 308 2492 386 PATWMHBER
2522 317 2678 375 'VIII.
3635 323 3787 384 “64.

490 461 592 518 sui
633 473 886 518 essemus
910 455 1059 519 bono
1097 450 1307 520 animo,
1340 451 1398 506 et
1423 461 1796 518 sequeremur
1823 435 2402 510 draeonisAdimisit,
2433 449 2501 510 ut
2535 444 2632 515 qui
2667 444 2750 509 eis
2775 443 3012 511 tristitia
3055 445 3273 506 affectis
3308 448 3454 519 nihil
3501 451 3777 521 prodesse

854 543 1127 602 “dabitis
1157 541 1310 600 enim
1338 539 1504 596 ﬁdem
1524 541 1798 600 mtrem,
1827 548 1954 594 cum
1977 530 2085 612 ipsi
2168 537 2372 603 posset.
2410 533 2568 595 Hane
2602 541 2794 592 autem
2844 553 3098 607 surgens,
3144 537 3299 604 venit
3330 538 3392 604 in
3421 555 3552 594 eum
3581 541 3774 596 locum

487 639 666 694 simus
702 653 830 692 eum
863 651 1036 690 manu
1074 638 1269 686 nostra
1298 626 1636 701 superaturi.
1675 624 1880 685 Multos
1905 621 2080 686 enim,
2170 638 2278 693 quo
2311 624 2620 692 transitura
2671 630 2793 690 erat
2840 625 3062 688 bellua:
3098 631 3396 698 postquam
3444 634 3638 697 autem
3679 637 3774 685 ter

484 728 776 800 inquiunt,
807 732 870 782 et
893 726 1164 781 dracones
1191 727 1252 778 et
1280 725 1528 776 cerastas
1577 731 1749 774 manu
1798 711 2082 773 interfeci-
2165 713 2323 770 ﬂexit
2349 730 2538 784 genua
2566 715 2637 778 ad
2685 715 3018 786 orationem,
3049 716 3108 782 in
3151 716 3336 788 ipsum
3368 717 3628 772 veniebat
3653 719 3771 782 bel-

483 834 633 883 mus,
665 818 812 872 siluit
832 815 1104 887 scriptum
1133 817 1238 868 est.
1272 811 1336 868 In
1357 809 1438 865 eis
1461 807 1613 864 enim
1642 803 1983 877 implebatur
2019 801 2084 858 il-
2164 802 2278 867 lua,
2319 820 2527 874 magno
2557 822 2682 874 cum
2712 806 2955 868 stridore
2983 823 3216 877 gravem
3249 806 3513 872 amittens
3537 809 3765 876 anheli-

482 908 612 963 lud:
645 907 789 964 Dedi
835 904 990 960 vobis
1025 907 1363 974 potestatem
1403 894 1731 954 ambulandi
1764 909 1933 966 super
1953 908 2075 949 ser-
2162 897 2305 946 tum.
2340 898 2396 948 et
2424 893 2799 958 intumescens
2822 912 2888 956 ac
2937 895 3188 963 sibilans,
3223 902 3546 968 tetrumque
3591 898 3768 952 edens

478 1003 678 1070 pontes
717 1003 780 1052 et
818 994 1158 1066 scorpiones,
1190 996 1253 1062 et
1279 1006 1450 1061 super
1476 1002 1705 1045 omnem
1733 988 2076 1054 potestatem
2157 981 2440 1052 spiritum.
2467 984 2518 1038 Is
2543 990 2731 1040 autem
2757 984 2898 1048 nihil
2922 984 3181 1052 territus,
3212 985 3283 1040 ad
3313 985 3616 1056 draconem
3634 1004 3767 1042 con-

481 1087 695 1143 inimici
725 1089 900 1155 (Luca
930 1085 1002 1153 xi.
1047 1085 1164 1138 Nos
1191 1086 1378 1150 autem
1419 1077 1515 1149 qui
1551 1074 1870 1131 ferebamur
1891 1071 2074 1129 incre-
2156 1088 2368 1138 versus,
2416 1072 2593 1127 dixit:
2628 1074 2825 1134 Vincet
2861 1078 2917 1128 te
2963 1075 3124 1140 Iesus
3153 1074 3432 1142 Christus,
3455 1075 3636 1144 Filius
3659 1077 3764 1132 Dei

479 1178 740 1245 dulitnte,
771 1181 832 1230 et
858 1175 955 1246 qui
1011 1172 1215 1243 maiori
1262 1185 1488 1225 eramus
1523 1165 1707 1222 affecti
1751 1162 2069 1225 formidine,
2156 1161 2286 1227 vivi,
2315 1161 2414 1233 qui
2461 1169 2548 1216 est
2576 1179 2843 1234 magnum
2879 1169 3069 1226 cetum
3107 1164 3374 1228 victurus.
3423 1165 3601 1235 quue
3631 1182 3762 1233 cum

471 1265 814 1337 rogabam“
841 1280 938 1331 eos
963 1279 1034 1318 ne
1062 1262 1274 1329 iremus
1286 1275 1388 1330 per
1403 1256 1638 1327 vestigia
1657 1252 1946 1318 draconis,
1971 1250 2071 1309 sed
2157 1250 2405 1317 dixisset,
2437 1253 2693 1322 protinus
2727 1253 3016 1324 disruptus
3045 1259 3130 1309 est
3162 1253 3350 1320 draco,
3382 1270 3483 1323 per
3502 1271 3566 1309 os
3589 1271 3763 1310 omne

471 1361 630 1410 recta
653 1354 762 1408 via.
793 1353 951 1408 Unus
971 1356 1161 1406 autem
1189 1348 1366 1402 frater
1385 1363 1453 1402 ex
1482 1344 1638 1415 ipsis,
1668 1357 1873 1413 magna
1895 1338 2072 1398 animi
2153 1340 2305 1401 virus
2331 1358 2596 1409 evomens
2626 1359 2754 1397 cum
2775 1344 3070 1413 sanguine.
3091 1344 3237 1406 Cum
3258 1349 3447 1397 autem
3474 1343 3764 1404 venissent

471 1443 782 1508 alacritate,
806 1457 942 1496 eum
972 1456 1073 1494 nos
1102 1455 1168 1493 eo
1192 1438 1252 1492 in
1280 1437 1401 1496 loco
1415 1433 1742 1494 dimisisset,
1779 1429 2070 1502 profectus
2154 1430 2348 1490 rustici
2376 1431 2666 1502 postridie,
2705 1438 2764 1490 et
2791 1432 2929 1492 illud
2971 1448 3240 1503 magnum
3269 1432 3539 1490 vidissent
3581 1433 3761 1498 mira-

472 1533 634 1590 estin
647 1531 1013 1600 solitudinem
1040 1544 1298 1600 quaerens
1319 1525 1584 1584 bellum.
1611 1523 1791 1586 Quam
1817 1536 1944 1590 cum
1973 1518 2063 1576 ἱει-
2149 1519 2358 1587 culum,
2397 1526 2455 1576 et
2492 1538 2605 1580 non
2642 1521 2853 1580 ferrent
2880 1521 3161 1593 spiritum,
3197 1522 3251 1584 in
3275 1521 3486 1584 animai
3514 1523 3759 1586 multam

466 1623 729 1692 venisset,
762 1637 877 1675 non
914 1619 1110 1690 procul
1147 1617 1217 1677 ab
1248 1622 1431 1680 antro,
1472 1629 1678 1684 magna
1877 1608 2063 1665 exda-
2149 1626 2378 1668 arenam
2399 1618 2817 1681 congesserunt,
2840 1612 3007 1672 Patre
3027 1611 3142 1678 illic
3158 1611 3242 1674 eis
3261 1616 3500 1676 astante,
3526 1611 3597 1666 ad
3620 1613 3756 1666 dra-

466 1711 978 1772 mabatdraconem
993 1725 1117 1762 esse
1142 1706 1202 1760 in
1221 1705 1528 1777 speiunca;
1561 1707 1618 1756 et
1630 1699 1864 1755 vocabat
1889 1698 2061 1769 ipsos,
2149 1715 2344 1758 conem
2365 1699 2514 1754 enim
2541 1699 2671 1759 licet
2700 1707 2988 1761 mortuum
3013 1717 3126 1765 non
3150 1699 3434 1756 audebant
3465 1700 3752 1755 accedere.

464 1806 533 1856 ut
568 1801 642 1855 ad
669 1817 730 1856 se
757 1799 1017 1854 venirent
1045 1795 1220 1850 visuri
1248 1794 1382 1866 quid
1412 1797 1562 1847 esset
1601 1795 1934 1846 evenmrum
1959 1806 1972 1853 ;
2006 1791 2130 1858 etB
2221 1789 2370 1846 Puer
2395 1794 2609 1854 autem,
2642 1789 2846 1861 inquit,
2870 1807 3103 1861 pascens
3120 1807 3244 1848 cum
3270 1796 3502 1860 repente
3521 1790 3756 1854 vidissiat

467 1890 976 1949 hortantibusnos
1015 1888 1142 1942 aliis
1168 1885 1438 1956 fratrique
1464 1900 1536 1938 ne
1558 1881 1906 1945 timeremus,
1940 1893 2091 1933 cum-
2151 1878 2336 1935 adhuc
2374 1879 2562 1942 vivum
2612 1879 2931 1945 draconem,
2970 1879 3164 1940 statim
3195 1885 3382 1939 emota
3410 1883 3601 1934 mente
3647 1879 3756 1938 fuit

461 1998 673 2054 magno
697 1985 858 2036 metu
883 1978 1128 2042 abiimus
1163 1974 1340 2030 visuri
1369 1973 1634 2028 bellum.
1663 1969 1838 2024 Nobis
1869 1972 2063 2022 autem
2151 1968 2501 2025 exanimatus
2527 1989 2539 2035 ;
2568 1970 2747 2039 jacuit
2763 1969 2952 2040 itaque
2968 1985 3108 2040 puer
3125 1968 3266 2028 nihil
3294 1968 3514 2038 spirans
3539 1969 3601 2024 in
3633 1969 3755 2024 loco

464 2075 701 2145 repente
751 2084 1022 2124 ocurrene
1066 2067 1246 2120 frater
1292 2069 1478 2129 αὖα
1531 2077 1698 2126 unus,
1733 2074 1904 2116 manu
1961 2074 2064 2114 nos
2150 2062 2268 2112 tota
2298 2058 2388 2113 die
2419 2057 2478 2114 in
2495 2059 2820 2115 solitudine.
2852 2060 2994 2114 Cum
3013 2075 3143 2117 eum
3175 2063 3368 2116 autem
3399 2058 3488 2120 sui
3517 2074 3752 2129 vespere

459 2162 635 2218 traxit
661 2161 721 2215 in
749 2175 921 2214 suum
949 2155 1376 2219 onasterium,
1408 2152 1600 2206 dicens
1629 2166 1728 2204 nos
1758 2165 1871 2203 non
1899 2163 2062 2218 posse
2143 2146 2494 2203 invenissent
2525 2165 2726 2218 parum
2772 2148 3104 2219 spirantem,
3155 2152 3340 2208 totum
3387 2147 3652 2211 inﬂatum
3684 2165 3756 2206 ex

459 2252 608 2307 ferre
629 2251 909 2322 impetum
933 2247 1158 2312 bellum,
1188 2249 1248 2298 et
1263 2241 1509 2297 maxime
1534 2240 1682 2311 quod
1713 2237 1964 2293 nondum
1983 2235 2060 2290 vi-
2144 2238 2369 2302 ecstasi,
2409 2237 2696 2307 deducunt
2741 2238 2810 2294 ad
2858 2244 3096 2309 patrem,
3143 2237 3473 2307 ignorantes
3517 2254 3748 2302 causam

462 2341 744 2396 dissonus
769 2339 963 2404 talem,
994 2353 1057 2390 se
1073 2351 1204 2395 vero
1221 2349 1372 2404 sepe
1392 2331 1595 2384 vidisse
1610 2329 1792 2400 ipsam
1810 2326 2058 2393 bennam

457 2434 581 2486 tam
599 2435 758 2484 vasta
780 2425 1192 2498 magnitudine,
1225 2428 1291 2477 ut
1309 2437 1432 2492 qua
1471 2420 1548 2474 sit
1570 2420 1867 2490 plusquam
1889 2415 2057 2486 quin.-

459 2519 643 2578 ἀρείω
655 2517 996 2577 cubitorum.
1015 2515 1164 2568 Cum
1180 2527 1286 2566 nos
1311 2526 1444 2580 ergo
1458 2509 1720 2579 jussisset
1748 2522 1976 2560 manere
1997 2506 2058 2559 in

457 2607 602 2674 loco,
625 2607 768 2661 abiit
797 2605 871 2660 ad
900 2605 1154 2667 fratrem,
1182 2601 1377 2656 dicens
1404 2599 1455 2652 ei
1486 2603 1556 2652 ut
1580 2596 1870 2652 recederet
1897 2612 1933 2652 n
1960 2611 2056 2648 ca-

457 2712 668 2762 verna;
709 2693 1021 2749 conabatur
1050 2690 1200 2746 enim
1246 2689 1340 2744 ille
1382 2705 1416 2742 a
1457 2688 1582 2742 loco
1629 2701 1742 2740 non
1769 2684 2052 2750 recedere,

457 2784 789 2857 priusquam
815 2781 1190 2840 interfecisset
1209 2779 1532 2839 draponem.
1554 2776 1659 2834 Cui
1680 2791 1808 2829 cum
1821 2789 2055 2846 persua-

456 2873 642 2939 sisset,
667 2889 799 2928 sum
820 2871 975 2926 ducit
1007 2871 1082 2924 ad
1107 2886 1215 2929 nos
1241 2868 1635 2939 increpantem
1660 2863 1938 2919 modicam
1960 2878 2055 2917 no-

455 2967 635 3026 stram
650 2963 840 3017 ﬁdem.
861 2960 1226 3025 Quieseentes
1239 2963 1430 3012 autem
1443 2973 1478 3010 ει
1485 2955 1596 3029 pud
1613 2955 1774 3016 illum
1796 2953 2049 3019 fratrem,

2141 2328 2264 2396 ejus
2297 2327 2455 2397 quod
2476 2327 2778 2385 acciderat.
2802 2329 2945 2384 Cum
2967 2329 3018 2386 is
3045 2332 3236 2386 autem
3265 2333 3501 2391 orasset,
3531 2334 3595 2381 et
3623 2345 3754 2386 eum

2139 2416 2391 2471 unxisset
2417 2417 2560 2483 oleo,
2593 2417 2839 2481 surrexit
2867 2433 3006 2488 puer
3033 2433 3270 2475 narrans
3302 2416 3360 2476 id
3389 2416 3539 2486 quod
3561 2417 3752 2480 fuerat

2138 2506 2570 2576 deprehensum.
2596 2507 2719 2572 Qua
2744 2524 2806 2561 re
2828 2508 2908 2563 vir
2933 2507 3175 2565 maxime
3204 2512 3409 2572 motus,
3431 2503 3508 2565 ad
3537 2505 3746 2564 interi-

2139 2596 2409 2651 mendum
2446 2595 2746 2653 draconem
2785 2602 2870 2651 est
2899 2614 3218 2654 conversus.

2728 2687 2964 2742 CAPUT
2993 2688 3134 2744 LIV.

2394 2776 2517 2831 Vita
2545 2777 2759 2830 abbatis
2788 2777 2957 2844 Capra
2987 2774 3140 2843 (102)
3161 2781 3486 2848 presbyteri.

2207 2865 2344 2930 Erat
2367 2871 2558 2920 autem
2583 2864 2699 2920 illic
2721 2864 2950 2936 quidam
2982 2866 3292 2939 presbyter,
3329 2871 3423 2941 qui
3447 2879 3740 2927 monaste-

2136 2954 2285 3009 rium
2316 2971 2489 3026 prope
2526 2953 2769 3009 habebat
2805 2955 2864 3008 in
2894 2955 3217 3025 solitudine,
3247 2961 3459 3031 Copres
3499 2963 3736 3016 nomine

457 3051 557 3123 qui
581 3051 804 3107 circiter
831 3067 989 3105 unua
1006 3049 1244 3105 mi‘l-liare
1273 3052 1553 3106 remotum
1581 3043 1826 3099 habebat
1859 3059 2054 3098 mona-
2081 3114 2116 3123 _
2135 3047 2327 3116 (Ruﬁ,
2360 3046 2457 3099 l-ib.
2489 3058 2552 3110 ιι,
2584 3061 2701 3113 cap.
2735 3043 2819 3114 9):
2871 3045 2957 3099 vir
2984 3053 3232 3112 sanctus,
3269 3066 3441 3120 prope
3489 3067 3745 3121 nonage-

457 3141 714 3208 sterium,
743 3140 883 3196 satis
915 3139 1115 3194 refecti
1153 3153 1373 3192 sumus.

1041 3227 1278 3284 CAPUT
1308 3226 1453 3280 LIII.

963 3319 1085 3373 Vita
1115 3317 1326 3370 abbatis
1346 3317 1554 3370 Aman.

525 3408 630 3470 ‘Ilie
658 3414 850 3465 autem
864 3406 1028 3462 nobis
1051 3405 1340 3471 narrabat,
1359 3404 1419 3464 in
1440 3405 1535 3458 illo
1563 3403 1685 3458 loco
1713 3402 1773 3456 in
1793 3418 1904 3474 quo
1933 3401 2054 3473 ipse

455 3499 704 3562 sedebat,
749 3499 922 3553 ﬁxisse
953 3497 1135 3553 virum
1166 3501 1446 3560 sanctum,
1485 3495 1650 3564 cujus
1684 3493 1801 3564 ipse
1833 3492 1941 3552 fuit
1965 3491 2055 3545 di-

455 3588 726 3659 scipulus,
765 3587 1000 3641 nomine
1040 3588 1228 3641 Amun
1266 3586 1453 3651 (Ruf/1,
1489 3586 1528 3638 ι.
1562 3595 1626 3645 ιι,
1661 3597 1780 3650 cap.
1819 3582 1872 3647 8,
1901 3584 2055 3634 uocat

455 3680 822 3742 Ammonem),
836 3675 932 3747 qui
946 3675 1004 3729 in
1022 3674 1254 3729 iiioloco
1271 3672 1541 3744 plurimas
1555 3670 1936 3738 fecit§virtutes
1951 3688 1963 3737 ;
1979 3669 2057 3730 ad

457 3782 626 3838 quem
645 3782 790 3836 erepo
808 3765 1058 3818 iatrones
1083 3763 1394 3827 venientes,
1427 3759 1779 3830 accipiebant
1791 3761 1914 3829 ejus
1947 3775 2052 3830 pa-

453 3870 588 3908 nem
614 3859 674 3908 et
700 3853 988 3907 alimenta.
1022 3852 1152 3905 Haec
1191 3867 1324 3920 ergo
1360 3866 1505 3920 aegre
1529 3849 1740 3905 ferens.
1774 3864 1903 3902 cum
1937 3864 2056 3904 uno

455 3943 550 3996 die
591 3958 849 4012 egressus
889 3945 1036 3995 esset
1070 3940 1130 3994 in
1169 3939 1550 4004 solitudinem,
1589 3937 1817 3992 adduxit
1861 3953 2055 3994 secum

455 4031 598 4086 duos
623 4046 862 4102 magnos
897 4029 1187 4094 dracones,
1239 4034 1294 4082 et
1319 4027 1491 4097 jussit
1520 4027 1600 4081 eis
1639 4032 1702 4082 ut
1735 4026 1792 4081 in
1826 4044 1892 4082 eo
1931 4028 2052 4081 loco

454 4126 768 4188 manerent,
793 4125 850 4174 et
878 4125 1097 4191 portam
1118 4117 1487 4173 custodirent.
1521 4116 1828 4173 Homicidae
1860 4122 2052 4171 autem

453 4227 584 4265 cum
621 4226 723 4282 pro
767 4225 926 4264 more
955 4208 1254 4273 venissent,
1289 4211 1346 4261 et
1377 4207 1651 4260 vidissent
1686 4206 2046 4273 miraculum,

457 4317 574 4372 pm
603 4305 828 4371 stupore
858 4298 1078 4352 hiantes
1095 4296 1418 4352 ceciderunt
1439 4295 1499 4352 in
1529 4295 1749 4350 faciem.
1776 4296 2049 4365 Egressus

452 4392 642 4442 autem
676 4386 893 4441 invenit
922 4402 1017 4440 eos
1047 4392 1250 4451 mutos,
1291 4390 1349 4438 et
1375 4383 1490 4438 fere
1519 4384 1915 4439 semimortuus
1939 4403 1950 4450 ;
1988 4389 2045 4438 et

2072 3114 2118 3175 (ἶ
2141 3114 2354 3199 uarius,
2389 3134 2719 3205 praepositus
2747 3133 2990 3189 fratrum
3014 3114 3444 3208 quinquaginta,
3492 3141 3589 3210 qui

2139 3239 2359 3295 quoque
2387 3224 2575 3294 plures
2594 3223 2833 3277 faciebat
2859 3225 3112 3290 virtutes,
3148 3227 3358 3282 morbis
3385 3230 3639 3294 medens,
3673 3238 3730 3283 et

2135 3312 2344 3365 multas
2377 3311 2586 3366 faciens
2619 3312 2957 3379 curationes,
2999 3318 3060 3368 et
3094 3314 3374 3371 damones
3419 3318 3732 3388 expellens,

2137 3406 2192 3455 et
2222 3418 2312 3456 res
2340 3402 2546 3456 multas
2567 3400 2832 3469 eﬁciens,
2862 3407 3031 3472 atque
3071 3403 3210 3458 adeo
3234 3406 3509 3475 quasdam
3539 3407 3597 3461 in
3635 3425 3739 3462 no-

2138 3490 2270 3544 stris
2298 3489 2490 3549 oculis.
2511 3491 2566 3546 Is
2595 3507 2730 3561 ergo
2759 3496 3058 3563 postquam
3085 3508 3188 3547 nos
3205 3493 3342 3548 vidit
3365 3496 3652 3562 salutavit,
3681 3503 3740 3552 et

2137 3596 2239 3650 pro
2259 3579 2420 3634 nobis
2448 3580 2646 3647 oravit,
2679 3585 2737 3634 et
2772 3587 3070 3651 postquam
3099 3581 3270 3652 pedes
3318 3590 3542 3638 nostros
3573 3586 3738 3640 lavis-

2139 3673 2242 3735 set,
2265 3669 2580 3724 sciscitatus
2608 3674 2693 3724 est
2729 3685 2764 3723 a
2795 3669 2973 3736 nobis,
3000 3687 3258 3741 quamam
3287 3672 3346 3726 in
3385 3674 3598 3728 mundo
3629 3677 3733 3730 θεν

2138 3764 2299 3818 rent;
2331 3775 2433 3814 nos
2474 3764 2663 3814 autem
2711 3759 3053 3829 rogavimus,
3086 3767 3150 3814 ut
3195 3761 3316 3832 ipse
3357 3763 3519 3822 nobis
3546 3765 3734 3835 potius

2139 3853 2442 3919 exponeret
2464 3848 2552 3903 sui
2579 3849 2705 3903 vitae
2734 3849 2982 3903 instituti
3018 3848 3273 3915 virtutes,
3319 3857 3381 3906 et
3424 3869 3536 3922 quo
3567 3854 3736 3908 modo

2139 3942 2287 3991 esset
2316 3938 2469 3992 Deus
2490 3939 2542 3992 ei
2573 3938 2720 3992 dona
2742 3937 3002 4010 largitus,
3025 3943 3083 3993 et
3102 3955 3347 4010 quanam
3369 3941 3591 3995 ratione
3603 3943 3737 3997 fuis-

2138 4033 2226 4080 set
2247 4027 2525 4098 particeps
2555 4029 2680 4098 ejus
2706 4028 2922 4098 gratim.
2941 4027 3000 4082 Is
3018 4034 3210 4082 autem
3231 4029 3391 4084 nulla
3415 4046 3485 4085 eo
3507 4033 3736 4086 nomine

2137 4101 2322 4170 elatus.
2341 4116 2625 4188 superbia,
2655 4117 2817 4172 nobis
2845 4133 3008 4172 suam
3030 4117 3202 4172 vitam
3231 4120 3500 4184 narravit,
3535 4126 3595 4174 et
3621 4138 3738 4175 ma-

2129 4205 2320 4276 jorum
2351 4223 2582 4261 suorum
2607 4207 2705 4277 qui
2731 4207 2921 4277 ipsum
2947 4213 3308 4277 superarunt,
3343 4225 3590 4278 quorum
3618 4211 3739 4281 ipse

2134 4295 2260 4349 vitae
2287 4295 2612 4350 institutum
2634 4303 2720 4350 est
2739 4297 2994 4350 imitatus
3018 4314 3030 4348 :
3051 4297 3178 4350 Non
3195 4302 3301 4362 est,
3328 4297 3532 4368 inquit.
3559 4317 3594 4353 ο
3610 4301 3734 4360 ﬁlii,

2135 4385 2283 4454 quod
2313 4401 2349 4438 a
2376 4401 2466 4440 me
2494 4386 2558 4439 ﬁt
2579 4385 2927 4450 admirabile,
2951 4385 3001 4439 si
3029 4385 3349 4440 conferatur
3367 4402 3495 4440 cum
3518 4387 3590 4442 iis
3612 4405 3735 4460 qua:

449 4492 582 4532 cum
623 4493 717 4530 eos
765 4475 1078 4543 excitasset,
1126 4472 1346 4545 probris
1393 4489 1489 4526 eos
1550 4473 1753 4539 affecit,
1813 4473 2004 4530 dicens
2032 4491 2042 4525 :
2069 4472 2192 4547 Din
2213 4474 2327 4530 vita
2344 4480 2504 4544 gesta
2525 4481 2661 4529 sunt
2687 4493 2722 4528 a
2751 4474 3012 4530 Patribus
3031 4475 3257 4529 nostris.
3293 4476 3361 4529 Et
3385 4492 3512 4530 cum
3533 4494 3734 4532 narra.

449 4565 650 4622 Videte
672 4570 950 4636 quantum
970 4563 1107 4617 estis
1142 4561 1337 4616 bestiis
1368 4562 1704 4632 agrestiores
1731 4581 1742 4626 ;
1765 4579 1898 4616 nam
1929 4562 2051 4617 ista}

449 4655 681 4728 quidam
705 4659 940 4725 propter
959 4653 1137 4706 Deum
1163 4657 1378 4705 nostrae
1407 4657 1608 4722 parent
1627 4652 1919 4717 voluntati,
1953 4668 2050 4707 vos

447 4751 641 4801 autem
660 4760 846 4815 neque
875 4743 1054 4797 Deum
1077 4740 1369 4806 timuistis,
1395 4757 1578 4811 neque
1595 4740 2047 4799 Christianorum

447 4834 583 4887 estis
619 4832 847 4888 reveriti
887 4831 1238 4901 religionem.
1287 4829 1632 4886 Introductis
1660 4836 1851 4885 autem
1881 4831 1961 4885 eis
1985 4831 2046 4885 in

445 4923 662 4988 actutm,
693 4938 949 4977 mensam
961 4919 1239 4992 apposuit,
1273 4925 1330 4974 et
1360 4919 1580 4974 monuit
1599 4925 1663 4974 ut
1691 4937 1874 4974 mores
1918 4937 2046 4974 mu-

444 5017 651 5066 tarent.
685 5012 772 5066 Iiti
815 5017 1006 5066 autem
1049 5015 1360 5082 surgentes,
1410 5010 1668 5082 protinus
1703 5011 1897 5067 multis
1941 5012 2046 5066 visi

444 5105 580 5155 sunt
605 5100 868 5156 meliores
887 5120 904 5166 -;
927 5117 1042 5155 non
1069 5101 1252 5154 multo
1279 5104 1408 5171 post
1440 5105 1633 5155 autem
1675 5100 1785 5172 ipsi
1822 5116 2043 5172 quoque

441 5189 546 5244 visi
566 5193 702 5244 sunt
728 5190 922 5243 eadem
955 5191 1118 5260 signa
1139 5189 1344 5243 facere.

468 5301 474 5306 -
512 5277 832 5348 Miquando
845 5277 1275 5348 autem,-inquit,
1300 5295 1427 5333 cum
1447 5293 1594 5333 unus
1613 5295 1852 5350 magnus
1872 5279 2039 5333 draco

439 5355 816 5440 propinquam
847 5371 1099 5420 vastaret
1125 5367 1433 5438 regionem,
1471 5373 1525 5421 et
1545 5369 1728 5422 multa
1761 5369 2041 5423 occideret

438 5456 728 5520 animalia,
763 5455 1082 5527 quicunque
1099 5456 1439 5512 habitabant
1462 5459 1625 5528 juxta
1653 5459 2035 5527 solitudinem,

2134 4569 2221 4617 ret
2258 4564 2416 4618 nobis
2447 4564 2655 4636 Copres
2694 4563 2986 4636 presbyter
3016 4581 3140 4635 quae
3169 4571 3318 4618 recte
3349 4572 3405 4619 et
3423 4582 3492 4620 ex
3525 4567 3736 4621 virtute

2131 4658 2291 4722 gesta
2315 4652 2542 4708 fuerant
2571 4671 2606 4707 a
2634 4654 2913 4720 Patribus,
2948 4669 3094 4707 unus
3133 4670 3198 4707 ex
3225 4654 3496 4709 fratribus
3523 4657 3732 4711 nostris

2133 4742 2463 4806 dormitans,
2489 4750 2553 4798 ut
2581 4744 2678 4815 qui
2707 4743 2776 4797 iis
2799 4759 2922 4815 quae
2951 4741 3290 4804 dicebantur
3315 4743 3486 4798 ﬁdem
3520 4761 3732 4816 nequa-

2131 4848 2299 4902 quam
2329 4832 2578 4899 haberet,
2613 4833 2842 4887 videtin
2867 4833 2990 4902 ejus
3017 4832 3278 4887 manibus
3313 4832 3522 4888 librum
3553 4835 3732 4888 admi-

2129 4921 2386 4988 rabilem,
2427 4922 2696 4993 scriptum
2729 4922 2932 4976 litteris
2976 4921 3184 4986 aureis,
3217 4928 3274 4976 et
3308 4939 3515 4977 canum
3545 4923 3728 4978 virum

2127 5017 2430 5078 astantem,
2463 5018 2521 5065 et
2543 5011 2842 5066 minaciter
2865 5011 2916 5065 ei
2954 5011 3239 5066 dicentem
3267 5029 3278 5064 :
3311 5013 3439 5066 Non
3463 5013 3631 5068 audis
3649 5019 3731 5067 at-

2125 5101 2582 5165 tentelecturam,
2601 5101 2704 5155 sed
2715 5100 3022 5158 dormites?
3044 5101 3098 5156 Is
3119 5107 3313 5162 autem
3335 5101 3723 5167 conturbatus,

2125 5189 2284 5244 nobis
2314 5207 2441 5245 eum
2463 5189 2837 5255 audientibus,
2863 5189 3057 5244 statim
3086 5190 3241 5260 quod
3265 5190 3528 5250 audierat
3559 5199 3620 5244 et
3647 5193 3727 5244 vi-

2124 5279 2284 5332 derat
2304 5279 2554 5353 Romane
2576 5280 2850 5350 exposuit.
2875 5280 2954 5334 Eo
2982 5285 3173 5334 autem
3202 5279 3319 5334 haec
3347 5278 3514 5334 nobis
3541 5281 3724 5334 adhuc

2123 5368 2360 5434 dicente,
2407 5371 2562 5423 venit
2603 5369 2838 5440 quidam
2883 5369 3129 5430 rusticus
3178 5367 3392 5422 habens
3441 5370 3723 5423 calathum

2122 5475 2324 5525 arente,
2343 5459 2437 5530 qui
2449 5458 2803 5530 exspectabat
2813 5458 2991 5514 donec
3011 5458 3715 5529 implessetnarrationem:

435 5563 634 5603 manus
661 5534 831 5601 simul
868 5549 1147 5599 venerunt
1173 5545 1244 5599 ad
1274 5547 1520 5613 Patrem,
1559 5553 1822 5619 rogantes
1853 5553 1916 5603 ut
1937 5550 2038 5604 de-
2119 5549 2437 5619 rogavimus
2474 5555 2668 5604 autem
2699 5565 2802 5603 nos
2833 5546 3263 5619 presbyterum:
3296 5547 3445 5612 Quid
3467 5547 3579 5602 sibi
3604 5547 3722 5601 vult

431 5634 648 5694 bratur
669 5631 864 5691 bellua
887 5648 958 5690 ex
999 5647 1198 5690 eorum
1224 5634 1472 5704 regione.
1507 5636 1562 5692 Is
1595 5641 1788 5694 autem
1825 5654 1924 5695 eos
1951 5639 2032 5696 ita
2118 5638 2364 5694 rusticus
2387 5655 2515 5695 cum
2543 5638 2757 5695 arena?
2781 5636 2946 5695 nobis
2971 5637 3264 5712 respondit
3288 5636 3465 5700 Pater
3490 5637 3679 5693 dicens
3699 5657 3721 5696 :.
