  <div class='ocr_page' id='page_1' title='image "/cluster/home/n/w/nwhite01/storage/ocr_20150623/73/hvd.32044054758776/589.png"; bbox 0 0 4008 6210; ppageno 0'>
   <div class='ocr_carea' id='block_1_1' title="bbox 404 331 542 412">
    <p class='ocr_par' dir='ltr' id='par_1_1' title="bbox 404 331 542 412">
     <span class='ocr_line' id='line_1_1' title="bbox 404 331 542 412; baseline -0.022 0"><span class='ocrx_word' id='word_1_1' title='bbox 404 331 542 412; x_wconf 69' lang='lat'>1167</span> 
     </span>
    </p>
   </div>
   <div class='ocr_carea' id='block_1_2' title="bbox 1494 333 2585 400">
    <p class='ocr_par' dir='ltr' id='par_1_2' title="bbox 1494 333 2585 400">
     <span class='ocr_line' id='line_1_2' title="bbox 1494 333 2585 400; baseline -0.008 0"><span class='ocrx_word' id='word_1_2' title='bbox 1494 343 1589 400; x_wconf 90' lang='lat' dir='ltr'>DE</span> <span class='ocrx_word' id='word_1_3' title='bbox 1623 333 1813 399; x_wconf 83' lang='lat' dir='ltr'>VITIS</span> <span class='ocrx_word' id='word_1_4' title='bbox 1849 334 2149 397; x_wconf 78' lang='lat' dir='ltr'><strong>PATRUM</strong></span> <span class='ocrx_word' id='word_1_5' title='bbox 2183 335 2399 396; x_wconf 82' lang='lat' dir='ltr'>LIBER</span> <span class='ocrx_word' id='word_1_6' title='bbox 2432 337 2585 395; x_wconf 86' lang='lat' dir='ltr'>VIII.</span> 
     </span>
    </p>
   </div>
   <div class='ocr_carea' id='block_1_3' title="bbox 3538 337 3676 398">
    <p class='ocr_par' dir='ltr' id='par_1_3' title="bbox 3538 337 3676 398">
     <span class='ocr_line' id='line_1_3' title="bbox 3538 337 3676 398; baseline 0 -1"><span class='ocrx_word' id='word_1_7' title='bbox 3538 337 3676 398; x_wconf 77' lang='lat'>1168</span> 
     </span>
    </p>
   </div>
   <div class='ocr_carea' id='block_1_4' title="bbox 402 427 3677 551">
    <p class='ocr_par' dir='ltr' id='par_1_4' title="bbox 402 427 3677 551">
     <span class='ocr_line' id='line_1_4' title="bbox 402 427 3677 551; baseline -0.005 -14"><span class='ocrx_word' id='word_1_8' title='bbox 402 479 509 537; x_wconf 90' lang='lat' dir='ltr'>tim</span> <span class='ocrx_word' id='word_1_9' title='bbox 526 478 895 551; x_wconf 88' lang='lat' dir='ltr'>suscipientes</span> <span class='ocrx_word' id='word_1_10' title='bbox 920 470 1105 545; x_wconf 79' lang='lat' dir='ltr'>angeli</span> <span class='ocrx_word' id='word_1_11' title='bbox 1129 475 1188 527; x_wconf 90' lang='lat' dir='ltr'>et</span> <span class='ocrx_word' id='word_1_12' title='bbox 1213 471 1371 526; x_wconf 87' lang='lat' dir='ltr'>chori</span> <span class='ocrx_word' id='word_1_13' title='bbox 1387 473 1725 541; x_wconf 85' lang='lat' dir='ltr'>martyrum,</span> <span class='ocrx_word' id='word_1_14' title='bbox 1746 468 1807 523; x_wconf 93' lang='lat' dir='ltr'>in</span> <span class='ocrx_word' id='word_1_15' title='bbox 1824 467 1994 523; x_wconf 66' lang='lat' dir='ltr'>caelos</span> <span class='ocrx_word' id='word_1_16' title='bbox 2012 472 2056 531; x_wconf 83' lang='grc' dir='ltr'><strong>Α</strong></span> <span class='ocrx_word' id='word_1_17' title='bbox 2077 466 2370 537; x_wconf 87' lang='lat' dir='ltr'>galitatem</span> <span class='ocrx_word' id='word_1_18' title='bbox 2396 464 2727 531; x_wconf 80' lang='lat' dir='ltr'>admiratus,</span> <span class='ocrx_word' id='word_1_19' title='bbox 2751 478 2882 519; x_wconf 85' lang='lat' dir='ltr'>eum</span> <span class='ocrx_word' id='word_1_20' title='bbox 2910 427 3134 519; x_wconf 76' lang='lat' dir='ltr'>secutus</span> <span class='ocrx_word' id='word_1_21' title='bbox 3159 467 3248 519; x_wconf 88' lang='lat' dir='ltr'>est</span> <span class='ocrx_word' id='word_1_22' title='bbox 3271 463 3575 520; x_wconf 90' lang='lat' dir='ltr'>abeuntem</span> <span class='ocrx_word' id='word_1_23' title='bbox 3602 464 3677 519; x_wconf 85' lang='lat' dir='ltr'>ad</span> 
     </span>
    </p>
   </div>
   <div class='ocr_carea' id='block_1_5' title="bbox 401 557 1993 638">
    <p class='ocr_par' dir='ltr' id='par_1_5' title="bbox 401 557 1993 638">
     <span class='ocr_line' id='line_1_5' title="bbox 401 557 1993 638; baseline -0.009 -13"><span class='ocrx_word' id='word_1_24' title='bbox 401 571 773 634; x_wconf 90' lang='lat' dir='ltr'>sustulerunt,</span> <span class='ocrx_word' id='word_1_25' title='bbox 796 564 932 638; x_wconf 86' lang='lat' dir='ltr'>ipsis</span> <span class='ocrx_word' id='word_1_26' title='bbox 951 561 1268 619; x_wconf 74' lang='lat' dir='ltr'>videntibus</span> <span class='ocrx_word' id='word_1_27' title='bbox 1280 565 1338 616; x_wconf 90' lang='lat' dir='ltr'>et</span> <span class='ocrx_word' id='word_1_28' title='bbox 1353 560 1595 632; x_wconf 85' lang='lat' dir='ltr'>hymnos</span> <span class='ocrx_word' id='word_1_29' title='bbox 1614 557 1993 614; x_wconf 78' lang='lat' dir='ltr'>audientibus.</span> 
     </span>
    </p>
   </div>
   <div class='ocr_carea' id='block_1_6' title="bbox 995 650 1396 709">
    <p class='ocr_par' dir='ltr' id='par_1_6' title="bbox 995 650 1396 709">
     <span class='ocr_line' id='line_1_6' title="bbox 995 650 1396 709; baseline -0.015 0"><span class='ocrx_word' id='word_1_30' title='bbox 995 651 1229 709; x_wconf 82' lang='lat' dir='ltr'>CAPUT</span> <span class='ocrx_word' id='word_1_31' title='bbox 1256 650 1396 705; x_wconf 81' lang='lat' dir='ltr'>LIX.</span> 
     </span>
    </p>
   </div>
   <div class='ocr_carea' id='block_1_7' title="bbox 798 738 1624 811">
    <p class='ocr_par' dir='ltr' id='par_1_7' title="bbox 798 738 1624 811">
     <span class='ocr_line' id='line_1_7' title="bbox 798 738 1624 811; baseline -0.011 -11"><span class='ocrx_word' id='word_1_32' title='bbox 798 747 915 801; x_wconf 79' lang='lat' dir='ltr'>Vita</span> <span class='ocrx_word' id='word_1_33' title='bbox 942 744 1154 799; x_wconf 79' lang='lat' dir='ltr'>abbatis</span> <span class='ocrx_word' id='word_1_34' title='bbox 1182 742 1423 797; x_wconf 77' lang='lat' dir='ltr'>Ilellcnis</span> <span class='ocrx_word' id='word_1_35' title='bbox 1450 738 1624 811; x_wconf 78' lang='grc'>(104).</span> 
     </span>
    </p>
   </div>
   <div class='ocr_carea' id='block_1_8' title="bbox 471 824 1995 904">
    <p class='ocr_par' dir='ltr' id='par_1_8' title="bbox 471 824 1995 904">
     <span class='ocr_line' id='line_1_8' title="bbox 471 824 1995 904; baseline -0.01 -10"><span class='ocrx_word' id='word_1_36' title='bbox 471 837 712 904; x_wconf 83' lang='lat' dir='ltr'>Quidam</span> <span class='ocrx_word' id='word_1_37' title='bbox 756 840 947 890; x_wconf 88' lang='lat' dir='ltr'>autem</span> <span class='ocrx_word' id='word_1_38' title='bbox 991 831 1137 887; x_wconf 89' lang='lat' dir='ltr'>alius</span> <span class='ocrx_word' id='word_1_39' title='bbox 1165 835 1343 903; x_wconf 88' lang='lat' dir='ltr'>pater,</span> <span class='ocrx_word' id='word_1_40' title='bbox 1376 828 1473 900; x_wconf 88' lang='lat' dir='ltr'>qui</span> <span class='ocrx_word' id='word_1_41' title='bbox 1501 826 1805 882; x_wconf 79' lang='lat' dir='ltr'>vocabatur</span> <span class='ocrx_word' id='word_1_42' title='bbox 1822 824 1995 880; x_wconf 86' lang='lat' dir='ltr'>abbas</span> 
     </span>
    </p>
   </div>
   <div class='ocr_carea' id='block_1_9' title="bbox 398 917 1992 996">
    <p class='ocr_par' dir='ltr' id='par_1_9' title="bbox 398 917 1992 996">
     <span class='ocr_line' id='line_1_9' title="bbox 398 917 1992 996; baseline -0.01 -12"><span class='ocrx_word' id='word_1_43' title='bbox 398 928 852 996; x_wconf 79' lang='lat' dir='ltr'>Hellen(Ru/‘ﬁn.,</span> <span class='ocrx_word' id='word_1_44' title='bbox 870 924 1040 989; x_wconf 76' lang='lat' dir='ltr'>lib.u,</span> <span class='ocrx_word' id='word_1_45' title='bbox 1064 937 1181 991; x_wconf 87' lang='lat' dir='ltr'>cap.</span> <span class='ocrx_word' id='word_1_46' title='bbox 1206 917 1319 985; x_wconf 77' lang='lat' dir='ltr'>ll),</span> <span class='ocrx_word' id='word_1_47' title='bbox 1335 935 1461 973; x_wconf 91' lang='lat' dir='ltr'>cum</span> <span class='ocrx_word' id='word_1_48' title='bbox 1481 917 1554 972; x_wconf 92' lang='lat' dir='ltr'>ab</span> <span class='ocrx_word' id='word_1_49' title='bbox 1572 917 1802 971; x_wconf 85' lang='lat' dir='ltr'>ineunte</span> <span class='ocrx_word' id='word_1_50' title='bbox 1829 920 1992 970; x_wconf 66' lang='lat' dir='ltr'>aetate</span> 
     </span>
    </p>
   </div>
   <div class='ocr_carea' id='block_1_10' title="bbox 398 1003 1994 1081">
    <p class='ocr_par' dir='ltr' id='par_1_10' title="bbox 398 1003 1994 1081">
     <span class='ocr_line' id='line_1_10' title="bbox 398 1003 1994 1081; baseline -0.009 -8"><span class='ocrx_word' id='word_1_51' title='bbox 398 1035 458 1073; x_wconf 92' lang='lat' dir='ltr'>se</span> <span class='ocrx_word' id='word_1_52' title='bbox 486 1016 706 1073; x_wconf 80' lang='lat' dir='ltr'>fortiter</span> <span class='ocrx_word' id='word_1_53' title='bbox 725 1012 1083 1076; x_wconf 86' lang='lat' dir='ltr'>exercuisset,</span> <span class='ocrx_word' id='word_1_54' title='bbox 1112 1024 1496 1081; x_wconf 56' lang='lat' dir='ltr'>saepenumero</span> <span class='ocrx_word' id='word_1_55' title='bbox 1519 1006 1707 1078; x_wconf 80' lang='lat' dir='ltr'>ignem</span> <span class='ocrx_word' id='word_1_56' title='bbox 1734 1003 1994 1075; x_wconf 75' lang='lat' dir='ltr'>gestabat</span> 
     </span>
    </p>
   </div>
   <div class='ocr_carea' id='block_1_11' title="bbox 395 1092 1990 1172">
    <p class='ocr_par' dir='ltr' id='par_1_11' title="bbox 395 1092 1990 1172">
     <span class='ocr_line' id='line_1_11' title="bbox 395 1092 1990 1172; baseline -0.011 -10"><span class='ocrx_word' id='word_1_57' title='bbox 395 1106 454 1162; x_wconf 92' lang='lat' dir='ltr'>in</span> <span class='ocrx_word' id='word_1_58' title='bbox 484 1106 633 1172; x_wconf 84' lang='lat' dir='ltr'>sinu,</span> <span class='ocrx_word' id='word_1_59' title='bbox 664 1104 905 1159; x_wconf 90' lang='lat' dir='ltr'>incitans</span> <span class='ocrx_word' id='word_1_60' title='bbox 932 1118 1028 1156; x_wconf 91' lang='lat' dir='ltr'>eos</span> <span class='ocrx_word' id='word_1_61' title='bbox 1054 1099 1150 1172; x_wconf 88' lang='lat' dir='ltr'>qui</span> <span class='ocrx_word' id='word_1_62' title='bbox 1184 1114 1357 1171; x_wconf 84' lang='lat' dir='ltr'>prope</span> <span class='ocrx_word' id='word_1_63' title='bbox 1386 1100 1549 1151; x_wconf 90' lang='lat' dir='ltr'>erant</span> <span class='ocrx_word' id='word_1_64' title='bbox 1574 1095 1775 1149; x_wconf 83' lang='lat' dir='ltr'>fratres</span> <span class='ocrx_word' id='word_1_65' title='bbox 1797 1092 1869 1147; x_wconf 88' lang='lat' dir='ltr'>ad</span> <span class='ocrx_word' id='word_1_66' title='bbox 1899 1109 1990 1146; x_wconf 92' lang='lat' dir='ltr'>os-</span> 
     </span>
    </p>
   </div>
   <div class='ocr_carea' id='block_1_12' title="bbox 395 1181 1988 1263">
    <p class='ocr_par' dir='ltr' id='par_1_12' title="bbox 395 1181 1988 1263">
     <span class='ocr_line' id='line_1_12' title="bbox 395 1181 1988 1263; baseline -0.011 -11"><span class='ocrx_word' id='word_1_67' title='bbox 395 1195 682 1251; x_wconf 88' lang='lat' dir='ltr'>tendenda</span> <span class='ocrx_word' id='word_1_68' title='bbox 708 1193 887 1263; x_wconf 84' lang='lat' dir='ltr'>signa,</span> <span class='ocrx_word' id='word_1_69' title='bbox 919 1190 1114 1245; x_wconf 89' lang='lat' dir='ltr'>dicens</span> <span class='ocrx_word' id='word_1_70' title='bbox 1140 1187 1223 1242; x_wconf 89' lang='lat' dir='ltr'>eis</span> <span class='ocrx_word' id='word_1_71' title='bbox 1250 1205 1261 1241; x_wconf 94' lang='lat'>:</span> <span class='ocrx_word' id='word_1_72' title='bbox 1307 1186 1367 1241; x_wconf 90' lang='lat' dir='ltr'>Si</span> <span class='ocrx_word' id='word_1_73' title='bbox 1407 1201 1502 1240; x_wconf 91' lang='lat' dir='ltr'>vos</span> <span class='ocrx_word' id='word_1_74' title='bbox 1542 1200 1673 1238; x_wconf 87' lang='lat' dir='ltr'>vere</span> <span class='ocrx_word' id='word_1_75' title='bbox 1702 1181 1988 1246; x_wconf 82' lang='lat' dir='ltr'>exercetis,</span> 
     </span>
    </p>
   </div>
   <div class='ocr_carea' id='block_1_13' title="bbox 393 1272 2020 1353">
    <p class='ocr_par' dir='ltr' id='par_1_13' title="bbox 393 1272 2020 1353">
     <span class='ocr_line' id='line_1_13' title="bbox 393 1272 2020 1353; baseline -0.009 -16"><span class='ocrx_word' id='word_1_76' title='bbox 393 1284 617 1339; x_wconf 89' lang='lat' dir='ltr'>virtutis</span> <span class='ocrx_word' id='word_1_77' title='bbox 644 1283 805 1353; x_wconf 89' lang='lat' dir='ltr'>signa</span> <span class='ocrx_word' id='word_1_78' title='bbox 819 1281 889 1335; x_wconf 91' lang='lat' dir='ltr'>de</span> <span class='ocrx_word' id='word_1_79' title='bbox 916 1284 1120 1335; x_wconf 71' lang='lat' dir='ltr'>caetero</span> <span class='ocrx_word' id='word_1_80' title='bbox 1142 1275 1438 1332; x_wconf 88' lang='lat' dir='ltr'>ostendite.</span> <span class='ocrx_word' id='word_1_81' title='bbox 1457 1272 1775 1344; x_wconf 77' lang='lat' dir='ltr'>Aliquando</span> <span class='ocrx_word' id='word_1_82' title='bbox 1801 1275 1991 1326; x_wconf 91' lang='lat' dir='ltr'>autem</span> <span class='ocrx_word' id='word_1_83' title='bbox 2013 1284 2020 1291; x_wconf 84' lang='lat'>&#39;</span> 
     </span>
    </p>
   </div>
   <div class='ocr_carea' id='block_1_14' title="bbox 394 1358 1991 1444">
    <p class='ocr_par' dir='ltr' id='par_1_14' title="bbox 394 1358 1991 1444">
     <span class='ocr_line' id='line_1_14' title="bbox 394 1358 1991 1444; baseline -0.009 -16"><span class='ocrx_word' id='word_1_84' title='bbox 394 1389 525 1428; x_wconf 89' lang='lat' dir='ltr'>cum</span> <span class='ocrx_word' id='word_1_85' title='bbox 553 1388 655 1444; x_wconf 90' lang='lat' dir='ltr'>per</span> <span class='ocrx_word' id='word_1_86' title='bbox 681 1388 741 1425; x_wconf 90' lang='lat' dir='ltr'>se</span> <span class='ocrx_word' id='word_1_87' title='bbox 769 1374 917 1425; x_wconf 89' lang='lat' dir='ltr'>esset</span> <span class='ocrx_word' id='word_1_88' title='bbox 954 1368 1013 1422; x_wconf 91' lang='lat' dir='ltr'>in</span> <span class='ocrx_word' id='word_1_89' title='bbox 1042 1365 1360 1431; x_wconf 90' lang='lat' dir='ltr'>solitudine,</span> <span class='ocrx_word' id='word_1_90' title='bbox 1396 1361 1625 1418; x_wconf 90' lang='lat' dir='ltr'>incessit</span> <span class='ocrx_word' id='word_1_91' title='bbox 1651 1378 1781 1416; x_wconf 92' lang='lat' dir='ltr'>eum</span> <span class='ocrx_word' id='word_1_92' title='bbox 1809 1358 1991 1414; x_wconf 89' lang='lat' dir='ltr'>mellis</span> 
     </span>
    </p>
   </div>
   <div class='ocr_carea' id='block_1_15' title="bbox 2079 553 3678 627">
    <p class='ocr_par' dir='ltr' id='par_1_15' title="bbox 2079 553 3678 627">
     <span class='ocr_line' id='line_1_15' title="bbox 2079 553 3678 627; baseline -0.001 -17"><span class='ocrx_word' id='word_1_93' title='bbox 2079 555 2331 615; x_wconf 83' lang='lat' dir='ltr'>ﬂuvium.</span> <span class='ocrx_word' id='word_1_94' title='bbox 2366 555 2508 610; x_wconf 91' lang='lat' dir='ltr'>Cum</span> <span class='ocrx_word' id='word_1_95' title='bbox 2531 560 2723 609; x_wconf 90' lang='lat' dir='ltr'>autem</span> <span class='ocrx_word' id='word_1_96' title='bbox 2751 570 2865 626; x_wconf 91' lang='lat' dir='ltr'>qua</span> <span class='ocrx_word' id='word_1_97' title='bbox 2888 554 3391 610; x_wconf 81' lang='lat' dir='ltr'>transveherentur</span> <span class='ocrx_word' id='word_1_98' title='bbox 3413 553 3678 627; x_wconf 80' lang='lat' dir='ltr'>cymbam</span> 
     </span>
    </p>
   </div>
   <div class='ocr_carea' id='block_1_16' title="bbox 2078 643 3677 711">
    <p class='ocr_par' dir='ltr' id='par_1_16' title="bbox 2078 643 3677 711">
     <span class='ocr_line' id='line_1_16' title="bbox 2078 643 3677 711; baseline -0.001 -11"><span class='ocrx_word' id='word_1_99' title='bbox 2078 662 2191 700; x_wconf 90' lang='lat' dir='ltr'>non</span> <span class='ocrx_word' id='word_1_100' title='bbox 2218 645 2588 711; x_wconf 86' lang='lat' dir='ltr'>invenissent,</span> <span class='ocrx_word' id='word_1_101' title='bbox 2611 660 2803 699; x_wconf 89' lang='lat' dir='ltr'>vocem</span> <span class='ocrx_word' id='word_1_102' title='bbox 2820 643 3009 699; x_wconf 87' lang='lat' dir='ltr'>emisit</span> <span class='ocrx_word' id='word_1_103' title='bbox 3046 643 3222 698; x_wconf 89' lang='lat' dir='ltr'>abbas</span> <span class='ocrx_word' id='word_1_104' title='bbox 3249 644 3468 711; x_wconf 87' lang='lat' dir='ltr'>Hellen,</span> <span class='ocrx_word' id='word_1_105' title='bbox 3501 644 3677 699; x_wconf 88' lang='lat' dir='ltr'>advo-</span> 
     </span>
    </p>
   </div>
   <div class='ocr_carea' id='block_1_17' title="bbox 2078 732 3671 800">
    <p class='ocr_par' dir='ltr' id='par_1_17' title="bbox 2078 732 3671 800">
     <span class='ocr_line' id='line_1_17' title="bbox 2078 732 3671 800; baseline -0.002 -10"><span class='ocrx_word' id='word_1_106' title='bbox 2078 752 2213 790; x_wconf 88' lang='lat' dir='ltr'>cans</span> <span class='ocrx_word' id='word_1_107' title='bbox 2223 734 2585 790; x_wconf 88' lang='lat' dir='ltr'>crocodilum.</span> <span class='ocrx_word' id='word_1_108' title='bbox 2604 735 2658 788; x_wconf 88' lang='lat' dir='ltr'>Is</span> <span class='ocrx_word' id='word_1_109' title='bbox 2669 739 2859 788; x_wconf 90' lang='lat' dir='ltr'>autem</span> <span class='ocrx_word' id='word_1_110' title='bbox 2881 733 2933 787; x_wconf 94' lang='lat' dir='ltr'>ei</span> <span class='ocrx_word' id='word_1_111' title='bbox 2954 733 3149 788; x_wconf 86' lang='lat' dir='ltr'>statim</span> <span class='ocrx_word' id='word_1_112' title='bbox 3170 732 3436 788; x_wconf 88' lang='lat' dir='ltr'>obediens</span> <span class='ocrx_word' id='word_1_113' title='bbox 3452 733 3671 800; x_wconf 84' lang='lat' dir='ltr'>aderat,</span> 
     </span>
    </p>
   </div>
   <div class='ocr_carea' id='block_1_18' title="bbox 2076 822 3680 897">
    <p class='ocr_par' dir='ltr' id='par_1_18' title="bbox 2076 822 3680 897">
     <span class='ocr_line' id='line_1_18' title="bbox 2076 822 3680 897; baseline -0.001 -17"><span class='ocrx_word' id='word_1_114' title='bbox 2076 830 2301 897; x_wconf 84' lang='lat' dir='ltr'>tergum</span> <span class='ocrx_word' id='word_1_115' title='bbox 2328 823 2691 879; x_wconf 89' lang='lat' dir='ltr'>substernens</span> <span class='ocrx_word' id='word_1_116' title='bbox 2719 841 2730 877; x_wconf 91' lang='lat'><strong>:</strong></span> <span class='ocrx_word' id='word_1_117' title='bbox 2758 823 2975 894; x_wconf 83' lang='lat' dir='ltr'>rogavit</span> <span class='ocrx_word' id='word_1_118' title='bbox 2992 827 3183 877; x_wconf 90' lang='lat' dir='ltr'>autem</span> <span class='ocrx_word' id='word_1_119' title='bbox 3200 822 3595 895; x_wconf 76' lang='lat' dir='ltr'>presbyterum</span> <span class='ocrx_word' id='word_1_120' title='bbox 3610 827 3680 878; x_wconf 88' lang='lat' dir='ltr'>ut</span> 
     </span>
    </p>
   </div>
   <div class='ocr_carea' id='block_1_19' title="bbox 2075 912 3676 980">
    <p class='ocr_par' dir='ltr' id='par_1_19' title="bbox 2075 912 3676 980">
     <span class='ocr_line' id='line_1_19' title="bbox 2075 912 3676 980; baseline -0.002 -11"><span class='ocrx_word' id='word_1_121' title='bbox 2075 930 2203 969; x_wconf 91' lang='lat' dir='ltr'>cum</span> <span class='ocrx_word' id='word_1_122' title='bbox 2230 931 2296 969; x_wconf 90' lang='lat' dir='ltr'>eo</span> <span class='ocrx_word' id='word_1_123' title='bbox 2326 913 2686 980; x_wconf 85' lang='lat' dir='ltr'>ascenderet;</span> <span class='ocrx_word' id='word_1_124' title='bbox 2741 912 2790 967; x_wconf 91' lang='lat' dir='ltr'>is</span> <span class='ocrx_word' id='word_1_125' title='bbox 2819 928 2950 967; x_wconf 90' lang='lat' dir='ltr'>vero</span> <span class='ocrx_word' id='word_1_126' title='bbox 3006 912 3211 967; x_wconf 90' lang='lat' dir='ltr'>timore</span> <span class='ocrx_word' id='word_1_127' title='bbox 3267 912 3517 978; x_wconf 78' lang='lat' dir='ltr'>affectus,</span> <span class='ocrx_word' id='word_1_128' title='bbox 3544 928 3676 967; x_wconf 85' lang='lat' dir='ltr'>cum</span> 
     </span>
    </p>
   </div>
   <div class='ocr_carea' id='block_1_20' title="bbox 2072 1003 3681 1070">
    <p class='ocr_par' dir='ltr' id='par_1_20' title="bbox 2072 1003 3681 1070">
     <span class='ocr_line' id='line_1_20' title="bbox 2072 1003 3681 1070; baseline -0.002 -12"><span class='ocrx_word' id='word_1_129' title='bbox 2072 1004 2304 1059; x_wconf 91' lang='lat' dir='ltr'>vidisset</span> <span class='ocrx_word' id='word_1_130' title='bbox 2330 1003 2595 1070; x_wconf 81' lang='lat' dir='ltr'>belluam,</span> <span class='ocrx_word' id='word_1_131' title='bbox 2629 1003 2966 1057; x_wconf 89' lang='lat' dir='ltr'>retrocessit.</span> <span class='ocrx_word' id='word_1_132' title='bbox 2993 1003 3134 1057; x_wconf 90' lang='lat' dir='ltr'>Cum</span> <span class='ocrx_word' id='word_1_133' title='bbox 3155 1007 3346 1056; x_wconf 89' lang='lat' dir='ltr'>autem</span> <span class='ocrx_word' id='word_1_134' title='bbox 3361 1018 3492 1057; x_wconf 90' lang='lat' dir='ltr'>eum</span> <span class='ocrx_word' id='word_1_135' title='bbox 3517 1007 3681 1056; x_wconf 85' lang='lat' dir='ltr'>tene-</span> 
     </span>
    </p>
   </div>
   <div class='ocr_carea' id='block_1_21' title="bbox 2074 1090 3681 1164">
    <p class='ocr_par' dir='ltr' id='par_1_21' title="bbox 2074 1090 3681 1164">
     <span class='ocr_line' id='line_1_21' title="bbox 2074 1090 3681 1164; baseline 0.001 -18"><span class='ocrx_word' id='word_1_136' title='bbox 2074 1097 2164 1147; x_wconf 91' lang='lat' dir='ltr'>ret</span> <span class='ocrx_word' id='word_1_137' title='bbox 2188 1092 2507 1157; x_wconf 88' lang='lat' dir='ltr'>admiratio,</span> <span class='ocrx_word' id='word_1_138' title='bbox 2535 1097 2594 1147; x_wconf 92' lang='lat' dir='ltr'>et</span> <span class='ocrx_word' id='word_1_139' title='bbox 2638 1108 2734 1147; x_wconf 93' lang='lat' dir='ltr'>eos</span> <span class='ocrx_word' id='word_1_140' title='bbox 2763 1092 2860 1164; x_wconf 91' lang='lat' dir='ltr'>qui</span> <span class='ocrx_word' id='word_1_141' title='bbox 2892 1097 3051 1147; x_wconf 88' lang='lat' dir='ltr'>trans</span> <span class='ocrx_word' id='word_1_142' title='bbox 3082 1091 3313 1146; x_wconf 81' lang='lat' dir='ltr'>fluvium</span> <span class='ocrx_word' id='word_1_143' title='bbox 3341 1090 3681 1147; x_wconf 84' lang='lat' dir='ltr'>habitabant</span> 
     </span>
    </p>
   </div>
   <div class='ocr_carea' id='block_1_22' title="bbox 2073 1181 3678 1247">
    <p class='ocr_par' dir='ltr' id='par_1_22' title="bbox 2073 1181 3678 1247">
     <span class='ocr_line' id='line_1_22' title="bbox 2073 1181 3678 1247; baseline 0.001 -12"><span class='ocrx_word' id='word_1_144' title='bbox 2073 1181 2295 1247; x_wconf 87' lang='lat' dir='ltr'>fratres,</span> <span class='ocrx_word' id='word_1_145' title='bbox 2342 1181 2598 1236; x_wconf 87' lang='lat' dir='ltr'>videntes</span> <span class='ocrx_word' id='word_1_146' title='bbox 2625 1198 2755 1236; x_wconf 91' lang='lat' dir='ltr'>eum</span> <span class='ocrx_word' id='word_1_147' title='bbox 2797 1197 2927 1236; x_wconf 91' lang='lat' dir='ltr'>cum</span> <span class='ocrx_word' id='word_1_148' title='bbox 2969 1181 3158 1236; x_wconf 89' lang='lat' dir='ltr'>bellua</span> <span class='ocrx_word' id='word_1_149' title='bbox 3190 1181 3678 1237; x_wconf 81' lang='lat' dir='ltr'>transmittentem</span> 
     </span>
    </p>
   </div>
   <div class='ocr_carea' id='block_1_23' title="bbox 2074 1270 3674 1337">
    <p class='ocr_par' dir='ltr' id='par_1_23' title="bbox 2074 1270 3674 1337">
     <span class='ocr_line' id='line_1_23' title="bbox 2074 1270 3674 1337; baseline 0 -12"><span class='ocrx_word' id='word_1_150' title='bbox 2074 1272 2315 1337; x_wconf 88' lang='lat' dir='ltr'>alveum,</span> <span class='ocrx_word' id='word_1_151' title='bbox 2348 1271 2442 1325; x_wconf 89' lang='lat' dir='ltr'>ille</span> <span class='ocrx_word' id='word_1_152' title='bbox 2469 1270 2776 1325; x_wconf 89' lang='lat' dir='ltr'>ascendens</span> <span class='ocrx_word' id='word_1_153' title='bbox 2802 1270 2861 1325; x_wconf 90' lang='lat' dir='ltr'>in</span> <span class='ocrx_word' id='word_1_154' title='bbox 2885 1276 3248 1337; x_wconf 88' lang='lat' dir='ltr'>terram,una</span> <span class='ocrx_word' id='word_1_155' title='bbox 3276 1286 3469 1325; x_wconf 88' lang='lat' dir='ltr'>secum</span> <span class='ocrx_word' id='word_1_156' title='bbox 3489 1275 3674 1325; x_wconf 82' lang='lat' dir='ltr'>attra-</span> 
     </span>
    </p>
   </div>
   <div class='ocr_carea' id='block_1_24' title="bbox 2073 1359 3674 1426">
    <p class='ocr_par' dir='ltr' id='par_1_24' title="bbox 2073 1359 3674 1426">
     <span class='ocr_line' id='line_1_24' title="bbox 2073 1359 3674 1426; baseline 0.001 -12"><span class='ocrx_word' id='word_1_157' title='bbox 2073 1360 2155 1414; x_wconf 89' lang='lat' dir='ltr'>xit</span> <span class='ocrx_word' id='word_1_158' title='bbox 2181 1359 2447 1426; x_wconf 90' lang='lat' dir='ltr'>belluam,</span> <span class='ocrx_word' id='word_1_159' title='bbox 2495 1360 2705 1426; x_wconf 91' lang='lat' dir='ltr'>dicens,</span> <span class='ocrx_word' id='word_1_160' title='bbox 2739 1360 2943 1415; x_wconf 91' lang='lat' dir='ltr'>melius</span> <span class='ocrx_word' id='word_1_161' title='bbox 2989 1376 3111 1415; x_wconf 89' lang='lat' dir='ltr'>esse</span> <span class='ocrx_word' id='word_1_162' title='bbox 3149 1360 3201 1414; x_wconf 91' lang='lat' dir='ltr'>ei</span> <span class='ocrx_word' id='word_1_163' title='bbox 3229 1366 3295 1415; x_wconf 90' lang='lat' dir='ltr'>ut</span> <span class='ocrx_word' id='word_1_164' title='bbox 3335 1366 3674 1424; x_wconf 84' lang='lat' dir='ltr'>moreretur,</span> 
     </span>
    </p>
   </div>
   <div class='ocr_carea' id='block_1_25' title="bbox 392 1446 3674 1526">
    <p class='ocr_par' dir='ltr' id='par_1_25' title="bbox 392 1446 3674 1526">
     <span class='ocr_line' id='line_1_25' title="bbox 392 1446 3674 1526; baseline -0.004 -9"><span class='ocrx_word' id='word_1_165' title='bbox 392 1460 767 1526; x_wconf 88' lang='lat' dir='ltr'>desiderium;</span> <span class='ocrx_word' id='word_1_166' title='bbox 832 1475 961 1513; x_wconf 90' lang='lat' dir='ltr'>cum</span> <span class='ocrx_word' id='word_1_167' title='bbox 1012 1472 1143 1511; x_wconf 89' lang='lat' dir='ltr'>vero</span> <span class='ocrx_word' id='word_1_168' title='bbox 1174 1454 1322 1509; x_wconf 90' lang='lat' dir='ltr'>illico</span> <span class='ocrx_word' id='word_1_169' title='bbox 1358 1453 1510 1507; x_wconf 81' lang='lat' dir='ltr'>favos</span> <span class='ocrx_word' id='word_1_170' title='bbox 1551 1450 1859 1506; x_wconf 85' lang='lat' dir='ltr'>invenisset</span> <span class='ocrx_word' id='word_1_171' title='bbox 1885 1446 1991 1502; x_wconf 87' lang='lat' dir='ltr'>sub</span> <span class='ocrx_word' id='word_1_172' title='bbox 2073 1465 2245 1520; x_wconf 86' lang='lat' dir='ltr'>quam</span> <span class='ocrx_word' id='word_1_173' title='bbox 2267 1450 2735 1521; x_wconf 74' lang='lat' dir='ltr'>interempturum</span> <span class='ocrx_word' id='word_1_174' title='bbox 2762 1449 3081 1504; x_wconf 88' lang='lat' dir='ltr'>animarum</span> <span class='ocrx_word' id='word_1_175' title='bbox 3118 1449 3437 1522; x_wconf 89' lang='lat' dir='ltr'>acquireret</span> <span class='ocrx_word' id='word_1_176' title='bbox 3462 1450 3674 1522; x_wconf 86' lang='lat' dir='ltr'>suppli-</span> 
     </span>
    </p>
   </div>
   <div class='ocr_carea' id='block_1_26' title="bbox 391 1537 3487 1623">
    <p class='ocr_par' dir='ltr' id='par_1_26' title="bbox 391 1537 3487 1623">
     <span class='ocr_line' id='line_1_26' title="bbox 391 1537 3487 1623; baseline -0.004 -17"><span class='ocrx_word' id='word_1_177' title='bbox 391 1556 571 1623; x_wconf 88' lang='lat' dir='ltr'>petra,</span> <span class='ocrx_word' id='word_1_178' title='bbox 606 1549 746 1604; x_wconf 89' lang='lat' dir='ltr'>dixit</span> <span class='ocrx_word' id='word_1_179' title='bbox 776 1562 789 1597; x_wconf 91' lang='lat'><strong>:</strong></span> <span class='ocrx_word' id='word_1_180' title='bbox 819 1546 1037 1602; x_wconf 84' lang='lat' dir='ltr'>Recede</span> <span class='ocrx_word' id='word_1_181' title='bbox 1063 1561 1095 1599; x_wconf 92' lang='lat' dir='ltr'>a</span> <span class='ocrx_word' id='word_1_182' title='bbox 1125 1559 1215 1597; x_wconf 91' lang='lat' dir='ltr'>me</span> <span class='ocrx_word' id='word_1_183' title='bbox 1251 1542 1635 1612; x_wconf 86' lang='lat' dir='ltr'>intemperans</span> <span class='ocrx_word' id='word_1_184' title='bbox 1674 1537 1987 1609; x_wconf 85' lang='lat' dir='ltr'>cupiditas;</span> <span class='ocrx_word' id='word_1_185' title='bbox 2071 1539 2242 1593; x_wconf 90' lang='lat' dir='ltr'>cium.</span> <span class='ocrx_word' id='word_1_186' title='bbox 2275 1540 2354 1594; x_wconf 89' lang='lat' dir='ltr'>Ea</span> <span class='ocrx_word' id='word_1_187' title='bbox 2381 1544 2571 1593; x_wconf 89' lang='lat' dir='ltr'>autem</span> <span class='ocrx_word' id='word_1_188' title='bbox 2600 1539 2824 1605; x_wconf 85' lang='lat' dir='ltr'>cadens,</span> <span class='ocrx_word' id='word_1_189' title='bbox 2856 1539 3114 1610; x_wconf 89' lang='lat' dir='ltr'>protinus</span> <span class='ocrx_word' id='word_1_190' title='bbox 3131 1544 3220 1593; x_wconf 90' lang='lat' dir='ltr'>est</span> <span class='ocrx_word' id='word_1_191' title='bbox 3243 1544 3487 1594; x_wconf 90' lang='lat' dir='ltr'>mortua.</span> 
     </span>
    </p>
   </div>
   <div class='ocr_carea' id='block_1_27' title="bbox 389 1626 3667 1711">
    <p class='ocr_par' dir='ltr' id='par_1_27' title="bbox 389 1626 3667 1711">
     <span class='ocr_line' id='line_1_27' title="bbox 389 1626 3667 1711; baseline -0.003 -17"><span class='ocrx_word' id='word_1_192' title='bbox 389 1638 660 1711; x_wconf 89' lang='lat' dir='ltr'>scriptum</span> <span class='ocrx_word' id='word_1_193' title='bbox 690 1642 775 1693; x_wconf 88' lang='lat' dir='ltr'>est</span> <span class='ocrx_word' id='word_1_194' title='bbox 789 1635 967 1691; x_wconf 90' lang='lat' dir='ltr'>enim:</span> <span class='ocrx_word' id='word_1_195' title='bbox 1004 1633 1217 1706; x_wconf 87' lang='lat' dir='ltr'>Spiritu</span> <span class='ocrx_word' id='word_1_196' title='bbox 1242 1630 1550 1696; x_wconf 77' lang='lat' dir='ltr'>ambulate,</span> <span class='ocrx_word' id='word_1_197' title='bbox 1564 1632 1622 1682; x_wconf 92' lang='lat' dir='ltr'>et</span> <span class='ocrx_word' id='word_1_198' title='bbox 1648 1626 1990 1685; x_wconf 87' lang='lat' dir='ltr'>desiderium</span> <span class='ocrx_word' id='word_1_199' title='bbox 2140 1629 2277 1683; x_wconf 90' lang='lat' dir='ltr'>Tres</span> <span class='ocrx_word' id='word_1_200' title='bbox 2302 1633 2493 1683; x_wconf 88' lang='lat' dir='ltr'>autem</span> <span class='ocrx_word' id='word_1_201' title='bbox 2512 1628 2632 1683; x_wconf 91' lang='lat' dir='ltr'>dies</span> <span class='ocrx_word' id='word_1_202' title='bbox 2650 1645 2988 1700; x_wconf 84' lang='lat' dir='ltr'>permanens</span> <span class='ocrx_word' id='word_1_203' title='bbox 3006 1628 3157 1699; x_wconf 90' lang='lat' dir='ltr'>apud</span> <span class='ocrx_word' id='word_1_204' title='bbox 3171 1628 3392 1695; x_wconf 86' lang='lat' dir='ltr'>fratres,</span> <span class='ocrx_word' id='word_1_205' title='bbox 3412 1628 3667 1693; x_wconf 67' lang='lat' dir='ltr'>sedebat,</span> 
     </span>
    </p>
   </div>
   <div class='ocr_carea' id='block_1_28' title="bbox 388 1714 3669 1798">
    <p class='ocr_par' dir='ltr' id='par_1_28' title="bbox 388 1714 3669 1798">
     <span class='ocr_line' id='line_1_28' title="bbox 388 1714 3669 1798; baseline -0.003 -15"><span class='ocrx_word' id='word_1_206' title='bbox 388 1727 573 1783; x_wconf 87' lang='lat' dir='ltr'>carnis</span> <span class='ocrx_word' id='word_1_207' title='bbox 600 1743 714 1781; x_wconf 91' lang='lat' dir='ltr'>non</span> <span class='ocrx_word' id='word_1_208' title='bbox 738 1723 1040 1798; x_wconf 82' lang='lat' dir='ltr'>perficietis</span> <span class='ocrx_word' id='word_1_209' title='bbox 1068 1723 1209 1785; x_wconf 85' lang='lat' dir='ltr'>(Gal.</span> <span class='ocrx_word' id='word_1_210' title='bbox 1246 1722 1319 1788; x_wconf 92' lang='lat' dir='ltr'>v),</span> <span class='ocrx_word' id='word_1_211' title='bbox 1352 1718 1545 1790; x_wconf 77' lang='lat' dir='ltr'>eisque</span> <span class='ocrx_word' id='word_1_212' title='bbox 1573 1715 1782 1771; x_wconf 89' lang='lat' dir='ltr'>relictis</span> <span class='ocrx_word' id='word_1_213' title='bbox 1826 1714 1984 1769; x_wconf 88' lang='lat' dir='ltr'>abiit.</span> <span class='ocrx_word' id='word_1_214' title='bbox 2003 1795 2039 1798; x_wconf 81' lang='lat'><em>_</em></span> <span class='ocrx_word' id='word_1_215' title='bbox 2069 1717 2274 1771; x_wconf 90' lang='lat' dir='ltr'>docens</span> <span class='ocrx_word' id='word_1_216' title='bbox 2303 1734 2399 1772; x_wconf 92' lang='lat' dir='ltr'>eos</span> <span class='ocrx_word' id='word_1_217' title='bbox 2417 1722 2713 1790; x_wconf 66' lang='lat' dir='ltr'>praecepta,</span> <span class='ocrx_word' id='word_1_218' title='bbox 2741 1723 2799 1773; x_wconf 91' lang='lat' dir='ltr'>et</span> <span class='ocrx_word' id='word_1_219' title='bbox 2828 1734 2953 1789; x_wconf 67' lang='lat' dir='ltr'>qua:</span> <span class='ocrx_word' id='word_1_220' title='bbox 2981 1723 3145 1772; x_wconf 88' lang='lat' dir='ltr'>erant</span> <span class='ocrx_word' id='word_1_221' title='bbox 3170 1718 3389 1773; x_wconf 90' lang='lat' dir='ltr'>occulta</span> <span class='ocrx_word' id='word_1_222' title='bbox 3404 1717 3669 1773; x_wconf 86' lang='lat' dir='ltr'>uniuscu-</span> 
     </span>
    </p>
   </div>
   <div class='ocr_carea' id='block_1_29' title="bbox 388 1795 3672 1885">
    <p class='ocr_par' dir='ltr' id='par_1_29' title="bbox 388 1795 3672 1885">
     <span class='ocr_line' id='line_1_29' title="bbox 388 1795 3672 1885; baseline -0.003 -13"><span class='ocrx_word' id='word_1_223' title='bbox 388 1816 529 1873; x_wconf 88' lang='lat' dir='ltr'>Cum</span> <span class='ocrx_word' id='word_1_224' title='bbox 559 1795 757 1871; x_wconf 77' lang='lat' dir='ltr'>autem</span> <span class='ocrx_word' id='word_1_225' title='bbox 776 1816 896 1885; x_wconf 89' lang='lat' dir='ltr'>jam</span> <span class='ocrx_word' id='word_1_226' title='bbox 917 1809 1424 1868; x_wconf 87' lang='lat' dir='ltr'>treshebdomadas</span> <span class='ocrx_word' id='word_1_227' title='bbox 1439 1808 1755 1877; x_wconf 88' lang='lat' dir='ltr'>jejunasset</span> <span class='ocrx_word' id='word_1_228' title='bbox 1778 1805 1837 1859; x_wconf 92' lang='lat' dir='ltr'>in</span> <span class='ocrx_word' id='word_1_229' title='bbox 1861 1795 2049 1859; x_wconf 90' lang='lat' dir='ltr'>soli-B</span> <span class='ocrx_word' id='word_1_230' title='bbox 2061 1807 2269 1879; x_wconf 86' lang='lat' dir='ltr'>jusque</span> <span class='ocrx_word' id='word_1_231' title='bbox 2294 1807 2526 1862; x_wconf 89' lang='lat' dir='ltr'>consilia</span> <span class='ocrx_word' id='word_1_232' title='bbox 2556 1813 2748 1879; x_wconf 81' lang='lat' dir='ltr'>aperte</span> <span class='ocrx_word' id='word_1_233' title='bbox 2775 1806 3081 1863; x_wconf 90' lang='lat' dir='ltr'>enuntians</span> <span class='ocrx_word' id='word_1_234' title='bbox 3105 1824 3119 1862; x_wconf 87' lang='lat'><strong>:</strong></span> <span class='ocrx_word' id='word_1_235' title='bbox 3151 1807 3301 1862; x_wconf 92' lang='lat' dir='ltr'>hunc</span> <span class='ocrx_word' id='word_1_236' title='bbox 3328 1808 3559 1879; x_wconf 89' lang='lat' dir='ltr'>quidem</span> <span class='ocrx_word' id='word_1_237' title='bbox 3587 1808 3672 1863; x_wconf 82' lang='lat' dir='ltr'>di-</span> 
     </span>
    </p>
   </div>
   <div class='ocr_carea' id='block_1_30' title="bbox 388 1893 3667 1974">
    <p class='ocr_par' dir='ltr' id='par_1_30' title="bbox 388 1893 3667 1974">
     <span class='ocr_line' id='line_1_30' title="bbox 388 1893 3667 1974; baseline -0.003 -14"><span class='ocrx_word' id='word_1_238' title='bbox 388 1905 605 1972; x_wconf 89' lang='lat' dir='ltr'>tudine,</span> <span class='ocrx_word' id='word_1_239' title='bbox 639 1903 879 1959; x_wconf 87' lang='lat' dir='ltr'>inventis</span> <span class='ocrx_word' id='word_1_240' title='bbox 910 1902 1007 1974; x_wconf 93' lang='lat' dir='ltr'>qui</span> <span class='ocrx_word' id='word_1_241' title='bbox 1036 1899 1257 1971; x_wconf 88' lang='lat' dir='ltr'>disjecti</span> <span class='ocrx_word' id='word_1_242' title='bbox 1283 1902 1446 1952; x_wconf 90' lang='lat' dir='ltr'>erant</span> <span class='ocrx_word' id='word_1_243' title='bbox 1472 1895 1763 1960; x_wconf 86' lang='lat' dir='ltr'>fructibus,</span> <span class='ocrx_word' id='word_1_244' title='bbox 1799 1893 1942 1948; x_wconf 83' lang='lat' dir='ltr'>dixit</span> <span class='ocrx_word' id='word_1_245' title='bbox 1969 1911 1981 1946; x_wconf 90' lang='lat'><strong>:</strong></span> <span class='ocrx_word' id='word_1_246' title='bbox 2069 1912 2199 1950; x_wconf 90' lang='lat' dir='ltr'>cens</span> <span class='ocrx_word' id='word_1_247' title='bbox 2228 1897 2414 1951; x_wconf 87' lang='lat' dir='ltr'>vexari</span> <span class='ocrx_word' id='word_1_248' title='bbox 2443 1913 2477 1950; x_wconf 89' lang='lat' dir='ltr'>a</span> <span class='ocrx_word' id='word_1_249' title='bbox 2501 1896 3068 1961; x_wconf 83' lang='lat' dir='ltr'>fornicationc,illum</span> <span class='ocrx_word' id='word_1_250' title='bbox 3098 1913 3279 1952; x_wconf 90' lang='lat' dir='ltr'>vcroa</span> <span class='ocrx_word' id='word_1_251' title='bbox 3306 1913 3451 1951; x_wconf 88' lang='lat' dir='ltr'>vana</span> <span class='ocrx_word' id='word_1_252' title='bbox 3460 1896 3667 1968; x_wconf 85' lang='lat' dir='ltr'>gloria,</span> 
     </span>
    </p>
   </div>
   <div class='ocr_carea' id='block_1_31' title="bbox 385 1982 3671 2073">
    <p class='ocr_par' dir='ltr' id='par_1_31' title="bbox 385 1982 3671 2073">
     <span class='ocr_line' id='line_1_31' title="bbox 385 1982 3671 2073; baseline -0.003 -23"><span class='ocrx_word' id='word_1_253' title='bbox 385 1994 513 2049; x_wconf 91' lang='lat' dir='ltr'>Non</span> <span class='ocrx_word' id='word_1_254' title='bbox 542 1994 851 2060; x_wconf 87' lang='lat' dir='ltr'>comedam,</span> <span class='ocrx_word' id='word_1_255' title='bbox 882 2007 1081 2073; x_wconf 79' lang='lat' dir='ltr'>neque</span> <span class='ocrx_word' id='word_1_256' title='bbox 1114 1988 1405 2065; x_wconf 1' lang='lat' dir='ltr'>attingam,</span> <span class='ocrx_word' id='word_1_257' title='bbox 1443 1984 1656 2056; x_wconf 87' lang='lat' dir='ltr'>aliquid</span> <span class='ocrx_word' id='word_1_258' title='bbox 1700 2001 1767 2038; x_wconf 84' lang='lat' dir='ltr'>ex</span> <span class='ocrx_word' id='word_1_259' title='bbox 1794 1982 1884 2049; x_wconf 85' lang='lat' dir='ltr'>iis,</span> <span class='ocrx_word' id='word_1_260' title='bbox 1915 1998 1987 2037; x_wconf 88' lang='lat' dir='ltr'>ne</span> <span class='ocrx_word' id='word_1_261' title='bbox 2069 1984 2242 2039; x_wconf 90' lang='lat' dir='ltr'>alium</span> <span class='ocrx_word' id='word_1_262' title='bbox 2273 2001 2308 2039; x_wconf 92' lang='lat' dir='ltr'>a</span> <span class='ocrx_word' id='word_1_263' title='bbox 2334 1984 2565 2051; x_wconf 89' lang='lat' dir='ltr'>deliciis,</span> <span class='ocrx_word' id='word_1_264' title='bbox 2598 1986 2772 2040; x_wconf 91' lang='lat' dir='ltr'>alium</span> <span class='ocrx_word' id='word_1_265' title='bbox 2801 1985 2872 2041; x_wconf 90' lang='lat' dir='ltr'>ab</span> <span class='ocrx_word' id='word_1_266' title='bbox 2891 1985 2995 2053; x_wconf 90' lang='lat' dir='ltr'>ira,</span> <span class='ocrx_word' id='word_1_267' title='bbox 3012 1992 3070 2041; x_wconf 92' lang='lat' dir='ltr'>et</span> <span class='ocrx_word' id='word_1_268' title='bbox 3097 1987 3271 2042; x_wconf 87' lang='lat' dir='ltr'>alium</span> <span class='ocrx_word' id='word_1_269' title='bbox 3294 1985 3523 2058; x_wconf 89' lang='lat' dir='ltr'>quidem</span> <span class='ocrx_word' id='word_1_270' title='bbox 3544 2003 3671 2058; x_wconf 88' lang='lat' dir='ltr'>pro-</span> 
     </span>
    </p>
   </div>
   <div class='ocr_carea' id='block_1_32' title="bbox 385 2072 3671 2148">
    <p class='ocr_par' dir='ltr' id='par_1_32' title="bbox 385 2072 3671 2148">
     <span class='ocr_line' id='line_1_32' title="bbox 385 2072 3671 2148; baseline -0.002 -11"><span class='ocrx_word' id='word_1_271' title='bbox 385 2084 617 2139; x_wconf 88' lang='lat' dir='ltr'>fratrem</span> <span class='ocrx_word' id='word_1_272' title='bbox 646 2099 837 2138; x_wconf 91' lang='lat' dir='ltr'>meum</span> <span class='ocrx_word' id='word_1_273' title='bbox 853 2072 1245 2144; x_wconf 84' lang='lat' dir='ltr'>seandalizem,</span> <span class='ocrx_word' id='word_1_274' title='bbox 1267 2092 1471 2147; x_wconf 88' lang='lat' dir='ltr'>nempe</span> <span class='ocrx_word' id='word_1_275' title='bbox 1500 2090 1684 2129; x_wconf 87' lang='lat' dir='ltr'>meam</span> <span class='ocrx_word' id='word_1_276' title='bbox 1702 2072 1981 2139; x_wconf 88' lang='lat' dir='ltr'>animam;</span> <span class='ocrx_word' id='word_1_277' title='bbox 2068 2073 2369 2129; x_wconf 85' lang='lat' dir='ltr'>nuntiabat</span> <span class='ocrx_word' id='word_1_278' title='bbox 2393 2090 2516 2129; x_wconf 90' lang='lat' dir='ltr'>esse</span> <span class='ocrx_word' id='word_1_279' title='bbox 2539 2074 2755 2142; x_wconf 92' lang='lat' dir='ltr'>mitem,</span> <span class='ocrx_word' id='word_1_280' title='bbox 2786 2074 2965 2130; x_wconf 89' lang='lat' dir='ltr'>alium</span> <span class='ocrx_word' id='word_1_281' title='bbox 2995 2092 3126 2132; x_wconf 85' lang='lat' dir='ltr'>vero</span> <span class='ocrx_word' id='word_1_282' title='bbox 3178 2076 3473 2148; x_wconf 77' lang='lat' dir='ltr'>pacificum</span> <span class='ocrx_word' id='word_1_283' title='bbox 3502 2094 3515 2131; x_wconf 93' lang='lat'><strong>:</strong></span> <span class='ocrx_word' id='word_1_284' title='bbox 3546 2076 3671 2130; x_wconf 92' lang='lat' dir='ltr'>illo-</span> 
     </span>
    </p>
   </div>
   <div class='ocr_carea' id='block_1_33' title="bbox 384 2160 3666 2244">
    <p class='ocr_par' dir='ltr' id='par_1_33' title="bbox 384 2160 3666 2244">
     <span class='ocr_line' id='line_1_33' title="bbox 384 2160 3666 2244; baseline -0.003 -16"><span class='ocrx_word' id='word_1_285' title='bbox 384 2172 658 2244; x_wconf 89' lang='lat' dir='ltr'>scriptum</span> <span class='ocrx_word' id='word_1_286' title='bbox 685 2177 773 2227; x_wconf 92' lang='lat' dir='ltr'>est</span> <span class='ocrx_word' id='word_1_287' title='bbox 797 2169 975 2226; x_wconf 90' lang='lat' dir='ltr'>enim:</span> <span class='ocrx_word' id='word_1_288' title='bbox 1002 2170 1129 2224; x_wconf 87' lang='lat' dir='ltr'>Non</span> <span class='ocrx_word' id='word_1_289' title='bbox 1154 2168 1211 2222; x_wconf 90' lang='lat' dir='ltr'>in</span> <span class='ocrx_word' id='word_1_290' title='bbox 1232 2166 1502 2221; x_wconf 88' lang='lat' dir='ltr'>alimento</span> <span class='ocrx_word' id='word_1_291' title='bbox 1522 2164 1705 2218; x_wconf 90' lang='lat' dir='ltr'>solum</span> <span class='ocrx_word' id='word_1_292' title='bbox 1734 2161 1869 2215; x_wconf 89' lang='lat' dir='ltr'>vivit</span> <span class='ocrx_word' id='word_1_293' title='bbox 1887 2160 1986 2214; x_wconf 83' lang='lat' dir='ltr'>ho-</span> <span class='ocrx_word' id='word_1_294' title='bbox 2066 2179 2191 2217; x_wconf 91' lang='lat' dir='ltr'>rum</span> <span class='ocrx_word' id='word_1_295' title='bbox 2240 2163 2468 2234; x_wconf 89' lang='lat' dir='ltr'>quidem</span> <span class='ocrx_word' id='word_1_296' title='bbox 2517 2164 2675 2230; x_wconf 88' lang='lat' dir='ltr'>vitia,</span> <span class='ocrx_word' id='word_1_297' title='bbox 2707 2164 2911 2219; x_wconf 89' lang='lat' dir='ltr'>horum</span> <span class='ocrx_word' id='word_1_298' title='bbox 2940 2180 3073 2219; x_wconf 90' lang='lat' dir='ltr'>vero</span> <span class='ocrx_word' id='word_1_299' title='bbox 3124 2164 3362 2219; x_wconf 85' lang='lat' dir='ltr'>virtutes</span> <span class='ocrx_word' id='word_1_300' title='bbox 3396 2181 3666 2236; x_wconf 83' lang='lat' dir='ltr'>arguens.</span> 
     </span>
    </p>
   </div>
   <div class='ocr_carea' id='block_1_34' title="bbox 383 2250 3669 2331">
    <p class='ocr_par' dir='ltr' id='par_1_34' title="bbox 383 2250 3669 2331">
     <span class='ocr_line' id='line_1_34' title="bbox 383 2250 3669 2331; baseline -0.003 -14"><span class='ocrx_word' id='word_1_301' title='bbox 383 2277 477 2317; x_wconf 90' lang='lat' dir='ltr'>mo</span> <span class='ocrx_word' id='word_1_302' title='bbox 501 2261 719 2331; x_wconf 81' lang='lat' dir='ltr'>(Matth.</span> <span class='ocrx_word' id='word_1_303' title='bbox 754 2275 843 2326; x_wconf 86' lang='lat' dir='ltr'>Iv;</span> <span class='ocrx_word' id='word_1_304' title='bbox 889 2261 1042 2314; x_wconf 70' lang='lat' dir='ltr'>Law</span> <span class='ocrx_word' id='word_1_305' title='bbox 1063 2261 1161 2327; x_wconf 82' lang='lat' dir='ltr'>1v).</span> <span class='ocrx_word' id='word_1_306' title='bbox 1194 2256 1336 2311; x_wconf 89' lang='lat' dir='ltr'>Cum</span> <span class='ocrx_word' id='word_1_307' title='bbox 1382 2258 1573 2308; x_wconf 89' lang='lat' dir='ltr'>autem</span> <span class='ocrx_word' id='word_1_308' title='bbox 1603 2251 1786 2307; x_wconf 87' lang='lat' dir='ltr'>adhuc</span> <span class='ocrx_word' id='word_1_309' title='bbox 1812 2250 1983 2305; x_wconf 88' lang='lat' dir='ltr'>aliam</span> <span class='ocrx_word' id='word_1_310' title='bbox 2065 2252 2198 2306; x_wconf 64' lang='lat' dir='ltr'>Haec</span> <span class='ocrx_word' id='word_1_311' title='bbox 2227 2258 2419 2306; x_wconf 89' lang='lat' dir='ltr'>autem</span> <span class='ocrx_word' id='word_1_312' title='bbox 2447 2253 2761 2319; x_wconf 89' lang='lat' dir='ltr'>audientes,</span> <span class='ocrx_word' id='word_1_313' title='bbox 2794 2253 3153 2309; x_wconf 84' lang='lat' dir='ltr'>mirabantur</span> <span class='ocrx_word' id='word_1_314' title='bbox 3193 2253 3428 2308; x_wconf 84' lang='lat' dir='ltr'>dicendo</span> <span class='ocrx_word' id='word_1_315' title='bbox 3468 2270 3669 2309; x_wconf 85' lang='lat' dir='ltr'>revera</span> 
     </span>
    </p>
   </div>
   <div class='ocr_carea' id='block_1_35' title="bbox 378 2340 3665 2422">
    <p class='ocr_par' dir='ltr' id='par_1_35' title="bbox 378 2340 3665 2422">
     <span class='ocr_line' id='line_1_35' title="bbox 378 2340 3665 2422; baseline -0.003 -16"><span class='ocrx_word' id='word_1_316' title='bbox 378 2350 698 2422; x_wconf 85' lang='lat' dir='ltr'>jejunasset</span> <span class='ocrx_word' id='word_1_317' title='bbox 723 2347 1153 2412; x_wconf 87' lang='lat' dir='ltr'>hebdomadam,</span> <span class='ocrx_word' id='word_1_318' title='bbox 1180 2350 1379 2418; x_wconf 87' lang='lat' dir='ltr'>postea</span> <span class='ocrx_word' id='word_1_319' title='bbox 1417 2340 1770 2403; x_wconf 87' lang='lat' dir='ltr'>dormitavit;</span> <span class='ocrx_word' id='word_1_320' title='bbox 1803 2344 1861 2394; x_wconf 91' lang='lat' dir='ltr'>et</span> <span class='ocrx_word' id='word_1_321' title='bbox 1888 2354 1982 2393; x_wconf 90' lang='lat' dir='ltr'>ve-</span> <span class='ocrx_word' id='word_1_322' title='bbox 2064 2340 2146 2395; x_wconf 88' lang='lat' dir='ltr'>ita</span> <span class='ocrx_word' id='word_1_323' title='bbox 2174 2356 2317 2396; x_wconf 89' lang='lat' dir='ltr'>esse.</span> <span class='ocrx_word' id='word_1_324' title='bbox 2346 2341 2439 2396; x_wconf 86' lang='lat' dir='ltr'>Eis</span> <span class='ocrx_word' id='word_1_325' title='bbox 2470 2348 2660 2396; x_wconf 89' lang='lat' dir='ltr'>autem</span> <span class='ocrx_word' id='word_1_326' title='bbox 2689 2342 2831 2397; x_wconf 86' lang='lat' dir='ltr'>dixit</span> <span class='ocrx_word' id='word_1_327' title='bbox 2862 2361 2873 2395; x_wconf 95' lang='lat'>:</span> <span class='ocrx_word' id='word_1_328' title='bbox 2915 2343 3120 2398; x_wconf 76' lang='lat' dir='ltr'>Parata</span> <span class='ocrx_word' id='word_1_329' title='bbox 3163 2341 3324 2397; x_wconf 91' lang='lat' dir='ltr'>nobis</span> <span class='ocrx_word' id='word_1_330' title='bbox 3352 2343 3525 2408; x_wconf 87' lang='lat' dir='ltr'>olera,</span> <span class='ocrx_word' id='word_1_331' title='bbox 3561 2343 3665 2397; x_wconf 79' lang='lat' dir='ltr'>ho-</span> 
     </span>
    </p>
   </div>
   <div class='ocr_carea' id='block_1_36' title="bbox 382 2428 3668 2510">
    <p class='ocr_par' dir='ltr' id='par_1_36' title="bbox 382 2428 3668 2510">
     <span class='ocr_line' id='line_1_36' title="bbox 382 2428 3668 2510; baseline -0.003 -14"><span class='ocrx_word' id='word_1_332' title='bbox 382 2439 545 2496; x_wconf 89' lang='lat' dir='ltr'>niens</span> <span class='ocrx_word' id='word_1_333' title='bbox 564 2439 798 2510; x_wconf 83' lang='lat' dir='ltr'>angelus</span> <span class='ocrx_word' id='word_1_334' title='bbox 821 2438 880 2492; x_wconf 92' lang='lat' dir='ltr'>in</span> <span class='ocrx_word' id='word_1_335' title='bbox 908 2436 1140 2503; x_wconf 90' lang='lat' dir='ltr'>somnis,</span> <span class='ocrx_word' id='word_1_336' title='bbox 1172 2434 1224 2490; x_wconf 92' lang='lat' dir='ltr'>ei</span> <span class='ocrx_word' id='word_1_337' title='bbox 1251 2433 1426 2489; x_wconf 90' lang='lat' dir='ltr'>dixit:</span> <span class='ocrx_word' id='word_1_338' title='bbox 1453 2432 1631 2502; x_wconf 87' lang='lat' dir='ltr'>Surge</span> <span class='ocrx_word' id='word_1_339' title='bbox 1674 2434 1733 2483; x_wconf 91' lang='lat' dir='ltr'>et</span> <span class='ocrx_word' id='word_1_340' title='bbox 1758 2428 1892 2483; x_wconf 88' lang='lat' dir='ltr'>tolle</span> <span class='ocrx_word' id='word_1_341' title='bbox 1916 2444 1984 2481; x_wconf 86' lang='lat' dir='ltr'>ea</span> <span class='ocrx_word' id='word_1_342' title='bbox 2064 2429 2156 2484; x_wconf 91' lang='lat' dir='ltr'>die</span> <span class='ocrx_word' id='word_1_343' title='bbox 2185 2429 2334 2484; x_wconf 91' lang='lat' dir='ltr'>enim</span> <span class='ocrx_word' id='word_1_344' title='bbox 2363 2431 2434 2484; x_wconf 87' lang='lat' dir='ltr'>ad</span> <span class='ocrx_word' id='word_1_345' title='bbox 2464 2447 2567 2485; x_wconf 89' lang='lat' dir='ltr'>nos</span> <span class='ocrx_word' id='word_1_346' title='bbox 2590 2432 2816 2486; x_wconf 91' lang='lat' dir='ltr'>venient</span> <span class='ocrx_word' id='word_1_347' title='bbox 2838 2433 3025 2505; x_wconf 88' lang='lat' dir='ltr'>plures</span> <span class='ocrx_word' id='word_1_348' title='bbox 3048 2432 3267 2488; x_wconf 82' lang='lat' dir='ltr'>fratres.</span> <span class='ocrx_word' id='word_1_349' title='bbox 3292 2432 3435 2487; x_wconf 89' lang='lat' dir='ltr'>Cum</span> <span class='ocrx_word' id='word_1_350' title='bbox 3465 2431 3547 2486; x_wconf 90' lang='lat' dir='ltr'>illi</span> <span class='ocrx_word' id='word_1_351' title='bbox 3569 2447 3668 2486; x_wconf 86' lang='lat' dir='ltr'>au-</span> 
     </span>
    </p>
   </div>
   <div class='ocr_carea' id='block_1_37' title="bbox 383 2516 3665 2601">
    <p class='ocr_par' dir='ltr' id='par_1_37' title="bbox 383 2516 3665 2601">
     <span class='ocr_line' id='line_1_37' title="bbox 383 2516 3665 2601; baseline -0.003 -16"><span class='ocrx_word' id='word_1_352' title='bbox 383 2545 507 2601; x_wconf 67' lang='lat' dir='ltr'>qua:</span> <span class='ocrx_word' id='word_1_353' title='bbox 535 2528 914 2593; x_wconf 89' lang='lat' dir='ltr'>inveniuntur,</span> <span class='ocrx_word' id='word_1_354' title='bbox 960 2532 1018 2581; x_wconf 92' lang='lat' dir='ltr'>et</span> <span class='ocrx_word' id='word_1_355' title='bbox 1054 2522 1304 2579; x_wconf 88' lang='lat' dir='ltr'>comede.</span> <span class='ocrx_word' id='word_1_356' title='bbox 1333 2523 1389 2577; x_wconf 89' lang='lat' dir='ltr'>Is</span> <span class='ocrx_word' id='word_1_357' title='bbox 1413 2526 1604 2575; x_wconf 87' lang='lat' dir='ltr'>autem</span> <span class='ocrx_word' id='word_1_358' title='bbox 1633 2516 1894 2581; x_wconf 83' lang='lat' dir='ltr'>surrexit,</span> <span class='ocrx_word' id='word_1_359' title='bbox 1926 2521 1985 2570; x_wconf 90' lang='lat' dir='ltr'>et</span> <span class='ocrx_word' id='word_1_360' title='bbox 2065 2523 2180 2572; x_wconf 90' lang='lat' dir='ltr'>tem</span> <span class='ocrx_word' id='word_1_361' title='bbox 2210 2518 2394 2574; x_wconf 90' lang='lat' dir='ltr'>adhuc</span> <span class='ocrx_word' id='word_1_362' title='bbox 2422 2527 2707 2591; x_wconf 87' lang='lat' dir='ltr'>pararent,</span> <span class='ocrx_word' id='word_1_363' title='bbox 2721 2521 3180 2594; x_wconf 89' lang='lat' dir='ltr'>supervenientes</span> <span class='ocrx_word' id='word_1_364' title='bbox 3198 2521 3402 2577; x_wconf 84' lang='lat' dir='ltr'>fratres</span> <span class='ocrx_word' id='word_1_365' title='bbox 3430 2538 3491 2576; x_wconf 88' lang='lat' dir='ltr'>se</span> <span class='ocrx_word' id='word_1_366' title='bbox 3516 2520 3665 2576; x_wconf 83' lang='lat' dir='ltr'>invi-</span> 
     </span>
    </p>
   </div>
   <div class='ocr_carea' id='block_1_38' title="bbox 382 2604 1984 2688">
    <p class='ocr_par' dir='ltr' id='par_1_38' title="bbox 382 2604 1984 2688">
     <span class='ocr_line' id='line_1_38' title="bbox 382 2604 1984 2688; baseline -0.009 -15"><span class='ocrx_word' id='word_1_367' title='bbox 382 2616 822 2688; x_wconf 79' lang='lat' dir='ltr'>circumquaque</span> <span class='ocrx_word' id='word_1_368' title='bbox 833 2614 1130 2686; x_wconf 89' lang='lat' dir='ltr'>aspiciens,</span> <span class='ocrx_word' id='word_1_369' title='bbox 1147 2612 1299 2666; x_wconf 87' lang='lat' dir='ltr'>videt</span> <span class='ocrx_word' id='word_1_370' title='bbox 1326 2610 1539 2664; x_wconf 89' lang='lat' dir='ltr'>fontem</span> <span class='ocrx_word' id='word_1_371' title='bbox 1564 2608 1622 2663; x_wconf 89' lang='lat' dir='ltr'>in</span> <span class='ocrx_word' id='word_1_372' title='bbox 1645 2605 1837 2661; x_wconf 92' lang='lat' dir='ltr'>orbem</span> <span class='ocrx_word' id='word_1_373' title='bbox 1859 2604 1984 2659; x_wconf 83' lang='lat' dir='ltr'>her-</span> 
     </span>
    </p>
   </div>
   <div class='ocr_carea' id='block_1_39' title="bbox 383 2701 1984 2774">
    <p class='ocr_par' dir='ltr' id='par_1_39' title="bbox 383 2701 1984 2774">
     <span class='ocr_line' id='line_1_39' title="bbox 383 2701 1984 2774; baseline -0.008 -13"><span class='ocrx_word' id='word_1_374' title='bbox 383 2704 484 2761; x_wconf 88' lang='lat' dir='ltr'>bas</span> <span class='ocrx_word' id='word_1_375' title='bbox 513 2705 782 2760; x_wconf 87' lang='lat' dir='ltr'>delicatas</span> <span class='ocrx_word' id='word_1_376' title='bbox 804 2702 1171 2774; x_wconf 89' lang='lat' dir='ltr'>germinasse.</span> <span class='ocrx_word' id='word_1_377' title='bbox 1187 2701 1330 2755; x_wconf 92' lang='lat' dir='ltr'>Cum</span> <span class='ocrx_word' id='word_1_378' title='bbox 1351 2703 1540 2753; x_wconf 90' lang='lat' dir='ltr'>autem</span> <span class='ocrx_word' id='word_1_379' title='bbox 1553 2701 1610 2752; x_wconf 92' lang='lat' dir='ltr'>et</span> <span class='ocrx_word' id='word_1_380' title='bbox 1624 2701 1818 2768; x_wconf 91' lang='lat' dir='ltr'>potum</span> <span class='ocrx_word' id='word_1_381' title='bbox 1833 2711 1984 2749; x_wconf 87' lang='lat' dir='ltr'>sum-</span> 
     </span>
    </p>
   </div>
   <div class='ocr_carea' id='block_1_40' title="bbox 382 2785 1982 2866">
    <p class='ocr_par' dir='ltr' id='par_1_40' title="bbox 382 2785 1982 2866">
     <span class='ocr_line' id='line_1_40' title="bbox 382 2785 1982 2866; baseline -0.008 -16"><span class='ocrx_word' id='word_1_382' title='bbox 382 2794 606 2866; x_wconf 90' lang='lat' dir='ltr'>psisset,</span> <span class='ocrx_word' id='word_1_383' title='bbox 621 2798 679 2849; x_wconf 92' lang='lat' dir='ltr'>et</span> <span class='ocrx_word' id='word_1_384' title='bbox 696 2792 1029 2848; x_wconf 86' lang='lat' dir='ltr'>comedisset</span> <span class='ocrx_word' id='word_1_385' title='bbox 1039 2791 1211 2856; x_wconf 88' lang='lat' dir='ltr'>olera,</span> <span class='ocrx_word' id='word_1_386' title='bbox 1232 2785 1553 2843; x_wconf 82' lang='lat' dir='ltr'>afﬁrmabat</span> <span class='ocrx_word' id='word_1_387' title='bbox 1571 2785 1713 2840; x_wconf 89' lang='lat' dir='ltr'>nihil</span> <span class='ocrx_word' id='word_1_388' title='bbox 1731 2800 1982 2856; x_wconf 90' lang='lat' dir='ltr'>unquam</span> 
     </span>
    </p>
   </div>
   <div class='ocr_carea' id='block_1_41' title="bbox 380 2874 1983 2954">
    <p class='ocr_par' dir='ltr' id='par_1_41' title="bbox 380 2874 1983 2954">
     <span class='ocr_line' id='line_1_41' title="bbox 380 2874 1983 2954; baseline -0.007 -16"><span class='ocrx_word' id='word_1_389' title='bbox 380 2882 488 2938; x_wconf 88' lang='lat' dir='ltr'>sibi</span> <span class='ocrx_word' id='word_1_390' title='bbox 516 2882 686 2938; x_wconf 89' lang='lat' dir='ltr'>fuisse</span> <span class='ocrx_word' id='word_1_391' title='bbox 696 2881 1021 2954; x_wconf 88' lang='lat' dir='ltr'>jucundius.</span> <span class='ocrx_word' id='word_1_392' title='bbox 1036 2880 1175 2935; x_wconf 91' lang='lat' dir='ltr'>Cum</span> <span class='ocrx_word' id='word_1_393' title='bbox 1198 2894 1427 2950; x_wconf 89' lang='lat' dir='ltr'>parvam</span> <span class='ocrx_word' id='word_1_394' title='bbox 1449 2881 1637 2931; x_wconf 90' lang='lat' dir='ltr'>autem</span> <span class='ocrx_word' id='word_1_395' title='bbox 1657 2874 1983 2946; x_wconf 87' lang='lat' dir='ltr'>speluncam</span> 
     </span>
    </p>
   </div>
   <div class='ocr_carea' id='block_1_42' title="bbox 381 2962 1977 3037">
    <p class='ocr_par' dir='ltr' id='par_1_42' title="bbox 381 2962 1977 3037">
     <span class='ocr_line' id='line_1_42' title="bbox 381 2962 1977 3037; baseline -0.006 -11"><span class='ocrx_word' id='word_1_396' title='bbox 381 2970 580 3027; x_wconf 89' lang='lat' dir='ltr'>inloco</span> <span class='ocrx_word' id='word_1_397' title='bbox 605 2969 929 3035; x_wconf 90' lang='lat' dir='ltr'>invenisset,</span> <span class='ocrx_word' id='word_1_398' title='bbox 961 2966 1173 3022; x_wconf 88' lang='lat' dir='ltr'>mansit</span> <span class='ocrx_word' id='word_1_399' title='bbox 1200 2965 1315 3020; x_wconf 92' lang='lat' dir='ltr'>illic</span> <span class='ocrx_word' id='word_1_400' title='bbox 1345 2980 1553 3037; x_wconf 81' lang='lat' dir='ltr'>paucos</span> <span class='ocrx_word' id='word_1_401' title='bbox 1581 2962 1702 3017; x_wconf 88' lang='lat' dir='ltr'>dies</span> <span class='ocrx_word' id='word_1_402' title='bbox 1724 2962 1977 3033; x_wconf 89' lang='lat' dir='ltr'>jejunus.</span> 
     </span>
    </p>
   </div>
   <div class='ocr_carea' id='block_1_43' title="bbox 378 3049 1975 3130">
    <p class='ocr_par' dir='ltr' id='par_1_43' title="bbox 378 3049 1975 3130">
     <span class='ocr_line' id='line_1_43' title="bbox 378 3049 1975 3130; baseline -0.009 -14"><span class='ocrx_word' id='word_1_403' title='bbox 378 3059 486 3116; x_wconf 87' lang='lat' dir='ltr'>Ubi</span> <span class='ocrx_word' id='word_1_404' title='bbox 513 3064 704 3115; x_wconf 89' lang='lat' dir='ltr'>autem</span> <span class='ocrx_word' id='word_1_405' title='bbox 731 3057 932 3130; x_wconf 82' lang='lat' dir='ltr'>egebat</span> <span class='ocrx_word' id='word_1_406' title='bbox 957 3057 1247 3120; x_wconf 78' lang='lat' dir='ltr'>alimento,</span> <span class='ocrx_word' id='word_1_407' title='bbox 1280 3053 1479 3109; x_wconf 80' lang='lat' dir='ltr'>ambat</span> <span class='ocrx_word' id='word_1_408' title='bbox 1507 3051 1666 3107; x_wconf 84' lang='lat' dir='ltr'>ﬂexis</span> <span class='ocrx_word' id='word_1_409' title='bbox 1695 3049 1932 3121; x_wconf 89' lang='lat' dir='ltr'>genibus</span> <span class='ocrx_word' id='word_1_410' title='bbox 1963 3067 1975 3103; x_wconf 90' lang='lat'>:</span> 
     </span>
    </p>
   </div>
   <div class='ocr_carea' id='block_1_44' title="bbox 2064 2608 2541 2664">
    <p class='ocr_par' dir='ltr' id='par_1_44' title="bbox 2064 2608 2541 2664">
     <span class='ocr_line' id='line_1_44' title="bbox 2064 2608 2541 2664; baseline 0.006 -3"><span class='ocrx_word' id='word_1_411' title='bbox 2064 2624 2183 2662; x_wconf 86' lang='lat' dir='ltr'>cem</span> <span class='ocrx_word' id='word_1_412' title='bbox 2205 2608 2541 2664; x_wconf 87' lang='lat' dir='ltr'>salutarunt.</span> 
     </span>
    </p>
   </div>
   <div class='ocr_carea' id='block_1_45' title="bbox 2136 2698 3662 2773">
    <p class='ocr_par' dir='ltr' id='par_1_45' title="bbox 2136 2698 3662 2773">
     <span class='ocr_line' id='line_1_45' title="bbox 2136 2698 3662 2773; baseline 0.003 -22"><span class='ocrx_word' id='word_1_413' title='bbox 2136 2698 2376 2768; x_wconf 86' lang='lat' dir='ltr'>Rogavit</span> <span class='ocrx_word' id='word_1_414' title='bbox 2401 2704 2592 2754; x_wconf 89' lang='lat' dir='ltr'>autem</span> <span class='ocrx_word' id='word_1_415' title='bbox 2640 2716 2767 2755; x_wconf 91' lang='lat' dir='ltr'>eum</span> <span class='ocrx_word' id='word_1_416' title='bbox 2800 2700 3029 2773; x_wconf 90' lang='lat' dir='ltr'>quidam</span> <span class='ocrx_word' id='word_1_417' title='bbox 3055 2717 3121 2755; x_wconf 87' lang='lat' dir='ltr'>ex</span> <span class='ocrx_word' id='word_1_418' title='bbox 3151 2699 3440 2767; x_wconf 88' lang='lat' dir='ltr'>fratribus,</span> <span class='ocrx_word' id='word_1_419' title='bbox 3468 2701 3662 2756; x_wconf 88' lang='lat' dir='ltr'>volens</span> 
     </span>
    </p>
   </div>
   <div class='ocr_carea' id='block_1_46' title="bbox 2064 2789 3664 2859">
    <p class='ocr_par' dir='ltr' id='par_1_46' title="bbox 2064 2789 3664 2859">
     <span class='ocr_line' id='line_1_46' title="bbox 2064 2789 3664 2859; baseline 0.003 -19"><span class='ocrx_word' id='word_1_420' title='bbox 2064 2801 2180 2841; x_wconf 89' lang='lat' dir='ltr'>una</span> <span class='ocrx_word' id='word_1_421' title='bbox 2206 2803 2332 2842; x_wconf 91' lang='lat' dir='ltr'>cum</span> <span class='ocrx_word' id='word_1_422' title='bbox 2367 2805 2433 2843; x_wconf 94' lang='lat' dir='ltr'>eo</span> <span class='ocrx_word' id='word_1_423' title='bbox 2462 2789 2667 2859; x_wconf 86' lang='lat' dir='ltr'>degere</span> <span class='ocrx_word' id='word_1_424' title='bbox 2693 2789 2752 2844; x_wconf 90' lang='lat' dir='ltr'>in</span> <span class='ocrx_word' id='word_1_425' title='bbox 2783 2790 3025 2845; x_wconf 90' lang='lat' dir='ltr'>deserto.</span> <span class='ocrx_word' id='word_1_426' title='bbox 3047 2790 3124 2844; x_wconf 89' lang='lat' dir='ltr'>Eo</span> <span class='ocrx_word' id='word_1_427' title='bbox 3145 2796 3337 2844; x_wconf 89' lang='lat' dir='ltr'>autem</span> <span class='ocrx_word' id='word_1_428' title='bbox 3365 2794 3553 2857; x_wconf 54' lang='lat'>355</span> <span class='ocrx_word' id='word_1_429' title='bbox 3581 2790 3664 2844; x_wconf 87' lang='lat' dir='ltr'>di-</span> 
     </span>
    </p>
   </div>
   <div class='ocr_carea' id='block_1_47' title="bbox 2064 2877 3663 2949">
    <p class='ocr_par' dir='ltr' id='par_1_47' title="bbox 2064 2877 3663 2949">
     <span class='ocr_line' id='line_1_47' title="bbox 2064 2877 3663 2949; baseline 0.003 -20"><span class='ocrx_word' id='word_1_430' title='bbox 2064 2879 2226 2930; x_wconf 89' lang='lat' dir='ltr'>cente</span> <span class='ocrx_word' id='word_1_431' title='bbox 2256 2893 2369 2931; x_wconf 92' lang='lat' dir='ltr'>non</span> <span class='ocrx_word' id='word_1_432' title='bbox 2403 2894 2566 2949; x_wconf 86' lang='lat' dir='ltr'>posse</span> <span class='ocrx_word' id='word_1_433' title='bbox 2605 2877 2765 2933; x_wconf 90' lang='lat' dir='ltr'>illum</span> <span class='ocrx_word' id='word_1_434' title='bbox 2792 2879 3072 2933; x_wconf 90' lang='lat' dir='ltr'>sustinere</span> <span class='ocrx_word' id='word_1_435' title='bbox 3090 2879 3429 2934; x_wconf 88' lang='lat' dir='ltr'>tentationes</span> <span class='ocrx_word' id='word_1_436' title='bbox 3457 2879 3663 2934; x_wconf 59' lang='lat' dir='ltr'>daemo-</span> 
     </span>
    </p>
   </div>
   <div class='ocr_carea' id='block_1_48' title="bbox 2065 2964 3663 3032">
    <p class='ocr_par' dir='ltr' id='par_1_48' title="bbox 2065 2964 3663 3032">
     <span class='ocr_line' id='line_1_48' title="bbox 2065 2964 3663 3032; baseline 0.003 -15"><span class='ocrx_word' id='word_1_437' title='bbox 2065 2979 2223 3032; x_wconf 91' lang='lat' dir='ltr'>num,</span> <span class='ocrx_word' id='word_1_438' title='bbox 2247 2964 2295 3019; x_wconf 88' lang='lat' dir='ltr'>is</span> <span class='ocrx_word' id='word_1_439' title='bbox 2334 2966 2715 3021; x_wconf 87' lang='lat' dir='ltr'>contentiosus</span> <span class='ocrx_word' id='word_1_440' title='bbox 2741 2984 2802 3022; x_wconf 91' lang='lat' dir='ltr'>se</span> <span class='ocrx_word' id='word_1_441' title='bbox 2830 2967 3020 3023; x_wconf 90' lang='lat' dir='ltr'>omnia</span> <span class='ocrx_word' id='word_1_442' title='bbox 3046 2968 3415 3022; x_wconf 87' lang='lat' dir='ltr'>toleraturum</span> <span class='ocrx_word' id='word_1_443' title='bbox 3445 2984 3663 3022; x_wconf 60' lang='lat' dir='ltr'>asseveo</span> 
     </span>
    </p>
   </div>
   <div class='ocr_carea' id='block_1_49' title="bbox 2065 3053 3660 3129">
    <p class='ocr_par' dir='ltr' id='par_1_49' title="bbox 2065 3053 3660 3129">
     <span class='ocr_line' id='line_1_49' title="bbox 2065 3053 3660 3129; baseline 0.003 -22"><span class='ocrx_word' id='word_1_444' title='bbox 2065 3053 2231 3108; x_wconf 88' lang='lat' dir='ltr'>ravit.</span> <span class='ocrx_word' id='word_1_445' title='bbox 2265 3056 2407 3110; x_wconf 90' lang='lat' dir='ltr'>Cum</span> <span class='ocrx_word' id='word_1_446' title='bbox 2435 3072 2564 3111; x_wconf 91' lang='lat' dir='ltr'>eum</span> <span class='ocrx_word' id='word_1_447' title='bbox 2596 3062 2786 3111; x_wconf 86' lang='lat' dir='ltr'>autem</span> <span class='ocrx_word' id='word_1_448' title='bbox 2834 3057 3163 3129; x_wconf 87' lang='lat' dir='ltr'>excepisset,</span> <span class='ocrx_word' id='word_1_449' title='bbox 3190 3056 3362 3128; x_wconf 88' lang='lat' dir='ltr'>jussit</span> <span class='ocrx_word' id='word_1_450' title='bbox 3402 3056 3660 3112; x_wconf 83' lang='lat' dir='ltr'>habitare</span> 
     </span>
    </p>
   </div>
   <div class='ocr_carea' id='block_1_50' title="bbox 378 3114 3661 3221">
    <p class='ocr_par' dir='ltr' id='par_1_50' title="bbox 378 3114 3661 3221">
     <span class='ocr_line' id='line_1_50' title="bbox 378 3114 3661 3221; baseline -0.001 -16"><span class='ocrx_word' id='word_1_451' title='bbox 378 3149 433 3204; x_wconf 89' lang='lat' dir='ltr'>ei</span> <span class='ocrx_word' id='word_1_452' title='bbox 452 3154 643 3205; x_wconf 89' lang='lat' dir='ltr'>autem</span> <span class='ocrx_word' id='word_1_453' title='bbox 672 3114 930 3221; x_wconf 70' lang='lat' dir='ltr'>protinus</span> <span class='ocrx_word' id='word_1_454' title='bbox 947 3114 1375 3217; x_wconf 81' lang='lat' dir='ltr'>apponebantur</span> <span class='ocrx_word' id='word_1_455' title='bbox 1394 3142 1683 3198; x_wconf 87' lang='lat' dir='ltr'>esculenta</span> <span class='ocrx_word' id='word_1_456' title='bbox 1697 3114 2041 3207; x_wconf 61' lang='lat' dir='ltr'>omnimetc</span> <span class='ocrx_word' id='word_1_457' title='bbox 2064 3142 2123 3196; x_wconf 90' lang='lat' dir='ltr'>in</span> <span class='ocrx_word' id='word_1_458' title='bbox 2152 3143 2266 3197; x_wconf 85' lang='lat' dir='ltr'>alia</span> <span class='ocrx_word' id='word_1_459' title='bbox 2296 3145 2581 3215; x_wconf 89' lang='lat' dir='ltr'>spelunca.</span> <span class='ocrx_word' id='word_1_460' title='bbox 2614 3146 2701 3200; x_wconf 81' lang='lat' dir='ltr'>Ad</span> <span class='ocrx_word' id='word_1_461' title='bbox 2724 3163 2853 3201; x_wconf 89' lang='lat' dir='ltr'>eum</span> <span class='ocrx_word' id='word_1_462' title='bbox 2878 3114 3070 3202; x_wconf 63' lang='lat' dir='ltr'>autem</span> <span class='ocrx_word' id='word_1_463' title='bbox 3097 3114 3267 3201; x_wconf 66' lang='lat' dir='ltr'>noctu</span> <span class='ocrx_word' id='word_1_464' title='bbox 3295 3146 3661 3201; x_wconf 85' lang='lat' dir='ltr'>adventantes</span> 
     </span>
    </p>
   </div>
   <div class='ocr_carea' id='block_1_51' title="bbox 377 3232 1601 3310">
    <p class='ocr_par' dir='ltr' id='par_1_51' title="bbox 377 3232 1601 3310">
     <span class='ocr_line' id='line_1_51' title="bbox 377 3232 1601 3310; baseline -0.007 -16"><span class='ocrx_word' id='word_1_465' title='bbox 377 3238 539 3310; x_wconf 90' lang='lat' dir='ltr'>panis</span> <span class='ocrx_word' id='word_1_466' title='bbox 566 3237 799 3304; x_wconf 88' lang='lat' dir='ltr'>calidus,</span> <span class='ocrx_word' id='word_1_467' title='bbox 829 3241 887 3291; x_wconf 95' lang='lat' dir='ltr'>et</span> <span class='ocrx_word' id='word_1_468' title='bbox 912 3236 1088 3303; x_wconf 77' lang='lat' dir='ltr'>olivae,</span> <span class='ocrx_word' id='word_1_469' title='bbox 1121 3238 1179 3289; x_wconf 92' lang='lat' dir='ltr'>et</span> <span class='ocrx_word' id='word_1_470' title='bbox 1198 3232 1340 3288; x_wconf 89' lang='lat' dir='ltr'>varii</span> <span class='ocrx_word' id='word_1_471' title='bbox 1366 3232 1601 3287; x_wconf 91' lang='lat' dir='ltr'>fructus.</span> 
     </span>
    </p>
   </div>
   <div class='ocr_carea' id='block_1_52' title="bbox 439 3322 1979 3399">
    <p class='ocr_par' dir='ltr' id='par_1_52' title="bbox 439 3322 1979 3399">
     <span class='ocr_line' id='line_1_52' title="bbox 439 3322 1979 3399; baseline -0.006 -16"><span class='ocrx_word' id='word_1_472' title='bbox 439 3326 758 3399; x_wconf 85' lang='lat' dir='ltr'>Aliquando</span> <span class='ocrx_word' id='word_1_473' title='bbox 781 3332 972 3381; x_wconf 79' lang='lat' dir='ltr'>autem</span> <span class='ocrx_word' id='word_1_474' title='bbox 995 3322 1187 3379; x_wconf 89' lang='lat' dir='ltr'>invisit</span> <span class='ocrx_word' id='word_1_475' title='bbox 1211 3322 1415 3376; x_wconf 86' lang='lat' dir='ltr'>fratres</span> <span class='ocrx_word' id='word_1_476' title='bbox 1444 3337 1578 3376; x_wconf 90' lang='lat' dir='ltr'>suos</span> <span class='ocrx_word' id='word_1_477' title='bbox 1601 3338 1613 3374; x_wconf 89' lang='lat'>:</span> <span class='ocrx_word' id='word_1_478' title='bbox 1648 3325 1705 3375; x_wconf 90' lang='lat' dir='ltr'>et</span> <span class='ocrx_word' id='word_1_479' title='bbox 1732 3336 1858 3375; x_wconf 90' lang='lat' dir='ltr'>cum</span> <span class='ocrx_word' id='word_1_480' title='bbox 1883 3335 1979 3373; x_wconf 91' lang='lat' dir='ltr'>eos</span> 
     </span>
    </p>
   </div>
   <div class='ocr_carea' id='block_1_53' title="bbox 380 3408 1979 3481">
    <p class='ocr_par' dir='ltr' id='par_1_53' title="bbox 380 3408 1979 3481">
     <span class='ocr_line' id='line_1_53' title="bbox 380 3408 1979 3481; baseline -0.005 -10"><span class='ocrx_word' id='word_1_481' title='bbox 380 3416 623 3471; x_wconf 90' lang='lat' dir='ltr'>multum</span> <span class='ocrx_word' id='word_1_482' title='bbox 653 3415 983 3481; x_wconf 90' lang='lat' dir='ltr'>monuisset,</span> <span class='ocrx_word' id='word_1_483' title='bbox 1024 3410 1400 3468; x_wconf 88' lang='lat' dir='ltr'>contendebat</span> <span class='ocrx_word' id='word_1_484' title='bbox 1426 3410 1484 3465; x_wconf 91' lang='lat' dir='ltr'>in</span> <span class='ocrx_word' id='word_1_485' title='bbox 1513 3410 1817 3476; x_wconf 89' lang='lat' dir='ltr'>desertum,</span> <span class='ocrx_word' id='word_1_486' title='bbox 1842 3408 1979 3463; x_wconf 73' lang='lat' dir='ltr'>alie-</span> 
     </span>
    </p>
   </div>
   <div class='ocr_carea' id='block_1_54' title="bbox 377 3496 1980 3578">
    <p class='ocr_par' dir='ltr' id='par_1_54' title="bbox 377 3496 1980 3578">
     <span class='ocr_line' id='line_1_54' title="bbox 377 3496 1980 3578; baseline -0.007 -17"><span class='ocrx_word' id='word_1_487' title='bbox 377 3521 510 3561; x_wconf 86' lang='lat' dir='ltr'>rens</span> <span class='ocrx_word' id='word_1_488' title='bbox 535 3504 791 3578; x_wconf 65' lang='lat' dir='ltr'>quaedam</span> <span class='ocrx_word' id='word_1_489' title='bbox 835 3503 906 3558; x_wconf 89' lang='lat' dir='ltr'>ad</span> <span class='ocrx_word' id='word_1_490' title='bbox 938 3518 1103 3558; x_wconf 88' lang='lat' dir='ltr'>usum</span> <span class='ocrx_word' id='word_1_491' title='bbox 1139 3499 1473 3557; x_wconf 89' lang='lat' dir='ltr'>necessaria.</span> <span class='ocrx_word' id='word_1_492' title='bbox 1505 3500 1648 3555; x_wconf 89' lang='lat' dir='ltr'>Cum</span> <span class='ocrx_word' id='word_1_493' title='bbox 1677 3504 1869 3553; x_wconf 89' lang='lat' dir='ltr'>autem</span> <span class='ocrx_word' id='word_1_494' title='bbox 1896 3496 1980 3551; x_wconf 89' lang='lat' dir='ltr'>vi-</span> 
     </span>
    </p>
   </div>
   <div class='ocr_carea' id='block_1_55' title="bbox 378 3587 1980 3667">
    <p class='ocr_par' dir='ltr' id='par_1_55' title="bbox 378 3587 1980 3667">
     <span class='ocr_line' id='line_1_55' title="bbox 378 3587 1980 3667; baseline -0.006 -17"><span class='ocrx_word' id='word_1_495' title='bbox 378 3594 556 3650; x_wconf 88' lang='lat' dir='ltr'>disset</span> <span class='ocrx_word' id='word_1_496' title='bbox 574 3592 846 3667; x_wconf 88' lang='lat' dir='ltr'>quosdam</span> <span class='ocrx_word' id='word_1_497' title='bbox 875 3607 1115 3662; x_wconf 84' lang='lat' dir='ltr'>onagros</span> <span class='ocrx_word' id='word_1_498' title='bbox 1140 3595 1450 3663; x_wconf 87' lang='lat' dir='ltr'>pascentes,</span> <span class='ocrx_word' id='word_1_499' title='bbox 1470 3588 1552 3644; x_wconf 92' lang='lat' dir='ltr'>ait</span> <span class='ocrx_word' id='word_1_500' title='bbox 1581 3587 1717 3659; x_wconf 89' lang='lat' dir='ltr'>ipsis</span> <span class='ocrx_word' id='word_1_501' title='bbox 1749 3606 1761 3641; x_wconf 90' lang='lat'><strong>:</strong></span> <span class='ocrx_word' id='word_1_502' title='bbox 1796 3587 1861 3641; x_wconf 91' lang='lat' dir='ltr'>In</span> <span class='ocrx_word' id='word_1_503' title='bbox 1883 3602 1980 3641; x_wconf 86' lang='lat' dir='ltr'>no-</span> 
     </span>
    </p>
   </div>
   <div class='ocr_carea' id='block_1_56' title="bbox 380 3674 1979 3748">
    <p class='ocr_par' dir='ltr' id='par_1_56' title="bbox 380 3674 1979 3748">
     <span class='ocr_line' id='line_1_56' title="bbox 380 3674 1979 3748; baseline -0.007 -9"><span class='ocrx_word' id='word_1_504' title='bbox 380 3682 533 3739; x_wconf 91' lang='lat' dir='ltr'>mine</span> <span class='ocrx_word' id='word_1_505' title='bbox 558 3684 693 3739; x_wconf 86' lang='lat' dir='ltr'>Jesu</span> <span class='ocrx_word' id='word_1_506' title='bbox 722 3680 1153 3748; x_wconf 87' lang='lat' dir='ltr'>Christi,veniat</span> <span class='ocrx_word' id='word_1_507' title='bbox 1167 3695 1313 3735; x_wconf 88' lang='lat' dir='ltr'>unus</span> <span class='ocrx_word' id='word_1_508' title='bbox 1342 3695 1408 3733; x_wconf 86' lang='lat' dir='ltr'>ex</span> <span class='ocrx_word' id='word_1_509' title='bbox 1437 3677 1609 3744; x_wconf 85' lang='lat' dir='ltr'>vobis,</span> <span class='ocrx_word' id='word_1_510' title='bbox 1633 3681 1692 3731; x_wconf 93' lang='lat' dir='ltr'>et</span> <span class='ocrx_word' id='word_1_511' title='bbox 1709 3674 1979 3747; x_wconf 87' lang='lat' dir='ltr'>suscipiat</span> 
     </span>
    </p>
   </div>
   <div class='ocr_carea' id='block_1_57' title="bbox 379 3764 1976 3838">
    <p class='ocr_par' dir='ltr' id='par_1_57' title="bbox 379 3764 1976 3838">
     <span class='ocr_line' id='line_1_57' title="bbox 379 3764 1976 3838; baseline -0.006 -11"><span class='ocrx_word' id='word_1_512' title='bbox 379 3788 522 3828; x_wconf 91' lang='lat' dir='ltr'>onus</span> <span class='ocrx_word' id='word_1_513' title='bbox 540 3787 753 3827; x_wconf 88' lang='lat' dir='ltr'>meum.</span> <span class='ocrx_word' id='word_1_514' title='bbox 766 3772 822 3826; x_wconf 90' lang='lat' dir='ltr'>Is</span> <span class='ocrx_word' id='word_1_515' title='bbox 841 3776 1031 3825; x_wconf 89' lang='lat' dir='ltr'>autem</span> <span class='ocrx_word' id='word_1_516' title='bbox 1044 3768 1234 3824; x_wconf 86' lang='lat' dir='ltr'>statim</span> <span class='ocrx_word' id='word_1_517' title='bbox 1265 3768 1337 3823; x_wconf 89' lang='lat' dir='ltr'>ad</span> <span class='ocrx_word' id='word_1_518' title='bbox 1364 3767 1551 3838; x_wconf 90' lang='lat' dir='ltr'>ipsum</span> <span class='ocrx_word' id='word_1_519' title='bbox 1567 3764 1819 3821; x_wconf 90' lang='lat' dir='ltr'>accessit.</span> <span class='ocrx_word' id='word_1_520' title='bbox 1833 3764 1976 3818; x_wconf 91' lang='lat' dir='ltr'>Cum</span> 
     </span>
    </p>
   </div>
   <div class='ocr_carea' id='block_1_58' title="bbox 379 3853 1971 3931">
    <p class='ocr_par' dir='ltr' id='par_1_58' title="bbox 379 3853 1971 3931">
     <span class='ocr_line' id='line_1_58' title="bbox 379 3853 1971 3931; baseline -0.006 -16"><span class='ocrx_word' id='word_1_521' title='bbox 379 3866 571 3916; x_wconf 88' lang='lat' dir='ltr'>autem</span> <span class='ocrx_word' id='word_1_522' title='bbox 600 3859 1005 3931; x_wconf 89' lang='lat' dir='ltr'>supellectilem</span> <span class='ocrx_word' id='word_1_523' title='bbox 1030 3858 1081 3912; x_wconf 93' lang='lat' dir='ltr'>ei</span> <span class='ocrx_word' id='word_1_524' title='bbox 1113 3856 1488 3929; x_wconf 88' lang='lat' dir='ltr'>imposuisset,</span> <span class='ocrx_word' id='word_1_525' title='bbox 1505 3860 1563 3910; x_wconf 91' lang='lat' dir='ltr'>et</span> <span class='ocrx_word' id='word_1_526' title='bbox 1576 3855 1628 3909; x_wconf 89' lang='lat' dir='ltr'>ei</span> <span class='ocrx_word' id='word_1_527' title='bbox 1657 3853 1971 3919; x_wconf 89' lang='lat' dir='ltr'>insedisset,</span> 
     </span>
    </p>
   </div>
   <div class='ocr_carea' id='block_1_59' title="bbox 381 3940 1976 4020">
    <p class='ocr_par' dir='ltr' id='par_1_59' title="bbox 381 3940 1976 4020">
     <span class='ocr_line' id='line_1_59' title="bbox 381 3940 1976 4020; baseline -0.006 -17"><span class='ocrx_word' id='word_1_528' title='bbox 381 3964 497 4003; x_wconf 90' lang='lat' dir='ltr'>uno</span> <span class='ocrx_word' id='word_1_529' title='bbox 523 3948 616 4003; x_wconf 92' lang='lat' dir='ltr'>die</span> <span class='ocrx_word' id='word_1_530' title='bbox 645 3946 900 4020; x_wconf 91' lang='lat' dir='ltr'>pervenit</span> <span class='ocrx_word' id='word_1_531' title='bbox 938 3946 1010 4000; x_wconf 89' lang='lat' dir='ltr'>ad</span> <span class='ocrx_word' id='word_1_532' title='bbox 1048 3946 1393 4018; x_wconf 88' lang='lat' dir='ltr'>speluncam.</span> <span class='ocrx_word' id='word_1_533' title='bbox 1421 3946 1486 4000; x_wconf 92' lang='lat' dir='ltr'>In</span> <span class='ocrx_word' id='word_1_534' title='bbox 1514 3944 1630 3999; x_wconf 90' lang='lat' dir='ltr'>sole</span> <span class='ocrx_word' id='word_1_535' title='bbox 1653 3959 1782 3998; x_wconf 90' lang='lat' dir='ltr'>vero</span> <span class='ocrx_word' id='word_1_536' title='bbox 1810 3940 1882 3996; x_wconf 90' lang='lat' dir='ltr'>ab</span> <span class='ocrx_word' id='word_1_537' title='bbox 1910 3956 1976 3995; x_wconf 91' lang='lat' dir='ltr'>eo</span> 
     </span>
    </p>
   </div>
   <div class='ocr_carea' id='block_1_60' title="bbox 2063 3231 3660 3306">
    <p class='ocr_par' dir='ltr' id='par_1_60' title="bbox 2063 3231 3660 3306">
     <span class='ocr_line' id='line_1_60' title="bbox 2063 3231 3660 3306; baseline 0.003 -21"><span class='ocrx_word' id='word_1_538' title='bbox 2063 3231 2371 3301; x_wconf 67' lang='lat' dir='ltr'>daemones,</span> <span class='ocrx_word' id='word_1_539' title='bbox 2400 3251 2530 3289; x_wconf 91' lang='lat' dir='ltr'>eum</span> <span class='ocrx_word' id='word_1_540' title='bbox 2555 3235 2828 3290; x_wconf 71' lang='lat' dir='ltr'>suffocare</span> <span class='ocrx_word' id='word_1_541' title='bbox 2848 3234 3342 3306; x_wconf 89' lang='lat' dir='ltr'>aggrediebantur,</span> <span class='ocrx_word' id='word_1_542' title='bbox 3370 3251 3500 3290; x_wconf 89' lang='lat' dir='ltr'>cum</span> <span class='ocrx_word' id='word_1_543' title='bbox 3527 3252 3660 3290; x_wconf 88' lang='lat' dir='ltr'>eum</span> 
     </span>
    </p>
   </div>
   <div class='ocr_carea' id='block_1_61' title="bbox 2064 3320 3659 3396">
    <p class='ocr_par' dir='ltr' id='par_1_61' title="bbox 2064 3320 3659 3396">
     <span class='ocr_line' id='line_1_61' title="bbox 2064 3320 3659 3396; baseline 0.002 -21"><span class='ocrx_word' id='word_1_544' title='bbox 2064 3320 2309 3392; x_wconf 90' lang='lat' dir='ltr'>primum</span> <span class='ocrx_word' id='word_1_545' title='bbox 2337 3322 2597 3394; x_wconf 89' lang='lat' dir='ltr'>turpibus</span> <span class='ocrx_word' id='word_1_546' title='bbox 2619 3324 3048 3396; x_wconf 87' lang='lat' dir='ltr'>perturbassent</span> <span class='ocrx_word' id='word_1_547' title='bbox 3074 3323 3526 3395; x_wconf 85' lang='lat' dir='ltr'>cogitationibus.</span> <span class='ocrx_word' id='word_1_548' title='bbox 3560 3324 3659 3379; x_wconf 88' lang='lat' dir='ltr'>Ille</span> 
     </span>
    </p>
   </div>
   <div class='ocr_carea' id='block_1_62' title="bbox 2062 3412 3659 3485">
    <p class='ocr_par' dir='ltr' id='par_1_62' title="bbox 2062 3412 3659 3485">
     <span class='ocr_line' id='line_1_62' title="bbox 2062 3412 3659 3485; baseline 0.003 -23"><span class='ocrx_word' id='word_1_549' title='bbox 2062 3414 2253 3464; x_wconf 90' lang='lat' dir='ltr'>autem</span> <span class='ocrx_word' id='word_1_550' title='bbox 2309 3426 2610 3466; x_wconf 80' lang='lat' dir='ltr'>excurrens</span> <span class='ocrx_word' id='word_1_551' title='bbox 2666 3412 3010 3467; x_wconf 88' lang='lat' dir='ltr'>renuntiavit</span> <span class='ocrx_word' id='word_1_552' title='bbox 3060 3412 3252 3467; x_wconf 86' lang='lat' dir='ltr'>abbati</span> <span class='ocrx_word' id='word_1_553' title='bbox 3276 3412 3497 3468; x_wconf 86' lang='lat' dir='ltr'>Helleni</span> <span class='ocrx_word' id='word_1_554' title='bbox 3533 3430 3659 3485; x_wconf 65' lang='lat' dir='ltr'>qua:</span> 
     </span>
    </p>
   </div>
   <div class='ocr_carea' id='block_1_63' title="bbox 2063 3500 3659 3574">
    <p class='ocr_par' dir='ltr' id='par_1_63' title="bbox 2063 3500 3659 3574">
     <span class='ocr_line' id='line_1_63' title="bbox 2063 3500 3659 3574; baseline 0.004 -23"><span class='ocrx_word' id='word_1_555' title='bbox 2063 3503 2387 3553; x_wconf 86' lang='lat' dir='ltr'>evenerant.</span> <span class='ocrx_word' id='word_1_556' title='bbox 2412 3500 2536 3571; x_wconf 90' lang='lat' dir='ltr'>Ipse</span> <span class='ocrx_word' id='word_1_557' title='bbox 2560 3505 2752 3555; x_wconf 89' lang='lat' dir='ltr'>autem</span> <span class='ocrx_word' id='word_1_558' title='bbox 2777 3518 2906 3556; x_wconf 91' lang='lat' dir='ltr'>cum</span> <span class='ocrx_word' id='word_1_559' title='bbox 2935 3502 3059 3557; x_wconf 92' lang='lat' dir='ltr'>loco</span> <span class='ocrx_word' id='word_1_560' title='bbox 3081 3502 3319 3573; x_wconf 80' lang='lat' dir='ltr'>ﬁguram</span> <span class='ocrx_word' id='word_1_561' title='bbox 3350 3501 3659 3574; x_wconf 85' lang='lat' dir='ltr'>impressis-</span> 
     </span>
    </p>
   </div>
   <div class='ocr_carea' id='block_1_64' title="bbox 2060 3587 3656 3657">
    <p class='ocr_par' dir='ltr' id='par_1_64' title="bbox 2060 3587 3656 3657">
     <span class='ocr_line' id='line_1_64' title="bbox 2060 3587 3656 3657; baseline 0.004 -17"><span class='ocrx_word' id='word_1_562' title='bbox 2060 3590 2165 3652; x_wconf 90' lang='lat' dir='ltr'>set,</span> <span class='ocrx_word' id='word_1_563' title='bbox 2191 3587 2365 3657; x_wconf 87' lang='lat' dir='ltr'>jussit</span> <span class='ocrx_word' id='word_1_564' title='bbox 2390 3605 2522 3644; x_wconf 91' lang='lat' dir='ltr'>eum</span> <span class='ocrx_word' id='word_1_565' title='bbox 2550 3589 2754 3644; x_wconf 90' lang='lat' dir='ltr'>deinde</span> <span class='ocrx_word' id='word_1_566' title='bbox 2782 3606 3011 3645; x_wconf 89' lang='lat' dir='ltr'>manere</span> <span class='ocrx_word' id='word_1_567' title='bbox 3042 3606 3259 3645; x_wconf 88' lang='lat' dir='ltr'>secure.</span> <span class='ocrx_word' id='word_1_568' title='bbox 3291 3591 3434 3646; x_wconf 90' lang='lat' dir='ltr'>Cum</span> <span class='ocrx_word' id='word_1_569' title='bbox 3467 3595 3656 3646; x_wconf 84' lang='lat' dir='ltr'>autem</span> 
     </span>
    </p>
   </div>
   <div class='ocr_carea' id='block_1_65' title="bbox 2058 3674 3657 3751">
    <p class='ocr_par' dir='ltr' id='par_1_65' title="bbox 2058 3674 3657 3751">
     <span class='ocr_line' id='line_1_65' title="bbox 2058 3674 3657 3751; baseline 0.003 -21"><span class='ocrx_word' id='word_1_570' title='bbox 2058 3674 2361 3747; x_wconf 86' lang='lat' dir='ltr'>aliquando</span> <span class='ocrx_word' id='word_1_571' title='bbox 2385 3694 2559 3749; x_wconf 89' lang='lat' dir='ltr'>panes</span> <span class='ocrx_word' id='word_1_572' title='bbox 2588 3678 2640 3733; x_wconf 91' lang='lat' dir='ltr'>ei</span> <span class='ocrx_word' id='word_1_573' title='bbox 2688 3679 3023 3735; x_wconf 87' lang='lat' dir='ltr'>defecissent</span> <span class='ocrx_word' id='word_1_574' title='bbox 3044 3680 3101 3735; x_wconf 89' lang='lat' dir='ltr'>in</span> <span class='ocrx_word' id='word_1_575' title='bbox 3130 3678 3415 3751; x_wconf 89' lang='lat' dir='ltr'>spelunca,</span> <span class='ocrx_word' id='word_1_576' title='bbox 3449 3679 3657 3735; x_wconf 83' lang='lat' dir='ltr'>adven-</span> 
     </span>
    </p>
   </div>
   <div class='ocr_carea' id='block_1_66' title="bbox 2057 3766 3653 3838">
    <p class='ocr_par' dir='ltr' id='par_1_66' title="bbox 2057 3766 3653 3838">
     <span class='ocr_line' id='line_1_66' title="bbox 2057 3766 3653 3838; baseline 0.002 -19"><span class='ocrx_word' id='word_1_577' title='bbox 2057 3770 2185 3819; x_wconf 88' lang='lat' dir='ltr'>tans</span> <span class='ocrx_word' id='word_1_578' title='bbox 2204 3766 2439 3836; x_wconf 88' lang='lat' dir='ltr'>angelus</span> <span class='ocrx_word' id='word_1_579' title='bbox 2465 3766 2524 3822; x_wconf 91' lang='lat' dir='ltr'>in</span> <span class='ocrx_word' id='word_1_580' title='bbox 2535 3768 2716 3838; x_wconf 82' lang='lat' dir='ltr'>ﬁgura</span> <span class='ocrx_word' id='word_1_581' title='bbox 2746 3768 2936 3823; x_wconf 85' lang='lat' dir='ltr'>fratris</span> <span class='ocrx_word' id='word_1_582' title='bbox 2955 3769 3007 3823; x_wconf 91' lang='lat' dir='ltr'>ei</span> <span class='ocrx_word' id='word_1_583' title='bbox 3018 3769 3211 3824; x_wconf 89' lang='lat' dir='ltr'>attulit</span> <span class='ocrx_word' id='word_1_584' title='bbox 3220 3770 3653 3825; x_wconf 88' lang='lat' dir='ltr'>nutrimentum.</span> 
     </span>
    </p>
   </div>
   <div class='ocr_carea' id='block_1_67' title="bbox 2129 3854 3655 3930">
    <p class='ocr_par' dir='ltr' id='par_1_67' title="bbox 2129 3854 3655 3930">
     <span class='ocr_line' id='line_1_67' title="bbox 2129 3854 3655 3930; baseline 0.003 -21"><span class='ocrx_word' id='word_1_585' title='bbox 2129 3854 2344 3909; x_wconf 84' lang='lat' dir='ltr'>Rursus</span> <span class='ocrx_word' id='word_1_586' title='bbox 2371 3861 2562 3910; x_wconf 89' lang='lat' dir='ltr'>autem</span> <span class='ocrx_word' id='word_1_587' title='bbox 2582 3858 2768 3928; x_wconf 89' lang='lat' dir='ltr'>ipsum</span> <span class='ocrx_word' id='word_1_588' title='bbox 2787 3857 3089 3929; x_wconf 87' lang='lat' dir='ltr'>aliquando</span> <span class='ocrx_word' id='word_1_589' title='bbox 3119 3864 3435 3930; x_wconf 67' lang='lat' dir='ltr'>quaerentes</span> <span class='ocrx_word' id='word_1_590' title='bbox 3455 3859 3655 3914; x_wconf 60' lang='grc' dir='ltr'>ἰαῦ-εδ</span> 
     </span>
    </p>
   </div>
   <div class='ocr_carea' id='block_1_68' title="bbox 2058 3942 3655 4019">
    <p class='ocr_par' dir='ltr' id='par_1_68' title="bbox 2058 3942 3655 4019">
     <span class='ocr_line' id='line_1_68' title="bbox 2058 3942 3655 4019; baseline 0.004 -23"><span class='ocrx_word' id='word_1_591' title='bbox 2058 3942 2251 3998; x_wconf 89' lang='lat' dir='ltr'>decem</span> <span class='ocrx_word' id='word_1_592' title='bbox 2279 3960 2535 4012; x_wconf 90' lang='lat' dir='ltr'>numero,</span> <span class='ocrx_word' id='word_1_593' title='bbox 2566 3945 2835 4001; x_wconf 89' lang='lat' dir='ltr'>errabant</span> <span class='ocrx_word' id='word_1_594' title='bbox 2878 3963 2982 4018; x_wconf 92' lang='lat' dir='ltr'>per</span> <span class='ocrx_word' id='word_1_595' title='bbox 3007 3946 3389 4014; x_wconf 88' lang='lat' dir='ltr'>solitudinem,</span> <span class='ocrx_word' id='word_1_596' title='bbox 3412 3948 3655 4019; x_wconf 89' lang='lat' dir='ltr'>septimo</span> 
     </span>
    </p>
   </div>
   <div class='ocr_carea' id='block_1_69' title="bbox 383 4030 3658 4109">
    <p class='ocr_par' dir='ltr' id='par_1_69' title="bbox 383 4030 3658 4109">
     <span class='ocr_line' id='line_1_69' title="bbox 383 4030 3658 4109; baseline 0 -18"><span class='ocrx_word' id='word_1_597' title='bbox 383 4035 579 4108; x_wconf 87' lang='lat' dir='ltr'>positis</span> <span class='ocrx_word' id='word_1_598' title='bbox 607 4034 844 4109; x_wconf 89' lang='lat' dir='ltr'>panibus</span> <span class='ocrx_word' id='word_1_599' title='bbox 872 4040 931 4090; x_wconf 90' lang='lat' dir='ltr'>et</span> <span class='ocrx_word' id='word_1_600' title='bbox 965 4033 1261 4100; x_wconf 90' lang='lat' dir='ltr'>fructibus,</span> <span class='ocrx_word' id='word_1_601' title='bbox 1292 4049 1419 4088; x_wconf 91' lang='lat' dir='ltr'>cum</span> <span class='ocrx_word' id='word_1_602' title='bbox 1457 4033 1529 4088; x_wconf 87' lang='lat' dir='ltr'>ad</span> <span class='ocrx_word' id='word_1_603' title='bbox 1579 4048 1647 4087; x_wconf 91' lang='lat' dir='ltr'>ea</span> <span class='ocrx_word' id='word_1_604' title='bbox 1693 4030 1979 4086; x_wconf 88' lang='lat' dir='ltr'>venissent</span> <span class='ocrx_word' id='word_1_605' title='bbox 2053 4032 2176 4102; x_wconf 87' lang='lat' dir='ltr'>jam</span> <span class='ocrx_word' id='word_1_606' title='bbox 2200 4032 2290 4087; x_wconf 90' lang='lat' dir='ltr'>die</span> <span class='ocrx_word' id='word_1_607' title='bbox 2312 4033 2496 4103; x_wconf 90' lang='lat' dir='ltr'>jejuni</span> <span class='ocrx_word' id='word_1_608' title='bbox 2524 4040 2950 4105; x_wconf 89' lang='lat' dir='ltr'>permanentes;</span> <span class='ocrx_word' id='word_1_609' title='bbox 2981 4051 3107 4090; x_wconf 91' lang='lat' dir='ltr'>cum</span> <span class='ocrx_word' id='word_1_610' title='bbox 3134 4052 3263 4092; x_wconf 90' lang='lat' dir='ltr'>vero</span> <span class='ocrx_word' id='word_1_611' title='bbox 3291 4053 3390 4092; x_wconf 90' lang='lat' dir='ltr'>eos</span> <span class='ocrx_word' id='word_1_612' title='bbox 3416 4037 3658 4092; x_wconf 88' lang='lat' dir='ltr'>invenis-</span> 
     </span>
    </p>
   </div>
   <div class='ocr_carea' id='block_1_70' title="bbox 382 4118 1978 4195">
    <p class='ocr_par' dir='ltr' id='par_1_70' title="bbox 382 4118 1978 4195">
     <span class='ocr_line' id='line_1_70' title="bbox 382 4118 1978 4195; baseline -0.004 -15"><span class='ocrx_word' id='word_1_613' title='bbox 382 4127 532 4193; x_wconf 79' lang='lat' dir='ltr'>ferae,</span> <span class='ocrx_word' id='word_1_614' title='bbox 574 4130 640 4181; x_wconf 92' lang='lat' dir='ltr'>ut</span> <span class='ocrx_word' id='word_1_615' title='bbox 673 4125 856 4181; x_wconf 90' lang='lat' dir='ltr'>solent</span> <span class='ocrx_word' id='word_1_616' title='bbox 895 4123 966 4179; x_wconf 90' lang='lat' dir='ltr'>ad</span> <span class='ocrx_word' id='word_1_617' title='bbox 995 4124 1226 4191; x_wconf 88' lang='lat' dir='ltr'>fontem,</span> <span class='ocrx_word' id='word_1_618' title='bbox 1261 4128 1318 4178; x_wconf 91' lang='lat' dir='ltr'>et</span> <span class='ocrx_word' id='word_1_619' title='bbox 1344 4138 1518 4195; x_wconf 89' lang='lat' dir='ltr'>panes</span> <span class='ocrx_word' id='word_1_620' title='bbox 1546 4122 1729 4177; x_wconf 91' lang='lat' dir='ltr'>solum</span> <span class='ocrx_word' id='word_1_621' title='bbox 1757 4118 1978 4190; x_wconf 88' lang='lat' dir='ltr'>tetigis-</span> 
     </span>
    </p>
   </div>
   <div class='ocr_carea' id='block_1_71' title="bbox 380 4218 975 4284">
    <p class='ocr_par' dir='ltr' id='par_1_71' title="bbox 380 4218 975 4284">
     <span class='ocr_line' id='line_1_71' title="bbox 380 4218 975 4284; baseline -0.003 -13"><span class='ocrx_word' id='word_1_622' title='bbox 380 4220 526 4284; x_wconf 89' lang='lat' dir='ltr'>sent,</span> <span class='ocrx_word' id='word_1_623' title='bbox 555 4218 792 4270; x_wconf 71' lang='lat' dir='ltr'>mortuaz</span> <span class='ocrx_word' id='word_1_624' title='bbox 819 4219 975 4269; x_wconf 91' lang='lat' dir='ltr'>sunt.</span> 
     </span>
    </p>
   </div>
   <div class='ocr_carea' id='block_1_72' title="bbox 453 4298 1974 4375">
    <p class='ocr_par' dir='ltr' id='par_1_72' title="bbox 453 4298 1974 4375">
     <span class='ocr_line' id='line_1_72' title="bbox 453 4298 1974 4375; baseline -0.005 -16"><span class='ocrx_word' id='word_1_625' title='bbox 453 4303 702 4359; x_wconf 82' lang='lat' dir='ltr'>Accessit</span> <span class='ocrx_word' id='word_1_626' title='bbox 728 4307 920 4358; x_wconf 90' lang='lat' dir='ltr'>autem</span> <span class='ocrx_word' id='word_1_627' title='bbox 940 4301 1325 4375; x_wconf 87' lang='lat' dir='ltr'>aliquandoad</span> <span class='ocrx_word' id='word_1_628' title='bbox 1351 4301 1625 4374; x_wconf 86' lang='lat' dir='ltr'>quosdam</span> <span class='ocrx_word' id='word_1_629' title='bbox 1652 4298 1974 4363; x_wconf 84' lang='lat' dir='ltr'>monachos,</span> 
     </span>
    </p>
   </div>
   <div class='ocr_carea' id='block_1_73' title="bbox 2060 4121 3654 4207">
    <p class='ocr_par' dir='ltr' id='par_1_73' title="bbox 2060 4121 3654 4207">
     <span class='ocr_line' id='line_1_73' title="bbox 2060 4121 3654 4207; baseline 0.004 -33"><span class='ocrx_word' id='word_1_630' title='bbox 2060 4125 2163 4186; x_wconf 89' lang='lat' dir='ltr'>set,</span> <span class='ocrx_word' id='word_1_631' title='bbox 2174 4121 2344 4191; x_wconf 88' lang='lat' dir='ltr'>jussit</span> <span class='ocrx_word' id='word_1_632' title='bbox 2365 4122 2424 4176; x_wconf 91' lang='lat' dir='ltr'>in</span> <span class='ocrx_word' id='word_1_633' title='bbox 2447 4122 2716 4194; x_wconf 86' lang='lat' dir='ltr'>spelunca</span> <span class='ocrx_word' id='word_1_634' title='bbox 2744 4124 3049 4207; x_wconf 77' lang='lat' dir='ltr'>quiescere,</span> <span class='ocrx_word' id='word_1_635' title='bbox 3064 4125 3146 4180; x_wconf 90' lang='lat' dir='ltr'>illi</span> <span class='ocrx_word' id='word_1_636' title='bbox 3176 4140 3302 4180; x_wconf 86' lang='lat' dir='ltr'>vero</span> <span class='ocrx_word' id='word_1_637' title='bbox 3334 4143 3465 4182; x_wconf 89' lang='lat' dir='ltr'>eum</span> <span class='ocrx_word' id='word_1_638' title='bbox 3480 4126 3654 4181; x_wconf 87' lang='lat' dir='ltr'>victus</span> 
     </span>
    </p>
   </div>
   <div class='ocr_carea' id='block_1_74' title="bbox 2060 4208 3655 4288">
    <p class='ocr_par' dir='ltr' id='par_1_74' title="bbox 2060 4208 3655 4288">
     <span class='ocr_line' id='line_1_74' title="bbox 2060 4208 3655 4288; baseline 0.005 -26"><span class='ocrx_word' id='word_1_639' title='bbox 2060 4208 2493 4266; x_wconf 81' lang='lat' dir='ltr'>admonuerunt.</span> <span class='ocrx_word' id='word_1_640' title='bbox 2517 4212 2617 4268; x_wconf 92' lang='lat' dir='ltr'>Ille</span> <span class='ocrx_word' id='word_1_641' title='bbox 2646 4212 2742 4284; x_wconf 89' lang='lat' dir='ltr'>qui</span> <span class='ocrx_word' id='word_1_642' title='bbox 2764 4213 2904 4268; x_wconf 91' lang='lat' dir='ltr'>nihil</span> <span class='ocrx_word' id='word_1_643' title='bbox 2924 4212 3167 4269; x_wconf 89' lang='lat' dir='ltr'>habebat</span> <span class='ocrx_word' id='word_1_644' title='bbox 3193 4214 3344 4286; x_wconf 88' lang='lat' dir='ltr'>quod</span> <span class='ocrx_word' id='word_1_645' title='bbox 3372 4215 3454 4269; x_wconf 87' lang='lat' dir='ltr'>eis</span> <span class='ocrx_word' id='word_1_646' title='bbox 3479 4231 3655 4288; x_wconf 80' lang='lat' dir='ltr'>appo-</span> 
     </span>
    </p>
   </div>
   <div class='ocr_carea' id='block_1_75' title="bbox 2062 4300 3658 4375">
    <p class='ocr_par' dir='ltr' id='par_1_75' title="bbox 2062 4300 3658 4375">
     <span class='ocr_line' id='line_1_75' title="bbox 2062 4300 3658 4375; baseline 0.005 -24"><span class='ocrx_word' id='word_1_647' title='bbox 2062 4303 2240 4365; x_wconf 91' lang='lat' dir='ltr'>neret,</span> <span class='ocrx_word' id='word_1_648' title='bbox 2269 4300 2407 4354; x_wconf 83' lang='lat' dir='ltr'>dixit</span> <span class='ocrx_word' id='word_1_649' title='bbox 2432 4301 2541 4356; x_wconf 89' lang='lat' dir='ltr'>eis:</span> <span class='ocrx_word' id='word_1_650' title='bbox 2573 4302 2780 4357; x_wconf 90' lang='lat' dir='ltr'>Potens</span> <span class='ocrx_word' id='word_1_651' title='bbox 2807 4308 2893 4357; x_wconf 88' lang='lat' dir='ltr'>est</span> <span class='ocrx_word' id='word_1_652' title='bbox 2916 4301 3066 4358; x_wconf 89' lang='lat' dir='ltr'>Deus</span> <span class='ocrx_word' id='word_1_653' title='bbox 3091 4318 3345 4358; x_wconf 87' lang='lat' dir='ltr'>mensam</span> <span class='ocrx_word' id='word_1_654' title='bbox 3368 4320 3572 4375; x_wconf 89' lang='lat' dir='ltr'>parare</span> <span class='ocrx_word' id='word_1_655' title='bbox 3600 4304 3658 4359; x_wconf 90' lang='lat' dir='ltr'>in</span> 
     </span>
    </p>
   </div>
   <div class='ocr_carea' id='block_1_76' title="bbox 383 4386 3658 4467">
    <p class='ocr_par' dir='ltr' id='par_1_76' title="bbox 383 4386 3658 4467">
     <span class='ocr_line' id='line_1_76' title="bbox 383 4386 3658 4467; baseline -0.001 -18"><span class='ocrx_word' id='word_1_656' title='bbox 383 4409 513 4449; x_wconf 85' lang='lat' dir='ltr'>cum</span> <span class='ocrx_word' id='word_1_657' title='bbox 542 4398 692 4449; x_wconf 90' lang='lat' dir='ltr'>esset</span> <span class='ocrx_word' id='word_1_658' title='bbox 715 4392 836 4448; x_wconf 89' lang='lat' dir='ltr'>dies</span> <span class='ocrx_word' id='word_1_659' title='bbox 865 4390 1208 4458; x_wconf 90' lang='lat' dir='ltr'>Dominicus,</span> <span class='ocrx_word' id='word_1_660' title='bbox 1251 4396 1309 4445; x_wconf 90' lang='lat' dir='ltr'>et</span> <span class='ocrx_word' id='word_1_661' title='bbox 1348 4390 1490 4445; x_wconf 84' lang='lat' dir='ltr'>dixit</span> <span class='ocrx_word' id='word_1_662' title='bbox 1518 4389 1598 4444; x_wconf 88' lang='lat' dir='ltr'>eis</span> <span class='ocrx_word' id='word_1_663' title='bbox 1630 4407 1641 4443; x_wconf 92' lang='lat'>:</span> <span class='ocrx_word' id='word_1_664' title='bbox 1677 4390 1793 4443; x_wconf 90' lang='lat' dir='ltr'>Cur</span> <span class='ocrx_word' id='word_1_665' title='bbox 1815 4386 1981 4442; x_wconf 89' lang='lat' dir='ltr'>hodie</span> <span class='ocrx_word' id='word_1_666' title='bbox 2063 4386 2305 4443; x_wconf 89' lang='lat' dir='ltr'>deserto.</span> <span class='ocrx_word' id='word_1_667' title='bbox 2340 4390 2544 4444; x_wconf 88' lang='lat' dir='ltr'>Statim</span> <span class='ocrx_word' id='word_1_668' title='bbox 2590 4395 2780 4467; x_wconf 86' lang='lat' dir='ltr'>autem</span> <span class='ocrx_word' id='word_1_669' title='bbox 2810 4389 3037 4463; x_wconf 87' lang='lat' dir='ltr'>quidam</span> <span class='ocrx_word' id='word_1_670' title='bbox 3064 4392 3389 4447; x_wconf 88' lang='lat' dir='ltr'>adolescens</span> <span class='ocrx_word' id='word_1_671' title='bbox 3418 4392 3491 4447; x_wconf 88' lang='lat' dir='ltr'>de</span> <span class='ocrx_word' id='word_1_672' title='bbox 3522 4409 3658 4465; x_wconf 89' lang='lat' dir='ltr'>pon-</span> 
     </span>
    </p>
   </div>
   <div class='ocr_carea' id='block_1_77' title="bbox 384 4477 3660 4569">
    <p class='ocr_par' dir='ltr' id='par_1_77' title="bbox 384 4477 3660 4569">
     <span class='ocr_line' id='line_1_77' title="bbox 384 4477 3660 4569; baseline -0.001 -31"><span class='ocrx_word' id='word_1_673' title='bbox 384 4498 496 4538; x_wconf 91' lang='lat' dir='ltr'>non</span> <span class='ocrx_word' id='word_1_674' title='bbox 516 4481 710 4554; x_wconf 90' lang='lat' dir='ltr'>egistis</span> <span class='ocrx_word' id='word_1_675' title='bbox 729 4480 1019 4569; x_wconf 73' lang='lat' dir='ltr'>synaxim’.’</span> <span class='ocrx_word' id='word_1_676' title='bbox 1043 4481 1183 4535; x_wconf 89' lang='lat' dir='ltr'>Cum</span> <span class='ocrx_word' id='word_1_677' title='bbox 1266 4484 1457 4535; x_wconf 85' lang='lat' dir='ltr'>autem</span> <span class='ocrx_word' id='word_1_678' title='bbox 1471 4484 1662 4551; x_wconf 90' lang='lat' dir='ltr'>aperte</span> <span class='ocrx_word' id='word_1_679' title='bbox 1681 4478 1934 4532; x_wconf 90' lang='lat' dir='ltr'>dicerent</span> <span class='ocrx_word' id='word_1_680' title='bbox 1964 4493 1975 4529; x_wconf 92' lang='lat'><strong>:</strong></span> <span class='ocrx_word' id='word_1_681' title='bbox 1996 4510 2044 4569; x_wconf 71' lang='grc' dir='ltr'>Β</span> <span class='ocrx_word' id='word_1_682' title='bbox 2061 4480 2194 4531; x_wconf 89' lang='lat' dir='ltr'>tone</span> <span class='ocrx_word' id='word_1_683' title='bbox 2223 4477 2358 4549; x_wconf 89' lang='lat' dir='ltr'>ipsis</span> <span class='ocrx_word' id='word_1_684' title='bbox 2381 4478 2673 4534; x_wconf 90' lang='lat' dir='ltr'>orantibus</span> <span class='ocrx_word' id='word_1_685' title='bbox 2700 4480 2943 4551; x_wconf 88' lang='lat' dir='ltr'>pulsavit</span> <span class='ocrx_word' id='word_1_686' title='bbox 2960 4480 3125 4536; x_wconf 79' lang='lat' dir='ltr'>fores.</span> <span class='ocrx_word' id='word_1_687' title='bbox 3149 4482 3292 4536; x_wconf 90' lang='lat' dir='ltr'>Cum</span> <span class='ocrx_word' id='word_1_688' title='bbox 3317 4486 3510 4537; x_wconf 87' lang='lat' dir='ltr'>autem</span> <span class='ocrx_word' id='word_1_689' title='bbox 3529 4499 3660 4553; x_wconf 84' lang='lat' dir='ltr'>ape-</span> 
     </span>
    </p>
   </div>
   <div class='ocr_carea' id='block_1_78' title="bbox 389 4563 3657 4643">
    <p class='ocr_par' dir='ltr' id='par_1_78' title="bbox 389 4563 3657 4643">
     <span class='ocr_line' id='line_1_78' title="bbox 389 4563 3657 4643; baseline -0.001 -16"><span class='ocrx_word' id='word_1_690' title='bbox 389 4572 466 4627; x_wconf 84' lang='lat' dir='ltr'>Eo</span> <span class='ocrx_word' id='word_1_691' title='bbox 495 4571 645 4643; x_wconf 88' lang='lat' dir='ltr'>quod</span> <span class='ocrx_word' id='word_1_692' title='bbox 683 4586 797 4625; x_wconf 91' lang='lat' dir='ltr'>non</span> <span class='ocrx_word' id='word_1_693' title='bbox 823 4568 1042 4625; x_wconf 90' lang='lat' dir='ltr'>venerit</span> <span class='ocrx_word' id='word_1_694' title='bbox 1076 4568 1387 4642; x_wconf 84' lang='lat' dir='ltr'>presbyter,</span> <span class='ocrx_word' id='word_1_695' title='bbox 1419 4568 1561 4623; x_wconf 86' lang='lat' dir='ltr'>dixit</span> <span class='ocrx_word' id='word_1_696' title='bbox 1586 4567 1666 4622; x_wconf 89' lang='lat' dir='ltr'>eis</span> <span class='ocrx_word' id='word_1_697' title='bbox 1701 4584 1713 4620; x_wconf 88' lang='lat'><strong>:</strong></span> <span class='ocrx_word' id='word_1_698' title='bbox 1745 4566 1859 4637; x_wconf 86' lang='lat' dir='ltr'>Ego</span> <span class='ocrx_word' id='word_1_699' title='bbox 1888 4563 1980 4619; x_wconf 92' lang='lat' dir='ltr'>ibo</span> <span class='ocrx_word' id='word_1_700' title='bbox 1997 4563 2037 4569; x_wconf 63' lang='grc'>⁷</span> <span class='ocrx_word' id='word_1_701' title='bbox 2065 4565 2287 4634; x_wconf 89' lang='lat' dir='ltr'>ruisset,</span> <span class='ocrx_word' id='word_1_702' title='bbox 2315 4566 2576 4623; x_wconf 90' lang='lat' dir='ltr'>viderunt</span> <span class='ocrx_word' id='word_1_703' title='bbox 2605 4569 3016 4625; x_wconf 84' lang='lat' dir='ltr'>adolescentem</span> <span class='ocrx_word' id='word_1_704' title='bbox 3045 4568 3347 4625; x_wconf 89' lang='lat' dir='ltr'>habentem</span> <span class='ocrx_word' id='word_1_705' title='bbox 3390 4587 3657 4642; x_wconf 86' lang='lat' dir='ltr'>magnam</span> 
     </span>
    </p>
   </div>
   <div class='ocr_carea' id='block_1_79' title="bbox 388 4653 3663 4731">
    <p class='ocr_par' dir='ltr' id='par_1_79' title="bbox 388 4653 3663 4731">
     <span class='ocr_line' id='line_1_79' title="bbox 388 4653 3663 4731; baseline -0 -15"><span class='ocrx_word' id='word_1_706' title='bbox 388 4666 447 4716; x_wconf 90' lang='lat' dir='ltr'>et</span> <span class='ocrx_word' id='word_1_707' title='bbox 485 4676 617 4716; x_wconf 91' lang='lat' dir='ltr'>eum</span> <span class='ocrx_word' id='word_1_708' title='bbox 642 4658 869 4715; x_wconf 85' lang='lat' dir='ltr'>vocabo.</span> <span class='ocrx_word' id='word_1_709' title='bbox 914 4658 960 4714; x_wconf 92' lang='lat' dir='ltr'>Ii</span> <span class='ocrx_word' id='word_1_710' title='bbox 1001 4662 1191 4713; x_wconf 89' lang='lat' dir='ltr'>autem</span> <span class='ocrx_word' id='word_1_711' title='bbox 1220 4657 1501 4723; x_wconf 89' lang='lat' dir='ltr'>dixerunt,</span> <span class='ocrx_word' id='word_1_712' title='bbox 1532 4673 1644 4711; x_wconf 91' lang='lat' dir='ltr'>non</span> <span class='ocrx_word' id='word_1_713' title='bbox 1674 4671 1835 4727; x_wconf 89' lang='lat' dir='ltr'>posse</span> <span class='ocrx_word' id='word_1_714' title='bbox 1873 4653 1981 4709; x_wconf 89' lang='lat' dir='ltr'>ali-</span> <span class='ocrx_word' id='word_1_715' title='bbox 2062 4659 2311 4725; x_wconf 90' lang='lat' dir='ltr'>sportam</span> <span class='ocrx_word' id='word_1_716' title='bbox 2331 4656 2494 4728; x_wconf 89' lang='lat' dir='ltr'>panis</span> <span class='ocrx_word' id='word_1_717' title='bbox 2513 4662 2573 4712; x_wconf 95' lang='lat' dir='ltr'>et</span> <span class='ocrx_word' id='word_1_718' title='bbox 2595 4658 2887 4713; x_wconf 84' lang='lat' dir='ltr'>olivarum.</span> <span class='ocrx_word' id='word_1_719' title='bbox 2911 4657 2986 4714; x_wconf 88' lang='lat' dir='ltr'>Iis</span> <span class='ocrx_word' id='word_1_720' title='bbox 3019 4664 3210 4714; x_wconf 89' lang='lat' dir='ltr'>autem</span> <span class='ocrx_word' id='word_1_721' title='bbox 3237 4660 3534 4731; x_wconf 86' lang='lat' dir='ltr'>susceptis,</span> <span class='ocrx_word' id='word_1_722' title='bbox 3574 4676 3663 4714; x_wconf 90' lang='lat' dir='ltr'>co-</span> 
     </span>
    </p>
   </div>
   <div class='ocr_carea' id='block_1_80' title="bbox 386 4732 3663 4821">
    <p class='ocr_par' dir='ltr' id='par_1_80' title="bbox 386 4732 3663 4821">
     <span class='ocr_line' id='line_1_80' title="bbox 386 4732 3663 4821; baseline -0.001 -16"><span class='ocrx_word' id='word_1_723' title='bbox 386 4746 1176 4821; x_wconf 85' lang='lat' dir='ltr'>quemtransmitterealveum</span> <span class='ocrx_word' id='word_1_724' title='bbox 1188 4743 1982 4818; x_wconf 88' lang='lat' dir='ltr'>propteraltitudinem.Quin-</span> <span class='ocrx_word' id='word_1_725' title='bbox 2067 4732 2370 4800; x_wconf 79' lang='lat' dir='ltr'>mederunt</span> <span class='ocrx_word' id='word_1_726' title='bbox 2384 4746 2500 4801; x_wconf 91' lang='lat' dir='ltr'>Deo</span> <span class='ocrx_word' id='word_1_727' title='bbox 2528 4753 2758 4817; x_wconf 87' lang='lat' dir='ltr'>agentes</span> <span class='ocrx_word' id='word_1_728' title='bbox 2784 4748 3017 4820; x_wconf 88' lang='lat' dir='ltr'>gratias,</span> <span class='ocrx_word' id='word_1_729' title='bbox 3048 4764 3177 4804; x_wconf 91' lang='lat' dir='ltr'>cum</span> <span class='ocrx_word' id='word_1_730' title='bbox 3206 4749 3534 4804; x_wconf 89' lang='lat' dir='ltr'>adolescens</span> <span class='ocrx_word' id='word_1_731' title='bbox 3553 4756 3663 4803; x_wconf 85' lang='lat' dir='ltr'>sta-</span> 
     </span>
    </p>
   </div>
   <div class='ocr_carea' id='block_1_81' title="bbox 386 4830 3663 4899">
    <p class='ocr_par' dir='ltr' id='par_1_81' title="bbox 386 4830 3663 4899">
     <span class='ocr_line' id='line_1_81' title="bbox 386 4830 3663 4899; baseline 0 -7"><span class='ocrx_word' id='word_1_732' title='bbox 386 4836 560 4892; x_wconf 88' lang='lat' dir='ltr'>etiam</span> <span class='ocrx_word' id='word_1_733' title='bbox 603 4834 867 4892; x_wconf 88' lang='lat' dir='ltr'>dicebant</span> <span class='ocrx_word' id='word_1_734' title='bbox 892 4830 959 4890; x_wconf 87' lang='lat' dir='ltr'>eo</span> <span class='ocrx_word' id='word_1_735' title='bbox 986 4834 1045 4890; x_wconf 92' lang='lat' dir='ltr'>in</span> <span class='ocrx_word' id='word_1_736' title='bbox 1073 4835 1195 4889; x_wconf 91' lang='lat' dir='ltr'>loco</span> <span class='ocrx_word' id='word_1_737' title='bbox 1222 4850 1344 4888; x_wconf 89' lang='lat' dir='ltr'>esse</span> <span class='ocrx_word' id='word_1_738' title='bbox 1382 4832 1623 4888; x_wconf 89' lang='lat' dir='ltr'>belluam</span> <span class='ocrx_word' id='word_1_739' title='bbox 1654 4831 1976 4899; x_wconf 84' lang='lat' dir='ltr'>maximam,</span> <span class='ocrx_word' id='word_1_740' title='bbox 2062 4833 2167 4888; x_wconf 90' lang='lat' dir='ltr'>tim</span> <span class='ocrx_word' id='word_1_741' title='bbox 2206 4834 2544 4891; x_wconf 87' lang='lat' dir='ltr'>evanuisset.</span> <span class='ocrx_word' id='word_1_742' title='bbox 2572 4836 2704 4891; x_wconf 69' lang='lat' dir='ltr'>Haec</span> <span class='ocrx_word' id='word_1_743' title='bbox 2723 4842 2782 4892; x_wconf 90' lang='lat' dir='ltr'>et</span> <span class='ocrx_word' id='word_1_744' title='bbox 2800 4838 2913 4893; x_wconf 87' lang='lat' dir='ltr'>alia</span> <span class='ocrx_word' id='word_1_745' title='bbox 2937 4839 3119 4894; x_wconf 87' lang='lat' dir='ltr'>multa</span> <span class='ocrx_word' id='word_1_746' title='bbox 3135 4838 3407 4893; x_wconf 85' lang='lat' dir='ltr'>miracula</span> <span class='ocrx_word' id='word_1_747' title='bbox 3424 4854 3554 4892; x_wconf 87' lang='lat' dir='ltr'>cum</span> <span class='ocrx_word' id='word_1_748' title='bbox 3568 4854 3663 4893; x_wconf 87' lang='lat' dir='ltr'>no-</span> 
     </span>
    </p>
   </div>
   <div class='ocr_carea' id='block_1_82' title="bbox 388 4922 3659 4999">
    <p class='ocr_par' dir='ltr' id='par_1_82' title="bbox 388 4922 3659 4999">
     <span class='ocr_line' id='line_1_82' title="bbox 388 4922 3659 4999; baseline 0.001 -20"><span class='ocrx_word' id='word_1_749' title='bbox 388 4941 588 4998; x_wconf 89' lang='lat' dir='ltr'>nempe</span> <span class='ocrx_word' id='word_1_750' title='bbox 615 4925 979 4992; x_wconf 91' lang='lat' dir='ltr'>crocodilum,</span> <span class='ocrx_word' id='word_1_751' title='bbox 996 4923 1093 4996; x_wconf 90' lang='lat' dir='ltr'>qui</span> <span class='ocrx_word' id='word_1_752' title='bbox 1118 4924 1326 4978; x_wconf 90' lang='lat' dir='ltr'>multos</span> <span class='ocrx_word' id='word_1_753' title='bbox 1349 4922 1603 4977; x_wconf 90' lang='lat' dir='ltr'>homines</span> <span class='ocrx_word' id='word_1_754' title='bbox 1625 4937 1986 4992; x_wconf 83' lang='lat' dir='ltr'>oonsumpse—</span> <span class='ocrx_word' id='word_1_755' title='bbox 2062 4922 2148 4978; x_wconf 91' lang='lat' dir='ltr'>bis</span> <span class='ocrx_word' id='word_1_756' title='bbox 2176 4929 2463 4979; x_wconf 86' lang='lat' dir='ltr'>narrasset</span> <span class='ocrx_word' id='word_1_757' title='bbox 2489 4926 2659 4980; x_wconf 88' lang='lat' dir='ltr'>Pater</span> <span class='ocrx_word' id='word_1_758' title='bbox 2685 4926 2912 4998; x_wconf 87' lang='lat' dir='ltr'>Copres,</span> <span class='ocrx_word' id='word_1_759' title='bbox 2955 4944 3168 4999; x_wconf 89' lang='lat' dir='ltr'>nosque</span> <span class='ocrx_word' id='word_1_760' title='bbox 3194 4925 3438 4997; x_wconf 84' lang='lat' dir='ltr'>benigne</span> <span class='ocrx_word' id='word_1_761' title='bbox 3469 4931 3528 4980; x_wconf 90' lang='lat' dir='ltr'>et</span> <span class='ocrx_word' id='word_1_762' title='bbox 3550 4926 3659 4981; x_wconf 87' lang='lat' dir='ltr'>hu-</span> 
     </span>
    </p>
   </div>
   <div class='ocr_carea' id='block_1_83' title="bbox 386 5010 3666 5083">
    <p class='ocr_par' dir='ltr' id='par_1_83' title="bbox 386 5010 3666 5083">
     <span class='ocr_line' id='line_1_83' title="bbox 386 5010 3666 5083; baseline 0.001 -16"><span class='ocrx_word' id='word_1_763' title='bbox 386 5018 495 5068; x_wconf 87' lang='lat' dir='ltr'>rat.</span> <span class='ocrx_word' id='word_1_764' title='bbox 527 5015 581 5069; x_wconf 90' lang='lat' dir='ltr'>Is</span> <span class='ocrx_word' id='word_1_765' title='bbox 599 5020 790 5069; x_wconf 89' lang='lat' dir='ltr'>autem</span> <span class='ocrx_word' id='word_1_766' title='bbox 819 5029 933 5069; x_wconf 88' lang='lat' dir='ltr'>non</span> <span class='ocrx_word' id='word_1_767' title='bbox 960 5018 1274 5080; x_wconf 89' lang='lat' dir='ltr'>cunctatus,</span> <span class='ocrx_word' id='word_1_768' title='bbox 1304 5011 1498 5066; x_wconf 86' lang='lat' dir='ltr'>statim</span> <span class='ocrx_word' id='word_1_769' title='bbox 1531 5026 1769 5081; x_wconf 87' lang='lat' dir='ltr'>surgens</span> <span class='ocrx_word' id='word_1_770' title='bbox 1793 5010 1980 5081; x_wconf 82' lang='lat' dir='ltr'>profe-</span> <span class='ocrx_word' id='word_1_771' title='bbox 2061 5012 2306 5067; x_wconf 89' lang='lat' dir='ltr'>maniter</span> <span class='ocrx_word' id='word_1_772' title='bbox 2322 5017 2636 5083; x_wconf 87' lang='lat' dir='ltr'>tractasset,</span> <span class='ocrx_word' id='word_1_773' title='bbox 2668 5014 2888 5071; x_wconf 90' lang='lat' dir='ltr'>induxit</span> <span class='ocrx_word' id='word_1_774' title='bbox 2912 5015 2973 5070; x_wconf 91' lang='lat' dir='ltr'>in</span> <span class='ocrx_word' id='word_1_775' title='bbox 2998 5032 3165 5071; x_wconf 89' lang='lat' dir='ltr'>suum</span> <span class='ocrx_word' id='word_1_776' title='bbox 3193 5015 3442 5081; x_wconf 88' lang='lat' dir='ltr'>hortum,</span> <span class='ocrx_word' id='word_1_777' title='bbox 3476 5020 3666 5071; x_wconf 86' lang='lat' dir='ltr'>osten-</span> 
     </span>
    </p>
   </div>
   <div class='ocr_carea' id='block_1_84' title="bbox 386 5099 3657 5176">
    <p class='ocr_par' dir='ltr' id='par_1_84' title="bbox 386 5099 3657 5176">
     <span class='ocr_line' id='line_1_84' title="bbox 386 5099 3657 5176; baseline 0.001 -19"><span class='ocrx_word' id='word_1_778' title='bbox 386 5107 510 5157; x_wconf 88' lang='lat' dir='ltr'>ctus</span> <span class='ocrx_word' id='word_1_779' title='bbox 539 5107 626 5157; x_wconf 92' lang='lat' dir='ltr'>est</span> <span class='ocrx_word' id='word_1_780' title='bbox 652 5103 725 5158; x_wconf 88' lang='lat' dir='ltr'>ad</span> <span class='ocrx_word' id='word_1_781' title='bbox 749 5103 953 5158; x_wconf 88' lang='lat' dir='ltr'>vadum</span> <span class='ocrx_word' id='word_1_782' title='bbox 988 5120 1001 5156; x_wconf 89' lang='lat'><strong>:</strong></span> <span class='ocrx_word' id='word_1_783' title='bbox 1034 5119 1204 5174; x_wconf 88' lang='lat' dir='ltr'>quem</span> <span class='ocrx_word' id='word_1_784' title='bbox 1231 5118 1359 5157; x_wconf 91' lang='lat' dir='ltr'>cum</span> <span class='ocrx_word' id='word_1_785' title='bbox 1388 5101 1576 5155; x_wconf 85' lang='lat' dir='ltr'>bellua</span> <span class='ocrx_word' id='word_1_786' title='bbox 1600 5099 1793 5155; x_wconf 88' lang='lat' dir='ltr'>statim</span> <span class='ocrx_word' id='word_1_787' title='bbox 1819 5104 1980 5170; x_wconf 88' lang='lat' dir='ltr'>tergo</span> <span class='ocrx_word' id='word_1_788' title='bbox 2061 5101 2199 5156; x_wconf 87' lang='lat' dir='ltr'>deus</span> <span class='ocrx_word' id='word_1_789' title='bbox 2225 5100 2386 5157; x_wconf 90' lang='lat' dir='ltr'>nobis</span> <span class='ocrx_word' id='word_1_790' title='bbox 2422 5103 2657 5174; x_wconf 87' lang='lat' dir='ltr'>palmas,</span> <span class='ocrx_word' id='word_1_791' title='bbox 2689 5108 2748 5158; x_wconf 90' lang='lat' dir='ltr'>et</span> <span class='ocrx_word' id='word_1_792' title='bbox 2773 5104 2913 5160; x_wconf 87' lang='lat' dir='ltr'>alias</span> <span class='ocrx_word' id='word_1_793' title='bbox 2940 5104 3169 5159; x_wconf 85' lang='lat' dir='ltr'>arbores</span> <span class='ocrx_word' id='word_1_794' title='bbox 3194 5104 3492 5175; x_wconf 84' lang='lat' dir='ltr'>frugiferas</span> <span class='ocrx_word' id='word_1_795' title='bbox 3517 5121 3657 5176; x_wconf 87' lang='lat' dir='ltr'>quas</span> 
     </span>
    </p>
   </div>
   <div class='ocr_carea' id='block_1_85' title="bbox 385 5187 3658 5265">
    <p class='ocr_par' dir='ltr' id='par_1_85' title="bbox 385 5187 3658 5265">
     <span class='ocr_line' id='line_1_85' title="bbox 385 5187 3658 5265; baseline 0.001 -19"><span class='ocrx_word' id='word_1_796' title='bbox 385 5190 713 5263; x_wconf 87' lang='lat' dir='ltr'>excepisset,</span> <span class='ocrx_word' id='word_1_797' title='bbox 741 5192 811 5246; x_wconf 86' lang='lat' dir='ltr'>ad</span> <span class='ocrx_word' id='word_1_798' title='bbox 868 5197 1088 5265; x_wconf 90' lang='lat' dir='ltr'>partem</span> <span class='ocrx_word' id='word_1_799' title='bbox 1136 5190 1270 5263; x_wconf 72' lang='lat' dir='ltr'>ripa:</span> <span class='ocrx_word' id='word_1_800' title='bbox 1315 5189 1598 5245; x_wconf 88' lang='lat' dir='ltr'>ulterioris</span> <span class='ocrx_word' id='word_1_801' title='bbox 1653 5187 1978 5243; x_wconf 87' lang='lat' dir='ltr'>transvexit.</span> <span class='ocrx_word' id='word_1_802' title='bbox 2062 5189 2185 5262; x_wconf 86' lang='lat' dir='ltr'>ipse</span> <span class='ocrx_word' id='word_1_803' title='bbox 2214 5191 2493 5262; x_wconf 88' lang='lat' dir='ltr'>plantavit</span> <span class='ocrx_word' id='word_1_804' title='bbox 2517 5192 2576 5247; x_wconf 92' lang='lat' dir='ltr'>in</span> <span class='ocrx_word' id='word_1_805' title='bbox 2595 5192 2919 5261; x_wconf 88' lang='lat' dir='ltr'>solitudine,</span> <span class='ocrx_word' id='word_1_806' title='bbox 2951 5193 3327 5249; x_wconf 87' lang='lat' dir='ltr'>admonitusa</span> <span class='ocrx_word' id='word_1_807' title='bbox 3355 5193 3468 5248; x_wconf 82' lang='lat' dir='ltr'>fide</span> <span class='ocrx_word' id='word_1_808' title='bbox 3491 5193 3658 5249; x_wconf 84' lang='lat' dir='ltr'>msti-</span> 
     </span>
    </p>
   </div>
   <div class='ocr_carea' id='block_1_86' title="bbox 383 5278 3657 5354">
    <p class='ocr_par' dir='ltr' id='par_1_86' title="bbox 383 5278 3657 5354">
     <span class='ocr_line' id='line_1_86' title="bbox 383 5278 3657 5354; baseline 0 -18"><span class='ocrx_word' id='word_1_809' title='bbox 383 5280 527 5336; x_wconf 89' lang='lat' dir='ltr'>Cum</span> <span class='ocrx_word' id='word_1_810' title='bbox 558 5284 749 5336; x_wconf 87' lang='lat' dir='ltr'>autem</span> <span class='ocrx_word' id='word_1_811' title='bbox 778 5278 839 5334; x_wconf 91' lang='lat' dir='ltr'>in</span> <span class='ocrx_word' id='word_1_812' title='bbox 864 5296 1001 5352; x_wconf 89' lang='lat' dir='ltr'>agro</span> <span class='ocrx_word' id='word_1_813' title='bbox 1033 5280 1339 5336; x_wconf 90' lang='lat' dir='ltr'>invenisset</span> <span class='ocrx_word' id='word_1_814' title='bbox 1375 5278 1783 5351; x_wconf 87' lang='lat' dir='ltr'>presbyterum,</span> <span class='ocrx_word' id='word_1_815' title='bbox 1816 5293 1983 5348; x_wconf 87' lang='lat' dir='ltr'>roga-</span> <span class='ocrx_word' id='word_1_816' title='bbox 2063 5295 2276 5345; x_wconf 88' lang='lat' dir='ltr'>eorum,</span> <span class='ocrx_word' id='word_1_817' title='bbox 2309 5280 2513 5352; x_wconf 91' lang='lat' dir='ltr'>quibus</span> <span class='ocrx_word' id='word_1_818' title='bbox 2542 5281 2684 5338; x_wconf 88' lang='lat' dir='ltr'>dixit</span> <span class='ocrx_word' id='word_1_819' title='bbox 2712 5300 2725 5336; x_wconf 88' lang='lat'><strong>:</strong></span> <span class='ocrx_word' id='word_1_820' title='bbox 2764 5283 2959 5338; x_wconf 90' lang='lat' dir='ltr'>Potest</span> <span class='ocrx_word' id='word_1_821' title='bbox 2975 5282 3262 5338; x_wconf 87' lang='lat' dir='ltr'>desertum</span> <span class='ocrx_word' id='word_1_822' title='bbox 3285 5282 3505 5337; x_wconf 87' lang='lat' dir='ltr'>fructus</span> <span class='ocrx_word' id='word_1_823' title='bbox 3530 5299 3657 5354; x_wconf 90' lang='lat' dir='ltr'>pro-</span> 
     </span>
    </p>
   </div>
   <div class='ocr_carea' id='block_1_87' title="bbox 381 5365 3655 5443">
    <p class='ocr_par' dir='ltr' id='par_1_87' title="bbox 381 5365 3655 5443">
     <span class='ocr_line' id='line_1_87' title="bbox 381 5365 3655 5443; baseline 0.001 -20"><span class='ocrx_word' id='word_1_824' title='bbox 381 5369 462 5425; x_wconf 90' lang='lat' dir='ltr'>vit</span> <span class='ocrx_word' id='word_1_825' title='bbox 480 5385 553 5426; x_wconf 86' lang='lat' dir='ltr'>ne</span> <span class='ocrx_word' id='word_1_826' title='bbox 579 5367 890 5442; x_wconf 89' lang='lat' dir='ltr'>despiceret</span> <span class='ocrx_word' id='word_1_827' title='bbox 919 5368 1346 5425; x_wconf 85' lang='lat' dir='ltr'>fraternitatem.</span> <span class='ocrx_word' id='word_1_828' title='bbox 1373 5368 1475 5423; x_wconf 91' lang='lat' dir='ltr'>Ille</span> <span class='ocrx_word' id='word_1_829' title='bbox 1518 5372 1711 5423; x_wconf 85' lang='lat' dir='ltr'>autem</span> <span class='ocrx_word' id='word_1_830' title='bbox 1734 5383 1865 5422; x_wconf 92' lang='lat' dir='ltr'>eum</span> <span class='ocrx_word' id='word_1_831' title='bbox 1892 5365 1978 5420; x_wconf 86' lang='lat' dir='ltr'>vi-</span> <span class='ocrx_word' id='word_1_832' title='bbox 2062 5367 2266 5423; x_wconf 89' lang='lat' dir='ltr'>ducere</span> <span class='ocrx_word' id='word_1_833' title='bbox 2293 5368 2362 5424; x_wconf 87' lang='lat' dir='ltr'>iis</span> <span class='ocrx_word' id='word_1_834' title='bbox 2408 5370 2504 5441; x_wconf 88' lang='lat' dir='ltr'>qui</span> <span class='ocrx_word' id='word_1_835' title='bbox 2533 5370 2703 5426; x_wconf 82' lang='lat' dir='ltr'>ﬁdem</span> <span class='ocrx_word' id='word_1_836' title='bbox 2750 5370 2961 5427; x_wconf 87' lang='lat' dir='ltr'>habent</span> <span class='ocrx_word' id='word_1_837' title='bbox 3012 5371 3073 5427; x_wconf 91' lang='lat' dir='ltr'>in</span> <span class='ocrx_word' id='word_1_838' title='bbox 3113 5372 3314 5427; x_wconf 88' lang='lat' dir='ltr'>Deum.</span> <span class='ocrx_word' id='word_1_839' title='bbox 3347 5371 3655 5443; x_wconf 79' lang='lat' dir='ltr'>Postquam</span> 
     </span>
    </p>
   </div>
   <div class='ocr_carea' id='block_1_88' title="bbox 382 5455 3656 5533">
    <p class='ocr_par' dir='ltr' id='par_1_88' title="bbox 382 5455 3656 5533">
     <span class='ocr_line' id='line_1_88' title="bbox 382 5455 3656 5533; baseline 0 -20"><span class='ocrx_word' id='word_1_840' title='bbox 382 5459 522 5516; x_wconf 88' lang='lat' dir='ltr'>dens</span> <span class='ocrx_word' id='word_1_841' title='bbox 545 5456 740 5515; x_wconf 89' lang='lat' dir='ltr'>multis</span> <span class='ocrx_word' id='word_1_842' title='bbox 764 5456 1016 5513; x_wconf 89' lang='lat' dir='ltr'>consutis</span> <span class='ocrx_word' id='word_1_843' title='bbox 1043 5457 1243 5529; x_wconf 85' lang='lat' dir='ltr'>pannis</span> <span class='ocrx_word' id='word_1_844' title='bbox 1268 5455 1535 5524; x_wconf 88' lang='lat' dir='ltr'>obsitum,</span> <span class='ocrx_word' id='word_1_845' title='bbox 1566 5456 1784 5529; x_wconf 85' lang='lat' dir='ltr'>rogavit</span> <span class='ocrx_word' id='word_1_846' title='bbox 1796 5455 1976 5511; x_wconf 89' lang='lat' dir='ltr'>unde-</span> <span class='ocrx_word' id='word_1_847' title='bbox 2056 5456 2208 5513; x_wconf 89' lang='lat' dir='ltr'>enim</span> <span class='ocrx_word' id='word_1_848' title='bbox 2236 5456 2368 5525; x_wconf 88' lang='lat' dir='ltr'>vidi,</span> <span class='ocrx_word' id='word_1_849' title='bbox 2396 5457 2600 5527; x_wconf 84' lang='lat' dir='ltr'>aiebat,</span> <span class='ocrx_word' id='word_1_850' title='bbox 2631 5476 2728 5515; x_wconf 87' lang='lat' dir='ltr'>eos</span> <span class='ocrx_word' id='word_1_851' title='bbox 2748 5458 2846 5533; x_wconf 90' lang='lat' dir='ltr'>qui</span> <span class='ocrx_word' id='word_1_852' title='bbox 2871 5476 3101 5515; x_wconf 87' lang='lat' dir='ltr'>arenam</span> <span class='ocrx_word' id='word_1_853' title='bbox 3130 5458 3568 5527; x_wconf 82' lang='lat' dir='ltr'>seminaverant,</span> <span class='ocrx_word' id='word_1_854' title='bbox 3599 5465 3656 5514; x_wconf 84' lang='lat' dir='ltr'>et</span> 
     </span>
    </p>
   </div>
   <div class='ocr_carea' id='block_1_89' title="bbox 2056 5546 3655 5622">
    <p class='ocr_par' dir='ltr' id='par_1_89' title="bbox 2056 5546 3655 5622">
     <span class='ocr_line' id='line_1_89' title="bbox 2056 5546 3655 5622; baseline 0.003 -21"><span class='ocrx_word' id='word_1_855' title='bbox 2056 5561 2253 5601; x_wconf 90' lang='lat' dir='ltr'>eorum</span> <span class='ocrx_word' id='word_1_856' title='bbox 2279 5562 2480 5619; x_wconf 89' lang='lat' dir='ltr'>agrum</span> <span class='ocrx_word' id='word_1_857' title='bbox 2505 5547 2750 5605; x_wconf 88' lang='lat' dir='ltr'>fructum</span> <span class='ocrx_word' id='word_1_858' title='bbox 2775 5547 2988 5617; x_wconf 87' lang='lat' dir='ltr'>tulisse,</span> <span class='ocrx_word' id='word_1_859' title='bbox 3006 5548 3128 5622; x_wconf 88' lang='lat' dir='ltr'>ipse</span> <span class='ocrx_word' id='word_1_860' title='bbox 3154 5564 3381 5622; x_wconf 85' lang='lat' dir='ltr'>quoque</span> <span class='ocrx_word' id='word_1_861' title='bbox 3396 5546 3655 5621; x_wconf 85' lang='lat' dir='ltr'>idemag-</span> 
     </span>
    </p>
   </div>
   <div class='ocr_carea' id='block_1_90' title="bbox 2053 5636 3444 5712">
    <p class='ocr_par' dir='ltr' id='par_1_90' title="bbox 2053 5636 3444 5712">
     <span class='ocr_line' id='line_1_90' title="bbox 2053 5636 3444 5712; baseline 0.001 -20"><span class='ocrx_word' id='word_1_862' title='bbox 2053 5651 2304 5712; x_wconf 85' lang='lat' dir='ltr'>gressus,</span> <span class='ocrx_word' id='word_1_863' title='bbox 2323 5636 2476 5695; x_wconf 84' lang='lat' dir='ltr'>idem</span> <span class='ocrx_word' id='word_1_864' title='bbox 2496 5653 2623 5696; x_wconf 89' lang='lat' dir='ltr'>sum</span> <span class='ocrx_word' id='word_1_865' title='bbox 2650 5643 3001 5695; x_wconf 87' lang='lat' dir='ltr'>consecutus.</span> <span class='ocrx_word' id='word_1_866' title='bbox 3435 5678 3444 5712; x_wconf 53' lang='grc' dir='ltr'><em>τ</em></span> 
     </span>
    </p>
   </div>
   <div class='ocr_carea' id='block_1_91' title="bbox 382 5545 1975 5623">
    <p class='ocr_par' dir='ltr' id='par_1_91' title="bbox 382 5545 1975 5623">
     <span class='ocr_line' id='line_1_91' title="bbox 382 5545 1975 5623; baseline -0.003 -20"><span class='ocrx_word' id='word_1_867' title='bbox 382 5562 514 5604; x_wconf 86' lang='lat' dir='ltr'>nam</span> <span class='ocrx_word' id='word_1_868' title='bbox 528 5562 780 5623; x_wconf 88' lang='lat' dir='ltr'>pannum</span> <span class='ocrx_word' id='word_1_869' title='bbox 788 5545 1096 5613; x_wconf 90' lang='lat' dir='ltr'>habuisset,</span> <span class='ocrx_word' id='word_1_870' title='bbox 1112 5545 1333 5602; x_wconf 87' lang='lat' dir='ltr'>dicens:</span> <span class='ocrx_word' id='word_1_871' title='bbox 1355 5545 1542 5603; x_wconf 80' lang='lat' dir='ltr'>Habes</span> <span class='ocrx_word' id='word_1_872' title='bbox 1549 5550 1762 5602; x_wconf 88' lang='lat' dir='ltr'>vestem</span> <span class='ocrx_word' id='word_1_873' title='bbox 1772 5545 1975 5602; x_wconf 84' lang='lat' dir='ltr'>animae</span> 
     </span>
    </p>
   </div>
   <div class='ocr_carea' id='block_1_92' title="bbox 381 5634 1974 5709">
    <p class='ocr_par' dir='ltr' id='par_1_92' title="bbox 381 5634 1974 5709">
     <span class='ocr_line' id='line_1_92' title="bbox 381 5634 1974 5709; baseline -0.001 -16"><span class='ocrx_word' id='word_1_874' title='bbox 381 5636 840 5709; x_wconf 85' lang='lat' dir='ltr'>pulcherrimam,</span> <span class='ocrx_word' id='word_1_875' title='bbox 860 5652 895 5693; x_wconf 88' lang='grc' dir='ltr'><strong>ο</strong></span> <span class='ocrx_word' id='word_1_876' title='bbox 912 5634 1116 5705; x_wconf 82' lang='lat' dir='ltr'>frater;</span> <span class='ocrx_word' id='word_1_877' title='bbox 1146 5635 1380 5708; x_wconf 84' lang='lat' dir='ltr'>ejusque</span> <span class='ocrx_word' id='word_1_878' title='bbox 1400 5635 1778 5694; x_wconf 79' lang='lat' dir='ltr'>humilitatem</span> <span class='ocrx_word' id='word_1_879' title='bbox 1788 5634 1974 5692; x_wconf 81' lang='lat' dir='ltr'>etfru-</span> 
     </span>
    </p>
   </div>
  </div>
