4092 6274
540 288 549 297 ἣ
1399 293 3504 317 ψ’-ιᾷ--Μ--ῌιῡ-ω-ῌρ-ψηηοῆμμμμντ-
3523 293 3552 299 —.

453 328 460 331 ν
491 325 534 329 —
559 323 688 328 η
731 321 776 325 λ-
925 311 1312 330 mean-ww
1907 333 1926 338 -
3132 311 3138 315 .
3281 311 3326 330 Α.
3395 323 3420 328 _
3495 313 3550 326 .__
3579 323 3610 327 __

421 346 708 361 ,_.___._.__—
727 338 1390 354 _.__-—._____——————
1425 335 1723 345 _.________

1120 528 1348 614 ΤΟΥ
1422 529 1564 614 ΕΝ
1650 525 2013 611 ΑΓΙΟΙΣ
2086 521 2516 609 ΠΑΤΡΟΣ
2598 518 2920 605 ΗΜΩΝ

1436 737 2604 913 ΚΥΡΙΛΛΟΥ

1091 1041 2014 1134 ΑΡΧΙΕΠΙΣΚΟΠΟΥ
2133 1028 2961 1124 ΑΛΕΞΑΝΔΡΕΙΑΣ

1575 1246 1938 1303 ΕΡΜΗΝΕΙΑ
1987 1247 2023 1316 ἢ
2074 1245 2479 1300 ΥΠΟΜΝΗΜΑ

350 1560 359 1566 .
462 1451 723 1579 ΕΙΣ
797 1446 1029 1581 ΤΟ
1128 1439 1589 1575 ΚΑΤΑ
1663 1393 2417 1571 ΙΩΑΝΝΗΝ
2487 1394 3646 1605 ΕΥΑΓΓΕΛΙΟΝ.’

1234 1828 1422 2097 ’8.
1496 1947 1665 2091 Ρ.
1737 1941 1919 2094 Ν.
1996 1938 2773 2092 CYBILLI

1105 2248 1916 2341 ALEXANDBUE
2049 2242 2960 2338 ARCHIEPISCOPI

1426 2474 1821 2538 EXPOSITIO
1867 2474 2001 2540 sive
2053 2471 2645 2538 COMMENTARIUS

902 2662 1072 2775 IN
1152 2658 1882 2777 JOANNIS
2032 2654 3186 2776 EVANGELIUM.

1006 3084 1405 3141 ΠΡΟΟΙΜΙΟΝ.

504 3198 736 3270 ιΚύριος
760 3197 919 3249 δώσει
941 3198 1093 3268 ῥῆμα
1115 3202 1227 3262 τοῖς
1254 3199 1755 3267 εὐαγγελιζομένοις
1774 3199 1998 3268 δυνάμει

422 3290 667 3360 *πολλῇμ
697 3287 879 3351 καλῶς
901 3304 964 3355 γε
987 3288 1188 3358 σφόδρα
1212 3288 1377 3341 ποιῶν
1405 3289 1433 3338 ὁ
1458 3287 1709 3355 Μελῳδδς
1733 3289 1999 3354 ἀναφθέγ-

424 3398 605 3452 γεται.
637 3380 850 3452 Χρῆναι
882 3379 937 3431 δὲ
962 3373 1113 3448 οἶμαι
1148 3377 1284 3449 πρὸς
1312 3376 1465 3431 τοῦτο
1510 3376 1850 3446 βαδίζεινλοὺ
1880 3378 2004 3437 τοὺς

427 3474 691 3544 τυχόντας
723 3469 930 3534 ἁπλῶς,
976 3467 1111 3522 ἀλλὰ
1156 3469 1282 3530 τοὺς
1329 3466 1416 3520 διὰ
1452 3469 1551 3537 τῆς
1582 3465 1787 3519 ἄνωθεν
1818 3483 2003 3534 πεφω-

427 3563 722 3635 τισμένους
765 3560 985 3631 χάριτος
1011 3574 1025 3590 ’
1080 3558 1201 3610 ἐπεὶ
1252 3558 1346 3611 καὶ
1403 3576 1420 3608 ι
1454 3558 1611 3611 Πᾶσα
1656 3557 1815 3625 σοφία
1856 3555 2005 3627 παρὰ

430 3656 658 3725 Κυρίου,
674 3672 692 3704 ι
724 3650 866 3705 καθὰ
880 3650 1206 3719 γέγραπται,
1245 3648 1369 3701 «καὶ
1392 3649 1541 3701 πᾶσα
1566 3647 1621 3701 δὲ
1642 3647 1784 3710 δόσις
1803 3646 2002 3717 ἀγαθὴ,

433 3747 528 3800 καὶ
572 3745 680 3798 πᾶν
712 3742 941 3813 δώρημα
986 3740 1221 3803 τέλειον,
1270 3739 1472 3793 ἄνωθέν
1515 3742 1630 3792 ἐστι
1678 3738 2005 3793 καταϐαῖνον

433 3835 582 3905 παρὰ
615 3832 708 3886 τοῦ
751 3831 964 3903 Πατρδς
995 3830 1102 3884 τῶν
1146 3829 1357 3898 φώτων.
1390 3849 1409 3881 ι
1467 3832 1708 3900 Πρᾶγμα
1756 3830 1853 3899 μὲν
1896 3830 2005 3902 γὰρ

437 3924 704 3995 σφαλερόν
750 3940 833 3985 τε,
881 3921 974 3977 καὶ⁸
1007 3922 1107 3974 οὐκ
1131 3921 1364 3991 ἀζήμιον
1403 3922 1516 3983 τοῖς
1553 3920 1784 3983 πολλοῖς,
1816 3918 1845 3970 ὁ
1879 3921 2006 3991 περὶ

434 4016 537 4085 τῆς
589 4015 850 4068 ἀνωτάτω
899 4012 1087 4065 πασῶν
1127 4011 1312 4074 οὐσίας
1375 4011 1466 4063 καὶ
1508 4010 1617 4063 τῶν
1666 4010 1786 4064 κατ’
1841 4010 2007 4080 αὐτὴν

440 4108 754 4179 μυστηρίων
800 4108 993 4178 ὁρᾶται
1044 4104 1236 4173 λόγος·
1297 4105 1485 4174 χρῆμα
1546 4104 1603 4156 δέ
1654 4121 1704 4155 τι
1750 4103 2008 4157 κινδύνων

438 4197 937 4268 ἀπηλλαγμένον,ή
967 4195 1058 4249 ἐπὶ
1083 4196 1292 4258 τούτοις
1319 4186 1468 4264 σιγή·
1501 4194 1614 4248 ἀλλ’
1646 4193 1888 4265 ἐξίστησι
1912 4193 2008 4265 μὲν

439 4288 642 4357 ταύτης
668 4290 834 4356 ἡμᾶς,
856 4286 1031 4340 καίτοι
1046 4284 1213 4355 λίανῆ
1231 4285 1495 4354 προσήκει
1521 4286 1683 4354 τιμᾷν
1708 4284 2006 4354 οἰομένους,

438 4379 588 4434 titul.
618 4378 833 4432 πάντων
872 4378 1003 4440 Θεὸς
1024 4416 1040 4442 ,
1084 4395 1102 4428 ι
1130 4376 1315 4439 Λάλει,
1350 4376 1443 4429 καὶ
1472 4375 1546 4444 μὴ
1575 4374 1771 4439 σιώπα,
1806 4394 1822 4425 ι
1876 4375 2011 4446 πρός

2020 3096 2066 3152 Α

2662 3078 3083 3139 PROOEMIUM.
3190 3146 3203 3149 _

2182 3195 2225 3264 ι
2238 3215 2255 3245 σ
2270 3195 2530 3257 Dominus
2545 3195 2697 3252 dabit
2719 3196 2943 3251 verbum
2966 3194 3464 3267 evangelizantibus
3482 3199 3678 3256 virtute

2109 3288 2301 3350 multa,
2333 3305 2351 3337 ›
2376 3294 2520 3341 recte
2542 3287 2732 3354 utique
2757 3287 3041 3343 Psalmista
3072 3287 3218 3341 canit
3245 3288 3284 3340 ¹.
3305 3286 3503 3343 Verum
3527 3291 3675 3346 istud

2110 3375 2352 3444 aggredi,
2372 3391 2479 3429 non
2505 3376 2751 3443 cujusvis
2768 3391 2890 3430 esse
2912 3390 3057 3440 reor,
3075 3378 3167 3431 scd
3198 3392 3387 3431 eorum
3411 3380 3678 3439 duntaxat

2112 3466 2205 3535 qui
2236 3480 2473 3534 superna
2507 3466 2768 3520 illustrati
2792 3474 2920 3521 sunt
2947 3469 3144 3538 gratia,
3178 3483 3301 3523 cum
3326 3488 3343 3521 ι
3369 3473 3547 3529 omnis
3585 3491 3677 3530 sa-

2110 3554 2316 3624 pientia
2357 3555 2431 3609 sit
2476 3571 2506 3609 a
2537 3555 2768 3609 Domino
2804 3575 2849 3620 ι,
2883 3558 3026 3612 sicut
3058 3559 3447 3628 scriptum_est
3485 3566 3527 3631 ’,
3565 3584 3584 3617 ι
3626 3577 3680 3622 et

2110 3663 2271 3703 omne
2303 3648 2493 3702 datum
2533 3648 2824 3717 optimum,
2856 3659 2909 3704 et
2938 3665 3100 3707 omne
3131 3652 3334 3708 donum
3377 3657 3678 3725 perfectum

2111 3739 2401 3795 desursum
2425 3740 2492 3795 sit
2509 3739 2848 3795 descendens
2866 3756 2896 3795 a
2914 3738 3074 3798 Patre
3098 3743 3390 3803 luminum.
3404 3766 3421 3798 ι
3442 3747 3679 3806 Lubrica

2110 3832 2256 3885 enim
2286 3845 2396 3895 res,
2424 3847 2527 3886 nec
2574 3832 2693 3886 sine
2741 3832 2986 3901 periculo
3016 3835 3204 3891 multis
3238 3837 3454 3893 videtur
3477 3842 3545 3897 de
3589 3858 3683 3897 su-

2111 3935 2303 3991 prema
2351 3922 2594 3975 omnium
2632 3922 2869 3976 essentia
2924 3921 3153 3993 ejusque
3201 3930 3476 3997 mysteriis
3504 3931 3679 3988 disse-

2116 4028 2255 4077 rere,
2290 4020 2343 4067 et
2373 4020 2552 4067 tutum
2581 4019 2666 4067 est
2695 4012 2749 4066 in
2784 4014 2871 4069 his
2902 4013 3183 4070 silentium
3210 4033 3222 4066 :
3252 4019 3347 4074 sed
3379 4022 3448 4076 ab
3487 4038 3553 4079 eo
3579 4041 3680 4081 nos

2114 4109 2283 4171 arcet,
2322 4104 2574 4173 quamvis
2604 4102 2737 4157 illud
2769 4104 3374 4178 impensiusyolamus,
3408 4116 3682 4173 universi-

2115 4197 2245 4252 tatis
2303 4194 2467 4263 Deus,
2503 4195 2721 4251 cuidam
2774 4204 3092 4253 sanctorum
3165 4200 3393 4271 (Paulus
3444 4207 3492 4260 is
3544 4214 3683 4281 erat)

2115 4284 2303 4341 dicens
2337 4304 2349 4338 :
2388 4305 2407 4337 ι
2448 4283 2717 4354 Loquere,
2751 4292 2899 4338 etne
2928 4284 3092 4341 sileas
3125 4288 3165 4351 ³,
3201 4307 3219 4339 ι
3252 4304 3354 4344 nec
3382 4295 3564 4351 minus
3603 4299 3684 4354 le-

2115 4378 2234 4446 gale
2265 4384 2593 4447 praeceptum
2633 4375 2776 4445 quod
2812 4378 3070 4433 crassiori
3099 4380 3336 4451 quodam
3363 4384 3531 4440 veluti
3557 4396 3685 4459 typo

438 4486 565 4523 τινα
590 4469 698 4521 τῶν
740 4466 909 4535 ἁγίων
943 4466 1130 4520 εἰπών.
1173 4465 1386 4528 Παῦλος
1419 4464 1476 4517 δὲ
1510 4458 1663 4527 οὗτος
1702 4460 1771 4535 ἦν
1795 4480 1808 4495 ⁸
1855 4465 1949 4518 καὶ
1979 4466 2011 4535 ή

2115 4485 2203 4524 res
2236 4470 2508 4538 spiritales
2545 4468 2835 4539 signiﬁcat.
2882 4470 3044 4527 Jubet
3076 4473 3219 4528 enim
3245 4489 3341 4531 eos
3383 4478 3475 4547 qui
3511 4458 3687 4536 addi-

438 4559 640 4631 νομικὴ
670 4558 727 4611 δὲ
773 4558 920 4611 οὐδὲν
944 4553 1104 4629 ἦττον
1130 4555 1369 4620 διάταξις
1388 4594 1401 4620 ,
1452 4555 1526 4618 ὡς
1557 4556 1614 4608 ἐν
1646 4554 1799 4625 τύπῳ
1840 4572 2013 4624 παχυ-

437 4650 583 4720 τέρῳ
613 4648 682 4701 τὰ
706 4647 1050 4718 πνευματικὰ
1073 4648 1428 4716 σημαίνουσα.
1461 4645 1598 4708 Τοὺς
1627 4644 1725 4715 μὲν
1752 4645 1859 4716 γὰρ
1880 4647 2013 4717 πρὸς

439 4740 539 4812 τὴν
568 4739 714 4792 θείαν
748 4737 1117 4808 κεκλημένους
1146 4735 1468 4808 ἱερωσύνην,
1516 4738 1627 4799 τοῖς
1674 4736 1760 4790 διὰ
1789 4737 2013 4805 σαλπίγ-

440 4847 555 4900 γων
587 4830 915 4900 ἀπηχήμασι
945 4827 1369 4898 κατασημαίνειν
1409 4826 1484 4896 τῷ
1525 4826 1639 4897 λαῷ
1674 4829 1799 4897 περὶ
1835 4822 1907 4881 ὧν
1950 4828 2013 4879 ἂν

439 4920 609 4991 δεήσῃ
641 4920 852 4991 μαθεῖν,
892 4920 1167 4974 ἐπιτάττει
1193 4935 1207 4952 °
1249 4921 1309 4973 ού
1339 4921 1467 4990 γὰρ,
1498 4917 1669 4990 οἶμαι,
1701 4920 1809 4972 δεῖν
1840 4918 2014 4986 ἐλογί-

443 5011 586 5075 ζετο,
618 5010 1001 5080 νομοθετήσειν
1027 5010 1095 5063 τὰ
1124 5010 1383 5064 κάλλιστα
1414 5011 1546 5075 Θεὸς
1578 5011 1857 5080 ἐθελήσας,
1892 5012 2014 5072 τοὺς

441 5102 554 5157 τῶν
578 5102 722 5155 λαῶν
749 5103 1024 5173 ἡγεμόνας
1066 5106 1221 5174 χεῖρα
1254 5103 1445 5165 θέντας
1487 5102 1579 5154 ἐπὶ
1610 5102 1853 5170 στόματι,
1878 5098 2016 5153 κατὰ

442 5194 505 5248 τὸ
535 5194 940 5264 γεγραμμένον,
980 5193 1125 5263 ὄκνῳ
1158 5211 1215 5246 τε
1238 5191 1332 5245 τοῦ
1371 5193 1445 5264 μὴ
1473 5192 1648 5244 δοκεῖν
1675 5194 1789 5253 τοῖς
1820 5189 2018 5260 ὑψηλο-

441 5284 645 5354 τέροις,
689 5284 722 5353 ἢ
758 5284 900 5338 κατὰ
943 5282 1067 5336 νοῦν
1105 5283 1196 5336 τὸν
1228 5280 1589 5353 ἀνθρώπινον,
1637 5280 2018 5353 ῥιψοκινδύνως

443 5380 742 5450 ἐπιχειρεῖν
762 5419 776 5444 ,
824 5378 914 5431 τὸν
959 5377 1130 5442 οὕτως
1163 5379 1458 5446 ἀναγκαῖον
1483 5378 1593 5439 τοῖς
1624 5375 1908 5429 εὐλάϐειαν
1959 5391 2020 5426 τε

444 5471 542 5525 καὶ
571 5470 901 5539 θεογνωσίαν
933 5469 1471 5538 παιδαγωγουμένοις
1511 5465 1892 5538 παραιτεῖσθαι
1932 5465 2017 5517 λό-

521 5651 539 5683 ¹
573 5652 717 5708 Psal.
749 5667 917 5716 LXVII,
950 5651 1034 5704 12.

682 5750 956 5810 ΡΑτιιοι.
1003 5749 1120 5809 Gn.
1172 5748 1440 5811 LXXIII.

2114 4560 2300 4614 vinum
2372 4560 2740 4617 sacerdotium
2797 4563 2974 4618 vocati
3029 4575 3190 4631 sunt,
3243 4583 3381 4623 sono
3431 4570 3683 4628 tubarum

2116 4650 2315 4721 populo
2346 4652 2474 4721 quid
2509 4655 2557 4706 ei
2587 4652 2908 4708 discendum
2948 4655 3020 4710 sit
3048 4656 3351 4716 declarare.
3378 4659 3499 4717 Non
3540 4666 3685 4720 enim

2115 4739 2483 4803 existimabat,
2520 4748 2578 4793 ut
2609 4741 2846 4805 videtur,
2888 4750 3090 4796 rectam
3127 4745 3297 4816 legem
3329 4763 3359 4802 a
3390 4748 3502 4806 Deo
3535 4756 3687 4823 posi-

2118 4840 2234 4885 tum
2278 4832 2367 4895 iri,
2413 4833 2460 4885 si
2510 4839 2774 4887 statueret
2828 4835 3152 4902 populorum
3202 4838 3394 4907 duces,
3432 4843 3686 4913 imposita

2122 4924 2202 4975 ori
2228 4936 2413 4987 manu,
2436 4923 2488 4991 2
2512 4930 2569 4975 ut
2596 4923 2859 4995 scriptum
2882 4933 2987 4985 est.
3013 4941 3122 4996 pra:
3155 4938 3303 4985 metu
3333 4935 3686 5003 aggrediendi

2127 5028 2212 5066 res
2255 5012 2609 5071 sublimiores
2648 5030 2814 5086 quam
2867 5032 3024 5072 mens
3071 5019 3313 5076 humana
3346 5028 3559 5095 capiat,
3593 5028 3689 5081 do-

2125 5101 2357 5155 ctrinam
2392 5108 2499 5156 tam
2529 5106 2896 5160 necessariam
2927 5106 2994 5161 iis
3008 5109 3097 5177 qui
3140 5110 3205 5163 ad
3235 5111 3487 5179 pietatem
3513 5122 3566 5169 ct
3593 5115 3687 5169 Dci

2120 5192 2488 5260 cognitionem
2527 5193 2857 5250 erudiuntur
2902 5198 3137 5265 amoliri,
3173 5207 3226 5254 et
3266 5201 3544 5259 silentium
3575 5220 3690 5257 am-

2122 5284 2285 5351 plccti
2338 5284 2407 5338 ad
2459 5286 2812 5356 disciplinam
2860 5289 3203 5345 venientibus
3247 5293 3385 5348 adeo
3441 5294 3687 5348 noxium.

2121 5373 2333 5429 Turbat
2375 5390 2506 5429 vero
2543 5393 2645 5431 nos
2699 5392 2921 5432 rursum
2953 5377 3158 5431 Christi
3208 5378 3533 5448 discipulus,
3566 5395 3689 5433 cum

2123 5466 2219 5531 ait,
2247 5484 2264 5516 ι
2303 5465 2478 5522 Nolite
2505 5464 2690 5537 plures
2728 5468 2974 5531 magistri
3024 5468 3141 5522 fieri
3179 5468 3218 5519 ⁸.
3266 5487 3283 5518 ι
3318 5469 3462 5535 Quin
3509 5476 3561 5525 et
3600 5486 3688 5526 sa-

1114 5655 1133 5683 '
1173 5651 1290 5707 Jac.
1340 5668 1379 5717 ι,
1440 5652 1526 5706 17.
1606 5653 1624 5683 ³
1656 5651 1774 5706 Act.
1815 5665 1984 5715 xvm,
2018 5648 2072 5705 9.
2150 5650 2168 5680 ⁵
2205 5649 2319 5705 Jac.
2356 5664 2453 5716 ιιι,
2490 5652 2538 5703 ‘l.

3398 5745 3425 5808 ι

1614 6094 1629 6111 ε
1670 6086 1771 6129 9-2..
1812 6081 1876 6129 {"1
1928 6086 1951 6121 τι
1986 6073 2148 6129 Ψῖζ

1808 6122 1877 6179 δ
1907 6116 1967 6175 is:
1982 6124 2015 6173 ί
2032 6107 2151 6173 SC)
