4092 6274
366 270 430 326 υ
1358 258 1416 315 s.
1454 256 1734 315 CYRlLlJ
1788 232 2257 312 AL‘EstnntNI
2316 257 2633 314 ARCIIIEP.
3556 264 3619 318 ιφ
3657 324 3663 330 ,

363 386 521 460 piens
561 382 922 439 Ecclesiastes
956 381 1193 437 obscure
1223 380 1525 451 periculum
1556 380 1700 451 quod
1748 393 1936 433 earum

2042 396 2157 448 γον,
2205 381 2301 435 καὶ
2352 381 2563 452 σιωπὴν
2592 383 2704 445 τοῖς
2744 382 2823 445 είς
2853 381 3154 452 μαθητείαν
3204 381 3373 436 ἰοῦσιν
3404 382 3614 437 ἑλέσθαι

365 490 551 529 rerum
587 473 905 529 doctoribus
948 471 1243 536 incumbit,
1279 471 1601 542 signiticans
1646 489 1659 525 :
1712 487 1730 520 ι
1780 467 1939 525 Scin-

363 563 506 620 dens
543 564 696 635 ligna
721 563 762 631 ',
797 581 816 616 ι
855 563 1057 634 inquit,
1099 581 1116 615 ι
1154 562 1560 633 periclitabitur
1616 562 1671 616 in
1726 561 1829 617 eis.
1878 558 1936 614 Si

363 655 633 710 exciderit
655 652 879 717 ferrum,
897 662 954 709 et
976 654 1096 724 ipse
1125 652 1319 708 faciem
1354 652 1621 717 turbavit,
1639 659 1693 707 et
1714 650 1937 705 fortitu-

364 748 523 801 dines
586 745 944 801 confortabit.
1009 764 1029 798 ι
1090 742 1296 800 Ferreo
1359 746 1504 799 enim
1567 745 1939 801 instrumento

365 847 648 907 comparat
686 838 883 893 utentis
912 836 1084 891 aciem
1116 850 1237 906 qua:
1277 836 1487 891 scilicet
1514 844 1805 907 penetrare
1838 849 1937 906 po-

366 934 573 989 test,et
622 928 676 980 in
725 926 914 981 intima
967 927 1178 991 subire,
1218 926 1472 997 quamvis
1519 926 1774 982 crassitie
1806 941 1939 998 quo-

366 1017 657 1073 dammodo
700 1026 750 1073 et
782 1018 1065 1074 soliditate
1108 1018 1351 1073 materia:
1386 1017 1733 1087 impediatur.
1768 1016 1937 1087 Ligna

364 1126 582 1174 rursus,
618 1110 845 1181 ﬁgurate
887 1118 1048 1166 vocat
1083 1110 1595 1179 contemplationes,
1631 1124 1751 1181 qua:
1786 1107 1937 1164 Scri-

366 1213 527 1273 ptura
549 1202 818 1257 divinitus
840 1203 1107 1274 inspirata
1136 1201 1511 1265 continentur,
1536 1215 1661 1270 quae
1697 1199 1938 1256 efﬁciunt

366 1303 426 1345 ut
459 1293 581 1347 libri
615 1293 818 1362 quibus
852 1291 1177 1349 inseruntur
1221 1291 1332 1347 sint
1367 1290 1590 1361 quidam
1620 1290 1788 1345 veluti
1826 1290 1939 1360 spi-

353 1386 544 1441 ritalis
586 1384 901 1455 paradisus,
937 1392 993 1439 et
1038 1391 1301 1454 praeterea
1331 1383 1550 1453 frugum
1597 1381 1774 1438 sancti
1814 1378 1938 1452 Spi-

362 1479 503 1534 ritus
534 1478 838 1535 ubertatem
878 1478 1123 1547 pariunt.
1147 1474 1251 1542 Qui
1281 1490 1414 1545 ergo
1462 1473 1610 1545 ligna
1647 1472 1934 1545 spiritalia,

362 1572 468 1626 boe
500 1578 587 1628 est
631 1570 848 1627 divinas
876 1576 932 1625 et
957 1568 1218 1640 mysticas
1238 1566 1436 1622 divinae
1465 1565 1766 1636 Scriptura:
1804 1579 1935 1620 con-

362 1661 771 1732 templationes,
789 1668 1047 1716 accurata
1072 1659 1332 1729 indagine
1352 1666 1407 1713 et
1435 1665 1623 1727 exacta
1646 1659 1853 1729 ingenii
1881 1658 1934 1713 vi

360 1762 415 1808 et
433 1752 685 1809 acumine
705 1751 980 1823 explicare
999 1758 1251 1814 conatur,
1268 1757 1383 1802 tum
1410 1749 1647 1804 maxime
1667 1748 1936 1819 periclita-
1969 1732 2011 1786 Β

362 1842 762 1913 bitur,inquit,
804 1856 931 1897 cum
970 1839 1175 1895 ferrum
1214 1837 1498 1903 ceciderit,
1533 1839 1638 1893 hoc
1676 1844 1780 1903 cst,
1808 1852 1935 1893 cum

363 1950 551 1991 rerum
609 1933 939 2004 scriptarum
992 1944 1121 1986 vera
1183 1927 1545 2000 intelligentia
1602 1927 1766 1983 allata
1826 1943 1936 1984 non

338 2028 550 2093 ,fuerit,
575 2035 628 2081 et
656 2032 804 2080 recto
826 2024 976 2079 velut
1010 2021 1212 2077 itinere
1243 2020 1437 2077 relicto
1466 2021 1520 2075 in
1550 2020 1713 2074 aliam
1745 2035 1937 2091 quam-

361 2118 489 2173 dam
514 2116 791 2187 obliquam
821 2122 877 2171 et
904 2130 935 2169 a
958 2114 1190 2170 veritate
1213 2112 1481 2169 detortam
1509 2111 1775 2168 doctrinae
1790 2111 1935 2166 viam

362 2208 841 2275 deflexerit.Quod
864 2216 1014 2264 certe
1038 2220 1165 2264 cum
1191 2205 1244 2262 ei
1273 2204 1558 2270 acciderit,
1588 2205 1643 2259 in
1681 2204 1935 2259 timorem

361 2301 615 2372 eonjiciet
658 2300 911 2356 animam.
936 2310 1115 2362 suam,
1148 2296 1202 2352 id
1247 2303 1334 2353 est
1360 2310 1479 2361 cor,
1503 2303 1558 2351 et
1593 2294 1648 2349 in
1690 2293 1935 2365 seipsum

363 2393 604 2449 ﬁrmabit
668 2388 946 2460 improbas
1007 2386 1434 2457 contrariasque
1488 2384 1758 2453 virtutes,
1814 2398 1939 2457 qua:

361 2484 590 2542 nefariis
628 2497 695 2537 ac
724 2478 1002 2552 perversis
1044 2477 1402 2535 sermonibus
1442 2476 1748 2533 errantium
1788 2490 1937 2532 men.

361 2589 468 2634 tem
495 2575 778 2645 decipiunt
809 2586 912 2627 nec
951 2570 1202 2628 veritatis
1231 2568 1697 2641 pulchritudinem
1734 2568 1936 2626 intueri

361 2669 570 2732 sinunt,
598 2663 694 2721 sed
728 2661 1086 2718 multifariam
1119 2666 1466 2730 pervertunt,
1489 2667 1543 2716 et
1573 2660 1637 2732 in
1667 2659 1937 2716 absurdas
1988 2659 1989 2662 “

361 2728 723 2829 cogitationes
767 2751 1090 2809 detrudunt.
1122 2728 1151 2803 -ι
1191 2748 1363 2806 Nemo
1417 2728 1583 2806 enim,
1624 2749 1758 2812 dicit
1799 2763 1937 2804 ana-

362 2848 546 2903 thema
572 2843 700 2901 .lesu
723 2843 830 2899 nisi
850 2842 907 2897 in
932 2840 1233 2897 Beelzebub
1248 2840 1326 2894 ⁸.»
1351 2838 1459 2895 Nec
1488 2847 1640 2910 putet
1663 2839 1934 2911 quispiam
1974 2848 1983 2855 '

362 2956 450 2996 me
479 2938 596 2994 haec
641 2949 927 3008 perperam
967 2942 1060 2988 aut
1106 2932 1308 3003 alioqui
1342 2932 1590 3003 captiose
1637 2932 1931 3002 explicare.

2038 472 2136 543 τὴν
2173 472 2484 543 ἐπιζήμιον.
2508 472 2742 544 Θορυὸεῖ
2778 472 2838 527 et
2875 473 3035 527 πάλιν
3069 473 3391 545 ήμᾶς,⁹‹Μὴ
3437 475 3618 530 πολλοὶ

2036 562 2343 621 διδάσκαλοι
2364 562 2598 634 γίνεσθε,
2613 584 2631 617 ι
2659 563 2830 633 λέγων
2851 566 2879 617 ὁ
2899 564 3134 634 Χριστοῦ
3167 564 3436 636 μαθητής·
3457 565 3535 618 ἔτι
3557 583 3617 619 τε

2038 656 2174 727 πρὸς
2218 657 2428 728 τούτῳ,
2482 658 2576 711 καὶ
2607 659 2636 711 ὁ
2668 657 2977 727 σοφώτατος
3021 656 3489 728 Ἐκκλησιαστὴς,
3529 659 3616 711 ai—

2037 749 2392 820 νιγματωδῶς
2422 748 2522 821 τὴν
2569 750 2661 802 ἐπὶ
2688 749 2767 820 τῷ
2799 748 2868 803 τά
2899 749 3127 804 τοιαῦτα
3164 749 3433 803 διδάσκειν
3477 766 3614 817 σφα-

2037 842 2305 913 λερότητα
2347 841 2560 906 δεικνύς
2587 858 2602 873 ο
2639 841 2873 913 «Σχίζων
2899 843 3008 914 γάρ
3047 840 3198 906 ξύλα,
3234 840 3395 912 φησι,
3439 842 3618 895 κινδυ-

2037 932 2216 987 νεύσει
2245 934 2303 986 ἐν
2334 934 2540 997 αὐτοῖς,
2576 933 2669 987 ἐὰν
2700 933 2911 1006 ἐκπέσῃ
2935 933 2998 987 τδ
3026 933 3284 1004 σιδήριον,
3327 932 3423 987 καὶ
3454 932 3616 995 αὐτὸς

2039 1023 2305 1095 πρόσωπα
2328 1024 2575 1097 ἐτάραξε,
2597 1025 2690 1079 καὶ
2707 1024 2963 1094 δυνάμεις
2986 1023 3359 1095 δυναμεύσει·ι
3392 1023 3617 1094 σιδηρίῳ

2043 1115 2143 1187 μὲν
2179 1116 2287 1187 γὰρ
2336 1115 2658 1186 παρεικάζει
2704 1115 2800 1169 τοῦ
2846 1114 2938 1169 νοῦ
2981 1114 3079 1186 τὴν
3118 1112 3371 1185 ὀξύτητα,
3411 1114 3507 1167 an
3549 1113 3615 1184 δὴ

2036 1208 2354 1262 διικνεῖσθαι
2383 1206 2711 1276 πεφυκότος,
2752 1206 3080 1271 εἰσδύνοντός
3110 1225 3169 1261 τε
3211 1207 3346 1277 πρὸς
3375 1205 3443 1259 τά
3478 1204 3614 1259 ἐσώ-

2037 1314 2196 1361 τατα,
2240 1294 2343 1351 κᾶν
2383 1295 2676 1365 πυκνότητί
2735 1313 2851 1361 πως
2903 1296 2997 1349 καὶ
3035 1294 3111 1366 τῷ
3165 1295 3479 1365 νενασμένῳ
3515 1296 3615 1365 τῆς

2038 1388 2169 1459 ὕλης
2231 1386 2620 1441 διακωλύοιτοο
2685 1385 2817 1451 ξύλα
2873 1387 2931 1441 δὲ
2989 1387 3152 1442 πάλιν
3210 1385 3616 1459 τροπικώτερον

2036 1481 2303 1535 ἀποκαλεῖ
2330 1480 2399 1534 τὰ
2444 1480 2503 1532 ἐν
2534 1481 2600 1552 τῇ
2642 1478 2981 1550 θεοπνεύστῳ
3027 1481 3214 1552 Γραφῇ
3260 1480 3611 1551 θεωρήματα,

2036 1572 2364 1644 παράδεισόν
2394 1590 2515 1627 τινα
2548 1571 2737 1643 νοητὸν
2780 1572 2878 1636 τάς
2911 1568 2999 1637 αἷς
3039 1573 3363 1627 ἐντέθεινται
3409 1571 3613 1643 βίϐλοις

2038 1662 2535 1727 κατασκευάζοντα,
2597 1660 2677 1714 ἔτι
2723 1678 2783 1715 τε
2832 1662 2968 1731 πρὸς
3022 1661 3196 1731 τούτῳ
3238 1661 3334 1714 καὶ
3377 1660 3475 1731 τὴν
3516 1658 3612 1713 τοῦ

2037 1756 2191 1823 ἁγίου
2225 1755 2541 1825 Πνεύματος
2590 1744 3270 1826 καρποφορίανὼδίνοντα.
3316 1752 3397 1806 Τά
3433 1750 3611 1805 τοίνυν

2039 1844 2172 1910 ξύλα
2195 1845 2263 1899 τὰ
2286 1846 2477 1917 νοητὰ,
2507 1845 2652 1899 τοῦτ’
2692 1844 2830 1908 ἐστι,
2868 1844 2937 1898 τά
2965 1843 3084 1898 θεῖά
3127 1860 3187 1897 τε
3230 1845 3325 1897 καὶ
3375 1842 3612 1913 μυστικά

2036 1936 2366 2009 θεωρήματα
2386 1937 2484 2008 τῆς
2505 1936 2857 1991 θεοπνεύστου
2878 1937 3117 2007 Γραφῆς,
3148 1935 3237 1989 διά
3263 1937 3361 2007 τῆς
3385 1934 3612 2006 ἐρεύνης

2035 2029 2130 2082 καὶ
2158 2028 2557 2099 ἀκριόεστάτης
2582 2026 2680 2079 τοῦ
2711 2025 2804 2080 νοῦ
2834 2027 3137 2098 προσϐολῆς
3173 2044 3232 2079 τε
3290 2027 3383 2079 καὶ
3421 2026 3611 2095 ὀξύτη-

2034 2136 2125 2183 τος
2179 2117 2533 2171 διαπτύσσειν
2588 2116 2948 2188 πειρώμενος,
2999 2115 3337 2171 κινδυνεύσει
3385 2116 3440 2169 δὲ
3489 2115 3608 2169 τότε

2040 2208 2295 2280 μάλιστα,
2345 2205 2531 2277 φησιν,
2579 2207 2658 2261 ὅτ’
2696 2204 2761 2261 ἂν
2812 2205 3021 2278 ἐκπέσῃ
3063 2204 3122 2258 τὸ
3158 2204 3418 2275 σιδήριον,
3462 2200 3608 2256 τοῦτ’

2034 2302 2201 2363 ἐστιν,
2230 2300 2307 2353 ὅτ’
2332 2298 2399 2352 ἂν
2435 2298 2509 2370 μὴ
2534 2297 2673 2351 κατὰ
2704 2297 2805 2367 τῆς
2835 2296 3066 2367 ἀληθοῦς
3102 2296 3339 2360 διανοίας
3379 2297 3487 2350 τῶν
3516 2313 3608 2365 γε-

2035 2392 2369 2466 ¹ιἰπαμμένων
2399 2392 2428 2444 ὁ
2462 2389 2585 2454 νοῦς
2619 2388 2857 2458 ἐνεχθεὶς
2889 2387 3115 2456 γένηται
3152 2386 3255 2457 τῆς
3291 2385 3457 2457 ὀρθῆς
3494 2385 3609 2439 δια-

2033 2483 2269 2557 λήψεως,
2320 2482 2412 2537 καὶ
2456 2480 2556 2552 τὴν
2588 2479 2800 2533 εὐθεῖαν
2836 2478 3024 2549 ὥσπερ
3064 2478 3239 2546 ἀφεὶς,
3284 2478 3369 2545 ἐφ’
3415 2477 3606 2549 ἐτέραν

2034 2574 2157 2629 τινὰ
2188 2575 2417 2646 φέρηται
2461 2571 2693 2651 θεωρίας
2721 2570 2838 2624 ὁδὸν
2880 2569 3326 2639 ἐκτετραμμένην
3353 2568 3447 2623 τοῦ
3476 2568 3609 2639 πρέ⁹

2036 2685 2248 2731 ποντος.
2299 2668 2364 2721 ’0
2390 2664 2453 2736 δὴ
2482 2665 2577 2719 καὶ
2618 2662 2805 2717 παθὼν
2839 2663 2919 2717 ἐν.
2946 2702 2959 2715 .
2987 2700 3002 2715 .
3027 2698 3042 2715 .
3069 2699 3088 2717 .
3136 2661 3233 2731 μὲν
3278 2661 3609 2731 καταστήσει

2035 2758 2097 2813 τὸ
2126 2759 2321 2812 οἰκεῖον
2350 2757 2448 2827 τῆς
2474 2755 2673 2825 ψυχῆς,
2708 2752 2848 2807 τοῦτ’
2876 2752 3012 2813 ἔστι.
3041 2752 3139 2822 τὴν
3174 2751 3421 2821 καρδίαν,
3456 2751 3611 2805 δυνα-

2038 2847 2209 2919 μώσει
2258 2844 2315 2899 δὲ
2356 2844 2488 2899 ,καθ’
2535 2841 2749 2907 ἐαυτοῦ,
2802 2841 2898 2896 καὶ
2943 2839 3043 2904 τὰς
3094 2839 3335 2910 πονηράς
3406 2856 3464 2892 τε
3517 2840 3613 2891 καὶ

2037 2936 2419 3007 ἀντικειμένας
2457 2935 2734 3005 δυνάμεις.
2764 2974 2779 2988 .
2808 2971 2823 2986 .
2852 2973 2867 2987 .
2904 2933 3036 3017 ⁸ροῖς
3082 2948 3141 2984 τε
3181 2932 3275 2984 καὶ
3316 2931 3611 3002 διεστραμ·

371 3031 525 3087 Solet
554 3028 740 3085 divina
771 3024 1080 3096 Scriptura,
1110 3029 1171 3077 ut
1218 3022 1332 3092 jam
1359 3022 1622 3088 diximus,
1652 3022 1800 3092 ligna
1839 3036 1935 3076 vo-

2042 3027 2222 3100 μένοις
2262 3021 2712 3092 κατασοφίζονται
2757 3020 2938 3089 λόγοις
2976 3020 3085 3073 τῶν
3129 3018 3493 3089 πλανωμένων
3522 3018 3612 3072 τὸν

363 3136 495 3177 care
516 3119 830 3175 divinarum
868 3115 1206 3170 Litterarum
1238 3114 1755 3184 contemplationes.
1781 3111 1938 3168 Unde

368 3210 742 3268 universitatis
784 3206 930 3264 Deus
988 3205 1098 3262 tale
1152 3203 1417 3275 quiddam
1458 3220 1558 3276 per
1590 3204 1938 3276 sapientissi-

365 3316 511 3357 mum
569 3298 772 3356 Mesem
824 3298 894 3354 ad
946 3297 1096 3353 illius
1150 3296 1418 3366 temporis
1460 3296 1720 3352 homines
1755 3296 1933 3352 dicit:

369 3413 388 3446 ι
431 3393 489 3448 Si
528 3398 715 3448 autem
742 3389 1027 3447 obsederis
1056 3389 1206 3444 circa
1225 3388 1502 3445 civitatem
1537 3404 1705 3444 unam
1741 3387 1937 3445 diebus

366 3485 613 3556 pluribus
641 3480 1009 3555 oppugnando
1057 3494 1178 3535 eam
1210 3478 1263 3548 3
1313 3479 1382 3534 ad
1417 3479 1737 3551 capiendam
1786 3494 1938 3544 eam;

367 3593 476 3632 non
524 3572 919 3631 extertninabis
967 3570 1194 3625 arbores
1239 3570 1382 3639 ejus,
1430 3570 1700 3623 mittendo
1745 3568 1801 3621 in
1846 3583 1943 3624 cas

369 3668 575 3722 lerrum
603 3704 620 3728 ,
672 3660 768 3718 sed
805 3659 874 3715 de
899 3673 964 3713 ea
1009 3658 1211 3712 arbore
1238 3654 1515 3723 comedes,
1549 3656 1724 3725 ipsam
1755 3662 1939 3710 autem

368 3771 481 3813 non
511 3748 1047 3820 excldes.Numquid
1077 3748 1286 3819 lignum
1320 3746 1468 3816 quod
1503 3745 1560 3800 in
1593 3760 1746 3816 agro,
1775 3744 1942 3800 homo

367 3854 474 3911 est,
530 3850 593 3899 ut
650 3839 992 3913 ingrediatur
1031 3853 1061 3892 a
1122 3837 1264 3892 faeie
1314 3845 1408 3892 tua
1456 3837 1515 3891 in
1558 3834 1803 3890 vallum?
1844 3834 1940 3891 sed

369 3941 582 4011 lignum
629 3932 777 4006 quod
836 3932 1005 3997 nosti,
1035 3930 1166 4002 quia
1214 3943 1327 3984 non
1376 3927 1478 3984 fert
1530 3925 1774 3982 fructum
1822 3926 1942 3982 esui

369 4038 582 4103 aptum,
623 4027 731 4082 hoc
778 4022 1073 4095 disperdes
1109 4031 1164 4078 et
1208 4020 1428 4078 excides
1455 4021 1500 4075 ⁷.
1533 4039 1552 4072 ι
1588 4017 1715 4074 Haec
1761 4025 1941 4073 autem

368 4118 531 4177 nobis
565 4114 922 4189 praescribere
969 4111 1210 4168 universi
1255 4110 1427 4166 Deum
1477 4107 1743 4174 noluisse,
1771 4108 1829 4173 Tsi
1876 4106 1945 4161 de

370 4213 535 4285 lignis
589 4207 954 4267 terrestribus
1034 4204 1443 4275 intelligantur,
1495 4200 1677 4257 cuivis
1742 4200 1944 4272 opinor

312 4326 319 4345 λ
368 4317 498 4359 esse
555 4296 932 4356 manifestum.
986 4293 1381 4351 Verumtamen
1437 4307 1503 4347 ex
1563 4291 1672 4346 alio
1724 4304 1944 4361 quoque

2038 3118 2184 3172 νοῦν.
2210 3155 2225 3171 .
2257 3157 2271 3170 .
2299 3157 2312 3171 .
2338 3157 2351 3171 .
2381 3153 2397 3170 .
2443 3114 2505 3168 τὸ
2534 3115 2633 3184 τῆς
2663 3112 2921 3184 ἀληθείας
2966 3111 3161 3174 κάλλος
3196 3111 3359 3164 αὑτὸν
3388 3110 3614 3165 ἀναϐλέο

2040 3226 2162 3264 πειν
2194 3208 2295 3261 οὐκ
2330 3206 2741 3277 ἐπιτρέπουσαι,
2788 3202 3207 3272 διαστρέφουσαι
3245 3201 3303 3255 δὲ
3333 3200 3610 3263 ποικίλως,

2039 3303 2132 3356 καὶ
2172 3301 2251 3364 εἰς
2284 3297 2546 3361 ἐκτύπους
2588 3296 2796 3359 ἐννοίας
2840 3295 3140 3365 ἁποφοιτᾷν
3185 3294 3612 3349 ἀναπείθουσαι·

2045 3414 2063 3447 ι
2087 3394 2249 3462 Λέγει
2280 3391 2389 3462 γάρ
2416 3390 2587 3452 οὐδεὶς
2619 3389 2866 3456 ἀνάθεμα
2891 3387 3090 3455 Ἰησοῦ,
3123 3388 3172 3438 εἰ
3205 3387 3278 3456 μὴ
3308 3389 3365 3439 ἐν
3392 3386 3615 3451 Βεελζεο

2040 3484 2188 3537 δούλ.
2224 3501 2244 3534 r
2299 3482 2409 3534 Kal.
2440 3481 2515 3549 μή
2541 3495 2624 3541 τις
2669 3476 2865 3530 οἰέσθω
2894 3475 3333 3546 πεπλανημένην.
3363 3514 3379 3530 .
3411 3515 3424 3529 .
3450 3517 3463 3529 .
3518 3476 3614 3530 καὶ

2041 3573 2213 3636 άλλως
2262 3571 2326 3623 ἐκ
2370 3566 2779 3639 παραλογισμοῦ
2833 3565 3102 3619 ποιεῖσθαι
3151 3565 3250 3636 τὴν
3289 3567 3381 3618 ἐπὶ
3406 3565 3614 3629 τούτοις

2040 3663 2298 3735 ἐξήγησιν
2323 3676 2336 3692 ’
2374 3660 2504 3725 ξύλα
2527 3656 2812 3729 ὀνομάζειν
2833 3657 2951 3721 ἔθος
2976 3661 3040 3731 τῇ
3070 3657 3190 3728 θείᾳ
3210 3659 3419 3729 Γραφῇ,
3446 3657 3614 3711 καθά-

2042 3773 2149 3828 περ
2180 3755 2282 3827 ῆδη
2325 3753 2679 3824 προείπομεν,
2720 3752 2790 3805 τὰ
2820 3751 2878 3804 ἐν
2905 3752 3021 3814 ταῖς
3065 3750 3440 3814 θεοπνεύστοις
3477 3751 3613 3821 Γραι-

2043 3849 2170 3917 φαῖς
2195 3845 2545 3917 θεωρήματα.
2572 3842 2681 3895 Kal.
2698 3840 2828 3910 γοῦν
2846 3840 2934 3895 διὰ
2953 3841 3047 3895 τοῦ
3071 3842 3347 3913 πανσόφου
3373 3843 3613 3907 Μωσέως

2044 3937 2180 4010 πρὸς
2204 3936 2332 4000 τοὺς
2360 3938 2480 3991 κατ’
2508 3938 2683 3991 ἐκεῖνο
2706 3933 2897 4006 καιροῦ
2926 3932 3162 3987 τοιοῦτόν
3190 3934 3246 3986 τί
3276 3950 3439 4004 φησιν
3462 3936 3490 3988 ὁ
3521 3933 3614 3986 ἐπὶ

2044 4035 2261 4088 πάντων
2283 4031 2416 4096 Θεός
2434 4048 2448 4062 ο
2480 4049 2499 4082 ι
2521 4029 2644 4084 Ἐὰν
2662 4028 2719 4083 δὲ
2740 4024 3100 4098 περικαθίσῃς
3120 4026 3201 4088 εἰς
3225 4025 3380 4079 πόλιν
3401 4025 3613 4096 ἡμέρας

2043 4123 2263 4185 πλείους
2300 4117 2676 4190 ἐκπολεμῆσαι
2728 4113 2896 4184 αὐτὴν
2937 4115 3015 4176 εἰς
3058 4112 3360 4182 κατάληψιν
3404 4111 3610 4180 αὐτῆς,

2043 4215 2145 4268 οὐκ
2187 4208 2585 4281 ὲξολοθρεύσεις
2626 4204 2695 4259 τὰ
2745 4203 2936 4281 δένδρα
2982 4201 3151 4272 αὐτῆς
3196 4201 3473 4255 ἐπιϐαλεῖν
3525 4200 3611 4253 ἐπ’

2045 4303 2185 4358 αύτά
2229 4274 2475 4371 σίδηρον,
2525 4296 2640 4351 ἀλλ’
2671 4274 2777 4349 άπθ
2797 4292 2964 4348 αὐτοῦ
3014 4294 3183 4364 φάγῃ,
3233 4293 3364 4345 αὐτὸ
3411 4291 3468 4344 δέ
3513 4293 3613 4344 οὐκ

369 4397 646 4461 praecepto
688 4382 1180 4456 demonstrandum
1227 4389 1361 4450 puto
1397 4380 1513 4436 haec
1545 4380 1598 4436 ei
1648 4394 1795 4435 cura:
1830 4393 1940 4434 non

2046 4392 2326 4463 ἐκκόψεις.
2375 4391 2469 4461 Μὴ
2500 4388 2784 4460 ἄνθρωπος
2814 4386 2878 4440 τὸ
2906 4385 3060 4450 ξύλον
3085 4385 3146 4437 τὸ
3191 4388 3248 4439 ἐν
3279 4384 3358 4454 τῷ
3402 4383 3611 4454 δρυμῷ,

373 4478 668 4536 admodum
713 4476 911 4531 fuisse.
941 4473 1089 4540 Quid
1147 4472 1294 4527 enim
1354 4486 1553 4526 rursus
1603 4470 1759 4540 jubet
1811 4482 1945 4540 erga

375 4570 506 4626 falsi
556 4565 800 4624 nominis
850 4564 982 4619 deos
1037 4562 1196 4617 fieri?
1227 4580 1247 4613 ι
1280 4561 1419 4617 Aras
1455 4575 1646 4617 eorum
1694 4560 1947 4616 destrue-

375 4664 466 4728 tis,
504 4679 523 4714 ι
558 4658 759 4731 inquit,
800 4674 819 4708 ι
860 4662 916 4711 et
965 4652 1253 4709 columnas
1300 4665 1492 4708 eorum
1539 4650 1863 4716 conteretis,
1893 4657 1948 4705 et

374 4753 532 4807 lucos
582 4749 831 4818 ipsorum
870 4741 1139 4799 excidetis
1179 4742 1223 4797 '.
1271 4760 1290 4795 ι
1340 4739 1509 4795 Juxta
1558 4754 1717 4795 suum
1763 4745 1946 4794 autem

373 4841 545 4895 altare
568 4834 807 4909 plantari
837 4833 1045 4905 lignum
1064 4832 1289 4887 omnino
1315 4846 1425 4886 non
1454 4829 1740 4902 permittit.
1768 4846 1788 4881 ι
1824 4826 1944 4883 Νοιι

374 4928 652 5005 plantabis
718 4926 867 4981 enim
929 4924 1026 4979 tibi
1102 4923 1473 4993 quodcunque
1530 4935 1725 4976 nemus
1787 4922 1944 4990 juxta

292 5036 297 5041 '
376 5025 552 5078 altare
596 5016 814 5073 Domini
863 5014 961 5070 Dei
1011 5013 1090 5069 tui
1120 5015 1165 5081 ⁹,
1206 5031 1226 5065 ι
1259 5013 1407 5069 clare
1446 5012 1756 5067 denuntiat.
1788 5010 1857 5065 Et
1898 5010 1947 5067 si

377 5110 511 5184 quid
556 5110 644 5165 bis
692 5105 815 5163 addi
850 5120 1081 5163 necesse
1127 5112 1235 5171 est,
1270 5102 1519 5173 exemplo
1552 5100 1946 5172 sapientissimi

376 5200 531 5255 Pauli
583 5198 762 5255 dicam
819 5215 834 5253 :
896 5214 917 5249 ι
977 5192 1254 5265 Numquid
1314 5192 1382 5248 de
1443 5191 1608 5263 lignis
1672 5204 1805 5245 cura
1864 5196 1949 5244 est

383 5294 494 5349 Deo
529 5291 649 5346 “is
689 5287 890 5360 Utique
918 5295 1141 5359 propter
1166 5299 1269 5341 nos
1286 5284 1554 5355 exemplis
1586 5281 1761 5339 utitur
1792 5294 1948 5337 cras-

379 5382 644 5447 sioribus,
667 5379 871 5452 quibus
902 5378 968 5434 ad
1013 5390 1201 5432 rerum
1236 5374 1569 5446 spiritalium
1610 5372 1951 5442 contempla-

383 5474 589 5529 tionem
620 5488 724 5530 nos
771 5470 1030 5545 adducat.
1056 5467 1330 5536 Quocirca
1379 5465 1495 5537 jam
1538 5464 1810 5532 dicamus,
1847 5464 1950 5518 into

2047 4485 2307 4541 εἰσελθεῖν
2338 4481 2447 4537 ἀπὸ
2483 4478 2777 4551 προσώπου
2808 4494 2902 4531 σου
2932 4478 3011 4541 είς
3043 4476 3133 4530 τὸν
3166 4476 3416 4547 χάρακα;
3458 4474 3614 4527 Ἀλλὰ

2046 4578 2108 4633 τὸ
2151 4576 2327 4643 ξύλον,
2374 4573 2404 4627 δ
2447 4571 2755 4634 ἐπίστασαι,
2802 4569 2886 4622 ὅτι
2931 4569 2992 4622 οὐ
3040 4566 3433 4639 καρτοὸδρωτόν
3476 4566 3613 4623 ἐστι,

2046 4667 2204 4722 τοῦτο
2232 4662 2654 4734 ἐξολοθρεύσεις,
2688 4660 2783 4715 καὶ
2809 4659 3121 4730 ἐκκόψεις.»
3156 4659 3277 4711 ὀτι
3307 4655 3363 4708 δέ
3387 4657 3521 4725 ήμῖν
3548 4654 3616 4708 τά

2047 4756 2271 4813 τοιαῦτα
2292 4754 2621 4827 νομοθετεῖν,
2645 4754 2693 4806 εί
2718 4752 2845 4824 περὶ
2870 4749 3039 4815 ξύλων
3054 4748 3171 4808 ,τῶν
3195 4747 3301 4801 ἀπὸ
3321 4746 3425 4817 γῆς
3445 4748 3603 4801 νοοῖττ

2049 4849 2110 4902 τὸ
2136 4846 2444 4917 εἰρημένον,
2472 4845 2572 4927 οὐκ
2597 4842 2661 4897 ἂν
2687 4845 2715 4897 ὁ
2749 4842 2856 4895 τῶν
2887 4840 3024 4894 ὅλων
3049 4839 3246 4909 ἠξίωσε
3275 4838 3426 4903 Θεὸς,
3456 4842 3613 4890 παντᾷ

2053 4939 2153 5011 μέν
2179 4954 2282 4991 που
2314 4935 2471 5006 δῆλον
2495 4926 2759 5005 ὑπάρχειν
2787 4930 3151 5002 ὑπολαμϐάνω
3176 4945 3189 4957 ·
3225 4930 3422 4999 χρῆναι
3449 4929 3493 4982 δ’
3524 4926 3607 4983 οὗχ

2050 5030 2199 5099 ὅμως
2223 5026 2386 5098 φημὶ,
2415 5026 2509 5079 καὶ
2536 5025 2594 5091 ἐξ
2618 5024 2809 5096 ἐτέρας
2835 5019 3191 5076 ἐπιδεικνύειν
3220 5020 3459 5090 ἐντολῆς,
3481 5021 3607 5073 πολ)

2050 5118 2159 5172 τῶν
2184 5116 2437 5172 τοιούτων
2458 5116 2843 5186 ἀφειδήσαντα,
2874 5114 2966 5167 καὶ
2988 5112 3145 5181 λόγον
3169 5111 3355 5164 οὐδένα
3388 5128 3585 5181 πεποιη

2057 5209 2234 5279 μένον.
2267 5208 2333 5260 Τί
2364 5206 2472 5277 γὰρ
2504 5206 2569 5275 δὴ
2606 5205 2699 5258 καὶ
2741 5202 3020 5257 ἐπιτάττει
3052 5199 3213 5254 πάλιν
3246 5201 3338 5253 ἐπὶ
3357 5202 3468 5264 τοῖς
3490 5199 3611 5268 ψευρ

2051 5297 2319 5368 δωνύμοις
2355 5295 2608 5365 γενέσθαι
2631 5295 2802 5359 θεοῖς;
2831 5313 2849 5345 ι
2871 5294 3010 5356 Τοὺς
3036 5293 3252 5364 βωμοὺς
3282 5293 3460 5347 αὐτῶν
3489 5290 3623 5346 καθ-

2051 5389 2250 5453 ελεῖτε,
2313 5388 2469 5457 φησι,
2519 5385 2614 5439 καὶ
2672 5385 2770 5449 τὰς
2812 5384 3009 5456 στήλας
3066 5386 3245 5440 αὐτῶν
3281 5385 3618 5456 συντρίψετε,

2050 5480 2244 5535 καὶτὰ
2271 5479 2407 5549 ἄλση
2440 5479 2620 5533 αὐτῶν
2658 5477 2938 5548 ἐκκόψετε.
2972 5496 2992 5529 ι
3043 5477 3200 5549 Παρά
3237 5478 3294 5531 δέ
3334 5494 3397 5545 γε
3436 5477 3498 5530 τὸ
3544 5476 3621 5528 0‘.-

452 5670 662 5728 'Eccle.
704 5687 759 5733 x.
788 5672 841 5728 9.
919 5669 940 5702 ⁸
968 5672 990 5725 l
1015 5667 1143 5727 Cor.
1179 5683 1276 5738 xu,
1308 5667 1361 5725 3.
1403 5668 1424 5700 '
1458 5665 1617 5724 Deut.
1660 5681 1750 5731 sx,
1778 5665 1863 5730 19,
1890 5664 1978 5720 20.
2055 5665 2076 5698 ⁸
2112 5663 2273 5721 Deut.
2308 5675 2405 5729 vtt,
2433 5659 2469 5715 5
2550 5660 2584 5731 ,ο
2618 5659 2775 5718 Deut.
2818 5676 2927 5731 xvt,
2960 5661 3052 5716 2|.
3125 5658 3169 5691 ‘°
3234 5656 3405 5715 lCor.
3433 5658 3533 5727 'tx,
3562 5654 3615 5710 9.
