4092 6274
537 276 604 328 15
1421 278 1493 334 ΙΝ
1519 276 1806 333 JOANNIS
1833 275 2308 334 EVANGELIUM.
2345 306 2413 317 -
2449 271 2871 331 Ριιοοειίιυιι.
3709 269 3779 325 14

539 393 683 446 κεῐοι
730 389 1112 466 θυσιαστήριον
1157 395 1517 467 γεωργεῖσθαι
1565 395 1722 463 ξύλον
1767 395 1869 449 οὐκ
1918 394 2101 466 ἐφίησι

2212 394 2427 466 piorum
2481 394 2873 453 haereticorum
2921 390 3128 460 scripta
3176 400 3272 456 per
3320 385 3487 445 urbes
3522 382 3777 457 intelligi,

539 483 837 549 παντελῶς.
862 504 882 538 r
908 487 985 540 Οὐ
1008 485 1293 555 φυτεύσεις
1306 487 1415 559 γὰρ
1428 486 1637 558 σεαυτῷ
1656 488 1764 542 πᾶν
1778 488 1938 549 ἄλσος
1961 485 2108 558 παρὰ

540 576 599 629 τὸ
629 575 1004 650 θυσιαστήριον
1040 578 1244 649 Κυρίου
1284 577 1379 632 τοῦ
1411 579 1547 633 Θεοῦ
1594 595 1749 636 σου.»
1806 577 2108 648 διαγγέλλει

540 667 745 737 σαφῶς.
783 668 895 723 Καὶ
921 670 970 721 εί
1002 670 1106 740 χρή
1138 686 1191 722 τι
1230 669 1368 741 πρὸς
1392 669 1601 733 τούτοις
1631 654 1825 735 εἰπεῖν,
1856 668 1999 723 κατὰ
2017 668 2108 722 τὸν
2160 715 2173 725 .

544 759 746 813 Παῦλον
779 757 893 829 ἐρῶ
927 758 1019 812 τὸν
1063 758 1373 829 σοφώτατον
1395 776 1409 790 ο
1458 777 1478 811 ι
1507 759 1760 831 Μὴπερὶ
1796 758 1906 825 τῶν
1938 757 2107 823 ξύλων

542 849 692 920 μέλει
728 849 808 920 τῷ
836 848 984 920 Θεῷ;
1010 867 1030 901 ι
1076 850 1155 902 Δι’
1194 851 1341 922 ἡμᾶς
1376 849 1592 914 πάντως
1618 848 1787 918 λέγει,
1820 848 1909 903 διὰ
1933 866 2107 920 παχυ-

537 943 710 1015 τέρων
768 942 1226 1014 παραδειγμάτων
1284 942 1377 998 ἐπὶ
1426 943 1528 1006 τάς
1568 942 1677 997 τῶν
1722 941 2108 1014 πνευματικῶν

536 1032 769 1104 θεωρίας
800 1032 1178 1104 χειραγωγῶν.
1218 1032 1429 1087 Οὐκοῦν
1466 1032 1567 1104 ήδη
1607 1032 1874 1103 λέγωμεν,
1914 1033 1996 1086 ὅτι
2039 1032 2110 1087 τά

539 1125 637 1195 μὲν
666 1124 777 1178 τῶν
810 1124 1042 1177 ἀνοσίων
1087 1122 1381 1193 αίρετικῶν
1428 1125 1871 1195 συγγράμματα,
1924 1123 2109 1188 πόλεις

536 1214 604 1268 ἂν
638 1215 860 1278 νοοϊντο,
902 1213 996 1267 καὶ
1023 1213 1124 1267 οὐκ
1155 1212 1418 1284 ἀκόμψως
1452 1214 1590 1284 τάχα
1634 1216 1699 1284 τῇ
1751 1214 1847 1267 τοῦ
1900 1213 2107 1285 κόσμου

541 1303 703 1374 σοφίᾳ
745 1303 840 1357 καὶ
871 1302 1230 1367 πολυπλόκοις
1255 1303 1542 1375 νοημάτων
1564 1302 1800 1368 ἀπάταις
1822 1321 2109 1375 πεπυργω-

538 1394 698 1465 μένα.
748 1394 1081 1464 ’Δφικνεῖταί
1111 1411 1175 1464 γε
1204 1394 1311 1467 μὴν
1338 1394 1777 1468 ἐκπολιορκήσων
1803 1394 1994 1460 αὐτάς,
2014 1394 2109 1449 καὶ

537 1488 738 1559 τρόπον
790 1486 915 1540 τινὰ
960 1485 1146 1558 κύκλῳ
1174 1486 1529 1558 περιιζάνειν,
1574 1487 1666 1541 τὸν
1716 1487 1816 1558 τῆς
1871 1488 2109 1552 πίστεως

536 1578 730 1649 θυρεὸν
756 1578 1060 1645 ἀναλαϐὼν,
1095 1577 1191 1633 καὶ⁸
1217 1578 1315 1650 τὴν
1342 1578 1436 1632 τοῦ
1466 1577 1775 1650 πνεύματος
1810 1579 2104 1651 μάχαιραν,

538 1671 569 1724 ὃ
595 1672 712 1723 ἐστι
744 1670 895 1740 ῥῆμα
924 1668 1082 1733 Θεοῦ,
1122 1671 1230 1733 πᾶς
1261 1671 1291 1722 6
1312 1672 1425 1734 τοῖς
1458 1670 1625 1740 ἱεροῖς
1652 1670 1750 1741 τῆς
1783 1670 2109 1742 Ἐκκλησίας

542 1760 590 1812 ἐ.
619 1797 635 1811 .
658 1796 674 1812 .
701 1796 716 1811 .
742 1797 757 1811 .
783 1796 799 1811 .
852 1756 1078 1829 ζόμενος
1121 1758 1387 1829 δόγμασι,
1426 1759 1521 1813 καὶ
1566 1758 1743 1813 σθένει
1788 1759 1953 1813 παντὶ
1990 1762 2108 1824 ταῖς

539 1850 766 1905 ἐκείνων
786 1850 1172 1922 ψευδομυθίαις
1196 1851 1661 1923 ἀντιταττόμενοςο
1690 1851 2025 1923 «Λογισμούς
2047 1869 2107 1906 τε

541 1943 826 2015 καθαιρεῖν
856 1943 1176 2015 μελετήσας,
1200 1962 1218 1996 ι
1256 1942 1333 2007 ὡς
1358 1945 1387 1998 6
1413 1943 1626 2008 Παῦλός
1646 1961 1799 2016 φησι,
1838 1962 1859 1996 ι
1887 1945 1979 1998 καὶ
2000 1945 2107 1999 πᾶν

540 2030 738 2103 ὕψωμα
762 2032 1122 2103 ἐπαιρόμενον
1150 2031 1288 2085 κατά
1319 2032 1419 2103 τῆς
1438 2030 1692 2102 γνώσεως
1717 2032 1810 2086 τοῦ
1834 2032 1990 2100 Θεοῦ,
2012 2034 2108 2089 καὶ

535 2122 1027 2195 αίχμαλωτίζοντες
1071 2123 1178 2177 πᾶν
1233 2121 1412 2193 νόημα
1456 2124 1538 2195 είς
1583 2121 1681 2194 τήν
1719 2122 1964 2196 ὑπακοὴν
2010 2123 2105 2178 τοῦ

519 2214 791 2288 Χριστοῦ.
817 2234 836 2267 ι
873 2214 1039 2268 Ὅταν
1067 2208 1159 2267 οῦν
1189 2213 1218 2266 6
1252 2212 1512 2278 τοιοῦτος,
1564 2214 1719 2285 φησὶ,
1770 2215 2107 2287 στρατιώτης

535 2305 792 2378 Χριστοῦ,
835 2303 1089 2376 καθάπερ
1114 2321 1186 2359 τι.
1217 2342 1233 2357 .
1261 2342 1275 2359 .
1327 2302 1640 2373 ἀλλοφύλων
1684 2303 1754 2358 τά
1797 2306 1969 2377 πικρά
1997 2307 2105 2360 τῶν
2142 2370 2153 2381 η

533 2397 796 2469 αἱρέσεων
820 2396 1115 2467 περινοήσῃ
1147 2394 1572 2466 συγγράμματα,
1598 2394 1836 2467 δένδροις
1862 2413 1921 2450 τε
1949 2414 2105 2469 περι-

532 2489 787 2561 τυγχάνει
836 2491 967 2553 τοίς.
996 2528 1011 2543 .
1036 2530 1050 2543 .
1114 2488 1321 2551 τόποις,
1367 2487 1511 2542 τοῦτ’
1562 2486 1743 2554 ἐστιν,
1793 2487 1860 2542 ἂν
1912 2489 2105 2559 λόγους

529 2582 761 2655 εὑρίσκῃ
789 2581 916 2644 τοὺς
951 2579 1059 2634 ἀπὸ
1083 2582 1182 2651 τῆς
1215 2577 1576 2633 θεοπνεύστου
1610 2579 1857 2650 Γραφῆς,
1901 2581 1935 2652 ἦ
1969 2598 2104 2652 προ.

532 2675 716 2746 φητῶν
760 2672 1001 2744 δηλονότι
1047 2674 1268 2744 ῥήματα
1317 2672 1777 2745 περιειλκυσμένα
1820 2674 1956 2748 πρὸς
2008 2674 2102 2729 τὸν

529 2767 753 2821 ἐκείνων
786 2764 1005 2830 σκοπὸν,
1042 2763 1135 2818 καὶ
1158 2763 1464 2837 μαρτυρίας
1499 2762 1597 2828 τάς
1619 2764 1684 2818 ἐκ
1709 2764 1982 2836 Διαθήκης
2004 2765 2100 2836 τῆς

531 2860 757 2929 Καινῆς,
809 2857 884 2926 μὴ
924 2854 1177 2924 ἐπαγέτω
1231 2855 1327 2909 τοῦ
1377 2854 1468 2909 νοῦ
1520 2855 1619 2927 τὴν
1659 2855 1891 2928 ὀξύτητα
1958 2859 2099 2915 κατά

528 2945 651 3017 [πο.
682 2942 863 3016 καθά]
912 2961 1034 2998 τινα
1068 2944 1286 3016 σίδηρον
1314 2943 1498 3008 αύτοτς
1530 2946 1608 3008 είς
1654 2945 1931 3017 ἀναίρεσιν
2004 2946 2097 3001 καὶ

530 3040 832 3108 ἀποκοπήν.
864 3037 939 3092 Ού
988 3036 1117 3107 γὰρ,
1160 3035 1387 3108 ἐπείπερ
1431 3036 1637 3108 ἐλήφθη
1675 3036 1825 3109 παρά
1851 3037 1958 3092 τῶν
1996 3039 2096 3092 οὐκ
2121 3067 2164 3126 c

531 3128 745 3183 εἰδότων
776 3127 1096 3198 ἑρμηνεύειν
1127 3126 1322 3199 ὀρθῶς.
1346 3126 1435 3181 διὰ
1466 3126 1623 3181 τοῦτο
1655 3127 1720 3198 δὴ
1754 3128 1969 3193 πάντως
2000 3130 2096 3185 καὶ

528 3218 835 3290 ἀπόϐλητον
861 3217 1010 3272 ἔσται
1032 3217 1093 3272 τό
1119 3217 1208 3271 διὰ
1235 3217 1498 3287 στόματος
1526 3216 1661 3272 Θεοῦ
1684 3235 1697 3248 ·
1732 3217 1847 3272 ἀλλ’
1865 3219 2095 3292 ἐπείπερ

528 3309 646 3362 ἐστὶ
678 3307 1046 3379 καρποφόρον,
1078 3306 1229 3360 ἔσται
1263 3324 1343 3360 σοι
1369 3306 1568 3377 μᾶλλον
1594 3308 1674 3370 είς
1713 3307 1964 3379 βοήθημα
2001 3309 2094 3362 καὶ

529 3400 751 3472 τροφήν.
778 3400 850 3452 T6
884 3400 990 3469 γάρ
1022 3399 1153 3470 παρ’
1193 3398 1417 3453 ἐκείνων
1462 3400 1708 3472 ἀνοήτως
1736 3397 1849 3452 ἔσθ’
1879 3400 1966 3453 ὅτε
1998 3399 2095 3472 λη-

526 3491 676 3561 φθὲν,
709 3492 788 3554 είς
817 3489 909 3543 τὸν
948 3489 1105 3560 ὀρθὸν
1132 3489 1229 3561 τῆς
1267 3489 1502 3554 πίστεως
1545 3491 2089 3562 περιτρέποντεςλοο

524 3582 737 3652 γισμὺν,
770 3582 868 3652 ούχ
898 3582 1046 3644 ὅπως
1086 3580 1404 3645 ἀτονοῦντες
1447 3583 1545 3653 οὐχ
1588 3582 1925 3654 ἀλωσόμεθα,
1968 3601 2089 3637 νευ-

522 3672 762 3745 ρούμεθα
776 3674 835 3728 δὲ
854 3672 1052 3743 μᾶλλον
1072 3674 1152 3737 εἰς
1171 3673 1297 3736 τοὺς
1314 3673 1454 3727 κατά
1471 3674 1569 3744 τῆς
1590 3675 1856 3745 αἱρέσεως
1877 3674 2086 3744 λόγους.

535 3763 811 3836 Ἐπιφέρει
848 3762 905 3816 δὲ
952 3764 1049 3818 καὶ
1096 3763 1354 3834 λογισμὸν
1400 3764 1758 3820 ἀναπείθοντά
1798 3783 1916 3831 πως
1962 3769 2090 3832 τοὺς

518 3855 920 3925 ἀκροωμένους,
948 3855 1029 3909 ὅτι
1050 3855 1313 3926 προσήκει
1345 3853 1442 3918 τὰς
1473 3854 1566 3909 τοῦ
1605 3857 2090 3931 συναγορεύεινόρ-

514 3944 627 4014 μὰς
641 3947 740 3999 οὐκ
760 3948 1110 4018 ἐπανατροπῇ
1133 3945 1247 4017 [γρ.
1266 3947 1351 4000 ἐπ’
1371 3946 1674 4019 ἀνατροπῇ]
1696 3948 1892 4019 μᾶλλον
1923 3953 2089 4004 ποιεῖ-

520 4035 641 4089 σθαι
668 4036 775 4089 τῶν
802 4037 962 4091 θείων
1002 4037 1213 4105 λογίων,
1248 4036 1364 4090 ἀλλ’
1399 4038 1479 4100 είς
1515 4038 1796 4109 ἀναίρεσιν
1830 4040 1939 4093 τῶν
1984 4042 2084 4095 οὐκ

514 4126 691 4197 ὀρθῶς
729 4128 1038 4198 λεγομένων
1071 4128 1225 4199 παρά
1265 4128 1375 4183 τῶν
1404 4129 1474 4182 δι’
1493 4131 1757 4194 ἐναντίας·
1785 4149 1804 4182 ι
1824 4132 1917 4203 Μὴ
1954 4131 2081 4203 γάρ,

518 4219 708 4287 φησὶν,
753 4218 1035 4288 ἅνθρωπος
1077 4218 1138 4271 τδ
1176 4218 1328 4283 ξύλον
1360 4220 1421 4273 τδ
1456 4221 1516 4272 ἐν
1552 4219 1629 4290 τῷ
1670 4221 1879 4292 δρυμῷ,
1912 4223 2085 4276 εἰσελ-

2209 501 2313 543 nec
2360 487 2545 559 inepte
2586 486 2798 553 forsan,
2838 489 3029 555 utpote
3056 493 3181 551 qua:
3227 478 3482 536 smculari
3513 478 3780 550 sapientia
3870 470 3873 483 “

2208 583 2264 631 et
2326 575 2570 632 versutis
2629 579 3084 646 argumentorum
3144 566 3300 623 tricis
3361 573 3493 624 sunt
3546 567 3777 622 munita.

2209 666 2372 729 Venit
2404 676 2585 724 autem
2638 681 2733 724 eas
2771 678 3072 723 eversurus
3114 671 3171 719 et
3222 661 3633 733 quodammodo
3679 661 3782 718 ob-

2208 772 2470 814 sessurus
2511 748 2799 828 assumpto
2829 756 2953 811 fidei
2983 760 3170 819 scuto,
3198 752 3494 825 gladioque
3524 750 3778 823 spiritus,

2208 849 2359 923 quod
2405 856 2489 906 est
2535 849 2768 905 verbum
2814 846 2936 914 Dei,
2969 845 3284 918 quicunque
3316 843 3492 899 sacris
3519 841 3779 898 Ecclesiae

2208 940 2481 1013 dogmatis
2536 941 2798 1007 innixus,
2837 938 2988 994 omni
3047 951 3151 1008 ope
3202 934 3506 991 mendaciis
3558 933 3777 991 illorum

2209 1033 2440 1099 resistit,
2517 1051 2538 1085 ι
2575 1031 2642 1087 Et
2669 1031 2906 1088 consilia
2936 1028 3224 1087 destruere
3248 1027 3468 1098 satagit,
3489 1044 3510 1080 ι
3542 1032 3603 1082 ut
3633 1023 3779 1081 Pau-

2208 1116 2296 1180 lus
2359 1125 2621 1196 loquitur,
2683 1143 2702 1176 ι
2742 1130 2796 1180 et
2847 1120 3067 1178 omnem
3125 1118 3474 1176 altitudinem
3511 1116 3778 1173 extollen-

2209 1222 2319 1271 tem
2358 1231 2419 1274 se
2467 1216 2733 1272 adversus
2789 1213 3075 1295 scientiam
3118 1211 3239 1278 Dei,
3303 1217 3359 1269 et
3415 1210 3474 1265 in
3550 1207 3779 1280 captivi-

2207 1314 2376 1363 tatem
2430 1307 2631 1378 redigit
2681 1321 2900 1363 omnem
2942 1304 3284 1361 intellectum
3340 1303 3399 1358 in
3450 1300 3778 1372 obsequium

2208 1397 2415 1454 Christi
2441 1399 2507 1453 ιι.
2544 1416 2565 1451 ι
2596 1396 2735 1454 Cum
2788 1397 2955 1469 igitur
2999 1393 3315 1453 istiusmodi
3344 1393 3549 1451 Christi
3595 1392 3777 1454 miles,

2209 1490 2409 1563 inquit,
2437 1507 2539 1548 ceu
2568 1492 2839 1562 quasdam
2886 1489 3329 1559 alienigenarum
3371 1487 3542 1542 urbes
3578 1484 3778 1541 acerba

2208 1581 2592 1638 haereticorum
2630 1580 2837 1653 scripta
2862 1588 3046 1636 mente
3067 1579 3386 1651 complexus
3416 1576 3609 1642 fuerit,
3635 1583 3692 1631 et
3719 1575 3777 1630 in

2210 1673 2437 1730 arbores
2479 1671 2778 1737 inciderit,
2815 1671 2922 1726 hoc
2975 1676 3082 1732 est.
3118 1670 3168 1726 si
3216 1668 3421 1724 divinas
3477 1667 3779 1737 Scriptura:

2208 1778 2496 1821 sermones
2538 1770 2634 1818 aut
2681 1761 3079 1833 prophetarum
3106 1759 3274 1815 verba
3312 1758 3576 1813 nimirum
3612 1764 3669 1813 et
3710 1770 3777 1812 ex

2206 1854 2360 1911 Novo
2392 1852 2756 1912 Testamento
2803 1852 2927 1907 loca
2951 1850 3020 1906 ad
3047 1864 3242 1906 eorum
3290 1863 3519 1919 scopum
3564 1848 3777 1904 detorta

2206 1945 2532 2017 oomperiat,
2576 1960 2647 2021 ne
2686 1943 2887 2000 mentis
2917 1942 3096 1998 aciem
3123 1940 3391 1998 continuo
3431 1955 3531 1997 ceu
3568 1932 3776 1997 ferrum

2205 2038 2402 2094 educat
2425 2036 2492 2092 ad
2528 2051 2592 2092 ea
2626 2034 2953 2092 excidenda.“
2978 2031 3100 2090 Non
3134 2032 3286 2090 enim
3333 2048 3404 2090 ex
3438 2047 3506 2088 eo
3531 2031 3682 2103 quod
3710 2031 3779 2088 ab

2205 2129 2416 2200 ignaris
2442 2129 2554 2184 illis
2575 2128 2975 2198 interpretibus
2991 2127 3154 2182 allata
3171 2126 3307 2190 sint,
3327 2124 3543 2181 idcirco
3561 2122 3777 2193 rejicie-

2205 2226 2297 2275 tur
2320 2219 2374 2275 id
2400 2219 2546 2291 quod
2562 2218 2700 2292 ιιι)
2717 2233 2814 2275 ore
2836 2216 2930 2274 Dei
2956 2235 2970 2271 :
2994 2217 3090 2274 sed
3118 2231 3244 2272 cum
3294 2215 3367 2271 sit
3403 2212 3775 2280 fructiferum,

2203 2311 2309 2367 erit
2339 2310 2439 2367 tibi
2464 2311 2647 2382 potius
2690 2310 2750 2365 in
2779 2309 3055 2373 auxilium
3099 2313 3157 2363 et
3193 2306 3406 2362 cibum.
3433 2304 3592 2372 Quod
3626 2305 3774 2361 enim

2203 2403 2274 2459 ab
2327 2402 2436 2459 illis
2484 2401 2760 2458 interdum
2812 2400 2997 2472 inepte
3046 2405 3399 2470 assumptum
3447 2404 3556 2462 est,
3600 2395 3646 2451 si
3707 2396 3774 2450 ad

2202 2494 2409 2553 rectam
2458 2494 2584 2551 ﬁdei
2635 2493 2908 2550 rationem
2956 2499 3380 2556 convertemus,
3437 2503 3550 2545 non
3596 2486 3773 2544 solum

2201 2604 2312 2647 non
2347 2589 2554 2645 inﬁrmi
2590 2585 3088 2658 deprchendemur,
3126 2583 3228 2641 sed
3275 2583 3334 2638 in
3377 2572 3803 2637 convincendis

2201 2680 2477 2738 haareticis
2520 2680 2705 2751 potius
2746 2675 3257 2733 corroborahimur.
3304 2672 3541 2743 Subjicit
3590 2676 3771 2737 autem

2198 2772 2471 2829 rationem
2513 2785 2637 2843 qua:
2683 2768 3034 2826 auditoribus
3066 2764 3477 2838 quodammodo
3522 2762 3769 2825 suadeat,

2198 2863 2540 2921 defensionis
2562 2864 2673 2919 vim
2716 2876 2828 2918 non
2863 2859 2930 2916 ad
2961 2857 3303 2916 destruenda
3323 2856 3550 2913 oracula
3588 2854 3770 2911 divina

2197 2953 2566 3019 adhibendam
2623 2966 2772 3015 esse,
2812 2949 2909 3006 sed
2972 2948 3042 3003 ad
3100 2962 3166 3004 ea
3223 2961 3346 3017 qua:
3395 2944 3579 3002 minus
3622 2949 3771 3000 recte

2195 3045 2344 3101 dicta
2376 3053 2508 3102 sunt
2548 3043 2618 3098 ah
2647 3040 3002 3108 adversariis,
3025 3036 3364 3095 confutanda
3398 3052 3413 3091 :
3447 3053 3466 3087 ι
3490 3033 3768 3105 Numquid

2193 3137 2364 3203 enim,
2400 3156 2422 3189 ι
2455 3135 2658 3207 inquit,
2694 3152 2713 3187 ι
2754 3134 2966 3206 lignum
3002 3132 3155 3203 quod
3187 3131 3244 3187 in
3280 3143 3436 3201 agro,
3464 3127 3635 3184 homo
3660 3136 3769 3187 est.

2194 3237 2259 3284 ut
2290 3228 2629 3300 ingrediatur
2664 3242 2695 3297 a
2740 3226 2882 3282 facie
2914 3232 3010 3280 tua
3044 3224 3101 3279 in
3137 3221 3391 3278 vallum?
3430 3238 3448 3272 ι
3483 3219 3567 3273 An
3597 3217 3767 3279 enim,

2193 3319 2393 3390 inquit,
2425 3318 2648 3389 putabis
2678 3331 2922 3388 unquam
2951 3318 3129 3369 instar
3154 3311 3449 3382 cujusdam
3479 3308 3768 3364 haeresiar-

2192 3411 2313 3466 chas
2347 3424 2411 3465 ac
2438 3407 2743 3466 desertoris
2783 3406 2851 3462 ad
2891 3418 3131 3476 pugnam
3178 3402 3328 3459 ultro
3357 3400 3657 3457 excitatum
3697 3398 3766 3454 iri

2192 3503 2421 3558 verbum
2461 3516 2529 3556 ex
2555 3499 2759 3556 divisis
2784 3497 3005 3554 Litteris
3037 3497 3409 3565 desumptum,
3430 3507 3496 3549 ac
3519 3507 3632 3550 non
3665 3507 3767 3563 po-

2191 3592 2304 3649 tius
2358 3591 2583 3646 illorum
2638 3589 2858 3646 insania
2909 3588 3182 3645 violenter
3234 3586 3556 3643 detortum?
3610 3603 3631 3638 ι
3684 3583 3766 3643 Ne

2189 3697 2321 3756 ergo
2350 3681 2631 3748 succidas,
2675 3699 2695 3734 ι
2740 3678 2941 3751 inquit,
2982 3696 3004 3731 ι
3051 3676 3150 3733 sed
3192 3676 3291 3732 tibi
3338 3675 3414 3731 sit
3450 3676 3505 3731 in
3554 3674 3762 3731 cibum.

2190 3774 2421 3845 Lignttm
2451 3787 2582 3831 vero
2610 3771 2760 3843 quod
2802 3770 2951 3826 nosti
2994 3767 3208 3826 edendo
3237 3782 3363 3825 esse
3405 3767 3621 3833 inutile,
3647 3765 3763 3824 dis-

2189 3865 2385 3937 perdes
2435 3872 2490 3922 et
2548 3862 2789 3919 excides.
2824 3879 2843 3913 ι
2904 3856 3038 3917 Esui
3103 3859 3252 3916 enim
3313 3872 3425 3914 non
3481 3864 3569 3915 est
3615 3857 3762 3928 apud

2187 3964 2339 4014 recte
2369 3954 2673 4012 sentientes
2696 3953 2917 4009 illorum
2950 3951 3284 4021 scriptorum
3314 3949 3547 4007 fructus.
3607 3950 3667 4005 ln
3696 3966 3760 4006 ea

2186 4064 2382 4105 rursus
2412 4046 2617 4101 ferrum
2663 4045 2969 4115 stringatur
3025 4061 3039 4097 :
3084 4042 3160 4097 ibi
3204 4041 3533 4112 spiritalium
3574 4040 3761 4097 fabro-

2186 4154 2305 4194 rum
2359 4152 2483 4194 sese
2512 4136 2598 4190 vis
2650 4140 2872 4190 exserat
2898 4151 2910 4185 :
2941 4132 2996 4185 in
3038 4130 3151 4186 illis
3186 4130 3385 4185 emicet
3416 4128 3757 4185 defensionis

2186 4230 2339 4284 firma
2369 4227 2605 4284 securis.
2650 4223 2987 4289 lnanitatem‘
3018 4221 3165 4277 enim
3212 4220 3485 4275 haeretica:
3522 4221 3754 4290 nugaci-

508 4307 626 4361 θεῖν
654 4308 762 4378 ἀπο
795 4308 1082 4379 προσώπου
1110 4326 1202 4363 σου
1229 4312 1307 4373 εἰς
1338 4311 1429 4365 τὸν
1456 4312 1670 4382 χάρακα
1694 4327 1708 4376 ;
1741 4332 1758 4363 ι
1785 4308 1930 4384 τΑριῑ
1975 4313 2082 4384 γὰρ

2197 4321 2313 4377 tatis
2380 4318 2644 4391 propheta
2709 4328 2931 4383 quoque
2999 4311 3160 4364 nobis
3228 4308 3368 4364 Osee
3439 4310 3754 4373 rectissime

510 4400 697 4469 φησὶν,
726 4399 884 4472 οἰήσῃ
917 4401 1062 4462 ποτὲ,
1095 4399 1341 4472 καθάπερ
1384 4401 1509 4457 τινὰ
1553 4401 1661 4455 τῶν
1694 4403 2077 4485 αἰρεσιαρχῶν,

2197 4409 2435 4480 exposuit
2480 4407 2670 4462 dicens
2710 4422 2724 4459 :
2776 4421 2795 4454 ι
2830 4399 3149 4470 Manipulus
3184 4412 3293 4454 non
3342 4398 3552 4455 habens
3578 4401 3747 4465 vires,

507 4488 804 4558 αὑτόμολόν
829 4505 888 4541 τε
927 4489 1058 4560 πρδς
1092 4490 1269 4561 μάχην
1302 4491 1760 4563 ἐξαναστήσεσθαι
1791 4492 1851 4545 τὸ
1879 4495 1943 4546 ἐκ
1972 4495 2079 4549 τῶν

2197 4510 2241 4555 ιι
2286 4498 2454 4554 faciat
2500 4496 2737 4561 farinam
2772 4511 2786 4547 ;
2821 4490 2969 4562 quod
3014 4487 3181 4545 etiam
3245 4489 3294 4543 si
3337 4487 3550 4554 fecerit,
3579 4489 3748 4555 alieni

508 4580 555 4631 ίε
564 4578 673 4650 ρῶν
697 4580 1141 4651 συγγραμμάτων
1170 4581 1352 4651 ῥητὸν,
1385 4582 1476 4634 καὶ
1498 4583 1617 4652 οὐχὶ
1646 4584 1843 4657 μᾶλλον
1866 4585 1954 4639 διὰ
1976 4587 2077 4656 τῆς

2197 4591 2468 4648 :omedent
2506 4604 2626 4645 eam
2659 4588 2723 4640 η.
2764 4606 2782 4638 ι
2818 4584 2923 4651 Qui
2949 4582 3094 4638 enim
3126 4580 3194 4636 ab
3236 4581 3481 4636 amicitia
3522 4580 3620 4637 Dei
3662 4597 3748 4638 re-

504 4671 726 4726 ἐκείνων
757 4671 1015 4733 ἀπονοίας
1046 4671 1564 4741 πλεονεκτούμενον;
1605 4692 1623 4724 ι
1647 4674 1736 4744 Μὴ
1760 4670 1852 4729 οὖν
1882 4677 2076 4730 ἀποτέ-

2176 4683 2395 4754 fugiunt
2453 4696 2519 4735 ac
2573 4679 2903 4740 abhorrent,
2967 4674 3023 4728 lii
3088 4671 3286 4726 anilem
3354 4679 3411 4727 et
3474 4672 3745 4728 infirmam

504 4779 635 4833 μῃς,
681 4762 865 4834 φησὶν,
926 4762 1066 4815 ἔστω
1113 4762 1169 4814 δέ
1207 4778 1289 4814 σοι
1346 4762 1440 4815 καὶ
1465 4764 1661 4834 τροφός
1687 4780 1700 4793 ·
1739 4766 1801 4818 τὸ
1830 4766 1887 4819 δὲ
1919 4767 2072 4831 ξύλον

2200 4776 2397 4830 llorum
2445 4770 2769 4843 ignorantiae
2817 4764 3124 4822 doctrinam
3186 4763 3548 4820 devorahunt.
3588 4765 3743 4832 Quod

499 4854 638 4923 ὅπερ
662 4854 761 4907 οὐκ
792 4851 944 4908 οἶσθα
973 4854 1389 4926 καρπόϐρωτον,
1424 4855 1821 4927 ἐξολοθρεύσεις
1856 4860 1948 4911 καὶ
1978 4862 2071 4914 ἐκ·

2173 4882 2305 4937 ergo
2383 4864 2623 4919 diximus
2691 4857 2894 4920 initio,
2947 4871 3146 4911 rursus
3218 4869 3284 4911 eo
3358 4855 3741 4910 revertendum

502 4945 712 5013 κόψεις.
737 4964 757 4998 ›
793 4944 1069 5017 Ἀϐρωτος
1095 4945 1203 5015 γὰρ
1249 4948 1362 5009 τοῖς
1393 4945 1569 5016 ὀρθῶς
1600 4947 1840 5000 ἐθέλουσι
1873 4951 2012 5002 νοεῖν
2041 4953 2069 5003 6

2197 4957 2416 5012 trbitror
2443 4972 2457 5009 :
2488 4953 2759 5022 Perquam
2799 4947 3037 5004 dillicilis
3068 4955 3156 5003 est
3193 4946 3503 5002 divinorum
3535 4955 3740 5017 myste-

500 5036 609 5089 τῶν
631 5038 757 5107 παρ’
784 5036 1014 5099 ἐκείνοις
1037 5037 1483 5108 συγγραμμάτων
1506 5039 1713 5108 καρπός
1743 5054 1755 5068 ·
1787 5043 1908 5094 κατ’
1934 5041 2071 5094 ἐκεί-

2173 5049 2380 5102 riorum
2415 5043 2734 5114 explicatio.
2792 5040 2897 5094 Sed
2930 5054 3055 5094 cum
3082 5053 3186 5093 nos
3212 5039 3401 5092 multis
3432 5036 3739 5091 rationibus

500 5143 606 5179 νων
649 5126 826 5196 ἡκέτω
867 5127 1028 5182 πάλιν
1075 5130 1104 5181 6
1153 5128 1367 5199 σίδηρος
1393 5146 1406 5157 ’
1476 5131 1594 5181 ἐκεῖ
1651 5131 1919 5200 φαινέσθω
1958 5131 2066 5184 τῶν

2197 5135 2375 5207 digus,
2416 5131 2821 5188 studiosissime
2867 5128 3055 5195 frater,
3087 5136 3147 5183 ut
3192 5127 3593 5196 expositionem
3638 5140 3738 5180 ceu

497 5217 882 5286 πνευματικῶν
912 5217 1185 5289 ύλοτόμων
1214 5220 1247 5288 ὴ
1272 5218 1522 5289 δύναμις,
1552 5221 1635 5273 ἐπ’
1664 5223 1891 5286 ἐκείνοις
1924 5223 2067 5276 στιλ-

2169 5224 2459 5296 quemdam
2513 5223 2786 5276 lahiorum
2837 5218 3079 5273 fructum
3126 5225 3182 5273 et
3238 5217 3485 5286 spiritale
3525 5214 3739 5270 sacriﬁ-

494 5306 636 5359 6ἐτω
663 5308 720 5358 ἐν
747 5305 826 5376 τῷ
855 5307 1232 5378 συναγορεύειν
1261 5309 1502 5372 εὐτονίας
1526 5312 1553 5362 ὁ
1578 5310 1806 5374 πέλεκυς
1833 5329 1846 5342 ο
1878 5311 1940 5365 τὸ
1960 5312 2066 5382 γάρ

2204 5317 2313 5370 ium
2353 5315 2670 5375 olleramus,
2702 5326 2811 5366 non
2858 5311 3131 5379 gravabor
3160 5308 3212 5362 id
3256 5307 3456 5372 facere,
3498 5305 3611 5357 Deo
3643 5305 3735 5373 qui

490 5398 763 5469 ἄχρηστόν
806 5414 867 5451 τε
906 5398 998 5452 καὶ
1025 5400 1299 5469 ἀνωφελὲς
1327 5402 1428 5471 τῆς
1473 5402 1581 5455 τῶν
1617 5403 2064 5473 ἐτεροδοξούντων

2199 5420 2343 5459 eccos
2390 5403 2660 5458 illuminat
2712 5399 2978 5464 conlisus,
3010 5406 3064 5452 ct
3106 5397 3199 5467 qui
3249 5411 3278 5448 a
3312 5396 3472 5448 nobis
3514 5391 3735 5461 quidem

493 5490 774 5559 φλυαρίας,
808 5490 902 5544 καὶ
932 5492 961 5543 6
989 5492 1270 5563 προφήτης
1304 5494 1435 5562 ἡμῖν
1478 5493 1636 5565 Ὠσηὲ
1673 5494 1871 5566 ἄριστα
1908 5494 2060 5564 διηρ-

595 5681 635 5714 ¹¹
664 5680 844 5739 llCor.
876 5698 931 5749 κ,
964 5681 1016 5736 4.
1132 5679 1172 5710 ¹⁹
1198 5677 1333 5735 Osce
1365 5696 1480 5748 vm,
1513 5681 1563 5733 τ.

2167 5495 2319 5565 petit,
2346 5510 2454 5551 non
2484 5503 2664 5550 tamen
2700 5504 2870 5562 supra
2903 5489 3048 5545 vires
3077 5492 3317 5549 nostras,
3346 5490 3401 5537 et
3429 5496 3733 5555 pauperum
