4092 6274
344 266 415 321 15
785 305 842 353 ιε
1338 268 1393 323 S.
1420 266 1691 324 CYRlLLI
1733 268 2201 325 ALEXANDRINI
2234 270 2553 325 ARCII‘IEP.
3530 276 3593 330 I6

348 381 572 451 perinde
606 394 670 436 ac
706 381 935 438 divitum
970 378 1274 441 oblationés
1314 389 1562 457 suscipit.
1605 388 1912 459 Legislator

2031 391 2261 461 μήνευσε
2346 389 2517 457 λέγων
2546 406 2560 421 ο

345 476 513 539 enim,
558 484 619 529 ut
671 477 940 546 scriptum
980 488 1067 533 est
1124 479 1283 533 initio
1318 479 1566 545 Levitici,
1623 489 1919 552 postquam

347 567 698 637 praecepisset
737 584 861 624 eum
894 570 988 640 qui
1024 586 1236 628 .munus
1270 572 1469 627 oﬂ‘erre
1492 573 1627 643 :Dco
1656 574 1821 630 vellet
1863 575 1919 629 in

348 661 751 726 holocaustum,
780 661 975 717 bovem
1017 662 1329 729 immolare,
1355 666 1540 736 ibique
1583 667 1750 737 typici
1797 669 1916 722 eul-

349 762 438 807 tus
487 753 707 808 modum
769 755 1225 825 praescripsisset,
1271 756 1425 811 illum
1458 773 1654 814 rursus
1698 758 1921 826 minuit,

347 858 503 897 nvem
536 844 620 899 eis
651 844 1045 899 immolandam
1078 861 1200 902 esse
1231 846 1422 903 dicens
1461 848 1556 917 qui
1595 848 1717 903 bovi
1749 849 1924 904 sacri-

347 933 563 989 ﬁcando
618 949 776 1004 pares
829 950 939 989 non
1002 945 1209 991 essent.
1268 935 1373 991 Sed
1442 945 1670 992 noverat
1739 938 1926 1008 utique

346 1027 560 1083 tristem
604 1035 659 1081 et
689 1027 918 1084 auribus
964 1035 1243 1084 carentem
1279 1030 1328 1100 5
1362 1037 1659 1100 egestatem
1702 1037 1927 1085 coactu-

346 1128 463 1171 ram
508 1118 806 1173 nonnullos
845 1127 905 1173 ut
947 1121 996 1175 ei
1029 1134 1249 1192 quoque
1299 1121 1577 1177 sacriﬁcio
1620 1121 1921 1177 deessent:

347 1209 690 1280 proindeque
722 1251 737 1275 ,
777 1229 796 1261 ‹
844 1212 911 1264 Et
964 1210 1176 1275 oﬂeret,
1228 1231 1247 1265 ι
1288 1213 1486 1284 inquit,
1524 1232 1543 1265 ι
1581 1214 1649 1269 de
1699 1212 1928 1268 turturi-

347 1301 472 1363 bus,
506 1309 599 1353 aut
625 1299 692 1354 de
718 1300 992 1357 columbis
1029 1318 1230 1360 munus
1259 1319 1423 1360 suum
1457 1304 1522 1359 ¹³.
1552 1324 1575 1357 τ
1614 1304 1727 1361 Sed
1758 1316 1811 1360 et
1842 1304 1927 1359 his

344 1391 758 1461 pauperiorem,
795 1400 851 1447 et
892 1394 1091 1449 viliora
1132 1394 1448 1450 offerentem
1498 1410 1608 1450 non
1659 1396 1925 1461 dedigna-

348 1489 457 1538 tur.
492 1500 512 1533 ι
542 1481 735 1536 Simila
765 1501 785 1535 ι
815 1483 985 1547 enim,
1009 1484 1214 1553 inquit,
1252 1502 1270 1535 ε
1297 1486 1402 1541 erit
1431 1501 1632 1543 munus
1654 1487 1775 1557 ejus
1801 1486 1864 1550 ιδ,
1901 1504 1919 1538 ι

351 1571 597 1637 parabile
626 1572 828 1637 cuivis,
870 1572 1089 1642 opinor,
1122 1580 1176 1627 et
1208 1574 1355 1643 quod
1396 1583 1656 1631 extremae
1702 1591 1927 1647 pauper-

352 1662 482 1714 tatis
512 1667 718 1715 sortem
741 1660 901 1714 baud
936 1661 1168 1715 multum
1198 1662 1413 1718 excedit
1443 1680 1647 1720 munus
1671 1667 1926 1735 praescri-

2645 408 2662 440 ι
2692 389 2918 459 Δρὰγμα
2981 388 3080 441 οὐκ
3124 388 3244 459 ἕχον
3310 389 3459 460 ἰσχὺν
3501 391 3595 445 τοῦ

2023 482 2245 551 ποιῆσαι
2276 482 2524 552 ἄλευροψ
2556 480 2649 534 ἐὰν
2676 481 2729 533 δέ
2759 482 2852 534 κα)⁸
2883 480 3106 551 ποιήσῃ,
3139 479 3406 551 ἀλλότριοι
3434 498 3595 535 κατα⁹

2023 574 2304 642 φάγονται.
2343 594 2361 625 ι
2416 574 2479 625 Οί
2527 572 2634 644 γὰρ
2682 572 2779 641 τῆς
2809 570 2943 642 πρὸς
2986 570 3118 624 Θεὸν
3157 571 3335 639 φιλίας
3372 573 3597 636 ἑαυτοὺς

2024 663 2337 737 ἀλλοτριοῦν
2371 664 2781 728 σπουδάζοντες,
2819 664 2911 717 τὸν
2941 661 3151 733 ἐραώδη
3190 661 3301 731 [γρ.
3356 661 3597 733 γραώδη]

2024 755 2118 809 καὶ
2168 753 2370 822 ἀσθενῆ
2417 753 2515 822 τῆς
2560 753 2781 805 ἐκείνων
2830 750 3067 820 ἀμαθίας
3116 750 3599 821 καταθοινήσονται

2023 845 2197 911 λόγον.
2221 844 2397 914 Ὅπερ
2426 841 2519 897 οὖν
2548 842 2757 914 ἔφημεν
2792 844 2848 897 ἐν
2878 842 3042 912 ἀρχῇ,
3074 841 3266 911 χρῆναι
3305 837 3457 910 οἶμαι
3494 858 3599 893 πα-

2024 935 2327 1006 λινδρομεῖν
2355 935 2441 988 ἐπ’
2459 936 2655 989 ἐκεῖνο.
2675 933 3086 1003 Δυσχερεστάτη
3106 931 3223 984 λίαν
3252 932 3447 1001 ἐστὶνὴ
3470 949 3533 983 πε
3544 936 3600 1004 ρι

2024 1024 2133 1078 τῶν
2160 1024 2318 1076 θείων
2355 1022 2669 1094 μυστηρίων
2710 1021 2966 1092 ἐξήγησις
2986 1036 3002 1052 ο
3051 1019 3164 1072 ἀλλ’
3194 1020 3422 1089 ἐπείπερ
3452 1020 3601 1089 ἡμᾶς

2028 1115 2242 1178 πολλοῖς
2271 1112 2584 1176 ἀναπείθεις
2630 1114 2829 1181 λόγοις,
2874 1104 2919 1163 ὧ
2953 1108 3352 1179 φιλοπονώτατε
3383 1108 3597 1176 ἀδελφέ,

2027 1207 2279 1277 καθάπερ
2322 1205 2442 1259 τινὰ
2470 1204 2691 1276 χειλέων
2727 1204 2940 1275 καρπον
2972 1203 3065 1256 καὶ
3094 1202 3283 1254 θυσίαν
3314 1216 3603 1269 πνευματι·

2030 1302 2131 1369 κὴν
2159 1297 2439 1351 ἀναθεῖναι
2473 1297 2533 1350 rb
2568 1296 2926 1367 σύγγραμμα,
2971 1296 3064 1349 καὶ
3102 1294 3261 1347 τοῦτο
3300 1294 3472 1346 ποιεῖν
3504 1291 3603 1343 οὐκ

2028 1391 2263 1460 ὀκνήσω,
2291 1389 2368 1461 τῷ
2394 1388 2644 1458 σοφοῦντι
2665 1388 2791 1450 τοὺς
2818 1384 3050 1455 τυφλοὺς
3070 1385 3443 1456 ἐπιθαρσήσας
3461 1383 3601 1453 Θεῷ,

2028 1483 2123 1536 καὶ
2143 1481 2393 1553 ζητοῦντι
2417 1483 2513 1553 μὲν
2541 1480 2664 1552 παρ’
2687 1482 2719 1551 ἡ
2728 1479 2861 1551 μῶν,
2884 1479 2945 1531 οὐ
2967 1479 3181 1540 πάντως
3205 1478 3247 1529 δ’
3266 1476 3411 1546 ὑπὲρ
3432 1476 3600 1545 ἡμᾶς,

2026 1574 2301 1645 δεχομένῳ
2340 1574 2395 1627 δὲ
2435 1573 2510 1636 ὡς
2549 1574 2730 1626 ἐκεῖνα
2769 1571 2864 1626 καὶ
2903 1571 2999 1633 τὰς
3043 1573 3107 1623 ἐκ
3140 1568 3247 1621 τῶν
3299 1565 3605 1635 πωχευὸν-

2026 1683 2136 1720 των
2183 1666 2569 1737 προσαγωγὰς.
2610 1666 2713 1717 Τὸν
2763 1662 2871 1734 γὰρ
2923 1661 3311 1732 προσκομίζειν
3355 1658 3608 1715 ἐθέλοντα

352 1753 508 1808 bons.
534 1752 731 1807 Melius
772 1751 920 1806 enim
957 1759 1108 1807 certe
1146 1768 1210 1807 ac
1248 1755 1603 1824 praestantius
1643 1756 1924 1825 legislator

2031 1758 2197 1828 δῶρον
2232 1758 2310 1820 εἰς
2341 1756 2695 1827 ὁλοκαύτωμα
2743 1754 2820 1824 τῷ
2869 1752 3086 1825 Κυρίῳ,
3137 1751 3388 1819 καθάπερ
3415 1742 3507 1801 οῦν
3547 1747 3605 1799 ἐν

350 1845 560 1899 sciebat
618 1859 776 1911 esse,
836 1845 920 1899 vel
979 1859 1187 1917 paucos
1243 1844 1434 1901 afferre
1488 1845 1705 1902 fructus
1761 1863 1924 1917 quam

350 1936 562 1992 nullum
608 1950 862 2005 prorsus,
903 1944 957 1991 et
998 1951 1067 1992 ne
1101 1935 1359 1993 [videaris
1407 1938 1568 1993 alteri
1613 1940 1832 2006 cedere,
1868 1941 1925 1995 in

349 2042 470 2082 eam
524 2028 712 2083 venire
761 2020 1178 2099 cogitationem,
1210 2030 1455 2085 universi
1501 2029 1613 2085 Deo
1644 2046 1754 2086 non
1803 2047 1927 2087 esse

353 2136 580 2177 munera
611 2120 931 2177 deferenda.
966 2119 1064 2195 His
1112 2121 1371 2177 omnibus
1398 2121 1654 2192 equidem
1686 2138 1794 2177 non
1828 2123 1927 2178 abs

352 2228 412 2267 re
442 2228 762 2283 persuasus,
787 2219 845 2268 et
884 2214 1033 2268 omni
1063 2212 1426 2268 cunctatione
1455 2213 1661 2269 silentii
1695 2221 1927 2283 patrona

351 2321 417 2360 ex
452 2305 635 2359 animo
676 2320 795 2360 meo
847 2306 1074 2376 rejecta,
1115 2305 1315 2375 quibus
1357 2296 1531 2361 rebus.
1575 2313 1765 2376 potero
1821 2305 1929 2361 Do—

353 2395 564 2449 minum
638 2411 817 2451 meum
895 2397 1241 2451 remunerari
1318 2395 1519 2451 debere
1581 2397 1822 2467 putabo,
1874 2405 1929 2474 et

351 2484 576 2541 oll'eram
617 2484 913 2556 quamdam
946 2486 1113 2541 veluti
1146 2486 1389 2541 similam
1421 2486 1540 2541 oleo
1569 2496 1927 2553 maceratam,

350 2577 657 2633 doctrinam
690 2579 950 2632 nimirum
995 2592 1118 2647 quae
1156 2577 1508 2633 auditoribus
1550 2578 1817 2633 alimento
1856 2580 1931 2633 sit

353 2682 418 2722 ac
464 2667 758 2737 voluptati.
800 2665 1136 2737 Incipiemus
1187 2674 1372 2721 autem
1422 2682 1453 2722 a
1498 2664 1728 2722 Joannis
1757 2667 1932 2721 Evan-

353 2757 518 2827 gelio,
550 2772 808 2827 magnum
830 2764 886 2812 et
914 2757 1150 2810 arduum
1185 2771 1323 2811 sane
1354 2771 1499 2827 opus
1529 2757 1803 2828 aggressi,
1835 2756 1932 2812 sed

352 2849 425 2903 ob
449 2847 612 2903 ﬁdem
651 2862 760 2902 non
789 2847 1227 2917 despondentes.
1259 2846 1326 2899 Et
1360 2847 1545 2903 minus
1575 2848 1796 2918 quidem
1832 2862 1933 2903 nos

353 2938 606 2995 dicturos
661 2939 1115 3009 cogitaturosque
1181 2953 1345 3007 quam
1402 2922 1683 3008 oporteat,
1742 2939 1935 3009 procul

354 3030 525 3087 dubio
585 3029 868 3084 fatendum
930 3039 1017 3084 est
1059 3049 1073 3083 :
1121 3030 1217 3085 sed
1277 3045 1382 3085 nos
1448 3031 1656 3100 justam
1721 3032 1779 3084 in
1830 3031 2006 3132 hocc

354 3123 572 3179 veniam
614 3122 887 3191 petituros
928 3121 1105 3176 multa
1133 3122 1454 3192 scriptionis
1487 3121 1612 3192 ejus
1640 3122 1934 3178 dillicultas

357 3210 679 3283 persuadet,
707 3218 800 3265 aut
835 3220 1007 3278 certe,
1032 3213 1178 3282 quod
1213 3213 1401 3268 verius
1430 3220 1537 3279 est,
1580 3214 1933 3272 imbecillitas

356 3303 564 3374 ingenii
611 3304 809 3359 nostri.
845 3300 1062 3374 Ubique
1110 3320 1242 3360 vero
1281 3319 1539 3361 sermone
1584 3305 1654 3359 ad
1708 3306 1936 3378 dogma-

358 3395 527 3451 ticam
566 3395 970 3467 expositionem
1013 3410 1284 3453 converso
1320 3396 1494 3454 falsas
1540 3396 1930 3453 haereticorum

358 3486 650 3557 opiniones
683 3501 783 3556 pro
813 3487 1028 3549 viribus
1054 3489 1489 3552 confutabimus,
1530 3504 1637 3542 non
1667 3497 1936 3559 quantum

360 3577 551 3633 liceret
591 3592 719 3631 eum
770 3575 1168 3645 protendendo,
1213 3577 1310 3633 sed
1370 3576 1648 3647 superﬂua
1706 3591 1941 3647 quaeque

361 3667 607 3722 tollendo
665 3675 723 3721 et
768 3667 914 3721 intra
970 3666 1191 3721 modum
1239 3667 1595 3722 continendo.
1643 3667 1939 3737 Subjectus

361 3765 547 3813 autem
631 3758 879 3826 capitum
950 3756 1227 3815 indiculus
1283 3758 1683 3813 demonstrabit
1752 3772 1817 3812 ea
1883 3757 1940 3811 in

360 3850 563 3920 quibus
618 3849 781 3918 longe
832 3849 1053 3918 lateque
1103 3863 1163 3905 se
1212 3848 1408 3920 pandit
1473 3849 1681 3913 oratio,
1736 3848 1941 3920 quibus

360 3941 809 4011 etiamjnumeros
834 3940 1190 4010 prreilximus,
1220 3950 1280 3996 ut
1307 3947 1512 4013 praesto
1539 3941 1609 3996 sit
1641 3941 1942 3997 lectoribus

362 4033 509 4103 quod
545 4034 826 4105 quaeritur.

2027 1850 2168 1921 ἀί)χῇ
2219 1851 2397 1902 κεῖται
2440 1847 2533 1901 τοῦ
2586 1844 2909 1912 Λευῖτικοῦ,
2956 1843 3233 1914 βουθυτεῖν
3273 1837 3534 1903 ἐπιτάξας
3577 1838 3606 1889 ὁ

2026 1939 2324 2010 νομοθέτης
2345 1980 2360 2004 ,
2392 1938 2487 1992 καὶ
2516 1937 2582 2008 δὴ
2620 1937 2714 1991 καὶ
2744 1939 2800 1989 ἐν
2828 1934 3002 2004 τούτῳ
3034 1932 3135 2003 τῆς
3167 1934 3225 1984 ἐν
3256 1930 3412 1999 τύπῳ
3442 1929 3607 1997 τιμῆς

2028 2033 2215 2104 ὁρίσας
2263 2032 2324 2084 rb
2367 2031 2601 2101 μέτρον,
2640 2027 2952 2091 ὑποδιὸάζει
3011 2025 3172 2078 πάλιν
3219 2022 3385 2086 αὐτὸ,
3443 2018 3607 2090 μηλο-

2031 2125 2257 2191 σφαγεῖν
2278 2123 2473 2192 χρῆναι
2503 2120 2675 2189 λέγων
2735 2120 2862 2182 τοὺς
2914 2117 3072 2187 οἵπερ
3099 2114 3164 2169 ἂν
3185 2109 3294 2166 εἷεν
3310 2113 3407 2181 οὐχ
3434 2111 3609 2164 ἱκανοὶ⁵

2029 2213 2167 2286 πρὸς
2222 2214 2436 2265 ἐκεῖνο·
2487 2210 2602 2263 ἀλλ’
2649 2209 2774 2284 ᾔδει,
2812 2207 2877 2278 δὴ
2920 2208 3158 2270 πάντως,
3206 2206 3289 2258 ὅτι
3340 2202 3608 2274 καὶπρὸς

2028 2306 2091 2358 rb
2138 2303 2298 2373 τυχὸν
2339 2299 2597 2372 ἀτονῆσαί
2639 2316 2791 2363 τινας
2836 2300 2869 2368 ἡ
2912 2296 3115 2368 στυγνὴ
3134 2296 3226 2350 καὶ
3255 2295 3609 2365 ἀνουθέτητος

2029 2394 2307 2448 ἀναπείσει
2342 2391 2536 2447 πενίαο
2561 2390 2651 2444 διά
2680 2388 2744 2458 γέ
2779 2406 2860 2442 τοι
2890 2388 3070 2454 τοῦτο,
3110 2407 3127 2439 ι
3160 2386 3271 2441 Καὶ
3311 2386 3607 2457 προσοίσει,

2030 2486 2216 2558 φησὶν,
2254 2484 2362 2539 ἀπὸ
2381 2484 2489 2537 τῶν
2517 2482 2814 2554 τρυγόνων,
2843 2480 2876 2549 ἦ
2904 2478 3013 2533 ἀπὸ
3048 2478 3158 2531 τῶν
3190 2477 3527 2549 περιστερῶν
3549 2476 3611 2567 rb

2030 2579 2203 2650 δῶρον
2231 2577 2396 2631 αὐτοῦ
2421 2594 2436 2608 ο
2468 2597 2487 2630 ι
2526 2576 2616 2629 τὸν
2644 2574 2701 2628 δὲ
2724 2573 3033 2628 καὶτούτων
3049 2572 3127 2626 ἔτι
3164 2571 3609 2638 καταδεέστερον,

2032 2672 2128 2725 xal.
2192 2669 2330 2740 μετὰ
2377 2667 2485 2722 τῶν
2528 2665 2922 2736 εὐτελεστέρων
2977 2663 3056 2716 ἐτι
3112 2664 3407 2734 προσιόντα
3455 2654 3608 2731 τιμᾷ.

2038 2780 2058 2814 ι
2096 2761 2380 2831 Σεμίδαλις
2412 2759 2521 2831 γὰρ
2553 2758 2727 2823 ἐσται,
2767 2776 2785 2809 ι
2842 2755 2974 2827 φησὶ
3006 2773 3024 2806 ι
3058 2754 3120 2807 rb
3160 2755 3329 2824 δῶρον
3362 2751 3551 2806 αὑτοῦ⁹
3588 2768 3608 2803 ι

2034 2851 2372 2924 εὐπόριστον,
2404 2846 2556 2922 οἶμαί
2584 2866 2711 2916 που,
2762 2848 2947 2912 παντὶ,
2983 2846 3079 2900 καὶ
3108 2846 3381 2916 πτωχείαν
3406 2844 3504 2915 τὴν
3535 2845 3616 2905 εἰς

2034 2942 2203 3011 ἄκρον
2229 2941 2289 2993 οὐ
2308 2940 2510 3012 σφόδρα
2521 2937 2877 3012 πλεονεκτοῦν
2901 2936 3096 3008 ὁρίζων
3117 2936 3389 3007 ἀνάθημα.
3418 2936 3615 3005 Κρεῖτ-

2036 3004 2126 3088 τον
2162 3035 2270 3103 γὰρ
2313 3004 2485 3103 δῆπόυ
2514 3033 2608 3087 καὶ
2641 3004 2863 3104 ἄμεινον
2909 3004 2945 3081 ὁ*
2966 3028 3258 3100 νομοθέτης
3276 3004 3617 3098 ’ἐξηπίστατο

2039 3126 2100 3179 rb
2126 3126 2228 3181 κᾶν
2275 3126 2333 3179 ἐν
2380 3126 2581 3196 ὀλίγοις
2626 3124 2996 3197 καρποφορεῖν
3040 3119 3136 3174 τοῦ
3180 3117 3617 3189 ἀπεστειρῶσθαι

2039 3215 2339 3281 παντελῶς,
2371 3218 2509 3271 αἰδοῖ
2556 3234 2616 3270 τε
2671 3216 2763 3269 τοῦ
2795 3214 2871 3287 μὴ
2897 3215 3074 3268 δοκεῖν
3105 3213 3203 3282 τῆς
3227 3211 3427 3264 ἐτέοων
3453 3209 3617 3279 ἡττᾶσ

2040 3309 2164 3363 σθαι
2209 3310 2412 3381 χειρὸς,
2468 3306 2546 3373 εἰς
2598 3308 2688 3362 τὸν
2719 3308 2811 3361 ἐπὶ
2844 3306 2923 3377 τῷ
2951 3306 3027 3377 μὴ
3079 3305 3275 3375 χρῆναι
3306 3304 3471 3373 τιμᾷν
3511 3300 3619 3354 τῶν

2039 3402 2296 3455 ἁπάντων
2360 3401 2635 3467 Δεσπὸτην
2665 3396 3086 3450 συνελαύνεσθαι
3128 3394 3406 3463 λογισμόν.
3439 3391 3537 3444 Διά
3555 3390 3619 3459 δὴ

2038 3490 2242 3543 τούτων
2266 3490 2520 3543 ἁπάντων
2566 3483 3033 3556 ἀναπεπεισμένος
3080 3483 3337 3552 εὐλόγως,
3375 3481 3530 3534 ὁκνον
3560 3497 3617 3531 τε

2040 3580 2142 3651 τῆς
2172 3579 2383 3649 σιωπῆς
2444 3579 2535 3632 τὸν
2582 3580 2880 3649 συνήγορον
2933 3576 3034 3645 τῆς
3092 3571 3333 3645 ἐμαυτοῦ
3384 3570 3623 3632 διανοίας

2040 3670 2392 3741 ἀποπέμψας,
2451 3665 2641 3741 οἷσπερ
2680 3668 2746 3723 ἂν
2794 3668 2905 3738 ἔχοι
2966 3685 3032 3739 με
3082 3665 3179 3738 [αι.
3219 3662 3421 3735 ἔχοιμι]
3459 3664 3623 3732 τιμᾷν

2036 3744 2295 3833 οἰήσομαι
2348 3761 2458 3814 δεῖν
2514 3760 2605 3814 τὸν
2628 3760 2865 3831 ἐμαυτοῦ
2895 3759 3190 3828 Δεσπότην,
3226 3757 3318 3810 καὶ
3352 3754 3622 3825 προσοίσω

2042 3852 2294 3922 καθάπερ
2323 3851 2445 3905 τινὰ
2496 3851 2805 3921 σεμίδαλιν,
2867 3851 3033 3923 ἐλαίῳ
3090 3849 3473 3920 δεδευσμένην,
3531 3845 3623 3897 τὸν

2045 3945 2309 4015 τρόφιμόν
2367 3961 2427 3996 τε
2479 3944 2573 3998 καὶ
2615 3944 2794 4016 ἱλαρὸν
2846 3947 2957 4008 τοῖς
3000 3942 3403 4013 ἐντευξομένοις
3428 3937 3621 4005 λόγον·

2049 4035 2325 4106 ἀρξόμεθα
2358 4034 2414 4088 δὲ
2437 4036 2539 4106 τῆς
2584 4037 2830 4091 Ἰωάννου
2872 4036 3204 4108 Συγγραφῆς
3224 4051 3237 4066 ·
3268 4030 3489 4105 μεγάλῳ
3528 4028 3625 4098 μὲν

362 4122 481 4176 λίαν
546 4123 950 4195 ἐπιχειροῦντες
993 4122 1299 4194 πράγματι,
1338 4121 1475 4193 πλὴν
1523 4123 1625 4176 οὐκ
1668 4121 1986 4187 ἀτονοῦντες
2022 4123 2112 4177 διὰ
2136 4126 2235 4196 τὴν
2268 4126 2469 4181 πίστιν.
2490 4128 2599 4179 Καὶ
2627 4127 2702 4180 ὅτ·
2726 4128 2823 4198 μὲν
2847 4121 2938 4181 οὖν
2970 4126 3209 4191 ἔλαττον,
3258 4125 3401 4195 ἥπερ
3439 4122 3623 4191 ἐχρῆνε

363 4212 595 4285 ἐροῦμέν
624 4231 680 4269 τε
728 4216 823 4268 καὶ
842 4215 1125 4286 νοήσομεν,
1145 4214 1529 4286 ἀναμφιλόγως
1549 4214 1907 4286 ὁμολογητέον
1932 4231 1945 4244 °
1991 4216 2071 4269 ὅτι
2107 4216 2165 4269 δὲ
2193 4216 2408 4273 δικαίαν
2446 4218 2539 4271 ἐπὶ
2570 4218 2742 4287 τούτῳ
2803 4218 2901 4290 τὴν
2945 4218 3272 4290 συγγνώμην
3310 4219 3627 4287 αἰτήσομεν,

362 4309 394 4376 ἡ
429 4306 598 4378 πολλὴ
627 4306 722 4361 τοῦ
771 4307 1205 4378 συγγράμματος
1256 4304 1539 4367 ἀναπείσει
1568 4303 1936 4375 δυσχέρεια,ἢ
1979 4304 2073 4357 καὶ
2094 4304 2230 4375 ὅπερ
2259 4306 2407 4361 ἐστὶν
2455 4305 2835 4376 ἀληθέστερον,
2871 4308 2904 4389 η
2965 4308 3065 4373 τῆς
3103 4308 3162 4359 ἐν
3200 4308 3329 4376 ἡμῖν
3392 4304 3630 4373 διανοίας

363 4395 639 4450 ἀσθένεια.
677 4396 934 4466 Πανταχῆ
965 4395 1022 4447 δὲ
1046 4395 1137 4448 τὸν
1180 4394 1335 4463 λόγον
1361 4396 1440 4457 είς
1463 4393 1943 4465 δογματικωτέραν
1983 4394 2403 4465 περιτρέποντες
2434 4394 2713 4465 ἐξήγησιν,
2742 4398 2864 4459 ταῖς
2926 4396 3034 4450 τῶν
3101 4395 3632 4468 ἐτεροδιδασκαλουν-

363 4501 471 4538 των
489 4484 855 4555 ψευδοδοξίαις
905 4485 980 4547 ὡς
1013 4484 1159 4537 ἐστιν
1190 4483 1566 4553 ἀντιτάξομεν,
1606 4485 1705 4536 οὐκ
1748 4485 1827 4546 είς
1892 4484 2013 4537 ὅσον
2054 4481 2181 4554 ἐξῆν
2210 4485 2536 4548 ἐκτείνοντες
2558 4485 2749 4556 μῆκος,
2770 4485 2905 4539 ἀλλὰ
2926 4486 3019 4540 καὶ
3048 4486 3154 4539 τῶν
3176 4486 3440 4557 περιττῶν
3454 4485 3630 4538 ἀπαλ-

368 4574 672 4639 λάττοντες,
706 4575 801 4628 καὶ
829 4574 923 4628 τοῦ
943 4574 1244 4646 πρέποντος
1269 4575 1369 4629 οὐκ
1392 4575 1582 4629 ἐπιδεᾶ
1645 4574 1984 4654 καταστῆσαι
2060 4578 2478 4643 σπουδάσαντες.
2526 4578 2590 4631 Ἦ
2623 4579 2679 4631 δὲ
2720 4579 3130 4649 ὑποτεταγμένη
3181 4578 3289 4631 τῶν
3325 4577 3634 4647 κεφαλαίων

369 4671 794 4743 ὑποσημείωσις,
825 4671 892 4725 τὰ
914 4668 1093 4741 ἐφόἷς
1115 4672 1249 4743 ἡμῖν
1266 4671 1553 4726 ἐκτέταται
1598 4688 1714 4735 πως
1737 4673 1765 4725 ὀ
1793 4671 1949 4739 λόγος
1986 4676 2317 4745 καταστήσει
2342 4674 2573 4747 φανερὰ,
2615 4669 2696 4739 οἷς
2759 4676 2852 4731 καὶ
2910 4674 3183 4749 ⁸ἀριθμοὺς
3215 4672 3633 4744 παρεπήξαμεν,

369 4759 507 4831 πρὸς
527 4760 590 4813 τὸ
620 4763 715 4814 καὶ
736 4761 856 4814 λίαν
886 4762 1115 4832 ἐτοίμως
1129 4762 1547 4834 ἀνευρίσκεσθαι
1563 4765 1675 4827 τοῖς
1700 4762 2098 4835 ἐντευξομένοις
2130 4765 2190 4818 rb
2223 4764 2572 4837 ζητούμενον.

449 4939 492 4975 ³⁸
517 4937 686 4996 Levit.
724 4956 761 5007 ι,
792 4942 878 4997 M.
957 4942 998 4973 ί*
1028 4941 1200 4998 Levit.
1228 4958 1289 5010 ιι,
1318 4943 1369 4999 1.
