4092 6274
492 399 561 450 Π
1519 383 1897 441 lN-JOANNIS
1940 384 2072 441 EVA

2179 386 2395 443 ELlUM
2444 385 2574 441 LIB.
2604 386 2648 441 1.
3665 376 3750 434 18

3354 532 3752 558 ς-ο--ς-οιπ

3354 548 3563 558 ..Δ-..ι-
3578 549 3617 558 -

486 540 3450 577 W

1845 702 2142 789 ΚΕΦΑ
2157 698 2411 786 ΔΑΙΑ
2430 743 2437 755 ·

1655 887 1743 938 TA
1804 887 1893 939 EN
1939 887 2026 957 1:9
2088 884 2319 956 11mm
2359 883 2609 956 BIBAIQ.

1912 1170 2367 1305 ’CAPITA

1462 1409 1616 1477 QUAS
1648 1407 1715 1463 IN
1751 1405 1960 1464 LIBRO
1998 1404 2213 1462 PRlMO
2247 1401 2763 1479 CONTINENTUR.

499 1731 568 1777 α’.
598 1723 728 1776 Ὅτι
747 1722 935 1790 ἀΐδιος
960 1724 1059 1777 καὶ
1097 1724 1210 1795 πρὸ
1242 1722 1363 1779 τῶν
1392 1724 1620 1780 αἰώνων
1642 1727 1675 1780 ό
1707 1723 2072 1796 Μονογενήςο

569 1815 958 1886 προκειμένου
980 1816 1192 1884 ῥητοῦ,
1226 1836 1244 1869 ι
1286 1819 1388 1873 Ἐν
1434 1816 1592 1888 ἀρχῇ
1629 1814 1709 1889 ἦν
1737 1822 1770 1872 ό
1799 1819 2009 1887 Λόγος.
2048 1835 2066 1868 ι

2178 1747 2229 1803 1.
2310 1747 2465 1815 Quod
2520 1755 2747 1801 azternus
2784 1758 2834 1802 et
2870 1756 2992 1802 ante
3046 1742 3247 1801 swcula
3295 1742 3366 1797 sit
3414 1739 3747 1812 Unigenitus,

2242 1841 2509 1908 proposito
2544 1838 2709 1904 dicto,
2737 1857 2755 1889 ι
2810 1838 2877 1893 In
2904 1838 3166 1909 principio
3198 1841 3315 1889 erat
3362 1831 3606 1887 Verbum.
3650 1851 3669 1882 ι

500 1906 568 1977 β’.
621 1906 763 1961 Ὀτί
805 1907 952 1973 Θεὸς
986 1908 1308 1976 όμοούσιος
1355 1906 1438 1973 τῷ
1482 1908 1663 1977 Πατρὶ
1714 1907 2003 1977 ὑπάρχων
2041 1909 2072 1960 ό

2174 1930 2226 1985 Ξ.
2271 1906 2425 1999 Quod
2447 1940 2496 1987 et
2528 1930 2671 1986 Deus
2723 1939 2774 1985 et
2802 1906 3268 1985 consubstantialis
3315 1922 3472 1978 Patri
3522 1939 3639 1977 cum
3684 1925 3752 1977 sit

576 1997 727 2065 Υἱὸς,
762 1998 831 2051 ἐν
872 1998 992 2067 ἰδίᾳ
1041 1998 1215 2053 ἐστὶν
1241 1999 1596 2066 ὑποστάσει,
1642 2001 1854 2070 ὁμοίως
1876 1998 1945 2053 δὲ
1973 1998 2074 2053 καὶ

568 2093 601 2145 ό
628 2089 828 2159 Πατήρ
852 2105 865 2119 ·
893 2091 1287 2162 προκειμένου
1307 2092 1518 2162 ῥητοῦ,
1548 2096 1567 2146 i
1590 2094 1697 2148 Καὶ
1718 2096 1751 2148 ό
1773 2095 1966 2163 Λόγος
1994 2088 2074 2162 ἦν

563 2184 712 2252 πρὸς
740 2182 848 2237 τὸν
874 2184 1044 2238 Θεόν.
1070 2202 1088 2236 ι

491 2284 561 2345 γ’.
602 2278 723 2331 Ὅτι
785 2275 930 2343 Θεὸς
964 2277 1119 2332 κατὰ
1147 2278 1358 2347 φύσιν,
1402 2276 1503 2332 καὶ
1532 2279 1661 2334 κατ’
1681 2278 1901 2334 οὐδένα
1943 2280 2070 2346 τρό-

562 2382 698 2436 πον,
720 2369 761 2439 ἢ
787 2368 1072 2434 ἐλάττων,
1100 2369 1139 2438 ἢ
1161 2370 1442 2438 ἀνόμοιός
1465 2369 1596 2425 ἐστι
1636 2369 1742 2425 τοῦ
1786 2368 2018 2437 Πατρὸς
2041 2372 2074 2421 ό

569 2461 719 2526 Υἱόςο
752 2459 1143 2531 προκειμένου
1187 2460 1400 2529 ῥητοῦ,
1455 2481 1474 2514 ι
1522 2461 1629 2516 Καὶ
1682 2462 1829 2527 Θεὸς
1896 2457 1974 2530 ἦν
2040 2462 2074 2513 ό

563 2556 774 2624 Λόγος.
812 2573 832 2606 ι

491 2645 550 2698 δ’.
586 2644 742 2712 Πρὸς
762 2644 903 2712 τοὺς
918 2643 1261 2716 τολμῶντας
1290 2643 1511 2714 λέγειν,
1541 2644 1631 2699 ὅτι
1668 2643 1871 2712 ἕτερός
1902 2643 2073 2698 ἐστιν

559 2736 895 2803 ὲνδιάθετός
941 2754 1006 2791 τε
1063 2736 1160 2791 καὶ
1216 2736 1476 2805 φυσικὸς
1515 2735 1585 2789 ἐν
1644 2735 1828 2805 Πατρὶ
1857 2735 2070 2804 Λόγος,

561 2828 659 2882 καὶ
682 2828 930 2896 ἒτεροςό
952 2829 1115 2897 παρὰ
1142 2827 1274 2894 ταῖς
1297 2828 1482 2894 θείαις
1514 2827 1782 2896 Γράφαῒς
1824 2827 2073 2895 λεγόμε-

561 2937 666 2987 νος
689 2921 821 2986 Υιός
851 2937 865 2953 ο
892 2921 1024 2974 ἐστι
1052 2918 1121 2972 δὲ
1151 2916 1272 2974 τῶν
1295 2920 1426 2987 περὶ
1440 2920 1737 2989 Εὐνόμιον
1759 2919 1797 2989 ἡ
1828 2920 2069 2987 τοιαύτη

564 3013 886 3076 κακοδοξία
906 3030 919 3043 ’
957 3012 1260 3082 πρόκειται
1288 3010 1357 3065 δὲ
1389 3009 1453 3065 τὸ
1469 3010 1662 3080 ῥητὸν
1687 3052 1703 3079 ,
1741 3026 1761 3062 ι
1789 3004 1979 3077 οὗτος
1993 3005 2074 3080 ἦν

567 3102 633 3156 ἐν
658 3102 813 3172 ἀρχῇ
833 3102 982 3170 πρὸς
1007 3103 1115 3157 τὸν
1148 3104 1316 3156 Θεόν.
1350 3120 1368 3154 ι

499 3201 557 3248 ε’.
584 3195 711 3249 Ὅτι
733 3192 882 3248 κατὰ
928 3195 1113 3263 φύσιν
1133 3193 1493 3263 δημιουργὸς
1529 3196 1562 3247 ό
1593 3191 1723 3259 Υἱὸς
1759 3193 1911 3262 μετὰ
1952 3195 2073 3247 Πα-

568 3286 725 3359 τρὸς,
770 3285 851 3352 ὡς
887 3284 954 3338 ἐκ
1013 3284 1120 3355 τῆς
1165 3285 1378 3352 οὐσίας
1406 3283 1699 3354 ὑπάρχων
1735 3283 1945 3351 αὺτοῦ,
1974 3282 2075 3338 καὶ

564 3380 675 3445 οὐχ
697 3374 896 3445 ὥσπερ
914 3376 1214 3447 ὑπουργὸς
1244 3377 1858 3444 παραλαμϐανόμενος
1883 3390 1898 3405 ο
1933 3386 2074 3441 προ-

565 3468 838 3538 κειμένου
884 3467 1088 3536 ῥητοῦ,
1124 3486 1143 3519 ι
1181 3466 1384 3521 Πάντα
1408 3466 1485 3520 δι’
1534 3465 1722 3521 αὑτοῦ
1754 3464 2008 3536 ἐγένετο.
2048 3483 2066 3515 ι

498 3566 568 3624 ς’.
597 3560 723 3613 Ὄτι
774 3556 886 3626 ζωὴ
925 3558 1075 3613 κατὰ
1109 3559 1301 3628 φύσιν
1358 3557 1531 3612 ἐστὶν
1555 3560 1588 3612 ό
1644 3557 1796 3623 Υἱὸς,
1836 3557 1936 3610 καὶ
1975 3554 2074 3611 διὰ

564 3651 736 3705 τοῦτο
763 3652 834 3704 οὐ
856 3648 1127 3720 γενητὸς,
1168 3648 1391 3703 ἀλλ’ἐκ
1420 3646 1529 3718 τῆς
1557 3649 1767 3714 οὐσίας
1791 3647 1896 3702 τοῦ
1923 3646 2071 3702 Θεοῦ

561 3737 657 3790 καὶ
691 3737 950 3804 Πατρός·
982 3735 1372 3806 προκειμένου
1389 3736 1600 3805 ῥητοῦ,
1635 3754 1655 3789 ι
1700 3738 1761 3789 '0
1797 3734 2065 3807 γέγονεν,

561 3827 630 3880 ἐν
658 3824 818 3893 αὐτῷ
851 3825 964 3895 ζωὴ
993 3823 1095 3898 ἦν.
1134 3846 1153 3878 ι

500 3915 565 3980 ζ’.
614 3918 743 3971 Ὅτι
778 3916 901 3987 φῶς
943 3917 1094 3972 κατὰ
1125 3919 1315 3987 φύσιν
1345 3919 1519 3974 ἐστὶν
1559 3922 1593 3975 ό
1631 3922 1785 3989 Υἱὸς,
1839 3921 1938 3976 καὶ
1975 3921 2073 3977 διὰ

560 4007 735 4062 τοῦτο
768 4011 841 4062 οὐ
874 4009 1380 4078 γενητὸς,ἀλλ’ἐκ
1407 4011 1518 4079 τῆς
1541 4013 1758 4078 οὐσίας
1787 4012 1895 4066 τοῦ
1923 4011 2072 4067 Θεοῦ

564 4099 664 4152 καὶ
697 4099 950 4167 Πατρός,
976 4099 1057 4165 ὡς
1108 4097 1235 4168 φῶς
1278 4101 1569 4168 ἀληθινὸν
1590 4103 1663 4155 ἐκ
1698 4101 1892 4171 φωτὸς
1921 4103 2071 4170 ἀλη-

565 4190 750 4243 θινοῦ·
801 4191 1193 4258 προκειμένου
1225 4193 1436 4263 ῥητοῦ,
1474 4213 1494 4246 ‹
1531 4194 1641 4249 Καὶ
1676 4196 1713 4263 ἡ
1747 4191 1857 4261 ζωὴ
1905 4189 2072 4265 ἦντὸ

567 4277 692 4345 φῶς
721 4278 838 4333 τῶν
857 4279 1202 4349 ἀνθρώπων.
1239 4300 1257 4332 ι

496 4368 691 4439 η¹.⁹’οτι
708 4370 897 4438 μόνος
916 4374 948 4425 o'
976 4371 1108 4438 Υἱὸς
1121 4372 1224 4426 τοῦ
1248 4373 1418 4439 Θεοῦ,
1437 4371 1562 4443 φῶς
1576 4374 1745 4428 ἐστιν
1757 4375 2071 4442 ἀληθινόν·

564 4459 603 4525 ἡ
637 4460 704 4512 δὲ
728 4462 920 4526 κτίσις
950 4462 1168 4525 οὐκέτι,
1196 4464 1391 4532 φωτὸς
1426 4459 1586 4519 οὖσα
1612 4463 1864 4533 μέτοχος
1917 4463 2066 4537 [ἅτε]

567 4550 813 4622 γενητή⁹
846 4553 1236 4622 προκειμένου
1254 4554 1446 4623 ῥητοῦ
1469 4593 1485 4619 ,
1526 4573 1544 4605 ι
1574 4550 1686 4608 Ἦν
1739 4555 1804 4609 τὸ
1840 4554 1964 4625 φῶς
2004 4557 2070 4611 τὸ

563 4644 876 4713 ἀληθινόν.
917 4662 935 4695 ι
1852 4650 1855 4653 ‘

496 4737 561 4791 θ’.
595 4738 724 4790 Ὅτι
763 4737 841 4791 οὔ
889 4735 1255 4807 προϋπάρχει
1287 4735 1391 4789 τοῦ
1428 4734 1700 4805 σώματος
1743 4737 1781 4806 ἡ
1810 4736 1936 4789 τοῦ
1973 4737 2076 4790 ἁν-

565 4829 798 4899 θρώπου
828 4829 1022 4898 ψυχὴ,
1064 4828 1208 4883 οὐδὲ
1260 4829 1328 4882 ἐκ
1362 4829 1778 4898 πρεσϐυτέρων
1818 4829 2078 4897 ἁμαρτη-

563 4918 761 4987 μάτων
791 4918 829 4985 ή
874 4917 1221 4986 σωμάτωσις
1246 4916 1399 4971 κατά
1432 4935 1599 4984 τινας
1620 4932 1636 4948 ο
1687 4918 2075 4986 προκειμένου

562 5011 780 5078 ῥητοῦ,
821 5030 838 5061 ι
870 5006 989 5066 Ἦν
1031 5010 1096 5063 τὸ
1128 5009 1253 5078 φῶς
1289 5012 1355 5065 τὸ
1404 5011 1727 5081 ἀληθινὸν,
1767 5010 1799 5064 ὃ
1845 5008 2072 5079 φωτίζει

571 5100 762 5153 πάντα
804 5100 1116 5167 ἄνθρωπον
1154 5102 1482 5171 ἐρχόμενον
1517 5105 1602 5167 εις
1642 5103 1748 5156 τὸν
1802 5103 2066 5170 κόσμον·

573 5190 641 5242 ἑν
665 5189 744 5254 τῷ
777 5193 980 5258 κόσμῳ
1005 5189 1104 5258 ἦν.
1139 5211 1156 5243 ι

508 5282 555 5336 ι’.
589 5282 716 5334 Ὅτι
749 5285 934 5349 μόνος
966 5283 1115 5336 κατὰ
1150 5284 1341 5352 φύσιν
1380 5284 1512 5349 Υἱὸς
1539 5283 1607 5337 ἐκ
1638 5284 1862 5352 Πατρὸς
1898 5286 1930 5335 ό
1950 5286 2069 5336 Μο-

572 5370 846 5441 νογενὴς,
863 5374 941 5438 ὠς
953 5375 1018 5438 ἐξ
1030 5375 1235 5439 αὐτοῦ,
1255 5376 1351 5430 καὶ
1369 5377 1438 5430 ἐν
1463 5374 1624 5442 αὐτῷ
1641 5392 1653 5404 ·
1679 5374 2067 5444 προκειμένου

567 5464 783 5531 ῥητοῦ,
823 5484 840 5515 ι
878 5464 1025 5517 Θεὸν
1062 5464 1258 5531 οὐδεὶς
1282 5466 1501 5535 ἑώρακε
1521 5465 1774 5521 πώποτε.
1814 5484 1832 5516 ›

2242 2023 2443 2087 Filius,
2474 2023 2528 2077 in
2547 2023 2768 2091 propria
2814 2031 2892 2077 est
2928 2019 3224 2092 liypostasi,
3277 2015 3527 2071 similiter
3572 2022 3753 2069 autem

2244 2124 2293 2169 et
2324 2113 2483 2168 Pater
2512 2129 2529 2168 :
2559 2114 2833 2183 proposito
2866 2113 3030 2178 dicto,
3069 2130 3087 2163 ι
3125 2108 3195 2163 Et
3224 2106 3449 2163 Verbum
3476 2116 3590 2161 erat
3611 2107 3754 2176 apud

2246 2204 2436 2259 Deum.
2476 2223 2495 2256 ι

2173 2296 2224 2351 3.
2267 2294 2423 2362 Quod
2456 2294 2596 2350 Deus
2648 2293 2936 2350 secundum
2968 2300 3243 2357 naturam,
3280 2304 3371 2343 nec
3421 2288 3534 2341 ullo
3587 2285 3744 2342 modo

2244 2398 2337 2442 aut
2370 2390 2576 2456 minor,
2608 2397 2699 2442 aut
2733 2386 3013 2442 dissimilis
3036 2384 3194 2438 Patri
3230 2383 3300 2437 sit
3333 2379 3533 2446 Filius,
3562 2395 3755 2450 propo-

2243 2482 2343 2535 sito
2373 2480 2540 2546 dicto,
2588 2499 2607 2533 ι
2650 2478 2716 2534 Et
2768 2478 2908 2534 Deus
2944 2486 3060 2533 erat
3106 2474 3349 2530 Verbum.
3388 2492 3407 2525 ι

2172 2655 2225 2708 4.
2264 2654 2525 2715 Adversus
2564 2670 2650 2709 eos
2691 2654 2780 2724 qui
2826 2652 2999 2706 dicere
3032 2649 3249 2713 audent,
3284 2646 3432 2701 aliud
3482 2662 3593 2700 esse
3619 2645 3753 2699 inte-

2241 2743 2351 2797 rius
2382 2742 2519 2797 illud
2535 2754 2584 2799 et
2610 2742 2855 2798 naturale
2875 2743 2931 2797 in
2971 2740 3134 2795 Patre
3172 2738 3427 2804 Verbum,
3455 2735 3631 2801 aliud,
3662 2737 3757 2805 qui

2244 2835 2383 2903 apud
2422 2834 2635 2891 divinas.
2673 2835 2976 2905 Scripturas
3022 2831 3199 2887 Filius
3257 2830 3590 2892 nominatur,
3636 2844 3754 2899 qua:

2242 2927 2540 2994 perniciosa
2580 2926 3040 2981 Eunomianorum
3071 2932 3147 2978 est
3178 2924 3377 2992 opinio.
3422 2919 3755 2990 Proponitur

2244 3025 2420 3071 autem
2448 3016 2649 3072 dictum
2677 3016 2847 3072 illud:
2878 3036 2895 3069 ι
2930 3006 3053 3071 Hoc
3072 3016 3279 3071 eratin
3305 3015 3566 3084 principio
3611 3012 3753 3082 apud

2244 3106 2433 3165 Deum.
2466 3127 2486 3160 ι

2171 3199 2225 3255 5.
2268 3199 2423 3265 Quod
2450 3209 2645 3254 natura
2667 3216 2767 3255 sua
2798 3207 3005 3255 creator
3026 3199 3091 3254 sit
3119 3198 3297 3253 Filius
3326 3214 3446 3252 cum
3474 3196 3655 3257 Patre,
3696 3205 3754 3246 ut

2238 3291 2328 3359 qui
2353 3306 2417 3343 ea;
2448 3291 2562 3359 ejus
2591 3290 2915 3357 substantia,
2969 3298 3018 3344 et
3066 3306 3172 3345 non
3220 3300 3475 3359 tanquam
3510 3287 3755 3341 minister

2243 3379 2311 3433 ad
2345 3380 2397 3433 id
2423 3389 2748 3449 assumptus,
2769 3382 3038 3451 proposito
3076 3380 3244 3448 dicto,
3272 3397 3292 3431 ‹
3328 3378 3522 3434 Omnia
3553 3392 3647 3446 per
3672 3378 3755 3447 ip-

2244 3485 2359 3523 sum
2384 3469 2531 3539 facta
2556 3481 2702 3529 sunt.
2732 3489 2752 3522 ›

2171 3561 2224 3617 6.
2256 3561 2411 3629 Quod
2438 3565 2547 3616 vita
2587 3563 2870 3618 secundum
2925 3571 3179 3618 naturam
3220 3563 3289 3619 sit
3340 3562 3539 3628 Filius,
3598 3570 3754 3632 atque

2240 3652 2360 3709 ideo
2383 3670 2487 3708 non
2519 3663 2752 3722 creatus,
2783 3655 2875 3713 sed
2897 3673 2963 3712 ex
2980 3648 3285 3713 substantia
3328 3655 3423 3710 Dei
3450 3671 3515 3709 ac
3545 3652 3750 3715 Patris,

2240 3745 2691 3816 propositodicto,
2742 3764 2763 3799 ι
2815 3747 2971 3815 Quod
2999 3749 3202 3819 factum
3223 3757 3322 3815 est,
3375 3748 3433 3802 in
3475 3748 3590 3817 ipso
3637 3746 3753 3800 vita

2237 3849 2375 3893 erat.
2422 3857 2441 3890 ι

2173 3928 2223 3983 7.
2263 3927 2415 3993 Quod
2437 3926 2533 3981 tua:
2570 3929 2859 3983 secundum
2894 3939 3145 3984 naturam
3168 3931 3240 3984 sit
3285 3927 3485 3994 Filius,
3530 3937 3581 3983 et
3623 3942 3750 3996 pro-

2238 4020 2358 4075 inde
2380 4037 2482 4075 non
2499 4032 2730 4088 creatus,
2769 4023 2858 4077 sed
2880 4039 2945 4078 ex
2969 4022 3273 4079 substantia
3310 4021 3407 4075 Dei
3441 4039 3503 4075 ac
3535 4020 3748 4078 Patris.

2244 4121 2300 4180 ut
2326 4112 2419 4165 luo:
2447 4128 2567 4166 vera
2586 4112 2649 4167 de
2690 4114 2802 4169 luce
2832 4132 2976 4183 vera,
3007 4116 3277 4186 proposito
3312 4114 3476 4182 dicto,
3503 4132 3521 4165 ι
3559 4111 3625 4166 Et
3646 4112 3753 4166 vita

2242 4211 2357 4254 erat
2384 4201 2478 4255 lux
2508 4202 2799 4259 hominum.
2838 4224 2858 4257 ι

2176 4382 2230 4438 8;
2273 4380 2435 4448 Quod
2456 4380 2601 4435 solus
2647 4379 2825 4459 Filius
2874 4381 2970 4436 Dei
3007 4383 3076 4435 sit
3119 4396 3241 4437 vera
3299 4382 3392 4436 lux
3438 4394 3454 4434 .'
3503 4390 3750 4436 creatura

2248 4473 2495 4543 nonjtem
2523 4514 2537 4539 ,
2578 4489 2699 4527 cum
2732 4474 2802 4528 sit
2831 4472 2964 4528 lucis
3003 4475 3262 4543 particeps
3306 4482 3484 4543 utpote
3532 4483 3747 4540 creata:

2246 4566 2515 4635 proposito
2553 4566 2718 4632 dicto,
2765 4585 2783 4617 ι
2827 4564 2960 4620 Erat
2984 4566 3079 4619 lux
3110 4582 3249 4620 vera.
3292 4585 3309 4616 ι

2176 4741 2228 4796 9.
2273 4740 2424 4807 Quod
2459 4740 2686 4796 hominis
2729 4742 2910 4794 anima
2969 4751 3091 4795 ante
3126 4756 3315 4809 corpus
3343 4755 3445 4792 non
3497 4737 3747 4798 exsistat,

2247 4848 2405 4901 neque
2434 4831 2496 4885 ob
2523 4831 2869 4898 praecedentia
2892 4840 3107 4901 peccata
3141 4832 3351 4900 corpori
3376 4831 3747 4896 immergatur,

2251 4933 2308 4976 ut
2362 4923 2604 4977 nonnulli
2649 4934 2892 4978 asserunt
2930 4941 2947 4978 :
2988 4924 3256 4994 proposito
3307 4923 3448 4976 dicto
3474 4965 3488 4988 ,
3528 4938 3548 4972 ‹
3614 4920 3750 4974 Erat

2253 5015 2344 5067 lux
2377 5030 2524 5079 cera,
2552 5031 2670 5086 quw
2690 5015 2963 5069 illuminat
3008 5032 3210 5069 omnem
3257 5014 3514 5067 hominem
3545 5012 3750 5065 verticu—

2250 5114 2347 5158 tem
2383 5105 2437 5157 in
2463 5104 2599 5158 hunc
2634 5106 2907 5159 mundum.
2966 5104 3031 5159 In
3064 5105 3258 5157 mundo
3281 5114 3415 5158 erat.
3446 5121 3465 5155 ι

2178 5194 2263 5249 10.
2308 5193 2460 5260 Quod
2481 5196 2623 5249 solus
2644 5198 2928 5249 secundum
2970 5206 3216 5249 naturam
3270 5193 3445 5246 Filius
3475 5205 3539 5244 ex
3584 5189 3747 5242 Patre

2249 5287 2317 5339 sit
2351 5285 2678 5356 Unigenitus,
2713 5296 2770 5341 ut
2795 5303 2859 5341 ea:
2888 5290 3023 5355 ipso,
3058 5288 3182 5341 etin
3210 5288 3345 5353 ipso,
3371 5279 3637 5351 proposito
3663 5278 3747 5329 ai-

2248 5383 2353 5440 cto,
2395 5393 2413 5425 (
2436 5373 2600 5430 Deum
2632 5391 2782 5429 nemo
2813 5373 2938 5429 vidit
2970 5390 3224 5444 unquam.
3265 5390 3281 5421 ι
