4092 6274
346 451 417 511 Η
1334 444 1392 499 S.
1425 438 1698 499 CYRILLI
1732 436 2211 496 ALEXANDRINI
2235 435 2556 494 ARCHIEP.
3526 433 3598 491 ‘20

356 590 3573 630 Wm-

1155 761 1382 847 ΤΟΥ
1453 762 1596 846 ΕΝ
1659 753 2020 844 ΛΓΙΟΙΣ
2057 754 2487 842 ΠΑΤΡΟΣ
2550 751 2894 841 ΗΜΩΝ.

849 1186 1957 1278 ΑΡΧΙΕΠΙΣΚΟΠΟΥ
2089 1171 3092 1272 ΑΛΕΞΑΝΔΡΕΙΑΣ

1536 1368 1868 1424 ΕΞΠΓΗΣΙΣ
1905 1365 2480 1423 ΥΠΟΜΝΗΜΑΤΙΚΗ

498 1540 738 1654 ΕΙΣ
817 1536 1024 1654 ΤΟ
1125 1536 1543 1650 ΚΑΤΑ
1633 1535 2332 1648 ΙΩΑΝΝΗΝ
2451 1521 3452 1647 ΕΥΑΓΓΕΛΙΟΝ.

1574 1757 1936 1843 ΛΟΓΟΣ
2010 1753 2476 1840 ΠΡΩΤΟΣ..

1243 2115 1400 2270 S.
1445 2120 1617 2267 P.
1682 2116 1864 2266 N.
1924 2115 2706 2268 CYRlLLl

1041 2402 1854 2496 ALEXANDBI/E
1990 2396 2908 2496 ARCHIEPISCOP‘I

1700 2594 2296 2657 COMMENTARIUS

706 2803 870 2918 IN
1011 2801 1132 2916 S.
1268 2800 2020 2918 JOANNIS'
2099 2795 3236 2917 EVANGELIUM.

1503 3040 1861 3130 LIBER
1943 3036 2438 3128 PRIMUS.

1933 3261 2005 3274 ..-

432 3401 574 3476 6-7
602 3399 896 3471 Perspica-x
932 3413 1125 3457 revera
1174 3404 1227 3454 et
1255 3396 1523 3454 divinitus
1557 3394 1749 3450 edocta
1773 3409 1929 3451 mens
1957 3395 2006 3452 Α

2114 3394 2370 3466 Ἀκριὸὴς
2403 3394 2571 3460 ὅντως
2617 3393 2710 3449 καὶ
2749 3393 3084 3452 θεοδίδακτος
3111 3387 3219 3443 τῶν
3247 3386 3418 3456 ἁγίων
3446 3385 3610 3456 εὐαγ-

365 3501 450 3548 cst
478 3498 796 3546 sanctorum
817 3488 1297 3559 evangelistarum,
1324 3501 1447 3556 qum
1479 3486 1628 3542 velut
1655 3500 1687 3540 e
1720 3485 1936 3540 tumulo

2048 3487 2302 3554 γελιστῶν
2323 3489 2356 3556 ἡ
2381 3486 2608 3548 διάνοια,
2642 3484 2888 3555 καθάπερ
2917 3482 3024 3536 ἀπό
3070 3496 3213 3544 τινος
3246 3479 3481 3550 γηλόφου
3517 3478 3612 3532 καὶ

367 3583 604 3652 quodam
645 3595 710 3635 ac
735 3580 963 3648 specula
988 3579 1290 3648 magniﬁca:
1326 3575 1808 3644 contemplationis
1832 3590 1938 3628 un-

367 3674 539 3743 dique
552 3669 934 3740 circumspicit
959 3667 1104 3738 quod
1125 3669 1248 3725 usui
1281 3667 1353 3723 sit
1375 3665 1740 3731 auditoribus,
1766 3673 1822 3720 et
1844 3681 1940 3720 νεα

368 3764 613 3820 trementi
641 3761 824 3817 studio
842 3761 1062 3831 indagat
1081 3758 1229 3830 quod
1245 3759 1559 3814 conducere
1586 3763 1739 3827 putet
1756 3757 1828 3812 iis
1845 3756 1940 3827 qui

369 3868 558 3910 veram
594 3853 908 3908 divinorum
931 3852 1239 3907 doctrinam
1291 3851 1606 3922 dogmatum
1639 3848 1856 3916 sitiunt,
1887 3855 1942 3904 ct

369 3945 690 4002 abstrusum
712 3944 766 3998 in
787 3943 1095 4014 Scripturis
1109 3942 1318 3999 divinis
1333 3954 1482 3998 recto
1513 3943 1694 3998 animo
1716 3953 1941 3998 sensum

371 4036 677 4108 inquirunt.
699 4033 818 4090 Non
839 4034 984 4090 enim
1014 4033 1249 4090 curiosis
1276 4033 1712 4104 indagatoribus,
1739 4035 1944 4104 quique

371 4128 614 4184 sinuosis
649 4126 925 4182 rationum
977 4125 1240 4182 versutiis
1285 4125 1472 4196 potius
1512 4141 1678 4196 quam
1707 4125 1946 4182 veritate

369 4217 734 4285 delectantur,
772 4217 978 4272 revelat
1018 4214 1281 4288 Spiritus,
1312 4232 1437 4272 cum
1475 4231 1576 4273 nec
1619 4218 1674 4273 in
1708 4218 1946 4273 malevo-

372 4307 477 4360 lam
510 4307 747 4362 animam
795 4307 1033 4362 introeat
1067 4305 1356 4378 sapientia,
1399 4322 1580 4378 neque
1620 4321 1787 4377 porro
1818 4321 1947 4376 pre-

372 4395 545 4452 tiosas
573 4396 902 4465 margaritas
933 4409 1224 4466 porcorum
1265 4395 1498 4466 pedibus
1538 4396 1717 4452 obteri
1777 4396 1944 4460 sinat,

375 4485 471 4552 sed
505 4485 560 4540 in
591 4485 986 4555 simpliciorum
1035 4485 1315 4541 mentibus
1355 4486 1725 4542 libentissime
1752 4500 1948 4562 yerse-

375 4584 487 4640 tur,
528 4576 827 4645 praesertim
864 4589 992 4630 cum
1025 4582 1081 4630 et
1113 4575 1446 4632 sinceriores
1476 4584 1661 4632 motus
1685 4576 1945 4644 habeant,

374 4672 431 4722 et
468 4679 646 4721 vanas
669 4665 972 4736 argutiolas
1002 4674 1289 4736 reSpuant,
1315 4666 1519 4736 quibus
1539 4667 1597 4735 8
1623 4681 1768 4737 saepe
1799 4667 1857 4720 lit
1889 4674 1949 4721 ut

376 4757 706 4827 percellatur
749 4758 992 4825 animus,
1034 4767 1089 4815 et
1127 4773 1392 4830 perverso
1431 4757 1574 4813 ﬂexu
1603 4757 1672 4813 de
1705 4766 1857 4814 recta
1896 4753 2023 4814 etB

377 4851 526 4919 regia
559 4849 647 4926 vi?
682 4849 950 4905 decedat:
1014 4870 1034 4903 ι
1081 4852 1342 4909 Ambulat
1399 4851 1548 4906 enim
1607 4848 1947 4906 conﬁdenter

378 4941 473 5011 qui
523 4940 845 5011 simpliciter
894 4943 1160 5010 ambulat,
1199 4962 1220 4996 ι
1257 4951 1318 4998 ut
1373 4950 1458 4997 est
1509 4941 1656 5013 apud
1692 4939 1946 4996 Salomo-

381 5048 503 5089 nem
540 5033 625 5086 “'.
651 5031 790 5087 Cum
832 5047 965 5103 ergo
996 5033 1263 5090 mirabilis
1288 5033 1361 5088 sit
1383 5033 1439 5086 in
1475 5033 1684 5089 sanctis
1712 5047 1948 5103 evange-

379 5125 524 5182 listis
553 5133 813 5179 accurata
847 5124 940 5178 illa
971 5125 1248 5180 scribendi
1281 5124 1502 5180 solertia
1555 5125 1613 5194 (ι
1645 5124 1764 5179 Non
1799 5125 1947 5179 enim

380 5219 482 5287 ipsi
523 5218 844 5288 loquuntur,
885 5237 904 5272 ι
959 5227 1020 5274 ut
1059 5219 1136 5273 ait
1184 5217 1458 5282 Salvator,
1510 5235 1530 5270 ε
1579 5217 1675 5273 sed
1707 5216 1950 5286 Spiritus

381 5310 560 5366 Patris
579 5310 671 5380 qui
698 5310 751 5364 in
774 5310 856 5366 eis
877 5317 961 5366 est
987 5310 1030 5342 "
1054 5309 1124 5381 ι),
1158 5324 1266 5364 non
1289 5309 1388 5364 abs
1413 5324 1471 5365 re
1505 5308 1762 5364 fateberis
1781 5308 1950 5364 Joan-

382 5401 468 5458 nis
514 5400 898 5474 Evangelium,
953 5401 1000 5457 si
1061 5403 1349 5457 notionum
1407 5402 1820 5464 sublimitatem,
1895 5408 1950 5457 et

384 5495 580 5550 mentis
615 5510 866 5559 acumen,
919 5503 974 5550 et
1006 5493 1190 5566 jugem
1220 5497 1563 5566 aliarumque
1593 5496 1714 5552 aliis
1757 5510 1949 5551 succe-

383 5582 626 5638 dentium
660 5585 1055 5642 sententiarum
1083 5585 1383 5639 illationcm
1406 5586 1694 5656 respicias,
1731 5600 1946 5642 omnem

383 5690 643 5746 superare
675 5679 890 5746 penitus
913 5676 1354 5734 admirationem.
1383 5676 1620 5735 Invicem
1649 5679 1794 5736 enim
1817 5695 1949 5736 con-

458 5834 518 5865 ηο
544 5832 697 5891 ρων,
742 5850 796 5904 κ,
838 5836 890 5891 9,
973 5837 1014 5868 ³³
1044 5835 1234 5890 Matth.
1271 5852 1324 5906 x,
1359 5835 1448 5892 30.

2042 3577 2328 3648 περιωπῆς
2352 3577 2448 3647 τῆς
2466 3578 2524 3630 ἐν
2548 3576 2627 3648 τῷ
2654 3574 3151 3642 δύνασθαιθεωρεῖν
3173 3569 3614 3641 μεγαλειότητος,

2043 3665 2375 3737 πανταχόθεν
2407 3667 2468 3720 τὸ
2516 3669 2627 3731 τοῖς
2676 3663 3045 3737 ἀκροωμένοις
3075 3658 3449 3732 περιαθροῦσα
3477 3659 3611 3728 Χρή-

2046 3773 2224 3827 σιμον,
2256 3756 2350 3810 καὶ
2385 3755 2521 3826 μετὰ
2557 3754 2802 3809 συντόνου
2849 3752 2992 3815 τινὸς
3027 3750 3318 3823 θηρωμένη
3354 3747 3608 3816 σπουδῆς,

2043 3847 2177 3918 ὅπερ
2215 3847 2281 3901 ἂν
2335 3847 2600 3917 ὑπάρχειν
2645 3846 2824 3915 οἴηται
2869 3842 3142 3905 λυσιτελὲς
3173 3842 3285 3904 τοῖς
3311 3839 3400 3893 τὸν
3437 3836 3612 3908 ἁληθῆ

2043 3940 2152 3996 τῶν
2181 3939 2340 3994 θείων
2362 3939 2644 4009 δογμάτων
2698 3937 2889 4006 διψῶσι
2917 3934 3096 4004 λόγον,
3120 3933 3228 4000 ¹ἐκαὶ.
3258 3930 3395 4003 μετά
3421 3946 3614 4000 προαι-

2047 4033 2250 4106 ρέσεως
2276 4032 2488 4102 ἀγαθῆς
2517 4031 2612 4102 τὴν
2635 4030 3087 4102 ἐγκεκρυμμένην
3119 4014 3238 4092 ταῖς
3268 4026 3436 4089 θείαις
3468 4024 3610 4094 Γρα-

2046 4128 2173 4195 φαῖς
2201 4124 2457 4198 ἐρευνῶσι
2509 4123 2764 4178 διάνοιαν.
2797 4123 2870 4175 Οὐ
2914 4121 3021 4192 γὰρ
3052 4123 3164 4183 τοῖς
3198 4117 3616 4188 περιεργότερον

2045 4216 2378 4282 ἐξετάζουσι,
2414 4216 2509 4269 καὶ
2548 4213 2905 4276 πολυπλόκοις
2931 4208 3204 4280 λογισμῶν
3246 4209 3497 4268 ἀπάταις.
3520 4207 3616 4274 ἐφ-

2046 4307 2324 4380 ηδομένοις
2339 4307 2535 4376 μᾶλλον
2573 4307 2606 4376 ἢ
2627 4309 2692 4376 τῇ
2713 4303 2937 4374 ἀληθείᾳ
2963 4301 3379 4372 προσχαίρουσιν
3405 4300 3615 4352 ἀποκα-

2045 4400 2237 4454 λύπτει
2265 4399 2324 4453 τὸ
2354 4398 2593 4467 Πνεῦμα,
2616 4397 2738 4450 ἐπεὶ
2767 4395 2903 4466 μήτε
2937 4395 3016 4456 είς
3040 4391 3362 4461 κακότεχνον
3379 4389 3618 4460 εἰσέρχει-

2046 4509 2138 4544 ται
2159 4491 2356 4561 ψυχὴν,
2386 4491 2524 4558 μήτε
2553 4488 2658 4558 μὴν
2688 4487 2862 4550 ἄλλως
2885 4483 3161 4539 κυλίεσθαι
3185 4481 3336 4553 παρὰ
3363 4482 3475 4544 τοῖς
3508 4479 3618 4532 ὑῶν

2050 4585 2177 4639 ποσὶ
2224 4583 2352 4646 τοὺς
2393 4582 2608 4651 τιμίους
2653 4579 2838 4650 ἐφίησι
2906 4577 3284 4650 μαργαρίτας·
3319 4574 3514 4644 ἥδιστα
3559 4570 3616 4622 δὲ

2048 4677 2169 4730 λίαν
2194 4676 2312 4737 ταῖς
2342 4672 2737 4742 ἁπλουστέραις
2767 4670 3026 4733 διανοίαις
3054 4667 3392 4739 προσομιλεῖ,
3429 4664 3524 4717 ἆτε
3552 4662 3616 4731 δὴ

2051 4768 2143 4820 καὶ
2172 4764 2638 4836 άπανουργότερον
2654 4760 2901 4832 ἐχούσαις
2927 4759 2987 4814 τὺ
3005 4759 3232 4828 κίνημα,
3265 4754 3439 4808 καὶτὸ
3469 4752 3613 4822 σοφί‹

2051 4858 2238 4923 ζεσθαι
2279 4856 2508 4926 περιττὰ
2548 4852 3028 4926 παραιτουμὲναις,
3071 4843 3114 4917 ᾧ
3152 4849 3216 4919 δὴ
3270 4847 3487 4908 πάντως
3523 4844 3608 4900 καί

2050 4948 2111 5000 τὸ
2153 4945 2549 5016 ἐκπλήττεσθαι
2599 4943 2914 5014 συμϐαίνειν
2947 4939 3248 5003 ἀκολουθεῖ,
3278 4938 3372 4990 καὶ
3427 4938 3492 4988 ἐκ
3523 4927 3614 4989 rei.

2052 5037 2170 5089 λίαν
2194 5037 2271 5098 είς
2298 5021 2468 5098 δεξιὸν
2492 5032 2590 5102 τῆς
2617 5031 2827 5094 εὐθείας
2853 5030 2944 5082 καὶ
2966 5027 3244 5098 βασιλικῆς
3267 5024 3370 5087 ἔξω
3401 5023 3619 5074 πίπτειν

2052 5126 2192 5180 ὀδοῦ·
2237 5144 2255 5178 ‹
2284 5123 2579 5197 Πορεύεται-
2605 5123 2714 5192 γὰρ
2762 5117 3051 5183 πεποιθὼς,
3082 5115 3140 5178 ὃς
3172 5113 3358 5175 ἁπλῶς
3391 5111 3617 5181 πορεύε-

2050 5235 2160 5281 ται,
2200 5235 2219 5269 ι
2262 5215 2403 5270 κατὰ
2427 5217 2525 5285 τὴν
2550 5214 2643 5266 τοῦ
2673 5211 3012 5280 Σολομῶντος
3053 5207 3266 5276 φωνήν·
3304 5201 3618 5274 θαυμαστὴν

2050 5309 2106 5363 δὲ
2135 5309 2255 5362 λίαν
2278 5309 2510 5379 ἐχόντων
2536 5304 2644 5357 τῶν
2679 5301 2847 5369 ἁγίων
2895 5296 3292 5366 εὐαγγελιστῶν
3315 5294 3414 5365 τὴν
3459 5294 3516 5345 ἐν
3542 5290 3619 5362 τῷ

2051 5402 2282 5473 γράφειν
2328 5394 2638 5468 ἀκρίϐειαν(
2672 5411 2691 5444 ι
2726 5391 2800 5444 Οὐ
2826 5389 2931 5458 γὰρ
2981 5387 3133 5440 αὐτοὶ
3163 5384 3403 5450 λαλοῦσι,
3436 5403 3454 5435 ι
3477 5381 3619 5436 κατὰ

2053 5495 2151 5565 τὴν
2177 5493 2272 5546 τοῦ
2303 5493 2552 5561 Σωτῆρος
2578 5484 2778 5557 φωνὴν,
2811 5501 2828 5536 ι
2861 5481 2993 5535 ἀλλὰ
3021 5479 3082 5532 τὸ
3121 5479 3343 5548 Πνεῦμα
3376 5475 3471 5529 τοῦ
3505 5475 3618 5526 Πα-

2054 5588 2178 5657 τρὺς
2201 5585 2261 5638 τὸ
2299 5586 2355 5640 ἐν
2380 5585 2563 5645 αὐτοῖς
2598 5583 2666 5649 ι),
2696 5577 2910 5639 πάντως
2927 5573 3160 5640 εὐλόγως
3195 5572 3449 5624 ἐπέκεινα
3469 5565 3616 5657 θαῦ-

2060 5656 2227 5750 ματος
2254 5675 2352 5747 τὴν
2392 5673 2639 5730 Ἰωάννου
2657 5666 2983 5740 Συγγραφὴν
3008 5661 3378 5719 ἀνατεθεῖσθαι
3399 5656 3514 5727 δοίη
3533 5671 3618 5717 τις
