4092 6274
368 439 440 492 25
1374 448 1433 503 S.
1476 448 1748 505 CYRILLI
1779 451 2251 510 ALEXANDRINI
2291 453 2614 519 ARClllEP.
3560 455 3638 510 ΕΗ

366 565 528 623 quem
553 553 788 620 lusistis,
822 566 875 611 et
894 572 1062 629 super
1083 575 1244 631 quem
1267 564 1566 633 aperuistis
1589 581 1651 622 os
1677 575 1943 633 vestrum,

2051 570 2280 641 κλῆσθαι
2306 571 2442 641 πρὸς
2471 569 2705 641 ὕπαρξιν
2735 569 2965 647 ἀμαθῶς
2996 586 3053 624 τε
3078 572 3170 624 καὶ
3191 569 3404 635 ἀσεϐῶς
3434 571 3639 643 διισχυ-

365 651 420 699 et
461 658 626 714 super
654 662 814 717 quem
850 648 1078 707 laxastis
1104 652 1341 723 linguam
1370 664 1613 711 vestram
1649 659 1732 711 ’1?
1767 678 1785 711 ι
1826 675 1944 730 quae

2053 661 2313 733 ρίξονται,
2364 663 2453 715 ὅτε
2510 662 2602 714 καὶ
2633 660 2918 733 ἄνθρωπος
2957 662 3047 715 διὰ
3094 662 3194 732 τῆς
3230 663 3393 731 ἁγίας
3443 664 3635 735 ἐτέχθη

366 752 478 791 non
510 753 577 792 ex
610 740 778 795 corde
806 741 952 797 bono
982 744 1199 800 scilicet
1240 747 1457 815 profert
1492 750 1656 813 bona,
1692 750 1796 805 sed'
1817 767 1944 806 cru-

2054 753 2350 825 Παρθένου,
2384 753 2478 807 καὶ
2506 753 2567 806 τὸ
2605 753 2783 806 κοινὸν
2830 753 2895 824 δὴ
2924 754 3083 806 τοῦτο
3123 755 3308 823 σχῆμα
3331 753 3513 807 λαϐὼν
3542 756 3638 807 ἐπὶ

366 828 504 883 delis
533 833 802 900 serpentis
832 850 1102 892 venenum
1138 840 1379 908 exspuit,
1413 841 1480 898 de
1507 857 1619 913 quo
1658 842 1944 898 Psalmista

2054 844 2156 913 γῆς
2202 842 2379 913 ὤφθη,
2428 843 2569 896 καθά
2610 842 2940 913 γέγραπται,
2982 860 3000 894 ι
3030 843 3139 895 Καὶ
3171 847 3282 904 τοῖς
3329 843 3639 913 ἀνθρώποις

367 919 434 973 ad
464 936 633 975 unum
664 925 907 982 universi
941 927 1109 984 Deum
1138 931 1443 988 orationem
1475 944 1805 993 convertens
1834 937 1944 1002 ait:

2062 936 2506 1007 συνανεστράφη;
2534 954 2551 986 ι
2586 933 2711 998 Τοῖς
2732 934 2830 1005 μὲν
2858 930 2951 987 οὖν
2979 935 3106 1006 τῇδε
3132 934 3515 1004 διακειμένοις,
3543 936 3643 989 καὶ

371 1028 388 1058 ι
421 1009 503 1065 Tu
537 1014 855 1088 confregisti
886 1022 1067 1091 capita
1091 1023 1351 1082 draconis
1378 1029 1445 1080 ²¹·.
1475 1045 1494 1079 ι

2058 1028 2157 1099 τὴν
2189 1026 2426 1099 άρῤητόν
2480 1043 2538 1080 τε
2589 1027 2683 1080 καὶ
2721 1025 3049 1097 προαιώνιον
3081 1026 3175 1081 τοῦ
3216 1026 3347 1080 Υίοῦ
3382 1026 3636 1110 γέννησιν

368 1108 773 1182 συκοφαντῆσαι
803 1112 1160 1185 τολμήσασιν,
1208 1117 1237 1169 ὁ
1277 1120 1612 1190 προφητικὺς
1642 1122 1970 1193 ἐπισκήπτει
2009 1121 2186 1190 λόγος,
2236 1120 2375 1190 ἔχων
2409 1119 2505 1173 ώδί
2533 1136 2544 1149 ·
2581 1138 2599 1171 ι
2647 1119 2834 1190 ’Υμεϊς
2867 1119 2924 1173 δὲ
2962 1119 3341 1190 προσαγάγετε
3373 1108 3641 1187 (vegetat

366 1194 580 1269 ἄνομος,
612 1201 834 1273 σπέρμα
866 1205 1068 1275 μοιχῶν
1103 1207 1197 1260 καὶ
1229 1208 1436 1279 πόρνης
1461 1226 1475 1241 ο
1523 1213 1584 1274 ἐν
1615 1212 1722 1265 τίνι
1742 1215 2167 1283 ἐνετρυφήσατε,
2204 1212 2297 1265 καὶ
2349 1213 2442 1264 ἐπὶ
2516 1211 2638 1265 τίνα
2683 1210 2935 1281 ὴνοίξατε
2965 1211 3026 1263 τὸ
3061 1210 3236 1280 στόμα
3302 1210 3481 1281 ὑμῶν,
3541 1208 3637 1263 καὶ

366 1289 462 1340 ἐπὶ
512 1290 631 1344 τίνα
686 1292 985 1363 ἐχαλάσατε
1031 1296 1131 1368 τὴν
1176 1298 1426 1367 γλῶσσαν
1463 1302 1651 1372 om;
1693 1323 1712 1356 ι
1773 1305 1872 1359 οὐκ
1920 1305 1979 1370 ἐξ
2017 1305 2224 1374 ἀγαθῆς
2279 1304 2523 1374 δηλονότι
2577 1304 2804 1376 καρδίας
2837 1302 3202 1357 ἐκϐάλλουσαν
3232 1302 3433 1371 ἀγαθὰ,
3500 1301 3641 1357 ἀλλὰ

365 1379 460 1431 τὸν
507 1380 601 1433 τοῦ
665 1383 949 1452 μιαιφόνου
974 1386 1267 1456 δράκοντος
1301 1390 1377 1444 ίδν
1419 1391 1820 1467 ἀναπτύουσαν,
1872 1393 1999 1465 περὶ
2035 1389 2096 1449 οὗ
2127 1411 2292 1466 φησιν
2326 1396 2354 1447 ὁ
2381 1394 2634 1465 Μελῳδδς
2662 1394 2738 1459 ὡς
2771 1394 2910 1465 πρὸς
2941 1394 3032 1448 τὸν
3062 1392 3155 1448 ἕνα
3196 1393 3289 1448 καὶ
3338 1393 3434 1447 ἐπὶ
3497 1392 3637 1448 πάν·-

369 1485 476 1523 των
494 1471 627 1524 Θεόν
653 1488 668 1502 ο
702 1491 721 1524 ι
790 1475 862 1528 Σὺ
918 1478 1249 1548 συνέτριψας
1275 1482 1376 1545 τὰς
1428 1484 1670 1553 κεφαλὰς
1697 1485 1791 1538 τοῦ
1820 1485 2134 1556 δράκοντος.
2178 1506 2201 1538 ι

1042 1573 1271 1630 CAPLL

476 1657 630 1724 Quod
654 1669 882 1717 wternus
916 1666 986 1718 sit
1027 1674 1077 1719 et
1113 1677 1237 1721 ante
1266 1669 1463 1723 saecula
1499 1669 1834 1742 Unigenitus.

436 1750 574 1805 Cum
620 1762 801 1809 autem
857 1771 965 1812 non
1014 1773 1207 1827 parum
1240 1760 1295 1813 in
1334 1758 1420 1815 his
1453 1760 1697 1816 fidelium
1731 1772 1942 1820 mentes

2661 1582 2913 1636 ΚΕΦᾹΛ.
2950 1583 3032 1635 Αν.

2054 1673 2185 1726 ὀτι
2232 1673 2423 1739 ἀΐδιος
2479 1674 2577 1727 καὶ
2620 1672 2734 1741 πρὸ
2772 1672 2897 1726 τῶν
2929 1672 3160 1727 αἰώνων
3194 1676 3227 1727 ό
3262 1673 3637 1743 Μονογενής.

2137 1766 2356 1838 Ἐπειδὴ
2386 1766 2442 1819 δὲ
2484 1766 2546 1819 οὑ
2580 1766 2773 1836 μικρὸς
2816 1765 2946 1837 περὶ
2978 1765 3184 1818 τούτων
3224 1767 3282 1818 ἐν
3330 1767 3442 1827 τοῖς
3469 1782 3634 1817 πεπι-

364 1843 826 1909 turbarentur,et
868 1848 1263 1920 simpliciorum
1304 1853 1520 1907 animos
1555 1855 1731 1909 instar
1772 1856 1944 1926 pestis

2052 1860 2334 1914 στευκόσιν
2366 1862 2393 1913 ό
2425 1859 2653 1930 θόρυϐος
2687 1856 2755 1931 ῆν
2781 1898 2795 1923 ,
2825 1858 2919 1912 καὶ
2961 1856 3061 1922 τὰς
3108 1856 3218 1912 τῶν
3248 1857 3635 1928 ἁπλουστέρων

364 1933 623 1988 seandali
667 1936 784 1993 lues
826 1940 1217 2008 depasceretur
1264 1942 1557 2012 (putabant
1612 1947 1757 2000 enim
1807 1962 1945 2001 non-

364 2024 499 2079 nulli
532 2028 693 2098 nugis
721 2028 939 2085 illorum
981 2048 1011 2088 a
1042 2049 1169 2090 vera
1200 2033 1453 2099 doctrina
1481 2036 1727 2101 abducti,
1767 2038 1823 2093 in
1855 2054 1944 2095 re-

364 2131 485 2170 rum
521 2128 777 2175 naturam
797 2131 909 2177 tum
930 2124 1016 2179 vix
1050 2126 1323 2195 prodiisse
1345 2126 1607 2194 Verbum,
1633 2145 1757 2185 cum
1780 2132 1943 2185 homo

363 2208 541 2267 factus
579 2214 725 2283 est):
760 2216 852 2286 qui
899 2217 1042 2273 inter
1064 2234 1158 2274 eos
1186 2221 1455 2291 sapientia
1490 2224 1849 2292 praestabant,
1886 2224 1940 2278 in

359 2318 528 2357 unum
552 2307 890 2378 congregati,
921 2309 1024 2380 10
1049 2322 1319 2367 venerunt
1348 2313 1415 2368 ad
1442 2312 1746 2372 Salvatoris
1767 2316 1966 2372 disci-'

359 2396 777 2467 pulum,.ipsum
811 2414 1006 2470 nempe
1035 2400 1325 2469 Joannem,
1349 2413 1403 2460 et
1426 2406 1679 2462 morbum
1710 2408 1804 2478 qui
1839 2408 1943 2462 fra-

358 2493 472 2542 tres
509 2488 789 2544 invaserat
834 2492 1181 2562 nuntiarunt,
1218 2503 1383 2566 atque
1415 2498 1801 2553 haereticorum
1840 2516 1940 2554 nu-

356 2593 454 2647 gas
501 2579 850 2647 detexerunt,
887 2591 942 2637 et
989 2585 1096 2640 sibi
1145 2586 1441 2643 confestim
1488 2589 1681 2645 adesse
1720 2590 1940 2659 spirita-

359 2669 504 2726 libus
555 2672 1013 2732 illustrationibus
1064 2686 1355 2749 rogarunt,
1389 2687 1443 2735 et
1485 2680 1600 2750 jam
1646 2681 1942 2737 diabolicis

357 2763 567 2820 retibus
606 2766 869 2825 involutis
898 2769 1195 2826 salutarem
1240 2787 1463 2827 manum
1506 2775 1806 2847 porrigere.
1836 2775 1939 2829 Eo-

357 2871 475 2909 rum
508 2857 680 2927 igitur
710 2860 803 2929 qui
848 2862 1125 2929 perierant
1155 2870 1209 2918 et
1258 2870 1441 2921 mente
1474 2869 1719 2937 corrupti
1752 2876 1933 2932 erant,

354 2945 545 3001 dolore
577 2953 758 3005 tactus
792 2949 1126 3020 discipulus,
1162 2954 1463 3009 absurdum
1509 2957 1638 3010 item
1680 2973 1800 3013 esse
1846 2973 1927 3011 ra-

357 3048 445 3093 tus
496 3039 701 3095 nullam
742 3049 1087 3117 posterorum
1139 3059 1330 3099 curam
1381 3047 1603 3111 habere,
1644 3048 1711 3100 ad
1771 3050 1938 3118 hujus

358 3127 485 3181 libri
535 3127 1006 3198 scriptionem-se
1057 3135 1332 3188 contulit:
1381 3142 1436 3189 et
1486 3152 1827 3206 quaecunque
1869 3138 1937 3192 ad

355 3218 766 3286 generationem
828 3221 1104 3277 carnalem
1164 3230 1219 3278 et
1285 3225 1588 3279 naturalem
1637 3227 1935 3295 pertinent,
1966 3264 2007 3321 ε

356 3306 580 3377 reliquit
627 3308 753 3364 aliis
799 3312 1154 3383 evangelistis
1206 3313 1372 3370 latius
1407 3316 1719 3371 enarranda
1747 3358 1762 3382 ,
1821 3318 1936 3387 ipse

355 3415 485 3455 vero
528 3400 725 3457 ardore
770 3404 1009 3474 quodam
1043 3405 1219 3460 animi
1255 3406 1309 3460 in
1358 3422 1550 3462 eorum
1579 3408 1679 3479 qui
1713 3409 1841 3464 talia
1878 3410 1935 3464 in

356 3494 593 3551 medium
617 3494 852 3555 aﬁrunt
882 3497 1242 3566 petulantiam
1272 3500 1571 3565 invehitur,
1602 3501 1827 3557 dicens:

2046 1948 2222 2019 ψυχὰς
2250 1948 2439 2018 λοιμοῦ
2465 1948 2619 2019 δίκην
2646 1949 2707 2001 τὸ
2733 1949 2797 2002 ἐκ
2825 1946 2916 2001 τοῦ
2943 1946 3238 2000 σκανδάλου
3268 1944 3633 1998 κατεϐόσκετο

2047 2038 2242 2109 βλάϐος
2291 2036 2481 2109 (ᾤοντο
2510 2038 2618 2109 γάρ
2644 2038 2814 2100 ὅντως
2845 2036 3011 2101 τινὲς,
3066 2037 3187 2098 ταῖς
3236 2038 3368 2105 παρ’
3407 2034 3637 2087 ἐκείνων
3682 2046 3687 2051 ‘

2046 2128 2336 2197 φλυαρίαις
2388 2129 2496 2180 τῶν
2553 2125 2769 2197 ἀληθῶν
2823 2124 3167 2195 ἐξελκόμενοι
3209 2125 3518 2196 δογμάτων,
3548 2126 3641 2187 είς-

2046 2221 2220 2292 ἀρχῆν
2248 2220 2342 2272 τοῦ
2364 2215 2503 2271 εῖναι
2534 2220 2651 2272 τότε
2684 2217 2837 2289 μόλις
2868 2216 3166 2288 κεκλῆσθαι
3194 2215 3285 2270 τὸν
3314 2217 3508 2285 Λόγον,
3538 2215 3635 2275 ὅτε

2044 2312 2264 2382 γέγονεν
2291 2310 2595 2383 ἄνθρωπος)
2624 2329 2637 2342 ·
2668 2308 3080 2380 συνενεχθέντες
3099 2350 3113 2376 ,
3150 2308 3243 2362 καὶ
3272 2306 3413 2361 κατὰ
3435 2306 3631 2361 ταυτὸν

2042 2400 2323 2470 γενόμενοι
2350 2439 2366 2464 ,
2415 2398 2524 2451 τῶν
2580 2399 2990 2452 πιστευσάντων
3020 2398 3178 2467 οἵπερ
3217 2393 3354 2469 ἦσαν
3384 2397 3631 2468 νουνεχέ-

2046 2510 2248 2563 στεροι,
2304 2491 2443 2563 πρὸς
2482 2492 2571 2547 τὸν
2617 2492 2711 2546 τοῦ
2741 2492 2995 2563 Σωτῆρος
3042 2493 3300 2562 ἀφίκοντο
3357 2490 3629 2562 μαθητὴν,

2043 2587 2205 2639 αὑτὸν
2240 2585 2298 2638 δὲ
2350 2586 2593 2657 δηλονότι
2622 2585 2714 2639 τὸν
2763 2586 3038 2657 Ἰωάννην,
3075 2584 3220 2655 φημὶ
3242 2623 3257 2648 ,
3290 2584 3386 2637 καὶ
3418 2582 3483 2653 δὴ
3533 2580 3631 2635 καὶ

2041 2676 2139 2747 τὴν
2170 2678 2282 2740 τοῖς
2312 2676 2563 2746 ἀδελφοῖς
2592 2675 2980 2747 ἐπισκήψασαν
3021 2671 3398 2745 ἐξήγγε).[).]ον
3450 2672 3626 2737 νόσον,

2041 2770 2141 2832 τάς
2184 2786 2244 2821 τε
2270 2766 2378 2823 τῶν
2413 2765 3032 2840 ἐτεροδιδασκαλούντων
3064 2764 3433 2832 ἐξεκάλυπτον
3465 2760 3629 2831 φλυα-

2046 2861 2164 2942 ρίας
2188 2900 2204 2924 ,
2235 2860 2514 2931 ἐπαμῦναί
2542 2878 2602 2912 τε
2630 2859 2848 2931 γοργῶς
2880 2858 3028 2928 σφίσι
3056 2875 3116 2910 τε
3153 2858 3339 2919 αὐτοῖς
3381 2853 3629 2924 παρεκὰ-

2040 2953 2164 3005 λονν
2190 2955 2310 3017 ταῖς
2341 2952 2428 3005 διὰ
2456 2951 2550 3004 τοῦ
2581 2950 2892 3019 πνεύματος
2921 2944 3468 3019 φωταγωγίαις,,καὶ
3513 2944 3628 3005 τοῖς

2042 3047 2143 3116 ἤδη
2178 3047 2667 3117 σεσαγηνευμένοις
2690 3084 2704 3109 ,
2741 3043 2874 3096 εἴσω
2895 3059 2956 3095 τε
2988 3040 3219 3095 δικτύων
3244 3036 3491 3107 γεγονόσι
3509 3035 3627 3089 δια-

2042 3137 2291 3204 ϐολικῶν,
2351 3142 2511 3210 χεῖρα
2572 3136 2879 3209 προτείνειν
2924 3134 3210 3203 σωτήριον.
3278 3128 3631 3199 Ἐπαλγήσας

2040 3231 2220 3284 τοίνυν
2250 3233 2365 3293 τοῖς
2397 3229 2702 3283 ἀπολωλόσι
2752 3228 2846 3283 καὶ
2871 3227 2963 3281 τὸν
2994 3224 3119 3278 νοῦν
3154 3220 3630 3293 κατεφθαρμένοις

2042 3323 2070 3374 ὁ
2112 3322 2387 3393 μαθητὴς,
2421 3319 2559 3375 εἷναί
2604 3340 2664 3375 τε
2697 3320 2898 3392 ὁμοίως
2939 3317 3146 3389 οἰηθεὶς
3186 3313 3535 3370 ἀτοπώτατον
3568 3311 3629 3364 τὸ

2047 3413 2316 3484 μηδεμίαν
2357 3412 2464 3463 τῶν
2501 3410 2699 3479 ἐφεξῆς
2765 3409 2859 3461 καὶ⁸
2909 3408 3024 3476 μετ’
3058 3405 3300 3466 ἐκείνους
3351 3401 3629 3473 ἐσομένων

2053 3501 2382 3571 ποιήσασθαι
2432 3499 2688 3569 πρόνοιαν
2716 3538 2729 3562 ,
2770 3497 2862 3548 ἐπὶ
2909 3496 3011 3565 τὴν
3063 3494 3155 3546 τοῦ
3196 3492 3398 3563 βιϐλίου
3440 3491 3640 3562 τρέχει⁴

358 3589 710 3659 συγγραφήν·
736 3589 830 3643 καὶ
858 3588 926 3642 τά
965 3590 1085 3659 μὲν,
1118 3592 1326 3662 ὅσαπερ
1350 3588 1417 3661 ῆν
1452 3593 1939 3663 ἀνθρωπινώτερον
1977 3596 2171 3658 εἰπεῖν,
2204 3594 2546 3663 γενεαλογεῖν
2572 3592 2640 3644 τὰ
2678 3593 2808 3663 περὶ
2835 3593 2934 3661 τῆς
2962 3589 3103 3644 κατά
3161 3589 3340 3659 σάρκα
3396 3587 3629 3657 νομικῆς

354 3698 415 3734 τε
454 3682 549 3735 καὶ
599 3682 834 3751 φυσικῆς
865 3684 1173 3753 γεννήσεως
1200 3686 1311 3747 τοῖς
1355 3684 1562 3755 ἐτέροις
1626 3685 1937 3755 ἐξηγεῖσθαι
2004 3687 2339 3758 πλατύτερον
2381 3685 2804 3756 συγκεχώρηκεν
2830 3681 3273 3752 εὑαγγελισταῖς’
3303 3677 3521 3750 θερμῶς
3568 3676 3628 3731 δὲ

356 3777 476 3831 λίαν
500 3778 663 3841 αὐτὸς
687 3777 781 3831 καὶ
808 3776 1011 3849 σφόδρα
1034 3778 1296 3844 νεανικῶς
1327 3782 1447 3844 ταῖς
1474 3770 1581 3834 τῶν
1610 3782 1794 3835 ἐκεῖνα.
1820 3784 2267 3855 παρεισαγόντων
2308 3783 2599 3854 φλυαρίαις
2625 3779 2926 3844 ἐνάλλεται,
2972 3777 3168 3849 λέγων·

514 3891 556 3954 I,
587 3890 639 3948 l.
677 3887 765 3944 IN
796 3888 1202 3949 PRINCIPIO
1235 3892 1425 3950 ERAT
1460 3895 1783 3955 VERBUM.

429 4004 571 4071 Quid
618 4005 687 4060 ad
734 4004 852 4061 haec
894 4006 1100 4073 dicitis,
1136 4008 1232 4078 qui
1286 4022 1490 4065 novum
1545 4012 1705 4068 nobis
1745 4026 1813 4067 ac
1848 4027 1939 4067 re-

358 4108 571 4153 centem
607 4098 868 4155 inducitis
893 4098 1108 4164 Filium,
1144 4108 1296 4157 utne
1318 4102 1543 4158 omnino
1573 4104 1794 4174 quidem
1826 4104 1940 4175 jam

362 4189 880 4260 ampliuscredatur
907 4191 1092 4248 Deus?
1130 4212 1149 4244 ι
1183 4192 1303 4249 Non
1333 4196 1479 4250 enim
1509 4197 1615 4252 erit
1637 4198 1690 4252 in
1726 4206 1777 4254 te
1799 4197 1943 4254 Deus

360 4294 576 4351 recens,
611 4303 629 4338 )
682 4285 762 4340 ait
814 4284 1102 4358 Scriptura
1134 4288 1201 4341 “.
1252 4288 1539 4355 Quomodo
1592 4299 1775 4346 autem
1830 4307 1943 4348 non

358 4376 467 4432 erit
499 4392 711 4443 recens,
764 4378 813 4434 si
860 4379 1178 4435 novissimis
1232 4388 1397 4436 natus
1435 4388 1522 4437 est
1566 4382 1944 4452 temporibus?

361 4470 647 4536 Quomodo
671 4486 805 4525 vero
835 4488 948 4527 non
974 4474 1237 4527 mentitus
1270 4474 1342 4527 sit
1374 4474 1442 4528 ad
1475 4472 1696 4529 Iudaeos
1726 4474 1939 4530 dicens:

369 4584 387 4613 ι
425 4565 597 4619 Arnen
628 4565 753 4619 dico
787 4565 966 4633 vobis,
996 4572 1290 4635 antequam
1319 4564 1599 4621 Abraham
1635 4567 1808 4635 fieret,
1839 4583 1943 4639 ego

2400 3898 2500 3952 EN
2535 3897 2737 3967 ΑΡΧῌ
2775 3892 2883 3947 HN
2929 3896 2972 3948 0
3012 3893 3278 3947 ΛΟΓΟΣ.

2113 4015 2177 4068 Τί
2218 4013 2354 4085 πρὸς
2381 4011 2537 4065 τοῦτό
2572 4027 2731 4079 φατε,
2772 4010 2822 4063 οἱ
2872 4008 2990 4062 νέον
3024 4008 3158 4077 ἡμῖν
3186 4005 3281 4060 καὶ
3314 4004 3629 4075 πρόσφατον

2040 4107 2388 4177 εἰσφέροντες
2428 4104 2517 4157 τὸν
2547 4102 2676 4156 Υίδν
2697 4141 2712 4168 ,
2753 4101 2841 4154 ἵνα
2895 4099 3033 4172 μηδέ
3062 4098 3198 4161 ὅλως
3230 4097 3495 4168 ὑπάρχειν
3545 4097 3628 4151 ἔτι

2045 4200 2368 4270 πιστεύηται
2395 4196 2564 4262 Θεός;
2602 4215 2620 4248 ι
2657 4196 2732 4249 Οὐ
2772 4194 2882 4264 γὰρ
2926 4193 3101 4259 ἔσται,
3130 4211 3148 4243 ι
3188 4191 3374 4262 φησὶν,
3406 4208 3425 4243 ι
3454 4191 3511 4243 ἐν
3544 4190 3628 4243 σοὶ

2045 4292 2179 4356 Θεὸς
2211 4291 2522 4363 πρόσφατος
2547 4329 2561 4353 ,
2591 4307 2609 4341 ι
2646 4289 2680 4358 ἡ
2710 4286 2830 4340 θεία
2855 4286 3071 4358 Γραφή.
3103 4284 3228 4348 Πῶς
3254 4280 3347 4338 οῦν
3377 4284 3438 4337 οὐ
3467 4281 3629 4354 πρόσε-

2052 4402 2248 4456 φατος,
2277 4385 2326 4437 εἱ
2355 4386 2413 4437 ἐν
2443 4381 2689 4452 ὑστέροις
2711 4378 2974 4449 ἐγεννήθη
2992 4379 3261 4448 .καιροῖς;
3293 4374 3417 4437 Πῶς
3448 4375 3505 4427 δὲ
3528 4375 3638 4427 οὐκ.

2050 4478 2302 4548 ἐψεύδετο
2356 4474 2530 4542 λέγων
2587 4471 2724 4542 πρὸς
2784 4468 3074 4530 Ἰουδαίους
3104 4483 3119 4497 ·
3178 4485 3198 4519 ι
3259 4465 3430 4537 Ἀμὴν
3484 4464 3628 4532 λέγω

2050 4573 2199 4642 ὑμῖν,
2232 4569 2359 4639 πρὶν
2406 4564 2659 4637 Ἀϐραὰμ
2684 4559 2960 4630 γενέσθαι,
2982 4558 3093 4628 ἐγώ
3122 4560 3238 4629 είμι
3258 4578 3273 4590 ·
3305 4575 3323 4609 ι
3362 4555 3628 4627 πρόδηλον

364 4672 489 4709 sum
517 4656 605 4709 “?
629 4675 648 4708 ι
686 4655 970 4713 Neminem
1008 4655 1163 4711 enim-
1180 4655 1321 4728 fugit
1342 4657 1531 4713 multis
1558 4668 1682 4729 post
1721 4661 1939 4715 beatum

2049 4664 2159 4736 γάρ
2197 4663 2369 4733 δήπου
2417 4660 2511 4713 καὶ
2562 4659 2730 4711 πᾶσιν
2772 4653 3237 4725 ὁμολογούμενον,
3274 4650 3350 4713 ὡς
3414 4647 3629 4710 πολλοῖς

363 4749 639 4804 Abraham
687 4749 906 4804 smcutis
937 4748 1215 4804 Christum
1248 4724 1331 4805 ‘ex
1376 4724 1575 4805 sancta
1595 4751 1817 4823 Virgine
1849 4767 1941 4823 ge-

2050 4724 2276 4828 ὑστερον
2305 4756 2518 4825 χρόνοις
2570 4750 2708 4822 μετά
2734 4724 2825 4803 τὸν
2876 4748 3146 4819 μακάριον
3189 4742 3439 4814 Ἀϐραὰμ
3476 4742 3629 4811 ἐγεν-

368 4843 564 4897 nitum.
592 4840 879 4909 Quomodo
901 4840 1137 4911 denlque
1153 4841 1342 4907 illud,r
1370 4842 1428 4896 In
1448 4843 1724 4915 principio
1740 4851 1884 4907 erat,
1915 4862 1935 4897 ι

366 4934 608 4989 manebit
644 4933 937 4998 incolume,
977 4940 1033 4989 et
1079 4940 1230 4989 recte
1279 4935 1613 5003 quadrabit,
1661 4936 1711 4991 si
1750 4936 1804 4990 in
1835 4935 1943 4990 ﬁne

366 5028 693 5083 saeculorum
721 5033 883 5081 natus
909 5033 995 5081 est
1023 5024 1394 5096 Unigenitus?
1422 5027 1557 5082 Vide
1581 5029 1728 5083 enim
1763 5029 1849 5083 vel
1876 5044 1941 5084 ex

369 5123 435 5178 iis
460 5136 582 5192 qua:
606 5127 930 5189 sequuntur,
948 5124 1168 5190 quantae
1200 5120 1272 5174 sit
1294 5120 1660 5176 absurditatis
1685 5127 1946 5175 aeternam

366 5214 491 5270 Filii
529 5213 916 5270 exsistentiam
952 5213 1231 5277 mutilare,
1273 5221 1329 5268 et
1367 5212 1690 5269 novissimis
1733 5220 1949 5281 tempo-

368 5310 523 5365 ribus
564 5309 743 5380 ipsum
787 5315 972 5362 natum
1026 5306 1327 5377 suspicari.
1359 5305 1500 5360 Illud
1530 5320 1662 5360 vero
1693 5305 1950 5361 subtilius

368 5418 565 5458 rursus
595 5400 983 5472 evplicandum
1018 5400 1175 5455 nobis
1208 5401 1356 5455 venit
1386 5397 1535 5469 quod
1584 5398 1724 5453 dixit
1754 5398 1950 5454 beatus

368 5496 700 5563 evangelista
733 5511 745 5547 :

761 5585 825 5640 In
856 5584 1119 5656 principio
1151 5592 1267 5637 erat
1310 5582 1558 5637 Verbum.

439 5679 723 5750 Principio
752 5680 890 5734 nihil
920 5689 1005 5736 est
1042 5677 1349 5748 antiquius,
1392 5678 1438 5732 si
1469 5675 1727 5747 principii
1760 5675 1952 5731 deﬁni-

371 5776 574 5828 tionem
623 5773 676 5827 in
727 5788 787 5827 se
827 5772 1086 5828 retineat.
1140 5770 1484 5841 Principium
1514 5770 1661 5826 enim
1690 5767 1948 5840 principii

2051 4851 2191 4923 νήθη
2217 4846 2453 4919 Χριστὸς
2487 4844 2577 4897 διά
2620 4843 2718 4913 τῆς
2742 4841 2903 4909 ἁγίας
2926 4837 3225 4910 Παρθένου.
3252 4834 3361 4890 Ποῦ
3391 4835 3448 4888 δὲ
3491 4834 3630 4896 ὅλως

2045 4943 2125 5007 τὸ,
2164 4960 2182 4992 ι
2207 4941 2303 4992 Ἐν
2337 4940 2479 5008 ἀρχῇ
2509 4931 2599 5007 ἦν,
2629 4953 2646 4986 ι
2668 4932 2973 5003 σωθήσεται
3007 4930 3103 4984 καὶ
3148 4930 3390 5000 χωρήσει
3414 4924 3627 4989 καλῶς,

2053 5033 2211 5103 εἴπερ
2249 5028 2344 5080 ἐπὶ
2373 5027 2515 5081 τέλει
2566 5026 2674 5079 τῶν
2701 5024 2911 5078 αἰώνων
2947 5022 3169 5089 γέγονεν
3214 5020 3244 5071 ὁ
3274 5019 3583 5087 Μονογενής
3610 5032 3624 5077 ;

2050 5123 2193 5192 Ὅρα
2221 5119 2331 5190 γάρ
2377 5134 2466 5188 μοι
2515 5117 2610 5171 καὶ
2645 5116 2733 5169 διά
2782 5115 2892 5167 τῶν
2922 5112 3148 5182 ἐφεξῆς,
3183 5111 3315 5180 ὅσην
3370 5108 3484 5179 ἔχει
3527 5106 3628 5180 τὴν

2045 5211 2276 5267 ἀτοπίαν
2309 5211 2368 5263 τὸ
2406 5207 2660 5262 κολοϐοῦν
2715 5204 2810 5259 τοῦ
2858 5202 2991 5256 Υἱοῦ
3028 5202 3128 5273 τὴν
3169 5202 3336 5255 ἀΐδιον
3368 5197 3623 5269 ὕπαρξιν,

2048 5302 2141 5354 καὶ
2196 5303 2254 5352 ἐν
2288 5298 2532 5370 ὑστέροις
2582 5295 2746 5349 αὑτὸν
2792 5293 3048 5364 γενέσθαι
3088 5292 3302 5363 χρόνοις
3350 5291 3620 5344 ὑπονοεῖν.

2048 5395 2191 5449 Αὐτὸ
2234 5395 2290 5448 δὲ
2324 5393 2389 5466 δὴ
2431 5393 2593 5447 πάλιν
2639 5393 2770 5461 ἡμῖν
2813 5391 2891 5452 εἰς
2925 5387 3252 5458 λεπτοτέραν
3298 5384 3628 5457 παρακείσε-

2049 5507 2137 5543 ται
2182 5489 2432 5559 βάσανον,
2468 5488 2605 5557 ὅπερ
2640 5484 2744 5553 ἐφη
2777 5484 2805 5536 ό
2835 5480 3103 5552 μακάριος
3134 5477 3553 5547 εὑαγγελιστὴςο

2484 5579 2587 5630 Ἐν
2623 5574 2781 5644 ἀρχῇ
2808 5570 2887 5645 ἦν
2914 5576 2960 5627 ὁ
2990 5573 3199 5640 Λόγος.

2121 5672 2233 5742 ἰ’-ῆς
2256 5670 2432 5742 ἀρχῆς
2462 5668 2613 5721 οὐδέν
2644 5669 2759 5719 ἐστι
2792 5666 2853 5718 τὸ
2889 5663 3284 5735 πρεσϐύτατον,
3327 5663 3484 5732 εἴπερ
3514 5660 3627 5731 ἔχοι

2059 5764 2364 5834 σωζόμενον
2416 5761 2500 5828 ἐφ’
2557 5759 2723 5828 ἑαυτῇ
2764 5756 2853 5811 τὸν
2898 5757 2995 5827 τῆς
3051 5754 3226 5826 ἀρχῆς
3270 5754 3410 5825 ὅρον.
3458 5751 3625 5827 Ἀρχὴ

479 5914 522 5946 ’⁸
560 5914 657 5970 lsa.
694 5928 824 5983 un,
860 5915 911 5980 75,
954 5915 1005 5970 ι.
1091 5913 1302 5973 ²²Ρεει1.
1332 5929 1524 5974 Lxxm.
1573 5914 1656 5972 ll.
1732 5912 1938 5969 “Psal.
1979 5926 2121 5966 Lxxx
2180 5908 2259 5965 10.
2341 5908 2385 5939 “
2434 5901 2840 5967 loan.v1n,58.
