4092 6274
403 424 475 484 25
788 429 812 452 θ
917 416 929 426 '
1422 429 1491 485 tN
1519 430 1806 488 JOANNIS
1840 431 2292 492 EVANGELlUM
2340 414 2468 489 Lis.
2508 432 2552 489 ι.
3583 433 3655 490 eo

403 543 515 616 γὰρ
550 533 738 614 ἀρχῆς
761 541 859 595 οὑκ
904 540 969 596 ἂν
1010 542 1094 614 εἴη
1144 543 1296 609 ποτὲ,
1358 547 1391 618 ἢ
1424 547 1642 613 πάντως
1678 549 1974 621 ἐκϐήσεται

2080 563 2345 619 nusquam
2392 547 2592 603 fuerit:
2629 551 2723 600 aut
2752 543 2799 600 si
2841 528 3281 616 quiddamaliud
3310 552 3435 599 ante
3466 545 3650 617 ipsum

408 639 463 691 τὸ
492 633 633 690 εἶναι
652 637 792 691 κατὰ
823 635 1075 706 ἀλήθειαν
1108 632 1272 710 ἀρχῆ,
1305 642 1802 713 προεπινοουμένου
1830 643 1972 707 τινὸς

404 727 593 799 ἐτέρου
636 726 731 781 καὶ
761 729 1182 798 προανίσχοντος
1227 731 1435 802 αὐτῆς·
1492 734 1668 799 ἄλλως
1716 752 1776 788 τε
1811 739 1857 790 εὶ
1888 738 1974 790 ὲν-

404 816 619 888 δέχεταί
645 834 696 870 τι
720 818 1093 889 προῦπάρχειν
1123 821 1224 890 τῆς
1247 821 1417 887 ὅντως
1446 824 1620 895 ἀρχῆς
1641 864 1656 890 ,
1695 825 1782 879 ἐπ’
1821 827 1977 881 ἄπει-

407 925 499 978 ρον
527 909 655 978 ήμῖν
681 911 710 961 6
739 909 866 979 περὶ
887 910 1058 982 αὐτῆς
1086 913 1362 984 οἰχήσεται
1389 913 1573 983 λόγος,
1603 915 1690 970 ἀεὶ
1731 934 1974 988 προανα-

404 998 694 1070 τελλούσης
717 1000 948 1072 ἑτέρας,
998 1003 1093 1057 κα)⁸
1144 998 1402 1075 δευτέραν
1442 1005 1848 1077 ἁποφαινούσης
1876 1008 1976 1078 τὴν

402 1091 489 1159 ἐφ’
519 1084 663 1164 ᾖπερ
690 1091 755 1145 ἂν
791 1093 828 1162 ἡ
862 1093 991 1163 παρ’
1029 1091 1188 1163 ήμῶν
1226 1094 1438 1162 γένοιτο
1470 1093 1717 1165 ζήτησις.
1766 1097 1981 1151 Οὑκοῦν

406 1183 547 1253 ἀρχὴ
573 1182 672 1254 μὲν
699 1183 877 1255 ἀρχῆς
904 1184 1005 1237 οὑκ
1033 1184 1211 1251 ἔσται,
1238 1185 1381 1239 κατὰ
1423 1186 1517 1241 τὸν
1561 1187 1765 1259 ἀκριϐῆ
1795 1205 1855 1241 τε
1884 1189 1976 1242 καὶ

404 1272 580 1342 ἀληθῆ
630 1273 928 1343 λογισμὸν,
994 1274 1110 1328 ἀλλ’
1151 1277 1232 1338 εἰς
1279 1277 1558 1347 ἀμήρυτον
1626 1279 1808 1349 μέντοι
1880 1278 1976 1333 καὶ

406 1364 787 1445 ἀκατάληπτον
820 1367 851 1419 6
888 1367 1017 1447 napi
1040 1368 1211 1437 αὑτῆς
1247 1369 1588 1441 ἀποδημήσει
1612 1371 1790 1440 λόγος.
1812 1372 1977 1436 Τέλος

339 1457 345 1461 ’
405 1456 462 1510 δὲ
491 1458 592 1510 οὑκ
623 1458 854 1531 ἐχούσης
879 1460 979 1529 τῆς
1003 1459 1091 1513 ἀεὶ
1125 1460 1261 1547 πρὸς
1299 1462 1360 1514 τὸ
1392 1462 1585 1517 ἁνόπιν
1616 1464 1796 1535 φυγῆς
1819 1502 1835 1528 ,
1881 1463 1977 1516 καὶ

406 1548 466 1601 τὸ
494 1548 601 1602 τῶν
639 1548 850 1603 αἰώνων
882 1551 1257 1622 ἀναφοιτὼσης
1297 1553 1532 1624 μέτρον,
1559 1554 1659 1608 οὑκ
1702 1555 1762 1607 ὲν
1800 1553 1978 1624 χρόνῳ

408 1636 647 1707 γεγονὼς
691 1642 720 1693 6
752 1640 881 1703 Υἱὸς
903 1679 921 1705 ,
969 1641 1153 1705 ἀϊδίως
1196 1642 1252 1695 δὲ
1302 1643 1500 1713 μᾶλλον
1546 1643 1805 1713 ὑπάρχων
1841 1643 1980 1714 μετὰ

410 1728 624 1799 Πατρδς
654 1730 1028 1800 εὑρεθήσεται.
1059 1728 1168 1785 Ἦν
1204 1734 1314 1804 γὰρ
1340 1735 1397 1787 ὲν
1442 1734 1607 1805 ἀρχῇ.
1640 1735 1704 1787 Εἰ
1734 1734 1790 1786 δὲ
1820 1730 1888 1803 ἦν
1923 1735 1979 1786 ὲν

411 1819 552 1891 ἀρχῇ
579 1859 596 1882 ,
628 1823 813 1884 ποῖος,
844 1821 965 1874 εἰπέ
997 1839 1109 1892 μοι,
1138 1822 1421 1893 δυνήσεται
1460 1824 1581 1887 νοῦς
1623 1824 1722 1895 τὴν
1761 1823 1852 1877 τοῦ
1902 1820 1981 1894 ἦν

2079 643 2419 713 intelligatur
2458 641 2765 706 oriaturve,
2818 654 2948 695 vere
3004 637 3341 710 principium
3387 654 3506 697 esse
3554 640 3651 695 de-

2080 734 2243 789 sinet.
2285 733 2525 804 Alioqui,
2557 733 2602 787 si
2632 732 2749 789 ﬁeri
2776 737 2961 802 potest
2992 739 3054 786 ut
3095 731 3303 802 aliquid
3345 741 3472 787 ante
3514 731 3651 786 illud

2079 825 2227 895 quod
2276 838 2407 880 vere
2457 822 2787 893 principium
2826 830 2913 878 est
2962 822 3215 890 exsistat,
3268 823 3324 877 in
3371 822 3652 878 inﬁnitum

2080 923 2273 972 nostra
2306 914 2374 971 de
2402 914 2497 968 illo
2529 912 2742 969 abitura
2763 920 2847 969 est
2877 913 3081 979 oratio,
3118 914 3228 969 alio
3248 913 3402 984 prius
3432 929 3652 984 semper

2081 1006 2386 1072 exoriente,
2402 1014 2456 1063 et
2475 1011 2601 1078 post
2623 1020 2682 1062 se
2697 1003 2985 1074 rejiciente
3000 1006 3044 1074 1
3056 1005 3099 1075 1
3119 1004 3254 1060 illud
3274 1006 3418 1075 quod
3436 1021 3655 1076 quaere-

2082 1106 2195 1153 tur.
2238 1099 2426 1168 Itaque
2466 1097 2804 1168 principium
2833 1096 3054 1167 quidem
3096 1097 3353 1169 principii
3385 1112 3495 1154 non
3519 1098 3656 1168 erit,

2081 1190 2129 1247 si
2157 1203 2285 1246 vere
2338 1197 2393 1245 et
2429 1196 2624 1259 exacte
2669 1188 2989 1243 ratiocinari
3033 1189 3310 1257 volumus,
3350 1189 3444 1245 sed
3485 1189 3539 1244 in
3569 1189 3656 1245 in-

2083 1278 2296 1333 ﬁnitum
2334 1289 2390 1334 et
2428 1277 2984 1348 incomprehensibile
3029 1279 3295 1348 procedet
3324 1280 3378 1335 id
3410 1282 3555 1351 quod
3585 1282 3661 1338 de

2083 1369 2204 1440 ipso
2255 1370 2490 1426 dicetur.
2525 1370 2774 1441 Cumque
2807 1369 2914 1426 ﬁne
2969 1377 3157 1427 careat
3193 1372 3287 1426 illa
3332 1380 3482 1428 retro
3529 1379 3655 1427 acta

2082 1468 2348 1530 perpetuo
2385 1462 2694 1529 conversio,
2714 1468 2769 1518 et
2797 1463 2997 1519 saecula
3019 1471 3329 1533 percurrat,
3358 1479 3466 1518 non
3504 1464 3656 1519 exsi-

2084 1559 2231 1606 stere
2266 1552 2321 1605 in
2364 1559 2612 1623 tempore
2636 1550 2832 1620 Filius,
2864 1556 2961 1611 sed
2997 1555 3067 1610 ab
3099 1544 3305 1609 aeterno
3327 1555 3511 1625 potius
3536 1568 3662 1609 esse

2086 1658 2209 1699 cum
2254 1641 2417 1700 Patre
2470 1645 2862 1714 comperietur.
2900 1646 3028 1700 Erat
3075 1647 3222 1702 enim
3268 1649 3322 1702 in
3361 1647 3657 1717 principio.

2085 1731 2242 1798 Quod
2270 1732 2317 1787 si
2355 1743 2474 1789 erat
2517 1733 2572 1787 in
2605 1733 2903 1804 principio,
2942 1750 3064 1804 quae
3090 1752 3265 1801 mens,
3298 1737 3513 1801 amabo,
3553 1752 3656 1807 pu-

2087 1822 2215 1879 terit
2242 1823 2351 1877 vim
2397 1823 2547 1880 illius
2591 1824 2778 1891 verbi,
2821 1834 2957 1893 erat,
3004 1828 3379 1883 transvolare?
3425 1828 3664 1894 Quando

414 1909 883 1980 ὑπερανίπτασθαι
907 1911 1162 1983 δύναμιν;
1191 1914 1329 1966 Πότε
1354 1914 1411 1967 δὲ
1436 1915 1570 1978 ὅλως
1600 1914 1660 1968 τὸ
1687 1911 1768 1985 ἦν
1799 1914 1874 1978 ὡς
1923 1916 1977 1968 ὲν

2082 1916 2317 1985 denique
2355 1915 2511 1981 illud,
2556 1924 2691 1981 erat,
2726 1916 2877 1971 velut
2924 1918 2981 1972 in
3031 1906 3139 1974 ﬁne
3190 1920 3479 1987 consistet,
3527 1935 3659 1977 cum

412 2000 555 2057 τέλει
607 2002 895 2071 στήσεται,
941 2005 1347 2076 προανατρέχον
1404 2006 1492 2059 ἀεὶ.
1547 2004 1640 2058 τοῦ
1696 2004 1982 2070 διώκοντος

411 2090 672 2161 λογισμοῦ
699 2134 715 2159 ,
772 2095 866 2146 καὶ
910 2092 1013 2163 τῆς
1064 2096 1335 2167 ἑπομένης
1386 2096 1536 2168 αὐτῷ
1587 2097 1981 2169 προαναπηδῶν

408 2183 654 2251 ἐννοίας;
702 2184 824 2238 Ἐπὶ
868 2185 1044 2257 τούτῳ
1092 2187 1155 2258 δὴ
1213 2188 1323 2261 ἄρα
1381 2189 1905 2260 καταπεπληγμένος
1953 2192 1983 2243 6

408 2265 692 2345 προφήτῆς
727 2277 891 2346 φησὶν
912 2278 1207 2343 ”Ησαΐας’
1263 2300 1281 2332 ι
1317 2281 1429 2351 Τὴν
1474 2281 1665 2349 γενεὰν
1697 2280 1863 2335 αὑτοῦ
1897 2280 1981 2346 τίς

405 2366 755 2437 διηγήσεται;
786 2370 868 2424 δτι
892 2370 1106 2443 αἴρεται
1132 2373 1240 2426 ἀπὸ
1269 2373 1369 2443 τῆς
1399 2374 1502 2444 γῆς
1526 2376 1560 2442 ἡ
1584 2373 1697 2444 ζωὴ
1726 2372 1917 2427 αὑτοῦ.
1955 2392 1974 2423 ι

405 2451 627 2530 Λῖρεται
652 2457 762 2529 γὰρ
782 2459 949 2524 ὅντως
968 2462 1077 2515 ἀπὸ
1104 2462 1205 2533 τῆς
1224 2463 1328 2533 γῆς
1358 2464 1387 2515 6
1406 2481 1472 2516 πε
1479 2465 1534 2535 ρὶ
1554 2464 1654 2533 τῆς
1676 2464 1983 2533 γεννήσεως

406 2546 561 2616 λόγος
590 2548 685 2602 τοῦ
714 2552 1050 2621 Μονογενοῦς
1073 2594 1088 2618 ,
1120 2553 1265 2608 τοῦτ’
1286 2553 1452 2620 ἔστιν,
1482 2555 1621 2626 ὑπὲρ
1651 2555 1831 2610 πᾶσάν
1864 2558 1981 2621 ἐστι

406 2636 647 2692 διάνοιαν
676 2638 785 2693 τῶν
828 2640 995 2695 ὄντων
1045 2642 1140 2695 ἐπὶ
1176 2645 1274 2714 τῆς
1320 2645 1459 2714 γῆς,
1491 2644 1586 2698 καὶ
1631 2646 1770 2716 ὑπὲρ
1806 2645 1982 2699 πάντα

406 2729 561 2798 λόγον
582 2771 599 2797 ,
632 2730 708 2795 ὡς
735 2727 873 2787 εῖναι
901 2734 1088 2788 λοιπὸν
1111 2718 1441 2806 ἀνεξήγητον
1459 2752 1473 2766 ·
1506 2737 1555 2788 εἰ
1594 2736 1651 2789 δὲ
1685 2737 1827 2807 ὑπὲρ
1857 2738 1982 2792 νοῦν

408 2822 524 2875 ἐστι
566 2823 662 2875 καὶ
714 2823 903 2893 λόγους
930 2823 1059 2889 τοὺς
1090 2828 1151 2879 ὲν
1188 2829 1343 2897 ἡμῖν,
1380 2828 1495 2891 πῶς
1523 2827 1589 2882 ἂν
1622 2826 1707 2898 εἴη
1736 2829 1980 2898 γενητὸς,

407 2913 507 2966 οὑκ
531 2914 823 2986 ἀτονούσης
848 2915 949 2986 τῆς
975 2918 1201 2988 ἐνούσης
1228 2921 1362 2990 ἡμῖν
1397 2919 1658 2987 διανοίας,
1692 2920 1784 2974 καὶ
1806 2920 1984 2993 χρόνῳ

408 3005 502 3058 καὶ
525 3004 667 3077 λόγῳ
698 3007 1031 3080 περιορίζειν
1060 3009 1131 3062 τὰ
1158 3010 1363 3081 γενητὰ
1385 3028 1399 3077 ;
1962 3012 1969 3018 ’

421 3094 668 3163 Ἑτέρως
708 3099 793 3163 εὶς
826 3098 892 3153 τὸ
933 3099 1084 3222 αὐτὲ
1108 3102 1456 3224 θὲιέρητέον,
1493 3122 1512 3155 ‹
1561 3104 1667 3158 Ἐν
1706 3102 1867 3173 ἀρχῇ
1904 3099 1984 3175 ἦν

854 3206 857 3209 .
1216 3188 1339 3224 νος.
1370 3192 1388 3223 ι

854 3206 857 3209 -
1051 3188 1083 3222 o
1128 3188 1339 3240 Aoroc.
1370 3192 1388 3223 ι

2081 2014 2505 2079 prosequentem
2568 2008 2956 2078 cogitationem
3030 2024 3248 2080 semper
3311 2010 3652 2075 antecedat,

2083 2105 2432 2168 mentemque
2472 2099 2819 2168 prmeurrat?
2863 2097 3039 2166 Quam
3090 2092 3163 2155 ob
3213 2114 3331 2155 rem
3393 2100 3665 2157 attonitus

2085 2189 2357 2259 propheta
2390 2187 2562 2245 Isaias
2603 2189 2782 2260 inquit
2820 2207 2835 2245 :
2871 2207 2890 2240 ‹
2928 2188 3348 2246 Generationem
3383 2191 3507 2261 ejus
3532 2192 3660 2260 quis

2083 2278 2563 2346 enarrabit?Quia
2594 2281 2809 2336 tollitur
2834 2295 2865 2335 a
2894 2287 3042 2336 terra
3075 2285 3187 2335 vita
3218 2281 3340 2351 ejus
3366 2282 3435 2337 ⁸⁸.
3474 2301 3493 2335 ι
3532 2281 3661 2336 Τοι-

2083 2368 2216 2423 litur
2250 2368 2397 2423 enim
2431 2367 2681 2439 proiecto
2710 2383 2741 2422 a
2780 2376 2927 2424 terra
2963 2369 3339 2440 generationis
3378 2368 3660 2441 Unigeniti

2082 2459 2250 2525 ratio,
2281 2458 2383 2513 hoc
2412 2466 2517 2523 est,
2560 2459 2807 2514 omnium
2849 2460 3165 2515 mortalium
3209 2470 3446 2516 mentem
3497 2477 3663 2519 exce-

2083 2549 2185 2613 dit,
2214 2564 2546 2621 omnemque
2579 2552 2853 2606 rationem
2881 2558 3124 2621 superat,
3154 2551 3289 2608 adeo
3319 2560 3377 2607 ut
3408 2554 3661 2607 enarrari

2083 2648 2340 2712 nequeat.
2380 2641 2538 2708 Quod
2590 2641 2637 2698 si
2678 2650 2915 2701 mentem
2978 2650 3034 2698 et
3086 2644 3354 2699 rationem
3409 2650 3657 2698 nostram

2082 2734 2320 2799 excedit,
2362 2734 2642 2805 quomodo
2672 2742 2893 2791 creatus
2919 2736 3044 2805 erit,
3073 2750 3197 2791 cum
3239 2745 3295 2791 et
3329 2744 3573 2806 tempore
3601 2741 3663 2790 et

2084 2827 2299 2883 ratione
2334 2827 2795 2884 circumscribere
2838 2842 2929 2883 res
2972 2834 3191 2885 creatas
3212 2827 3440 2898 ingenii
3480 2826 3659 2883 nostri

2084 2917 2231 2973 vires
2264 2931 2377 2972 non
2411 2917 2683 2973 excedat?
3000 2904 3003 2905 ⁷
3372 2962 3456 3026 ,Ὠ

2276 3095 2401 3150 Alia
2431 3094 2746 3159 observatio,
2775 3096 2830 3149 in
2858 3095 3018 3161 illud,
3061 3113 3081 3148 ι
3114 3093 3182 3148 1η
3211 3092 3473 3163 principio
3497 3116 3510 3129 -

2646 3174 2763 3220 erat
2790 3165 3033 3221 Verbum.
3078 3183 3097 3215 ι

494 3236 692 3333 ’Ᾰρχὴν
741 3258 876 3324 ὅλως
916 3260 1014 3333 τὴν
1049 3264 1106 3315 ὲν
1153 3235 1330 3335 χρόνω
1376 3265 1672 3336 νοουμένην
1717 3266 1817 3319 οὐκ
1866 3264 1977 3319 ἐστι

2158 3257 2493 3327 Principium
2547 3257 2740 3328 utique
2779 3257 2914 3336 illud
2942 3256 3090 3327 quod
3126 3255 3181 3310 in
3218 3262 3468 3326 tempore
3504 3253 3666 3311 intel-

408 3344 588 3402 λαϐεῖν
644 3348 739 3402 ἐπὶ
796 3348 890 3402 τοῦ
941 3351 1297 3421 Μονογενοῦς.
1347 3355 1498 3408 Ἐπεὶ
1557 3354 1666 3425 γάρ
1722 3357 1838 3408 ἐστι
1877 3354 1984 3425 πρὸ

409 3437 601 3508 χρόνου
643 3433 893 3505 ’παντὸς,
938 3441 1033 3495 καὶ
1065 3443 1389 3514 πρωιὼνιον
1437 3444 1549 3516 ἔχει
1596 3445 1693 3516 τὴν
1728 3443 1982 3517 ὓπαρξιν,

409 3528 488 3582 ἔτι
542 3547 600 3583 τε
630 3531 766 3603 πρὸς
792 3532 1002 3597 τούτοις
1036 3535 1099 3588 τὸ
1143 3536 1471 3607 καταλήγειν
1499 3539 1579 3600 εἰς
1609 3536 1761 3607 τέλος
1793 3539 1826 3607 η
1863 3536 1984 3590 Θεία

408 3623 748 3690 παραιτεῖται
781 3623 940 3693 φύσις
989 3624 1121 3696 (ἔξει
1149 3626 1258 3697 γὰρ
1290 3627 1550 3691 ὡσαύτως
1584 3628 1671 3681 ἀεὶ
1691 3666 1706 3692 ,
1739 3626 1884 3681 κατὰ
1921 3626 1982 3679 τὸ

408 3715 465 3766 ὲν
492 3713 740 3784 Ψαλμοῖς
777 3715 1204 3786 μελῳδούμενον,
1241 3736 1258 3769 ι
1288 3719 1358 3771 Σὺ
1393 3719 1449 3772 δὲ
1488 3721 1515 3771 ό
1560 3718 1723 3782 αὐτὸς
1767 3715 1837 3783 εἴ,
1888 3719 1984 3771 καὶ

406 3801 474 3855 τὰ
500 3801 591 3874 ἔτη
625 3821 717 3857 σου
743 3805 843 3859 οὑκ
871 3806 1209 3877 ἐκλείψουσιν
1234 3808 1303 3880 ›)·
1330 3809 1436 3862 ἀπὸ
1462 3812 1621 3874 ποίας
1649 3794 1781 3882 ἡμῖν
1806 3809 1981 3882 ἀρχῆς

405 3894 503 3964 τῆς
529 3897 586 3949 ὲν
611 3896 788 3967 χρόνῳ
822 3899 916 3952 καὶ
941 3898 1093 3970 ποσῷ
1123 3901 1500 3972 μετρουμένης
1527 3904 1554 3955 6
1580 3902 1706 3965 Υἱὸς
1739 3902 1973 3973 ἐκϐήσε-

404 4005 534 4052 ται,
564 3989 777 4060 τρέχειν
808 3991 887 4053 εὶς
916 3990 1066 4054 τέλος
1108 3992 1209 4044 οὑκ
1261 3992 1588 4063 ἀνεχόμενος
1612 4033 1626 4058 ,
1663 3992 1757 4046 ἅτε
1790 3993 1854 4063 δὴ
1884 3993 1980 4047 καὶ

406 4080 544 4133 κατὰ
597 4081 758 4149 φύσιν
818 4083 1079 4154 ὑπάρχων
1110 4082 1242 4144 Θεὸς
1266 4126 1281 4151 ,
1335 4085 1431 4138 καὶ
1486 4084 1573 4138 διὰ
1604 4084 1761 4137 τοῦτο
1796 4084 1934 4155 βοῶν
1960 4100 1974 4115 ·

410 4188 431 4221 ι
467 4171 605 4240 Ἐγὼ
634 4174 750 4242 ειμι
781 4174 815 4243 ἡ
858 4173 968 4244 ζωή
999 4190 1060 4239 ;›
1111 4174 1276 4245 Ἀρχὴ
1306 4174 1418 4246 γὰρ
1458 4175 1597 4247 αὑτὴ
1629 4175 1751 4229 καθ’
1778 4175 1977 4246 ἑαυτὴν

403 4261 505 4314 οὐκ
524 4262 588 4314 ἂν
612 4263 747 4326 ὅλως
769 4263 1033 4335 ὑπάρχειν
1055 4267 1224 4318 νοοῖτό
1255 4284 1407 4332 ποτε,
1439 4266 1515 4337 μὴ
1537 4266 1674 4337 πρὸς
1697 4267 1756 4320 τὸ
1782 4269 1979 4320 οἰκεῖον

406 4338 680 4424 βλέπουσα
708 4354 860 4418 τέλος
883 4372 897 4385 ·
934 4356 1167 4428 ἐπείπερ
1196 4358 1271 4423 ὡς
1305 4359 1442 4429 πρὸς
1485 4358 1638 4422 τέλος
1683 4358 1782 4429 μὲν
1811 4360 1975 4431 ἀρχὴ,

400 4444 555 4507 τέλος
585 4444 626 4497 δ’
657 4440 725 4498 αὖ
782 4446 940 4499 πάλιν
983 4447 1057 4511 ὡς
1090 4450 1226 4520 πρὸς
1255 4450 1427 4520 ἀρχὴν
1459 4448 1805 4520 ὀνομάζεται.
1851 4453 1977 4522 Ἀρι

402 4533 505 4605 χὴν
535 4532 592 4585 δὲ
626 4534 787 4586 πάλιν
821 4535 878 4586 ὲν
905 4537 1115 4599 τούτοις
1148 4538 1245 4606 τὴν
1274 4539 1415 4591 κατὰ
1456 4539 1649 4609 χρόνον
1673 4579 1688 4605 ,
1716 4536 1851 4609 ἦτοι⁹
1883 4557 1980 4593 πο-

403 4626 624 4696 σότητα,
649 4625 1010 4696 σημαίνομεν.
1051 4628 1257 4681 Οὐκοῦν
1303 4630 1600 4702 ἐπειδήπερ
1646 4631 1743 4685 καὶ
1798 4632 1975 4686 αὐτῶν

403 4719 517 4769 ἐστι
551 4718 661 4770 τῶν
717 4716 928 4772 αἰώνων
985 4719 1354 4790 πρεσϐύτερος
1408 4724 1436 4775 6
1480 4722 1637 4788 Υἱὸς,
1668 4723 1730 4777 τὺ
1783 4724 1880 4795 μὲν
1919 4726 1977 4778 ὲν

402 4806 576 4878 γοόνῳ
602 4809 930 4880 γεγενῆσθαι
955 4810 1335 4879 διαφεύξεται·
1360 4806 1428 4883 ἦν
1454 4813 1511 4867 δὲ
1540 4815 1632 4868 καὶ
1657 4815 1744 4870 διὰ
1776 4818 1977 4881 παντὸς

399 4897 475 4960 ὡς
502 4899 558 4950 ἐν
587 4902 737 4970 πηγῇ
768 4900 1070 4972 τῷᾟατρὶ,
1107 4902 1246 4956 κατὰ
1279 4903 1337 4957 τὸ
1359 4907 1488 4977 παρ’
1516 4904 1681 4958 αὐτοῦ
1716 4907 1978 4977 λελεγμέ-

400 5001 510 5040 νον³
542 5008 558 5038 ι
591 4989 730 5058 Ἐγὼ
758 4991 819 5044 ἐκ
846 4991 940 5044 τοῦ
972 4993 1184 5063 Πατρός
1214 4994 1457 5063 ἐξῆλθον,
1481 4998 1570 5050 καὶ
1591 4998 1763 5068 ἥκω.»
1787 4999 1977 5068 Πηγῆς

398 5082 684 5149 τοιγαροῦν
706 5082 996 5152 νοουμένου
1024 5084 1116 5137 τοῦ
1135 5086 1347 5156 Πατρός
1364 5127 1378 5150 ,
1401 5082 1468 5157 ἦν
1492 5090 1519 5139 ό
1537 5089 1707 5156 Λόγος
1735 5091 1792 5142 ὲν
1824 5089 1970 5159 αύτῷ

400 5172 583 5238 σοφῖα,
611 5173 703 5224 καὶ
730 5172 955 5244 δύναμις
976 5215 990 5238 ,
1022 5177 1115 5229 καὶ
1145 5178 1430 5249 χαρακτὴρ
1451 5218 1465 5241 ν
1492 5180 1583 5233 καὶ
1611 5181 1969 5251 ἀπίύγασμα⁹

397 5264 494 5318 καὶ
527 5262 689 5315 εἰκὼν
718 5265 974 5336 ὑπάρχων
1006 5268 1190 5320 αὑτοῦ.
1219 5269 1329 5321 Καὶ
1375 5272 1421 5323 εἰ
1456 5270 1643 5339 χρόνος
1674 5266 1740 5342 ἧν
1775 5272 1969 5335 οὐδεὶς,

394 5357 482 5408 ὅτε
510 5356 681 5423 Λόγου
713 5358 879 5426 χωρὶς
901 5396 914 5419 ,
945 5360 1036 5411 καὶ
1080 5360 1271 5428 σοφίας
1292 5401 1306 5423 ,
1335 5363 1427 5414 καὶ
1461 5364 1807 5433 χαρακτῆρος
1831 5402 1844 5426 ,
1878 5364 1973 5416 καὶ

394 5447 827 5518 ἀπαυγασματος
877 5443 944 5517 ἦν
998 5451 1025 5501 6
1060 5452 1278 5523 Πατήρ⁶
1333 5453 1544 5523 ἀνάγκη
1588 5454 1969 5525 συνομολογεῖν

394 5536 560 5588 ἀΐδιον
593 5537 859 5609 ὑπάρχειν
898 5538 987 5593 τὸν
1028 5541 1154 5595 Υἰὸν
1180 5585 1194 5608 ,
1243 5543 1301 5604 ὃς
1344 5545 1515 5598 ταυτά
1549 5547 1664 5598 ἐστι
1697 5544 1776 5616 τῷ
1816 5548 1969 5616 ἀϊδίῳ

399 5627 590 5698 ῌλτρί·
625 5630 746 5693 Πῶς
773 5632 881 5701 γὰρ
915 5632 1051 5695 ὅλως
1083 5634 1198 5687 ἐστὶ
1230 5636 1536 5709 χαρακτὴρ,
1573 5638 1688 5702 πῶς
1724 5640 1780 5691 δὲ
1807 5641 1967 5691 εἰκὼν

396 5716 662 5787 ἀκριϐὴς,
697 5724 743 5774 εἰ
797 5723 871 5792 μὴ
917 5725 1049 5795 πρὲς
1095 5726 1270 5778 ἐκεῖνο
1314 5733 1742 5801 μεμορνξισιμὲνος
1777 5733 1966 5801 igitr:

468 5824 515 5875 εδ
557 5827 654 5884 lsa.
700 5848 817 5899 Llll,
856 5836 905 5888 8.
988 5836 1032 5866 π’
1080 5836 1218 5890 Ιίλὶ.
1263 5856 1331 5902 m,
1378 5840 1465 5892 25:.

1553 5842 1995 5903 ‘7J;.ixi.\:\',1.i.

2086 3349 2274 3418 ligitur
2312 3348 2627 3403 nullatenus
2657 3361 2855 3417 capere
2876 3333 3014 3401 licet
3060 3346 3128 3401 de
3167 3344 3487 3416 Unigenito.
3524 3345 3662 3399 Nam

2084 3455 2209 3495 cum
2270 3439 2342 3493 sit
2398 3446 2525 3493 ante
2572 3452 2736 3492 omne
2783 3445 3000 3507 tempus
3050 3443 3106 3491 et
3157 3437 3374 3492 sazculis
3426 3436 3664 3506 priorem

2083 3531 2467 3588 exsistentiam
2522 3530 2742 3595 habeat,
2775 3545 2839 3584 ac
2876 3535 3139 3606 praeterea
3192 3528 3355 3584 linem
3392 3530 3666 3599 attingere

2082 3632 2284 3678 natura
2313 3621 2498 3676 divina
2526 3619 2744 3676 nesciat
2778 3620 2992 3689 (eodem
3033 3622 3178 3676 enim
3210 3621 3371 3675 modo
3415 3636 3474 3676 se
3514 3636 3664 3676 sem-

2082 3732 2177 3787 per
2210 3714 2451 3783 habebit,
2490 3713 2650 3785 juxta
2692 3712 2827 3768 illud
2871 3712 3220 3768 Psalmistae:
3275 3731 3294 3763 ι
3348 3713 3430 3768 Tu
3478 3722 3661 3769 autem

2080 3808 2221 3862 idem
2254 3807 2371 3878 ipse
2395 3821 2477 3870 es,
2513 3813 2568 3861 et
2596 3805 2726 3859 anni
2761 3805 2840 3858 tui
2878 3819 2988 3859 non
3035 3804 3293 3859 deficient
3326 3805 3371 3836 "
3404 3805 3474 3875 ι),
3510 3821 3664 3875 ,quo-

2079 3915 2206 3955 nam
2276 3913 2307 3953 a
2378 3897 2654 3969 principio
2719 3905 2967 3966 tempore
3025 3902 3079 3951 et
3153 3897 3459 3967 quantitate
3522 3896 3660 3952 deﬁ-

2080 3992 2198 4047 nito
2247 3989 2420 4046 Filius
2465 3989 2747 4061 prodibit,
2806 3988 2901 4059 qui
2952 3987 3023 4042 ad
3072 3986 3233 4043 ﬁnem
3289 3990 3513 4044 tendere
3565 4005 3663 4044 ne-

2081 4082 2206 4147 scit,
2242 4089 2432 4150 utpote
2456 4079 2765 4135 secundum
2802 4087 3059 4134 naturam
3092 4081 3366 4136 exsistens
3396 4081 3557 4146 Deus,
3596 4096 3660 4136 ac

2078 4178 2372 4241 propterea
2430 4170 2710 4225 clamans:
2752 4186 2771 4219 ‹
2810 4167 2924 4239 Ego
2967 4183 3088 4224 sum
3121 4170 3233 4224 vita
3259 4170 3348 4222 ’Ἴ
3388 4189 3406 4222 ι
3441 4169 3659 4224 Princi-

2080 4261 2228 4330 pium
2263 4260 2408 4314 enim
2442 4259 2500 4313 in
2533 4273 2595 4314 se
2628 4259 2950 4329 neutiquam
2992 4258 3333 4327 intelligetur
3367 4275 3506 4323 esse,
3558 4276 3659 4314 nec

2080 4351 2148 4406 ad
2177 4350 2343 4405 ﬁnem
2377 4364 2536 4406 suum
2558 4349 2859 4420 respicere,
2888 4363 3013 4403 cum
3045 4349 3376 4418 principium
3403 4361 3657 4420 respectu

2081 4442 2148 4498 ad
2180 4442 2364 4507 ﬁnem,
2398 4455 2594 4496 rursus
2640 4447 2822 4494 autem
2860 4437 2986 4493 ﬁnis
3023 4451 3281 4509 respectu
3333 4443 3397 4496 ad
3450 4444 3660 4512 princi-

2080 4535 2229 4606 pium
2260 4540 2632 4605 nuncupetur.
2658 4530 2997 4602 Principium
3017 4547 3151 4588 vero
3177 4533 3265 4588 hic
3299 4549 3495 4589 rursus
3521 4545 3661 4590 tem"

2080 4632 2252 4701 poris,
2290 4632 2409 4687 sive
2456 4628 2819 4700 quantitatem
2870 4628 3269 4699 signiﬁcamus.
3322 4628 3457 4683 Cum
3494 4631 3660 4701 igitur

2075 4721 2212 4790 ipsis
2238 4720 2403 4775 etiam
2446 4718 2661 4774 saeculis
2690 4717 2970 4786 antiquior
2998 4718 3071 4772 sit
3097 4715 3289 4783 Filius,
3324 4718 3378 4771 in
3410 4728 3657 4788 tempore

2075 4813 2296 4884 genitus
2323 4826 2443 4867 esse
2474 4825 2583 4866 non
2610 4810 2835 4880 poterit,
2870 4810 2963 4864 sed
3005 4818 3123 4864 erat
3157 4826 3378 4881 semper
3405 4813 3458 4867 in
3491 4812 3655 4870 Patre

2076 4908 2225 4961 velut
2256 4906 2310 4958 in
2344 4904 2515 4967 fonte,
2546 4903 2706 4957 sicuti
2740 4902 2809 4956 ab
2838 4902 2957 4971 ipso
2992 4902 3197 4958 dictum
3231 4914 3347 4960 est:
3384 4923 3403 4956 ι
3442 4908 3553 4977 Ego
3588 4924 3654 4962 ex

2079 4998 2238 5052 Patre
2269 4996 2412 5051 exivi
2444 5004 2497 5049 et
2530 4995 2653 5049 veni
2689 4994 2753 5047 ⁸⁸.
2792 5014 2809 5045 ι
2868 4994 3006 5050 Cum
3036 5010 3165 5067 ergo
3197 4995 3361 5053 Pater
3402 4997 3526 5054 fons
3565 5000 3652 5053 in-

2080 5088 2379 5157 telligatur,
2410 5092 2529 5138 erat
2562 5083 2799 5139 Verbum
2845 5084 2897 5137 in
2934 5085 3078 5154 ipso,
3114 5087 3405 5156 sapientia,
3456 5097 3509 5143 et
3542 5090 3653 5142 vir-

2078 5188 2191 5242 tus,
2234 5187 2286 5232 et
2329 5177 2640 5241 character,
2670 5187 2721 5230 ct
2756 5176 3038 5246 splendor,
3074 5186 3127 5232 et
3171 5179 3349 5248 imago
3391 5179 3511 5248 ejus
3559 5177 3657 5234 ex:

2079 5273 2302 5327 sistens.
2336 5271 2437 5339 12
2473 5269 2539 5323 Et
2570 5270 2618 5324 si
2649 5278 2863 5339 tempus
2892 5270 3100 5324 nullum
3133 5281 3251 5325 erat
3277 5272 3494 5340 quando
3528 5272 3652 5326 abs-

2077 5380 2183 5433 que
2234 5361 2436 5425 Verbo,
2476 5372 2529 5417 et
2576 5362 2867 5431 sapientia,
2896 5369 2949 5414 et
2982 5361 3324 5425 charactere,
3366 5369 3418 5415 et
3467 5362 3652 5429 splen-

2078 5455 2211 5508 dore
2254 5462 2371 5507 erat
2401 5451 2584 5514 Pater,
2618 5451 2778 5505 simul
2807 5451 2968 5504 etiam
3002 5450 3161 5504 fateri
3197 5463 3422 5502 necesse
3466 5459 3549 5501 est
3578 5465 3650 5503 τε·

2079 5557 2291 5602 ternum
2346 5562 2466 5601 esse
2509 5544 2739 5608 Filium,
2781 5543 2875 5613 qui
2928 5542 3117 5594 eadem
3156 5548 3239 5592 est
3287 5554 3408 5591 cum
3444 5549 3647 5595 :ctcrno

2078 5638 2257 5692 Patre.
2307 5637 2592 5702 Quomodo
2640 5635 2810 5697 enim,
2849 5634 3064 5691 amabo,
3101 5629 3389 5682 character
3415 5637 3519 5693 est,
3555 5640 3648 5684 aut

2079 5730 2349 5795 quomodo
2380 5739 2566 5781 exacta
2606 5728 2801 5794 imago,
2842 5725 2942 5776 nisi
2996 5721 3059 5774 ad
3093 5720 3239 5771 illam
3277 5721 3642 5789 pulclit‘iludb

2084 5846 2122 5871 λ“’
2153 5843 2305 5895 J-mn.
2342 5857 2450 5902 με,
2484 5842 2572 5891 135'.
