4092 6274
371 385 442 441 ξε)
1404 383 1472 437 ΙΝ
1504 383 1792 441 JUANNIS
1816 385 2264 443 EVANGELIUM
2311 387 2439 443 LIB.
2469 387 2509 443 1.
3536 397 3606 456 50

366 497 473 562 ἔξω
497 495 711 550 πάντων
737 497 794 549 ἐν
827 495 960 566 αὐτῇ
987 495 1248 563 φυσικῶς,
1292 493 1366 559 ὡς
1401 497 1607 569 καρπὸς
1638 499 1917 563 συναῖδιος.

2033 507 2186 554 extra
2216 502 2399 555 omnia
2431 504 2485 556 in
2517 502 2636 571 ipso
2669 503 3017 570 naturaliter,
3063 519 3164 561 ceu
3214 505 3426 562 fructus
3458 522 3602 564 coae-

364 587 528 639 τόπον
553 585 740 657 ὥσπερ
758 583 893 654 ἔχων
918 584 1024 638 τῶν
1068 585 1319 639 ἁπάντων
1343 587 1693 659 ἀρχαιότερον
1719 590 1817 658 τὴν
1838 588 1931 640 τοῦ

363 677 724 748 γεννήσαντος
752 677 931 748 φύσιν.
963 679 1053 731 Διὸ
1094 679 1160 750 δὴ
1206 680 1299 732 καὶ
1336 679 1620 751 ἐλεύθερος
1644 682 1931 752 ἐλευθέρου

367 771 578 842 [ἰατρὸς
599 769 877 839 πεφυκὼς,
904 770 1004 840 τὴν
1037 770 1175 824 κατά
1215 769 1434 824 πάντων
1460 771 1635 842 ἀρχὴν
1668 773 1764 826 σὺν
1785 772 1934 843 αὐτῷ

363 863 710 931 κεκτήσεται.
766 862 864 926 Τίς
915 857 1007 916 οὖν
1054 861 1163 933 ἄρα
1213 861 1308 915 καὶ
1339 860 1436 915 νῦν
1480 863 1510 916 6
1537 862 1634 931 τῆς
1665 863 1722 916 ἐν
1755 862 1934 934 τούτῳ

363 952 706 1022 κατασκευῆς
732 955 1017 1022 γενήσεται
1046 953 1221 1021 λόγος,
1241 953 1532 1007 ἀκόλουθον
1557 954 1806 1006 συνιδεῖν.
1824 955 1932 1007 Ῥι-

359 1041 693 1110 ψοκινδύνως
722 1043 886 1109 τινὲς,
922 1043 1172 1114 καθάπερ
1196 1043 1404 1114 ἔφημεν
1435 1045 1493 1097 ὲν
1519 1046 1630 1108 τοῖς
1651 1043 1929 1114 ἀνωτέρω,

359 1132 450 1185 τὸν
473 1132 566 1185 τοῦ
594 1132 729 1186 Θεοῦ
770 1133 956 1202 ¹Λόγον
997 1133 1118 1188 τότε
1141 1133 1206 1204 δὴ
1230 1135 1442 1203 πρῶτον
1480 1135 1558 1199 είς
1576 1133 1639 1188 τὸ
1666 1129 1804 1187 εἶναι
1839 1152 1932 1188 κε-

361 1219 587 1292 κλῆσθαι
619 1223 1026 1294 διισχυρίζοντο,
1053 1225 1141 1277 ὅτε
1173 1223 1264 1280 τὸν
1299 1225 1364 1278 ἐκ
1396 1225 1498 1295 τῆς
1528 1225 1689 1293 ἁγίας
1716 1224 1927 1296 Παρθέ-

357 1330 450 1365 νου
504 1314 631 1367 ναὸν
677 1314 878 1379 λαϐὼν,
910 1314 1196 1385 ἄνθρωπος
1221 1314 1412 1384 γέγονε
1451 1314 1516 1368 δι’
1539 1316 1688 1385 ἡμᾶς
1718 1315 1806 1368 Τ.ί
1835 1309 1928 1368 οὖν

359 1403 427 1455 ἂν
451 1404 537 1473 εἴη
587 1404 793 1468 λοιπὸν,
829 1405 988 1476 εἴπερ
1041 1401 1334 1476 ᾖγενητὸς
1389 1405 1483 1457 καὶ
1536 1403 1924 1475 πεποιημένος,

357 1494 452 1548 καὶ
477 1497 589 1559 τοῖς
613 1495 794 1558 ἄλλοις
822 1496 1023 1550 ἅπασιν
1062 1495 1324 1566 όμοφυὴς,
1359 1489 1437 1558 οἷς
1468 1493 1528 1559 ἐξ
1558 1495 1657 1548 οὐκ
1693 1495 1861 1548 ὄντων
1890 1495 1924 1564 ή

355 1586 590 1652 γένεσις,
621 1587 714 1639 καὶ
751 1586 810 1639 τὸ
835 1587 934 1656 τῆς
960 1585 1202 1649 δουλείας
1235 1585 1408 1655 ὄνομά
1452 1602 1512 1638 τε
1560 1585 1656 1638 καὶ
1688 1587 1924 1656 πρᾶγμα

357 1675 584 1738 δικαίως
610 1675 1033 1746 ἒπαληθεύεται;
1064 1676 1128 1727 Τί
1153 1675 1261 1745 γὰρ
1289 1675 1397 1728 τῶν
1422 1675 1802 1747 πεποιημένων
1829 1675 1926 1746 τὴν

360 1766 466 1819 ὑπὸ
488 1765 567 1836 τῷ
601 1767 816 1820 πάντων
867 1765 1155 1835 κρατοῦντι
1195 1764 1314 1835 Θεῷ
1342 1766 1586 1819 δουλείαν
1634 1765 1924 1829 ἀκινδύνως

2035 599 2261 657 ternus,
2298 594 2512 658 locum,
2555 602 2616 648 ut
2676 594 2750 648 ita
2811 593 3022 662 dicam,
3083 596 3290 654 habens
3346 599 3606 655 omnibus

2034 682 2426 752 antiquiorem,
2486 682 2667 738 Patris
2727 683 2985 739 nimirum
3055 692 3327 742 naturam.
3394 687 3604 742 Idcirco
3668 677 3681 680 ”

2031 773 2195 828 etiam
2241 773 2377 828 liber
2426 774 2596 828 libero
2628 772 2789 831 Patre
2820 776 3072 847 genitus,
3126 777 3370 834 universi
3428 779 3601 847 impe-

2030 860 2172 914 rium
2210 877 2317 916 una
2355 877 2479 917 cum
2517 863 2638 933 ipso
2674 863 2857 922 habet.
2897 863 3154 931 Quaenam
3178 880 3307 936 ergo
3337 866 3409 920 sit
3443 865 3601 921 dein—

2030 965 2159 1020 ceps
2205 952 2397 1010 horum
2450 955 2742 1010 verborum
2777 963 3091 1021 structura,
3126 971 3305 1027 opera:
3354 959 3591 1026 pretium

2028 1048 2114 1096 est
2157 1043 2613 1100 animadvertere.
2669 1044 2930 1100 Nonnulli
2977 1046 3276 1112 audacter,
3331 1055 3389 1101 ut
3437 1057 3598 1103 antea

2027 1131 2289 1196 diximus,
2319 1132 2414 1189 Dei
2439 1132 2681 1190 Verbum
2713 1145 2825 1190 tum
2862 1136 3101 1206 primum
3138 1139 3192 1192 in
3221 1153 3403 1193 rerum
3434 1148 3600 1192 natu-

2027 1237 2145 1276 ram
2194 1221 2402 1276 editum
2451 1225 2808 1292 asserebant,
2871 1241 2995 1280 cum
3051 1235 3336 1296 assumpto
3395 1235 3600 1282 sancta:

2027 1311 2270 1384 Virginis
2303 1314 2508 1384 templo
2536 1324 2760 1385 pr0pter
2791 1331 2893 1372 nos
2925 1316 3104 1371 lactus
3127 1326 3210 1372 est
3243 1317 3426 1372 homo.
3457 1317 3598 1383 Quid

2023 1416 2154 1471 ergo
2197 1400 2416 1455 demum
2466 1401 2608 1465 erit,
2647 1403 2696 1457 si
2745 1410 2841 1457 aut
2879 1412 3100 1460 creatus
3140 1413 3234 1459 aut
3283 1402 3492 1468 factus,
3545 1413 3598 1459 tt

2023 1490 2271 1560 ejusdem
2311 1504 2436 1545 cum
2469 1491 2589 1546 aliis
2630 1492 2891 1548 omnibus
2928 1501 3155 1558 naturae,
3190 1493 3257 1548 de
3296 1493 3496 1564 quibus
3544 1503 3598 1547 ct

2022 1595 2053 1636 e
2091 1579 2268 1634 nihilo
2315 1580 2555 1645 creatio,
2597 1591 2650 1636 et
2699 1581 2982 1638 servitutis
3021 1597 3222 1637 nomen
3257 1590 3312 1636 et
3360 1597 3448 1637 res
3479 1581 3597 1651 ipsa

2021 1671 2144 1740 jure
2181 1669 2481 1725 dicuntur?
2524 1670 2667 1735 Quid
2711 1671 2856 1726 enim
2905 1679 3149 1726 creatum
3199 1671 3599 1740 cunctipotenti

2025 1761 2135 1817 Deo
2164 1761 2374 1816 servire
2401 1760 2626 1832 impune
2663 1760 3031 1817 detrectabit?
3061 1761 3203 1828 Quid
3233 1772 3412 1817 autem
3443 1768 3597 1816 'cun-

358 1855 760 1926 παραιτήσεται
785 1872 800 1921 ;
859 1855 910 1907 τί
940 1854 997 1907 δὲ
1021 1854 1118 1924 οὐχ
1143 1853 1410 1924 ὑποκύψει
1446 1856 1512 1925 τῇ
1540 1856 1680 1909 κατά
1715 1855 1917 1910 πάντων

2024 1853 2309 1923 ctipotenti
2352 1852 2643 1922 principio,
2677 1853 2956 1922 potestati,
2996 1859 3050 1909 et
3087 1852 3452 1908 dominationi
3486 1869 3600 1908 non

354 1949 499 2018 ἀρχῇ
529 1964 588 1999 τε
645 1946 739 1999 καὶ
789 1945 1028 2015 ἐξουσίᾳ,
1081 1947 1173 1998 καὶ
1203 1946 1502 2018 κυριότητι,
1542 1947 1607 2016 ἢν
1634 1947 1727 1998 καὶ
1766 1947 1924 2011 αὑτός

353 2054 456 2089 που
487 2035 742 2106 σημαίνει
770 2034 941 2102 λέγων
961 2037 989 2088 ό
1020 2034 1270 2104 Σολομῶν
1289 2052 1302 2064 ·
1341 2053 1359 2086 ι
1396 2034 1549 2087 Μετά
1581 2035 1687 2106 γὰρ
1725 2037 1924 2090 δικαιο-

352 2128 518 2195 σύνης
578 2125 922 2196 ὲτοιμάζεται
973 2124 1160 2195 θρόνος
1206 2125 1420 2197 ἀρχῆς;
1459 2144 1476 2178 ι
1509 2126 1764 2196 Ἔτοιμος
1814 2126 1922 2198 γὰρ

349 2220 443 2273 καὶ
472 2219 606 2273 πολὺ
630 2218 750 2271 λίαν
786 2217 1066 2287 εὐπρεπὴς
1093 2218 1173 2280 είς
1201 2215 1588 2288 δικαιοσύνηνό
1617 2219 1717 2288 τῆς
1749 2219 1922 2289 ἀρχῆς

349 2310 556 2380 θρόνος,
578 2312 676 2380 τῆς
704 2309 799 2362 ἐπὶ
825 2308 1030 2371 πάντας
1059 2307 1278 2379 δηλαδή.
1304 2309 1412 2363 Καὶ
1442 2311 1523 2374 τίς
1540 2308 1566 2360 4
1590 2310 1776 2381 θρόνος
1798 2327 1861 2362 πε
1872 2311 1924 2380 pl.

347 2388 408 2449 οὗ
446 2396 542 2450 νῦν
570 2399 599 2451 6
626 2398 801 2466 λόγος,
833 2396 997 2450 ἄκουε
1028 2396 1277 2464 λέγοντος
1306 2399 1398 2451 τοῦ
1431 2399 1564 2452 Θεοῦ
1585 2401 1651 2453 δι’
1673 2400 1790 2464 ἑνὸς
1816 2399 1922 2452 τῶν

347 2489 539 2556 ἁγίων·
578 2505 596 2539 ι
644 2489 701 2541 '0
757 2487 986 2559 οὐρανός
1045 2504 1135 2558 μοι
1165 2489 1370 2560 θρόνος.
1410 2509 1429 2542 ι
1459 2490 1668 2545 Οὐκοῦν
1707 2490 1922 2560 ἕτοιμος

345 2579 425 2642 είς
451 2578 792 2648 δικαιοσύνην
821 2579 850 2632 6
876 2579 1122 2650 οὐρανὸς,
1144 2580 1287 2633 τοῦτ’
1318 2580 1454 2646 ἔστι,
1487 2582 1557 2636 τὰ
1595 2584 1654 2636 ὲν
1676 2584 1786 2645 τοῖς
1827 2581 1920 2635 ού-

347 2672 527 2742 ρανοῖς
560 2670 690 2738 ἅγια
707 2672 1044 2743 *πνεύματι
1104 2674 1320 2746 Ἐπειδὴ
1377 2674 1555 2727 τοίνυν
1598 2670 1665 2746 ἦν
1709 2674 1920 2746 ἀνάγκη

347 2762 744 2831 συνομολογεῖν,
773 2764 910 2833 μετά
931 2763 1038 2818 τῶν
1064 2764 1240 2819 ἄλλων
1269 2767 1586 2838 ποιημάτων
1603 2769 1919 2822 ὑποκεῖσθαι

343 2853 420 2923 τῷ
441 2853 556 2924 Θεῷ
589 2855 680 2908 καὶ
731 2856 905 2928 Πατρὶ
941 2855 1032 2909 τὸν
1088 2856 1239 2921 Υίὸν,
1299 2857 1375 2922 ὼς
1422 2861 1692 2930 οἰκετικὴν
1729 2859 1920 2930 ἔχοντα

343 2945 514 3012 τάξιν,
571 2947 666 3001 καὶ
711 2947 814 3001 ὑπὸ
863 2947 961 3018 τὴν
1010 2949 1113 3018 τῆς
1180 2949 1354 3020 ἀρχῆς
1411 2950 1654 3016 ἐξουσίαν
1720 2950 1918 3022 ὁμοίως

346 3037 609 3090 πίπτοντα
636 3041 747 3101 τοῖς
781 3039 978 3104 ἄλλοις,
1031 3041 1191 3111 εῐπερ
1231 3041 1350 3094 ἐστὶ
1382 3042 1502 3095 κατ’
1531 3042 1771 3106 ἐκείνους
1795 3043 1916 3113 ὀψι-

2015 1941 2365 2015 ‘subjacebit,
2422 1960 2585 2015 quam
2623 1945 2741 2016 ipse
2795 1943 3000 2000 alicubi
3051 1958 3273 2024 quoque
3322 1942 3598 2013 signiﬁcat

2026 2035 2286 2092 Salomon
2320 2036 2509 2094 dicens
2543 2056 2556 2091 :
2599 2054 2618 2088 ι
2659 2036 2794 2092 Cum
2820 2037 3040 2106 justitia
3069 2036 3216 2090 enim
3251 2040 3598 2104 praeparatur

2024 2126 2223 2182 solium
2263 2127 2553 2198 potestatis
2584 2127 2651 2180 ³³.
2691 2145 2709 2179 ι
2746 2126 2981 2183 Paratus
3013 2126 3158 2182 enim
3206 2132 3291 2181 est
3334 2124 3598 2194 praeclare

2023 2217 2090 2273 ad
2114 2217 2388 2288 justitiam
2413 2218 2504 2273 ille
2542 2218 2775 2273 thronus
2813 2218 2934 2288 ejus
2966 2217 3228 2271 nimirdm
3257 2219 3402 2286 quae;
3427 2230 3599 2285 supra

2023 2321 2213 2362 omnes
2249 2315 2332 2362 est
2370 2309 2682 2379 potestatis.
2737 2311 2806 2363 Et
2835 2308 2961 2379 quis
3009 2307 3104 2362 ille
3137 2307 3370 2362 thronus
3405 2306 3498 2372 sit,
3529 2305 3598 2361 de

2023 2413 2131 2468 quo
2159 2397 2250 2453 hic
2283 2397 2585 2470 loquimur,
2613 2400 2737 2455 audi
2765 2398 2936 2455 Deum
2964 2413 3062 2469 per
3082 2413 3252 2453 unum
3279 2406 3595 2454 sanctorum

2022 2487 2294 2544 dicentem
2343 2509 2357 2545 :
2415 2508 2432 2542 ι
2467 2489 2678 2546 Οωιυηι
2725 2490 2859 2545 mihi
2905 2490 3220 2559 thronusf:
3263 2490 3450 2560 Itaque
3498 2505 3596 2559 pa-

2023 2585 2200 2632 ratum
2237 2587 2321 2634 est
2355 2579 2422 2634 ad
2455 2580 2725 2650 justitiam
2753 2581 2980 2643 cmlum,
3013 2580 3120 2635 hoc
3152 2588 3254 2645 est,
3287 2580 3381 2650 qui
3424 2581 3594 2634 caelos

2022 2669 2269 2724 incolunt
2319 2671 2496 2726 sancti
2546 2671 2795 2742 spiritus.
2865 2671 3140 2737 Quoniam
3187 2685 3320 2740 ergo
3368 2683 3595 2725 necesse

2019 2769 2138 2816 erat
2169 2761 2419 2816 confiteri
2455 2777 2562 2816 una
2607 2777 2731 2817 cum
2768 2762 2893 2817 aliis
2924 2761 3212 2828 creaturis}
3239 2761 3437 2832 subjici
3483 2759 3595 2814 Deo

2020 2867 2085 2907 ac
2118 2850 2268 2908 Patri
2307 2852 2504 2906 Filium
2527 2893 2542 2918 ,
2579 2863 2838 2923 tanquam
2881 2852 3065 2908 servili
3102 2851 3416 2906 conditione
3450 2865 3594 2921 prte-

2018 2944 2222 3010 ditum,
2268 2953 2322 3000 et
2366 2944 2621 3014 principii
2670 2945 2927 3014 potestati
2971 2941 3075 3014 14
3106 2942 3332 3012 perinde
3377 2957 3441 2996 ac
3489 2941 3594 2995 alia

2019 3037 2322 3097 subditum.
2350 3036 2418 3101 si,
2455 3042 2514 3090 ut
2543 3036 2623 3090 illi
2659 3035 2868 3100 volunt,
2899 3049 3025 3091 sero
3059 3035 3297 3106 genitus,
3319 3040 3373 3088 et
3401 3047 3592 3088 eorum

343 3128 530 3199 γενὴς,
561 3125 781 3182 καὶτῶν
809 3129 866 3182 ἐν
890 3130 1064 3202 χρόνῳ
1077 3130 1460 3202 πεποιημένων
1479 3127 1579 3194 εἴς’
1609 3131 1917 3200 ἀναγκαίως

2019 3130 2113 3200 qui
2167 3130 2222 3185 in
2271 3137 2515 3200 tempore
2565 3129 2693 3185 facti
2731 3136 2862 3184 sunt
2917 3143 3062 3184 unus
3111 3135 3194 3183 est
3230 3146 3244 3182 :
3277 3125 3594 3182 necessario

340 3222 369 3274 6
401 3221 668 3291 μακάριος
709 3220 1100 3294 εὐαγγελιστὴς
1145 3224 1470 3295 δριμύτερον
1516 3226 1628 3287 τοῖς
1684 3227 1917 3296 ἑτεροδι-

340 3312 698 3366 δασκαλοῦσιν
727 3315 982 3387 ὲπιπηδᾷ·
1037 3317 1130 3370 καὶ
1173 3316 1418 3379 δουλείας
1465 3316 1562 3386 μὲν
1590 3316 1806 3388 ἁπάσης
1833 3319 1918 3383 ἐξ·

339 3404 602 3460 ἐλκειτὸν
635 3406 797 3461 Υἱόν·
857 3409 919 3461 ἐκ
965 3409 1020 3462 δὲ
1074 3410 1173 3481 τῆς
1224 3411 1513 3482 ἐλευθέρας
1545 3411 1639 3465 καὶ
1696 3411 1915 3467 πάντων

339 3497 612 3566 ἀρχούσης
661 3500 849 3564 οὐσίας
891 3502 1238 3573 ὲκπεφηνότα
1275 3505 1530 3566 δεικνύει,
1559 3505 1653 3558 καὶ
1686 3507 1744 3558 ὲν
1775 3505 1911 3576 αὐτῇ

340 3588 584 3652 φυσικῶς
606 3590 869 3663 ὑπάρχειν
896 3594 1249 3666 ἰσχυρίζεται,
1278 3595 1472 3664 λέγων*
1492 3597 1596 3651 Ἑν
1629 3595 1786 3666 ἀρχῇ
1831 3594 1912 3666 ἦν

341 3679 373 3730 ὁ
404 3680 613 3748 Λόγος.

419 3767 730 3823 Ἐπιπλέκει
772 3771 830 3825 δὲ
888 3772 966 3841 τῷ
988 3775 1089 3842 τῆς
1135 3777 1329 3845 ἀρχῆς
1373 3776 1597 3848 ὀνόματι
1625 3779 1910 3850 χρησίμως

335 3855 395 3910 τὸ
424 3853 522 3927 ἦν,
553 3860 638 3913 ἵνα
667 3861 740 3932 μὴ
771 3862 934 3932 μόνον
963 3864 1210 3939 εὐκλεὴς,
1249 3867 1384 3922 ἀλλὰ
1421 3868 1611 3940 νοῆται
1658 3871 1752 3923 καί
1779 3888 1905 3939 προ-

335 3946 546 4013 αιώνιος
569 3965 584 3980 ο
605 3951 840 4007 τέθειται
865 3953 974 4026 γὰρ
1025 3959 1083 4010 ὲν
1105 3957 1315 4022 τούτοις
1354 3959 1413 4012 τὸ
1438 3955 1536 4029 ἦν,
1571 3961 1651 4024 είς
1687 3960 1906 4029 βαθεῖάν

333 4053 474 4100 τινα,
508 4039 601 4092 καὶ
632 4040 1035 4113 ἀκατάληπτον,
1065 4047 1159 4100 καὶ
1185 4046 1283 4118 τὴν
1313 4047 1417 4112 ἔξω
1443 4049 1648 4119 χρόνων
1672 4050 1910 4121 ἄρρητον

334 4126 584 4198 γέννησιν
607 4131 881 4185 ἀνατεῖνον
941 4135 1034 4188 τοῦ
1085 4137 1415 4209 θεωροῦντος
1445 4141 1544 4212 τὴν
1581 4141 1807 4197 ἔννοιαν.
1839 4141 1910 4196 T6

333 4219 442 4288 γὰρ
472 4215 570 4289 ἦν,
597 4222 916 4291 ἀδιορίστως
943 4226 1275 4300 ὲκφωνηθὲν,
1303 4234 1382 4296 είς
1413 4237 1563 4288 ποῖον
1585 4236 1717 4304 ἡμῖν
1737 4252 1906 4288 κατα-

333 4309 482 4380 λήξει
563 4312 748 4375 τόπον,
790 4314 876 4367 ἀεὶ
928 4318 1278 4386 προελαύνειν
1332 4324 1425 4376 τοῦ
1470 4322 1752 4388 διώκοντος
1813 4325 1906 4380 νοῦ

335 4401 600 4468 πεφυκὸς,
639 4404 734 4455 καὶ
758 4405 824 4473 ἣν
852 4405 1028 4475 οἴηταί
1047 4428 1128 4473 τις
1157 4411 1300 4482 ἔχειν
1326 4415 1488 4468 αὐτοῦ
1506 4416 1604 4486 τὴν
1623 4417 1906 4470 κατάπαυ-

2019 3220 2212 3274 beatus
2251 3219 2590 3290 evangelista
2618 3219 2801 3273 acrius
2832 3218 3058 3273 insultat
3099 3218 3392 3283 haereticis,
3422 3223 3477 3272 et
3523 3217 3592 3270 ab

2016 3308 2167 3362 omni
2197 3307 2421 3377 quidem
2455 3306 2720 3362 servitute
2746 3305 2944 3359 Filium
2979 3306 3243 3372 vindicat,
3280 3315 3333 3360 et
3367 3306 3434 3358 ab
3469 3319 3590 3357 om-

2015 3396 2296 3466 nipotente
2348 3396 2657 3451 substantia
2709 3408 2935 3450 manare
2983 3393 3255 3457 ostendit,
3312 3393 3368 3447 in
3419 3407 3592 3461 eaque

2015 3487 2344 3540 naturaliter
2389 3485 2569 3555 ipsum
2625 3483 2898 3540 exsistere
2953 3484 3176 3551 asserit,
3230 3483 3420 3540 dicens
3462 3501 3477 3538 :
3521 3483 3590 3537 In

2011 3577 2268 3646 principio
2297 3583 2414 3630 erat
2463 3573 2709 3629 Verbum.

2084 3753 2344 3823 Principii
2376 3761 2555 3808 autem
2589 3752 2863 3809 vocabulo
2921 3751 3079 3819 illud,
3107 3762 3243 3815 erat,
3279 3751 3582 3822 sulijungit,

2011 3850 2069 3897 ut
2095 3857 2204 3897 non
2247 3843 2426 3898 solum
2464 3842 2768 3913 gloriosus,
2804 3858 2993 3899 verum
3021 3841 3184 3898 etiam
3209 3851 3335 3897 ante
3383 3845 3585 3898 sazcula

2009 3934 2226 4005 genitus
2259 3933 2614 4005 intelligatur.
2653 3933 2788 3990 Illud
2820 3935 3000 4001 enim,
3046 3936 3194 4002 erat",
3227 3934 3318 3989 hic
3344 3935 3583 4004 positum

2011 4035 2130 4089 est,
2200 4039 2309 4095 quo
2372 4026 2797 4096 contemplantis
2859 4027 3078 4082 animus
3136 4027 3192 4080 in
3256 4027 3582 4097 profundam

2007 4116 2300 4186 quamdam
2349 4125 2402 4172 et
2441 4116 3082 4186 incomprehensibilem,
3134 4125 3189 4172 et
3254 4115 3582 4170 ineffabilem

2007 4223 2128 4278 quae
2157 4215 2359 4262 cuncta
2402 4218 2628 4279 superat
2659 4217 2907 4277 tempora
2954 4209 3364 4278 generationem
3399 4209 3583 4262 inten-

2006 4301 2190 4356 datur.
2230 4319 2248 4352 ι
2283 4299 2415 4354 Erat
2446 4317 2464 4350 ι
2492 4299 2659 4365 enim,
2694 4298 2978 4366 indeﬁnite
3012 4297 3308 4366 prolatum,
3339 4310 3578 4364 quonam

2007 4390 2062 4443 in
2110 4389 2230 4444 loco
2279 4401 2382 4442 nos
2433 4385 2622 4451 sistet,
2684 4399 2808 4439 cum
2869 4389 3288 4454 prosequentem
3346 4395 3579 4439 mentem

333 4510 439 4556 σιν,
466 4493 672 4564 ταύτην
691 4495 783 4548 τοῦ
811 4497 1063 4553 ἐπέκεινα
1091 4475 1290 4573 δρόμου
1329 4475 1649 4576 ποιούμενον
1683 4509 1859 4579 ἀρχήν
1882 4527 1896 4574 ;

2017 4487 2202 4535 natura
2228 4494 2328 4534 sua
2356 4491 2577 4548 semper
2606 4484 2927 4541 antevertat,
2959 4484 3013 4530 et
3043 4490 3206 4544 quam
3241 4475 3387 4529 illius
3421 4475 3580 4544 quic—

336 4605 355 4637 ι
391 4582 498 4640 Ἦν
551 4582 646 4640 οὖν
689 4589 718 4640 6
772 4588 944 4657 Λόγος
974 4592 1032 4643 ὲν
1071 4594 1232 4664 ἀρχῇ,
1266 4615 1285 4648 ι
1315 4597 1457 4650 τοῦτ’
1509 4598 1676 4663 ἐστιν,
1714 4599 1789 4664 ὡς
1843 4602 1902 4656 ὲν

279 4746 283 4750 .
331 4679 472 4748 ἀρχῇ
502 4681 566 4750 τῇ
595 4680 688 4733 ἐπὶ
718 4681 916 4748 πάντα,
945 4685 1039 4736 καὶ
1068 4683 1129 4749 ἐξ
1171 4688 1338 4757 αὐτῆς
1366 4689 1625 4761 ὑπάρχων
1655 4693 1897 4759 φυσικῶς

331 4769 390 4822 τὺ
413 4770 728 4826 δεσποτικὸν
756 4770 896 4841 ἔχων
934 4773 1171 4846 ἀξίωμα.
1201 4770 1263 4830 Εἰ
1281 4778 1337 4831 δὲ
1361 4779 1517 4833 τοῦτο
1544 4782 1759 4855 ἀληθὲς,
1783 4785 1900 4848 πῶς

331 4859 410 4912 ἔτι
460 4863 704 4933 γενητὸς,
740 4864 773 4936 ἢ
809 4867 1206 4938 πεποιημένος;
1247 4870 1417 4925 ’Ὅπου
1452 4873 1507 4926 δὲ
1547 4875 1680 4938 ὅλως
1707 4876 1768 4929 τὸ
1794 4876 1895 4944 ἦν,

333 4952 471 5005 κατά
491 4953 612 5006 τίνα
638 4955 839 5026 τρόπον
881 4958 943 5010 τὸ
995 4961 1120 5013 οὐκ
1173 4957 1248 5030 ἦν
1292 4963 1639 5037 εἰσὸᾐσεται;
1676 4967 1709 5038 ἦ
1747 4970 1901 5021 ποῖον

337 5038 444 5104 ἔξει
467 5041 650 5099 λοιπὸν
674 5047 766 5101 τὸν
795 5048 933 5103 κατὰ
958 5050 1052 5103 τοῦ
1081 5051 1211 5105 Υίοΰ
1245 5054 1435 5120 τόπον;

866 5392 877 5399 ,
921 5337 1168 5392 ΚΕΦΑΛ.
1213 5340 1290 5393 B’.

327 5417 573 5507 ’Ὀξινςςειι
610 5420 1230 5507 ρεὸςὲαζόμροιξσιος
1259 5428 1339 5507 τῷ
1391 5432 1898 5507 Πατρὶμύπάρχων

391 5490 426 5608 ἓ
733 5492 850 5559 ἰδίᾳ
873 5490 1045 5549 ἐστὶν
1068 5490 1422 5567 ὐποὰτάὶγει,
1458 5490 1673 5573 όροἰως
1709 5490 1896 5561 defixa)

611 5649 715 5702 Καὶ
747 5654 779 5705 ὀ
807 5653 995 5722 Λόγος
1018 5653 1094 5727 ἦν
1131 5660 1280 5728 πρὸς
1311 5664 1412 5716 τὸν
1444 5667 1609 5718 Θεόν.

392 5736 595 5791 ’Βωλον
645 5741 744 5810 ἤδη
796 5745 886 5796 καὶ
945 5746 1040 5815 τῆς
1094 5749 1347 5821 ἀληθείας
1404 5754 1891 5824 ἀποσφαλλομὲνην

398 5870 437 5901 ’ί
471 5871 626 5926 Prov.
658 5889 765 5940 xw,
801 5877 882 5931 1:2.

2003 4579 2110 4627 tem
2149 4585 2272 4626 esse
2313 4569 2628 4640 putaveris,
2675 4567 2818 4622 hanc
2862 4565 3143 4621 ulterioris
3181 4581 3381 4622 cursus
3416 4566 3582 4621 faciat

2001 4661 2251 4718 initium?
2288 4679 2307 4713 ι
2337 4659 2467 4716 Erat
2504 4680 2522 4713 ι
2558 4661 2725 4730 igitur
2763 4677 2781 4710 ε
2813 4657 3051 4714 Verbum
3102 4659 3158 4711 in
3207 4659 3511 4728 principio,
3555 4679 3572 4710 ι

2004 4757 2110 4811 hoc
2140 4764 2255 4820 est,
2301 4753 2357 4806 in
2393 4759 2665 4823 potestate
2696 4765 2818 4821 quae
2856 4758 2940 4806 est
2985 4765 3150 4820 supra
3186 4750 3388 4816 omnia,
3430 4758 3483 4804 et
3511 4766 3576 4805 ex

2003 4849 2120 4919 ipsa
2166 4848 2438 4903 exsistens
2493 4843 2856 4909 naturaliter,
2911 4835 3239 4911 Dom'inique
3290 4841 3576 4910 majestate

2004 4940 2311 5008 praeditum.
2363 4936 2520 5003 Quod
2550 4937 2594 4990 si
2632 4936 2707 4988 ita
2739 4941 2858 4998 est,
2897 4933 3174 5003 quomodo
3209 4941 3430 4988 creatus
3480 4934 3574 4986 dc-

2007 5047 2155 5086 mum
2197 5038 2293 5085 aut
2339 5030 2516 5085 lactus
2542 5027 2686 5084 erit?
2719 5024 2824 5081 Ubi
2847 5025 3085 5095 denique
3136 5025 3269 5080 illud
3318 5032 3434 5077 erat
3470 5024 3570 5075 ali-

2003 5137 2115 5192 quo
2137 5122 2298 5176 modo
2325 5137 2427 5175 non
2455 5127 2590 5183 erat,
2623 5117 2802 5179 inibit,
2834 5123 2930 5171 aut
2955 5129 3116 5185 quem
3145 5114 3368 5170 tandem
3395 5113 3572 5166 locum

2005 5212 2228 5269 habebit
2257 5211 2312 5265 in
2344 5208 2520 5263 Filio?

2662 5295 2815 5351 CAP.
2851 5295 2915 5348 ll.

2001 5412 2154 5480 Quod
2200 5419 2249 5464 et
2292 5408 2467 5470 Deus,
2517 5415 2566 5480 et
2613 5400 3096 5480 consabstantiqlis'
3124 5401 3276 5480 [fatri
3317 5395 3570 5480 Cluith-8!}

2070 5482 2269 5543 Filius,
2293 5481 2348 5532 in
2377 5478 2594 5546 propria
2622 5484 2700 5530 est
2731 5471 3023 5542 hypostasi,
3051 5470 3294 5520 similiter
3319 5472 3491 5515 autem
3523 5473 3568 5512 et

2072 5552 2256 5604 Pater.

2251 5659 2288 5722 I,
2333 5658 2384 5710 1.
2429 5660 2494 5710 Et
2545 5651 2768 5708 Verbum
2801 5654 2916 5701 erat
2958 5642 3093 5709 apud
3137 5642 3322 5696 Deum.

2070 5754 2204 5807 Cum
2253 5751 2468 5804 inanem
2507 5753 2558 5802 et
2593 5739 2840 5797 veritatis
2880 5739 3154 5805 mpcrtcm
3209 5733 3427 5786 illorum
3478 5723 3572 5790 qui
