4092 6274
509 352 577 413 3|
1540 359 1597 414 s.
1636 356 1910 415 CYRILLI
1942 353 2420 414 ALEXANDRINI
2467 354 2786 414 ARCHIEP.
2926 342 2933 346 ’
3287 364 3314 396 ι
3708 344 3777 401 52

510 472 620 528 ista
666 472 913 529 sentiunt
959 473 1296 530 ineruditam
1328 477 1755 533 mentem‘satis
1812 488 2083 544 superque

2188 475 2473 540 ἀποδείξας
2512 476 2712 539 ἱκανῶς
2736 473 2836 545 τὴν
2864 470 3053 543 ἀμαθῆ
3083 470 3191 524 τῶν
3222 464 3404 521 ἐκεῖνα
3442 464 3774 530 δοξαζόντων

506 564 619 633 jam
651 565 981 631 ostenderit,
1023 576 1076 622 et
1116 567 1201 623 bis
1230 568 1476 633 vocibus,
1516 587 1534 620 ί
1573 568 1630 623 In
1660 569 1929 639 principio
1964 576 2083 622 erat

510 650 778 718 Verbum,
826 674 845 707 ι
887 669 1105 710 omnem
1155 657 1365 712 aditum
1406 659 1743 728 praecluserit
1797 660 1864 714 iis
1911 659 2005 729 qui
2056 673 2087 713 e

509 744 687 798 nihilo
714 744 910 800 Filium
955 763 1076 803 esse
1109 748 1321 812 dicunt,
1346 766 1676 822 omnemque
1712 766 1900 808 eorum
1930 750 2086 805 vani-

511 843 677 889 tatem
712 839 900 907 paucis
929 839 1209 905 everterit,
1235 839 1401 893 aliam
1435 839 1672 894 vicinam
1697 855 1762 895 ac
1790 838 2086 894 admodum

511 939 826 992 perversam
862 927 1115 982 haeresim
1144 928 1461 999 aggreditur
1493 947 1506 983 :
1538 939 1592 984 et
1626 929 2086 1000 quemadmodum

508 1012 690 1070 bonus
717 1029 779 1070 ac
808 1016 1120 1073 laboriosus
1152 1018 1483 1073 hortulanus
1512 1019 1693 1090 ligone
1721 1026 1775 1074 et
1811 1018 2089 1074 laboribus

510 1103 837 1170 oblectatur,
878 1107 1203 1179 lumbosque
1241 1110 1603 1182 praecinctus,
1639 1118 1693 1166 et
1741 1125 1852 1180 quo
1880 1125 1980 1180 par
2005 1116 2089 1167 est

510 1197 711 1265 agresti
753 1197 942 1253 habitu
994 1200 1253 1265 indutus,
1308 1217 1529 1257 omnem
1587 1217 1744 1257 suam
1792 1216 1980 1257 curam
2032 1202 2088 1256 in

510 1288 797 1354 purgando
828 1289 1011 1355 horto,
1035 1299 1089 1345 et
1119 1290 1469 1347 eradicandis
1496 1292 1670 1362 spinis
1694 1291 1871 1362 ponit,
1899 1290 2090 1345 aliam-

509 1391 615 1445 que
642 1387 766 1448 post
798 1379 962 1434 aliam
1004 1397 1198 1437 eruere
1238 1399 1344 1437 non
1378 1390 1578 1447 cessat,
1609 1390 1664 1437 et
1695 1381 2086 1437 circumeundo

508 1469 671 1522 rastri
700 1469 860 1525 dente
888 1487 1110 1527 versare
1141 1473 1187 1529 si
1218 1472 1349 1544 quid
1396 1480 1475 1530 est
1506 1474 1729 1527 noxium
1760 1492 1772 1528 :
1804 1474 1885 1529 sic
1916 1473 2082 1528 etiam

463 1612 469 1625 ,
508 1558 699 1616 beatus
731 1559 994 1628 Joannes,
1032 1546 1253 1629 vivens:
1276 1571 1331 1620 et
1362 1564 1576 1631 eiIicax,
1613 1572 1667 1619 et
1702 1564 1803 1634 15
1831 1565 2090 1628 acutissis

508 1666 656 1704 mum
688 1651 784 1707 Dei
816 1653 1044 1707 verbum
1093 1654 1151 1708 in
1187 1663 1373 1709 mente
1413 1671 1643 1725 gerens,
1675 1664 1729 1709 et
1772 1657 2086 1712 acutissime

2194 563 2452 628 διάνοιαν,
2496 563 2589 616 καὶ
2642 562 2732 616 διὰ
2781 560 2874 615 τοῦ
2931 560 3127 624 εἰπεῖν,
3168 578 3187 610 ι
3230 558 3318 611 Ἐν
3342 556 3485 627 ἀρχῇ
3516 551 3585 626 ἧν
3611 557 3640 609 6
3666 555 3771 607 Λό-

2192 672 2308 724 γος,
2359 673 2377 706 ι
2426 656 2607 708 πᾶσαν
2651 652 2985 716 ἀποκλείσας
3039 650 3389 723 παρείσδυσιν
3416 649 3529 711 τοῖς
3576 646 3638 712 ἐξ
3673 646 3773 700 οὑκ

2191 747 2356 800 ὄντων
2386 742 2524 800 εἶναι
2553 746 2772 815 λέγουσι
2801 745 2892 799 τὸν
2925 743 3077 808 Υίὸν,
3116 744 3210 796 καὶ
3243 742 3424 795 πᾶσαν
3456 739 3637 793 αὑτῶν
3676 738 3775 808 τὴν

2190 837 2248 889 ὲν
2278 836 2489 899 τούτοις
2507 835 2872 904 είκαιολογίαν
2891 834 3182 904 ἀποτόμως
3215 828 3506 903 περιελὼν,
3545 828 3629 898 ἐφ’
3657 828 3776 881 ἑτέ-

2192 944 2290 998 ραν
2317 926 2532 997 ἔρχεται
2572 926 2793 995 γείτονα
2825 943 2887 979 τε
2920 924 3015 978 καὶ
3046 922 3504 994 δυστροπιινιάτην
3533 920 3769 991 αῐρεσιψ

2190 1017 2284 1072 καὶ⁵
2311 1016 2498 1089 ὥσπερ
2526 1017 2593 1071 ἂν
2624 1016 2789 1082 εἴτις
2832 1016 3053 1089 ἄριστός
3102 1033 3162 1068 τε
3192 1013 3329 1085 ὁμοῦ
3366 1013 3458 1067 καὶ
3493 1008 3776 1082 τληπαθὴς
3838 1004 3843 1019 ’

2190 1110 2511 1182 φυτουργὸς,
2540 1111 2652 1173 τοῖς
2671 1109 2769 1181 μὲν
2801 1108 2895 1163 ἐπὶ
2926 1111 2993 1181 τῇ
3023 1108 3242 1180 δικέλλῃ
3285 1106 3381 1161 καὶ
3416 1104 3561 1177 μάλα
3586 1103 3651 1174 δὴ
3676 1102 3775 1156 πό-

2188 1216 2297 1263 νοις
2317 1201 2585 1272 ὲφήδοιτο,
2601 1199 3037 1273 περιεζωσμένος
3065 1199 3123 1253 δὲ
3142 1198 3241 1270 τὴν
3269 1196 3468 1266 ὀσφὺν,
3486 1195 3582 1249 καὶ
3598 1194 3672 1257 ὡς
3693 1192 3773 1246 ἔνι

2191 1290 2423 1361 μάλιστα
2454 1293 2567 1352 τοῖς
2599 1291 2752 1362 αὑτῷ
2797 1291 3104 1361 πρέπουσιν
3145 1289 3593 1362 ἀγροικιζόμενος
3636 1286 3774 1355 σχή-

2191 1398 2344 1453 μασι,
2368 1383 2548 1436 πᾶσαν
2576 1384 2780 1435 ποιοῖτο
2813 1382 3069 1453 σπουδὴν,
3095 1380 3193 1452 τῆς
3216 1380 3277 1446 ἐξ
3300 1378 3551 1434 ἀκανθῶν
3582 1375 3772 1447 ἀηδίας

2188 1473 2479 1543 ἐλευθέραν
2518 1473 2799 1538 ἀποδεῖξαι
2826 1472 2921 1527 τοῦ
2957 1472 3285 1544 παραδείσου
3305 1471 3403 1543 τὴν
3432 1470 3576 1539 ὄψιν,
3605 1466 3772 1536 ἀλλην

2187 1564 2244 1617 δὲ
2277 1565 2552 1637 ἐπ’ἄλλην
2580 1565 2976 1637 καταστρέφων
3022 1564 3085 1617 οὑ
3126 1563 3382 1629 παύεται,
3434 1563 3530 1615 καὶ
3585 1558 3773 1628 κύκλῳ

2187 1660 2518 1730 περινοστῶν
2541 1662 2627 1715 ἀεὶ
2648 1660 2710 1713 τὸ
2736 1659 2943 1715 λυποῦν
2975 1657 3244 1731 ἀνοχλίζει
3274 1657 3452 1726 ξύλον,
3484 1654 3578 1709 τὸν
3614 1652 3773 1722 σκλη-

506 1751 674 1810 atque
700 1745 1057 1814 sagacissime
1086 1746 1447 1816 malignitatis
1472 1747 1857 1803 haereticorum
1884 1748 2083 1803 acerba

2191 1750 2281 1822 ρὸν
2318 1752 2506 1807 ὀδόντα
2544 1754 2644 1824 τῆς
2686 1752 2936 1823 δικέλλης
2966 1750 3244 1814 ὑποτιθείς
3264 1768 3275 1781 ·
3314 1748 3456 1803 οὑτω
3486 1748 3582 1801 καὶ
3608 1748 3636 1800 6
3667 1761 3772 1816 μα-

507 1835 750 1903 germina
810 1836 1296 1907 circumspiciens,
1335 1838 1403 1894 ad
1453 1853 1517 1895 ea
1549 1843 1757 1897 cursim
1810 1842 2083 1912 quodam-

2188 1816 2377 1915 κάριος
2393 1816 2674 1917 Ἰωάννης,
2708 1844 2802 1899 τὸν
2836 1816 3035 1908 ζῶντα,
3060 1842 3153 1897 καὶ
3178 1841 3394 1912 ὲνεργῆ,
3413 1839 3507 1893 καὶ
3528 1838 3772 1908 τομώτα-

509 1926 675 1981 modo
707 1925 911 1993 fertur,
958 1944 1023 1984 ac
1074 1930 1260 1986 statim
1308 1932 1459 1988 omni
1504 1948 1568 1989 ex
1614 1941 1773 2005 parte
1823 1935 2080 2001 succidit,

510 2018 919 2089 lectoribusque
953 2021 1071 2076 suis
1105 2021 1323 2077 tuendae
1352 2031 1517 2079 recta:
1551 2022 1672 2080 ﬁdei
1708 2026 1927 2080 modum
1953 2044 2085 2098 sup-

509 2107 738 2177 peditat.
770 2107 905 2164 Vide
934 2110 1081 2165 enim
1122 2127 1321 2167 rursus
1360 2112 1602 2170 hominis
1645 2124 1838 2170 sancto
1873 2114 2083 2187 Spiritu

509 2200 673 2257 alllati
720 2201 1092 2271 prudentiam.
1143 2202 1341 2258 Docuit
1386 2211 1550 2260 antea
1592 2203 1832 2261 Verbum
1866 2221 1988 2262 csse
2026 2207 2082 2261 in

509 2291 808 2362 principio,
843 2293 949 2348 hoc
1000 2303 1085 2350 est
1138 2294 1192 2349 in
1225 2295 1336 2350 Deo
1373 2305 1427 2351 et
1466 2296 1657 2361 Patre,
1704 2306 1763 2351 ut
1816 2299 2079 2354 diximus.

509 2378 644 2435 Cum
707 2391 890 2436 autem
946 2389 1129 2437 mente
1182 2385 1699 2456 perspicacissimus
1753 2396 1931 2455 esset,
1981 2403 2082 2443 nec

509 2471 808 2540 ignoraret,
838 2481 896 2528 ut
930 2474 1190 2531 credibile
1230 2485 1336 2544 est,
1363 2477 1711 2533 suborituros
1749 2477 1962 2548 aliquos
1987 2481 2081 2548 qui

509 2578 618 2634 prae
657 2565 827 2618 multa
864 2565 1173 2636 ignorantia
1213 2567 1460 2622 dicerent
1516 2583 1686 2623 unum
1737 2576 1790 2623 et
1829 2568 2079 2624 eumdem

510 2666 627 2708 esse
682 2650 902 2707 Patrem
950 2667 1013 2708 ac
1064 2652 1288 2718 Filium,
1338 2662 1391 2709 et
1445 2656 1768 2711 nominibus
1818 2657 2083 2712 duntaxat

511 2749 750 2797 sanctam
785 2740 1117 2798 Trinitatem
1146 2743 1575 2814 distinguerent,
1611 2761 1711 2801 nec
1747 2747 1800 2801 in
1841 2748 2079 2817 propriis

2184 1950 2276 1987 τον
2302 1933 2395 1986 τοῦ
2425 1934 2561 1988 Θεοῦ
2592 1934 2749 2002 λόγον
2789 1936 2848 1986 ὲν
2885 1932 3094 2001 διανοίᾳ
3143 1931 3345 1999 φορῶν,
3381 1928 3771 1992 ὀξυωπέστατά

2180 2041 2241 2077 τε
2270 2025 2365 2077 καὶ
2390 2026 2785 2094 νουνεχέστατα
2817 2024 2916 2094 τῆς
2936 2021 3046 2074 τῶν
3080 2019 3536 2089 ἑτεροδοξοὺντων
3566 2017 3768 2079 κακίας

2183 2115 2250 2168 τά
2286 2116 2475 2184 πικρά
2523 2113 2835 2186 περιαθρῶν
2887 2111 3262 2182 βλαστήματα,
3312 2107 3593 2178 μονονουχὶ
3632 2106 3768 2176 πρὸς

2183 2206 2323 2259 αὑτά
2351 2205 2606 2276 δρομαῖος
2628 2203 2869 2273 ἔρχεται,
2893 2201 2987 2255 καὶ
3010 2200 3305 2270 ἀποτέμνει
3328 2197 3539 2269 γοργῶς
3563 2213 3769 2251 παντα-

2181 2300 2357 2371 χόθεν,
2385 2300 2498 2362 τοῖς
2549 2293 2956 2365 ἐντευξομένοις
3008 2293 3121 2355 τοῖς
3155 2288 3322 2346 αὑτοῦ
3370 2289 3767 2359 συγγράμμασι

2180 2390 2241 2444 τὸ
2262 2392 2318 2446 ὲν
2348 2389 2481 2461 ὀρθῇ
2524 2390 2591 2459 τῇ
2626 2386 2809 2439 πίστει
2867 2382 3229 2453 φυλάττεσθαι
3295 2379 3596 2453 προξενῶν.
3656 2379 3767 2432 Θέα

2180 2481 2288 2553 γὰρ
2316 2480 2380 2552 δὴ
2401 2479 2561 2534 πάλιν
2577 2477 2671 2530 τοῦ
2698 2474 3148 2546 πνευματοφόρου
3173 2472 3267 2544 τὴν
3286 2472 3472 2542 νῆψιν·
3497 2469 3783 2534 Ἐδίδαξενι

2179 2572 2237 2625 ἐν
2270 2571 2382 2633 τοῖς
2428 2565 2812 2639 προλαϐοῦσιν,
2862 2563 2938 2627 ὡς
2965 2558 3033 2634 ἦν
3064 2564 3092 2616 6
3117 2561 3288 2629 Λόγος
3326 2560 3385 2615 ὲν
3417 2560 3581 2629 ἀρχῇ,
3622 2555 3765 2610 τοῦτ’

2180 2662 2346 2726 ἔστιν,
2375 2662 2430 2713 ἐν
2458 2660 2536 2731 τῷ
2577 2658 2697 2729 Θεῷ
2745 2656 2839 2711 καὶ
2880 2656 3075 2725 Πατρὶ,
3124 2653 3377 2725 καθάπερ
3438 2653 3759 2722 εἰρήκαμεν.

2191 2754 2409 2824 Ἐπειδὴ
2423 2753 2478 2806 δὲ
2506 2752 2569 2804 τὸ
2590 2752 2688 2821 τῆς
2710 2748 2946 2810 διανοίας
2971 2746 3125 2818 ὄμμα
3149 2745 3558 2815 πεφωτισμένον
3595 2741 3761 2811 ἔχων,

503 2834 894 2904 nypostasibus
938 2850 1061 2891 esse
1109 2834 1508 2899 concederent,
1558 2845 1617 2892 ut
1660 2836 1823 2892 Pater
1857 2839 2078 2908 quidem

2185 2848 2275 2901 οὑκ
2301 2844 2506 2914 ἠγνόει,
2524 2841 2664 2896 κατά
2693 2841 2753 2894 τὸ
2788 2838 2955 2904 εἰκὸς,
2972 2838 3047 2902 ὡς
3075 2834 3469 2907 ἀναστήσονταί
3498 2849 3668 2898 τινες,
3701 2835 3766 2884 ὲκ

506 2938 697 2977 revera
750 2924 1088 2993 intelligatur
1112 2925 1299 2990 Pater,
1337 2943 1446 2981 non
1489 2926 1662 2983 Filius
1693 2947 1704 2982 :
1739 2927 1913 2983 Filius
1948 2928 2076 2984 item

2185 2934 2378 3004 πολλῆς
2440 2931 2679 3003 ἀμαθίας
2711 2931 2807 2983 ένα
2853 2925 3074 2981 καὶτὸν
3134 2924 3295 2978 αὑτὸν
3335 2919 3471 2976 εἷναι
3515 2922 3766 2989 λέγονι)ς

500 3026 626 3065 esse
656 3011 878 3079 pr0prie
907 3010 1100 3075 Filius,
1121 3027 1185 3067 ac
1214 3029 1321 3067 non
1343 3012 1527 3077 Pater,
1559 3024 1617 3069 ut
1644 3006 1719 3071 ρκ’
1733 3017 1812 3072 rei
1847 3017 2079 3075 veritate

2185 3026 2395 3098 Πατέρα
2457 3024 2551 3077 καὶ
2604 3021 2753 3095 Υἱὸν,
2805 3020 2898 3075 καὶ
2965 3018 3124 3089 μόνον
3174 3015 3404 3086 ὀνόμασι
3443 3012 3553 3095 ,τὴν
3604 3012 3765 3080 ἀγίιν

503 3101 818 3157 necessario
876 3100 1155 3157 fatendum
1220 3104 1383 3160 nobis
1428 3113 1535 3172 est,
1592 3108 1758 3163 etiam
1815 3111 2077 3171 adversus

2185 3120 2388 3192 Τριάδα
2414 3115 2835 3178 διαστέλλοντες,
2878 3115 2935 3167 δν
2965 3111 3023 3165 δὲ
3061 3108 3422 3164 ὑποστάσεσιν
3459 3107 3662 3205 ίδικαῖς
3700 3105 3763 3157 οὑ

503 3193 645 3250 hanc
676 3192 929 3250 haeresim
971 3195 1128 3265 quasi
1156 3195 1270 3267 jam
1313 3207 1426 3252 tum
1469 3199 1785 3256 excitatam.
1820 3212 1914 3259 aut
1942 3206 2075 3261 olim

2185 3210 2591 3285 συγχωροῦντες
2609 3207 2898 3279 ὑπάρχειν,
2921 3204 2988 3258 ἵν’
3006 3205 3035 3257 6
3059 3203 3249 3275 Πατὴρ
3270 3203 3367 3272 μὲν
3384 3200 3551 3263 ὅντως
3574 3198 3765 3267 νοῆται

502 3284 746 3342 futuram
794 3295 1061 3352 armatur.
1111 3290 1358 3362 adeoque
1406 3290 1476 3346 ad
1519 3292 1666 3347 illam
1702 3297 2076 3367 evertendam,

2185 3284 2389 3377 Πατῆρ,
2421 3304 2515 3358 καὶ
2564 3302 2665 3371 οὑχ
2715 3298 2843 3361 Υἱός
2867 3315 2880 3328 ·
2936 3296 3066 3358 Υἱὸς
3098 3294 3142 3348 δ’
3182 3289 3250 3347 αὖ
3296 3292 3458 3347 πάλιν
3498 3290 3764 3360 ὑπάρχειν

505 3372 591 3427 his
636 3374 840 3440 verbis,
874 3394 892 3426 ‹
948 3375 1005 3432 In
1052 3379 1326 3451 principio
1371 3388 1490 3437 erat
1526 3380 1787 3451 Verbum,
1836 3406 1855 3440 ι
1891 3391 2074 3446 statim

2185 3372 2349 3459 tam;
2373 3396 2402 3448 6
2450 3392 2600 3457 Υἱὸς,
2653 3390 2748 3443 καὶ
2803 3389 2864 3441 οὑ
2897 3385 3107 3455 Πατὴρ,
3148 3385 3339 3454 ὥσπερ
3368 3380 3461 3436 οὖν
3488 3383 3581 3435 και
3613 3383 3641 3434 ὀ
3665 3381 3764 3448 τῆς

504 3463 777 3533 adiungit,
810 3483 828 3516 ι
863 3467 929 3519 Et
964 3466 1201 3523 Verbum
1248 3484 1365 3526 erat
1393 3473 1534 3543 apud
1575 3473 1778 3538 Deum,
1814 3496 1831 3529 ι
1872 3479 2078 3550 ubique

2185 3484 2436 3558 ἀληθείας
2463 3481 2575 3553 ἔχει
2602 3480 2779 3548 λόγος·
2804 3477 3114 3546 ἀναγκαίως
3133 3475 3227 3527 καλ⁸
3251 3474 3385 3543 πρὸς
3415 3472 3638 3541 ταύτην,
3687 3471 3763 3532 ὡς

505 3553 661 3613 illud,
693 3562 827 3621 erat,
864 3559 1186 3614 necessario
1219 3560 1485 3626 inferens,
1518 3573 1742 3633 pr0pter
1770 3573 2081 3638 generatio-

2185 3553 2580 3647 tm'cnapsioav
2636 3572 2736 3642 lat.
2792 3570 2885 3624 ἐπὶ
2946 3563 3248 3638 παροῦσαν]
3282 3564 3384 3635 ἤδη
3430 3563 3550 3615 κατ’
3587 3564 3765 3615 έκεῖνο

504 3661 628 3702 nem
665 3647 862 3716 ipsius,
892 3665 1018 3719 quae
1044 3658 1129 3707 est
1153 3659 1283 3707 ante
1312 3656 1533 3709 sarcula.
1565 3655 1646 3711 Ex
1672 3673 1741 3714 eo
1770 3676 1900 3717 vero
1929 3663 2077 3733 quod

2185 3667 2397 3740 καιροῦ,
2423 3666 2517 3720 καὶ
2553 3662 2941 3734 κεκινημένην,
2982 3660 3016 3731 ἢ
3070 3660 3164 3714 καὶ
3217 3655 3434 3711 ἔσεσθαί
3468 3671 3597 3707 ποτε
3636 3654 3765 3724 μέλ-

504 3737 677 3793 dicit:
707 3758 725 3790 ι
762 3742 830 3796 Ει
859 3740 1097 3801 Verbum
1124 3750 1240 3798 erat
1271 3746 1413 3815 apud
1443 3746 1633 3816 Deum,
1674 3768 1691 3802 ι
1725 3768 1893 3807 unum
1916 3756 2081 3826 quid-

2185 3737 2374 3815 λουσαν
2399 3757 2496 3829 τὴν
2520 3757 2728 3830 αἵρεσιν
2760 3753 3119 3820 ὲξοπλίζεται,
3145 3750 3240 3805 καὶ
3270 3749 3334 3820 δὴ
3374 3746 3511 3818 πρὸς
3542 3745 3766 3814 ἀναίρε-

468 3820 477 3829 ’
504 3830 627 3883 dam
654 3830 819 3901 idque
847 3848 945 3903 per
967 3850 1026 3891 se
1054 3836 1367 3893 subsistens
1397 3836 1595 3895 Filium
1623 3845 1882 3911 ostendit,
1910 3820 2076 3903 alium

2185 3868 2266 3905 σιν
2320 3849 2489 3919 αὐτῆς
2535 3846 2897 3919 παρατίθησιν
2928 3843 3089 3906 εὐθὺς
3113 3840 3214 3912 τῷ,
3251 3862 3268 3892 ι
3318 3841 3406 3893 Ἐν
3453 3840 3594 3910 ἀρχῇ
3639 3833 3707 3906 ἦν
3738 3838 3765 3888 6

505 3929 688 3979 autem
743 3940 940 3982 rursus
975 3942 1100 3988 esse
1134 3927 1301 3984 Deum
1351 3945 1415 3987 ac
1453 3930 1694 4001 Patrem,
1740 3940 1882 4007 apud
1914 3955 2076 4009 quem

504 4024 622 4069 erat
676 4012 940 4073 Verbum.
995 4018 1284 4086 Quomodo
1335 4024 1504 4091 enim,
1557 4028 1779 4094 amabo,
1828 4030 1882 4085 id
1930 4032 2078 4101 quod

507 4119 674 4159 unum
723 4122 952 4164 numero
991 4116 1108 4175 est,
1164 4111 1343 4182 ipsum
1379 4115 1520 4186 apud
1565 4120 1956 4190 semetipsum,
1995 4126 2079 4178 vel

506 4194 562 4250 in
609 4200 909 4271 semetipso
958 4199 1228 4258 exsistere
1278 4208 1642 4264 censebitur?
1685 4209 1793 4267 Sed
1846 4213 2079 4271 inscitiae

502 4288 665 4359 plena
693 4300 1039 4364 compertum
1062 4294 1130 4348 iri
1165 4312 1289 4366 quae
1319 4296 1387 4355 de
1415 4299 1503 4357 his
1532 4300 1773 4358 haeretici
1804 4313 2076 4372 statuunt,

501 4382 746 4452 posthaec
777 4384 1010 4441 inferius
1045 4385 1391 4456 docebimus,
1416 4391 1510 4448 ubi
1535 4395 1768 4463 quastio
1797 4398 1889 4452 illa
1911 4414 2079 4456 accu-

499 4479 619 4527 rate
650 4475 1040 4545 perpendetur.

2180 3943 2374 4012 Λόγος,
2406 3961 2423 3994 ι
2453 3940 2532 4006 τὸ,
2569 3958 2586 3991 ι
2614 3939 2726 3992 Καὶ
2760 3940 2789 3991 6
2820 3937 2992 4005 Λόγος
3012 3931 3079 4006 ἦν
3107 3934 3242 4005 πρὸς
3276 3933 3365 3985 τὸν
3388 3931 3539 3984 Θεόν·
3578 3949 3594 3981 ι
3632 3945 3766 3981 παν-

2179 4034 2316 4107 ταχῆ
2348 4042 2445 4106 μέν
2481 4033 2542 4086 τὸ
2567 4028 2646 4102 ἦν
2672 4030 2983 4097 ἀναγκαίως
3012 4027 3305 4096 ἐπιφέρων,
3332 4023 3418 4077 διὰ
3447 4023 3546 4093 τὴν
3575 4039 3768 4092 προαι-

2180 4128 2338 4181 ώνιον
2387 4125 2636 4196 γέννησιν
2683 4122 2868 4176 αὑτοῦ·
2933 4121 3021 4174 διὰ
3065 4120 3118 4172 δὲ
3148 4119 3240 4171 τοῦ
3278 4118 3441 4187 φάναι
3477 4116 3566 4169 τὸν
3596 4114 3767 4182 Λόγον

2179 4217 2309 4271 ὄντα
2347 4216 2484 4286 πρὸς
2506 4214 2657 4278 Θεὸν,
2708 4211 2766 4265 ἓν
2801 4211 2898 4282 μέν
2947 4227 2998 4262 τι
3041 4209 3135 4261 καὶ
3166 4206 3469 4276 ὑφεστηκὸς
3495 4205 3624 4258 αὑτὸ
3646 4204 3766 4256 καθ’

2182 4308 2341 4362 ἑαυτὸ
2369 4306 2458 4359 τὸν
2483 4304 2614 4357 Υἱὸν
2638 4299 3216 4369 ὲπιδεικνύωνλτερον
3243 4299 3297 4350 δὲ
3322 4296 3481 4349 πάλιν
3501 4296 3594 4348 τὸν
3629 4294 3760 4347 Θεὸν

2182 4403 2276 4455 καὶ
2314 4396 2555 4468 Πατέρα,
2616 4393 2753 4465 πρὸς
2795 4393 2854 4445 ὃν
2883 4387 2949 4462 ἦν
2973 4394 3000 4443 6
3021 4390 3213 4459 Λόγος.
3255 4387 3378 4450 Πῶς
3405 4387 3511 4457 γὰρ
3540 4385 3674 4447 ὅλως
3707 4381 3767 4435 τὸ

2186 4492 2244 4545 ἓν
2275 4487 2514 4559 ἀριθμῷ,
2540 4486 2671 4540 αὑτὸ
2704 4482 2839 4553 πρὸς
2868 4481 3050 4543 ἑαυτὸ,
3078 4481 3195 4551 ἤτοι
3224 4478 3354 4548 παρ’
3386 4475 3768 4545 ἑαυτῷ,νωῖτο

499 4565 806 4637 ὑπάρχειν;
872 4569 994 4623 Ὀτι
1049 4570 1107 4624 δὲ
1161 4572 1381 4643 ἀμαθὴς
1433 4578 1546 4642 τοῖς
1596 4578 1893 4650 αἱρετικοῖς
1968 4585 2061 4637 καὶ
2126 4587 2154 4637 6
2193 4582 2321 4652 περὶ
2373 4578 2576 4633 τούτων
2620 4573 2975 4647 εὑρεθήσεται
3010 4571 3189 4640 λόγος,
3239 4569 3326 4621 διὰ
3388 4566 3486 4636 τῆς
3533 4567 3589 4617 ἐν
3653 4566 3739 4616 τοῖ

499 4658 953 4730 ὑποτεταγμένοις
969 4661 1200 4735 θεωρίας
1228 4666 1530 4739 διδάξομεν,
1555 4669 1652 4742 τὴν
1676 4672 1784 4726 τῶν
1815 4671 2161 4747 ζητουμένων
2185 4675 2413 4746 βάσανον
2444 4670 2644 4741 ἀκριϐῆ
2678 4666 3057 4736 ποιησάμενοι.

496 4747 894 4837 Demonstrat}?
923 4769 1042 4808 cum
1062 4762 1395 4837 argumentis
1419 4771 1468 4816 et
1498 4761 1790 4837 Scriptura:
1831 4769 2070 4823 testimo-

2196 4764 2532 4837 Ἀπόδειξις
2584 4761 2736 4837 μετὰ
2797 4754 3230 4837 ονυῖλέογιρνμῶν
3276 4753 3383 4837 ,θεαὶ
3428 4749 3769 4837 μαρτυριῶν

567 4821 670 4905 niis
694 4858 710 4881 ,
744 4821 960 4905 quibus
989 4821 1298 4905 ostenditur
1330 4830 1551 4905 Patrem
1596 4821 1650 4888 in
1697 4838 1913 4905 propria
1960 4821 2071 4894 esse

2244 4821 2831 4905 Γραφικῶνξὸτικαὶ
2921 4821 3123 4905 Πατὴρ
3158 4826 3227 4878 ἐν
3271 4824 3389 4905 ἰδίῃ
3411 4824 3595 4905 ἐστὶν
3628 4823 3766 4905 ι)πο-

567 4889 873 4973 Ιψροξιαεὶ,
912 4894 1207 4973 εΑΑΡίιὶιιιη
1252 4900 1529 4973 similiter,
1571 4889 1907 4972 quib'usc'unr

2246 4889 2485 4967 ἇὶάῖῖει,
2500 4889 2598 4956 καί
2620 4905 2667 4973 di
2686 4889 3142 4973 Y'idcdwadtaig,
3169 4889 3766 4973 at’rdebﬂorovpé1;(3v

566 4960 806 5051 uidelicet
841 4966 1101 5051 asseritur
1131 4979 1348 5051 sanctus
1384 4960 1638 5040 Spiritus,
1674 4976 1796 5030 licet
1831 4960 1965 5033 nihil
1986 4960 2073 5034 ide

2246 4960 2531 5051 δηλονότι
2576 4972 2694 5051 τοῦ.
2733 4960 2936 5051 ἀγῖίογν
2956 4960 3321 5051 Πιςεύματος.
3347 4967 3399 5051 εί
3432 4962 3529 5051 καὶ
3557 4960 3767 5042 ,μηδὲν

568 5030 683 5097 ipso
709 5030 1506 5104 queraturinzprresentiartim.
1625 5030 1637 5040 ’
1836 5030 1857 5031 ﬂ
1930 5030 1957 5033 η

2244 5030 2343 5100 ἐδέὶ
2391 5043 2496 5097 τοῦ
2539 5030 2836 5110 παρόντος
2867 5030 3197 5102 ἐξετάζοὶτο
3241 5035 3371 5101 περὶ
3400 5032 3607 5086 αὐτοῦ.

566 5118 1068 5184 Consubstantialis
1092 5132 1311 5199 quidem
1338 5142 1423 5188 est
1443 5134 1620 5193 Filius
1642 5136 1813 5206 Patri,
1834 5150 1888 5196 et
1913 5140 2074 5198 Pater

2259 5134 2574 5204 Ὀμοούσιος
2614 5131 2711 5200 μὲν
2743 5130 2770 5181 ὀ
2794 5127 2919 5190 Υἱὸς
2960 5145 3037 5196 vi:
3068 5126 3261 5195 Πατρὶ,
3297 5124 3392 5177 καὶ
3416 5126 3443 5177 6
3478 5121 3668 5191 Πατὴρ
3689 5119 3766 5189 τῷ

496 5211 658 5268 Filio.
707 5215 920 5273 Idcirco
976 5220 1029 5274 in
1078 5223 1498 5282 similitudinem
1544 5244 1779 5299 prorsus
1823 5235 2071 5290 eamdem

2185 5225 2327 5296 Υἱῷ·
2360 5225 2440 5278 διὸ
2471 5224 2535 5294 δὴ
2574 5224 2651 5285 εἰς
2694 5219 3113 5291 ἀπαράλλακτον
3163 5216 3543 5270 ἀναϐαίνουσιν
3587 5211 3768 5281 ὁμοιό-

494 5312 719 5373 cocunt,
752 5306 824 5361 ita
869 5316 927 5362 ut
969 5319 1232 5367 cernatur
1271 5314 1493 5385 quidem
1542 5318 1596 5373 in
1638 5318 1781 5376 Filio
1812 5321 1993 5386 Pater,
2020 5333 2074 5379 et

2185 5331 2338 5386 τηταο
2367 5315 2442 5378 ὡς
2478 5313 2707 5385 ὁρᾶσθαι
2747 5311 2848 5382 μὲν
2878 5313 2936 5364 ὲν
2963 5308 3077 5381 Υἱῷ
3110 5308 3201 5362 τὸν
3238 5306 3479 5376 Πατέρα,
3516 5306 3573 5356 ὲν
3604 5303 3661 5355 δὲ
3691 5302 3767 5372 τῷ

495 5395 569 5450 in-
585 5395 748 5454 Patre
780 5397 977 5491 Filius.
1002 5408 1057 5457 et
1080 5403 1223 5457 alter
1252 5405 1307 5459 in
1343 5405 1518 5461 altero
1552 5408 1778 5480 fulgeat,
1807 5414 2069 5482 quemad-

2185 5409 2356 5480 Πατρὶ
2384 5410 2475 5461 τὸν
2524 5407 2673 5472 Υἱὸν,
2699 5407 2794 5459 καὶ
2839 5404 2917 5476 τῷ
2960 5404 3131 5474 ἑτέρῳ
3169 5401 3260 5454 τὸν
3289 5399 3474 5467 ἕτερον
3504 5396 3765 5491 ἐναστρά-

498 5488 722 5543 modum
762 5488 879 5561 ipse
904 5510 1126 5564 quoque
1155 5496 1288 5550 dicit
1320 5498 1524 5553 alicubi
1560 5518 1573 5553 :
1613 5518 1631 5551 ι
1663 5500 1767 5566 Qui
1801 5505 1944 5557 videt
1970 5507 2074 5577 16

2185 5518 2362 5564 πτειν,
2388 5498 2530 5553 καθά
2553 5499 2644 5550 καὶ
2674 5498 2832 5562 αὑτός
2879 5497 2980 5550 πού
3012 5509 3195 5564 φησιν’
3227 5511 3244 5541 ι
3268 5491 3327 5543 '0
3353 5489 3614 5560 ἑωρακὼς
3644 5489 3763 5558 ἐμὲ,

499 5595 604 5644 me,
642 5581 786 5635 videt
818 5590 874 5636 ct
906 5583 1147 5639 Patrem.
1188 5606 1206 5639 ι
1239 5585 1370 5642 Item
1409 5607 1421 5642 :
1460 5608 1479 5640 ι
1521 5589 1632 5661 Ego
1672 5593 1725 5646 in
1770 5592 1959 5660 Patre,
2016 5606 2070 5651 et

2185 5589 2389 5658 ἑώρακε
2430 5589 2518 5641 τὸν
2542 5587 2757 5659 Πατέρα
2785 5606 2907 5659 μου.
2951 5608 2967 5638 ι
2999 5587 3109 5640 Καὶ
3150 5583 3308 5636 πάλιν
3330 5600 3341 5612 ·
3381 5601 3399 5633 ι
3444 5580 3582 5650 Ἐγὼ
3608 5583 3663 5632 ὲν
3691 5579 3766 5647 τῷ

497 5669 663 5724 Pater
697 5670 751 5725 in
782 5687 867 5727 me
901 5680 986 5727 cst
1015 5675 1081 5728 ³³.
1122 5694 1140 5727 ι
1169 5677 1237 5731 At
1271 5679 1521 5749 quamvis
1550 5688 1620 5736 snt
1659 5681 1711 5735 in
1747 5679 1931 5751 Patre,
1968 5684 2064 5738 ha-

2185 5681 2373 5754 [Ιατρῖ.
2424 5683 2513 5735 καὶ
2546 5684 2573 5735 6
2612 5681 2799 5753 Πατὴρ
2832 5681 2883 5733 ἐν
2916 5680 3058 5751 ἐμοί.
3092 5699 3105 5731 ι
3152 5675 3291 5730 ’Λλὶῧ
3325 5678 3369 5730 εἰ
3408 5676 3499 5729 καὶ
3535 5674 3678 5726 ἔστιν
3708 5673 3764 5722 ἐν

568 5807 613 5838 ³²
638 5805 798 5864 .loan.
828 5826 940 5877 xiv,
978 5809 1031 5879 9,
1060 5811 1149 5867 ‘20.
