4092 6274
312 288 388 343 ’55
1365 285 1431 342 ΙΝ
1470 286 1756 345 ΙΟᾹΝΝΙΞ
1797 286 1906 343 Ενέ

2006 287 2251 346 ῖιΕῌυΜ
2292 286 2421 344 LIB.
2456 290 2499 349 Ι.
3511 294 3598 350 διδ

320 381 396 452 τῷ
430 382 620 454 Πατρὶ.
645 381 758 453 ἔχει
789 384 843 436 δὲ
879 384 1037 439 πάλιν
1062 386 1119 438 ἒν
1147 383 1326 456 ἑαυτῷ
1348 389 1439 440 16v
1460 388 1677 457 Πατέρα
1710 389 1906 459 (καλῶς

2014 388 2250 457 beatque
2292 387 2541 443 vicissim
2578 386 2632 440 in
2680 386 2867 457 seipso
2900 385 3146 450 Patrem,
3176 393 3326 441 recte
3356 385 3581 457 quidem

325 473 425 542 μὲν
458 473 616 537 αὑτὸς
636 512 652 538 ,
680 475 931 546 καθάπερ
964 476 1066 547 ήδη
1102 478 1445 549 προείρηται,
1485 481 1620 549 πρὸς
1668 480 1769 552 τὴν
1803 479 1897 532 τοῦ

324 566 684 635 γεννήσαντος
702 567 1163 638 ἀπηκριϐωμένος
1190 571 1407 639 μορφήν
1432 580 1445 599 δ
1470 569 1899 641 ἀπαραποιήτως

321 656 377 707 δὲ
410 656 595 721 πάλιν,
626 656 685 722 ἐξ
712 649 785 710 ὧν
816 660 963 711 ἐστιν
994 658 1156 721 αὐτὸς
1179 660 1238 712 ἐν
1261 660 1438 731 ἑαυτῴ
1456 661 1547 715 16v
1565 662 1901 732 γεννήσαντα

324 744 650 816 ζωγραφῶν)
683 765 698 779 ’
731 749 793 802 οὐ
841 748 929 804 διὰ
953 738 1111 803 τοῦτο
1136 751 1197 803 τὸ
1220 752 1486 823 ὑπάρχειν
1520 753 1665 817 ἰδίως
1699 753 1903 824 ζημιω-

323 836 567 905 θήσεται,
600 837 705 890 οὑδ’
735 834 801 893 αὖ
828 839 992 894 πάλιν
1018 841 1273 897 ἀπολέσει
1306 845 1334 896 6
1360 844 1552 915 Πατὴρ
1581 845 1642 897 16
1667 845 1898 913 ὑφεστά-

322 945 411 981 ναι
443 929 560 981 καθ’
583 930 775 984 ἑαυτόν
794 948 807 961 ο
831 932 946 985 ἀλλ’
990 932 1111 986 οὑδὲ
1134 935 1166 1003 ή
1194 934 1366 1007 πολλὴ
1394 936 1514 990 λίαν
1541 938 1810 1008 ἐμφέρειά
1842 955 1900 991 τε

320 1021 415 1073 καί
451 1022 704 1091 ὁμοιότης
723 1023 983 1094 ἀνάχυσίν
1016 1042 1139 1079 τινα
1165 1026 1276 1080 τῶν
1296 1027 1648 1084 ὑποστάσεων
1671 1031 1902 1100 ἐργάσε-

318 1130 429 1177 ται,
457 1117 533 1178 ὡς
580 1114 640 1168 ἒν
669 1116 911 1170 νοεῖσθαι
948 1117 1028 1189 τῷ
1057 1118 1279 1190 ἀριθμῷ
1310 1120 1402 1173 τὸν
1422 1122 1759 1192 γεννήσαντα
1789 1124 1903 1175 Πα-

320 1206 473 1275 τέρα,
497 1208 590 1259 καὶ
620 1208 712 1261 τὸν
745 1208 804 1274 ἐξ
837 1209 1001 1263 αὑτοῦ
1038 1210 1368 1282 γεννηθέντα
1398 1213 1524 1266 Υἰόν
1549 1231 1562 1245 ·
1593 1213 1707 1267 ἀλλ’
1736 1216 1769 1284 ή
1803 1213 1901 1284 μὲν

320 1299 585 1368 ταυτότης
609 1300 710 1369 τῆς
743 1300 959 1369 φύσεως
981 1303 1070 1356 ἐπ’
1095 1304 1297 1375 ἀμφοῖν
1324 1304 1809 1375 ὁμολογηθήσεται,
1843 1306 1902 1358 τὸ

321 1389 377 1442 δὲ
412 1390 555 1454 ἰδίως
594 1390 857 1463 ἑκάτερον
880 1393 1181 1462 ὑφεστάναι
1216 1396 1434 1459 πάντως
1472 1396 1789 1450 ἀκολουθεῖ·
1815 1398 1904 1451 ἵνα

322 1480 415 1533 καὶ
438 1482 465 1532 6
486 1482 676 1553 Πατὴρ
705 1484 875 1547 ὅντως
893 1485 1081 1554 νοῆται
1111 1487 1324 1557 Πατὴρ,
1351 1488 1444 1539 καί
1471 1490 1500 1540 6
1523 1487 1645 1550 Υἰὺς
1666 1488 1723 1540 δὲ
1754 1487 1898 1550 Υίός.

336 1571 843 1642 Ἐπαριθμουμένου
902 1574 1010 1644 γὰρ
1063 1574 1204 1629 οὕτω
1247 1575 1342 1629 καὶ
1382 1575 1900 1648 συνθεολογουμένου

324 1663 417 1714 τοῦ
460 1664 615 1730 ἁγίου
670 1664 986 1733 Πνεύματος
1011 1705 1027 1729 ,
1061 1668 1095 1735 ἡ
1133 1667 1266 1733 ἁγία
1312 1667 1406 1723 καὶ
1454 1670 1902 1740 προσκυνουμένη

327 1749 495 1821 Τριὰς
508 1753 571 1805 τὸ
603 1754 800 1806 οἰκεῖον
828 1754 948 1822 ,ἕξει
979 1755 1271 1828 πλήρωμα.

403 1844 634 1899 'AAAO.
663 1844 726 1897 Εἰ
758 1845 924 1909 αὐτός
955 1848 1105 1901 ἐστιν
1136 1851 1165 1902 6
1192 1849 1321 1913 Υἰὸς
1365 1851 1457 1904 καὶ
1484 1852 1706 1924 Πατὴρ,
1756 1855 1907 1908 ποῖον

327 1934 442 2004 ἔχει
496 1935 717 2007 λόγονή
767 1938 876 1990 τῶν
913 1938 1194 2009 ὀνομάτων
1239 1940 1487 2014 διαστολή
1521 1960 1536 2009 ;
1567 1944 1629 1996 Εἰ
1675 1946 1749 2015 μὴ
1798 1946 1907 2016 γὰρ

325 2026 462 2091 ὅλως
489 2028 797 2098 ἐγέννησεν,
828 2029 911 2082 ἵνα
941 2029 995 2083 τί
1017 2030 1473 2106 καλεῖταιΠατήρ
1496 2053 1510 2101 ;
1538 2035 1662 2097 Πῶς
1692 2036 1749 2089 δὲ
1771 2035 1906 2098 ὅλως

326 2120 472 2184 Υἰὺς,
507 2122 557 2173 εἰ
596 2121 672 2192 μὴ
709 2122 971 2193 ἐγεννήθη
1013 2124 1164 2194 παρά
1212 2128 1422 2196 Πατρός
1454 2144 1469 2193 ;
1503 2129 1658 2182 Αἰτεῖ
1683 2130 1791 2199 γὰρ
1830 2130 1908 2194 ὡς

321 2210 382 2276 ἐξ
432 2212 679 2281 ἀνάγκης
729 2213 828 2284 τὴν
878 2213 1138 2285 τοιαύτην
1186 2215 1272 2284 ἐφ’
1318 2218 1530 2281 ἑαυτοῖς
1574 2219 1907 2289 θεωρίαντά

318 2304 578 2375 ὀνόματα.
622 2304 926 2376 Ἐπειδὴδέ
959 2308 1316 2379 γεγεννῆσθαι
1362 2310 1452 2363 τὸν
1486 2311 1613 2364 Υἰὸν
1655 2314 1712 2365 αἰ
1763 2312 1904 2368 θεῖαι

319 2393 651 2465 κηρύττουσι
677 2397 913 2468 Γραφαί,
959 2402 1054 2453 καὶ
1087 2402 1116 2453 6
1155 2402 1252 2471 τῆς
1297 2402 1556 2473 ἀληθείας
1588 2402 1761 2468 οὕτως
1791 2404 1905 2475 ἔχει

317 2483 477 2553 λόγος
502 2525 516 2550 ,
553 2487 858 2559 ὑφέστηκεν
909 2490 1018 2560 ἀρα
1061 2492 1182 2546 καθ’
1216 2494 1426 2549 ἑαυτόν.
1456 2495 1609 2548 Ἔστι
1645 2495 1703 2549 δὲ
1743 2496 1905 2550 πάλιν

320 2574 631 2640 ἰδιαζόντως
666 2579 762 2631 καὶ
787 2580 815 2632 6
843 2578 1056 2652 Πατὴρ,
1080 2581 1237 2653 εἴπερ
1265 2583 1448 2654 ἕτερον
1475 2583 1534 2651 ἐξ
1558 2585 1748 2656 ἐτέρου
1777 2585 1905 2655 φαί-

320 2685 469 2721 νεται
497 2670 559 2722 τὸ
593 2670 931 2741 γεννώμενον
952 2671 1028 2736 ὡς
1051 2673 1188 2744 πρὸς
1218 2674 1278 2727 16
1304 2675 1527 2743 γεννῶν.

394 2851 625 2907 ’ΛΔΛΟ.
668 2852 728 2905 Ὅ
775 2852 1043 2925 μακάριος
1093 2853 1324 2921 Παῦλος,
1352 2858 1680 2912 ἐπιστέλλων
1715 2859 1904 2913 Φιλιπ-

322 2943 560 3013 πησίοις,
604 2943 842 3016 περὶτοῦ
878 2944 1010 2998 Υἰοῦ
1039 2962 1241 3016 φησιν’
1283 2965 1302 2998 ι
1331 2948 1426 3010 Ὃς
1455 2951 1513 3001 ἐν
1548 2953 1731 3021 μορφῇ
1766 2950 1900 3004 Θεοῦ

324 3035 604 3137 ὑπάρχων,
638 3037 739 3106 οὐχ
765 3036 1058 3108 ἁρπαγμὸν
1083 3038 1327 3110 ἡγήσατο
1357 3039 1418 3092 τὸ
1446 3036 1588 3094 εἶναι
1611 3037 1702 3094 ἰσα
1728 3042 1899 3114 Θεῷ.»
1933 3080 1976 3137 C

324 3124 421 3187 Τίς
446 3121 538 3177 οὖν
577 3125 687 3194 ἄρα
717 3127 864 3179 ἐστὶν
890 3129 918 3179 6
935 3128 1229 3199 ἁρπαγμὸν
1251 3129 1313 3182 οὐ
1336 3129 1572 3201 θελήσας
1597 3133 1905 3203 ἡγήσασθαι

321 3213 385 3267 16
429 3210 570 3269 εἶναι
616 3211 710 3268 ἶσα
737 3215 891 3287 Θεῷ;
929 3217 999 3270 Ἦ
1051 3218 1161 3288 γάρ
1190 3220 1291 3273 οὐκ
1323 3220 1536 3292 ἀνάγκη
1585 3223 1783 3291 λέγειν,
1810 3224 1905 3277 ἕνα

325 3306 425 3378 μέν
457 3325 578 3361 τινα
608 3308 875 3379 ὑπάρχειν
905 3308 997 3362 τὸν
1023 3311 1081 3364 ἐν
1114 3313 1296 3382 μορφῇ
1320 3311 1477 3383 Θεοῦ,
1501 3312 1687 3382 ἕτερον
1715 3314 1771 3366 δὲ
1802 3314 1909 3366 πά-

321 3397 408 3449 λιν
461 3396 551 3450 τὸν
584 3390 756 3469 οὗπερ
797 3394 864 3469 ἦν
900 3400 933 3469 ή
966 3400 1146 3470 μορφή
1174 3415 1190 3464 ;
1236 3399 1375 3452 Ἀλλ’
1406 3400 1521 3453 ἐστι
1552 3400 1710 3471 δῆλον
1737 3402 1907 3456 ἂπασι
1948 3409 1958 3421 '

322 3490 420 3543 καὶ
447 3488 899 3560 ὁμολογούμενον.
930 3491 1140 3544 Οὐκοῦν
1172 3492 1270 3561 οὑχ
1298 3491 1359 3544 ’ἐν
1384 3510 1436 3545 τι
1480 3494 1575 3546 καὶ
1601 3494 1798 3548 ταυτὸν
1830 3494 1908 3565 τῷ

319 3579 540 3651 ἀριθμῷ
594 3582 784 3653 Πατὴρ
828 3581 925 3636 καὶ
969 3582 1257 3647 Υἱὺς,ἀλλ’
1301 3583 1686 3650 ἰδιοσύστατοι,
1714 3586 1808 3639 καί
1847 3588 1907 3640 ἐν

318 3669 571 3741 ἀλλήλοις
599 3671 999 3743 θεωρούμενοι,
1030 3672 1175 3727 κατὰ
1202 3675 1302 3746 τὴν
1349 3676 1657 3746 ταυτότητα
1681 3676 1782 3746 τῆς
1814 3677 1904 3730 οὑ-

319 3762 441 3826 σίας
463 3800 481 3828 ,
509 3764 559 3816 εἰ
592 3763 687 3817 καὶ
726 3758 807 3827 εἷς
850 3763 911 3829 ἐξ
942 3763 1060 3829 ὲνὺς
1080 3807 1094 3832 ,
1124 3766 1190 3823 ἐκ
1225 3765 1437 3836 Πατρὸς
1468 3768 1497 3820 6
1522 3767 1650 3832 Υἰὸς
1678 3760 1900 3840 δηλαδή.

398 4027 624 4080 'AAAO.
654 4045 674 4079 ι
722 4026 864 4096 Ἐγὼ
887 4028 982 4081 καὶ
1011 4030 1040 4081 6
1064 4028 1255 4100 Πατὴρ
1288 4028 1345 4082 ἓν
1382 4030 1572 4100 ἐσμεν,
1611 4050 1629 4083 ι
1665 4030 1905 4101 ἔφασκεν

316 4120 346 4172 6
384 4120 609 4190 Σωτήρ·
642 4120 717 4183 ὡς
749 4120 907 4185 εἰδὼς
936 4120 1181 4191 δηλονότι
1216 4122 1310 4175 καὶ
1360 4123 1553 4175 ἐαυτὸν
1615 4124 1759 4185 ἰδίως
1805 4124 1906 4193 ὐφ-

317 4212 610 4282 εστηκότα,
638 4213 734 4265 καὶ
766 4213 858 4266 16v
887 4213 1111 4283 Πατέρα
1133 4229 1146 4242 '
1174 4214 1238 4267 Ei
1263 4213 1318 4266 δὲ
1356 4214 1431 4283 μὴ
1459 4213 1632 4277 οὕτως
1660 4214 1773 4283 ἔχει
1809 4216 1903 4269 τοῦ

320 4302 648 4372 πράγματος
698 4304 731 4371 ή
772 4301 1016 4372 ἀλήθεια,
1044 4305 1099 4354 τί
1153 4301 1228 4373 μὴ
1269 4304 1516 4374 τηρήσας
1552 4306 1618 4373 τῇ
1666 4304 1811 4357 ἐνάδι
1845 4305 1905 4357 τὸ

2003 480 2143 549 ipse,
2173 490 2230 541 ut
2253 480 2412 548 prius
2445 481 2562 549 jam
2593 477 2801 533 dictum
2845 487 2956 544 est,
2984 486 3040 533 et
3073 477 3315 549 perfecte
3361 479 3428 534 ad
3462 476 3580 533 for-

2002 546 2146 621 mam
2181 546 2366 624 Patris
2412 546 2730 638 capressus,
2772 567 3033 637 idemque
3079 566 3488 636 simplicissime
3516 582 3584 622 ex

2001 666 2201 712 natura
2233 674 2334 714 sua
2368 660 2485 729 ipse
2517 660 2573 714 in
2609 659 2794 730 seipse
2825 657 3040 714 Patrem
3072 658 3388 728 exprimens
3420 676 3432 712 :
3472 672 3584 712 non

2002 758 2189 805 tamen
2216 750 2430 811 ideirco
2459 752 2696 824 propriae
2719 750 3063 807 exsistentiae
3083 750 3364 821 jacturam
3398 748 3584 813 faciet,

2004 857 2186 912 neque
2233 844 2480 899 vicissim
2528 843 2688 899 Pater
2726 858 2824 914 per
2867 857 2927 898 se
2975 844 3286 898 subsistere
3331 843 3584 912 desinet;

2004 934 2097 988 sed
2127 948 2231 989 nec
2267 948 2483 989 summa
2524 934 2616 988 illa
2648 934 2960 989 similitudo
2998 933 3383 990 confusionem
3414 935 3585 989 ullam

2006 1022 2403 1093 hypostasibus
2433 1021 2645 1088 aﬂeret,
2682 1023 2756 1077 ita
2793 1030 2853 1077 ut
2890 1038 3000 1078 una
3044 1039 3132 1078 res
3164 1038 3396 1079 numero
3424 1022 3586 1078 intel-

2003 1114 2206 1183 ligatur
2241 1114 2404 1170 Pater
2437 1115 2532 1185 qui
2577 1115 2803 1185 genuit,
2838 1123 2895 1171 et
2942 1115 3038 1186 qui
3084 1130 3148 1170 ex
3207 1116 3329 1186 ipso
3363 1114 3587 1186 gvnitus

2004 1213 2090 1261 est
2110 1205 2284 1262 Filius
2317 1226 2330 1260 :
2365 1222 2557 1262 verum
2599 1206 2943 1263 identitatem
2992 1214 3209 1265 naturae
3255 1208 3312 1261 in
3353 1216 3588 1276 utroque

2005 1298 2433 1365 confitebimur,
2498 1310 2554 1356 et
2614 1300 3211 1371 utrumque.proprie
3279 1298 3590 1355 subsistere

2005 1392 2195 1460 utique
2227 1390 2501 1461 sequitur,
2538 1401 2599 1446 ut
2619 1400 2674 1448 et
2694 1393 2857 1449 Pater
2883 1408 3011 1448 vere
3036 1393 3379 1463 intelligatur
3398 1391 3585 1454 Pater,

2004 1493 2058 1536 et
2094 1480 2272 1537 Filius
2318 1498 2446 1537 vere
2484 1481 2682 1538 Filius.
2732 1482 2826 1539 Sic
2872 1485 3020 1540 enim
3059 1491 3485 1549 connumerato,
3533 1491 3587 1538 et

2005 1573 2151 1627 inter
2182 1573 2498 1630 divinitatis
2545 1589 2816 1645 personas
2865 1576 3030 1630 simul
3076 1576 3348 1630 collocato
3393 1584 3589 1631 sancto

2009 1662 2239 1731 Spiritu,
2271 1671 2465 1718 sancta
2500 1671 2555 1718 et
2591 1663 2869 1719 adoranda
2897 1663 3148 1719 Trinitas
3186 1662 3586 1734 plenitudinem

1938 1742 1981 1797 Β
2011 1766 2168 1807 suam
2200 1753 2488 1808 obtinebit.

2079 1841 2310 1899 ALIUD.
2354 1844 2413 1897 Si
2442 1843 2537 1914 qui
2561 1851 2647 1899 est
2675 1842 2870 1909 Filius,
2895 1843 3017 1913 ipse
3035 1858 3261 1914 quoque
3283 1842 3446 1898 Pater
3465 1851 3549 1899 est
3569 1881 3585 1908 ,

2009 1950 2177 2005 quam
2222 1937 2497 1992 rationem
2525 1936 2750 1993 habebit
2789 1936 2884 1990 illa
2928 1931 3212 1992 nominum
3264 1934 3589 1991 distinctio?

2008 2025 2143 2080 Nam
2168 2028 2217 2082 si
2244 2029 2408 2099 plane
2437 2044 2545 2083 non
2579 2028 2788 2100 genuit,
2823 2043 3092 2101 quorsum
3135 2036 3367 2084 vocatur
3394 2026 3589 2084 Pater?

2009 2117 2300 2186 Quomodo
2337 2135 2469 2176 vero
2506 2119 2683 2175 Filius
2717 2131 2823 2187 est,
2855 2121 2901 2176 si
2930 2136 3041 2175 non
3069 2129 3152 2177 est
3183 2134 3214 2174 a
3246 2118 3409 2175 Patre
3429 2119 3587 2190 geni-

2010 2212 2140 2269 tus‘i
2170 2210 2384 2267 Habent
2414 2212 2561 2267 enim
2608 2213 2665 2266 in
2717 2212 2917 2283 seipsis
2951 2213 3045 2268 illa
3085 2212 3353 2268 vocabula
3386 2225 3587 2266 neces-

2009 2301 2160 2356 sario
2190 2302 2353 2356 talem
2382 2302 2743 2356 intellectum.
2768 2303 2905 2358 Cum
2948 2310 3129 2357 autem
3177 2303 3418 2373 genitum
3462 2317 3589 2357 esse

2009 2390 2206 2446 Filium
2240 2391 2445 2446 divina:
2472 2390 2772 2462 Scriptura:
2806 2393 3130 2463 praedicent,
3153 2401 3208 2448 et
3243 2393 3317 2447 ita
3346 2408 3434 2448 res
3460 2406 3589 2447 vere

2009 2482 2083 2539 sit
2117 2500 2131 2537 :
2183 2482 2443 2538 subsistit
2471 2483 2664 2553 utique
2711 2484 2767 2537 in
2809 2484 3016 2555 seipse.
3057 2482 3124 2537 Et
3157 2484 3401 2539 vicissim
3450 2497 3588 2553 quo-

2007 2589 2118 2645 que
2159 2574 2519 2645 singulariter
2548 2581 2633 2629 est
2662 2573 2826 2630 Pater
2862 2594 2878 2629 :
2918 2574 3191 2645 siquidem
3240 2574 3475 2630 alterum
3517 2589 3587 2629 ex

2009 2664 2187 2717 altero
2215 2666 2561 2734 agnoscitur,
2585 2663 2640 2718 id
2663 2663 2812 2735 quod
2840 2674 2924 2720 est
2950 2666 3194 2737 genitum
3224 2664 3492 2720 relatione
3518 2664 3585 2717 ad

2007 2754 2061 2810 id
2088 2755 2235 2826 quod
2270 2757 2479 2827 genuit.
3396 2744 3401 2747 ’

2075 2846 2305 2902 ALIUD.
2348 2849 2550 2905 Beatus
2581 2848 2787 2906 Paulus
2818 2849 2885 2904 ad
2921 2845 3305 2921 Philippetiscs
3335 2847 3587 2904 scribens

2008 2938 2086 2992 ait
2116 2939 2183 2994 de
2232 2939 2372 2995 Filio
2404 2957 2415 2993 :
2445 2959 2464 2992 ι
2499 2940 2757 3007 Quicum
2803 2942 2857 2996 in
2908 2941 3088 2997 forma
3130 2940 3224 2995 Dei
3271 2951 3441 3007 esset,
3478 2955 3588 2994 non

2010 3031 2261 3102 rapinam
2300 3033 2608 3088 arbitratus
2634 3040 2718 3089 est
2761 3048 2884 3089 esse
2915 3047 2974 3087 se.
3002 3033 3271 3103 aqualem
3311 3030 3427 3086 Deo
3454 3030 3518 3082 ³³.
3563 3049 3582 3080 ι

2010 3123 2148 3189 Quis
2190 3131 2275 3180 est
2322 3124 2492 3194 igitur
2538 3125 2629 3180 ille
2673 3125 2767 3195 qui
2814 3124 3067 3196 rapinam
3112 3124 3290 3180 noluit
3332 3121 3590 3178 arbitrari

2008 3228 2135 3271 esse
2180 3231 2240 3271 se
2280 3217 2543 3287 aequalem
2572 3215 2725 3271 Deo?
2756 3216 3032 3286 Numquid
3063 3217 3209 3271 enim
3234 3229 3479 3270 necesse
3506 3223 3593 3268 cst

2008 3304 2236 3372 dicere,
2308 3323 2478 3361 unum
2537 3306 2832 3376 quemdam
2893 3311 3165 3363 exsistere
3210 3307 3326 3377 ,qui
3391 3309 3465 3362 sit
3533 3308 3591 3360 in

2009 3394 2188 3450 forma
2236 3396 2367 3463 Dei,
2425 3398 2595 3451 alium
2652 3413 2819 3457 vero.
2840 3413 3035 3452 rursus
3097 3397 3251 3450 illum
3307 3399 3472 3467 cujus
3520 3398 3591 3453 sit

2008 3485 2226 3541 forma?
2255 3487 2421 3557 Atqui
2452 3495 2603 3557 patet
2633 3486 2768 3542 illud
2792 3495 2849 3542 et
2903 3488 2959 3542 in
3010 3487 3268 3543 confesso
3301 3499 3387 3543 est
3446 3490 3589 3559 apud

2007 3592 2224 3635 omnes.
2290 3578 2411 3633 Non
2471 3586 2603 3634 sunt
2644 3595 2774 3649 ergo
2835 3594 3008 3633 unum
3058 3589 3114 3635 et
3164 3580 3306 3635 idem
3359 3596 3591 3636 numero

2005 3670 2169 3727 Pater
2190 3681 2244 3727 et
2281 3669 2474 3737 Filius,
2508 3672 2603 3727 sed
2646 3672 2929 3743 prepriam
2980 3672 3184 3727 habent
3224 3673 3587 3745 bypostasim,

2005 3772 2062 3819 et
2109 3764 2253 3820 alter
2289 3765 2343 3818 in
2369 3765 2544 3819 altero
2594 3765 2946 3837 conspicitur
2985 3764 3293 3821 secundum
3330 3763 3591 3820 identita-

2007 3860 2119 3907 tem
2147 3854 2499 3922 substantiae,
2527 3854 2658 3909 licet
2689 3871 2835 3912 unus
2861 3871 2927 3911 ex
2959 3872 3094 3922 uno,
3127 3870 3193 3911 ex
3222 3854 3383 3911 Patre
3415 3854 3590 3912 Filius

2006 3946 2282 4002 videlicet.
2556 4002 2565 4007 -

2077 4037 2310 4095 ALIUD.
2357 4058 2376 4091 ι
2419 4038 2604 4111 Egoet
2658 4040 2827 4097 Pater
2879 4058 3051 4096 unum
3093 4058 3287 4099 sumus
3320 4043 3387 4107 ",
3434 4063 3452 4095 ι
3502 4044 3589 4096 in-

2006 4132 2234 4202 quiebat
2266 4131 2543 4196 Salvator.
2582 4142 2775 4205 utpote
2806 4150 2929 4190 eum
2977 4136 3146 4190 sciret
3187 4138 3429 4206 seipsum
3463 4150 3593 4205 pro-

2007 4222 2124 4292 prie
2175 4237 2398 4292 quoque
2452 4223 2782 4288 subsistere,
2823 4236 2875 4279 et
2902 4227 3148 4280 Patrem.
3198 4226 3354 4292 Quod
3409 4226 3454 4280 si
3510 4227 3589 4281 rei

2009 4315 2217 4371 veritas
2270 4316 2346 4368 ita
2399 4330 2459 4370 se
2516 4331 2623 4370 non
2684 4316 2855 4370 habet
2887 4335 2899 4369 :
2931 4317 3127 4386 quidni
3173 4327 3394 4373 servato
3441 4319 3594 4387 quod

317 4393 529 4462 πρέπον
579 4392 818 4460 ἔφασκεν
843 4409 855 4420 ·
904 4393 1047 4461 Ἐγὼ
1092 4394 1188 4447 καὶ
1229 4396 1257 4446 6
1296 4394 1487 4466 Πατὴρ
1516 4394 1573 4447 ἓν
1608 4395 1763 4464 situ;
1815 4393 1901 4447 Ἐ-

2011 4404 2210 4459 unitati
2264 4405 2569 4471 convenit,
2636 4404 2864 4471 aiebat,
2927 4404 3043 4476 Ego
3093 4415 3149 4461 et
3203 4406 3368 4462 Pater
3420 4424 3587 4461 unum

317 4483 481 4553 πειδὴ
517 4484 575 4536 δὲ
609 4485 686 4546 εἰς
733 4483 1090 4553 πληθυντικὸν
1119 4486 1350 4557 ἀριθμὸν
1397 4487 1460 4540 τὺ
1506 4485 1902 4557 σημαινόμενον

315 4574 562 4639 ἐξαπλοῖ,
595 4572 754 4642 δῆλος
780 4572 846 4625 ἂν
872 4574 957 4642 εἴη
982 4573 1189 4643 λοιπὸν,
1213 4576 1309 4646 τὴν
1325 4577 1432 4629 τῶν
1450 4577 1901 4647 ὲτεροδοξούντων

2003 4496 2171 4551 sum?
2227 4495 2364 4551 Cum
2433 4504 2616 4551 autem
2669 4496 3156 4567 pluraanumero
3206 4498 3258 4552 id
3312 4508 3586 4569 exponat,

2003 4587 2390 4643 lnereticorum
2432 4588 2750 4658 opinionem
2793 4596 3046 4644 evertere
3094 4589 3196 4660 17
3230 4591 3586 4646 manifestum

317 4664 643 4737 ἀνατρέπων
696 4664 972 4717 ὑπόνοιαν.
1024 4666 1159 4719 Οὐδὲ
1210 4667 1318 4736 γὰρ
1373 4669 1438 4721 ἂν
1503 4668 1621 4722 καθ’
1670 4669 1788 4733 ἐνὸς
1843 4671 1903 4723 16

2006 4684 2105 4733 est.
2140 4677 2331 4751 Neque
2352 4680 2498 4734 enim
2535 4697 2739 4747 sumus,
2770 4680 2837 4736 de
2878 4696 2987 4737 uno
3015 4689 3165 4737 recte
3198 4682 3433 4741 dixeris.

315 4755 505 4825 ἐσμὲν
532 4754 851 4827 ἐπενεχθείη
881 4756 1138 4820 συνετῶς.

394 4850 622 4902 'AAAO.
681 4848 806 4902 Ἐπὶ
840 4851 906 4920 τῇ
954 4848 1048 4902 τοῦ
1081 4848 1372 4920 ἀνθρώπου
1408 4857 1715 4926 κατασκευῇ
1746 4857 1897 4927 φωνὴ

317 4940 543 5011 φέρεται
592 4938 748 5004 Θεοῦ,
802 4958 821 4992 ι
870 4942 1194 5012 Ποιήσωμεν
1229 4943 1535 5014 ἄνθρωπον,
1561 4964 1580 4997 ι
1621 4947 1899 5015 λέγοντος,

324 5048 343 5081 ι
380 5030 500 5082 κατ’
550 5031 733 5083 εἰκόνα
771 5031 1048 5103 ἡμετέραν
1087 5035 1182 5088 καὶ
1222 5033 1343 5087 καθ’
1369 5036 1645 5106 ὁμοίωσιν.
1678 5057 1697 5091 ι
1730 5038 1902 5109 Εἴπερ

315 5116 410 5173 οὖν
443 5122 520 5182 εἰς
553 5120 610 5172 ’ἐν
641 5138 693 5173 τι
722 5120 801 5191 τῷ
836 5121 1057 5193 ἀριθμῷ
1096 5123 1155 5176 16
1181 5126 1283 5195 τῆς
1309 5125 1472 5192 ἁγίας
1505 5126 1732 5198 Τριάδος
1762 5129 1901 5182 πλά-

2076 4854 2309 4911 ALIUD.
2338 4856 2475 4912 Cum
2519 4858 2663 4914 Deus
2689 4858 2930 4915 condere
2959 4844 3128 4916 vellet
3162 4858 3469 4926 hominem,
3501 4862 3587 4914 di-

2006 4944 2157 5001 xisse
2191 4946 2406 5001 fertur:
2464 4965 2483 4998 ι
2532 4947 2831 5025 Faciamus
2867 4950 3146 5005 hominem
3187 4951 3253 5004 ad
3292 4951 3587 5020 imaginem

2006 5044 2253 5092 nostram
2305 5045 2360 5092 et
2395 5038 2816 5095 similitudinem
2845 5039 2911 5091 ⁸³.
2951 5059 2971 5091 ι
3028 5038 3086 5094 Si
3126 5054 3259 5110 ergo
3308 5040 3376 5094 ad
3418 5056 3586 5094 unum

2002 5128 2271 5197 quiddam
2324 5145 2556 5185 numero
2598 5141 2805 5186 sancta:
2850 5131 3142 5187 Trinitatis
3169 5131 3491 5201 amplitudo,
3532 5141 3587 5183 ut

313 5230 425 5279 τος,
466 5212 554 5265 ἵνα
587 5212 758 5274 οὕτως
803 5214 959 5277 εἴπω,
981 5215 1348 5281 συστέλλεται,
1378 5219 1472 5271 καὶ
1512 5219 1901 5285 δυσσεϐοῦντες

2006 5219 2079 5273 ita
2110 5219 2316 5285 dicam,
2363 5222 2734 5287 contrahitur,
2776 5232 2830 5277 et
2872 5222 3039 5293 impie
3074 5223 3319 5277 haeretici
3366 5220 3586 5275 Patrem

313 5301 600 5375 ἀναιροῦσι
647 5301 708 5353 16
740 5302 1032 5370 ὑφεστᾶναι
1079 5304 1201 5357 καθ’
1245 5306 1473 5371 ἑαυτοὺς
1520 5309 1760 5378 Πατέρα,
1805 5312 1899 5362 καὶ

2006 5316 2059 5364 et
2110 5309 2310 5364 Filium
2360 5312 2585 5381 propria
2632 5312 2846 5366 nudant
2878 5313 3199 5383 hypostasi:
3228 5313 3355 5382 quis
3385 5319 3467 5364 est
3496 5307 3589 5359 ille

315 5393 442 5447 Υἰόν
475 5411 487 5424 ·
516 5394 602 5458 τίς
635 5395 664 5447 6
698 5393 836 5463 πρὸς
860 5395 979 5447 τίνα
1011 5387 1184 5463 λέγων
1214 5397 1352 5461 ἐστὶ,
1380 5416 1399 5448 ι
1448 5401 1765 5469 Ποιήσωμεν
1804 5402 1897 5454 ἄν·

2009 5400 2101 5469 qui
2144 5401 2210 5456 ad
2244 5401 2412 5454 alium
2451 5401 2616 5457 dicit:
2657 5421 2675 5453 ι
2711 5402 3004 5459 Faciamus
3032 5404 3309 5457 hominem
3347 5400 3412 5452 ad
3446 5398 3588 5450 ima-

314 5485 529 5557 θρωπον
556 5485 679 5541 κατ’
699 5485 881 5538 εἰκόνα
912 5486 1009 5556 τὴν
1034 5488 1307 5557 ἡμετέραν
1332 5504 1345 5554 ;
1368 5508 1386 5538 ι
1418 5490 1462 5541 Χ
1472 5490 1570 5560 ρῆν
1592 5490 1700 5561 γὰρ
1729 5490 1896 5561 δήπου

2009 5495 2188 5565 ginem
2246 5497 2536 5551 nostram?
2581 5517 2598 5548 ο
2641 5495 2835 5551 Dicere
2869 5497 3013 5551 enim
3051 5491 3357 5563 oportebat,
3406 5487 3453 5542 si
3508 5485 3588 5540 ita

362 5683 421 5715 ‘”
449 5682 652 5755 Philip.
693 5698 753 5749 ll,
780 5683 829 5738 6.
913 5682 958 5716 ³⁵
999 5681 1155 5739 Joan.
1182 5684 1344 5751 1,50.
1426 5687 1624 5744 “Cen.
1660 5705 1697 5754 I,
1725 5686 1817 5741 9.6.
