4092 6274
524 269 594 324 55
1543 255 1600 313 S.
1641 255 1917 313 CYRILLI
1953 254 2422 312 ALEXANDRINI
2463 252 2777 311 ARGIIIEP.
3708 253 3777 308 56

518 409 610 451 res
642 400 788 450 esset
836 400 900 449 ιιι
941 392 1022 449 illi
1063 398 1379 466 uagantur:
1418 409 1437 445 ι
1469 390 1767 450 Faciamus
1818 391 2096 449 hominem

2200 384 2396 462 λέῨειν,
2423 397 2578 467 εἰπερ
2604 396 2777 460 οὕτως
2804 396 2939 468 εχει,
2972 395 3225 468 καθάπερ
3255 395 3454 450 ἐκεῖνοι
3489 393 3778 466 ληροῦντές

516 485 585 540 ad
631 485 926 557 imaginem
971 498 1149 540 meam
1202 491 1258 539 et
1300 483 1369 540 ad
1420 483 1862 540 similitudinem.
1901 503 1921 536 ι
1973 481 2095 537 Jam

516 587 701 633 autem
731 591 858 632 cum
909 576 963 632 id
1012 590 1122 632 non
1159 575 1331 642 dicat,
1372 575 1469 632 sed
1507 575 1850 631 eﬂectionem
1896 573 2096 644 plurali

510 684 748 724 numero
779 668 1008 733 tribuat,
1042 674 1098 725 et
1128 668 1194 724 ad
1229 686 1249 720 ι
1289 667 1584 739 imaginem
1613 676 1862 723 nostram
1911 685 1930 719 ι
1970 665 2097 720 libri

517 763 759 832 scriptor
805 761 1075 831 adjiciat,
1128 761 1281 816 clara
1335 759 1747 831 quodammodo
1794 767 1850 814 et
1902 771 2099 828 magna

523 867 654 908 voce
683 851 888 906 clamat
923 857 1129 906 sanctae
1158 848 1448 905 Trinitatis
1487 862 1753 919 personas
1778 848 1967 917 plures
1995 860 2099 900 nu-

521 943 719 1001 merari
751 957 914 1013 quam
951 958 1139 997 unam.

587 1122 816 1178 ALIUD.
849 1120 906 1176 Si
936 1120 1194 1192 splendor
1218 1128 1304 1176 est
1333 1118 1519 1175 Patris
1553 1118 1746 1184 Filius,
1781 1133 1882 1174 ceu
1912 1119 2097 1173 lumen

517 1217 587 1273 de
616 1217 850 1271 lumine:
882 1213 1160 1285 quomodo
1191 1226 1304 1266 non
1326 1210 1690 1281 distinguitur
1718 1210 1787 1265 ab
1816 1210 1938 1280 ipso
1966 1225 2100 1280 qua-

518 1316 681 1364 tenus
713 1307 930 1376 proprie
968 1303 1263 1360 subsistit?
1284 1302 1447 1357 Certe
1484 1302 1630 1356 enim
1676 1301 1730 1357 id
1757 1302 1902 1371 quod
1935 1301 2098 1355 sicuti

519 1398 780 1470 splendor
816 1404 1038 1453 emanat
1071 1396 1143 1452 ab
1185 1396 1314 1458 alio,
1351 1395 1611 1449 nimirum
1645 1393 1715 1448 ab
1736 1407 1801 1448 eo
1831 1393 1977 1463 quod
2015 1394 2101 1447 lu-

516 1502 635 1543 cem
670 1486 804 1549 edit,
836 1500 946 1540 non
978 1499 1008 1537 a
1042 1484 1226 1553 seipso
1258 1482 1312 1535 id
1344 1482 1601 1551 accipiet.

585 1577 817 1634 ALlUD.
860 1575 1044 1633 Filius
1067 1573 1372 1632 ostendens
1403 1589 1464 1630 se
1495 1589 1560 1630 ex
1587 1574 1897 1630 substantia
1918 1574 2101 1630 Deiac

516 1668 703 1724 Patris
735 1685 897 1734 esse,
933 1668 1136 1723 alicubi
1191 1682 1391 1723 rursus
1435 1667 1511 1720 ait
1545 1684 1559 1720 :
1598 1685 1616 1718 ‹
1656 1667 1771 1738 Ego
1821 1683 1887 1722 ex
1937 1667 2098 1722 Patre

516 1762 686 1829 exivi,
723 1768 779 1817 et
801 1761 1003 1827 venio;
1036 1774 1235 1814 rursus
1291 1767 1539 1814 revertor
1589 1759 1657 1813 ad
1710 1758 1929 1813 Patrem
1957 1759 2024 1814 ³⁵.
2072 1779 2092 1812 ι

517 1853 811 1922 Quomodo
845 1853 1015 1923 igitur
1049 1866 1157 1907 non
1201 1851 1343 1906 alius
1373 1850 1481 1905 erit
1511 1851 1580 1905 ab
1608 1850 1727 1921 ipso
1755 1852 1970 1907 ratione
2000 1851 2097 1922 hy-

518 1945 762 2016 postasis
795 1959 860 1999 ac
894 1943 1135 2009 numeri,
1165 1957 1292 1999 cum
1323 1941 1507 1998 omnis
1537 1943 1675 1997 ratio
1727 1958 1830 1999 nos
1875 1942 2094 2011 doceat,

520 2038 575 2093 id
620 2035 767 2108 quod
815 2037 883 2091 ab
933 2035 1117 2106 aliquo
1166 2034 1405 2105 prodiit,
1440 2034 1589 2089 aliud
1639 2048 1763 2090 esse
1805 2034 2100 2105 concipere

522 2129 593 2184 ab
630 2144 696 2186 eo
730 2141 898 2198 aquo
935 2127 1182 2199 prodiit?
1214 2128 1402 2198 Itaque
1430 2141 1626 2182 verum
1675 2141 1786 2182 non
1825 2134 1910 2183 est
1951 2127 2098 2198 quod

523 2221 829 2279 adversarii
859 2220 1073 2276 dicunt.

586 2404 819 2461 ALIUD.
859 2405 923 2460 in
976 2404 1148 2460 Deum
1192 2402 1438 2468 Patrem,
1472 2412 1526 2461 et
1567 2403 1625 2459 in
1662 2390 1862 2460 Filium
1910 2405 2102 2476 unigeo

520 2499 728 2565 nitum,
762 2504 819 2553 et
854 2497 912 2552 in
947 2503 1201 2553 sanctum
1234 2496 1505 2568 Spiritum
1559 2498 1852 2555 credentes
1895 2498 2101 2570 justifi-

517 2604 715 2646 camur
740 2609 755 2645 :
781 2589 1126 2661 proindeque
1156 2591 1322 2645 etiam
1358 2589 1613 2645 Salvator
1642 2589 1759 2661 ipse
1785 2591 1902 2648 suis
1933 2591 2104 2648 disci-

505 2681 663 2753 gpnlis
722 2682 978 2753 praecipit
1035 2683 1226 2738 dicens
1279 2701 1293 2736 :
1338 2700 1358 2735 ι
1407 2681 1615 2761 Euntes
1669 2683 1865 2739 docete
1911 2699 2102 2741 omnes

502 2782 733 2846 :geutcs,
770 2776 1124 2847 baptizantes
1159 2790 1254 2831 eos
1286 2775 1341 2829 in
1382 2777 1608 2831 nomine
1635 2773 1834 2844 Patris,
1868 2783 1923 2832 et
1954 2775 2099 2845 Filii,

518 2875 577 2922 et
611 2867 854 2942 Spiritus
899 2866 1076 2922 sancti
1112 2866 1181 2923 "'.
1233 2886 1252 2921 ι
1287 2865 1344 2922 Si
1385 2882 1516 2939 ergo
1547 2867 1684 2922 nihil
1731 2869 1893 2925 nobis
1937 2869 2103 2939 plane

508 2959 870 3031 cogitandum
907 2958 1106 3015 inferat
1139 2959 1231 3013 illa
1271 2960 1559 3014 nominum
1591 2959 1915 3024 diversitas,
1943 2975 2101 3014 cum-

2198 501 2365 552 φασιο
2399 505 2417 537 ι
2455 489 2783 559 Ποιήσωμεν
2806 487 3092 560 ἄνθρωπον
3139 489 3259 541 κατ’
3298 485 3482 540 εἰκόνα
3502 484 3641 558 ἐμὴν
3685 487 3778 540 καὶ

2199 575 2320 628 καθ’
2344 577 2624 646 ὁμοίωσιν.
2664 597 2683 630 ι
2716 579 2940 633 Νυνίδέ
2967 579 3127 632 τοῦτο
3161 579 3258 649 μὲν
3283 578 3385 631 οὐκ
3413 576 3604 645 εἰπὼν,
3641 577 3778 649 πὶη-

2197 667 2463 732 θυντικῶς
2509 669 2566 723 δὲ
2595 669 2767 734 διδοὺς
2794 669 3013 743 ἀριθμῷ
3033 670 3133 740 τὴν
3160 669 3379 740 ποίησιν
3398 709 3412 737 ,
3443 669 3559 733 καὶ,
3591 687 3610 720 ι
3641 669 3776 722 Κατ’

2196 759 2380 814 εἰκόνα
2428 760 2528 832 τὴν
2579 762 2874 834 ἡμετέραν,
2939 781 2957 815 ι
3005 760 3305 831 ἐπαγαγὼν
3357 763 3387 814 6
3428 761 3522 816 τοῦ
3570 760 3777 832 βιϐλίου

2200 852 2583 922 συγγραφεὺς,
2614 852 2895 923 μονονουχὶ⁸
2923 851 3172 924 λαμπρᾷ.
3203 853 3299 908 καὶ
3343 851 3556 926 μεγάλῃ
3584 853 3681 924 βοᾷ
3712 855 3777 922 τῇ

2199 944 2348 1013 φωνῇ
2379 943 2476 1013 τὴν
2509 943 2650 1015 ὑπὲρ
2696 944 2856 998 ἐνάδα
2889 945 2988 1015 τῆς
3020 945 3182 1015 ἁγίας
3210 945 3438 1017 Τριάδος
3464 943 3781 1015 ἀπαρίθμη-

2200 1050 2305 1089 σιν.

2273 1127 2504 1181 'AAAO.
2526 1128 2589 1181 Εἰ
2613 1126 2954 1199 άπαύγατμά
2980 1129 3100 1182 ἐστι
3127 1127 3222 1182 τοῦ
3252 1126 3464 1198 ιΙατρὺς
3480 1129 3509 1181 6
3527 1126 3779 1191 Υἱὸς,οὼς

2199 1217 2315 1286 φῶς
2347 1219 2410 1271 ἐκ
2436 1218 2614 1287 φωτός
2634 1232 2647 1248 '
2676 1220 2797 1284 πῶς
2833 1221 2934 1291 οὐχ
2963 1220 3152 1290 ἕτερος
3183 1219 3318 1292 πρὸς
3337 1219 3518 1283 αὑτὸν,
3542 1218 3617 1284 ὡς
3654 1218 3780 1273 ἰδιο-

2201 1307 2466 1372 σύστατος
2491 1325 2505 1375 ;
2541 1310 2614 1362 Τὸ
2643 1312 2753 1383 γάρ
2782 1311 2915 1376 ὅλως
2940 1311 3296 1380 ἀπαυγασθέν
3352 1311 3428 1374 ὼς
3455 1311 3545 1379 ὑφ’
3569 1310 3778 1381 ἐτέρου,

2197 1397 2440 1467 δηλονότι
2472 1399 2565 1452 τοῦ
2596 1400 3026 1468 άπαυγάζοντος,
3060 1399 3156 1453 καὶ
3191 1399 3293 1452 οὑκ
3319 1398 3452 1451 αὑτὸ
3482 1397 3542 1463 ἐξ
3580 1397 3776 1449 ἑαυτοῦ

2199 1488 2357 1542 τοῦτο
2387 1508 2452 1543 πε
2464 1491 2659 1546 ίσεται.

2263 1574 2508 1634 ”ΑΛΛΟ.
2557 1582 2652 1635 Ἐκ
2697 1581 2798 1653 τῆς
2837 1582 3022 1647 οὑσίας
3050 1582 3178 1635 ὄντα
3208 1579 3309 1651 τῆς
3356 1578 3451 1633 τοῦ
3498 1576 3635 1632 Θεοῦ
3687 1577 3783 1632 καὶ

2201 1673 2414 1744 Πατρὸς
2441 1674 2793 1729 ἐπιδεικνύων
2816 1674 3006 1727 ἐαυτὸν
3034 1677 3062 1727 6
3088 1673 3236 1737 Υἰδς,
3274 1672 3408 1743 φησί
3445 1688 3546 1724 που
3580 1671 3741 1725 πάλιν
3765 1685 3780 1700 ο

2208 1787 2225 1818 ι
2276 1768 2416 1835 Ἐγὼ
2456 1771 2519 1821 ἐκ
2569 1767 2663 1821 τοῦ
2714 1767 2928 1839 Πατρὺς
2977 1765 3221 1834 ἐξῆλθον,
3275 1764 3370 1819 καὶ
3418 1763 3539 1834 ἥκω
3578 1776 3593 1792 ⁸
3624 1761 3783 1815 πάλιν

2203 1859 2506 1931 πορεύομαι
2544 1860 2682 1931 πρὸς
2725 1860 2816 1914 τὸν
2859 1859 3098 1930 Πατέρα.
3124 1876 3144 1910 ι
3192 1856 3313 1920 Πῶς
3341 1850 3432 1909 οῦν
3475 1855 3573 1924 οὑχ
3599 1853 3784 1923 ἕτερος

2200 1951 2351 2005 ἐσται
2403 1953 2533 2024 παρ’
2584 1952 2785 2016 αὑτὸν,
2827 1951 2902 2015 ὡς
2936 1953 2994 2004 ἐν
3040 1950 3335 2004 ὑποστάσει
3385 1947 3478 2000 καὶ
3529 1943 3780 2017 ἀριθμῷ,

2201 2044 2398 2107 παντὸς
2422 2044 2569 2114 ἡμᾶς
2605 2040 3201 2108 άναπείθοντος,λόγου,
3232 2039 3294 2092 τδ
3324 2037 3387 2090 ἐκ
3414 2052 3558 2099 τινος
3589 2033 3785 2105 προελ-

2201 2136 2292 2190 θὸν
2316 2174 2332 2199 ,
2366 2135 2553 2206 ἕτερον
2586 2130 2728 2187 εἶναι
2777 2131 2907 2203 παρ’
2933 2133 3109 2185 ἐκεῖνο
3154 2132 3328 2192 νοεῖν,
3353 2129 3448 2197 ἀφ’
3478 2122 3540 2180 οὑ
3584 2126 3648 2196 δὴ
3690 2124 3785 2178 καὶ

2200 2225 2568 2299 προελήλυθεν
2602 2243 2617 2293 ;
2653 2223 2865 2279 Οὐκοῦν
2898 2223 3000 2276 οὑκ
3051 2220 3258 2292 ἀληθὴς
3298 2221 3410 2282 τοῖς
3436 2218 3504 2271 δι’
3533 2214 3786 2278 ἐναντίας

2198 2320 2228 2373 ό
2255 2318 2434 2386 λόγος.

2274 2411 2503 2464 ἈΛΛΟ.
2538 2410 2634 2474 Εἰς
2659 2407 2792 2462 Θεὸν
2819 2407 3057 2480 Πατέρα,
3088 2407 3184 2461 καὶ
3218 2407 3299 2470 εἰς
3329 2404 3459 2459 Υίόν
3494 2404 3780 2477 μονογενῆ.

2201 2502 2296 2557 καὶ
2328 2504 2407 2567 είς
2445 2502 2599 2572 ἅγιον
2632 2498 2858 2570 Πνεῦμα
2901 2497 3250 2561 πιστεύοντες
3280 2495 3655 2566 δικαιούμεθα.
3686 2497 3785 2550 Διά

2201 2611 2283 2649 τοι
2313 2593 2471 2647 τοῦτο
2510 2593 2604 2648 καί
2648 2592 2810 2656 αὐτὸς
2837 2594 2866 2645 6
2894 2590 3086 2662 Σωτὴρ
3119 2590 3232 2653 τοῖς
3263 2588 3486 2651 οἰκείοις
3512 2586 3784 2658 μαθηταῖς

2201 2687 2480 2741 ἐπιτάττει
2511 2685 2688 2753 λέγων
2716 2701 2730 2715 ·
2755 2703 2773 2736 ι
2803 2682 3169 2755 Πορευθέντες
3197 2679 3576 2752 μαθητεύσατε
3606 2680 3786 2735 πάντα

2200 2779 2269 2833 τά
2312 2779 2462 2850 ἔθνη,
2501 2777 2855 2847 βαπτίζοντες
2893 2776 3091 2838 αὑτοὺς
3132 2774 3211 2838 εἰς
3242 2773 3302 2827 τὺ
3343 2772 3514 2844 ὄνομα
3542 2771 3635 2825 τοῦ
3670 2774 3785 2827 Πα-

2200 2870 2348 2942 τρός,
2394 2870 2490 2923 καὶ
2536 2868 2630 2922 τοῦ
2676 2856 2806 2922 Υίοῦ
2832 2907 2848 2932 ,
2881 2867 2975 2920 καί⁵
3020 2864 3117 2919 τοῦ
3171 2864 3328 2934 ἁγίου
3376 2862 3712 2935 Πνεύματος.
3759 2882 3779 2917 ι

2204 2963 2377 3033 Εἴπερ
2427 2957 2521 3016 οὖν
2555 2961 2690 3024 ὅλως
2738 2958 2890 3013 οὑδέν
2932 2959 3065 3028 ἡμῖν
3100 2957 3324 3009 εἰσοίσει
3371 2955 3506 3026 πρὸς
3537 2955 3719 3026 νόησιν
3750 2956 3786 3024 ή

517 3063 627 3119 que
673 3045 890 3103 Patrem
940 3047 1171 3115 dixeris,
1221 3044 1500 3118 signiﬁces
1554 3046 1798 3114 Filium,
1855 3056 1911 3103 et
1969 3064 2093 3104 cum

2201 3053 2310 3106 τῶν
2335 3051 2615 3123 ὀνομάτων
2643 3048 3125 3120 διαφορὰ,Πατέρα
3149 3046 3207 3100 δέ
3224 3064 3308 3110 τις
3335 3045 3504 3099 εἰπὼν
3531 3043 3788 3115 σημαίνει

519 3137 721 3194 Filium
747 3138 1141 3205 nominaveris,
1162 3138 1337 3209 ipsius
1357 3139 1685 3194 intentionem
1703 3138 1882 3195 Patris
1899 3139 2096 3197 facias:

516 3229 649 3301 quid
715 3244 884 3300 porro
951 3243 1184 3286 necesse
1240 3238 1328 3286 est
1394 3229 1453 3284 in
1518 3228 1848 3286 Trinitatem
1914 3210 2101 3302 potius

514 3335 684 3392 quam
724 3320 779 3375 in
815 3320 1081 3376 unitatem
1128 3320 1319 3377 ﬁdeles
1366 3321 1564 3392 jubere
1613 3321 1923 3395 baptizari?
1962 3325 2100 3379 Cum

515 3420 701 3467 autem
727 3410 781 3466 in
815 3411 986 3466 trium
1015 3423 1304 3469 numerum
1339 3422 1601 3468 excurrat
1629 3414 1776 3485 quod
1812 3414 1879 3470 de
1904 3423 2099 3470 natura

514 3502 707 3558 divina
756 3502 997 3570 dicitur,
1053 3506 1311 3561 omnibus
1365 3507 1555 3576 utique
1606 3507 1960 3563 manifestum
2015 3517 2101 3563 est

517 3608 971 3662 unumquemque
1015 3608 1211 3648 eorum
1256 3595 1351 3662 qui
1384 3605 1750 3650 numerantur
1774 3597 1828 3649 in
1878 3598 2102 3665 propria

515 3695 642 3736 esse
694 3681 977 3753 bypostasi
1017 3700 1032 3736 :
1073 3682 1340 3753 quoniam
1403 3690 1588 3737 autem
1638 3685 1745 3754 ιθ
1781 3685 2102 3742 nullatenus

520 3773 825 3838 secundum
875 3785 1128 3828 naturam
1189 3773 1580 3844 distinguitur,
1637 3775 1692 3830 in
1748 3790 1914 3830 unam
1964 3791 2102 3831 con~

518 3863 738 3919 scendit
775 3862 1031 3919 deitatem
1057 3904 1072 3929 ,
1109 3871 1164 3919 et
1202 3864 1577 3920 adorationem
1620 3866 1784 3922 habet
1829 3868 2098 3924 eamdem.

580 3951 819 4009 ALIUD.
852 3953 937 4009 Ira
967 3954 1059 4010 Dei
1082 3954 1491 4012 Sodomitarum
1511 3957 1676 4014 urbes
1706 3957 2098 4030 conﬂagrasse,

517 4045 706 4101 divina
742 4044 1035 4117 Scriptura
1063 4047 1221 4102 dicit.
1258 4048 1541 4104 Euarrans
1581 4058 1767 4105 autem
1796 4066 1905 4120 quo
1939 4059 2101 4121 pacto

517 4136 742 4192 divinus
770 4137 853 4193 cis
884 4136 1038 4192 furor
1064 4139 1372 4210 ingruerit,
1412 4149 1467 4196 et
1516 4141 1788 4198 rationem
1843 4142 2101 4200 interitus

516 4228 668 4285 clare
698 4230 982 4285 edocens:
1013 4248 1032 4282 ι
1066 4229 1246 4298 Pluit,
1286 4250 1308 4284 ι
1342 4231 1553 4303 inquit,
1583 4250 1602 4285 ι
1642 4232 1910 4291 Dominus
1944 4250 1974 4289 a
1996 4235 2101 4290 Do-

516 4322 669 4377 mino
700 4337 867 4393 super
917 4322 1158 4379 Sodoma
1207 4324 1385 4395 ignem
1437 4332 1493 4380 et
1533 4326 1769 4397 sulphur
1799 4327 1880 4395 '9;
1916 4347 1935 4380 ι
1974 4343 2099 4383 cum

2200 3143 2294 3197 τὸν
2319 3142 2469 3207 Υίδν,
2515 3140 2609 3194 καί
2664 3139 2787 3192 Υίδν
2818 3136 3094 3208 ὀνομάσας
3125 3134 3289 3189 αὑτοῦ
3323 3132 3651 3205 μνημονεύει
3686 3131 3787 3184 τοῦ

2203 3231 2436 3303 Πατρός-
2460 3230 2544 3293 τίς
2596 3224 2664 3301 ἦν
2707 3227 2802 3282 καὶ
2839 3226 3000 3298 χρεία
3043 3224 3118 3297 μὴ
3167 3225 3306 3294 πρὸς
3354 3222 3515 3276 ἐνάδα
3559 3219 3786 3290 μᾶλλον,

2200 3323 2318 3379 ἀλλ’
2351 3324 2433 3387 είς
2461 3321 2668 3392 Τριάδα
2695 3319 2937 3395 κελεύειν
2970 3314 3326 3388 βαπτίζεσθαι
3345 3314 3472 3376 τοὺς
3503 3311 3779 3364 πιστεύον-

2200 3432 2335 3481 τας;
2391 3411 2611 3481 Ἐπειδὴ
2644 3411 2701 3463 δέ
2743 3412 2824 3472 εἰς
2864 3410 2954 3461 τὸν
2997 3409 3147 3476 τρεῖς
3193 3404 3424 3474 ἀριθμὸν
3467 3406 3495 3456 6
3528 3401 3789 3472 περὶτῆς

2203 3504 2356 3565 θείας
2385 3501 2599 3570 φύσεως
2641 3498 2891 3571 ἐκτρέχει
2923 3497 3101 3564 λόγος,
3132 3493 3395 3565 πρόδηλον
3422 3493 3593 3562 δήπου
3618 3494 3791 3546 πᾶσίν

2202 3595 2371 3658 ἐστιν,
2392 3593 2451 3645 ἐν
2481 3591 2776 3645 ὑποστάσει
2813 3590 2913 3660 μὲν
2945 3587 3048 3657 ἰδία
3072 3585 3180 3637 τῶν
3216 3581 3628 3655 ἀριθμουμένων
3654 3581 3788 3635 ἓκα-

2196 3674 2330 3737 ’στον
2372 3679 2529 3737 εἶναι·
2564 3681 2641 3753 τῷ
2686 3680 2744 3735 δὲ
2791 3678 3102 3751 μηδαμόθεν
3151 3674 3476 3747 ἐξηλλάχθαι
3515 3672 3656 3727 κατὰ
3685 3674 3791 3745 τὴν

2198 3766 2389 3844 ’φύσιν,
2416 3776 2496 3838 εἰς
2528 3775 2659 3845 μίαν
2689 3771 2968 3828 ἀναϐαίνει
2988 3769 3235 3841 θεότητα,
3276 3767 3371 3821 καὶ
3412 3765 3790 3836 προσκύνησιν

2202 3868 2314 3938 ἔχει
2338 3866 2437 3937 τὴν
2464 3866 2657 3936 αὐτήν.

2275 3959 2503 4012 ἈΛΛο.
2539 3957 2627 4024 Ἐξ
2641 3957 2812 4029 ὀργῆς
2839 3952 3227 4027 ἐμπεπρῆσθαι
3257 3950 3393 4005 Θεοῦ
3418 3948 3518 4013 τὰς
3543 3948 3650 4002 τῶν
3667 3949 3738 4002 Σο

2201 4051 2436 4123 δομιτῶν
2483 4051 2668 4116 πόλεις
2702 4053 2743 4122 νὴ
2797 4049 2915 4104 θεία
2956 4047 3106 4116 λέγει
3139 4046 3361 4119 Γραφή·
3391 4041 3702 4115 ἐξηγημένη
3726 4041 3785 4094 δὲ

2201 4145 2349 4207 ὅπως
2376 4143 2558 4207 αὐτοῖς
2578 4142 2718 4206 θεῖος
2748 4142 3104 4212 ἐπενήνεκται
3131 4138 3320 4209 θυμὸς,
3349 4136 3442 4191 καὶ
3465 4135 3554 4188 τὸν
3580 4133 3787 4204 τρόπον

2201 4240 2301 4309 τῆς
2358 4237 2635 4301 ἀπωλείας
2689 4236 3077 4290 ἐκδιδάσκουσα
3134 4230 3360 4301 σαφῶς,
3430 4247 3448 4280 ι
3511 4225 3785 4297 Ἔϐρεξε,

2203 4329 2362 4401 φησὶ,
2412 4329 2619 4401 Κύριος
2680 4326 2832 4398 παρὰ
2890 4325 3095 4397 Κυρίου
3150 4323 3241 4375 ἐπὶ
3288 4321 3493 4390 Σόδομα
3542 4317 3653 4388 πῦρ
3689 4318 3789 4370 καί⁸

517 4415 633 4470 hac
669 4430 799 4486 pars
855 4417 1047 4473 calicis
1098 4418 1229 4472 talia
1256 4426 1597 4488 perpetrare
1641 4420 1820 4476 solitis
1850 4420 2098 4490 apprime

2205 4424 2381 4478 Osiov°
2419 4440 2437 4474 ι
2473 4422 2599 4476 ἐπεὶ
2640 4421 2734 4473 καὶ
2764 4418 2903 4488 α’ύτη
2931 4420 3044 4480 τοῖς
3081 4417 3262 4468 ἐκεῖνα
3296 4411 3635 4483 πλημμελεῖν
3660 4410 3789 4461 εἰω-

516 4515 865 4577 cmigrueret.
899 4507 1033 4573 Quis
1067 4524 1198 4579 ergo
1244 4509 1336 4563 ille
1371 4510 1656 4576 Dominus,
1687 4518 1743 4566 et
1768 4526 1798 4563 a
1828 4526 1939 4580 quo
1990 4509 2101 4564 Do-

518 4600 670 4654 mino
704 4597 884 4668 ignem
930 4599 1199 4664 immittit,
1249 4609 1411 4669 atque
1466 4600 1873 4657 Sodomilarum
1932 4602 2098 4659 urbes

519 4689 807 4746 Incendit?
839 4688 1185 4746 Manifestum
1226 4702 1312 4748 est
1347 4693 1561 4749 Patrem
1608 4695 1702 4764 qui
1753 4710 1849 4765 per
1898 4694 2096 4750 Filium

518 4789 784 4851 operatur
813 4783 1025 4848 omnia,
1060 4798 1188 4839 cum
1229 4784 1305 4840 sit
1343 4784 1467 4855 ejus
1499 4786 1676 4841 virtus
1704 4793 1757 4842 et
1787 4787 2098 4856 brachium,

520 4870 700 4939 ipsum
725 4869 1025 4929 Sodomitis
1054 4874 1233 4946 ignem
1259 4875 1574 4933 immisisse.
1609 4875 1745 4932 Cum
1772 4892 1902 4949 ergo
1918 4877 2101 4935 Domi-

519 4976 680 5018 nusa
717 4963 950 5020 Domino
996 4966 1176 5035 ignem
1221 4966 1329 5022 illis
1373 4969 1653 5035 immittat,
1677 4970 1956 5040 quomodo
1985 4987 2096 5026 non

518 5054 921 5127 distinguetur,
953 5058 1103 5128 quod
1159 5057 1227 5113 ad
1263 5062 1544 5131 propriam
1575 5062 1916 5133 hypostasim
1970 5064 2101 5118 atti-

517 5153 635 5215 net,
664 5145 826 5202 Pater
848 5162 879 5202 a
902 5145 1066 5215 Filio,
1091 5156 1145 5204 et
1162 5149 1408 5206 vicissim
1439 5150 1609 5207 Filius
1634 5168 1663 5207 a
1687 5153 1890 5211 Patre?
1911 5155 2094 5213 Unum

514 5242 666 5298 enim
702 5242 851 5298 velut
878 5258 947 5299 ex
977 5258 1088 5299 uno
1121 5244 1213 5301 hic
1247 5245 1618 5317 signiﬁcatur.

590 5416 814 5476 ALIUD-
849 5417 1181 5490 Prophetico
1214 5429 1398 5480 motus
1432 5423 1654 5495 spiritu,
1689 5433 1743 5482 et
1774 5441 1873 5498 per
1911 5430 2093 5499 ipsum

515 5523 604 5566 res
633 5509 851 5568 futuras
873 5518 1002 5568 ante
1032 5526 1377 5584 cognoscens
1407 5515 1605 5575 beatus
1634 5517 1953 5587 Psalmista,
1980 5537 2091 5577 non

623 5709 669 5741 “
706 5708 861 5766 Joan.
901 5728 1009 5781 xvi,
1043 5714 1114 5771 28

2204 4516 2353 4569 θόσιν
2396 4515 2430 4586 ὴ
2469 4513 2626 4585 μερὶς
2672 4510 2767 4565 τοῦ
2821 4508 3083 4579 ποτηρίου
3141 4504 3588 4578 πρεπωδεστάτη.
3624 4502 3788 4564 Ποῖος

2202 4604 2295 4662 οὖν
2320 4608 2430 4679 ἄρα
2461 4606 2664 4678 Κύριος
2696 4602 2846 4674 παρὰ
2867 4600 3020 4654 ποίου
3048 4600 3252 4670 Κυρίου
3277 4597 3337 4650 τὸ
3365 4595 3474 4665 πῦρ
3490 4592 3784 4663 ἐπαφίησι,

2203 4697 2298 4749 καὶ
2351 4694 2450 4757 τάς
2496 4694 2604 4747 τῶν
2659 4690 2965 4763 Σοδομιτῶν
3024 4684 3325 4755 κατέφλεξε
3365 4684 3595 4749 πόλεις;
3639 4681 3787 4735 Ἀλλ’

2201 4789 2316 4842 ἐστι
2365 4787 2542 4857 δῆλον,
2577 4785 2704 4850 ὠςὸ
2746 4784 2933 4854 Πατὴρ
2979 4781 3045 4834 δι’
3092 4779 3222 4833 Υἰοῦ
3281 4777 3457 4831 πάντα
3504 4773 3782 4847 ἐνεργῶν,

2200 4880 2323 4933 ἐπεὶ
2354 4879 2449 4932 καὶ
2494 4876 2721 4948 δύναμις
2765 4874 2930 4929 αὑτοῦ
2951 4913 2965 4938 ,
2999 4870 3094 4926 καὶ
3146 4869 3383 4944 βραχίων
3412 4867 3579 4932 ἐστὶν,
3618 4865 3786 4930 αὑτὸς

2202 4969 2517 5042 Σοδομίταις
2547 4968 2662 5022 ῦειν
2705 4967 2879 5021 ἐποίει
2922 4965 2985 5018 τὸ
3035 4963 3165 5034 πῦρ.
3198 4963 3328 5016 Ὅτε
3365 4959 3543 5013 τοίνυν
3576 4957 3785 5028 Κύριος

2202 5062 2355 5133 παρά
2373 5061 2579 5133 Κυρίου
2600 5061 2661 5114 τὸ
2680 5059 2791 5132 πῦρ
2820 5058 3047 5122 ἐκείνοις
3066 5055 3281 5126 ἀφίησι,
3298 5053 3414 5116 πῶς
3447 5051 3543 5121 οὑχ
3570 5048 3784 5120 ἕτερος,

2202 5155 2324 5209 ὅσον
2353 5154 2433 5216 εἰς
2467 5153 2529 5206 τὸ
2566 5152 2710 5215 ἰδίως
2753 5150 3040 5221 ὑπάρχειν,
3071 5148 3221 5216 παρὰ
3246 5145 3335 5199 τὸν
3367 5143 3495 5196 Υἱὺν
3521 5143 3549 5195 6
3569 5138 3784 5209 Πατὴρ,

2202 5247 2297 5301 καὶ
2319 5241 2384 5299 αὖ
2416 5245 2578 5298 πάλιν
2602 5245 2630 5296 6
2650 5241 2778 5305 Υἱὸς
2802 5240 2953 5312 παρὰ
2978 5240 3067 5292 τὸν
3098 5237 3316 5308 Πατέρα
3343 5253 3357 5303 ;
3387 5236 3459 5289 Τὸ
3486 5232 3595 5304 γὰρ
3623 5231 3680 5285 ἓν
3706 5231 3789 5295 ὡς

2204 5336 2264 5402 ἐξ
2292 5335 2411 5400 ἐνὸς
2445 5336 2501 5389 ἐν
2530 5333 2707 5404 τούτῳ
2738 5330 3084 5403 σημαίνεται.

2278 5427 2507 5481 'AAAO.
2549 5421 2881 5496 Προφητικῷ
2911 5420 3229 5492 κινούμενος
3271 5415 3561 5487 πνεύματι,
3591 5413 3685 5467 καὶ
3712 5411 3786 5465 δι’

2201 5519 2367 5573 αὑτοῦ
2410 5520 2477 5573 τά
2503 5517 2739 5589 ἐσόμενα
2775 5514 3167 5588 προγινώσκων
3210 5514 3239 5567 6
3278 5510 3545 5583 μακάριος
3576 5505 3746 5576 Ψαλμ
3785 5535 3788 5538 ~

1250 5716 1291 5749 ⁸⁷
1333 5715 1522 5772 Matth.
1565 5719 1867 5788 xxviii,19.
1926 5720 1999 5795 _”.
2031 5715 2166 5777 Gen.
2196 5736 2307 5788 xix,
2341 5717 2432 5775 2i.
