4092 6274
374 202 442 256 57
1371 206 1438 262 ΙΝ
1468 206 1761 264 JOANNIS
1802 207 1904 264 EV.

2005 208 2253 267 BELIUM
2296 207 2425 269 LIB.
2461 217 2504 270 1.
3552 221 3621 276 38

374 315 534 388 ῳδὸς,
561 317 659 388 οὐχ
681 294 883 388 ετέρως
911 318 1171 375 δύνασθαι
1210 321 1543 394 διασωθῆναι
1572 325 1636 378 τὸ
1670 325 1831 394 γένος
1870 327 1904 379 ὲκ

2005 328 2030 384 ι
2058 326 2217 383 aliter
2236 330 2448 386 servari
2478 300 2644 401 posse
2658 346 2836 403 genus
2854 332 3159 390 humanum
3188 335 3619 406 putabat,quam

370 410 508 463 ενόει
539 409 601 465 τὸ
626 409 986 481 ἀνθρώπινον,
1015 413 1063 465 εἰ
1099 411 1172 483 μὴ
1197 412 1284 466 διὰ
1312 413 1481 485 μόνης
1500 417 1599 484 τῆς
1632 416 1953 485 ἐπιφανείας

2052 431 2150 486 per
2195 419 2374 475 solum
2416 420 2712 479 adventum
2764 421 2888 478 Filii
2935 422 3065 493 Dei,
3120 425 3218 495 qui
3272 424 3434 482 facile
3486 425 3618 481 illud

368 498 462 553 τοῦ
494 498 626 553 Υίοῢ
649 499 744 554 τοῦ
785 500 941 567 Θεοῦ,
973 501 1067 556 τοῦ
1109 503 1287 556 πάντα
1331 505 1546 577 ῥαδίως,
1579 508 1665 577 ἐφ’
1703 508 1843 579 ὅπερ
1882 510 1904 563 ὃ

2048 516 2239 577 posset
2270 509 2326 563 in
2349 511 2498 580 quod
2527 512 2693 569 vellet
2724 513 3048 572 reformare.
3081 515 3353 582 Quocirca
3380 516 3525 571 mitti
3550 517 3618 572 ad

368 589 611 660 βούλοιτο
663 592 1122 663 μεταρρυθμίζειν
1176 594 1468 665 ἰσχύοντος.
1517 597 1617 651 Διά
1659 615 1740 652 τοι
1786 598 1904 653 τοῦτ

2045 613 2147 655 nos
2190 597 2392 655 Filium
2426 603 2679 674 rogabat,
2722 605 2960 661 maxime
3006 620 3132 661 eum
3191 606 3348 663 solus
3399 620 3619 662 servare

365 680 680 751 πῳπεσοαι
728 681 864 753 πρὸς
916 683 1066 754 ἡμᾶς
1110 686 1409 755 παρεκάλει
1458 688 1549 742 τὸν
1577 689 1725 754 Υίὺν,
1751 689 1847 745 ἆτε
1879 691 1942 762 δὴ

363 771 458 823 καὶ
505 772 661 842 μόνον
712 770 997 836 διασώζειν
1038 775 1288 845 ἰσχύοντα
1331 779 1459 843 τοὺς
1490 778 1596 833 ὐπὺ
1642 784 1799 851 χεῖρα
1848 783 1942 837 καὶ

360 858 671 925 πλεονεξίαν
714 862 1041 933 γενομένους
1066 864 1412 939 διαϐολικήν’
1454 868 1547 923 καὶ
1599 869 1664 940 δὴ
1702 870 1940 940 ἔφασκεν

355 949 430 1014 ὡς
455 950 590 1022 πρὸς
624 951 717 1009 τὸν
769 952 901 1007 Θεδν
929 955 1029 1008 καὶ)
1061 956 1315 1028 Πατέρα⁹
1357 976 1376 1010 ι
1425 958 1834 1023 Ἑξαπόστειλον
1877 962 1937 1017 τὸ

354 1039 471 1108 φῶς
521 1058 618 1095 σου
673 1043 770 1096 καὶ
819 1042 922 1115 τὴν
952 1044 1210 1117 ἀλήθειάν
1260 1063 1377 1102 σου.
1418 1066 1439 1101 r
1494 1049 1654 1103 Ποῖον
1702 1045 1796 1104 οὖν
1824 1052 1934 1122 ἀρα

353 1132 470 1184 ἐστί
515 1133 577 1185 τὸ
624 1133 773 1201 φῶς,
803 1136 934 1187 ποία
984 1135 1042 1188 δὲ
1075 1138 1109 1208 ἠ
1155 1137 1383 1208 ἀλήθεια
1406 1177 1421 1201 ,
1470 1140 1637 1195 αὐτοῦ
1683 1140 1932 1210 λέγοντος

351 1219 516 1274 ἄκουε
541 1222 636 1276 τοῦ
671 1223 834 1278 Υἰοῦ·
874 1243 895 1277 ι
928 1224 1069 1294 Ἐγώ
1096 1227 1212 1296 εἰμι
1232 1227 1292 1280 τὸ
1317 1228 1450 1297 φῶς,
1483 1232 1574 1285 καὶ
1617 1232 1727 1301 ἐγώ
1753 1234 1870 1304 εἰμι
1894 1236 1929 1305 ἡ

348 1312 608 1384 ἀλήθεια·
640 1334 659 1368 ι
719 1316 784 1370 Εἰ
815 1317 873 1370 δὲ
920 1317 1200 1389 πέμπεται
1242 1320 1378 1393 πρὸς
1409 1322 1556 1392 ἡμᾶς
1584 1324 1648 1377 τὸ
1683 1325 1799 1395 φῶς
1833 1326 1929 1380 καὶ

346 1403 382 1473 ἡ
408 1403 637 1475 ἀλήθεια
670 1405 762 1459 τοῦ
796 1406 1043 1478 Πατρὸς,
1075 1407 1220 1462 τοῦτ’
1247 1409 1394 1464 ἐστιν
1427 1412 1457 1464 ό
1486 1412 1637 1478 Υἰδς,
1676 1414 1793 1478 πῶς
1829 1416 1928 1487 οὐχ

346 1494 531 1564 ἕτερός
581 1497 696 1549 ἐστι
731 1499 859 1568 παρ’
885 1497 1066 1565 αὐτὸν,
1092 1498 1217 1553 ὅσον
1245 1502 1324 1565 εἰς
1356 1501 1418 1555 τὸ
1445 1501 1593 1567 ἰδίως
1637 1505 1924 1576 ὑπάρχειν,

346 1588 396 1639 εἰ
425 1587 518 1640 καὶ
545 1587 605 1641 ἓν
628 1587 777 1642 ἔστιν
818 1589 892 1652 ὡς
941 1590 1080 1660 πρὸς
1122 1591 1309 1658 αὐτὸν,
1339 1594 1469 1648 ὅσον
1491 1596 1572 1659 εἰς
1592 1595 1691 1667 τὴν
1716 1597 1818 1666 τῆς
1836 1597 1926 1650 οὐ·

2041 698 2230 760 posset
2259 692 2463 749 diaboli
2496 696 2685 751 manui
2722 710 2787 752 ac
2810 697 3089 769 tyrannidi
3124 696 3376 754 subditos
3403 715 3417 752 :
3448 696 3617 753 adeo-

2038 796 2147 852 que
2172 785 2323 840 velut
2363 784 2433 841 ad
2474 785 2648 842 Deum
2698 802 2762 843 ac
2806 787 3026 844 Patrem
3072 788 3290 844 dicebat
3316 806 3331 843 :
3362 807 3383 841 ι
3416 787 3618 844 Emitte

2038 872 2215 931 lucem
2275 883 2447 943 tuam,
2498 887 2555 934 et
2612 881 2897 936 veritatem
2949 888 3101 936 tuam
3136 880 3209 935 ”.
3261 901 3282 933 ι
3350 879 3613 947 Qumnam

2033 963 2207 1035 igitur
2239 965 2311 1023 sit
2348 966 2442 1022 illa
2474 967 2588 1034 lux,
2622 978 2677 1025 et
2705 985 2954 1041 quaenam
2995 973 3225 1038 veritas,
3268 972 3449 1042 ipsum
3483 972 3611 1026 audi

2032 1053 2234 1112 Filium
2267 1059 2541 1117 dicentem
2569 1080 2583 1116 :
2620 1081 2641 1115 ι
2682 1064 2940 1136 Egosum
2973 1066 3089 1130 lux,
3121 1071 3175 1120 et
3210 1078 3316 1135 ego
3358 1079 3482 1120 sum
3515 1078 3611 1118 ve-

2030 1146 2256 1202 ritas“.
2293 1167 2313 1202 ι
2342 1149 2499 1215 Ωιιοά
2545 1152 2592 1207 si
2647 1153 2717 1208 ad
2750 1168 2853 1210 nos
2896 1155 3136 1209 mittitur
3175 1154 3266 1208 lux
3304 1159 3360 1209 et
3407 1152 3612 1208 veritas

2030 1235 2231 1305 Patris,
2261 1239 2368 1297 hoc
2401 1248 2488 1298 est
2521 1241 2722 1310 Filius,
2752 1245 3035 1316 quomodo
3091 1260 3204 1301 non
3236 1243 3379 1299 alius
3427 1251 3513 1299 est
3541 1243 3612 1297 ab

2029 1326 2175 1396 ipso.
2198 1331 2347 1399 quod
2380 1331 2450 1387 ad
2496 1335 2781 1403 propriam
2823 1336 3149 1407 hypostasin
3201 1335 3434 1399 attinet.
3479 1336 3610 1389 licet

2026 1432 2202 1472 unum
2234 1420 2303 1475 sit
2333 1436 2461 1476 cum
2505 1426 2630 1494 ipso
2674 1425 2966 1481 identitate
3008 1426 3369 1483 substantia?
3398 1424 3533 1478 Nam
3560 1423 3607 1479 si

2026 1508 2253 1578 quidam
2287 1510 2364 1564 ita
2390 1526 2505 1567 rem
2533 1528 2658 1569 esse
2696 1530 2807 1570 non
2835 1515 3178 1580 existimant,
3198 1523 3258 1570 et
3278 1513 3421 1569 idem
3444 1520 3609 1583 atque

2026 1615 2173 1656 unus
2193 1608 2279 1657 est
2298 1600 2466 1658 Pater
2484 1618 2550 1659 ac
2570 1603 2746 1663 Filius
2772 1622 2786 1658 :
2812 1607 3008 1677 quidni
3026 1607 3136 1663 alio
3162 1606 3421 1678 precandi
3443 1606 3607 1661 modo

348 1675 473 1738 σίας
494 1677 827 1746 ταυτότητας
857 1679 919 1730 Εἰ
947 1653 1059 1749 γάρ
1090 1679 1165 1750 μὴ
1191 1653 1362 1745 οὓτως
1380 1681 1522 1753 ἔχειν
1536 1653 1737 1739 οἴονταί

2025 1693 2283 1749 utebatur
2299 1693 2487 1751 divino
2514 1694 2724 1765 Spiritu
2744 1653 2963 1752 aﬂi'atus
3010 1653 3302 1751 Psaltnista
3321 1694 3566 1748 clamans
3586 1711 3601 1748 :

345 1766 376 1817 ό
399 1766 562 1828 αὐτὸς
591 1765 650 1819 δὲ
679 1766 775 1819 καὶ
800 1762 881 1829 εἷς
925 1768 1042 1821 ἐστι
1089 1769 1279 1841 Πατὴρ
1312 1771 1408 1826 καὶ
1434 1772 1583 1838 mg,
1616 1774 1673 1827 τί
1704 1775 1778 1847 μὴ
1810 1777 1925 1831 ἑτε-

350 1873 444 1926 ρον
484 1857 721 1910 ἐποιεῖτο
748 1856 838 1911 τὸν
875 1857 977 1927 τῆς
1003 1857 1168 1930 εὐχῆς
1195 1846 1392 1932 τρόπον
1418 1863 1447 1916 ὀ
1482 1846 1924 1936 πνευματοξρόρος

346 1945 505 2014 βοῶν·
549 1945 701 1999 Ἐλθὲ
730 1946 865 2016 πρὸς
893 1942 1122 2017 ἠμᾶς,ὦ
1144 1948 1389 2016 φῶςηκαί
1407 1950 1670 2022 ἀλήθεια;
1705 1954 1920 2026 Ἐπειδὴ

337 2034 403 2087 δὲ.
436 2034 497 2086 τὸ
549 2036 989 2098 ἐξαπόστειλον
1028 2036 1216 2099 λέγει,
1245 2038 1404 2110 δῆλος
1457 2042 1525 2095 ἂν
1574 2043 1661 2112 είη
1711 2044 1918 2111 λοιπὸν,

2024 1782 2162 1838 Veni
2192 1782 2259 1839 ad
2305 1798 2429 1852 nos,
2461 1799 2497 1839 o
2523 1785 2616 1839 lux
2659 1793 2717 1840 et
2762 1785 3009 1840 veritas?
3043 1784 3180 1840 Cum
3226 1792 3412 1839 autem
3456 1785 3605 1838 mille

2021 1872 2203 1938 dicat,
2242 1874 2433 1946 utique
2480 1876 2651 1931 alium
2701 1875 2996 1947 quemdam
3032 1876 3190 1931 norit
3234 1874 3329 1945 qui
3389 1873 3600 1935 mittat,

2022 1964 2215 2033 alium,
2256 1966 2355 2036 qui
2391 1965 2662 2021 mittatur.
2695 1965 2804 2023 Sed
2848 1966 3131 2025 missionis
3176 1966 3375 2023 modus
3404 1979 3502 2035 pro
3531 1979 3598 2019 co

2021 2067 2086 2109 ac
2115 2054 2284 2110 Deum
2315 2056 2476 2113 decet
2499 2056 2860 2130 intelligatur.

334 2123 521 2194 ἕτερον
565 2123 667 2193 μέν
703 2140 827 2179 τινα
853 2125 1249 2182 ἀποστέλλοντα
1285 2127 1442 2194 εἰδὼς
1463 2170 1479 2197 ,
1506 2129 1693 2202 ἕτερον
1727 2133 1787 2188 δὲ
1816 2136 1909 2193 τὸν
1943 2140 2407 2217 ἀποστελλόμενον
2426 2162 2441 2178 ⁸
2506 2148 2536 2202 ὁ
2565 2145 2624 2201 δὲ
2652 2123 2754 2219 si};
2812 2148 3117 2219 ἀποστολῆς
3142 2148 3339 2222 τρόπος
3368 2145 3595 2202 νοείσθω

333 2209 673 2281 θεοπρεπῶς.

404 2305 637 2361 'AAAO.
675 2307 753 2361 At‘
785 2308 915 2362 Υἱοῦ
947 2309 1277 2381 πεποιῆσθαι
1303 2290 1373 2366 τὰ
1409 2313 1589 2368 πάντα
1631 2316 1797 2386 φασὶν
1842 2320 1904 2375 αἰ

329 2394 472 2457 θεῖαι
517 2397 732 2469 Γραφαὶ
778 2400 849 2453 τά
881 2401 1052 2470 ὁρατά
1085 2403 1179 2457 καὶ
1216 2404 1287 2457 τὰ
1335 2404 1563 2475 ἀόρατα,
1595 2407 1662 2462 τά
1703 2410 1764 2463 ιν
1799 2412 1913 2475 τοίς

328 2488 579 2558 οὐρανοῖς
626 2489 815 2544 καὶτὰ
848 2492 939 2544 ἐπὶ
970 2492 1067 2563 τῆς
1104 2492 1228 2563 γῆς,
1268 2494 1360 2547 καὶ
1387 2493 1530 2550 οὕτω
1564 2497 1913 2567 πιστεύοντες

328 2579 387 2632 ὲν
421 2579 673 2651 ὀρθότητι
705 2580 1002 2653 λογισμῶν,
1020 2584 1114 2637 καὶ
1146 2585 1253 2638 τῶν
1281 2586 1380 2656 τῆς
1402 2586 1684 2655 εὐσεϐείας
1706 2590 1910 2664 δογμά-

326 2684 434 2723 των
467 2671 599 2724 εῐσω
645 2671 959 2743 βεϐήκαμεν
992 2675 1040 2727 οἰ
1079 2673 1178 2745 τῆς
1209 2674 1468 2747 ἀληθείας
1508 2684 1900 2753 προσκυνηταί.

327 2759 534 2814 Οὐκοῦν
554 2761 896 2831 ἐξετάσωμεν
918 2762 980 2815 τὸ
1013 2762 1111 2817 διὰ
1135 2766 1241 2820 τοῦ
1279 2768 1437 2833 Υίοῦ,
1465 2770 1560 2824 καὶ
1583 2771 1743 2828 ποίαν
1765 2775 1901 2845 ἡμῖν

326 2850 566 2921 εἰσφέρει
590 2852 690 2921 τὴν
714 2852 951 2907 διάνοιαν
974 2856 1374 2928 ὲρευνήσωμεν.
1410 2858 1549 2912 Ἀλλ’
1577 2860 1692 2917 ἐστι
1718 2863 1899 2934 δῆλον,

2083 2314 2317 2373 ALIUD.
2378 2316 2483 2375 Per
2537 2318 2740 2376 Filium
2801 2319 3099 2393 Scriptura
3154 2322 3351 2381 divina:
3404 2332 3587 2385 omnia

2008 2401 2156 2459 facta
2195 2419 2321 2461 esse
2364 2405 2581 2473 dicunt,
2622 2408 2865 2466 visibilia
2892 2418 2952 2467 et
2976 2411 3294 2479 invisibilia,
3341 2417 3588 2475 ctrlestia

2010 2507 2074 2549 ac
2100 2501 2317 2551 terrena
2345 2509 2361 2549 :
2389 2502 2556 2568 atque
2582 2497 2658 2554 ita
2690 2498 2987 2557 credentes
3025 2501 3212 2572 19in
3248 2506 3590 2564 rectitudine

2010 2583 2277 2641 doctrinae
2322 2595 2375 2642 et
2430 2588 2654 2657 pietatis
2699 2588 3017 2660 dogmatum
3067 2593 3374 2651 incedimus
3400 2606 3585 2667 ,quot-

2006 2679 2142 2741 quot
2168 2672 2459 2729 veritatem
2498 2675 2754 2732 colimus.
2790 2670 3183 2748 Expendamus
3216 2681 3385 2751 igitur
3423 2683 3581 2751 illud,

2004 2775 2099 2830 per
2126 2758 2355 2827 Filium,
2387 2771 2444 2819 et
2474 2765 2693 2834 qualem
2726 2767 2890 2824 nobis
2919 2782 3145 2824 sensum
3190 2771 3391 2827 inferat
3423 2772 3583 2829 inda-

2007 2867 2219 2923 gemus.
2262 2854 2429 2924 Atqui
2464 2854 2821 2912 manifestum
2866 2867 2953 2914 est
2995 2861 3164 2915 alium
3199 2864 3416 2932 quidem
3448 2880 3581 2921 cen-

206 2970 219 2979 ~
324 2940 399 3004 ὡς
423 2944 604 3015 ἕτερον
634 2946 732 3016 μέν
762 2964 885 3002 τινα
905 2950 1044 3004 νοεῖν
1069 2950 1352 3006 ἀναπείθει
1378 2954 1468 3007 τὸν
1497 2957 1753 3012 ποιοῦντα
1800 2960 1896 3014 καί⁵

2006 2944 2242 3000 sendum
2297 2960 2422 3003 esse
2479 2961 2606 3003 eum
2653 2947 2749 3019 qui
2803 2947 2937 3005 facit
2981 2959 3036 3006 et
3084 2961 3371 3021 operatur,
3412 2956 3577 3011 alium

325 3034 711 3105 ἐργαζόμενον,
739 3038 921 3110 ἕτερον
946 3039 1003 3094 δέ
1038 3058 1159 3096 τινα
1182 3043 1274 3097 τὸν
1292 3044 1371 3098 δι’
1396 3040 1458 3100 οὗ
1490 3047 1559 3101 τά
1603 3049 1779 3105 πάντα
1804 3052 1897 3122 ἐρ-

2005 3048 2130 3090 vero
2163 3049 2288 3090 eum
2322 3051 2420 3107 per
2444 3052 2609 3108 quem
2644 3040 2905 3097 universa
2933 3019 3215 3112 operat—ur.
3250 3042 3400 3101 Duas
3430 3047 3576 3101 enim

323 3122 567 3190 γάζεται.
596 3125 702 3180 Δύο
728 3127 836 3199 γάρ
874 3131 1183 3201 προσώπων
1213 3132 1289 3196 ὡς
1335 3134 1395 3201 ιε
1436 3136 1681 3206 ἀνάγκης
1721 3140 1901 3211 παρά-

324 3232 513 3268 στασιν
566 3216 679 3288 ἔχει
735 3219 822 3272 τὸ’
852 3220 928 3275 δι’
971 3223 1113 3277 Υίοῦ
1154 3223 1187 3294 ἥ
1244 3223 1550 3292 λεγέτωσαν
1594 3228 1735 3281 κατά
1780 3231 1901 3285 τίνα

320 3304 521 3375 τρόπον
546 3306 607 3360 τδ
633 3308 690 3361 ἓν
716 3310 791 3372 ὡς
822 3311 881 3364 ἐν
918 3311 1158 3385 ἀριθμῷ,
1183 3314 1278 3368 καὶ
1302 3317 1367 3386 τῇ
1398 3316 1520 3370 κατ’
1550 3316 1713 3371 αὐτὸν
1741 3320 1903 3373 ποσό-

318 3412 443 3466 τητι
483 3398 542 3451 ὲν
589 3398 662 3469 τῷ
711 3417 765 3453 τι
806 3404 982 3457 ποιεῖν
1011 3404 1288 3472 λέγεσθαι,
1318 3403 1381 3459 τὸ
1407 3405 1483 3459 δι’
1520 3407 1654 3462 Υιοῦ
1697 3409 1902 3480 κυρίως

318 3488 412 3541 καὶ
460 3489 671 3561 ἀληθῶς
709 3493 1044 3560 ἐπιδέξεται,
1080 3496 1293 3561 οὐδενὸς
1321 3498 1514 3569 ἐτέρου
1551 3514 1896 3555 συνεπινοου-

319 3578 478 3648 μένου
527 3583 621 3635 καί
673 3586 1138 3656 συνειστρέχοντος
1177 3605 1192 3619 ·
1224 3588 1342 3642 ἀλλ’
1387 3584 1539 3660 οἶμαι
1615 3592 1896 3658 παντελῶς

314 3670 612 3741 ἀπορήσειν
640 3674 766 3738 τοὺς
794 3674 861 3727 δι’
889 3677 1152 3741 ἐναντίας.
1191 3679 1403 3751 Ἐπειδὴ
1433 3681 1490 3735 δὲ
1536 3682 1631 3737 τὸν
1675 3683 1892 3755 Πατέρα

312 3763 380 3817 δι’
411 3766 541 3819 Υἰοῦ
577 3767 644 3820 τὰ
685 3768 863 3822 πάντα
896 3768 1201 3840 εἰργάσθαι,
1222 3772 1317 3824 καὶ
1347 3772 1505 3826 αὐταὶ
1532 3775 1890 3846 κηρύττουσιν

311 3857 367 3909 αἰ
398 3856 540 3910 θεῖαι
563 3858 798 3929 Γραφαί,
832 3860 928 3913 καὶ
959 3861 1122 3931 ἡμεῖς
1153 3863 1513 3934 πιστεύομεν,
1541 3860 1695 3936 οἶμαι
1722 3866 1778 3920 δὲ
1806 3867 1889 3921 ὅτι

310 3948 593 4008 κακεῖνος·
621 3946 739 4010 πῶς
778 3948 878 4001 οὐκ
916 3948 1130 4020 ἀνάγκη
1175 3953 1315 4004 νοεῖν
1348 3953 1566 4024 Πατέρα
1592 3955 1690 4024 μὲν
1718 3955 1881 4023 ἰδίως,

308 4033 385 4096 ὡς
417 4033 540 4086 καθ’
572 4036 764 4089 ἑαυτὸν
823 4036 1139 4105 ὑφεστᾶναι,
1175 4038 1303 4092 Υἰὺν
1338 4039 1396 4094 δὲ
1447 4041 1609 4094 πάλιν
1660 4043 1883 4113 ὁμοίως,

306 4125 408 4176 οὐκ
437 4125 834 4195 ἀνατρέποντος
862 4127 1051 4180 τούτου
1079 4127 1140 4181 τὸ
1165 4130 1225 4182 ὲν
1251 4130 1537 4202 ταυτότητι
1568 4133 1668 4202 τῆς
1699 4133 1885 4199 οὐσίας

304 4214 405 4286 τὴν
428 4215 589 4283 ἁγίαν
619 4216 847 4283 ὁρᾶσθαι
881 4218 1081 4289 Τριάδα
1106 4236 1121 4285 ;

896 4330 1167 4385 ΚΕΦᾹΛ.
1208 4332 1281 4386 Γ⁹.

1907 4363 1953 4418 D

1998 3139 2267 3195 personas
2300 3129 2620 3185 necessario
2671 3131 2834 3189 nobis
2879 3133 3105 3190 exhibet
3151 3136 3307 3201 illud,
3341 3154 3434 3206 per
3466 3136 3575 3191 Fi—

2001 3216 2132 3269 lium
2156 3232 2175 3270 :
2202 3218 2502 3273 autdicant
2530 3235 2644 3289 quo
2681 3229 2847 3290 pacto
2878 3223 3039 3289 illud,
3067 3241 3161 3292 per
3188 3226 3415 3290 Filium,
3448 3243 3577 3297 pro-

1998 3303 2117 3372 prie
2149 3318 2213 3359 ac
2239 3321 2369 3361 vere
2392 3308 2449 3361 in
2480 3322 2543 3363 re
2570 3308 2825 3365 facienda
2856 3326 3026 3365 unum
3058 3328 3289 3368 numero
3324 3325 3380 3370 et
3405 3332 3577 3385 quan-

1998 3390 2159 3447 titate
2186 3392 2615 3462 complectetur,
2648 3396 2697 3453 si
2728 3396 2868 3451 nihil
2915 3396 3067 3453 aliud
3105 3400 3269 3456 simul
3297 3401 3574 3474 intelliga-

1997 3491 2088 3539 tur
2112 3489 2169 3539 et
2198 3483 2268 3538 ad
2301 3485 2647 3555 operandam
2694 3497 3032 3558 concurrat;
3079 3496 3136 3545 at
3184 3490 3277 3546 hic
3324 3492 3574 3553 limsuros

1992 3576 2158 3648 plane
2193 3575 2542 3634 adversarios
2587 3587 2746 3650 puto.
2793 3578 2932 3636 Cum
2981 3588 3169 3639 autem
3216 3583 3433 3641 Patrem
3472 3603 3570 3658 per

1991 3666 2189 3723 Filium
2243 3669 2428 3724 omnia
2480 3669 2682 3729 fecisse
2729 3678 2786 3729 et
2838 3673 2973 3745 ipsae
3014 3674 3214 3730 divina:
3270 3676 3570 3748 Scriptum

1990 3756 2314 3828 praedicent,
2356 3764 2413 3813 et
2438 3773 2543 3815 nos
2571 3760 2886 3830 credamus,
2923 3761 3107 3833 itaque
3136 3778 3239 3835 ego
3268 3772 3511 3821 statuam
3548 3786 3561 3821 :

1988 3865 2177 3905 nonne
2214 3864 2439 3905 necesse
2479 3859 2565 3907 est
2598 3852 2902 3925 intelligere
2934 3852 3150 3911 Patrem
3186 3856 3406 3925 quidem
3435 3874 3565 3928 pro-

1987 3944 2105 4012 prie
2136 3942 2192 3996 in
2241 3958 2301 3999 se
2333 3943 2668 4008 subsistere,
2710 3958 2776 3999 ac
2822 3944 3075 4002 similiter
3115 3945 3346 4009 Filium,
3383 3964 3562 4019 neque

1985 4031 2040 4086 id
2090 4032 2314 4089 obstare
2365 4036 2666 4103 quominus
2717 4043 2911 4090 sancta
2948 4034 3188 4092 Trinitas
3219 4037 3561 4107 intelligatur

1986 4124 2042 4178 in
2074 4122 2359 4180 identitate
2391 4124 2757 4181 substantiae?

2546 4332 2549 4337 '
2598 4321 2752 4377 CAP.
2806 4319 2901 4374 Ill.

305 4410 439 4495 ’ὈιςιΔ
459 4412 601 4495 Θεὸς
632 4415 781 4495 acth
804 4417 1007 4495 φῷσιτς,
1042 4420 1139 4495 καὶ
1160 4419 1529 4495 ηκατξορδένᾳ
1566 4421 1809 4495 τρόπον,
1834 4423 1874 4495 ἦ

2005 4410 2136 4476 ὶαοά
2189 4411 2326 4466 Deus
2361 4414 2967 4495 secundi-immaturam,
3007 4429 3103 4495 nec
3137 4413 3254 4495 tilio
3280 4415 3433 4471 modo
3459 4428 3558 4473 aut

370 4482 656 4549 ἐλάττων,
684 4485 722 4549 ἢ
748 4484 1025 4553 ἀνόμοιός
1047 4488 1176 4541 ἐστι
1202 4488 1307 4542 τοῦ
1332 4489 1564 4561 Πατρός
1586 4482 1617 4544 ὅ
1648 4482 1800 4559 Υἱός.

784 4576 893 4630 Καὶ
930 4576 1082 4642 ’Θεὸς
1112 4573 1192 4646 ἦν
1219 4580 1253 4632 ὁ
1274 4579 1490 4648 Λόγος.

370 4666 484 4720 Οὐκ
512 4667 779 4737 ὴιονόησεν
806 4670 834 4721 ὁ
866 4670 1338 4741 πνευματοφόρος,
1372 4671 1451 4735 ὡς
1485 4673 1875 4747 ἀναστήσονταί

297 4771 443 4820 τινες
483 4757 542 4809 ὲν
583 4758 830 4828 ἐσχάτοις
869 4762 1083 4830 καιροῖς
1128 4760 1226 4831 τῆς
1257 4760 1349 4815 τοῦ
1384 4763 1719 4833 Μονογενοΰς
1745 4785 1876 4821 κατ-

300 4847 620 4918 ηγοροῦντες
645 4850 861 4915 οὐσίας,
915 4852 1010 4903 καὶ
1051 4851 1140 4905 τὸν
1184 4852 1524 4923 ἀγοράσαντα
1552 4858 1747 4921 αὐτοὺς
1780 4862 1875 4911 Δε-

302 4936 504 5006 σπότην
535 4938 886 5008 ἀρνούμενοι,
928 4940 1015 4995 διὰ
1052 4941 1146 4994 τοῦ
1177 4942 1319 4996 κατὰ
1352 4943 1511 5012 φύσιν
1554 4946 1761 5002 οίεσοαι
1796 4948 1871 5020 μὴ

299 5021 438 5079 εἶναι
465 5027 593 5081 Θεὸν
622 5029 713 5082 τὸν
738 5031 803 5083 ὲκ
837 5029 969 5083 Θεοῦ
996 5032 1091 5084 καὶ
1121 5032 1334 5103 Πατρὸς
1365 5035 1643 5105 πεφηνότα
1673 5038 1864 5105 Λόγον,

296 5116 432 5169 ἀλλά
463 5117 612 5171 νόθον
641 5118 830 5188 ὥσπερ
857 5120 975 5174 τινὰ
1024 5121 1116 5175 καὶ
1144 5121 1495 5193 ψευδώνυμον
1526 5125 1654 5194 ἡμῖν
1682 5127 1867 5211 ἐπεισ-

296 5205 584 5276 φέρεσθαι,
636 5207 696 5261 τὺ
749 5209 846 5278 μὲν
896 5210 997 5279 τῆς
1048 5212 1293 5283 υίότητός
1353 5230 1414 5266 τε
1471 5214 1566 5266 καὶ
1613 5205 1864 5286 θεότητος

296 5296 462 5367 δνομα
504 5298 886 5369 περικείμενον
906 5340 920 5364 ,
965 5300 1154 5373 ἔχοντα
1179 5303 1236 5356 δὲ
1269 5306 1367 5374 οὐχ
1397 5303 1539 5357 οὕτω
1564 5305 1704 5359 κατὰ
1734 5305 1867 5374 ἁλή-

298 5384 461 5443 θειαν.
496 5390 725 5462 ’Ὁμοιόν
757 5407 809 5444 τι
837 5391 1076 5446 ποιοῦσιν
1113 5396 1161 5446 οἰ
1195 5395 1514 5466 τὴνἋρείου
1547 5395 1864 5450 δυσσέϐειαν

365 5564 408 5596 ⁸³
445 5568 583 5625 Psal.
624 5585 772 5637 χιιι,
805 5570 862 5623 5.
934 5569 1154 5625 “Joan.
1198 5572 1585 5640 rm,12;-xtv,
1618 5572 1669 5626 ϐ.

2198 4485 2390 4547 minor,
2423 4493 2515 4536 aut
2543 4484 2824 4538 dissimilis
2859 4482 3020 4537 Patri
3046 4485 3116 4537 sit
3144 4483 3338 4539 Filius.

2327 4577 2384 4643 Ι,
2427 4577 2479 4631 1.
2522 4575 2589 4629 Et
2621 4576 2763 4630 Deus
2797 4585 2911 4631 erat
2954 4576 3197 4632 Verbum.

2047 4663 2166 4721 Non
2202 4666 2474 4738 ignoravit
2498 4664 2685 4720 divino
2719 4667 2927 4736 Spiritu
2967 4666 3180 4723 amatus
3213 4668 3549 4738 evangelista

1975 4761 2271 4827 postremis
2303 4756 2641 4828 temporibus
2668 4758 3021 4815 suborituros
3051 4759 3266 4828 aliquos
3298 4760 3392 4829 qui
3417 4760 3548 4814 sul)-

1976 4850 2194 4904 stautite
2220 4850 2498 4919 Unigcniti
2530 4850 2915 4916 detraherent,
2966 4859 3020 4905 et
3050 4850 3339 4906 Dominum
3372 4866 3401 4904 a
3435 4866 3552 4919 quo

1977 4941 2241 5011 redempti
2271 4950 2401 4996 sunt
2445 4951 2748 5012 negarent,
2792 4958 2914 4997 cum
2949 4941 3245 4997 secundum
3287 4952 3547 4995 maturam

1973 5047 2080 5085 non
2111 5048 2234 5087 esse
2257 5031 2424 5088 Deum
2453 5049 2518 5088 ex
2550 5033 2662 5087 Deo
2683 5042 2736 5089 et
2764 5033 2924 5088 Patre
2947 5034 3189 5103 genitum
3223 5033 3542 5093 asserendo,

1971 5125 2065 5180 sed
2095 5125 2342 5195 Spurium
2381 5126 2539 5180 nobis
2569 5125 2734 5179 veluti
2758 5124 3049 5193 quemdam
3077 5131 3130 5177 et
3150 5122 3273 5177 falsi
3302 5120 3540 5175 nominis

1970 5216 2314 5283 invehendo,
2359 5218 2641 5274 ﬁliationis
2692 5218 2912 5288 quidem
2956 5231 3019 5271 ac
3058 5215 3279 5271 deitatis
3316 5210 3541 5266 nomine

1970 5308 2305 5377 redimitum,
2337 5310 2433 5365 sed
2463 5303 2537 5364 i'ta
2571 5325 2629 5366 se
2659 5324 2849 5365 revera
2879 5323 2987 5363 non
3016 5308 3324 5360 habentem.
3347 5298 3541 5352 Simile

1968 5400 2229 5468 quiddam
2280 5400 2532 5469 faciunt,
2579 5401 2673 5472 qui
2725 5399 3007 5456 Judaicam
3048 5397 3163 5450 Arii
3197 5391 3535 5460 impietatem
