4092 6274
479 261 550 317 39
1497 257 1554 311 S.
1597 252 1869 311 CYRILLI
1907 247 2372 307 ALEXANDRINI
2405 250 2722 308 ARCHIEP.
3660 252 3728 309 ιο

475 374 691 432 intimis
720 373 1042 446 praeordiis
1086 383 1472 446 susceperunt,
1501 348 1847 446 proindeque
1882 382 1937 430 et
1981 373 2048 428 de

2167 369 2457 442 Ἰουδαῖκήν
2495 374 2576 438 είς
2610 375 2703 427 τὸν
2732 371 2940 425 ὲαυτῶν
2970 368 3352 434 είσοικίζοντες
3384 369 3527 437 νοῦν,
3560 371 3641 425 διὸ
3665 374 3729 443 δὴ

478 474 704 522 mortuo
736 463 904 522 corde
949 467 1241 537 proferunt
1289 481 1399 523 non
1443 466 1718 522 viviﬁcum
1773 466 1876 536 piae
1917 480 2051 522 con-

476 556 861 625 templationis
888 555 1136 625 verbum,
1170 556 1267 612 sed
1303 555 1668 627 quodcunque
1698 556 1765 610 ad
1819 563 2049 611 mortem

483 644 663 702 tendit
701 660 768 701 ac
801 645 1068 716 respicit:
1105 664 1125 698 ι
1168 644 1376 718 Sagitta
1408 646 1610 717 quippe
1637 653 1721 702 est
1752 645 2051 701 vulnerans

484 736 673 807 lingua
694 750 919 801 eorum;
946 735 1137 793 dolosa
1158 737 1327 792 verba
1359 738 1472 792 oris
1500 751 1692 792 eorum
1724 735 1791 790 “.
1835 755 1853 788 ι
1882 735 2052 802 Quasi

482 841 618 899 ergo
644 827 758 897 jam
790 827 848 880 in
893 826 1152 882 veritatis
1180 826 1349 881 verba
1388 831 1710 896 exsurgeret
1743 824 1965 894 aliquis,
1998 832 2054 879 et

486 924 738 972 sanctum
787 916 1182 988 evangelistam
1215 916 1290 970 ita
1323 914 1715 986 propemodum
1762 914 2055 983 compella-

488 1014 573 1064 ret
609 1014 772 1063 :erat
812 1008 1034 1077 quidem
1079 1005 1343 1072 Verbum,
1385 1022 1420 1062 o
1450 1007 1612 1072 bone,
1657 1006 1801 1076 apud
1850 1004 2050 1073 Deum;

485 1107 642 1156 esto:
682 1099 781 1154 tibi
807 1100 952 1154 enim
980 1098 1087 1154 ista
1114 1097 1380 1155 scribenti
1406 1098 1703 1153 credimus.
1747 1095 1832 1151 Sit
1871 1104 2052 1152 autem

487 1198 543 1245 et
585 1190 856 1267 subsistat
886 1189 1050 1245 Pater
1080 1191 1327 1261 proprie,
1365 1188 1608 1259 itemque
1654 1187 1830 1244 Filius
1859 1187 2056 1243 simili-

490 1288 574 1336 ter
598 1296 612 1331 :
636 1281 910 1350 quodnam
933 1295 1066 1353 ergo
1083 1281 1193 1350 20
1216 1280 1516 1335 secundum
1546 1285 1800 1334 naturam
1818 1277 2057 1334 Verbum

486 1383 608 1424 esse
642 1369 947 1438 putandum
979 1370 1108 1425 est?
1147 1369 1284 1425 lllud
1315 1370 1483 1437 enim,
1510 1384 1631 1425 esse
1679 1368 1824 1439 apud
1862 1368 2055 1436 Deum,

487 1461 712 1516 omnino
761 1462 1129 1518 substantiam
1176 1475 1289 1516 non
1340 1460 1634 1532 signiﬁcat.
1681 1460 1821 1516 Cum
1870 1469 2056 1515 autem

489 1568 658 1609 unum
712 1552 882 1608 Deum
923 1551 1225 1624 Scriptum
1268 1551 1466 1609 divina:
1515 1551 1855 1622 praedicent,
1905 1550 2054 1605 Patri

485 1645 592 1699 soli
624 1644 730 1698 hoc
751 1644 1076 1710 tribuemus,
1112 1644 1257 1715 apud
1290 1659 1454 1714 quem
1479 1653 1598 1699 erat
1627 1642 1887 1699 Verbum.
1912 1640 2057 1708 Quid

490 1736 557 1793 ad
589 1737 703 1792 haec
727 1738 894 1807 igitur
919 1738 996 1792 ait
1019 1752 1201 1806 preco
1221 1736 1510 1792 veritatis?
1528 1735 1649 1791 Non
1674 1736 1853 1791 solum
1881 1753 1899 1787 ι
1930 1734 2060 1789 Erat

490 1826 732 1884 Verbum
760 1829 901 1898 apud
932 1828 1127 1893 Deum,
1164 1847 1184 1879 ι
1223 1829 1321 1884 sed
1351 1836 1469 1883 erat
1495 1828 1660 1883 etiam
1695 1828 1860 1894 Deus,
1901 1835 1961 1882 ut
1993 1842 2058 1883 ex

490 1933 560 1974 eo
599 1917 747 1988 quod
799 1924 886 1973 est
929 1918 1076 1988 apud
1124 1916 1323 1984 Deum,
1356 1918 1498 1974 alius
1546 1933 1669 1974 esse
1707 1932 1738 1972 a
1772 1917 1936 1973 Patre
1969 1932 2062 1973 co-

494 2016 815 2078 gnoscatur,
864 2017 919 2064 et
947 2008 1120 2066 Filius
1150 2009 1372 2081 proprie
1411 2009 1724 2065 subsistere
1762 2016 1817 2063 et
1855 2024 1953 2080 per
2000 2023 2061 2064 se

494 2098 779 2165 credatur;
827 2112 897 2153 ex
924 2112 990 2153 eo
1018 2112 1151 2153 vero
1187 2097 1335 2167 quod
1369 2104 1455 2153 est
1489 2096 1655 2163 Deus,
1693 2098 2061 2152 consubstan-

494 2172 748 2254 tialisfet
776 2203 843 2243 ex
884 2188 1006 2258 ipso
1048 2187 1389 2258 intelligatur
1415 2202 1535 2243 esse
1567 2186 1868 2244 secundum
1899 2196 2061 2241 natu-

493 2293 633 2344 ram,
667 2286 853 2348 utpote
884 2277 1048 2344 Deus,
1089 2284 1145 2334 et
1182 2294 1250 2334 ex
1276 2277 1386 2333 Deo
1415 2278 1708 2333 exsistens.
1740 2274 1883 2331 Fieri
1914 2275 2059 2330 enim

494 2367 684 2438 nequit
719 2376 799 2435 ut,
839 2382 965 2423 cum
1010 2382 1119 2423 una
1149 2368 1357 2438 liquido
1393 2367 1468 2421 sit
1495 2365 1638 2436 apud
1671 2365 1925 2420 homines
1974 2364 2061 2419 di-

494 2461 725 2524 vinitas,
749 2459 806 2514 in
836 2458 1178 2514 identitatem
1233 2457 1554 2514 substantiae
1600 2464 1790 2512 sancta
1822 2454 2061 2510 Trinitas

497 2565 609 2606 non
635 2550 932 2613 coalescat,
968 2555 1132 2619 atque
1159 2549 1234 2603 ita
1273 2548 1329 2602 in
1357 2563 1521 2603 uuam
1549 2548 1771 2604 deitatis
1790 2547 2061 2601 rationem

498 2639 789 2696 referatur.
839 2641 971 2694 Erat
1014 2639 1211 2710 igitur,
1251 2646 1307 2694 et
1356 2639 1500 2694 Deus
1549 2646 1738 2710 postea
1791 2654 1900 2694 non
1939 2637 2057 2701 fuit,

498 2732 593 2787 sed
623 2732 756 2786 olim
784 2738 925 2796 erat,
958 2731 1195 2786 maxime
1228 2744 1353 2785 cum
1402 2730 1571 2786 Deum
1602 2745 1723 2786 esse
1750 2730 1820 2784 ab
1859 2739 2065 2785 aeterno

497 2837 720 2893 quoque
748 2838 867 2879 esse
899 2831 1288 2894 consequatur,
1325 2822 1775 2894 quandoquidem
1815 2822 1867 2877 id
1916 2823 2063 2892 quod

499 2913 832 2996 intempore
873 2913 1079 2971 factum
1111 2923 1215 2981 est,
1246 2923 1340 2971 aut
1388 2932 1419 2971 e
1464 2916 1634 2971 nihilo
1666 2916 1723 2971 in
1752 2930 1937 2971 rerum
1971 2930 2067 2969 na-

2153 461 2246 514 καί¹
2284 462 2391 516 ἀπὸ
2437 463 2637 533 νεκρᾶς
2702 461 3038 534 προφέρουσι
3080 460 3339 531 καρδίας,
3380 463 3442 515 οὐ
3472 462 3561 517 τὸν
3595 463 3731 528 ζωο-

2150 551 2303 605 ποιὸν
2333 552 2435 622 τῆς
2463 553 2721 617 εὐσεϐοῦς
2753 552 2984 622 θεωρίας
3015 550 3171 619 λόγον
3191 591 3205 614 ,
3257 550 3373 606 ἀλλ’
3411 553 3463 605 εί
3498 568 3551 605 τι
3595 552 3731 625 πρὸς

2153 645 2379 701 θάνατον
2395 648 2498 718 ὁρᾷ
2510 663 2571 699 τε
2594 648 2686 700 καὶ
2707 646 2925 716 βλέπει·
2959 645 3142 708 «Βολὶς
3166 644 3335 708 ὅντως
3356 663 3438 699 τιτ
3448 645 3730 716 ρώσκουσα

2152 736 2186 805 ἡ
2210 734 2431 804 γλῶσσα
2459 736 2657 801 αὐτῶν,
2690 736 2842 791 δόλια
2868 734 2939 788 τὰ
2969 737 3191 806 ῥήματα
3213 734 3306 787 τοῦ
3339 736 3605 805 στόματος
3632 736 3729 790 αὐ-

2151 825 2278 881 τῶν.
2295 846 2314 879 ι
2343 828 2551 897 Ὥσπερ
2578 822 2670 881 οῦν
2688 826 2792 898 ήδη
2817 826 2960 890 τινὸς
2988 828 3098 890 τοῖς
3120 826 3180 890 ἐξ
3206 825 3464 898 ἀληθείας
3492 827 3728 881 ἀντιτείο

2152 933 2335 980 νοντος
2379 917 2619 988 ῥήμασι,
2674 917 2771 971 καὶ
2825 916 3105 988 μονονουχὶ
3154 916 3405 985 λέγοντος
3457 918 3591 987 πρὸς
3640 918 3732 970 τὸν

2154 1007 2306 1076 ἅγιον
2338 1005 2746 1078 εὐαγγελιστήνο
2778 1001 2887 1060 Ἦν
2913 1008 3010 1078 μὲν
3035 1007 3064 1059 0
3090 1006 3282 1075 Λόγος,
3313 1003 3358 1060 ὧ
3383 1001 3557 1073 οὗτος,
3596 1006 3733 1078 πρὸς

2153 1098 2243 1150 τὸν
2262 1097 2415 1164 Θεὸν,
2434 1098 2528 1151 καὶ
2544 1098 2716 1168 ἐχέτω
2736 1098 2885 1169 τῇδευ
2914 1097 3172 1168 πείθομαι
3197 1097 3305 1169 γὰρ
3328 1100 3441 1161 τοῖς
3471 1101 3583 1161 σοῖς
3605 1100 3733 1170 περὶ

2153 1188 2344 1242 τούτου
2378 1189 2807 1260 συγγράμμασιν
2828 1204 2844 1222 ο
2892 1187 3034 1243 ἔστω
3064 1189 3145 1254 δὲ,
3176 1190 3272 1243 καὶ
3303 1189 3595 1259 ὑπαρχέτω
3621 1189 3732 1242 Πα-

2153 1279 2261 1352 τὴρ
2292 1280 2391 1351 μὲν
2425 1281 2603 1345 ἰδίως,
2651 1280 2781 1344 Υἱὸς
2817 1279 2874 1333 δὲ
2907 1279 3070 1334 πάλιν
3101 1280 3323 1350 ὁμοίως.
3377 1280 3512 1335 Τίνα
3546 1279 3611 1350 δὴ
3639 1275 3732 1333 οὖν

2157 1373 2420 1445 ὑπάρχειν
2462 1372 2670 1427 οἴεσθαι
2711 1373 2977 1445 προσήκει
3016 1370 3156 1426 κατᾶ
3179 1372 3494 1443 ’φύσιντὸν
3519 1373 3729 1441 Λόγον,

2158 1463 2231 1516 Τὸ
2268 1463 2379 1534 γὰρ
2414 1458 2553 1518 εἶναι
2582 1463 2726 1536 πρὸς,
2762 1463 2923 1530 Θεόν,
2978 1465 3039 1517 οὐ
3074 1465 3292 1528 πάντως
3333 1463 3446 1535 ἔχει
3490 1464 3585 1517 καὶ
3632 1462 3733 1533 τῆς

2158 1553 2344 1618 οὐσίας
2367 1555 2466 1626 τὴν
2495 1555 2752 1626 δήλωσιν.
2782 1555 2997 1628 Ἐπειδὴ
3019 1557 3073 1609 δὲ
3088 1556 3221 1610 Θεὸν
3250 1557 3347 1609 ἕνα
3374 1555 3733 1626 κηρύττουσιν

2158 1647 2215 1698 αἱ
2252 1645 2393 1700 θεῖαι
2420 1647 2652 1717 Γραφαὶ,
2683 1634 3023 1719 ἀναθήσομεν
3058 1646 3215 1701 τοῦτο
3259 1646 3403 1717 μόνῳ
3430 1645 3507 1716 τῷ
3533 1646 3729 1715 Harp?»

2159 1737 2297 1806 πρὸς
2327 1738 2385 1791 ὃν
2409 1733 2478 1809 ἦν
2506 1741 2534 1793 ό
2554 1739 2741 1807 Λόγος.
2771 1739 2836 1793 Τί
2866 1735 2958 1795 οῦν
2986 1740 3093 1811 ἄρα
3120 1739 3213 1793 καὶ
3243 1739 3378 1810 πρὸς
3408 1738 3566 1793 τοῦτό
3599 1755 3732 1807 φησι

2157 1830 2259 1899 τῆς
2281 1829 2539 1901 ἀληθείας
2561 1833 2590 1885 0
2616 1830 2792 1902 κήρυξ
2820 1847 2835 1897 ;
2862 1832 2937 1885 Οὐ
2973 1831 3131 1901 μόνον
3167 1849 3185 1882 ι
3213 1825 3323 1884 Ἦν
3349 1832 3377 1883 ὁ
3401 1829 3574 1897 Λόγος
3598 1827 3734 1899 πρὸς

2157 1920 2311 1987 Θεὸν,
2347 1941 2367 1975 ι
2403 1922 2517 1977 ἀλλ’
2548 1918 2617 1994 ἦν
2640 1922 2734 1976 καὶ
2760 1923 2913 1989 Θεὸς,
2947 1923 3035 1976 ἵνα
3058 1922 3148 1976 διὰ
3177 1923 3275 1992 μὲν
3300 1919 3393 1975 τοῦ
3429 1916 3566 1974 εἶναι
3598 1919 3734 1988 πρὸς

2157 2012 2309 2078 Θεὸν,
2345 2012 2530 2083 ἔτερος
2558 2012 2634 2066 ὢν
2678 2015 2829 2084 παρὰ
2873 2013 2966 2066 τὸν
2994 2012 3216 2079 Πατέρα
3248 2011 3602 2082 γνωρίζηται,
3639 2009 3736 2062 καί

2160 2101 2287 2163 Υίὸς
2321 2101 2589 2172 ὑπάρχειν
2625 2101 2731 2172 ἰδίᾳ
2766 2102 2862 2155 καὶ
2886 2099 3007 2154 καθ’
3036 2101 3230 2175 ἑαυτὸν
3264 2099 3609 2168 πιστεύηταν
3646 2098 3735 2150 διὰ

2158 2190 2216 2244 δὲ
2246 2190 2341 2243 τοῦ
2377 2184 2519 2244 εἶναι
2551 2192 2706 2255 Θεὸς,
2740 2190 3027 2261 όμοούσιός
3054 2206 3114 2242 τε
3139 2189 3233 2243 καὶ
3262 2188 3322 2253 ἐξ
3353 2188 3516 2242 αὐτοῦ
3553 2189 3736 2257 νοῆται

2161 2278 2300 2332 κατὰ
2328 2278 2518 2348 φύσιν,
2544 2281 2639 2335 ἆτε
2666 2281 2731 2350 δὴ
2755 2281 2847 2334 καὶ
2873 2280 3032 2344 Θεὸς,
3066 2283 3162 2334 καὶ
3189 2281 3252 2333 ὲκ
3279 2278 3415 2333 Θεοῦ
3439 2278 3733 2350 προελθών.

2174 2372 2476 2442 Ἀμήχανον
2491 2371 2620 2442 γὰρ,
2640 2373 2767 2442 μιᾶς
2787 2367 2923 2425 εῖναι
2946 2371 3095 2443 παρὰ
3118 2374 3282 2426 πᾶσιν
3304 2370 3736 2441 όμολογουμένης

2162 2461 2443 2532 θεότητος,
2496 2463 2570 2534 μὴ
2617 2463 2834 2528 πάντως
2882 2465 2961 2529 εἰς
3023 2464 3330 2534 ταυτότητα
3376 2462 3589 2531 φύσεως
3639 2461 3737 2531 τὴν

2163 2555 2324 2623 ἁγίαν
2351 2554 2659 2609 ἀναϐαίνειν
2694 2557 2930 2628 Τριάδα,
2986 2556 3155 2620 οὕτως
3182 2574 3238 2610 τε
3278 2557 3358 2620 εἰς
3391 2556 3481 2610 τὸν
3518 2555 3613 2608 ἕνα
3638 2557 3738 2625 τῆς

2163 2646 2412 2716 θεότητος
2445 2646 2809 2719 ἀναφέρεσθαι
2836 2647 3012 2712 λόγον.
3065 2643 3173 2701 Ἦν
3206 2644 3299 2703 οὖν
3319 2687 3334 2711 ,
3390 2646 3487 2701 καὶ
3512 2645 3644 2710 Θεὸς
3670 2646 3733 2697 οὐ

2164 2741 2381 2808 γέγονεν
2408 2739 2631 2810 ὕστερον
2649 2780 2663 2804 ,
2692 2739 2831 2794 ἀλλὰ
2861 2740 3027 2794 πάλαι
3054 2735 3153 2811 ἦν,
3191 2741 3239 2792 εί
3270 2740 3363 2793 καὶ
3395 2741 3477 2793 ὅτι
3506 2738 3738 2809 μάλιστα

2164 2830 2241 2901 τῷ
2275 2826 2415 2883 εἶναι
2462 2829 2594 2883 Θεὸν
2637 2830 2991 2901 ἀκολουθήσει
3045 2831 3260 2893 πάντως
3308 2830 3398 2883 καὶ
3442 2830 3504 2882 τὸ
3554 2829 3740 2891 ἀϊδίως

2166 2919 2305 2976 εἶναι
2330 2938 2345 2954 ⁸
2382 2923 2503 2976 ἐπεὶ
2537 2922 2598 2976 τὸ
2645 2925 2703 2977 ὲν
2731 2923 2908 2995 χρόνῳ
2936 2922 3180 2991 γεγονὸς,
3212 2922 3247 2992 ἢ
3279 2922 3373 2974 καὶ
3401 2920 3535 2983 ὅλως
3571 2922 3635 2973 ὲκ
3664 2920 3739 2991 μὴ

498 3013 680 3060 turam
728 3004 963 3071 editum,
1012 3013 1211 3061 natura
1260 3006 1404 3062 Deus
1461 3021 1570 3060 non
1606 3013 1713 3062 est.
1749 3005 1888 3061 Cum
1935 3020 2065 3075 ergo

2169 3014 2319 3078 ὄντος
2350 3015 2429 3078 είς
2460 3014 2521 3068 τὸ
2546 3010 2681 3068 εἶναι
2699 3013 3049 3085 παρενεχθὲν,
3072 3013 3171 3066 οὐκ
3198 3011 3264 3066 ἂν
3289 3013 3371 3084 εἴη
3405 3011 3563 3080 φύσει
3585 3010 3735 3074 Θεός.

499 3097 591 3152 Dei
618 3096 857 3153 Verbum
898 3111 996 3169 per
1018 3098 1174 3163 illud,
1199 3108 1334 3163 erat,
1351 3099 1715 3156 aeternitatem
1734 3098 1950 3162 habeat,
1975 3115 2067 3169 per

499 3189 630 3243 illud
654 3199 858 3254 autem,
894 3206 1008 3244 esse
1036 3189 1221 3255 Deum,
1251 3205 1377 3245 cum
1403 3188 1567 3245 Patre
1588 3190 2071 3246 consubstantiali-

504 3290 695 3346 tatem,
726 3282 920 3352 quanti
949 3283 1199 3353 supplicii
1225 3296 1290 3337 ac
1312 3297 1487 3354 paenae
1517 3298 1644 3339 reos
1676 3283 1959 3339 inventum
1997 3284 2065 3338 iri

498 3370 802 3439 putandum
821 3379 926 3437 est,
946 3372 1040 3441 qui
1058 3373 1327 3428 minorem
1352 3372 1761 3444 quodammodo
1783 3384 1878 3429 aut
1898 3375 2065 3429 etiam

498 3460 818 3517 dissimilem
867 3461 1015 3516 Patri
1073 3464 1253 3533 ipsum
1303 3478 1423 3519 esse
1474 3464 1833 3532 arbitrantur,
1892 3480 2069 3535 eoque

499 3552 807 3621 impietatis
837 3538 1094 3621 progredi
1123 3568 1236 3607 non
1265 3553 1514 3617 horrent,
1535 3562 1596 3607 ut
1618 3555 1798 3624 palam
1832 3555 2067 3624 idipsum

378 3636 387 3643 ’
501 3658 722 3712 quoque
750 3640 1005 3712 proferre
1032 3642 1290 3709 audeant,
1318 3659 1419 3700 nec
1441 3659 1563 3714 qua:
1588 3646 1780 3699 dicunt
1809 3646 2068 3712 scientes,

504 3748 683 3803 neque
724 3732 793 3787 de
823 3733 1024 3802 quibus
1072 3735 1427 3790 asseverant?
1456 3735 1615 3789 Nulla
1642 3736 1788 3790 enim
1819 3751 1885 3792 ex
1919 3744 2073 3808 parte

504 3825 775 3881 minorem
822 3838 945 3879 esse
980 3824 1141 3881 Patre
1177 3825 1375 3880 Filium
1421 3841 1489 3881 ex
1534 3827 1656 3898 ipso
1702 3835 1757 3884 et
1804 3844 1931 3887 vere
1975 3846 2071 3903 ge-

505 3916 707 3981 nitum,
758 3930 826 3972 ex
865 3914 1127 3987 subjectis
1177 3916 1483 3974 rationibus
1531 3933 1754 3976 rursum
1806 3934 2070 3993 agnosce-

2179 3106 2430 3175 Ἔχοντος
2458 3106 2635 3159 τοίνυν
2674 3104 2766 3159 τοῦ
2796 3104 2931 3159 Θεοῦ
2957 3104 3131 3172 Λόγου
3171 3104 3258 3158 διὰ
3296 3104 3394 3173 μὲν
3434 3102 3524 3156 τοῦ
3567 3102 3647 3170 ἦν
3680 3103 3742 3154 τὸ

2172 3196 2376 3264 ἀΐδιον,
2422 3195 2508 3249 διὰ
2544 3194 2601 3249 δὲ
2628 3196 2721 3250 τοῦ
2761 3192 2913 3249 εἴναι
2948 3194 3098 3249 Θεὸν
3137 3194 3198 3247 τὸ
3238 3194 3375 3264 πρὸς
3403 3193 3493 3247 τὸν
3520 3192 3742 3263 Πατέρα

2171 3285 2473 3356 όμοούσιον,
2499 3285 2670 3356 πόσης
2692 3285 2896 3339 οἴεσθαι
2918 3285 3023 3357 χρὴ
3054 3282 3326 3346 κολάσεως
3351 3299 3409 3335 τε
3452 3283 3543 3336 καὶ
3570 3299 3741 3351 τιμω-

2178 3376 2295 3447 ρίας
2336 3376 2553 3446 ἐνόχους
2586 3376 3007 3447 εὑρεθήσεσθαι,
3062 3376 3189 3438 τοὺς
3227 3376 3483 3428 ἐλάττονα
3522 3375 3662 3428 κατά
3690 3389 3743 3425 τι

2173 3463 2375 3533 γοῦν,ἥ
2408 3464 2501 3516 καὶ
2529 3464 2779 3534 ἀνόμοιον
2803 3463 2897 3515 τοῦ
2929 3464 3314 3534 γεγεννηκότος
3338 3463 3616 3532 οἰομένους
3642 3463 3743 3514 ὐπ-

2173 3554 2361 3624 άρχειν
2387 3553 2567 3619 αὐτὸν,
2602 3555 2695 3607 καὶ
2718 3556 2796 3618 είς
2817 3552 2974 3607 τοῦτο
2996 3555 3277 3624 προελθεῖν
3304 3554 3619 3616 δυσσεϐείας
3642 3554 3744 3606 οὐκ

2175 3643 2622 3714 ἀποφρίττοντας,
2641 3644 2715 3708 ὼς
2740 3645 2838 3715 ήδη
2859 3644 3060 3715 τολμᾷν
3086 3646 3178 3699 καὶ
3200 3645 3405 3722 ἑτέροις
3427 3643 3495 3697 τὰ
3522 3643 3743 3698 τοιαῦτα

2180 3734 2524 3807 προσλαλεῖν,
2558 3736 2632 3807 μὴ
2670 3734 2942 3801 νοοῦντας,
2972 3736 3169 3807 μήτεζᾶ
3188 3736 3424 3805 λέγουσι,
3460 3738 3595 3806 μήτε
3618 3735 3745 3805 περὶ

2177 3827 2338 3882 τίνων
2369 3816 2818 3881 διαϐεϐαιοῦνται.
2869 3827 2990 3879 Ὅτι
3033 3826 3143 3898 γὰρ
3176 3827 3471 3897 οὐδαμόθεν
3510 3827 3744 3880 ἐλάττων

2179 3920 2297 3974 ἐστὶ
2337 3919 2431 3972 τοῦ
2478 3920 2714 3990 Πατρὸς1
2757 3921 2786 3973 0
2838 3918 2896 3983 ἐξ
2952 3919 3114 3972 αὐτοῦ
3167 3920 3299 3985 καὶ,
3328 3921 3448 3973 κατ’
3490 3918 3746 3987 ἀλήθειαν

503 4022 648 4063 mus.
1843 3989 1864 3993 ν
2150 3989 2406 4075 ’Υἱὸς,ὲκ
2425 4010 2531 4064 τῶν
2558 3989 2999 4080 συνεζευγμένων
3024 4008 3241 4062 ἐννοιῶν
3278 4008 3535 4078 εἰσόμεθα
3563 4007 3741 4062 πάλιν.

576 4096 811 4155 ALIUD.
880 4097 1064 4155 Multis
1133 4100 1413 4172 variisque
1477 4102 1795 4159 nominibus
1875 4104 2065 4160 divinae

2254 4101 2482 4157 ἈΛΛΟ.
2535 4102 2754 4165 Πολλοῖς
2793 4102 2887 4155 καὶ
2927 4101 3202 4172 διαφόροις
3234 4100 3457 4169 ὀνόμασι
3501 4100 3592 4152 τὸν
3620 4098 3747 4151 Υίὸν

506 4189 807 4260 Scriptum
856 4189 1050 4245 Filium
1097 4193 1394 4263 appellant.
1444 4194 1782 4265 Sapientiam
1828 4198 1971 4251 enim
2022 4205 2065 4252 el

2183 4195 2238 4247 αἱ
2269 4193 2409 4247 θεῖαι
2429 4193 2651 4247 καλοῦσι
2683 4193 2915 4264 Γραφαί.
2948 4193 3149 4260 Σοφίαν
3182 4192 3281 4262 μὲν
3329 4190 3437 4259 γὰρ
3479 4191 3573 4243 καὶ
3598 4189 3750 4242 δύνα-

503 4279 761 4335 virtutem
808 4276 987 4336 Patris
1018 4281 1197 4352 ipsum
1227 4298 1349 4339 esse
1380 4263 1557 4351 aiunt,
1598 4285 1756 4356 juxta
1808 4285 1963 4342 Pauli
1995 4288 2065 4343 di-

2184 4299 2273 4354 μιν
2300 4282 2392 4336 τοῦ
2419 4282 2631 4354 Πατρὸς
2656 4263 2795 4333 εἷναί
2827 4296 2987 4349 φασιν
3013 4279 3192 4343 αὐτὸν,
3216 4278 3357 4332 κατὰ
3379 4278 3440 4330 τὸ
3462 4278 3580 4347 είρη
3592 4275 3747 4344 μένον

504 4378 692 4425 ctum:
736 4389 754 4424 ‹
799 4370 1057 4430 Christus
1086 4368 1183 4429 Dei
1218 4375 1394 4433 virtus
1418 4384 1473 4433 et
1515 4376 1610 4434 Dei
1646 4380 1916 4450 sapientia
1947 4381 2015 4434 ⁸³.
2051 4399 2069 4432 ι

505 4461 695 4520 Dictus
735 4474 821 4539 est
855 4481 1078 4522 rursum
1114 4468 1207 4522 lux
1239 4469 1360 4538 ejus
1413 4478 1468 4526 et
1520 4472 1727 4529 veritas
1752 4515 1768 4538 ,
1812 4473 1970 4544 juxta
2022 4473 2077 4528 id

506 4553 655 4622 quod
701 4568 733 4608 a
782 4556 1021 4625 quodam
1071 4566 1386 4614 sanctorum
1437 4561 1492 4615 in
1538 4560 1774 4620 Psalmis
1823 4565 2074 4620 canitur:

512 4664 531 4694 ι
581 4645 776 4702 Emitte
810 4646 990 4703 lucem
1033 4656 1184 4703 tuam
1222 4660 1279 4705 et
1328 4654 1609 4707 veritatem
1640 4660 1790 4709 tuam
1819 4656 1885 4709 “.
1926 4675 1945 4709 ι
1979 4656 2078 4712 Ju-

507 4737 655 4789 stitia
696 4753 916 4809 quoque
960 4740 1273 4799 nominatus
1307 4751 1410 4808 est,
1436 4744 1593 4814 juxta
1636 4745 1809 4801 illud:
1840 4764 1861 4799 ι
1895 4748 1955 4803 ln
1983 4757 2107 4805 tua-

505 4827 721 4894 justitia
767 4830 983 4886 viviﬁca
1035 4848 1121 4888 me
1156 4835 1221 4889 “.
1259 4854 1279 4888 ι
1314 4834 1570 4895 Vivilicat
1617 4838 1760 4893 enim
1812 4838 1975 4895 Pater
2019 4840 2078 4894 in

508 4915 735 4971 Christo
778 4920 1072 4977 credentes
1119 4924 1172 4979 in
1231 4924 1431 4995 ipsum.
1481 4926 1623 4992 Quin
1680 4935 1734 4983 et
1782 4929 2077 4985 consilium

512 5016 864 5077 nuncupatus
910 5021 995 5066 est
1038 5011 1238 5081 Patris,
1282 5017 1439 5085 juxta
1488 5019 1661 5075 illud:
1704 5038 1723 5072 ι
1758 5020 1815 5074 In
1847 5022 2080 5077 consilio

510 5105 609 5150 tuo
640 5096 918 5154 deduxisti
942 5117 1027 5157 me
1057 5102 1125 5158 “.
1160 5123 1179 5155 ι
1217 5104 1277 5159 Et
1309 5122 1533 5164 rursus:
1572 5130 1590 5162 ι
1631 5110 1939 5167 Consilium
1973 5112 2080 5168 Do-

512 5186 645 5240 mini
679 5196 861 5244 manet
896 5190 952 5244 in
997 5201 1258 5249 aeternum
1287 5196 1352 5249 “.
1388 5217 1407 5249 ι
1444 5197 1579 5252 Cum
1616 5201 1781 5269 igitur
1811 5201 1926 5256 haec
1960 5218 2079 5256 0m-

511 5277 603 5330 nia
637 5277 810 5334 Filius
847 5280 919 5335 sit
948 5281 1058 5337 Deo
1090 5298 1154 5339 ac
1183 5283 1355 5351 Patri,
1406 5288 1598 5344 dicant
1642 5292 1802 5347 nobis
1840 5293 1933 5362 qui
1964 5294 2078 5348 Arii

510 5367 685 5421 errori
739 5379 1100 5429 assentantur
1151 5383 1205 5431 et
1254 5378 1349 5447 qui
1404 5379 1553 5437 illius
1604 5382 1880 5438 dementia
1933 5384 2078 5453 pleni

512 5464 661 5525 sunt,
690 5464 965 5531 quomodo
994 5466 1064 5520 sit
1097 5468 1277 5523 minor
1310 5470 1446 5540 ipso.
1482 5471 1536 5526 Si
1569 5474 1713 5528 enim
1750 5475 1821 5529 ita
1856 5490 1945 5531 res
1973 5485 2079 5544 est,

585 5574 627 5603 δ’
654 5575 764 5650 Jer.
795 5596 869 5649 Ix,
896 5582 948 5637 8.
1055 5583 1100 5615 ’δ’
1130 5582 1147 5637 Ι
1183 5583 1307 5640 Cor.
1346 5602 1383 5650 l,
1413 5587 1500 5642 24.

1578 5589 1624 5620 ⁸³
1655 5588 1796 5644 Psal.
1834 5607 1963 5659 xui,
1996 5594 2049 5649 5.

515 5655 686 5713 xxxii,
708 5646 793 5701 ll.

2163 5594 2203 5626 ’⁸³
2254 5585 2398 5646 Psal.
2444 5598 2634 5649 CM‘lll,
2662 5580 2747 5635 00.

2177 4375 2255 4441 τῷ
2278 4372 2476 4443 Παύλῳ
2497 4388 2512 4404 ο
2542 4390 2561 4423 r
2587 4369 2819 4441 Χριστὸς
2842 4368 2976 4422 Θεοῦ
2997 4368 3332 4438 δύναμιςκαὶ
3359 4366 3492 4420 Θεοῦ
3524 4366 3702 4433 σοφία.
3719 4385 3737 4416 ι

2178 4465 2406 4537 Εἴρηται
2432 4466 2487 4520 δὲ
2518 4464 2682 4518 πάλιν
2712 4466 2804 4517 καλ⁸
2834 4462 2949 4531 φῶς
2975 4460 3137 4515 αὐτοῦ
3172 4461 3266 4515 καὶ
3294 4459 3518 4531 ἀλήθεια
3537 4499 3550 4525 ,
3610 4458 3751 4512 κατὰ

2177 4560 2237 4613 τὸ
2282 4562 2339 4612 ὲν
2372 4557 2621 4627 Ψαλμοῖς
2670 4553 2777 4608 ὐπό
2819 4570 2913 4607 του
2962 4552 3072 4606 τῶν
3108 4553 3278 4621 ἁγίων
3322 4552 3746 4623 μελῳδούμενον*

2186 4669 2203 4699 ι
2228 4647 2636 4713 Ἐξαπόστειλον
2663 4644 2723 4699 τὸ
2753 4643 2871 4714 φῶς
2893 4642 3136 4711 σου,ζκαὶ
3162 4643 3260 4712 τὴν
3294 4642 3550 4714 ἀλήθειάν
3584 4659 3699 4696 σου.
3727 4661 3745 4693 ι

2181 4741 2407 4811 Εἴρηται
2430 4737 2525 4791 καὶ
2547 4736 2880 4806 δικαιοσύνη,
2904 4735 3045 4790 κατὰ
3078 4735 3158 4800 τὸ,
3186 4753 3205 4786 ‹
3229 4734 3317 4787 Ἐν
3345 4735 3410 4803 τῇ
3440 4733 3751 4804 δικαιοσυνῃ

2184 4849 2274 4885 σου
2328 4828 2493 4900 ζῆσόν
2526 4845 2613 4898 με.
2647 4845 2665 4879 ι
2714 4828 2975 4881 Ζωοποιεῖ
3005 4827 3114 4898 γὰρ
3159 4827 3187 4879 0
3224 4824 3413 4894 Πατὴρ
3446 4825 3503 4877 ὲν
3533 4825 3755 4896 Χριστῷ

2179 4923 2306 4985 τοὺς
2346 4919 2699 4982 πιστεύοντας
2747 4919 2826 4982 εἰς
2864 4918 3045 4973 αὐτόν.
3112 4917 3434 4986 Ὢνόμασται
3465 4916 3559 4967 καὶ
3589 4914 3755 4986 βουλὴ

2181 5013 2274 5067 τοῦ
2300 5013 2529 5083 Πατρὸς,
2555 5009 2695 5064 κατὰ
2718 5009 2778 5062 τὸ
2804 5007 3112 5080 εἰρημένονο
3167 5025 3186 5058 ‹
3221 5006 3309 5058 Ἐν
3337 5007 3401 5074 τῇ
3444 5004 3607 5075 βουλῇ
3663 5019 3755 5056 σου

2182 5103 2471 5176 ιῦδήγησάς
2504 5118 2591 5172 με’
2622 5120 2643 5154 ι
2672 5100 2767 5155 καὶ
2800 5099 2983 5162 πάλιν,
3019 5118 3038 5149 t
3060 5098 3121 5151 Ἡ
3146 5096 3203 5150 δὲ
3235 5095 3396 5165 βουλὴ
3421 5093 3515 5147 τοῦ
3546 5094 3755 5163 Κυρίου

2181 5199 2259 5260 είς
2283 5196 2373 5250 τὸν
2398 5194 2571 5248 αἰῶνα
2596 5192 2769 5263 μένει.
2797 5209 2815 5242 ι
2860 5188 2991 5243 Ὅτε
3006 5188 3185 5241 τοίνυν
3203 5186 3375 5239 ταῦτα
3408 5185 3585 5238 πάντα
3607 5185 3758 5237 ἐστὶν

2180 5290 2207 5341 ὁ
2236 5290 2361 5352 Υἱὸς
2398 5288 2477 5356 τῷ
2514 5284 2632 5355 Θεῷ
2666 5284 2759 5337 καὶ
2804 5282 3013 5351 Πατρὶ,
3058 5280 3363 5349 λεγέτωσαν
3401 5280 3533 5349 ἡμῖν
3580 5280 3627 5330 οί
3661 5278 3761 5349 τὴν

2195 5378 2402 5451 ’Λρείου
2430 5375 2815 5437 κολακεύοντες
2841 5373 3072 5442 πλάνην,
3102 5372 3194 5425 καὶ
3217 5372 3314 5441 τῆς
3342 5369 3550 5423 ἐκείνου
3583 5386 3764 5439 παρα-

2186 5473 2329 5535 νοίας
2362 5467 2878 5537 ἁναπεπλησμένοι,
2928 5464 3044 5528 πῶς
3093 5465 3240 5516 ἐστιν
3292 5462 3528 5515 ἐλάττων
3572 5460 3761 5515 αὐτοῦ.

2862 5580 2904 5611 ⁸⁸⁵
2930 5579 3070 5634 Psal.
3130 5590 3299 5641 Lxxn,
3333 5574 3424 5628 25.
3541 5574 3585 5604 “
3613 5572 3762 5631 Psal.
