4092 6274
311 323 371 377 ιι
1364 315 1427 370 IN
1465 314 1749 370 JOANNIS
1779 313 2241 371 EVANGELIUM
2282 312 2409 370 LIB.
2451 311 2492 366 1.
3483 297 3556 352 «ίῖ

312 441 457 510 Ὦρα
482 436 590 507 γὰρ
617 435 799 504 λέγειν
821 475 835 501 ,
869 434 1028 506 εἴπερ
1056 432 1230 499 οὕτως
1257 433 1371 511 ἔχοι
1400 435 1523 488 κατ’
1554 436 1782 500 αὑτοὺς,
1810 436 1893 488 ὃτι

2000 443 2055 487 ιιι
2085 432 2165 487 illi
2205 432 2420 496 volunt,
2453 431 2700 502 sequitur
2730 429 2947 486 Patrem
2975 430 3080 501 al
3124 445 3233 487 non
3271 445 3396 486 esse
3432 448 3558 504 per-

312 547 419 602 περ
441 530 504 583 οὑ
537 528 758 591 τελείως
790 526 948 596 σοφὸς
993 529 1022 580 6
1054 527 1275 598 Πατὴρ,
1303 527 1366 580 ού
1393 526 1618 592 τελείως
1643 528 1888 595 δυνατὸς,

313 622 376 675 οὑ
403 619 623 683 τελείως
667 619 815 688 φῶς,
845 618 906 670 ού
933 617 1153 682 τελείως
1179 618 1438 690 ἀλήθεια,
1477 619 1542 673 οὑ
1570 619 1792 684 τελείως
1814 620 1898 675 δίε

317 729 472 774 καιος
494 753 510 774 ,
557 711 669 764 ἀλλ’
696 709 816 762 οὐδὲ
847 709 1047 774 τέλειος
1091 711 1150 764 ἑν
1180 710 1340 782 βουλῇ
1365 752 1382 778 ,
1429 711 1588 783 είπερ
1613 711 1782 775 ϐντως
1805 711 1898 766 διὰ

315 803 376 855 τὸ
406 803 622 855 ἔλαττον
649 800 816 872 ἔχειν,
832 801 892 855 οὐ
920 803 1168 871 φανεῖται
1192 802 1396 867 τέλειος
1420 805 1448 857 6
1463 803 1610 867 Υἱὸς,
1638 803 1699 866 ὃς
1719 803 1898 857 πάντα

320 894 492 950 ταῦτά
536 896 682 948 ἑστιν
725 893 892 965 αὐτῷ.
959 893 1118 948 Ἀλλὰ
1155 894 1260 966 μὴν
1302 896 1363 948 τὸ
1395 895 1540 949 οὑτω
1583 897 1798 967 φρονεῖν
1859 893 1895 965 ἢ

317 987 500 1055 λέγειν
545 985 835 1048 δυσσεϐές·
881 983 1085 1050 τέλειος
1135 986 1241 1040 δὲὸ
1275 988 1464 1058 Πατὴρ
1491 988 1581 1041 διὰ
1623 986 1686 1040 τὸ
1719 988 1898 1042 πάντα

317 1073 463 1146 ἔχειν
508 1076 566 1127 ὲν
593 1074 774 1144 ἑαυτῷ
807 1074 1026 1138 τελείως
1046 1089 1063 1106 ο
1114 1075 1315 1139 τέλειος
1341 1077 1450 1148 ἄρα
1477 1076 1718 1148 δηλονότι
1747 1078 1842 1131 καὶ
1869 1080 1898 1131 6

319 1166 522 1238 Υίὸς,ή
557 1167 739 1236 σοφία,
769 1165 864 1220 καὶ
885 1167 918 1237 ή
937 1165 1187 1237 δύναμις,
1207 1167 1271 1220 τὸ
1296 1167 1434 1236 φῶς,
1458 1169 1550 1222 καὶ
1567 1171 1602 1238 ἡ
1643 1169 1894 1240 ἀλήθεια,

317 1259 356 1328 ἡ
383 1257 718 1328 δικαιοσύνη,
752 1256 848 1312 καὶ
879 1257 914 1328 ἡ
945 1256 1111 1328 βουλὴ
1146 1256 1242 1311 τοῦ
1269 1259 1502 1330 Πατρός.
1545 1259 1604 1313 '0
1629 1259 1687 1314 δὲ
1712 1260 1810 1330 τὴν
1837 1261 1897 1312 ἑν

318 1349 400 1419 τῷ
442 1349 626 1422 οἰκείῳ
662 1349 945 1422 γεννήτορι
991 1349 1305 1422 τελειότητα
1348 1349 1572 1423 πληρῶν
1593 1390 1608 1416 ,
1657 1351 1778 1415 πῶς
1829 1351 1896 1405 ἂν

323 1439 558 1494 ἐλάττων
581 1443 750 1495 νοοῖτο
772 1457 788 1507 ;

394 1533 598 1588 ΑΛΛΟ.
652 1533 717 1587 El
755 1533 816 1588 τὸ
843 1532 1066 1588 ἔλαττον
1099 1535 1238 1605 ἔχων
1261 1537 1292 1589 6
1331 1534 1458 1598 Υἱὸς
1496 1537 1572 1599 ὡς
1601 1534 1738 1607 πρὸς
1763 1533 1897 1589 Θεὸν

325 1625 420 1678 καὶ
451 1625 700 1693 Πατέρα,
732 1627 1118 1697 προσκυνεῖται
1161 1626 1312 1698 παρὰ
1342 1644 1403 1680 τε
1440 1626 1602 1698 ἡμῶν
1659 1627 1756 1681 καὶ
1790 1626 1898 1682 τῶν

326 1715 500 1782 ἁγίων
538 1715 786 1784 ἀγγέλων
803 1753 820 1779 ,
860 1715 954 1768 δύο
978 1715 1329 1786 λατρεύοντες
1369 1717 1690 1789 ἁλωσόμεθα
1708 1718 1896 1783 Θεοὺς,

327 1806 492 1877 εἴπερ
518 1805 817 1877 οὐδαμόθεν
857 1808 938 1869 εἰς
975 1807 1277 1879 ταυτότητα
1311 1808 1525 1877 φύσεως
1564 1808 1898 1879 ἀναϐήσεται

325 1894 408 1966 τῷ
435 1896 624 1967 τελείῳ
662 1895 723 1949 τὸ
754 1898 830 1968 μὴ
861 1895 1036 1961 οὕτως
1061 1897 1206 1969 ἔχον.
1261 1899 1439 1970 Πολλὴ
1481 1897 1540 1952 δέ
1567 1899 1650 1962 τίς
1688 1899 1836 1953 ἑστιν
1858 1901 1897 1970 ἡ

324 1987 560 2060 διαφορὰ
585 1987 652 2041 τὰ
675 1988 750 2059 μὴ
772 1987 1034 2054 ὡσαύτως
1052 1989 1244 2061 ἔχοντα
1271 1991 1413 2045 κατὰ
1440 1989 1531 2045 τὸν
1560 1991 1661 2060 τῆς
1684 1990 1898 2061 φύσεως

326 2079 488 2148 λόγον
531 2079 614 2143 είς
651 2079 1037 2151 ἀλλοτριότητα
1079 2080 1458 2152 διατέμνουσα.
1526 2081 1665 2135 Ἀλλ’
1691 2082 1792 2136 οὑκ
1817 2082 1898 2146 είς

322 2169 584 2224 πολύθεον
600 2170 830 2244 ἀριθμὸν
854 2173 888 2244 ἡ
909 2171 1114 2239 πίστις,
1139 2170 1218 2237 εἷς
1243 2173 1301 2227 δὲ
1321 2173 1452 2238 Θεὸς
1474 2175 1503 2228 6
1526 2173 1736 2246 Πατὴρ,
1761 2176 1896 2230 ἀνα-

323 2259 601 2325 ϐαίνοντος
627 2263 708 2326 είς
751 2263 978 2333 ἑνότητα
1004 2264 1102 2336 τὴν
1131 2265 1268 2336 πρὸς
1302 2266 1464 2322 αὑτὸν
1493 2266 1586 2320 τοῦ
1615 2266 1771 2333 Υίοῦ,
1796 2267 1895 2337 δῆ-

321 2349 414 2405 λον
433 2351 490 2405 δὲ
533 2352 612 2407 ὅτι.
645 2353 740 2407 καὶ
767 2353 861 2408 τοῦ
922 2355 1076 2425 ἁγίου
1112 2357 1426 2428 Πνεύματος
1451 2374 1464 2386 ·
1503 2359 1656 2414 οὐδὲν
1699 2359 1808 2430 ἄρα
1837 2362 1899 2415 τὸ

323 2444 688 2517 κατηγόρημα
713 2445 896 2501 λοιπὸν
923 2449 982 2502 ἑν
1009 2448 1144 2520 Υίῷ.
1195 2450 1319 2515 Πῶς
1349 2453 1458 2524 γὰρ
1485 2453 1562 2506 ἑτι
1589 2453 1649 2507 τὸ
1675 2453 1897 2508 ἔλαττον

320 2534 625 2601 ὲπιδέξεται
652 2538 733 2601 εἰς
769 2537 995 2610 ἑνότητα
1020 2541 1098 2611 τῷ
1136 2541 1328 2613 τελείῳ
1354 2544 1548 2616 Πατρὶ,
1577 2544 1671 2597 καὶ
1697 2547 1778 2610 είς
1803 2546 1898 2600 ού·

323 2623 444 2688 σίας
471 2627 776 2699 ταυτότητα
811 2629 1096 2702 ἑνούμενος
1125 2633 1370 2701 φυσικῶς
1395 2651 1410 2700 ;

392 2717 596 2772 AAAO.
651 2721 716 2774 Εί
744 2720 1018 2794 πλήρωμά
1047 2725 1193 2778 ἑστιν
1222 2725 1252 2778 6
1281 2725 1406 2790 Υἱός
1425 2744 1438 2758 ·
1473 2745 1492 2779 ι
1521 2728 1628 2782 ἀπὸ
1654 2731 1764 2806 γὰρ
1803 2733 1900 2787 τοῦ

326 2808 688 2882 πληρώματος
703 2812 867 2868 αὑτοῦ
891 2814 1084 2879 πάντες
1097 2816 1537 2888 ἡμεῖς’ἑλὰϐομεν
1553 2836 1565 2847 ·
1579 2840 1597 2872 ι
1626 2823 1765 2877 κατὰ
1775 2829 1898 2881 τίνα

322 2901 524 2972 τρόπον
568 2903 629 2956 τὸ
651 2902 871 2958 ἔλαττον
908 2905 1247 2975 ἑπιδέξεται;
1293 2908 1608 2980 Ἀσύμϐατα
1633 2911 1743 2984 γὰρ
1773 2915 1894 2969 καθ’

326 2991 386 3047 ἓν
413 3010 465 3047 τι
497 2993 557 3046 τὸ
586 2994 941 3067 ὑποκείμενον
971 2997 1031 3051 ἑν
1068 2998 1251 3070 ταυτῷ
1280 2999 1349 3054 τὰ
1383 3001 1633 3074 ἀλλήλοις
1654 3005 1893 3060 ἐναντία.

1998 525 2142 581 fecte
2181 526 2512 596 sapientem,
2551 539 2662 580 non
2707 523 2946 593 perfecte
2971 530 3275 594 potentem,
3307 537 3417 580 non
3443 541 3567 594 per-

1998 615 2139 672 fecte
2180 616 2381 682 lucem,
2409 630 2519 671 non
2551 615 2788 686 perfecte
2827 615 3137 679 veritatem,
3170 631 3283 670 non
3325 614 3569 684 perfecte

1993 709 2234 780 justum,
2276 708 2374 766 sed
2418 724 2518 765 nec
2552 709 2780 781 perfecti
2813 709 3065 776 consilii,
3097 708 3144 765 si
3197 708 3371 780 profer
3390 717 3445 766 to
3497 723 3567 764 ex

1997 817 2064 858 eo
2103 801 2251 873 quod
2293 801 2474 857 minor
2503 801 2598 866 sit,
2636 816 2746 858 non
2776 801 3026 858 videatur
3055 799 3226 857 Filius
3265 800 3566 872 perfectus.

1997 893 2094 965 qui
2117 894 2300 949 omnia
2328 894 2441 950 haec
2462 901 2548 950 est
2573 893 2698 964 ipsi.
2719 893 2882 965 Atqui
2913 894 3015 950 hoc
3036 893 3223 950 dicere
3243 903 3338 949 aut
3362 895 3500 950 senti
3510 910 3570 950 re
3581 885 3595 898 ”

1997 990 2082 1038 est
2115 981 2366 1054 impium.
2397 983 2681 1040 Perfectus
2710 992 2892 1040 autem
2941 993 3026 1039 est
3080 982 3266 1049 Pater,
3315 993 3568 1057 propter-

1997 1088 2061 1129 ea
2118 1074 2266 1144 quod
2309 1074 2474 1130 habet
2529 1074 2716 1131 omnia
2765 1075 2818 1130 in
2863 1076 3048 1146 seipso
3079 1076 3358 1148 perfecte:
3389 1077 3568 1147 perfe.

1997 1178 2122 1225 ctus
2175 1168 2344 1240 igitur
2386 1178 2473 1227 est
2517 1185 2738 1241 quoque
2767 1169 2961 1236 Filius,
2993 1170 3262 1242 sapientia
3289 1176 3346 1226 et
3371 1169 3563 1233 virtus.

1998 1261 2090 1315 lux
2137 1268 2194 1317 et
2245 1262 2468 1325 veritas,
2503 1261 2717 1332 iustitia
2762 1271 2819 1318 et
2871 1263 3163 1318 consilium
3213 1261 3412 1319 Patris.
3461 1262 3565 1330 Qut.

1998 1360 2180 1410 autem
2217 1353 2272 1409 in
2303 1369 2406 1411 suo
2431 1352 2595 1410 Patre
2627 1352 3022 1424 perfectionem
3052 1354 3263 1425 implet,
3291 1353 3563 1426 quomoda

1999 1447 2178 1502 minor
2204 1446 2546 1519 intelligatur
2560 1448 2585 1502 2

2066 1535 2302 1594 ALIUD.
2339 1537 2399 1594 Si
2436 1539 2622 1594 minor
2651 1553 2781 1596 cum
2812 1539 2887 1595 sit
2924 1537 3039 1595 Deo
3070 1552 3135 1594 ac
3165 1535 3325 1594 Patre
3349 1537 3528 1596 Filius
3557 1553 3566 1568 '

1999 1627 2266 1684 adoratur
2291 1643 2322 1682 a
2356 1629 2516 1685 nobis
2556 1637 2610 1685 et
2644 1629 2852 1684 sanctis
2876 1629 3107 1700 angelis,
3135 1628 3275 1684 duos
3307 1626 3447 1685 Deos
3474 1644 3569 1684 co-

1999 1719 2113 1776 lere
2143 1721 2637 1792 deprchendemur,
2664 1720 2935 1792 siquidem
2969 1721 3026 1775 in
3057 1727 3272 1775 natura:
3307 1719 3572 1776 identita-

1999 1820 2107 1867 tem
2139 1827 2419 1883 nunquam
2442 1812 2717 1869 coalescet
2741 1810 3124 1883 imperfectum
3153 1825 3278 1867 cum
3301 1811 3566 1883 perfecto.

1995 1900 2230 1956 Maxima
2255 1909 2438 1957 autem
2461 1909 2547 1957 est
2575 1901 2887 1956 differentia
2921 1915 3043 1970 qua:
3073 1913 3164 1956 res
3196 1899 3341 1955 inter
3370 1914 3431 1955 se
3472 1914 3572 1954 na-

1995 1999 2120 2046 tura
2155 1991 2406 2048 diversas
2439 2000 2680 2062 separat.
2714 1991 2885 2062 Atqui
2920 1990 3056 2048 fides
3095 1997 3283 2046 nostra
3317 1990 3568 2045 multitu-

1995 2081 2179 2137 dinem
2214 2081 2450 2138 Deorum
2489 2098 2597 2138 non
2624 2082 2906 2147 admittit,
2957 2082 3053 2138 sed
3101 2097 3248 2138 unus
3289 2089 3378 2138 est
3423 2079 3571 2138 Deus

1995 2172 2191 2242 Pater,
2216 2175 2270 2230 in
2300 2177 2565 2232 unitatem
2592 2190 2717 2231 cum
2742 2176 2861 2248 ipso
2891 2175 3229 2232 ascendente
3251 2175 3393 2231 Filio
3415 2175 3574 2231 nimi-

1996 2284 2118 2323 rum
2143 2309 2157 2335 ,
2190 2276 2246 2323 et
2289 2277 2486 2325 sancto
2513 2267 2744 2339 Spiritu.
2776 2266 2923 2324 Nihil
2946 2279 3080 2338 ergo
3117 2266 3364 2322 deterius
3397 2273 3482 2322 est
3514 2265 3570 2324 in

1996 2358 2157 2414 Filio.
2193 2358 2481 2426 Quomodo
2511 2359 2657 2416 enim
2690 2359 2909 2415 tandem
2942 2359 3124 2414 minor
3151 2359 3288 2423 erit,
3319 2357 3414 2428 qui
3448 2357 3571 2416 uui-

1997 2459 2110 2506 tate
2145 2451 2390 2522 perfecto
2423 2451 2571 2506 Patri
2622 2459 2677 2506 et
2731 2450 3020 2507 identitatc
3049 2449 3374 2506 substantia:
3409 2455 3571 2504 natu-

2001 2539 2190 2596 raliter
2223 2540 2412 2596 uuitur
2428 2541 2454 2595 ‘l

2067 2719 2296 2777 ALIUD.
2335 2719 2393 2775 Si
2427 2719 2711 2791 plenitudo
2743 2725 2828 2776 est
2852 2717 3027 2774 Filius
3059 2718 3106 2792 (ι
3132 2716 3198 2774 de
3230 2717 3570 2789 plenitudine

1998 2813 2143 2867 enim
2165 2811 2288 2882 ejus
2316 2828 2506 2869 omnes
2527 2814 2845 2883 accepimus
2861 2814 2939 2865 ⁵⁸»
2964 2814 3005 2880 ),
3025 2827 3264 2883 quonam
3283 2811 3447 2868 modo
3467 2814 3570 2867 mi-

1999 2919 2105 2961 nus
2138 2905 2354 2976 capiet?
2389 2904 2679 2961 Contraria
2710 2905 2856 2970 enim
2892 2905 2946 2959 in
2976 2918 3088 2959 uno
3117 2903 3371 2974 subjecto
3403 2903 3569 2959 simul

1999 3007 2054 3054 et
2083 2997 2276 3053 eodem
2304 3005 2551 3068 tempore
2582 2998 2888 3054 consistere
2917 3005 3217 3066 nequeunt.

399 3085 600 3176 AAAD.
653 3087 718 3138 Εί
743 3086 804 3138 τὸ
826 3087 1042 3142 ἔλαττον
1071 3089 1212 3160 ἔχων
1239 3093 1268 3146 6
1296 3092 1423 3157 Υίὸς
1451 3093 1520 3148 τὰ
1544 3095 1724 3150 πάντα
1754 3098 1893 3170 πλη-

2068 3088 2298 3144 ALIUD.
2332 3088 2389 3143 Si
2414 3104 2535 3145 cum
2565 3088 2748 3144 minus
2773 3089 2970 3144 habeat
3001 3086 3196 3154 Filius,
3228 3087 3420 3160 implet
3445 3087 3568 3142 uui-

336 3177 440 3246 ροῖ,
472 3175 574 3227 ποῦ
603 3177 839 3248 χωρήσει
880 3179 933 3232 τὸ
966 3181 1146 3248 μεῖζον
1174 3181 1268 3236 τοῦ
1299 3184 1553 3256 Πατρός;
1605 3189 1899 3259 Εἰρήσεται

329 3267 438 3340 γὰρ
462 3268 554 3322 καὶ
578 3268 1051 3341 σωματικώτερον,
1068 3273 1142 3334 ὡς
1162 3274 1219 3329 ὲν
1240 3276 1680 3347 παραδείγματος
1695 3279 1898 3352 τρόπῳ,

330 3358 626 3430 νοουμένης
657 3359 853 3430 ἑτέρως
877 3360 972 3432 τῆς
993 3362 1051 3414 ἑν
1076 3362 1384 3434 ἀσωμάτοις
1411 3367 1682 3440 ὑπεροχῆς
1713 3386 1772 3422 τε
1809 3373 1904 3424 καὶ

330 3448 696 3515 ἐλαττώσεως.

400 3540 603 3594 ΔΛΛΟ.
645 3542 708 3595 Ei
742 3541 803 3595 τὸ
831 3543 971 3616 ὑπὲρ
1016 3547 1123 3601 πᾶν
1147 3546 1318 3618 ὄνομά
1347 3548 1496 3604 ἐστιν
1544 3552 1572 3605 ὀ
1599 3552 1750 3618 Θεὸς,
1783 3547 1900 3606 εἶτα

328 3629 516 3684 τούτου
560 3631 890 3704 κληρονόμος
922 3635 1183 3708 ὑπάρχων
1207 3641 1236 3692 6
1269 3640 1394 3704 Υἱὸς
1438 3642 1539 3695 οὑκ
1575 3643 1690 3714 ἔχει
1719 3645 1780 3698 τὸ
1811 3646 1901 3699 τέ-

330 3721 470 3786 λειος
501 3717 637 3777 εἶναι
664 3725 752 3778 διὰ
779 3726 839 3779 τὸ
865 3727 1118 3794 ἔλαττον,
1166 3731 1286 3785 οὐδὲ
1312 3733 1370 3786 ἑν
1400 3732 1498 3804 [ιιι.
1526 3736 1678 3791 οὑδὲν
1706 3737 1787 3811 ἑν]
1824 3738 1900 3809 τῷ

332 3813 472 3885 ὑπὲρ
510 3816 687 3870 πάντα
726 3818 788 3871 τὸ
819 3818 961 3889 μέγα
989 3835 1005 3851 ·
1047 3821 1206 3874 τοῦτο
1247 3822 1324 3876 δέ’
1355 3825 1472 3879 ἑστι
1520 3827 1671 3891 Θεός.
1741 3830 1902 3884 Ἀλλὰ

326 3902 486 3959 τοῦτο
511 3907 766 3980 ἄτοπονῆ
796 3912 1010 3981 φρονεῖν
1053 3911 1322 3982 ἢλέγειν·
1356 3916 1560 3982 τέλειος
1605 3919 1712 3990 ἄρα
1753 3920 1900 3974 ἐστὶν

330 3999 359 4049 6
390 3997 538 4063 Υἱὸς,
563 4000 637 4063 ὠς
670 4001 810 4072 ὑπὲρ
837 4004 945 4056 πᾶν
965 4004 1160 4074 δνομα,
1196 4006 1288 4061 καὶ
1315 4007 1465 4072 Θεός.

399 4091 602 4146 ΑΛΛΟ.
631 4092 695 4144 El
730 4093 764 4163 η
793 4092 910 4146 θεία
937 4094 1099 4164 φύσις
1123 4097 1185 4149 οὑ
1215 4102 1550 4162 πεπόσωται,
1587 4101 1902 4172 συμϐαίνειν

330 4182 386 4235 δὲ
410 4178 518 4235 οἶδε
549 4182 610 4236 τὸ
635 4182 851 4236 ἔλαττον
877 4185 936 4238 ὲν
970 4188 1154 4250 ποσοῖς
1171 4226 1186 4249 ,
1230 4189 1346 4252 πῶς
1375 4189 1440 4243 ἂν
1469 4191 1703 4247 ἐλάττων
1733 4195 1904 4247 νοοῖτο

333 4272 473 4326 κατὰ
499 4271 658 4342 φύσιν
685 4272 943 4344 ὑπάρχων
967 4277 1101 4341 Θεὸς
1141 4280 1168 4331 6
1197 4279 1322 4342 Υἱός
1348 4296 1362 4343 ;
1407 4279 1469 4333 οὑ
1515 4281 1626 4350 γὰρ
1662 4282 1766 4348 ἔξω
1795 4284 1902 4337 ’τοῦ

332 4364 500 4417 ποσοῦ
546 4364 820 4428 κείσεται,
872 4367 975 4421 κᾶν
1022 4369 1098 4432 ὡς
1147 4371 1282 4441 πρὸς
1322 4372 1539 4444 Πατέρα
1585 4375 1646 4427 τὸ
1686 4374 1902 4429 ἔλαττον

332 4453 563 4524 λέγωσιν
588 4453 734 4523 ἔχειν
771 4455 949 4512 αὑτόν.

401 4631 605 4684 ΔΛΛΟ.
643 4629 700 4684 Ὁ
719 4631 990 4703 μακάριος
1014 4633 1262 4705 Ἰωάννης
1290 4637 1414 4708 περὶ
1444 4638 1534 4691 τοῦ
1558 4639 1686 4694 Υίοῦ
1715 4659 1898 4713 φησιν,

331 4723 414 4776 ὅτι
462 4742 481 4774 ι
503 4723 618 4778 Ούκ
642 4725 707 4778 ἑκ
741 4725 943 4796 μέτρου
969 4725 1151 4780 δίδωσι
1175 4727 1236 4779 τὸ
1270 4729 1513 4801 Πνεῦμα,
1542 4751 1561 4784 ι
1602 4735 1712 4797 τοῖς
1734 4735 1902 4801 ἀξίοις

331 4812 550 4883 δηλαδή.
599 4814 729 4868 Ὅτε
772 4816 949 4871 τοίνυν
985 4816 1188 4888 μέτρον
1227 4818 1327 4872 οὑκ
1370 4819 1516 4874 ἔστιν
1550 4824 1608 4875 ἑν
1657 4823 1734 4894 τῷ
1766 4825 1900 4897 Υίῷ,

333 4903 637 4974 ἀμέτρητος
674 4907 781 4976 ἄρα
807 4906 925 4960 ἑστὶ
944 4946 960 4970 ,
1007 4909 1102 4962 καὶ
1130 4910 1310 4963 πᾶσαν
1335 4911 1638 4966 ἀναϐαίνων
1665 4916 1902 4987 κατάλη-

330 4994 426 5063 ψιν
451 4994 548 5065 τὴν
573 4995 630 5048 ἐν
651 4997 798 5067 ποσῷ
826 4998 1119 5070 νοουμένην
1140 5001 1215 5064 ὡς
1235 5000 1385 5064 Θεός.
1411 5002 1532 5065 Πῶς
1547 4999 1640 5058 οὖν
1664 5006 1902 5061 ἐλάττων

331 5087 360 5138 6
391 5085 466 5155 μὴ
509 5086 871 5157 μετρούμενος
890 5105 906 5154 ;

400 5173 606 5228 ΑΛΛΟ.
667 5177 730 5228 Εἰ
772 5177 1008 5232 ἐλάττων
1058 5181 1204 5232 ἐστὶν
1249 5183 1277 5234 6
1311 5181 1472 5245 Υἱὸς,
1527 5184 1724 5253 μείζων
1771 5186 1828 5238 δὲ
1873 5188 1903 5240 6

331 5264 554 5337 Πατὴρ,
601 5264 868 5334 διαφόρως
919 5267 1156 5338 δηλονότι
1207 5272 1312 5339 ξκαὶ
1363 5272 1769 5340 ἁναλογούντως
1821 5270 1904 5337 οἷς

331 5360 560 5424 ἕκαστος
598 5359 709 5431 ἔχει
746 5361 963 5432 μέτροις
993 5365 1346 5437 ὲνεργήσουσι
1376 5369 1505 5440 περὶ
1534 5369 1625 5422 τὸν
1653 5371 1732 5434 είς
1756 5373 1905 5442 ἡμᾶς

333 5451 620 5522 ἁγιασμόν.
661 5453 766 5505 Καὶ
793 5453 1010 5521 ἁγιάσει
1041 5455 1137 5525 μὲν
1168 5457 1427 5528 μειζόνως
1448 5463 1476 5513 6
1509 5461 1719 5532 Πατὴρ,
1749 5463 1902 5517 ὲλατ-

330 5543 495 5608 τόνως
531 5545 705 5600 δὲκαὶ
739 5546 860 5600 καθ’
909 5547 1148 5603 ἑαυτὸνὸ
1178 5551 1324 5615 Υἱός.
1360 5550 1550 5606 Ἔσται
1606 5544 1898 5626 τοιγαροῦν

433 5722 482 5753 ⁸⁸
507 5721 730 5784 101ml.
769 5727 858 5783 l6.
942 5728 986 5760 δ’
1009 5727 1171 5788 Joan.
1197 5746 1278 5792 Ill,
1313 5733 1400 5787 54.

641 5821 908 5883 PATROL.
957 5825 1070 5886 Gn.
1122 5827 1376 5886 LXXIII.

2001 3196 2162 3237 versa
2189 3201 2202 3236 :
2241 3182 2462 3236 ubinam
2489 3181 2667 3252 major
2693 3181 2785 3234 illa
2815 3179 2994 3235 Patris
3020 3180 3301 3250 capacitas
3329 3181 3569 3235 colloca-

2001 3273 2189 3327 bitur?
2234 3271 2445 3326 Licebit
2473 3271 2620 3326 enim
2646 3270 2877 3340 exempli
2916 3285 3085 3325 causa
3114 3272 3274 3341 quasi
3303 3270 3373 3326 de
3407 3271 3570 3326 rebus

2001 3364 2284 3432 corporeis
2314 3363 2388 3415 ita
2417 3359 2588 3431 loqui,
2611 3376 2735 3414 cum
2759 3375 2941 3415 rerum
2968 3360 3422 3428 incorporearum
3453 3374 3566 3413 ma-

2001 3455 2234 3525 gnitudo
2261 3463 2314 3509 et
2345 3452 2659 3508 imminutio
2687 3452 2848 3507 aliter
2875 3451 3240 3520 intelligatur.

2073 3544 2306 3600 ALIUD.
2338 3546 2394 3600 Si
2417 3544 2562 3616 quod
2590 3556 2676 3600 est
2703 3559 2869 3614 super
2889 3558 3051 3597 omne
3073 3557 3269 3597 nomen
3292 3540 3438 3599 Deus
3465 3553 3568 3606 est,

2000 3647 2056 3694 et
2087 3638 2252 3708 hujus
2293 3637 2469 3692 heres
2513 3651 2637 3692 cum
2668 3635 2742 3689 sit
2767 3633 2937 3690 Filius
2957 3675 2971 3699 ,
2999 3632 3278 3704 perfectus
3307 3650 3430 3690 esse
3458 3651 3568 3690 non

2002 3737 2182 3800 potest
2203 3728 2331 3799 quia
2367 3727 2548 3781 minor
2579 3741 2594 3778 :
2645 3740 2768 3782 esse
2801 3740 2968 3796 super
2996 3724 3182 3780 omnia
3220 3725 3354 3781 nihil
3387 3728 3568 3797 magni

2000 3832 2124 3885 est,
2173 3819 2279 3874 hoc
2324 3829 2504 3874 autem
2545 3825 2630 3874 est
2674 3817 2841 3874 Deus.
2884 3817 2993 3873 Sed
3030 3818 3336 3873 absurdum
3372 3828 3456 3874 est
3493 3819 3570 3874 ita

2002 3913 2208 3969 sentire
2229 3919 2324 3965 aut
2347 3910 2497 3981 loqui
2520 3928 2534 3963 :
2562 3909 2838 3980 perfectus
2873 3911 3038 3980 igitur
3057 3917 3141 3966 est
3160 3906 3357 3973 Filius.
3383 3919 3571 3983 utpote

2003 4019 2168 4074 super
2198 4016 2362 4057 omne
2396 4016 2593 4056 nomen
2616 4038 2632 4062 .
2664 4009 2719 4054 et
2750 4000 2916 4056 Deus.

2071 4093 2300 4150 ALIUD.
2329 4093 2386 4148 Si
2406 4101 2602 4148 natura
2623 4091 2806 4146 divina
2827 4091 3152 4160 quantitatis
3173 4098 3256 4146 est
3274 4104 3492 4160 expers.
3515 4099 3571 4145 et

2004 4190 2059 4245 in
2094 4189 2258 4244 rebus
2287 4186 2584 4256 aliquantis
2614 4185 2798 4239 minus
2824 4184 3049 4254 reperiri
3081 4183 3260 4237 solet:
3295 4181 3571 4252 quomodo

2003 4281 2183 4334 minor
2204 4277 2547 4348 intelligatur
2571 4273 2874 4330 secundum
2908 4279 3160 4326 naturam
3191 4269 3362 4325 Filius
3383 4311 3398 4334 ,
3427 4270 3572 4326 Deus

2003 4387 2128 4426 cum
2185 4372 2312 4426 sit?
2377 4368 2494 4424 Non
2550 4367 2697 4422 enim
2754 4363 3080 4435 quantitatis
3141 4377 3336 4431 expers
3411 4363 3516 4416 erit
3551 4402 3568 4425 ,

2004 4462 2257 4534 quamvis
2302 4470 2550 4531 respectu
2590 4457 2768 4511 Patris
2806 4456 2988 4510 minus
3022 4454 3223 4509 habere
3270 4454 3446 4524 ipsum
3487 4453 3571 4508 di-

2003 4563 2150 4609 cant.

2076 4642 2304 4698 ALIUD.
2338 4641 2536 4698 Beatus
2563 4640 2804 4695 Joannes
2837 4639 2906 4694 de
2931 4635 3069 4692 Filio
3108 4637 3214 4707 22
3256 4637 3365 4703 ait,
3405 4655 3422 4689 ι
3459 4651 3572 4692 non

2005 4734 2071 4788 ad
2098 4747 2410 4788 mensuram
2442 4733 2575 4788 dare
2601 4730 2872 4801 Spiritum
2893 4729 2935 4760 ⁸⁷
2967 4747 2985 4781 ι
3011 4768 3028 4793 ,
3055 4727 3254 4798 'dignis
3282 4726 3568 4781 nimirum.

2004 4826 2140 4880 Cum
2187 4838 2318 4895 ergo
2365 4837 2625 4879 mensura
2668 4836 2778 4875 non
2834 4819 2907 4876 sit
2948 4818 3004 4872 in
3047 4817 3220 4885 Filio,
3265 4818 3570 4874 immensus

2002 4925 2090 4971 est
2119 4915 2307 4986 igitur,
2339 4921 2394 4968 et
2419 4928 2637 4968 omnem
2672 4911 2997 4982 quantitatis
3017 4909 3566 4981 comprehensionem

2003 5015 2226 5079 superat
2275 5013 2461 5077 utpote
2510 5003 2655 5060 Deus
2698 5021 2712 5057 :
2756 5001 3030 5074 quomodo
3072 5016 3207 5074 ergo
3251 5001 3434 5057 minor
3487 5008 3574 5055 est

2002 5103 2095 5157 ille
2122 5102 2214 5172 qui
2247 5114 2504 5156 mensura
2546 5113 2654 5154 non
2688 5097 2944 5166 capitur?

2075 5190 2305 5246 ALIUD.
2335 5189 2392 5244 Si
2427 5190 2606 5244 minor
2637 5188 2832 5252 Filius,
2859 5187 3034 5257 major
3061 5195 3242 5241 autem
3273 5183 3436 5240 Pater
3463 5190 3570 5246 est,

2003 5283 2221 5338 diverse
2252 5281 2511 5336 nimirum
2539 5295 2639 5335 nec
2662 5279 2830 5335 simili
2858 5279 3074 5333 ratione
3099 5291 3198 5347 pro
3221 5289 3323 5331 suo
3337 5275 3574 5346 quisque

2005 5373 2166 5428 modo
2199 5370 2690 5427 sanctiﬁcationem
2726 5379 2968 5424 nostram
3002 5369 3330 5438 perficient:
3373 5371 3428 5419 et
3458 5375 3574 5415 ma-

2002 5465 2084 5534 gis
2125 5463 2344 5533 quidem
2397 5461 2558 5516 Pater
2599 5459 2997 5523 sanetiilcabit,
3035 5460 3218 5513 minus
3257 5463 3472 5514 autem,
3505 5464 3572 5504 ac

2007 5571 2102 5625 pro
2134 5569 2235 5610 suo
2261 5552 2480 5608 modulo
2506 5551 2704 5608 Filius.
2741 5550 2855 5605 Erit
2882 5550 3050 5620 igitur
3089 5547 3328 5617 Spiritus
3353 5553 3573 5613 quoque

3139 5816 3173 5876 ἓ
