4092 6274
503 345 571 401 ιδ
1487 330 1542 384 S.
1573 323 1855 385 CYRILLI
1889 317 2363 376 ALEXANDRINI
2402 317 2726 374 ARCIIIEP.
3685 322 3757 377 44

495 455 698 525 duplex
726 494 738 516 ,
788 459 840 506 et
889 450 1068 506 minor
1104 447 1325 518 quidem
1359 445 1412 498 in
1459 443 1597 497 Filio
1623 481 1636 504 ,
1684 439 1780 495 sed
1821 439 1876 492 in
1917 427 2083 490 Patre

2215 433 2279 485 :al.
2308 433 2369 486 τὸ
2393 432 2616 502 Πνεῦμα
2640 429 2884 497 διπλοῦν,
2921 431 3014 484 καὶ
3053 433 3203 502 μεῖον
3241 431 3340 502 μὲν
3372 433 3429 486 ὲν
3463 432 3597 502 Υίῷ,
3636 435 3761 502 μεῖ-

503 546 704 616 major.
756 543 818 596 Et
869 541 1109 613 perfecte
1137 538 1358 610 quidem
1394 532 1890 591 sanetilicabuntur
1919 528 2009 597 qui
2051 540 2081 578 a

505 635 699 699 Patre,
749 648 813 688 ac
849 632 1090 687 vicissim
1143 644 1250 685 non
1289 625 1532 699 perfecte
1577 623 1674 694 qui
1718 635 1816 692 per
1861 618 2078 673 Filium.

507 726 673 797 Atqui
704 723 871 778 multa
903 730 988 776 est
1035 721 1088 774 in
1127 719 1214 775 his
1252 718 1529 772 rationum
1561 711 1894 769 absurditas.
1929 707 2083 764 Unus

508 818 654 874 enim
678 824 762 872 est
789 820 1018 870 sanctus
1047 809 1308 881 Spiritus,
1339 822 1446 863 una
1481 815 1535 860 et
1563 803 1807 875 perfecta
1837 799 2083 856 sanctiﬁ-

511 914 688 976 catio,
719 924 839 980 quae
885 923 916 962 a
963 907 1120 962 Patre
1157 919 1254 976 per
1284 902 1485 957 Filium
1517 897 1842 954 naturaliter
1872 892 2083 965 praebe-

511 1013 621 1058 tur.
659 1002 778 1057 Non
819 1001 965 1070 ergo
992 997 1170 1051 minor
1210 1003 1293 1051 est
1323 995 1414 1064 qui
1461 990 1710 1048 eamdem
1744 987 1905 1041 habet
1959 997 2083 1037 cum

513 1092 756 1162 perfecto
779 1088 938 1144 Patre
958 1085 1357 1158 operationem,
1385 1081 1590 1152 quique
1617 1076 1795 1133 Patris
1822 1073 2086 1145 Spiritum

514 1184 715 1247 habet,
743 1189 956 1237 natura:
989 1194 1102 1234 sua:
1133 1177 1363 1240 bonum,
1390 1175 1661 1229 virentem
1696 1185 1759 1225 ac
1784 1166 2088 1225 subsisten-

517 1289 645 1341 tem,
687 1271 1144 1344 quemadmodum
1179 1281 1373 1336 nempe
1396 1275 1449 1320 et
1478 1262 1662 1316 Pater.

587 1364 818 1419 ALIUD.
877 1381 895 1414 ι
932 1361 988 1416 Si
1031 1362 1087 1415 in
1134 1359 1308 1414 forma
1353 1365 1407 1412 et
1449 1353 1761 1424 aequalitate
1799 1345 2038 1402 Patris"
2065 1364 2084 1397 I

517 1466 630 1512 erat
687 1455 902 1517 Filius,
954 1454 1109 1522 juxta
1171 1448 1323 1503 Pauli
1389 1444 1758 1503 sententiam,
1815 1436 2091 1510 quomodo

519 1553 696 1604 minor
722 1548 841 1617 ipso
867 1545 986 1601 est?
1009 1542 1128 1599 Non
1157 1542 1303 1597 enim
1333 1548 1482 1596 certe
1508 1532 1905 1591 incarnationis
1928 1530 2089 1592 ratio,

517 1653 568 1715 et
621 1657 682 1697 ea
730 1654 852 1711 qua:
901 1635 1107 1693 dicitur
1165 1630 1478 1688 humiliatio
1535 1626 1804 1697 dignitate
1851 1619 2091 1677 naturali

520 1733 715 1789 Filium
774 1730 1001 1786 nudabit
1049 1741 1175 1782 cum
1227 1722 1473 1780 secundo
1522 1720 1759 1774 adventu
1814 1721 2093 1771 cessatura

2189 525 2280 588 ζον
2312 523 2367 577 δὲ
2415 524 2473 576 ἐν
2502 523 2697 593 Πατρί.
2755 523 2866 576 Καὶ
2897 521 3116 586 τελείως
3148 523 3244 592 μὲν
3285 525 3334 575 οἱ
3373 524 3524 594 παρὰ
3551 523 3764 594 Πατρδς

2184 615 2607 685 ἀγιασθήσονται
2624 657 2646 680 ο
2673 615 2735 667 ού
2755 613 2975 677 τελείως
2999 613 3055 666 δὲ
3076 613 3238 666 πάλιν
3260 614 3310 665 οἱ
3337 613 3404 666 δι’
3428 612 3577 666 Υίοῦ.
3605 613 3764 668 Ἀλλὰ

2186 706 2354 776 πολλή
2384 705 2468 768 τίς
2503 707 2648 758 ἐστιν
2684 705 2742 757 ὲν
2780 704 2991 767 τούτοις
3033 706 3066 774 ἡ
3089 704 3199 756 τῶν
3247 703 3523 774 λογισμῶν
3543 704 3764 758 ἀτοπία.

2192 797 2289 851 Ἐν
2340 797 2448 869 γὰρ
2490 798 2552 851 τὺ
2599 797 2820 868 Πνεῦμα
2857 797 2916 850 τὸ
2949 797 3104 864 ἅγιόν
3143 798 3326 860 ἐστιν,
3373 791 3454 860 εἷς
3481 797 3536 850 δὲ
3563 797 3766 861 τέλειος

2185 887 2486 957 ἁγιασμὸς,
2533 886 2684 958 παρὰ
2715 886 2926 956 Πατρὺς
2955 886 3023 940 δι’
3049 886 3178 940 Υίοῦ
3228 887 3470 954 φυσικῶς
3504 887 3768 958 χορηγού-

2191 997 2348 1051 μενος
2375 1000 2385 1010 ·
2413 981 2514 1033 οὐκ
2541 979 2651 1050 ἄρα
2679 979 2918 1032 ἐλάττων
2938 979 3086 1032 ἐστὶν
3114 979 3143 1031 6
3169 979 3268 1049 τὴν
3292 978 3462 1048 αὐτὴν
3492 978 3770 1049 ἐνέργειαν

2189 1071 2326 1142 ἔχων
2372 1070 2448 1142 τῷ
2493 1072 2682 1144 τελείῳ
2735 1073 2945 1143 Πατρὶ,
3003 1071 3098 1124 καὶ
3146 1070 3215 1124 τὸ
3268 1070 3771 1141 τοῦγεννήσαντος

2191 1161 2416 1233 Πνεῦμα
2443 1162 2658 1231 φύσεως
2686 1163 2818 1226 ἰδίας
2849 1162 2988 1233 ἔχων
3027 1162 3258 1230 ἀγαθὸν,
3292 1162 3428 1229 ζῶν,
3458 1161 3554 1216 καὶ
3579 1162 3772 1216 ὲνυπό-

2194 1273 2408 1319 στατον,
2435 1255 2626 1325 ὥσπερ
2648 1251 2740 1308 οῦν
2769 1254 2959 1324 ἀμέλει
2991 1255 3086 1308 κα)⁸
3119 1257 3148 1308 6
3181 1255 3392 1325 Πατήρ.

2262 1347 2466 1400 ΛΛΛΟ.
2500 1347 2562 1399 Ei
2604 1364 2622 1398 ι
2651 1347 2709 1400 ὲν
2743 1348 2924 1417 μορφῇ
2993 1347 3086 1398 καὶ
3133 1347 3340 1416 ἰσότητι
3365 1345 3460 1399 τοῦ
3501 1346 3712 1418 Πατρὸς
3746 1366 3764 1398 I

2195 1435 2440 1506 ὑπῆρχεν
2475 1436 2504 1487 6
2552 1434 2676 1498 Υἱὸς
2715 1434 2857 1487 κατὰ
2898 1433 2996 1505 τὴν
3032 1433 3125 1487 τοῦ
3157 1434 3368 1487 Παύλου
3399 1435 3614 1505 φωνὴν,
3656 1436 3772 1497 πῶς

2194 1524 2431 1579 ἐλάττων
2459 1523 2624 1580 αὐτοῦ
2654 1526 2836 1591 tactv;
2866 1526 2939 1578 Οὺ
2975 1526 3085 1596 γὰρ
3125 1527 3188 1596 δή
3226 1543 3328 1580 που
3359 1528 3457 1597 τῆς
3482 1527 3619 1597 μετὰ
3648 1543 3774 1596 σαρ-

2195 1618 2288 1680 κὸς
2325 1616 2638 1688 οἰκονομίας
2671 1617 2698 1669 6
2726 1617 2917 1688 λόγος,
2967 1621 3060 1672 καὶ
3108 1621 3143 1688 ἡ
3177 1619 3264 1672 διὰ
3306 1620 3465 1674 τοῦτο
3505 1619 3769 1689 λεγομένη

2196 1707 2552 1772 ταπείνωσις,
2605 1707 2700 1761 τοῦ
2733 1709 2871 1762 κατὰ
2922 1710 3084 1779 φύσιν
3122 1711 3415 1781 προσόντος
3457 1710 3772 1780 ἀξιώματος

522 1829 611 1884 sit.
660 1847 677 1878 ι
722 1824 915 1880 Veniet
955 1839 971 1872 I
1029 1819 1175 1873 enim
1225 1815 1494 1877 omnino,
1542 1818 1601 1866 ut
1649 1824 1772 1864 eum
1823 1808 2093 1861 dicentem

2215 1799 2586 1870 ἱιπογυμνώσει
2639 1801 2729 1854 τδν
2763 1775 3117 1868 Υίὸνίλύσιν
3157 1775 3352 1872 έχουσα
3384 1802 3484 1872 τὴν
3519 1775 3772 1872 δευτέραν

525 1916 835 1985 accepimus
862 1952 876 1976 ,
931 1928 950 1962 ι
989 1909 1046 1964 in
1082 1907 1259 1979 gloria
1311 1903 1488 1957 Patris
1535 1899 1619 1957 sui
1645 1900 1711 1952 *9.
1748 1917 1765 1948 ι
1811 1894 2096 1962 Quomodo

2215 1893 2259 1956 ιξ
2280 1891 2509 1962 οὐρανοῦ
2534 1894 2853 1964 παρουσίαν.
2879 1893 3066 1960 «Ἥξει
3086 1912 3102 1945 I
3133 1895 3242 1963 γάρ
3265 1894 3500 1958 πάντως,
3517 1893 3592 1956 ὡς
3612 1893 3772 1961 ἠκού-

528 1982 690 2078 igitur
737 2007 793 2060 in
843 2004 1014 2074 gloria
1057 2010 1140 2056 est
1192 1998 1286 2052 Dei
1329 1994 1553 2056 Patris,
1603 1991 1700 2062 qui
1750 1989 1928 2044 minor
1979 1986 2099 2055 ipso

2215 2000 2378 2053 ταμεν
2400 1982 2684 2078 λέγοντος,
2725 2001 2743 2033 ι
2777 1985 2834 2038 ἐν
2857 1987 2923 2055 τῇ
2957 1984 3083 2056 δόξῃ
3124 1984 3219 2037 τοῦ
3263 1985 3474 2056 Πατρδς
3525 1984 3707 2039 αὑτοῦ.
3748 2002 3766 2035 I

527 2098 640 2154 sit?

597 2268 824 2326 ALlUD.
861 2265 1143 2321 Invenitur
1184 2261 1387 2316 alicubi
1428 2273 1522 2328 per
1563 2270 1737 2310 unum
1782 2251 2101 2323 prophetam

529 2365 673 2419 Deus
699 2376 760 2416 ac
783 2359 942 2414 Pater
974 2357 1158 2412 dicere
1188 2373 1198 2406 :
1237 2371 1255 2404 ι
1290 2351 1532 2407 Gloriam
1578 2361 1756 2402 meam
1796 2343 1953 2399 alteri
1995 2357 2104 2395 non

530 2449 672 2511 dzibo
699 2454 767 2506 ⁸ο.
810 2471 826 2503 I
870 2444 1244 2517 lnterrogandi
1272 2451 1400 2499 sunt
1431 2441 1597 2512 igitur
1623 2439 1935 2508 quicunque
1967 2433 2107 2487 Filio

532 2546 696 2616 impie
720 2541 1042 2604 detrahunt,
1077 2540 1186 2592 imo
1215 2551 1345 2590 vero
1381 2533 1526 2588 Patri
1564 2547 1660 2602 per
1684 2530 1864 2600 ipsum
1904 2545 1915 2578 :
1953 2545 1971 2578 ι
2005 2525 2106 2592 Qui

533 2639 678 2693 enim
712 2634 912 2689 Filium
949 2646 1056 2686 non
1097 2630 1364 2692 honorat,
1415 2627 1463 2680 is
1503 2639 1600 2679 nec
1633 2625 1852 2675 Patrem
1883 2617 2108 2688 quidem

548 2731 783 2784 honorat
805 2725 882 2790 ⁸¹;
915 2742 932 2774 I
975 2732 1157 2776 utrmn
1191 2719 1433 2780 tandem,
1454 2716 1614 2771 sicuti
1639 2713 1956 2769 existimant
1982 2708 2108 2778 ipsi,

542 2819 655 2874 Deo
699 2831 763 2870 ac
805 2814 966 2868 Patre
999 2811 1178 2866 minor
1210 2809 1484 2864 essistens
1515 2803 1687 2858 Filius
1707 2843 1721 2867 ,
1750 2799 2113 2856 consubstan-

541 2909 694 2965 tialis
728 2908 802 2962 sit
851 2905 998 2976 ipsi,
1035 2919 1102 2955 an
1142 2915 1272 2956 non.
1323 2899 1379 2954 Si
1418 2893 1938 2952 consubstantialem
1989 2906 2112 2947 esse

539 3001 763 3063 dicunt,
793 2995 924 3068 quid
960 2996 1164 3048 frustra
1197 2992 1377 3046 minus
1407 2989 1454 3045 ei
1495 2985 1778 3041 tribuunt?
1807 2985 1937 3051 Quae
1965 2983 2112 3038 enim

2206 2075 2328 2138 Πῶς
2369 2070 2461 2128 οὖν
2505 2075 2640 2138 ὅλως
2684 2075 2742 2128 ὲν
2784 2077 2850 2146 τῇ
2903 2075 3028 2148 δόξῃ
3079 2076 3172 2130 τοῦ
3215 2076 3426 2149 Πατρδς
3471 2077 3501 2128 6
3540 2076 3774 2130 ἐλάττων

2205 2183 2368 2221 αυτου
2398 2183 2412 2231 ;

2275 2258 2478 2322 ΑΛᾼΟ.
2511 2257 2834 2328 Εὑρίσκεταί
2886 2275 2980 2311 που
3027 2259 3197 2327 λέγων
3245 2259 3311 2312 δι’
3342 2260 3460 2324 ἑνὸς
3502 2259 3608 2314 τῶν
3642 2276 3773 2332 προ-

2209 2349 2394 2421 φητῶν
2411 2351 2437 2402 ὁ
2458 2348 2584 2412 Θεὸς
2609 2349 2700 2402 καὶ
2727 2350 2916 2421 Πατήρ
2943 2366 2956 2380 ο
2990 2368 3007 2401 ι
3035 2350 3144 2420 Τὴν
3175 2351 3331 2415 δόξαν
3372 2368 3472 2422 μου
3512 2351 3682 2422 ἑτέρῳ
3717 2353 3779 2403 οὑ

2208 2444 2384 2498 δώσω.
2428 2463 2448 2494 ι
2501 2443 2833 2513 Ἐρωτητέον
2875 2442 3160 2513 τοιγαροῦν
3207 2443 3333 2506 τοὺς
3370 2443 3483 2496 ὅσοι
3524 2443 3616 2495 τὸν
3653 2443 3782 2494 Υἱδν

2209 2536 2563 2606 ἀτιμάζουσιν
2608 2534 2817 2598 ἀσεϐῶς
2842 2573 2858 2598 ,
2913 2533 3112 2604 μᾶλλον
3156 2535 3212 2588 δὲ
3251 2535 3319 2588 δι’
3358 2534 3523 2589 αὑτοῦ
3554 2537 3647 2589 καὶ
3693 2536 3785 2586 τὸν

2213 2630 2432 2698 Πατέρα
2453 2643 2466 2658 ·
2493 2649 2512 2681 ί
2535 2629 2591 2682 ’0
2608 2627 2714 2698 γὰρ
2744 2627 2818 2698 μὴ
2847 2628 3019 2694 τιμῶν
3038 2627 3129 2681 τὸν
3148 2627 3294 2696 Υἱὸν,
3311 2629 3428 2682 οὐδὲ
3451 2628 3539 2681 τὸν
3566 2627 3786 2699 Πατέρα

2212 2723 2348 2792 τιμᾲ
2378 2739 2421 2776 ³»
2458 2721 2688 2790 πότερόν
2731 2737 2897 2788 ποτε,
2934 2719 3185 2790 καθάπερ
3227 2720 3588 2789 ὑπειλήφασιν
3611 2721 3785 2781 αὐτοὶ,

2222 2815 2317 2872 τοῦ
2347 2815 2482 2871 Θεοῦ
2532 2817 2626 2870 καὶ
2660 2815 2870 2884 Πατρδς
2915 2815 3150 2870 ἐλάττων
3177 2813 3251 2867 ὣν
3279 2817 3306 2866 6
3333 2815 3477 2880 Υἱὸς,
3505 2813 3788 2885 ὁμοούσιός

2223 2909 2394 2971 ἐστιν,
2423 2904 2499 2968 ὡς
2525 2905 2660 2976 πρὸς
2691 2905 2885 2972 αὑτὸν,
2916 2905 2948 2976 ἢ
2981 2904 3118 2974 οὐχί.
3184 2903 3246 2955 Εἰ
3285 2906 3382 2972 μὲν
3425 2899 3518 2955 οὖν
3550 2903 3788 2972 ἐροῦσιν,

2215 2999 2290 3061 ὡς
2318 2997 2464 3052 ἐστιν
2493 2997 2794 3068 όμοούσιος,
2822 2998 2876 3049 τί
2901 2997 3076 3066 μάτην
3101 2993 3161 3048 τδ
3188 2993 3406 3047 ἔλαττον
3437 2993 3794 3064 ἐπιφέρουσιν

539 3091 782 3163 ejusdem
811 3096 940 3144 sunt
972 3084 1295 3142 substantia:
1340 3097 1401 3135 ac
1450 3092 1686 3142 naturae,
1731 3077 1912 3130 minus
1956 3075 2010 3129 in
2048 3087 2108 3128 se

2217 3089 2402 3160 αὐτῷ;
2462 3090 2542 3144 Τὰ
2572 3089 2680 3158 γὰρ
2714 3090 2811 3159 τῆς
2854 3089 3021 3158 αὐτῆς
3057 3086 3243 3149 οὐσίας
3280 3085 3408 3138 ὄντα
3435 3085 3528 3136 καὶ
3555 3083 3791 3153 φύσεως,

544 3183 789 3254 profecto
830 3197 938 3235 non
991 3179 1193 3232 habent
1235 3173 1417 3244 quoad
1465 3171 1728 3226 rationem
1766 3165 2106 3224 substantiae.

545 3274 656 3328 Hoc
687 3283 866 3327 autem
900 3279 981 3325 est
1003 3267 1148 3340 quod
1175 3266 1495 3343 qumignus.
1532 3261 1639 3317 Sed
1673 3277 1779 3316 non
1806 3260 2110 3314 assentien-

544 3375 634 3419 tur
655 3363 863 3429 forsan,
887 3378 1064 3432 neque
1102 3355 1632 3415 consubstantialem
1667 3369 1788 3409 esse
1811 3353 2113 3408 concedent

545 3457 691 3510 Patri
721 3455 939 3519 Filium,
976 3469 1096 3508 cum
1129 3452 1308 3506 minor
1357 3451 1449 3512 sit,
1491 3456 1548 3502 ut
1577 3447 1680 3518 ipsi
1705 3446 1910 3501 volunt.
1946 3444 2115 3515 Igitur

546 3550 796 3602 diversus
833 3545 938 3600 erit
966 3545 1192 3597 omnino
1227 3551 1280 3596 et
1317 3541 1531 3594 alienus
1565 3553 1595 3591 a
1625 3537 1804 3592 Patre.
1833 3533 2115 3599 Quomodo

548 3639 733 3706 itaque
759 3636 985 3706 gloriam
1013 3633 1132 3700 ejus
1165 3630 1366 3684 habet?
1403 3647 1420 3678 ι
1459 3627 1519 3680 Ei
1553 3627 1698 3681 enim
1743 3625 1904 3680 datus
1941 3632 2058 3684 est,
2093 3643 2111 3673 ι

552 3737 610 3782 ut
641 3728 716 3781 ait
743 3727 936 3780 beatus
969 3721 1193 3786 Daniel,
1241 3738 1259 3770 ι
1293 3725 1501 3783 honor,
1541 3727 1593 3772 ct
1626 3716 1938 3786 regnum“.
1969 3733 1986 3766 ›
2024 3712 2119 3767 V'el

553 3819 696 3872 enim
735 3815 840 3887 23
871 3812 1162 3868 mentietur
1197 3809 1338 3865 Deus
1372 3815 1425 3863 et
1460 3806 1619 3862 Pater
1659 3806 1850 3860 dicens
1879 3823 1892 3860 :
1943 3824 1961 3856 ι
1993 3803 2121 3859 Glo-

555 3910 688 3962 riam
716 3921 893 3962 meam
929 3903 1089 3958 alteri
1127 3917 1236 3955 non
1277 3899 1418 3954 dabo
1441 3899 1486 3929 ⁵³
1513 3916 1528 3963 ;
1558 3917 1576 3950 ›
1619 3898 1698 3953 vel
1730 3897 1774 3952 si
1804 3911 1965 3952 verax
1997 3904 2078 3952 est
2105 3936 2118 3960 ,

556 4015 822 4070 suamque
865 3997 1098 4070 gloriam
1131 3993 1280 4048 dedit
1308 3991 1474 4052 Filio,
1513 4005 1621 4046 non
1655 3991 1795 4044 alius
1827 3988 2016 4060 utique
2041 3997 2124 4044 est

557 4095 627 4148 ab
668 4094 824 4164 ipso,
879 4103 1003 4145 cum
1053 4087 1126 4141 sit
1169 4086 1382 4140 fructus
1431 4084 1751 4140 substantiae
1797 4083 2005 4154 ipsius,
2060 4095 2126 4136 ae

561 4199 744 4238 verum
772 4183 1044 4254 genimcn.
1080 4179 1183 4246 Qui
1214 4189 1392 4232 autem
1427 4175 1618 4232 eodem
1665 4175 1826 4231 modo
1867 4190 1925 4232 se
1964 4175 2127 4229 habet

557 4291 679 4331 cum
724 4275 912 4339 Patre,
942 4271 1247 4328 secundum
1286 4277 1492 4323 natura:
1525 4269 1812 4335 rationem,
1849 4267 2125 4340 quomodo

515 4363 535 4384 '
560 4373 678 4438 ipso
704 4367 922 4422 demum
951 4363 1056 4419 crit
1091 4364 1272 4416 minor
1300 4361 1320 4413 ?

931 4456 1052 4510 Alia
1079 4454 1342 4522 simplicia
1368 4463 1414 4505 et
1439 4455 1748 4508 inconnera.

633 4549 690 4604 Si
715 4549 1059 4618 omnipotens
1087 4556 1169 4601 est
1195 4545 1372 4608 Pater,
1398 4553 1450 4598 et
1473 4546 1728 4598 similiter
1751 4543 1922 4598 Filius
1946 4545 2127 4599 omni-

563 4651 774 4713 potens,
825 4639 1104 4710 quomodo
1157 4639 1339 4692 minor
1391 4645 1474 4691 est
1527 4636 1686 4705 ipso?
1725 4635 1840 4690 Non
1887 4637 2032 4690 enim
2081 4637 2128 4690 si

564 4739 709 4808 recte
744 4728 1218 4801 philosophantur,
1251 4726 1477 4798 perfecti
1523 4725 1894 4781 conditionem
1927 4728 2128 4796 imper-

567 4824 764 4877 fectum
805 4830 1152 4892 asseqnetur.
1192 4819 1275 4884 Et,
1306 4822 1349 4874 si
1391 4819 1656 4875 Dominus
1695 4827 1776 4873 est
1807 4818 1988 4883 Pater,
2026 4819 2130 4873 Do-

569 4915 861 4980 minnsque
905 4911 1160 4966 similiter
1178 4919 1261 4963 est
1285 4908 1479 4973 Filius,
1506 4907 1781 4977 quomodo
1813 4908 1928 4978 ipso
1957 4909 2136 4962 minor

567 5005 688 5056 est?
739 5000 854 5053 Erit
892 5000 1039 5054 enim
1090 5014 1199 5051 non
1252 4981 1492 5067 perfecte
1547 4998 1705 5055 liber.
1762 4997 2030 5066 siquidem
2081 4996 2134 5049 in

568 5091 941 5147 dominatione
983 5089 1161 5142 minor
1207 5099 1310 5155 est,
1349 5104 1448 5142 nec
1495 5089 1658 5142 habet
1691 5088 1744 5141 in
1774 5090 1955 5157 seipse
2002 5103 2136 5141 con-

568 5191 896 5240 summatam
945 5180 1288 5251 dignitatem.
1339 5179 1424 5242 Et,
1479 5181 1525 5233 si
1573 5180 1662 5232 lux
1715 5191 1796 5234 est
1836 5180 2012 5242 Pater,
2045 5180 2136 5233 lux

567 5276 693 5330 item
737 5273 930 5337 Filius,
983 5271 1259 5342 quomodo
1306 5270 1489 5324 minor
1527 5279 1612 5324 est
1643 5271 1798 5340 ipso?
1829 5269 1943 5325 Erit
1990 5273 2135 5325 enim

568 5383 675 5420 non
728 5364 969 5434 perfecte
1022 5363 1133 5423 lux,
1179 5361 1270 5417 sed
1314 5379 1377 5417 ex
1413 5371 1565 5433 parte
1613 5363 1854 5418 tenebris
1888 5379 2137 5432 compre-

569 5458 854 5524 hendetur,
909 5457 1315 5525 mentieturque
1350 5456 1715 5526 evangelista,
1747 5457 1936 5511 dicens
1972 5477 1982 5510 :
2027 5475 2043 5506 ι
2074 5455 2134 5508 Et

568 5551 800 5604 tenebrae
838 5565 962 5604 eum
988 5564 1094 5602 non
1124 5546 1652 5617 comprehenderunt.
1677 5548 1782 5600 “.I
1822 5548 1905 5610 EI.
1941 5549 1984 5601 si
2025 5550 2130 5602 vita

680 5668 722 5694 "
744 5665 972 5736 Philipp.
1014 5684 1070 5728 II,
1113 5667 1164 5719 6.

570 5747 753 5786 ιιι-ιιι.
795 5737 872 5787 lt.

1281 5664 1508 5720 "Marc.
1545 5683 1662 5729 VIII,
1697 5667 1779 5720 58.

988 5739 1031 5767 δ’
1065 5737 1198 5790 Joan
1251 5753 1286 5796 ι,

1900 5669 1942 5697 ⁵ο
1977 5667 2076 5722 lsa.
2099 5685 2285 5735 κιγιιι,
2328 5670 2408 5724 ll.

2213 3181 2313 3234 οὐκ
2339 3180 2404 3236 ἂν
2431 3180 2565 3243 ὅλως
2596 3180 2710 3250 ἔχοι
2742 3180 2863 3232 καθ’
2892 3179 3100 3232 ἑαυτῶν
3126 3177 3186 3230 τὸ
3213 3175 3415 3248 μεῖξον,
3447 3177 3586 3229 κατά
3614 3191 3676 3242 γε
3701 3176 3792 3228 τὸν

2211 3271 2305 3325 τοῦ
2332 3272 2448 3336 πῶς
2481 3267 2620 3324 εἶναι
2646 3272 2819 3340 λόγον.
2845 3271 3014 3324 Τοῦτο
3043 3270 3098 3323 δὲ
3129 3270 3344 3332 πάντως
3371 3269 3485 3321 ἐστὶ
3512 3267 3574 3319 τὸ
3602 3267 3792 3336 ζητού-

2217 3381 2399 3433 μενον.
2467 3363 2600 3416 Ἀλλ’
2635 3363 2695 3414 ού
2724 3363 3074 3430 συνθήσονται
3106 3361 3298 3430 τυχὸν,
3353 3359 3472 3412 οὐδὲ
3512 3360 3794 3429 ὁμοούσιον

2216 3450 2356 3506 εἶναι
2384 3453 2612 3504 δώσουσι
2639 3452 2716 3522 τῷ
2741 3453 2917 3521 Πατρὶ
2946 3453 3035 3502 τὸν
3065 3452 3194 3502 Υίὸν
3216 3491 3230 3514 ,
3287 3451 3362 3514 ὼς
3386 3451 3640 3504 ἐλάττονα
3675 3452 3792 3502 κατ’

2218 3544 2412 3604 αὐτούς
2431 3558 2445 3571 ⁸
2481 3541 2671 3596 οὐκοῦν
2703 3542 2889 3611 ἔτερος
2912 3543 3062 3594 ἔσται
3097 3541 3372 3604 παντελῶς
3406 3542 3497 3595 καὶ
3521 3542 3795 3614 ἀλλότριος

2219 3633 2312 3686 τοῦ
2355 3632 2587 3702 Πατρός.
2644 3632 2768 3696 Πῶς
2797 3629 2888 3686 οὖν
2913 3632 3024 3702 ἔχει
3051 3632 3147 3702 τὴν
3170 3633 3324 3697 δόξαν
3355 3633 3516 3686 αὑτοῦ
3544 3651 3558 3698 ;
3596 3652 3613 3684 ι
3639 3633 3796 3701 Αὐτῷ

2223 3723 2328 3794 γὰρ
2351 3723 2526 3792 ἐδόθη,
2557 3742 2574 3775 ι
2596 3723 2738 3777 καοά
2761 3741 2922 3793 φησιν
2953 3727 2981 3778 6
2999 3725 3263 3795 μακάριος
3291 3724 3509 3794 Δανιὴλ,
3533 3743 3551 3775 ς
3575 3726 3606 3793 ὴ
3633 3725 3789 3793 τιμὴ,

2223 3815 2316 3869 καὶ
2350 3817 2383 3885 ἡ
2419 3814 2682 3884 βασιλεία.
2708 3836 2726 3868 I
2769 3818 2839 3869 Ἦ
2869 3818 2975 3886 γὰρ
3007 3816 3353 3886 διαψεύσεται
3384 3815 3555 3883 λέγων
3593 3815 3622 3866 6
3658 3813 3795 3874 Θεὸς

2225 3907 2317 3959 καὶ
2349 3904 2538 3975 Πατήρ
2568 3921 2579 3934 '
2613 3924 2631 3959 I
2659 3907 2768 3977 Τὴν
2825 3907 2978 3973 δόξαν
3023 3924 3122 3978 μου
3165 3908 3335 3978 ἑτέρῳ
3382 3907 3442 3958 ού
3483 3904 3637 3958 δώσω
3661 3919 3675 3933 ·
3701 3923 3719 3956 ι
3765 3905 3799 3972 ἢ

2225 3999 2380 4068 εἴπερ
2413 3999 2557 4052 ἐστὶν
2589 3997 2812 4068 ἀληθὴς,
2842 3999 3038 4052 δέδωκε
3075 3998 3132 4052 δὲ
3178 3998 3280 4070 τὴν
3306 3995 3495 4050 ἑαυτοῦ
3538 3995 3694 4061 δόξαν
3723 3996 3801 4062 τῷ

2230 4091 2376 4162 Υίῷ,
2419 4093 2518 4161 οὐχ
2547 4093 2732 4162 ἕτερος
2765 4092 2872 4163 ἄρα
2903 4094 3018 4145 ἐστὶ
3045 4095 3173 4163 παρ’
3208 4091 3402 4156 αὑτὸν,
3458 4088 3668 4161 καρπὸς
3696 4087 3801 4139 ὑπ-

2229 4183 2408 4253 άρχων
2436 4185 2534 4253 τῆς
2561 4183 2747 4244 οὐσίας
2772 4184 2956 4246 αὑτοῦ,
2992 4185 3085 4237 καὶ
3109 4185 3328 4252 γνήσιον
3357 4182 3622 4251 γέννημα.
3659 4179 3719 4230 '0
3746 4179 3803 4230 δι

2228 4273 2488 4336 ὡσαύτως
2515 4273 2650 4344 ἔχων
2678 4273 2754 4344 τῷ
2775 4274 2949 4345 Πατρὶ
2980 4274 3119 4327 κατὰ
3141 4273 3231 4326 τὸν
3256 4274 3354 4343 τῆς
3380 4271 3594 4340 φύσεως
3625 4269 3803 4335 λόγον.

2233 4365 2349 4429 πῶς
2378 4365 2445 4420 ἂν
2470 4366 2557 4436 εἴη
2582 4366 2767 4419 λοιπὸν
2796 4366 3034 4418 ἐλάττων
3056 4365 3220 4418 αὑτοῦ
3250 4382 3263 4429 ;

2602 4459 2786 4510 Ἄλλη
2823 4455 2988 4512 ἀπλὰ
3011 4458 3107 4510 καὶ
3137 4456 3458 4511 ἀσύνδετα.

2306 4549 2368 4600 Et
2401 4548 2792 4618 παντοκράτωρ
2835 4549 2981 4601 ἐστὶν
3007 4552 3034 4602 6
3065 4549 3251 4620 Πατὴρ
3274 4588 3286 4610 ,
3330 4545 3722 4618 παντοκράτωρ
3749 4545 3806 4597 δὲ

2235 4639 2433 4709 ὁμοίως
2472 4641 2567 4693 καὶ
2612 4643 2640 4692 6
2682 4640 2828 4707 Υἱὸς,
2864 4641 2981 4703 πῶς
3024 4641 3260 4693 ἐλάττων
3295 4637 3459 4691 αὐτοῦ
3494 4639 3678 4700 ὲστιν;
3731 4635 3806 4686 Οὐ

2237 4731 2344 4799 γὰρ
2388 4730 2582 4800 δήπου,
2615 4733 2758 4785 κατά
2777 4750 2839 4800 γε
2887 4734 2977 4785 τὸν
3023 4731 3122 4800 τῆς
3167 4729 3478 4792 ἀκολουθίας
3511 4729 3700 4796 λόγον,
3731 4727 3809 4786 είς

2235 4821 2296 4874 τὸ
2323 4821 2416 4874 τοῦ
2439 4821 2642 4875 τελείου
2666 4824 2862 4894 μέτρον
2883 4823 2943 4876 τὸ
2974 4824 3047 4893 μὴ
3067 4822 3266 4875 τέλειον
3292 4821 3644 4890 ἀναϐήσεται.
3677 4818 3810 4878 Καὶ,

2238 4914 2286 4965 εἰ
2320 4913 2522 4984 Κύριός
2569 4915 2715 4968 ἐστιν
2764 4917 2792 4969 6
2826 4915 3016 4985 Πατὴρ
3037 4957 3050 4980 ,
3097 4914 3298 4983 Κύριος
3347 4913 3402 4965 δὲ
3432 4911 3628 4981 ὁμοίως
3660 4910 3752 4962 καὶ
3785 4911 3814 4961 6

2242 5005 2386 5070 Υἱὸς,
2432 5005 2548 5067 πῶς
2593 5007 2830 5060 ἐλάττων
2863 5005 3026 5060 αὑτοῦ
3067 5008 3248 5069 estw;
3297 5003 3614 5072 Ἔσταιγὰρ
3639 5001 3701 5052 οὺ
3727 5018 3814 5052 τεο

2238 5096 2394 5159 λείως
2433 5097 2747 5168 ἐλεύθερος,
2783 5099 2940 5168 εἴπερ
2985 5099 3131 5151 ἐστὶν
3164 5098 3398 5150 ἐλάττων
3423 5098 3479 5147 ὲν
3510 5092 3813 5164 κυριότητι,

2243 5189 2334 5240 καὶ
2355 5187 2414 5240 οὐ
2447 5188 2648 5259 πλῆρες
2681 5189 2818 5258 ἔχων
2845 5191 2900 5241 ὲν
2930 5188 3108 5258 ἐαυτῷ
3134 5189 3192 5240 τὸ
3218 5187 3450 5256 ἀξίωμα.
3483 5187 3590 5237 Καὶ
3621 5185 3668 5236 εί
3699 5183 3816 5252 φῶς

2241 5279 2389 5332 ἐστιν
2410 5281 2437 5332 6
2465 5279 2674 5349 Πατὴρ,
2708 5279 2824 5348 φῶς
2851 5281 2906 5332 δὲ
2936 5281 3135 5350 ὁμοίιος
3163 5281 3255 5332 καὶ
3285 5282 3312 5332 ὁ
3338 5278 3484 5342 Υἱὸς,
3521 5275 3637 5338 πῶς
3671 5275 3820 5327 ἐλάτ-

2241 5387 2346 5423 των
2372 5369 2536 5423 αὐτοῦ
2568 5373 2748 5432 ὲστινς
2784 5373 2974 5424 Ἔσται
3008 5372 3116 5442 γὰρ
3141 5372 3199 5422 οὐ
3230 5369 3447 5430 τελείως
3476 5367 3608 5434 φῶς,
3649 5381 3816 5416 κατοι-

2241 5463 2574 5533 ληφθήσεται
2618 5465 2673 5517 δὲ
2716 5466 2822 5517 ἀπὸ
2883 5466 3078 5536 μέρους
3129 5468 3230 5518 ὑπὸ
3273 5468 3363 5537 τῆς
3426 5467 3673 5528 σκοτίας,
3726 5462 3821 5513 καὶ

2238 5553 2494 5620 ψεύσεται
2536 5555 2707 5622 λέγων
2754 5561 2780 5610 6
2815 5558 3238 5626 εὐαγγελιστής·

3063 5674 3107 5703 ⁸³
3145 5672 3274 5726 Dan.
3315 5689 3408 5736 \‘ll,
3443 5672 3524 5725 l4.

3287 5577 3304 5608 ι
3347 5559 3408 5610 'H
3440 5560 3625 5611 σκοτία
3658 5559 3824 5612 αὐτὸν

2522 5674 2564 5704 ⁶¹
2589 5671 2744 5725 Joan.
2782 5689 2832 5736 ι’,
2859 5673 2948 5726 ‘25.
3063 5674 3107 5703 “
3145 5672 3274 5726 Dan.
3315 5689 3408 5736 γη,
3443 5672 3524 5725 14.
3630 5671 3676 5702 ⁸³
3711 5672 3819 5727 lsa.
