4092 6274
366 343 433 397 63
1420 327 1484 382 IN
1514 325 1800 384 JOANNIS
1839 322 2288 381 EVANGELIUM
2331 321 2457 377 LIB.
2503 324 2540 376 I.
3539 326 3604 382 ,ιδ

366 465 426 516 οὐ
461 458 748 515 κατέλαϐε.
778 475 796 508 ι
850 455 959 510 Καὶ
992 454 1040 506 εί
1084 452 1195 521 ζωή
1228 452 1372 504 ἐστιν
1411 451 1440 504 6
1470 448 1695 518 Πατὴρ,
1741 445 1856 517 ζωὴ
1881 447 1930 499 δὲ

2039 455 2121 501 est
2179 446 2360 510 Pater,
2397 445 2507 498 vita
2542 444 2669 498 item
2715 440 2915 507 Filius,
2947 443 3225 514 quomodo
3273 445 3456 501 minor
3485 447 3605 519 ipso

363 551 566 620 ὁμοίως
610 550 702 601 καὶ
729 548 758 599 6
788 545 912 606 Υίὸς
932 581 947 604 ,
999 541 1115 604 πῶς
1147 540 1383 593 ἐλάττων
1413 536 1576 594 αὐτοῦ
1624 539 1807 600 tactv;
1862 534 1936 587 Οὐ

365 641 474 711 γάρ
514 642 628 692 ἐστι
671 636 890 698 τελείως
924 635 982 686 ἐν
1028 633 1217 703 ἡμῖνή
1261 629 1406 700 ζωὴ,
1463 628 1567 682 κᾶν
1597 628 1676 691 είς
1713 627 1802 679 τὸν
1831 626 1938 678 ἔσω

366 732 646 802 ἄνθρωπον
681 725 994 796 κατοικήσει
1027 722 1262 793 Χριστός
1290 738 1302 749 °
1351 721 1534 792 νεκροὶ
1570 720 1627 774 δέ
1656 737 1772 784 πως
1798 719 1938 772 κατὰ

364 841 416 876 τι
451 822 612 892 μέρος
657 820 704 871 οἱ
750 815 1168 878 πιστεύσαντες,
1221 813 1380 884 εἴπερ
1424 814 1570 865 ἐστὶν
1616 813 1675 864 οὐ
1719 811 1937 873 τελείως

365 913 499 982 ζωὴ,
524 911 586 964 τὸ
614 909 832 962 ἔλαττον
862 905 1000 976 ἔχων
1023 907 1051 958 6
1082 905 1228 968 Υἱός.
1291 903 1510 973 Ἐπειδὴ
1533 902 1588 954 δὲ
1621 902 1726 972 χρὴ
1757 900 1854 972 τὴν
1880 903 1938 954 ἐν

362 1006 569 1066 τούτοις
602 1001 832 1056 ἀτοπίαν
866 999 942 1062 ὡς
992 995 1326 1068 πορῤωτάτω
1375 993 1677 1054 ποιεῖσθαι,
1732 991 1937 1045 τέλειον

360 1091 500 1148 εἷναί
530 1108 709 1162 φαμεν
731 1090 823 1144 τὸν
845 1089 972 1142 Υίὸν
1002 1089 1059 1142 ἐν
1082 1087 1160 1158 τῷ
1188 1085 1378 1155 τελείῳ
1404 1084 1579 1155 Πατρ“ι
1599 1080 1934 1152 παρισούμε-

361 1203 449 1238 νον
480 1184 568 1239 διά
600 1183 662 1236 τὸ
692 1183 790 1252 τῆς
816 1180 1003 1242 οὐσίας
1035 1175 1472 1247 ἀπαράλλακτον.

431 1277 632 1330 ΑΛΛΟ.
671 1275 734 1327 El.
756 1273 996 1326 ἐλάττων
1021 1271 1137 1323 ἐστὶ
1169 1268 1262 1322 τοῦ
1291 1266 1501 1337 Πατρδς
1533 1267 1561 1318 6
1593 1265 1737 1328 Υἱὸς,
1767 1263 1853 1317 διὰ
1877 1279 1935 1316 τε

359 1367 518 1420 τοῦτο
549 1366 644 1434 οὐχ
691 1361 1010 1433 ὁμοούσιοςο
1061 1359 1246 1430 ἕτερος
1289 1357 1398 1429 ἄρα
1437 1357 1554 1410 ἐστὶ
1594 1354 1736 1408 κατὰ
1777 1353 1936 1422 φύσιν

363 1459 456 1512 καὶ
494 1456 774 1527 ἀλλότριος
807 1449 1086 1514 παντελῶς
1105 1467 1116 1479 ·
1143 1448 1337 1502 οὐκοῦν
1369 1449 1466 1518 οὐχ
1495 1447 1642 1510 Υἱὸς,
1672 1445 1786 1500 ἀλλ’
1813 1445 1935 1498 οὐδὲ

360 1545 496 1607 ὅλως
535 1545 686 1606 Θεός.
743 1542 866 1604 Πῶς
903 1539 1012 1610 γὰρ
1053 1538 1118 1593 ἀν
1168 1539 1262 1591 καὶ
1294 1538 1511 1591 καλοῖτο
1549 1538 1675 1600 Υἱὸς
1717 1538 1745 1588 6
1773 1536 1847 1606 μὴ
1873 1536 1936 1588 ἐκ

363 1635 605 1706 Πατρὸς,
639 1632 674 1700 ἢ
706 1631 822 1693 πῶς
857 1629 934 1682 ἐτι
964 1629 1127 1692 Θεὸς,
1157 1628 1186 1680 6
1223 1626 1298 1698 μὴ
1324 1628 1388 1680 ἐκ
1411 1625 1546 1678 Θεοῦ
1569 1623 1709 1679 κατά
1737 1623 1894 1692 φύσιν
1919 1640 1932 1686 ;

366 1728 430 1778 Τί
459 1740 622 1794 φασιν
647 1721 882 1775 ἐνταῦθα
913 1720 962 1772 οί
989 1719 1116 1782 τοὺς
1150 1718 1224 1788 μὴ
1251 1716 1350 1787 τὴν
1382 1717 1460 1779 εἰς
1488 1714 1580 1769 τὸν
1603 1716 1729 1768 Υίὸν
1761 1731 1935 1784 παρα-

2040 537 2158 592 est?
2189 537 2304 590 Non
2336 537 2483 590 enim
2513 544 2598 590 est
2629 533 2867 604 perfecte
2908 535 2961 588 in
2997 535 3156 590 nobis
3196 536 3331 600 vita,
3353 539 3607 606 quamvis

2041 627 2094 680 in
2128 625 2381 680 interiori
2407 624 2630 679 homine
2673 623 2930 679 Christus
2979 623 3209 686 habitet,
3245 626 3339 680 sed
3367 624 3605 694 quadam

2038 731 2104 772 ex
2129 725 2287 786 parte
2317 716 2521 770 mortui
2562 725 2693 769 sunt
2739 715 3050 778 credentes,
3081 715 3350 785 siquidem
3385 732 3494 771 non
3523 726 3608 774 est

2041 806 2150 859 vita
2177 803 2434 875 perfecte,
2461 819 2584 858 cum
2615 803 2798 860 minus
2826 803 3023 858 habeat
3045 803 3237 859 Filius.
3255 803 3392 859 Cum
3421 813 3602 860 autem

2039 894 2438 951 absurditatem
2497 894 2646 950 illam
2701 895 2756 949 in
2807 895 2896 950 his
2946 895 3264 966 longissime
3317 883 3637 968 proﬂigarei

2036 995 2314 1057 oporteat,
2347 986 2649 1058 perfectum
2680 1002 2807 1043 esse
2843 988 3082 1044 dicimus
3110 986 3311 1043 Filium
3362 988 3604 1059 perfecto

2035 1077 2187 1134 Patri
2251 1079 2554 1148 aequalem,
2614 1090 2838 1149 propter
2899 1078 3197 1150 perfectam
3261 1078 3603 1135 identitatem

2038 1169 2380 1224 substantiae.

2107 1258 2334 1314 ALIUD.
2366 1259 2421 1312 Si
2458 1259 2637 1314 minor
2663 1268 2750 1315 est
2789 1258 2950 1314 Patre
2988 1257 3184 1325 Filius,
3221 1273 3283 1313 ac
3319 1265 3604 1329 propterea

2038 1366 2146 1405 non
2189 1350 2700 1414 consubstantialis,
2739 1351 2882 1405 alius
2927 1353 3116 1420 utique
3157 1351 3462 1405 secundum
3513 1365 3604 1404 na-

2037 1448 2242 1505 turam,
2275 1454 2338 1493 ac
2371 1441 2530 1509 plane
2559 1441 2796 1494 alienus.
2830 1439 3000 1510 Igitur
3034 1455 3143 1494 non
3166 1438 3361 1503 Filius,
3387 1440 3482 1495 sed
3511 1455 3604 1495 ne-

2036 1545 2143 1600 que
2174 1545 2405 1601 prorsus
2448 1530 2614 1589 Deus.
2647 1531 2933 1598 Quomodo
2959 1531 3105 1586 enim
3152 1539 3380 1586 vocetur
3408 1530 3604 1596 Filius,

2035 1622 2130 1694 qui
2164 1637 2276 1678 non
2311 1632 2487 1678 estex
2531 1621 2714 1687 Patre,
2753 1629 2849 1676 aut
2879 1621 3156 1692 quomodo
3185 1622 3406 1678 tandem
3438 1622 3602 1685 Deus,

2035 1715 2130 1785 qui
2161 1729 2271 1769 non
2302 1724 2388 1771 est
2419 1730 2485 1770 ex
2529 1713 2641 1769 Deo
2688 1713 2990 1769 secundum
3023 1715 3314 1768 naturam?
3339 1713 3481 1780 Quid
3515 1713 3604 1770 hic

367 1815 694 1885 δεξαμένους
747 1813 950 1876 πίστιν,
994 1809 1359 1872 ἀπεκτονότας
1393 1809 1449 1862 δὲ
1494 1807 1694 1878 μᾶλλον
1725 1806 1930 1867 τοῦτον,

2034 1805 2230 1862 dicunt
2272 1807 2366 1877 qui
2415 1815 2671 1861 asserunt
2715 1805 2769 1860 in
2804 1803 3021 1860 Patrem
3069 1806 3294 1861 credere
3337 1822 3449 1862 non
3507 1821 3603 1862 eos

371 1905 448 1966 εἰς
466 1903 556 1956 τὸν
576 1901 791 1971 Πατᾶρα
809 1897 1343 1968 ntmedatv_ioxupt§6
1350 1913 1497 1967 μενοι
1515 1914 1529 1962 ;
1555 1895 1770 1966 Ἐπειδὴ
1780 1895 1834 1947 δέ
1853 1897 1935 1957 είς

376 1993 498 2047 Υίόν
519 1993 714 2062 ἐστινὴ
736 1990 1030 2055 πίστις,ἕτι
1053 1990 1192 2042 κατά
1220 1990 1280 2041 τὸ
1306 1989 1450 2052 εἰκὸς
1474 1987 1822 2058 πλανώμεθα,
1844 1987 1935 2039 τὸν

366 2083 618 2155 ἀληθινὸν
638 2083 735 2136 οὐκ
761 2081 1135 2149 ἐπεγνωκότες
1152 2079 1302 2134 Θεόν.
1344 2079 1500 2132 Ἀλλά
1528 2079 1686 2132 τοῦτο
1713 2079 1931 2132 ἄτοπον.

366 2174 722 2236 Πιστεύοντες
746 2173 790 2226 δ’
822 2173 900 2234 είς
927 2171 1075 2232 Υίὸν,
1105 2170 1198 2223 καὶ
1218 2171 1297 2232 είς
1329 2170 1418 2223 τὸν
1440 2170 1658 2240 Πατέρα
1689 2169 1935 2224 πιστεύο-

365 2283 484 2336 μεν,
519 2264 610 2318 καὶ
638 2264 719 2326 είς
744 2261 804 2314 τὸ
838 2261 992 2328 ἆγιον
1019 2259 1244 2328 Πνεῦμα
1281 2258 1500 2330 δηλαδή.
1549 2260 1662 2312 Οὐκ
1684 2259 1790 2330 ἀρα
1820 2260 1936 2313 ἐστὶ

359 2355 452 2406 τοῦ
485 2351 618 2406 Θεοῦ
640 2352 733 2406 καὶ
760 2350 994 2420 Πατρὸς,
1022 2350 1099 2413 ὡς
1131 2350 1388 2409 ἐλάττων,
1423 2348 1700 2419 ἀλλότριος
1727 2348 1757 2400 6
1783 2349 1932 2412 Υἱὸς,

361 2443 474 2496 ἀλλ’
499 2443 556 2494 ἓν
584 2442 660 2505 ὡς
691 2441 827 2512 πρὸς
855 2440 1038 2504 αὑτὸν,
1093 2440 1182 2494 διά
1207 2441 1266 2492 τὸ
1295 2440 1352 2506 ἐξ
1377 2439 1541 2492 αὐτοῦ
1576 2441 1718 2492 κατά
1751 2439 1932 2508 φύσιν,

361 2531 473 2594 ἴσος
499 2547 556 2582 τε
590 2531 678 2584 διὰ
705 2531 862 2583 τοῦτο
896 2530 995 2582 καὶ
1021 2528 1244 2591 τέλειος.

430 2719 628 2796 ᾹᾼΛΟ.
664 2726 724 2778 El
761 2726 858 2795 μὲν
888 2725 1012 2788 Υίός
1044 2724 1158 2776 ἐστι
1189 2724 1330 2778 κατά
1360 2723 1615 2796 ἀλήθειαν
1651 2727 1680 2777 6
1710 2726 1774 2777 ἐκ
1799 2723 1932 2777 Θεοῦ

361 2817 569 2888 Πατρὸς
611 2815 934 2886 ἀναλάμψας
959 2815 1092 2878 Θεὸς
1130 2814 1335 2882 Λόγος,
1386 2814 1597 2885 ἀνάγκη
1644 2816 1799 2868 πᾶσα
1842 2815 1934 2866 καὶ

361 2909 457 2978 οὐχ
493 2908 716 2970 ἑκόντας
759 2911 885 2970 τοὺς
914 2906 982 2960 δι’
1015 2905 1263 2968 ἐναντίας
1293 2905 1571 2974 ὁμολογεῖν
1621 2907 1685 2958 ἐκ
1715 2903 1814 2975 τῆς
1841 2905 1931 2957 οὐ-

363 2999 480 3061 σίας
529 2997 686 3050 αὺτὸν
723 2997 991 3067 ὑπάρχειν
1014 2997 1114 3065 τῆς
1157 2995 1250 3048 τοῦ
1281 2995 1510 3064 Πατρός.
1559 2994 1728 3048 Τοῦτο
1756 2995 1864 3067 γάρ
1895 2998 1928 3066 ἡ

372 3087 514 3140 κατὰ
544 3085 801 3157 ἀλήθειαν
854 3085 1036 3155 υίότης
1069 3085 1340 3156 σημαίνει.
1373 3079 1505 3138 Εἶτα
1559 3085 1676 3148 πῶς
1700 3087 1728 3138 6
1753 3085 1930 3138 τοιοῦ-
1957 3120 2001 3181 c

361 3195 450 3240 τος
484 3177 720 3230 ἐλάττων
757 3177 871 3228 ἐστὶ
900 3175 991 3229 τοῦ
1028 3176 1236 3244 Πατρὸς
1268 3176 1394 3238 Υἱὸς
1418 3215 1433 3240 ,
1480 3176 1636 3244 εἴπερ
1665 3176 1811 3228 ἐστὶν
1837 3177 1929 3228 οὐ·

364 3269 482 3332 σίας
514 3267 742 3338 καρπὸς,
779 3267 1070 3336 οὐδαμόθεν
1103 3267 1164 3318 τὸ
1223 3267 1442 3322 ἔλαττον
1479 3265 1564 3334 ἐφ’
1588 3268 1753 3336 ἑαυτῇ
1783 3267 1930 3336 δεχο-

366 3363 562 3431 μένης;
615 3361 796 3414 Πάντα
841 3361 947 3430 γάρ
989 3359 1205 3424 τελείως
1249 3361 1308 3412 ἐν
1352 3359 1430 3430 τῷ
1463 3359 1598 3429 Θεῷ.
1643 3360 1706 3412 Ei
1744 3359 1801 3412 δὲ
1833 3361 1930 3413 οὐκ

361 3453 505 3506 ἔστιν
543 3454 606 3505 ἐκ
648 3453 744 3524 τῆς
774 3454 955 3517 οὐσίας
997 3452 1088 3506 τοῦ
1113 3452 1325 3522 Πατρὸς
1371 3451 1488 3504 οὐδὲ
1523 3451 1648 3512 Υἱὸς
1681 3451 1806 3520 ἄρα’
1848 3451 1930 3503 νό-

357 3543 448 3605 θος
477 3542 533 3594 δὲ
563 3541 750 3613 ὥσπερ
780 3560 859 3606 τις
890 3544 982 3596 καὶ
1015 3543 1379 3612 ψευδώνυμος.
1445 3541 1581 3593 Ἀλλ’
1607 3541 1726 3594 οὐδέ
1769 3541 1929 3605 αὐτὸς

353 3636 383 3689 6
410 3635 614 3705 Πατὴρ,
644 3632 832 3705 Πατὴρ
866 3635 932 3689 ἂν
959 3635 1172 3688 καλοῖτο
1203 3634 1426 3698 δικαίως
1454 3651 1532 3697 τε,
1563 3635 1657 3686 καὶ
1687 3632 1926 3703 ἀληθῶς.

353 3729 482 3782 Υἱοῦ
515 3728 622 3798 γὰρ
649 3729 747 3781 οὐκ
779 3729 930 3790 ὄντος
963 3727 1056 3780 τοῦ
1091 3728 1230 3780 κατά
1266 3727 1449 3794 φύσιν,
1484 3726 1548 3778 δι’
1576 3727 1634 3778 ὃν
1662 3727 1776 3778 ἐστι
1816 3726 1927 3776 Πα-

341 3819 472 3886 τὴρ,
497 3817 612 3880 πῶς
627 3817 690 3871 ἂν
714 3819 880 3869 νοοῖτο
901 3817 1118 3887 Πατήρς
1147 3815 1304 3868 ’Λλλά
1325 3816 1479 3868 τοῦτο
1506 3815 1724 3868 ἄτοπον.
1772 3815 1926 3867 Ἐστι

343 3907 403 3960 δὲ
433 3907 615 3978 Πατὴρ
642 3908 892 3977 ἀληθινὸς
935 3910 964 3959 6
991 3907 1122 3968 Θεός
1150 3923 1164 3935 ·
1225 3906 1381 3958 τοῦτο
1431 3905 1538 3974 γὰρ
1567 3905 1630 3976 δὴ
1669 3905 1762 3958 καὶ
1805 3904 1923 3957 ὅλαι

2037 1896 2131 1966 qui
2189 1896 2346 1950 [idem
2406 1904 2769 1966 susceperunt
2813 1895 2866 1948 in
2918 1894 3139 1960 Filium,
3169 1893 3263 1950 sed
3315 1895 3409 1965 qui
3457 1895 3603 1950 hunc

2036 1989 2222 2056 potius
2261 1986 2690 2041 interfecerunt?
2730 1986 2868 2040 Cum
2916 1994 3096 2040 autem
3147 1987 3280 2040 fides
3323 1987 3394 2041 sit
3426 1987 3478 2040 in
3512 1985 3602 2039 Fi-

2036 2079 2193 2142 lium,
2227 2077 2429 2143 adhuc,
2459 2088 2518 2132 ut
2545 2077 2810 2133 credibile
2834 2085 2938 2142 est,
2967 2091 3240 2146 erramus,
3271 2093 3458 2134 verum
3493 2091 3602 2132 non

2035 2179 2397 2242 agnoscentes
2445 2169 2634 2226 Deum.
2677 2170 2747 2223 At
2776 2169 2881 2225 hoc
2923 2168 3242 2224 absurdum.
3303 2168 3602 2225 Credentes

2035 2270 2216 2318 autem
2249 2263 2302 2316 in
2347 2261 2569 2328 Filium,
2611 2264 2664 2316 in
2715 2260 2930 2316 Patrem
2980 2277 3199 2332 quoque
3236 2261 3514 2319 credimus
3550 2272 3605 2317 et

2036 2356 2090 2410 in
2142 2357 2407 2426 Spiritum
2464 2364 2717 2411 sanctum
2772 2356 3060 2410 nimirum.
3139 2355 3252 2410 Non
3301 2364 3386 2412 est
3435 2356 3604 2427 igitur

2033 2449 2189 2518 quasi
2224 2447 2333 2503 Deo
2358 2462 2420 2502 ac
2451 2447 2610 2503 Patre
2641 2450 2820 2502 minor
2847 2449 3062 2503 alienus
3093 2447 3287 2514 Filius,
3313 2448 3408 2504 sed
3433 2463 3602 2503 unum

2035 2540 2164 2609 quid
2195 2556 2318 2594 cum
2354 2541 2490 2609 ipso,
2525 2551 2812 2610 pregnterea
2845 2539 2994 2610 quod
3040 2555 3105 2595 ex
3136 2541 3254 2610 ipso
3280 2551 3367 2594 est
3407 2554 3594 2594 secun-

2035 2631 2163 2682 dum
2202 2637 2473 2694 naturam,
2503 2640 2557 2683 et
2591 2631 2713 2685 ideo
2747 2631 2977 2700 arqualis
3013 2645 3076 2684 ac
3102 2630 3398 2700 perfectus.

2105 2718 2334 2774 ALIUD.
2367 2720 2421 2772 Si
2454 2718 2627 2775 Filius
2681 2736 2802 2776 vere
2836 2728 2922 2775 est
2967 2721 3014 2776 is
3059 2721 3256 2790 qui-ex
3293 2719 3400 2775 Deo
3442 2718 3604 2772 Patre

2032 2807 2238 2864 effulsit
2285 2808 2429 2867 Deus
2472 2809 2730 2873 Verbum,
2767 2824 2996 2866 necesse
3034 2811 3258 2864 omnino
3294 2817 3375 2864 est
3408 2808 3602 2864 adver-

2033 2901 2212 2956 sarios
2262 2900 2348 2955 vel
2395 2900 2648 2956 nolentes
2701 2900 2982 2965 confiteri,
3029 2897 3140 2970 24
3180 2915 3246 2954 ex
3295 2897 3601 2953 substantia

2033 2991 2213 3046 Patris
2268 2993 2447 3061 ipsum
2509 2991 2825 3046 exsistere:
2875 2992 2977 3045 hoc
3027 2991 3174 3045 enim
3232 3003 3359 3044 vera
3413 2989 3601 3042 liliatio

2033 3080 2327 3154 significat.
2361 3084 2429 3135 At
2459 3080 2738 3152 quomodo
2768 3081 2817 3135 is
2851 3081 3027 3135 minor
3065 3086 3151 3136 est
3193 3079 3356 3134 Patre
3404 3078 3597 3134 Filius.

2033 3170 2303 3240 siquidem
2354 3171 2429 3224 sit
2477 3170 2797 3226 substantia
2841 3169 3078 3238 fructus,
3121 3185 3242 3241 qua:
3284 3170 3596 3226 nullatenus

2033 3259 2178 3314 inse
2221 3259 2402 3314 minus
2441 3261 2711 3330 suscipit?
2735 3259 2949 3315 Cuncta
2997 3261 3142 3314 enim
3192 3259 3430 3329 perfecte
3473 3271 3600 3315 sunt

2033 3350 2086 3402 in
2125 3349 2252 3404 Deo.
2285 3349 2442 3414 Quod
2484 3351 2529 3404 si
2560 3365 2669 3402 non
2709 3358 2888 3404 estex
2921 3349 3236 3404 substantia
3273 3349 3474 3416 Patris,
3507 3365 3603 3404 ne-

2029 3454 2137 3508 que
2188 3437 2362 3495 Filius
2407 3448 2494 3494 est
2538 3439 2725 3509 igitur,
2763 3440 2858 3496 sed
2904 3441 3130 3510 spurius
3166 3441 3336 3496 veluti
3380 3440 3600 3510 quidam

2029 3550 2094 3588 ac
2125 3533 2247 3588 falsi
2277 3534 2537 3590 nominis.
2568 3534 2676 3591 Sed
2709 3551 2886 3607 neque
2917 3535 3080 3592 Pater
3111 3537 3230 3608 ipse
3251 3537 3416 3594 Pater
3444 3539 3598 3609 juste

2027 3639 2091 3678 ac
2115 3640 2243 3679 vere
2273 3635 2498 3681 vocetur
2533 3643 2546 3680 :
2580 3627 2628 3682 si
2656 3627 2802 3682 enim
2831 3626 3004 3683 Filius
3033 3643 3143 3684 non
3177 3637 3261 3685 est
3291 3629 3596 3685 secundum

2027 3723 2284 3769 naturam
2316 3725 2544 3786 propter
2586 3732 2750 3787 quem
2789 3719 2860 3774 sit
2891 3717 3087 3784 Pater,
3120 3720 3395 3790 quomodo
3435 3721 3600 3776 Pater

2027 3807 2404 3877 intelligatur?
2440 3806 2549 3863 Sed
2577 3809 2682 3864 hoc
2723 3809 3045 3866 absurdum.
3097 3810 3188 3867 Est
3222 3822 3404 3868 autem
3436 3811 3600 3867 Pater

2028 3913 2187 3952 verus
2241 3897 2382 3954 Deus
2428 3900 2555 3970 (hoc
2601 3902 2749 3957 enim
2800 3903 3004 3973 ubique
3056 3902 3356 3974 Scriptura:
3399 3905 3597 3962 divina:

264 4054 271 4061 ,
345 3997 544 4069 βοῶσιν
567 3999 623 4052 αἱ
645 3999 790 4052 θεῖαι
819 3998 1032 4067 Γραφαί
1052 4014 1065 4028 ·
1093 3997 1219 4060 Υἱὸς
1239 3997 1346 4068 ἄρα
1375 3996 1590 4059 πάντως
1611 3998 1639 4048 ὁ
1671 3995 1730 4060 ἐξ
1757 3993 1922 4048 αὐτοῦ

2030 3991 2360 4060 clamitant),
2391 3991 2560 4048 Filius
2600 4009 2730 4064 ergo
2763 3997 3029 4064 estplane
3063 3997 3155 4066 qui
3189 4013 3253 4051 ex
3285 3998 3406 4068 ipso
3439 4008 3596 4053 natu-

344 4087 612 4156 φυσικῶς.
657 4090 718 4141 Εί
751 4089 806 4142 δὲ
840 4087 1028 4152 τοῦτο,
1071 4086 1171 4140 οὐκ
1197 4087 1433 4140 ἐλάττων
1459 4099 1473 4114 ⁶
1505 4085 1790 4155 όμοούσιος
1817 4086 1924 4154 γὰρ

2030 4083 2233 4137 raliter.
2266 4083 2423 4148 Quod
2470 4085 2516 4138 si
2551 4083 2746 4149 Filius,
2785 4101 2895 4140 non
2940 4101 3071 4156 ergo
3114 4089 3310 4142 minor.
3343 4088 3596 4145 Consub-

339 4178 421 4240 ὡς
455 4177 601 4238 Υἱός.
2023 4174 2304 4228 stantialis
2341 4175 2484 4228 enim
2528 4185 2613 4229 est
2651 4185 2843 4245 utpote
2881 4175 3078 4231 Filius.

425 4269 634 4321 AAAO.
695 4268 769 4320 T6
809 4271 908 4339 τῆς
936 4270 1167 4340 πατριᾶς
1213 4269 1329 4338 ἦτοι
1370 4267 1707 4338 πατρότητος
1751 4266 1921 4336 ὄνομα

2091 4261 2323 4317 ALIUD.
2359 4261 2714 4317 Paternitatis
2759 4278 2960 4318 nomen
2997 4279 3108 4318 non
3154 4265 3316 4320 habet
3351 4265 3492 4322 Deus
3527 4283 3591 4324 ex

337 4361 447 4415 οὐκ
483 4358 546 4423 ἐξ
575 4359 732 4429 ἡμῶν
756 4359 867 4430 ἔχει
889 4360 1020 4423 Θεὸς
1041 4400 1054 4423 ,
1102 4359 1216 4414 ἀλλ’
1246 4361 1406 4429 ἡμεῖς
1440 4359 1640 4431 μᾶλλον
1669 4358 1727 4424 ἐξ
1757 4359 1918 4411 αὑτοῦ

2030 4355 2204 4416 nobis,
2241 4354 2333 4410 sed
2372 4368 2474 4408 nos
2511 4354 2692 4424 potius
2735 4355 2804 4408 ab
2840 4355 2959 4424 ipso
2997 4355 3278 4426 accepisse
3316 4357 3586 4412 videmur.

338 4447 607 4508 λαϐόντες
638 4445 909 4516 ὁρώμεθα.
948 4449 1143 4511 Πιστὸς
1171 4449 1226 4501 δὲ
1257 4449 1285 4500 6
1318 4447 1475 4516 λόγος
1505 4446 1720 4500 Παύλου
1753 4445 1920 4516 βοῶν-

2030 4447 2230 4502 Fidelis
2276 4449 2479 4517 quippe
2529 4453 2613 4501 est
2660 4461 2844 4502 sermo
2896 4445 3049 4502 Pauli
3089 4448 3378 4506 clamantis
3415 4467 3428 4505 :
3465 4468 3484 4502 ι
3518 4449 3591 4504 Ex

333 4558 432 4604 τος
474 4537 607 4591 ὡδί·
643 4555 661 4588 ι
704 4537 791 4603 Ἐξ
827 4532 888 4590 οῦ
937 4541 1084 4590 πᾶσα
1138 4541 1339 4609 πατριά
1383 4541 1438 4592 ἐν
1473 4557 1530 4591 τε
1566 4538 1778 4609 οὐρανῷ
1826 4540 1921 4592 καὶ

2030 4555 2136 4611 quo
2166 4539 2348 4595 omnis
2388 4539 2691 4609 paternitas
2723 4539 2776 4592 in
2803 4538 2960 4594 caelis
2989 4548 3041 4594 et
3071 4539 3123 4594 in
3157 4549 3301 4595 terra
3339 4540 3594 4596 nomina-

332 4636 430 4687 ἐπὶ
467 4632 574 4701 γῆς
620 4630 965 4700 ὀνομάζεται.
1001 4646 1019 4679 ι
1082 4629 1296 4700 Ἐπειδὴ
1339 4631 1394 4683 δὲ
1427 4629 1562 4693 Θεὸς
1599 4629 1659 4682 τὸ
1703 4630 1918 4684 πάντων

2030 4639 2113 4684 tur
2145 4630 2215 4684 ⁸³.
2245 4647 2264 4680 ι
2302 4629 2440 4684 Cum
2499 4638 2678 4682 autem
2721 4628 2861 4684 Deus
2897 4629 2967 4685 sit
3023 4645 3111 4685 res
3150 4631 3394 4686 omnium
3450 4634 3592 4687 anti-

328 4725 456 4778 ἐστὶ
486 4721 864 4793 πρεσϐύτατον
886 4761 901 4784 ,
948 4721 1092 4775 κατά
1139 4722 1370 4792 μίμησιν
1401 4719 1642 4792 δηλονότι
1683 4719 1918 4790 πατέρες

2030 4721 2318 4791 quissima,
2354 4719 2663 4775 imitatione
2721 4721 2961 4790 quadam
2992 4731 3046 4777 et
3089 4725 3449 4781 similitudine
3491 4741 3592 4782 nos

330 4815 524 4883 ἡμεῖς,
543 4812 592 4863 οἱ
627 4809 761 4880 πρὸς
788 4809 850 4863 τὸ
877 4809 1086 4863 ἐκείνου
1137 4811 1322 4881 σχῆμα
1351 4809 1438 4862 διὰ
1465 4809 1559 4862 τοῦ
1589 4809 1918 4878 πεποιῆσθαι

329 4905 457 4958 κατ’
489 4900 698 4966 εἰκόνα,
726 4900 1071 4972 κεκλημένοι.
1101 4896 1236 4956 Εἶτα
1267 4901 1406 4966 πῶς,
1435 4901 1554 4954 είπέ
1584 4917 1695 4970 μοι,
1732 4899 1918 4953 λοιπὸν

325 4998 376 5050 οί
412 4993 546 5048 καθ’
588 4992 845 5063 ὁμοίωσιν
873 4993 1157 5061 γεγονότες
1185 4993 1361 5062 αὐτῷ,
1394 4993 1532 5047 κατά
1561 4993 1722 5062 φύσιν
1746 4992 1914 5063 ἐσμὲν

325 5086 442 5139 τῶν
467 5083 686 5137 οἰκείων
723 5084 926 5136 τέκνων
956 5084 1188 5155 πατέρες
1211 5124 1225 5146 ,
1277 5086 1324 5137 εί
1358 5084 1431 5154 μὴ
1469 5085 1724 5154 πρόσεστι
1757 5083 1912 5137 τοῦτο

323 5182 391 5249 τῇ
433 5173 734 5247 ἀρχετύπῳ
785 5175 982 5238 εικόνι,
1037 5176 1173 5246 πρὸς
1215 5177 1280 5246 ἣν
1313 5177 1406 5230 καὶ
1457 5174 1908 5247 μεμορφώμεθας

326 5267 458 5332 Πῶς
507 5265 556 5319 δ’
597 5263 664 5317 ἂν
707 5264 840 5326 ὅλως
881 5266 940 5319 τὸ
981 5267 1078 5336 τῆς
1119 5273 1354 5339 πατριᾶς
1401 5272 1520 5339 ἤτοι
1581 5268 1916 5338 πατρότητος

322 5361 502 5430 ὄνομα
557 5356 654 5408 καὶ
682 5357 763 5418 εἰς
807 5357 930 5418 τοὺς
963 5357 1151 5421 ἄλλους
1191 5361 1414 5429 ἐκϐῆναι
1448 5359 1597 5432 παρά
1638 5359 1773 5411 Θεοῦ
1801 5359 1916 5426 δοίη

322 5466 408 5512 τις
440 5450 540 5508 ἂν,
594 5445 648 5497 εἴ
677 5462 738 5513 γε
763 5445 931 5508 ὅντως
959 5448 1056 5500 οὐκ
1084 5449 1197 5502 ἐστι
1234 5453 1421 5521 Πατήρ
1446 5469 1459 5514 ;
1507 5451 1759 5503 Φαίνεται
1787 5452 1913 5521 γὰρ,

325 5538 391 5590 ἂν
436 5537 619 5597 οὕτως
667 5535 801 5605 ἔχῃ,
845 5535 1122 5600 παντελῶς
1161 5538 1580 5610 ἀνεστραμμένη
1629 5539 1728 5592 τοῦ
1777 5540 1917 5610 πράο

325 5645 536 5698 ’(ματος
565 5629 601 5697 ἡ
632 5627 796 5695 φύσις
817 5665 832 5690 ,
872 5627 1030 5697 ἡμεῖς
1055 5627 1109 5681 δὲ
1142 5629 1341 5699 μᾶλλον
1375 5630 1522 5699 αὐτῷ
1562 5629 1686 5683 καθ’
1717 5630 1916 5697 ὁμοίω-

431 5740 478 5773 "
511 5738 820 5807 Ει)1ιρε.ιιι,
864 5737 950 5792 I5.

2029 4821 2212 4883 patres
2247 4813 2609 4882 appellamur,
2649 4813 2794 4882 quod
2848 4813 2916 4867 ad
2963 4812 3084 4883 ejus
3126 4815 3419 4886 imaginem
3463 4817 3590 4872 facti

2018 4918 2229 4958 sumus.
2255 4906 2323 4955 At
2358 4903 2654 4972 quomodo,
2685 4920 2893 4973 quaeso,
2914 4904 2980 4958 ad
3013 4905 3133 4974 ejus
3169 4906 3300 4961 facti
3328 4909 3587 4963 similitu-

2016 4991 2195 5046 dinem
2227 4999 2548 5046 nostrorum
2584 4992 2821 5046 filiorum
2850 5001 3034 5062 patres
3068 5010 3261 5051 sumus
3288 4998 3586 5052 secundum

2014 5093 2292 5146 naturam,
2324 5082 2368 5138 si
2416 5085 2739 5153 exemplari,
2775 5085 2933 5155 cujus
2975 5086 3278 5144 imitatione
3323 5089 3376 5145 id
3417 5091 3585 5145 habe—

2014 5187 2159 5237 mus,
2180 5173 2282 5228 hoc
2319 5189 2427 5228 non
2462 5173 2640 5228 inest?
2670 5174 2960 5240 Quomodo
2985 5177 3219 5248 denique
3240 5181 3584 5248 paternitatis

2019 5279 2217 5318 nomen
2243 5264 2408 5317 etiam
2441 5263 2506 5316 ad
2537 5264 2674 5318 alios
2692 5282 2718 5316 υ
2748 5264 2856 5319 Deo
2881 5281 3210 5336 permanare
3234 5269 3582 5326 concedetur,

2019 5358 2064 5410 si
2101 5356 2260 5409 Pater
2291 5371 2418 5410 vere
2443 5371 2550 5409 non
2587 5357 2710 5409 est?
2735 5356 2868 5410 Nam
2905 5358 2952 5414 si
2981 5358 3056 5411 ita
3088 5375 3146 5414 se
3184 5359 3368 5422 habet,
3395 5373 3584 5412 eversa

2021 5463 2250 5516 prorsus
2284 5448 2501 5501 videtur
2540 5448 2614 5501 rei
2659 5457 2880 5513 natura,
2910 5457 2964 5503 et
2989 5464 3088 5502 nos
3115 5451 3163 5502 ei
3189 5448 3367 5502 Patris
3402 5447 3586 5516 appel-

2018 5542 2278 5594 lationem
2319 5540 2386 5594 ad
2426 5540 2844 5594 similitudinem
2880 5548 3122 5594 nostram
3162 5539 3344 5605 potius
3384 5530 3591 5593 tribue?

2023 5647 2166 5694 mus,
2203 5645 2368 5699 quam
2399 5631 2515 5701 ipse
2541 5631 2721 5684 nobis.
2752 5631 2864 5684 lloc
2896 5629 3042 5682 enim
3072 5629 3211 5682 ratio
3241 5627 3403 5686 fateri
3431 5639 3590 5698 coget
