4092 6274
453 375 520 430 47
1465 364 1520 421 S.
1540 364 1824 421 ‘CYRILIJ
1860 365 2044 420 ALEX

2148 364 2331 421 DRINI
2373 367 2698 426 ARClllEP.
3646 373 3714 431 ις

457 486 779 543 haereticqu
822 482 908 538 vel
945 480 1209 537 invitum.
1244 478 1434 550 ltaque
1463 481 1732 535 mentitur
1763 480 1921 536 testis
1947 481 2037 536 ille

2148 497 2227 535 σιν
2278 480 2378 552 τὴν
2420 482 2555 551 πρὸς
2602 483 2751 554 ἡμᾶς
2783 482 2845 537 τὸ
2895 483 3086 557 Πατὴρ
3128 485 3408 540 καλεῖσθαι
3449 487 3718 560 δώσομεν,

452 578 726 641 veritatis,
771 576 866 646 qui
918 591 986 631 ex
1035 577 1158 644 ipso
1203 573 1592 644 paternitatem
1645 587 1867 627 omnem
1910 587 2033 629 esse

451 673 611 740 dicit,
648 671 703 725 in
748 669 892 725 cmlo
925 677 980 723 et
1015 679 1181 723 terra.
1220 667 1288 720 At
1331 667 1436 721 hoc
1481 665 1666 720 dicere
1715 674 1800 719 est
1840 665 2034 720 absur-

454 766 772 822 dissimum.
807 763 986 817 Verax
1021 761 1168 816 enim
1217 769 1304 815 est
1347 759 1440 829 qui
1479 772 1675 828 magna
1718 756 1914 812 ﬁducia
1945 757 2034 810 di-

455 859 533 913 cit
562 877 575 912 :
611 875 630 908 ι
648 857 730 910 An
756 854 1192 925 experimentum
1213 850 1460 922 qumritis
1482 849 1608 918 ejus
1633 848 1725 919 qui
1759 849 1811 902 in
1846 863 1932 902 me
1957 847 2034 903 Io—

455 951 643 1021 quitur
675 948 936 1004 Christus
962 946 1085 999 "1H
1117 943 1184 997 Et
1217 959 1282 998 ex
1311 941 1423 996 Deo
1453 941 1802 1012 paternitatis
1833 955 2030 1015 nomen

453 1043 619 1097 etiam
653 1040 707 1095 in
737 1054 838 1095 nos
873 1037 1083 1093 deﬂuit.
1119 1035 1292 1107 igitur
1327 1033 1630 1088 secundum
1662 1040 1920 1088 naturam
1948 1039 2031 1087 est

457 1136 615 1190 Pater
633 1133 796 1190 Verbi
819 1151 834 1198 ;
860 1132 954 1188 sed
981 1131 1170 1203 genuit
1205 1123 1316 1184 non
1339 1127 1664 1184 dissimilem
1705 1126 1832 1187 sibi,
1864 1126 1939 1178 ita
1971 1131 2030 1178 ut

457 1227 666 1298 aliquid
705 1226 760 1280 in
800 1226 904 1280 hoc
937 1223 1124 1278 minus
1153 1220 1225 1277 sit
1261 1233 1429 1291 quam
1474 1217 1531 1272 in
1560 1216 1704 1286 ipso.
1737 1213 1850 1272 Nos
1882 1214 2028 1269 enim

456 1321 524 1375 ad
555 1319 920 1374 imitationem
949 1316 1071 1384 ejus
1103 1312 1254 1378 facti,
1284 1313 1529 1367 minores
1563 1311 1660 1365 illo
1692 1323 1906 1372 sumus,
1931 1307 2028 1362 sed

456 1413 550 1483 qui
582 1427 611 1466 a
639 1410 804 1466 nobis
831 1410 1072 1464 eduntur
1101 1406 1340 1478 aequales
1364 1403 1532 1459 nobis
1559 1410 1689 1458 sunt
1725 1399 2028 1457 secundum

459 1514 665 1559 uatum
703 1503 994 1558 rationem.

2138 575 2280 646 ἥπερ
2311 572 2475 636 αὐτὸς
2519 577 2672 644 ἡμῖν.
2722 573 2894 628 Τοῦτο
2924 575 3033 647 γὰρ
3069 579 3098 630 6
3139 577 3298 644 λόγος
3339 579 3721 648 συνομολογεῖν

2138 663 2437 732 ἀναγκάσει
2475 665 2570 717 καὶ
2603 665 2804 719 ἄκοντα
2839 667 2931 719 τὸν
2961 669 3257 737 αἱρετικόν.
3291 668 3504 722 Οὐκοῦν
3528 669 3720 740 ψεύδε-

2138 771 2228 808 ται
2268 756 2368 825 τῆς
2403 756 2662 828 ἀληθείας
2697 758 2725 810 6
2756 758 2986 828 μάρτυς,
3027 758 3086 823 ἐξ
3134 759 3300 813 αὐτοῦ
3337 759 3512 828 λέγων
3541 763 3720 815 πᾶσαν

2141 841 2280 899 εἶναι
2307 847 2568 918 πατριὰν,
2606 847 2663 902 έν
2690 866 2749 901 τε
2778 849 2991 922 οὐρανῷ
3022 851 3116 904 καὶ
3141 851 3233 903 ἐπὶ
3265 852 3389 921 γῆς.
3435 852 3574 905 Ἀλλ’
3605 853 3719 907 ἔστι

2135 936 2295 999 τοῦτο
2327 938 2490 1006 φάναι
2514 939 2624 992 τῶν
2657 940 3048 996 ἀτοπωτάτων.
3096 943 3372 1014 ’Λληθεύει
3399 946 3507 1013 γὰρ
3533 948 3562 998 ό
3589 947 3722 1016 θαρ-

2137 1029 2311 1101 σήσας
2343 1033 2518 1086 εἰπεῖν
2546 1048 2560 1063 ⁸
2605 1052 2623 1084 ι
2665 1031 2728 1086 Εἰ
2765 1033 2992 1105 δοκιμὴν
3022 1035 3234 1106 ζητεῖτε
3260 1037 3354 1090 τοῦ
3399 1040 3456 1091 έν
3478 1038 3600 1107 ἐμοὶ
3627 1038 3721 1092 λα-

2135 1122 2356 1188 λοῦντος
2407 1125 2681 1197 Χριστοῦ;
2718 1145 2735 1177 ›
2789 1127 2899 1180 Καὶ
2944 1129 3009 1182 ὲκ
3051 1127 3188 1181 Θεοῦ
3240 1129 3302 1183 τὸ
3339 1130 3719 1201 τῆς,πατριᾶς

2136 1217 2306 1289 ὸνομα
2356 1220 2449 1272 καὶ
2476 1220 2554 1283 είς
2578 1221 2726 1291 ἡμᾶς
2754 1220 3039 1291 καταρρεῖ.
3070 1219 3280 1275 Οὐκοῦν
3306 1223 3422 1274 ἐστι
3453 1221 3592 1274 κατὰ
3621 1220 3723 1289 φύ-

2139 1327 2225 1365 σιν
2266 1310 2361 1364 τοῦ
2411 1313 2586 1381 Λόγου
2634 1313 2860 1385 Πατήρ·
2899 1312 3088 1367 τέτοκε
3132 1313 3189 1366 δὲ
3227 1315 3448 1378 πάντως
3492 1314 3591 1367 οὐκ
3627 1314 3722 1367 ἀν-

2135 1401 2320 1474 όμοιον
2344 1403 2522 1474 ἑαυτῷ
2539 1445 2554 1471 ,
2579 1403 2665 1458 διὰ
2690 1405 2784 1457 τοῦ
2813 1404 2874 1457 τὸ
2900 1403 3117 1458 ἔλαττον
3146 1405 3288 1476 ἔχειν
3308 1445 3324 1468 ,
3351 1405 3385 1476 ἢ
3426 1407 3484 1458 έν
3519 1401 3718 1474 οἷςπέρ

2135 1493 2285 1545 ἐστὶν
2326 1493 2490 1557 αὐτός
2515 1510 2528 1524 ·
2578 1495 2626 1546 οἱ
2666 1495 2776 1565 γὰρ
2808 1493 2944 1562 πρὸς
2978 1493 3208 1565 μίμησιν
3227 1495 3526 1563 ,γεγονότες
3559 1495 3718 1564 ἡμεῖς

454 1597 556 1668 τὴν
607 1597 817 1649 ἐκείνου
842 1635 858 1664 ,
895 1593 1092 1665 ἔχομεν
1139 1592 1240 1663 οὐχ
1265 1591 1408 1644 οὓτω
1432 1589 1500 1643 τὰ
1568 1587 1630 1653 ἐξ
1695 1583 1904 1639 ἑαυτῶν
1968 1579 2309 1655 γεννώμενα,
2368 1585 2460 1640 ἴσα
2498 1587 2553 1640 δὲ
2606 1588 2886 1651 παντελῶς
2930 1589 3072 1642 κατά
3115 1606 3179 1658 γε
3220 1589 3313 1644 τὸν
3356 1589 3459 1660 τῆς
3505 1588 3718 1658 φύσεως

454 1692 631 1761 λόγον.

525 1780 752 1836 ALIUD.
775 1779 857 1834 Nc
883 1778 1166 1834 veritatem
1188 1776 1341 1832 val'er
1367 1774 1664 1829 lnercticus
1691 1773 2027 1837 ludilicetur,

2210 1767 2419 1821 AAAO.
2451 1766 2544 1840 Μὴ
2587 1767 2892 1838 σοφιζέσθω
2911 1767 3012 1839 τὴν
3039 1768 3295 1840 ἀλήθειαν
3324 1770 3351 1823 ὁ
3379 1769 3619 1835 ποικίλος
3639 1772 3718 1834 είς

459 1890 638 1944 neque
659 1873 858 1927 Filium
882 1870 976 1926 Dei
1002 1869 1108 1939 25
1134 1867 1374 1923 Verbum
1407 1866 1628 1946 fatendo
1666 1865 1870 1920 nudum
1900 1864 1950 1919 ei
1981 1871 2035 1919 et

460 1965 648 2020 verbis
690 1973 850 2019 tenus
879 1963 1145 2016 honorem
1175 1961 1403 2024 tribuat,
1431 1975 1540 2014 non
1588 1974 1713 2014 esse
1755 1958 1934 2029 ipsum
1966 1970 2035 2010 ex

460 2056 770 2111 substantia
815 2054 995 2109 Patris
1043 2067 1325 2107 asserens.
1361 2050 1650 2117 Quomodo
1680 2051 1827 2104 enim
1873 2049 2036 2119 plane

461 2147 636 2204 Filius
687 2157 793 2212 est,
828 2146 874 2202 si
925 2153 1124 2200 natura
1172 2143 1252 2197 ita
1293 2158 1402 2196 non
1447 2141 1569 2198 est?
1611 2141 1720 2194 Aut
1763 2152 1896 2208 ergo
1944 2138 2039 2194 de-

461 2249 635 2294 tracta
673 2237 984 2311 hypocrisis
1016 2251 1256 2307 persona
1292 2235 1472 2305 palam
1498 2231 1906 2303 blasphement,
1937 2245 2039 2284 nec

464 2330 631 2383 Deum
665 2341 768 2383 nec
799 2325 998 2380 Filium
1034 2340 1160 2379 esse
1190 2322 1429 2376 fatentes
1455 2338 1470 2374 :
1494 2326 1591 2372 aut
1625 2319 1671 2372 si
1712 2318 2038 2372 auctoritate

465 2425 875 2495 Scripturarum
945 2419 1221 2479 convicti,
1286 2425 1341 2471 et
1404 2424 1720 2469 sanctorum
1789 2411 2036 2468 doctrina

463 2517 616 2579 tacti.
666 2514 948 2570 veritatem
1001 2516 1342 2570 reverentur,
1387 2513 1440 2560 et
1480 2505 1678 2558 Filium
1735 2502 1926 2556 dicunt
1976 2513 2039 2554 ac

464 2610 654 2671 Deum,
687 2622 754 2660 ne
784 2603 947 2658 Patre
987 2601 1254 2654 minorem
1298 2611 1420 2652 esse
1466 2595 1725 2665 cogitent.
1757 2589 2040 2658 Quomodo

462 2699 612 2756 enim
663 2696 848 2751 minus
903 2691 1136 2763 accipiet
1164 2693 1412 2757 respectu
1448 2685 1625 2740 Patris
1662 2681 1929 2748 Dei,'cum
1969 2681 2040 2736 sit

466 2792 609 2847 Deus
638 2785 912 2845 Verbum?
942 2783 1076 2838 Nam
1129 2790 1183 2835 et
1231 2781 1392 2834 homo
1441 2775 1682 2831 hominis
1732 2772 1955 2837 dicitur,
1989 2781 2042 2827 et

464 2890 571 2946 est,
601 2880 764 2945 ﬁlius,
799 2875 892 2933 sed
931 2891 1038 2930 non
1069 2873 1173 2929 erit
1217 2871 1426 2925 idcirco
1472 2875 1625 2938 patre
1669 2866 1868 2930 minor,
1902 2880 2039 2935 qua-

459 2985 628 3030 tenus
678 2979 764 3026 εει
805 2969 990 3022 homo.
1017 2962 1191 3018 Homo
1220 2961 1365 3016 enim
1416 2958 1658 3022 homine,
1688 2958 1744 3010 in
1778 2965 2042 3026 quantum

468 3066 631 3117 homo
681 3067 788 3122 est,
816 3072 928 3110 non
974 3063 1059 3109 est
1108 3051 1286 3122 major
1337 3057 1430 3104 aut
1483 3049 1684 3114 minor,
1717 3046 1812 3102 sed
1867 3060 2044 3116 neque

2133 1858 2325 1927 λόγους
2368 1860 2660 1932 αἱρετικὸς,
2695 1861 2830 1932 μηδὲ
2878 1861 3008 1914 Υίὸν
3039 1859 3316 1930 ὁμολογῶν
3343 1861 3434 1914 τὸν
3462 1861 3555 1915 τοῦ
3581 1860 3716 1915 Θεοῦ

2135 1952 2308 2020 Λόγον
2331 1993 2346 2016 ,
2375 1952 2538 2024 ψιλὴν
2570 1953 2718 2023 αὐτῷ
2759 1953 2853 2006 καὶ
2891 1954 2991 2024 τὴν
3017 1954 3072 2006 ὲν
3118 1953 3325 2024 ῥήμασι
3359 1953 3539 2023 μόνοις
3565 1972 3719 2024 χαρι-

2135 2043 2311 2107 ζέσθω
2345 2044 2512 2113 τιμὴν
2534 2083 2549 2107 ,
2593 2044 2694 2096 οὐκ
2727 2038 2864 2096 εἶναι
2893 2044 3068 2110 λέγων
3097 2043 3258 2096 αὐτὸν
3296 2044 3361 2095 ἐκ
3397 2045 3497 2112 τῆς
3525 2045 3716 2107 οὐσίας

2135 2134 2233 2205 τῆς
2283 2132 2377 2184 τοῦ
2409 2133 2641 2202 Πατρός.
2708 2132 2832 2196 Πῶς
2883 2132 2993 2202 γὰρ
3034 2131 3171 2192 ὅλως
3217 2131 3382 2196 Υἱὸς,
3435 2132 3484 2182 εί
3517 2130 3593 2201 μὴ
3626 2131 3719 2184 οὗ-

2136 2241 2244 2288 τως
2294 2223 2407 2294 ἔχοι
2435 2223 2578 2276 κατὰ
2605 2222 2766 2292 φύσιν
2792 2239 2807 2288 ;
2859 2224 2929 2275 Ἦ
2959 2222 3140 2274 τοίνυν
3165 2222 3225 2274 τὸ
3251 2221 3352 2291 τῆς
3381 2220 3716 2292 ὑποκρίσεως

2139 2313 2481 2386 περιελόντες
2557 2315 2899 2384 προσωπεῖον
2951 2312 3403 2382 δυσφημείτωσαν
3479 2310 3718 2378 ἀναφαν-

2137 2401 2262 2466 δὸν,
2317 2403 2453 2473 μήτε
2505 2401 2636 2455 Θεὸν
2682 2401 2820 2472 μήτε
2864 2401 2992 2454 Υἱὸν
3025 2400 3448 2477 ὁμολογοῦντες·
3495 2398 3718 2471 ἢεῖπερ

2139 2498 2202 2550 ὲκ
2235 2497 2412 2566 πάσης
2458 2482 2801 2567 ἐλεγχόμενοι
2840 2497 2939 2566 τῆς
2973 2495 3123 2559 θείας
3157 2495 3408 2566 Γραφῆς,
3462 2493 3558 2548 καὶ
3604 2495 3718 2556 τοῖς

2139 2583 2246 2636 τῶν
2310 2583 2481 2651 ἁγίων
2527 2583 2706 2652 λόγοις
2774 2583 3360 2654 κατασφενδονούμενοι
3412 2581 3721 2637 δυσωποῦν-

2138 2691 2228 2727 ται
2258 2672 2354 2744 τὴν
2387 2672 2663 2744 ἀλήθειαν,
2694 2674 2789 2726 καὶ
2833 2673 2960 2727 Υἱὸν
2997 2669 3139 2726 εἶναι
3177 2673 3395 2742 λέγουσι
3436 2673 3531 2727 καὶ
3565 2673 3719 2740 Θεὸν,

2145 2762 2219 2832 μὴ
2245 2762 2613 2832 φρονείτωσαν
2645 2763 2721 2826 ὡς
2750 2762 2896 2817 ἔστιν
2928 2762 3165 2817 ἐλάττων
3192 2763 3285 2817 τοῦ
3307 2762 3716 2833 γεγεννηκότος.

2141 2853 2264 2917 Πῶς
2299 2854 2407 2925 γάρ
2433 2854 2571 2918 ὅλως
2612 2854 2912 2919 ὲπιδέξεται
2953 2855 3015 2907 τὸ
3060 2855 3280 2909 ἔλαττον
3332 2855 3408 2919 ὡς
3453 2856 3588 2926 πρὸς
3631 2853 3722 2908 τὸν

2144 2946 2360 3018 Πατέρα
2391 2947 2544 3011 Θεὸν,
2575 2946 2707 3011 Θεὸς
2735 2946 2812 3001 ῶν
2844 2949 2871 3001 6
2898 2947 3107 3016 Λόγος;
3143 2947 3338 3001 Καίτοι
3386 2948 3479 3000 καὶ
3509 2946 3720 3018 ἄνθρω-

2145 3054 2246 3101 πος
2275 3037 2561 3108 ἀνθρώπου
2610 3039 2941 3111 χρηματίζει
2981 3057 3041 3092 τε
3094 3041 3190 3092 καὶ
3241 3037 3388 3092 ἐστιν
3425 3038 3576 3102 Υἱὸς,
3607 3037 3722 3090 ἀλλ’

469 3157 654 3210 forsan
703 3149 929 3220 angelus
978 3137 1194 3216 angelo,
1243 3151 1517 3213 quatenus
1571 3140 1819 3210 angelus,
1866 3153 2044 3208 neque

2148 3132 2246 3183 οὐκ
2275 3131 2514 3185 ἐλάττων
2557 3131 2710 3186 ἔσται
2742 3131 2835 3184 τοῦ
2864 3131 3080 3204 Πατρὸς
3111 3133 3252 3186 κατά
3283 3148 3345 3200 γε
3376 3131 3437 3183 τὸ
3467 3126 3603 3183 εἶναι
3630 3130 3723 3184 ἄν-

468 3262 558 3302 rcs
581 3244 690 3300 ulla
723 3247 972 3311 respectu
1013 3236 1237 3291 alterius
1266 3249 1388 3304 qum
1418 3235 1490 3287 sit
1526 3230 1770 3301 ejusdem
1812 3236 2039 3292 naturae,

467 3347 520 3394 et
575 3334 822 3407 ejusdem
872 3330 1126 3388 essentia:
1177 3327 1443 3381 rationem
1505 3323 1714 3378 sortita.
1755 3319 1942 3390 Itaque
1996 3317 2040 3374 si

469 3445 658 3485 revera
686 3433 770 3482 est
793 3423 988 3490 Filius,
1014 3435 1240 3476 necesse
1273 3426 1357 3474 est
1395 3417 1580 3471 dicere
1613 3415 1792 3485 ipsum
1823 3427 1946 3468 esse
1976 3426 2043 3466 ex

471 3515 650 3569 Patris
715 3510 1047 3575 substantia,
1113 3523 1305 3562 omnes
1373 3505 1494 3575 ejus
1552 3504 1915 3573 proprietates
1989 3499 2044 3552 in

475 3609 653 3676 seipse
683 3604 949 3657 ferentem
988 3599 1356 3653 naturaliter:
1394 3597 1523 3650 etsi
1559 3603 1753 3647 natura
1792 3594 1932 3646 Deus
1963 3598 2048 3645 est

475 3699 656 3761 Pater,
688 3696 832 3751 Deus
883 3693 1073 3761 utique
1116 3689 1419 3745 secundum
1472 3695 1726 3739 naturam
1771 3683 1933 3737 etiam
1966 3687 2049 3736 est

479 3789 713 3846 Verbum
760 3802 829 3840 ex
886 3783 1008 3854 ipso
1055 3779 1318 3854 genitum.
1357 3774 1642 3842 Quomodo
1693 3787 1821 3843 ergo
1872 3773 2051 3826 minor

471 3881 580 3936 erit
633 3878 778 3933 Deus
837 3874 972 3943 Deo,
1011 3888 1076 3928 ea
1145 3885 1339 3942 nempe
1403 3869 1614 3923 ratione
1661 3880 1767 3937 qua
1824 3872 2051 3930 uterque

479 3976 619 4032 Deus
648 3972 764 4028 est?

544 4275 772 4334 ALIUD.
823 4273 979 4329 Unde
1027 4269 1203 4334 vobis,
1223 4281 1439 4340 quaeso,
1490 4273 1640 4321 tanta
1696 4265 1946 4333 audacia,
1995 4271 2055 4320 ut

479 4369 674 4424 dicatis
729 4362 1010 4420 inferioris
1061 4358 1396 4416 conditionis
1446 4371 1570 4413 esse
1625 4353 1828 4410 Filium
1887 4369 2052 4425 quam

2147 3222 2362 3296 θρωπος
2385 3241 2398 3254 ·
2431 3223 2718 3295 ἄνθρωπος
2744 3223 2850 3295 γὰρ
2877 3222 3165 3295 ἀνθρώπου
3187 3263 3201 3288 ,
3253 3222 3390 3276 καθὸ
3417 3222 3725 3292 ἄνθρωπος,

2147 3315 2248 3367 οὐκ
2278 3314 2345 3368 ἂν
2384 3315 2469 3384 εἴη
2521 3314 2726 3386 μείζων
2779 3315 2813 3386 ἢ
2859 3315 3097 3369 ἐλάττων
3120 3355 3136 3381 ,
3197 3314 3312 3367 ἀλλ’
3342 3313 3464 3366 οὐδὲ
3498 3313 3724 3382 ἄγγελος

2147 3405 2380 3474 ἀγγέλου
2410 3407 2572 3475 τυχὸν
2621 3405 2755 3459 καθὸ
2798 3406 3048 3476 ἅγγελος,
3079 3406 3110 3476 ἢ
3136 3405 3320 3476 ἕτερόν
3344 3422 3398 3458 τι
3427 3405 3534 3458 τῶν
3558 3405 3726 3459 ὄντων

2149 3497 2287 3567 πρὸς
2311 3499 2418 3550 πᾶν
2453 3497 2630 3551 ὁτιοῦν
2663 3499 2924 3568 ὁμοφυὲς,
2990 3498 3082 3552 καὶ
3111 3499 3202 3552 τὸν
3227 3498 3325 3569 τῆς
3347 3497 3517 3567 αὐτῆς
3541 3497 3727 3559 οὐσίας

2153 3587 2310 3655 λόγον
2355 3588 2904 3661 ἀποκεκληρωμένον.
2960 3589 3166 3643 Οὐκοῦν
3201 3590 3249 3642 εί
3289 3589 3430 3643 κατὰ
3469 3587 3727 3658 ἀλήθειάν

2151 3679 2300 3731 ἐστιν
2331 3677 2461 3742 Υἱὸς
2481 3719 2496 3743 ,
2542 3679 2754 3751 ἀνάγκη
2790 3679 3002 3748 λέγειν,
3038 3679 3112 3743 ὡς
3146 3677 3291 3733 ἔστιν
3323 3679 3386 3731 ὲκ
3415 3679 3514 3749 τῆς
3539 3677 3726 3740 οὐσίας

2151 3765 2244 3821 τοῦ
2275 3768 2517 3840 Πατρὸς,
2552 3769 2730 3824 πάντα
2759 3769 2828 3823 τά
2862 3770 3078 3840 ἐκείνης
3109 3771 3214 3824 ἴδια
3243 3771 3422 3840 φέρων
3469 3771 3525 3822 ἐν
3553 3767 3730 3838 ἑαυτῷ

2153 3861 2396 3931 φυσικῶς
2422 3879 2435 3893 ·
2471 3861 2568 3914 καὶ
2596 3865 2644 3914 εί
2673 3862 2833 3931 φύσει
2865 3861 2997 3925 Θεὸς
3025 3865 3052 3914 ό
3079 3863 3292 3934 Πατὴρ,
3321 3861 3452 3924 Θεὸς
3489 3859 3731 3930 δηλονότι

2153 3953 2297 4007 κατὰ
2322 3952 2484 4023 φύσιν
2511 3955 2607 4007 καὶ
2635 3955 2664 4006 6
2691 3955 2861 4022 Λόγος
2893 3957 2922 4016 6
2965 3953 3024 4018 ἐξ
3064 3955 3230 4026 αὐτῆς
3259 3953 3558 4024 γεννηθείς.
3606 3954 3730 4017 Πῶς

2153 4039 2247 4100 οῦν
2276 4046 2513 4101 ἐλάττων
2539 4046 2690 4101 ἔσται
2721 4047 2851 4111 Θεὸς
2877 4045 3011 4101 Θεοῦ
3031 4085 3047 4111 ,
3099 4047 3192 4101 καὶ
3213 4047 3376 4100 ταύτὸ
3401 4046 3466 4118 δὴ
3489 4046 3646 4100 τοῦτο
3672 4046 3735 4101 τὸ

2154 4133 2294 4194 εῖναι
2325 4139 2455 4204 Θεός
2482 4157 2497 4207 ;

2225 4252 2437 4308 ΑΛΛΟ.
2477 4251 2648 4304 Πόθεν
2676 4251 2805 4322 ὑμῖν
2825 4291 2840 4316 ,
2887 4245 2931 4305 ὦ
2959 4243 3136 4314 οὗτοι,
3178 4249 3413 4320 πάρεστι
3448 4248 3653 4320 τολμᾷν
3676 4247 3737 4300 τὸ

2158 4344 2216 4396 ἐν
2245 4342 2494 4398 ἐλάττοσι
2523 4342 2736 4395 κεῖσθαι
2772 4342 2952 4408 λέγειν
2993 4341 3083 4394 τὸν
3116 4341 3276 4406 Υίὸν,
3327 4341 3359 4410 ἢ
3391 4341 3448 4394 ὲν
3476 4334 3556 4403 οἷς
3588 4342 3738 4392 ἐστιν

483 4455 734 4514 Patrem?
765 4450 1042 4524 quomodo
1075 4462 1206 4503 vero
1231 4446 1416 4502 minus
1445 4442 1707 4513 accipiet?
1739 4439 2044 4497 Exsistendi

2157 4435 2471 4504 ὁγεννήσας
2499 4433 2700 4497 αὐτόν;
2751 4433 2892 4486 κατὰ
2921 4433 3041 4486 τίνα
3077 4433 3135 4485 δὲ
3183 4433 3380 4503 τρόπον
3408 4432 3469 4484 τὸ
3517 4432 3738 4484 ἔλαττον

477 4557 625 4607 certe
654 4556 922 4616 tempore,
941 4555 1108 4598 nemo
1139 4539 1224 4595 vel
1250 4537 1491 4593 maxime
1519 4535 1728 4591 delirus
1757 4532 2053 4604 putaverit.

479 4642 575 4697 Est
607 4640 756 4697 enim
792 4646 920 4692 ante
970 4632 1174 4691 saecula
1220 4630 1416 4694 Filius,
1457 4638 1512 4683 et
1557 4627 1674 4696 ipse
1727 4625 2055 4684 saeculorum

478 4742 563 4790 est
604 4731 859 4787 conditor
909 4747 923 4783 :
977 4739 1157 4795 neque
1201 4717 1588 4777 circumscribi
1642 4726 1886 4787 tempore
1933 4715 2059 4786 jure

481 4825 800 4880 censebitur
832 4820 926 4890 qui
972 4826 1216 4888 tempore
1244 4814 1440 4885 quovis
1479 4811 1883 4884 generationem
1918 4808 2060 4862 anti-

481 4918 732 4988 qu'iorcm
759 4914 944 4968 habet.
973 4910 1080 4966 Sed
1117 4925 1296 4979 neque
1326 4904 1722 4977 magnitudinis
1753 4901 2060 4974 quantitate

485 5011 606 5077 ipso
655 5006 760 5062 erit
799 5002 1029 5058 inferior
1069 5018 1082 5056 :
1115 4998 1510 5071 magnitudinis
1543 4997 1710 5062 enim,
1744 5003 1799 5051 et
1833 4992 2057 5064 quanti-

485 5099 637 5163 tatis,
670 5104 724 5151 et
761 5094 1011 5164 corporis
1046 5106 1246 5162 expers
1269 5098 1466 5145 natura
1500 5088 1684 5142 divina
1709 5085 2057 5154 intelligitur,

482 5201 537 5246 et
584 5197 691 5247 est.
743 5186 1031 5254 Quomodo
1079 5197 1209 5254 ergo
1271 5179 1569 5235 minoratio
1615 5175 1949 5232 ostendetur
2005 5175 2060 5228 in

485 5281 659 5337 Filio?
695 5278 755 5334 ln
791 5278 966 5350 gloria
1007 5275 1170 5337 forte,
1206 5274 1351 5328 dicet
1380 5270 1604 5340 aliquis,
1645 5268 1701 5322 in
1740 5267 1965 5331 virtute,
2007 5266 2062 5319 in

487 5372 791 5444 sapientia;
827 5369 1014 5424 dicant
1049 5380 1203 5436 ergo,
1229 5370 1468 5434 quantus
1500 5362 1573 5417 sit
1615 5360 1670 5414 in
1702 5358 1788 5413 his
1819 5363 1873 5412 et
1901 5371 2062 5426 quam

491 5465 713 5536 grandis
754 5463 938 5524 Pater,
991 5465 1049 5513 ut
1105 5459 1181 5511 ita
1239 5455 1444 5521 dicam,
1500 5464 1555 5508 ut
1611 5452 1793 5506 minor
1843 5448 2064 5504 demum

494 5553 663 5608 Filius
683 5553 1029 5621 intelligatur
1058 5548 1124 5602 ad
1151 5547 1297 5602 illius
1329 5558 1642 5600 mensuram
1666 5548 2020 5610 comparatus
2047 5557 2060 5593 :

493 5648 586 5695 aut
623 5641 669 5696 si
700 5637 1351 5708 incomprehensibilibus
1383 5643 1436 5688 et
1470 5633 1756 5690 immensis
1792 5633 1949 5688 bonis
1980 5638 2064 5688 est

597 5813 710 5871 "ll
741 5814 862 5872 Cor.
901 5831 1014 5882 xm,
1052 5817 1103 5870 3.

2161 4524 2506 4589 ὲπιδέξεταις
2573 4523 2732 4577 Κατὰ
2773 4524 2886 4593 μὲν,
2913 4519 3006 4577 οὖν
3052 4524 3143 4578 τὸν
3171 4525 3228 4576 ὲν
3253 4522 3331 4593 τῷ
3364 4518 3504 4576 εἶναι
3527 4521 3737 4593 χρόνον,

2161 4618 2262 4670 οὐκ
2286 4618 2352 4673 άν
2379 4635 2484 4682 τις,
2521 4611 2695 4686 οἶμαι,
2725 4616 2819 4671 καὶ
2843 4617 3047 4688 σφόδρα
3079 4616 3260 4687 ληρῶν
3291 4614 3570 4669 ὐπολάὸοι.
3597 4615 3742 4684 Προ-

2165 4709 2382 4773 αιώνιος
2425 4710 2533 4780 γάρ
2559 4712 2587 4764 ὁ
2626 4710 2782 4775 Υἱὸς,
2828 4711 2923 4765 καὶ
2969 4710 3130 4773 αὐτός
3169 4711 3286 4762 ἐστι
3333 4707 3443 4760 τῶν
3470 4707 3681 4760 αἰώνων
3709 4705 3740 4756 ό

2167 4800 2418 4870 ποιητὴς,
2447 4800 2542 4853 καὶ
2560 4800 2642 4853 ὅτι
2673 4801 2774 4853 οὐκ
2802 4799 2871 4853 ἂν
2898 4797 3035 4862 ὅλως
3065 4796 3426 4870 περιορίζοιτο
3474 4795 3648 4866 χρόνῳ
3681 4795 3743 4847 τὸ

2165 4893 2357 4964 χρόνου
2387 4892 2586 4956 παντὸς
2617 4892 2997 4964 πρεσϐυτέραν
3024 4891 3146 4963 ἕχον
3192 4891 3291 4960 τὴν
3315 4890 3588 4958 γέννησιν,
3618 4903 3742 4956 νοη-

2167 4984 2286 5056 θείη
2315 4983 2562 5048 είκότως.
2627 4984 2767 5038 Ἀλλ’
2807 4984 2929 5038 οὐδὲ
2955 4986 3012 5037 ὲν
3044 4983 3194 5053 ποσῷ
3225 4982 3304 5052 τῷ
3338 4981 3478 5034 κατὰ
3517 4978 3744 5050 μέγεθος

2171 5073 2408 5128 ἐλάττων
2451 5074 2616 5127 αὐτοῦ
2640 5088 2653 5102 °
2677 5073 2954 5145 ἀμεγέθης
2989 5073 3125 5143 γὰρ,
3149 5072 3350 5135 ἄποσός
3375 5089 3432 5124 τε
3471 5070 3566 5124 καὶ
3597 5069 3743 5122 ἀσώ-

2175 5182 2341 5236 ματος
2373 5165 2407 5236 ἠ
2443 5163 2561 5220 θεία
2591 5167 2789 5219 νοεῖται
2837 5166 2932 5218 καὶ
2970 5162 3086 5216 ἔστι
3136 5161 3315 5232 φύσις.
3367 5161 3491 5225 Πῶς
3517 5157 3610 5215 οὖν
3639 5162 3746 5231 ἄρα

2167 5258 2230 5311 τὸ
2276 5257 2497 5312 ἔλαττον
2546 5258 2641 5310 ἐπὶ
2680 5256 2776 5310 τοῦ
2825 5255 3177 5327 γεννηθέντος
3222 5255 3604 5325 δειχθήσεται;
3657 5251 3746 5304 Ἐν

2166 5351 2294 5423 δόξῃ
2323 5351 2507 5407 λοιπὸν
2531 5393 2548 5418 ,
2576 5351 2694 5420 ἐρεῖ
2722 5367 2804 5414 τις
2831 5349 2991 5420 τυχὸν
3010 5389 3025 5414 ,
3079 5349 3137 5402 ἐν
3173 5347 3400 5417 δυνάμει
3420 5383 3435 5410 ,
3476 5346 3532 5398 ἐν
3563 5344 3743 5414 σοφίᾳ.

2169 5444 2496 5513 Λεγέτωσαν
2531 5443 2711 5496 τοίνυν
2732 5486 2746 5508 ,
2776 5443 2940 5506 πόσος
2965 5443 3111 5495 ἐστὶν
3135 5441 3194 5494 ἐν
3227 5439 3435 5502 τούτοις
3468 5437 3560 5490 καὶ
3587 5435 3748 5502 πηλί-
3833 5432 3836 5436 ’

2169 5555 2266 5601 κος
2285 5539 2314 5589 6
2339 5537 2550 5608 Πατὴρ,
2589 5537 2720 5605 εἴγε
2748 5536 2854 5608 χρὴ
2882 5535 2978 5588 καὶ
3003 5533 3167 5588 τοῦτο
3199 5533 3372 5585 εἰπεῖν
3400 5568 3415 5594 ,
3449 5531 3535 5583 ἵνα
3563 5528 3751 5597 νοῆται

2170 5631 2355 5687 λοιπὸν
2376 5607 2614 5686 ἐλάττων
2645 5631 2674 5684 ό
2708 5629 2866 5697 Υἱὸς,
2897 5629 2974 5692 ὡς
2999 5627 3134 5700 πρὸς
3168 5626 3344 5678 ἐκεῖνο
3373 5607 3752 5692 ἐκμετρούμε-
