4092 6274
417 349 486 403 49
1489 339 1553 396 ΙΝ
1591 340 1873 401 JOANNIS
1903 340 1984 398 EV

2088 342 2350 401 GELIUM
2395 342 2525 398 LIB.
2566 344 2605 398 I.
3591 351 3661 407 50

414 471 506 520 νος
529 472 541 484 ·
572 452 608 526 ἢ
640 452 803 526 εἴπερ
836 453 985 509 ἔστὶν
1007 454 1066 508 ἐν
1088 454 1494 527 ἀκαταλήπτοις
1524 459 1617 514 καὶ
1641 460 1984 534 ἀναμετρή-

2087 461 2370 532 praaditus,
2397 470 2453 517 et
2486 470 2688 516 nostra:
2733 459 2933 517 mentis
2960 465 3179 531 captum
3229 461 3460 517 multum
3501 480 3656 521 exce-

412 563 529 611 τοις
567 547 599 600 ό
628 545 819 616 Πατὴρ
859 544 1105 615 ἀγαθοῖς,
1152 547 1246 601 καὶ
1285 547 1420 603 πολὺ
1460 550 1524 603 τὸ
1563 553 1664 623 τῆς
1717 552 1991 622 ἡμετέρας

414 634 655 698 διανοίας
673 632 1029 706 ἀνατρέχουσι
1051 635 1256 708 μέτρον
1272 676 1290 702 ,
1310 637 1477 692 πόθεν
1493 638 1754 695 ἐλάττονα
1774 640 1991 711 λέγουσι

415 724 510 793 τὸν
548 724 677 778 Υιὺν
722 725 771 778 οί
822 726 1003 781 πάντα
1047 727 1358 799 τολμῶντες
1406 731 1641 802 ἑτοίμως
1689 733 1989 804 ’Λρειανοὶ,

419 814 555 885 πρὸς
604 814 916 888 ἀνατροπὴν
963 816 1058 871 τοῦ
1108 820 1402 891 προσόντος
1448 821 1600 894 αὐτῷ
1643 825 1787 879 κατά
1830 824 1992 894 φύσιν

417 905 758 977 ἀξιώματοςς
817 906 1131 980 Ἐλέγχεται
1157 910 1268 981 7&9
1303 912 1731 984 ἀντιπαραθέσει
1754 917 1822 985 τῇ
1852 913 1990 987 πρὸς

417 995 478 1049 τὸ
506 997 692 1068 μεῖζον
738 998 801 1052 τὸ
836 998 1057 1055 ἔλαττον
1078 1043 1093 1055 .
1141 1001 1242 1055 οὐκ
1286 1004 1738 1076 ὲκμετρουμένης
1775 1005 1837 1059 δὲ
1890 1006 1991 1078 τῆς

415 1084 571 1152 ἀξίας
595 1087 690 1142 τοῦ
710 1088 945 1162 Πατρός,
969 1090 1098 1146 ποία
1128 1091 1293 1159 δεῖξις
1322 1093 1383 1149 ιν
1409 1092 1526 1166 Υίῷ
1548 1093 1644 1149 τοῦ
1675 1096 1991 1169 μειονεκτή-

418 1192 624 1247 nam;

485 1310 690 1366 ΑΔΛΟ.
747 1312 872 1368 Ἐπὶ
905 1317 973 1386 τῇ
1015 1313 1264 1390 βδελυρίᾳ
1296 1317 1405 1374 τῶν
1435 1312 1665 1376 ἀνοσίων
1698 1321 1990 1392 αἱρετικῶν

384 1395 389 1407 ⁷
416 1399 624 1467 ἔξεστιν
666 1401 836 1467 ὅντως
876 1406 1050 1461 εἰπεῖν
1086 1406 1451 1479 ἀληθεύοντας
1487 1425 1502 1441 ·
1557 1428 1578 1464 ι
1605 1410 1670 1465 οι
1717 1411 1775 1465 δὲ
1805 1412 1990 1483 ἐχθροὶ

419 1491 575 1561 ἡμῶν
602 1493 840 1563 ἀνόητοι.
871 1515 890 1548 ι
955 1496 1081 1561 Πῶς
1110 1497 1219 1570 7&9
1243 1499 1346 1554 οὐκ
1385 1499 1452 1556 ἂν
1490 1497 1601 1557 εἷεν
1632 1503 1815 1574 πάσης
1844 1504 1990 1574 ἀμα-

425 1581 545 1647 θίας
586 1582 874 1658 ἀνάπλεῳ,
912 1604 931 1638 ι
966 1589 1039 1659 μὴ
1085 1589 1286 1655 ειδότες
1325 1593 1462 1663 μήτε
1494 1592 1532 1647 ἃ.
1557 1592 1813 1662 λέγουσι,
1852 1596 1988 1666 μήτε

420 1674 551 1744 περὶ
574 1674 736 1728 τίνων
754 1675 1217 1745 διαϐεϐαιοῦνται;
1250 1698 1270 1733 ι
1303 1682 1559 1754 καθάπερ
1588 1685 1619 1737 ὁ
1640 1685 1853 1748 Παῦλός
1883 1704 1988 1757 φη-

423 1781 528 1818 σιν.
553 1766 717 1820 Ὅτου
761 1767 819 1821 δὲ
854 1767 920 1840 δὴ
961 1770 1122 1842 χάριν
1145 1773 1506 1845 ἐπισκήπτειν
1546 1776 1729 1840 αὐτοῖς
1770 1778 1992 1849 οἰόμεθα

2092 552 2351 608 dentibus
2380 594 2396 619 ,
2443 551 2719 608 undenam
2761 551 3030 606 minorem
3068 551 3262 606 dicunt
3294 567 3416 607 esse
3464 552 3659 610 Filium

2090 643 2184 712 qui
2232 642 2419 698 omnia
2464 650 2669 697 temere
2709 642 2913 696 audent
2953 640 3165 708 Ariani,
3198 642 3265 698 ad
3306 642 3659 699 evertendam

2091 741 2213 798 qua:
2234 726 2285 781 ci
2320 727 2644 781 naturaliter
2670 726 2816 783 inest
2856 726 3218 799 dignitatem?
3243 727 3662 799 Comparatione

2091 817 2201 889 36
2223 816 2372 872 enim
2416 817 2644 887 majoris
2674 817 2857 875 minus
2893 819 3190 874 innotescit
3216 838 3230 874 ;
3257 816 3436 874 Patris
3477 828 3657 876 autem

2091 908 2412 981 dignitatem
2471 925 2580 964 non
2629 909 2888 982 dimensi,
2920 910 3195 983 quomodo
3240 910 3657 968 diminutionem

2090 999 2395 1059 ostendctis
2416 1000 2472 1058 in
2496 998 2669 1058 Filio?
3104 1002 3111 1005 '

2158 1307 2388 1364 ALIUD.
2433 1307 2509 1365 De
2565 1307 2893 1364 cxscerabin
2946 1313 3225 1377 .mptetate
3276 1308 3658 1363 haereticorum

2090 1407 2240 1454 certe
2268 1407 2403 1454 etex
2437 1399 2517 1455 rei
2543 1399 2774 1456 veritate
2800 1398 2986 1455 dicere
3007 1413 3305 1469 possumus
3336 1416 3351 1454 :
3385 1417 3404 1451 ι
3445 1397 3659 1454 inimici

2091 1486 2267 1542 nostri
2312 1486 2511 1541 insani.
2556 1506 2575 1539 ι
2617 1486 2904 1553 Quomodo
2933 1488 3078 1541 enim
3133 1488 3280 1542 omni
3318 1502 3517 1557 genere
3563 1487 3659 1542 de-

2090 1577 2309 1631 mentiae
2337 1590 2445 1631 non
2474 1576 2618 1646 pleni
2645 1578 2777 1640 sint,
2807 1578 2900 1647 qui
2935 1596 2954 1629 ι
2992 1594 3167 1647 neque
3187 1594 3309 1648 qua:
3334 1579 3655 1649 loquuntur,

2090 1680 2268 1735 neque
2315 1665 2384 1721 de
2428 1666 2628 1736 quibus
2662 1665 2934 1720 aﬂirmant
2962 1667 3311 1737 intelligunt?
3351 1687 3370 1721 ι
3403 1670 3662 1739 quemad-

2091 1756 2310 1810 modum
2340 1755 2546 1812 Paulus
2594 1758 2671 1811 ait
2704 1758 2773 1810 ⁸⁷.
2800 1757 2981 1812 Causa
3013 1767 3195 1814 autem
3242 1770 3465 1829 propter
3493 1776 3656 1830 quam

420 1858 551 1919 δεῖν,
581 1859 756 1912 ἐκεῖνό
795 1861 944 1914 ἐστιν
972 1878 986 1892 ·
1023 1840 1085 1915 Εἰ
1127 1864 1271 1918 κατὰ
1313 1840 1572 1938 ἀλήθειαν
1601 1867 1735 1923 Θεὸν
1759 1870 1825 1923 ὲκ
1852 1840 1984 1925 Θεοῦ

2092 1845 2215 1901 illos
2247 1845 2728 1917 reprehendendos
2770 1855 3053 1918 putamus,
3086 1864 3152 1904 ea
3184 1859 3305 1904 est:
3335 1848 3394 1904 Si
3438 1865 3498 1905 re
3528 1864 3658 1905 vera

420 1949 513 2004 τοῦ
547 1950 759 2023 Πατρὸς
785 1952 1144 2024 γεγεννῆσθαι
1174 1954 1391 2024 λέγουσι
1416 1957 1509 2012 τὸν
1528 1958 1687 2024 Υίὺν,
1723 1961 1817 2014 καὶ
1849 1960 1992 2016 οὕτω

421 2041 764 2107 πιστεύουσι,
821 2041 941 2106 πῶς
965 2044 1205 2099 ἐλάττων
1243 2047 1360 2100 ἐστὶ
1387 2047 1481 2101 τοῦ
1509 2050 1759 2123 Πατρός;
1814 2052 1992 2124 Πολλὴ

416 2130 524 2202 7&9
551 2131 805 2186 ἐντεῦθεν
822 2132 1254 2206 ἀποτεχθήσεται
1278 2136 1557 2209 λογισμῶν
1576 2141 1808 2209 ἀτοπία,
1848 2161 1990 2198 παν-

411 2222 550 2294 ταχῆ
582 2223 643 2277 τὸ
666 2222 945 2297 δύσφημον
984 2226 1185 2297 ἔχουσα
1207 2270 1222 2293 ,
1277 2230 1373 2283 καὶ
1420 2232 1629 2303 ὅσαπερ
1676 2233 1743 2288 ἄν
1782 2252 1866 2300 τις
1897 2238 1992 2292 καὶ

415 2313 576 2383 μόνον
599 2314 827 2370 ἀκοῦσαι
854 2320 1272 2391 παραιτήσεται.
1292 2322 1363 2379 Εί
1390 2323 1498 2395 γάρ
1526 2324 1665 2390 ὅλως
1694 2327 1829 2391 Θεὸς
1849 2329 1991 2383 κατά

410 2403 575 2472 φύσιν
619 2406 877 2479 ὑπάρχων
906 2412 935 2464 ὁ
972 2411 1100 2476 Υἱὸς
1124 2413 1429 2480 ἐπιδείξεται
1472 2418 1613 2472 κατά
1659 2435 1712 2473 τι
1740 2419 1871 2487 γοῦν
1901 2409 1988 2489 ἐφ’

410 2496 590 2568 ἑαυτῷ
610 2497 672 2551 τδ
704 2498 943 2565 ἔλαττον,
989 2501 1200 2574 ἀνάγκη
1228 2504 1416 2559 λοιπὸν
1433 2507 1655 2574 ἐννοεῖν,
1682 2508 1757 2572 ὡς
1792 2509 1909 2563 ἔστι
1933 2528 1988 2564 τι

411 2584 599 2656 μεῖζον
627 2587 782 2642 Θεοῦ.
832 2591 1040 2646 οὐκοῦν
1068 2590 1168 2646 οὐκ
1194 2595 1252 2647 ὲν
1284 2595 1580 2668 τελειότητι
1617 2601 1682 2671 τῇ
1713 2602 1855 2655 κατὰ
1879 2603 1988 2657 πᾶν

406 2676 584 2729 ὁτιοῦν
611 2677 644 2747 ἡ
673 2677 767 2731 τοῦ
797 2679 1011 2750 Πατρδς
1033 2682 1188 2734 οὐσία
1212 2683 1414 2737 νοεῖται
1432 2725 1448 2751 ,
1492 2686 1596 2739 κᾶν
1630 2686 1848 2761 ὑπάρχῃ
1886 2689 1987 2758 φύ-

410 2782 493 2819 σει
527 2767 660 2831 Θεός
684 2784 699 2799 ⁸
733 2771 998 2840 προκόψει
1025 2771 1083 2825 δέ
1120 2788 1212 2826 ποι
1255 2774 1346 2827 καὶ
1380 2775 1543 2839 αὐτὸς
1570 2778 1663 2831 ἐπὶ
1691 2778 1751 2831 τὺ
1778 2779 1981 2849 μεῖζον,

407 2855 782 2929 ἐλεγχόμενος,
814 2859 1002 2932 ὥσπερ
1034 2864 1203 2917 εἰκόνι
1226 2864 1305 2935 τῷ
1335 2865 1470 2935 Υίῷ,
1505 2866 1588 2920 ὅτι
1622 2867 1730 2939 πέρ
1756 2871 1985 2924 ἐστικαὶ

406 2948 568 3012 αὐτὸς
598 2951 697 3020 τῆς
726 2951 788 3004 τὺ
824 2952 1048 3006 ἔλαττον
1074 2955 1465 3029 ἐπιδεχομένης
1494 2958 1704 3023 οὐσίας.
1757 2961 1982 3034 Φορέσει

408 3038 463 3091 δὲ
489 3039 618 3093 αὐτὸ
643 3040 889 3112 δυνάμει,
920 3045 1014 3098 καὶ
1039 3047 1088 3098 εἰ
1121 3047 1194 3117 μή
1226 3063 1314 3100 πω
1344 3049 1651 3121 πεφόρεκεν
1670 3068 1685 3085 ·
1725 3052 1846 3106 ἐπεί
1875 3070 1982 3125 περ

411 3127 480 3179 τὰ
508 3127 727 3183 δεκτικά
748 3149 891 3194 τννος
917 3133 1066 3201 ὄντα,
1082 3135 1287 3200 δέξεται
1308 3137 1527 3203 πάντως
1556 3140 1651 3193 καὶ
1675 3141 1745 3194 τὰ
1761 3136 1835 3197 ὧν
1863 3144 1977 3197 ἐστι

356 3274 357 3281 η
410 3219 652 3285 δεκτικά,
684 3223 776 3275 καὶ
800 3224 990 3295 καιροῦ
1014 3226 1302 3293 καλοῦντος
1334 3232 1414 3293 είς
1442 3230 1503 3284 τὸ
1527 3232 1716 3288 παθεῖν
1747 3236 1809 3288 οὐ
1836 3253 1971 3306 παρ-

408 3311 709 3380 αιτήσεται.
770 3313 929 3368 Ἀλλά
960 3316 1127 3388 πολλή
1173 3336 1259 3382 τις
1297 3320 1355 3373 ὲν
1386 3321 1598 3384 τούτοις
1638 3324 1672 3393 ἠ
1701 3323 1981 3394 δυσφημία

410 3402 678 3468 φαίνεται.
732 3402 869 3458 οὔτε
897 3406 1004 3478 7&9
1043 3409 1375 3479 προσήσεταί
1402 3428 1493 3465 ποι
1522 3413 1662 3484 πρὸς
1703 3413 1766 3468 τὸ
1794 3415 1981 3485 μεῖζον

406 3494 436 3544 6
470 3494 685 3567 Πατὴρ,
737 3496 852 3550 ἀλλ’
895 3499 1014 3553 οὐδὲ
1044 3499 1105 3553 τὸ
1145 3501 1367 3556 ἔλαττον
1409 3504 1736 3570 ἐπιδέξεται,
1783 3505 1873 3560 διὰ
1918 3508 1981 3560 τὸ

406 3581 543 3640 εἶναι
572 3588 710 3643 κατὰ
738 3587 898 3658 φύσιν
923 3590 1076 3653 Θεός.
1096 3592 1305 3648 Οὐκοῦν
1325 3594 1386 3647 τὸ
1411 3593 1630 3650 ἔλαττον
1655 3596 1774 3650 οὐδὲ
1803 3599 1833 3651 ό
1852 3597 1979 3661 Υἱὸς

404 3677 490 3744 ἐφ’
522 3678 698 3750 ἑαυτῷ
734 3681 1091 3749 καταδέξεται
1115 3723 1132 3748 ,
1180 3684 1313 3748 Θεὸς
1364 3685 1460 3739 καὶ
1505 3688 1668 3753 αὐτὸς
1719 3689 1979 3761 ὑπάρχων

404 3769 544 3825 κατά
574 3771 756 3840 φύσιν,
784 3772 872 3826 ἵνα
898 3772 973 3844 μὴ
1000 3777 1099 3843 τῆς
1123 3775 1386 3830 ἀνωτάτω
1415 3778 1606 3832 πασῶν
1632 3780 1824 3845 οὐσίας
1843 3798 1978 3835 κατ-

399 3861 656 3933 ηγόρημα
680 3864 870 3935 νοῆται
913 3864 976 3917 τὸ
1001 3862 1062 3931 ἐξ
1096 3865 1337 3937 ἀμαθίας
1375 3867 1487 3924 τῶν
1533 3871 1824 3943 αἱρετικῶν
1856 3873 1979 3927 ἑπι-

411 3952 602 4022 νοηθὲν
635 3954 925 4025 ῥημάτιον.
1672 3976 1693 3989 ‘

470 4103 674 4158 AAAO.
703 4105 768 4157 El
794 4103 923 4169 Υἱὸς
949 4105 1087 4160 κατὰ
1115 4103 1275 4176 φύσιν
1302 4108 1563 4181 ὑπάρχων
1592 4111 1689 4166 τοῦ
1716 4113 1854 4169 Θεοῦ
1884 4115 1981 4170 καὶ

407 4193 619 4264 ηατρδς
642 4196 675 4248 ὁ
720 4196 781 4262 ἐξ
827 4196 992 4251 αὐτοῦ
1022 4198 1196 4267 Λόγος
1227 4200 1466 4256 ἐλάττων
1506 4203 1654 4258 ἐστὶν
1682 4205 1847 4260 αὐτοῦ
1869 4246 1884 4272 ,
1943 4208 1976 4279 ἢ

408 4283 551 4335 κατά
591 4282 683 4336 τὸν
711 4284 813 4355 τῆς
838 4285 1175 4360 θεοπρεποῦς
1215 4290 1373 4355 ἀξίας
1411 4290 1606 4362 λόγον,
1658 4292 1693 4364 ἢ
1718 4294 1795 4359 ὡς
1838 4297 1981 4351 κατά

406 4369 569 4438 φύσιν
595 4371 698 4425 οὐκ
731 4370 868 4443 ἔχων
892 4375 1352 4449 ἀπαραλλάκτως,
1400 4379 1434 4451 ἢ
1461 4380 1605 4435 κατά
1639 4398 1693 4435 τι
1717 4383 1850 4452 γοῦν
1872 4384 1980 4439 τῶν

2093 1935 2261 1992 Deum
2308 1953 2374 1993 ex
2419 1938 2528 1995 Deo
2559 1938 2721 1997 Patre
2765 1941 3009 2010 genitum
3044 1956 3167 1997 esse
3205 1941 3399 1996 dicunt
3436 1940 3655 2006 Filium,

2090 2036 2255 2098 atque
2305 2030 2382 2084 ita
2439 2032 2699 2098 credunt,
2745 2033 3023 2104 quomodo
3078 2033 3260 2088 minor
3323 2039 3411 2087 est
3459 2030 3660 2085 Patre?

2090 2116 2230 2174 llinc
2279 2120 2427 2175 enim
2481 2122 2724 2190 prodibit
2771 2124 2943 2178 multa
2992 2123 3269 2177 rationum
3317 2120 3654 2186 absurditas,

2090 2219 2312 2268 scatens
2365 2211 2569 2282 ubique
2608 2214 2993 2285 blaspltemiis,
3034 2223 3089 2270 et
3128 2229 3267 2284 quas
3316 2227 3484 2268 aures
3514 2213 3656 2267 refu-

2087 2302 2260 2371 giant.
2293 2301 2426 2356 Nam
2462 2304 2509 2359 si
2549 2303 2692 2360 Deus
2725 2305 3025 2362 secundant
3082 2314 3335 2359 naturam
3399 2318 3525 2357 cum
3582 2305 3657 2359 sit

2089 2391 2285 2458 Filius,
2324 2394 2725 2463 quadamtenus
2769 2396 2826 2451 in
2870 2412 2930 2453 se
2960 2396 3144 2452 minus
3195 2396 3400 2466 capiat,
3430 2411 3657 2452 necesse

2086 2492 2176 2540 est
2239 2485 2457 2541 tandem
2511 2488 2756 2557 cogitare
2821 2487 3027 2557 aliquid
3100 2502 3226 2544 esse
3284 2487 3462 2558 majus
3523 2486 3654 2542 Deo.

2088 2574 2258 2645 Igitur
2308 2593 2419 2632 non
2474 2578 2529 2632 in
2599 2580 2936 2649 perfectione
2981 2579 3296 2635 omnimoda
3347 2580 3653 2637 substantia

2087 2667 2273 2726 Patris
2305 2670 2628 2741 intelligitur
2655 2685 2803 2736 esse,
2828 2671 3079 2741 quamvis
3108 2679 3307 2726 natura
3348 2673 3422 2727 sit
3459 2670 3600 2726 Deus
3637 2689 3649 2724 :

2086 2761 2182 2816 sed
2231 2761 2348 2831 ipse
2380 2779 2603 2832 quoque
2638 2765 2694 2817 in
2725 2764 2905 2833 majus
2952 2762 3221 2833 proﬁciet,
3253 2763 3307 2817 in
3339 2761 3478 2828 Filio
3512 2764 3655 2818 sicut

2085 2852 2322 2922 imagine
2388 2856 2687 2910 ostendens
2757 2869 2819 2909 se
2877 2869 3097 2924 quoque
3152 2870 3276 2910 esse
3340 2853 3652 2910 substantia

2084 2945 2371 3015 praeditum
2402 2961 2524 3016 quae
2554 2946 2737 3000 minus
2763 2946 3015 3014 suscipit.
3041 2944 3159 2999 lloc
3193 2954 3375 2999 autem
3410 2944 3653 3014 potentia

2084 3036 2242 3099 feret,
2275 3038 2403 3093 licet
2446 3037 2626 3093 adhuc
2672 3052 2780 3093 non
2830 3038 3019 3091 tulerit
3052 3054 3067 3091 :
3099 3050 3227 3091 nam
3260 3051 3380 3107 qua:
3413 3034 3653 3104 alicujus

2082 3138 2209 3181 sunt
2241 3126 2488 3196 capacia,
2528 3141 2594 3182 ea
2643 3128 2834 3198 utique
2887 3127 3187 3197 suscipient
3237 3140 3474 3197 quorum
3524 3133 3653 3181 sunt

2081 3219 2328 3289 capacia,
2362 3226 2416 3273 et
2447 3228 2694 3289 tempore
2715 3220 2782 3273 ad
2813 3218 3227 3288 suscipiendum
3258 3228 3515 3283 vocante,
3545 3232 3652 3272 non

2082 3311 2438 3366 recusabunt.
2467 3310 2573 3365 Sed
2610 3311 2780 3365 multa
2816 3311 2870 3364 in
2905 3310 2990 3364 bis
3020 3309 3357 3378 blasphemia
3385 3309 3648 3364 cernitur.

2080 3399 2270 3470 Neque
2319 3400 2465 3456 enim
2506 3402 2563 3456 in
2598 3401 2779 3470 majus
2823 3399 2987 3455 Pater
3018 3400 3206 3468 utique
3252 3398 3647 3469 progredietur,

2080 3494 2178 3548 sed
2226 3508 2328 3549 nec
2382 3493 2566 3548 minus
2609 3492 2893 3559 suscipiet,
2939 3500 3223 3562 propterea
3266 3490 3412 3561 quod
3456 3505 3649 3545 secun-

2079 3586 2209 3641 dum
2266 3594 2523 3640 naturam
2590 3592 2675 3640 est
2722 3582 2888 3639 Deus.
2939 3582 3081 3652 Ergo
3135 3597 3313 3652 neque
3370 3579 3542 3636 Filius
3595 3583 3649 3636 in

2080 3679 2266 3749 seipso
2305 3679 2489 3733 minus
2522 3675 2783 3747 accipiet,
2818 3674 2962 3731 Deus
2999 3688 3127 3728 cum
3175 3675 3248 3730 sit
3280 3674 3398 3745 ipse
3432 3689 3651 3744 quoque

2079 3770 2386 3826 secundum
2413 3780 2692 3832 naturam,
2726 3782 2798 3823 ne
2834 3780 3148 3837 supremam
3187 3766 3433 3820 omnium
3463 3780 3650 3821 essen-

2080 3863 2214 3918 tiam
2271 3862 2469 3917 laedere
2520 3870 2817 3918 censeatur
2872 3859 2963 3914 illa
3016 3873 3084 3913 ex
3138 3858 3522 3915 luereticorum
3555 3872 3655 3913 vc-

2078 3952 2269 4010 cordia
2300 3954 2607 4025 excogitata
2638 3954 2854 4011 vocula.

2150 4111 2383 4170 ALIUD.
2427 4110 2486 4167 Si
2553 4110 2726 4169 Filius
2789 4109 3096 4168 secundum
3164 4116 3418 4164 naturam
3491 4118 3647 4160 suam

2080 4204 2357 4261 exsistens
2414 4200 2511 4258 Dei
2564 4216 2629 4257 ac
2661 4200 2840 4258 Patris
2877 4200 3141 4264 Verbum,
3188 4199 3369 4253 minus
3415 4204 3499 4252 est
3546 4210 3647 4257 eo.

2080 4297 2197 4353 sive
2243 4295 2443 4351 divinae
2496 4292 2803 4363 maiestatis
2846 4291 3084 4356 ratione,
3120 4289 3235 4345 sive
3260 4287 3407 4359 quod
3448 4300 3647 4346 secun-

2081 4387 2210 4443 dum
2249 4394 2504 4442 naturam
2548 4398 2711 4443 suam
2762 4397 2872 4438 non
2917 4381 3094 4451 possit
3122 4394 3245 4436 esse
3276 4380 3436 4451 plane
3477 4376 3646 4437 idem.

407 4465 468 4517 ἐν
507 4459 624 4530 τοῖς
669 4470 1099 4541 μειονεκτὴμασι
1130 4472 1369 4544 τρόπων,
1403 4475 1504 4529 οὐκ
1529 4477 1696 4531 αὐτοῦ
1725 4477 1980 4533 τοσοῦτον

2084 4486 2179 4533 aut
2217 4486 2368 4533 certe
2408 4477 2518 4532 alio
2586 4474 2784 4545 quovis
2842 4470 3225 4529 diminutionis
3294 4469 3498 4534 modo,
3538 4482 3650 4523 non

406 4554 561 4611 ἔσται
584 4556 647 4611 τὸ
674 4559 1038 4632 κατηγόρημα
1066 4563 1295 4632 μᾶλλον,
1341 4566 1466 4619 ὅσον
1491 4567 1594 4637 τῆς
1624 4568 1813 4632 οὐσίας
1834 4568 1892 4635 ἐξ
1911 4564 1980 4642 ἦς

2084 4577 2193 4624 tam
2225 4569 2272 4625 is
2320 4567 2581 4631 ladetur,
2629 4579 2794 4636 quam
2844 4579 2909 4620 ea
2952 4578 3020 4618 ex
3081 4576 3189 4632 qua
3242 4559 3489 4616 creditur
3526 4572 3653 4615 esse

405 4642 544 4701 εῖναι
570 4648 964 4714 πεπίστευται,
1023 4653 1181 4725 εἴπερ
1217 4653 1354 4718 ὅλως
1383 4655 1444 4709 τὸ
1470 4655 1691 4711 ἔλαττον
1710 4697 1726 4723 ,
1776 4660 1895 4732 ἢτοι
1921 4662 1982 4716 τὸ

406 4740 609 4811 χεῖρον,
629 4741 706 4805 ὡς
733 4740 872 4813 πρὸς
897 4741 1028 4797 αὐτὸ
1044 4761 1073 4798 ν
1100 4744 1452 4815 άπογεννῶσα
1478 4747 1724 4817 φαίνεται
1740 4791 1758 4819 ,
1803 4753 1985 4807 καίτοι

412 4828 511 4898 τῆς
538 4830 776 4901 γενητῆς
806 4831 901 4885 καὶ
935 4834 1310 4908 πεποιημένης
1335 4837 1437 4893 οὐκ
1459 4839 1796 4914 ἀνεχομένης
1823 4843 1983 4898 τοῦτο

409 4918 621 4975 παθεῖν.
679 4921 864 4977 Τίκτει
910 4924 1018 4997 γάρ
1060 4927 1281 4993 πάντως
1304 4929 1367 4983 τὸ
1410 4930 1593 5003 ὅμοιον
1641 4932 1823 5005 ἑαυτῷ
1870 4935 1983 4990 πᾶν

410 5009 541 5081 ὅπερ
584 5010 700 5065 ἐστὶ
738 5016 1095 5085 καρπογόνον.
1147 5016 1209 5072 El
1257 5020 1333 5074 δὲ-
1359 5021 1471 5076 άνω
1514 5026 1717 5090 παντὸς
1771 5025 1986 5081 κεῖσθαι

409 5099 612 5188 πάθους
637 5102 736 5172 τὴν
764 5103 914 5160 θείαν
950 5107 1047 5162 τοῦ
1077 5110 1292 5184 Πατρὸς
1322 5113 1512 5184 ἰροῦσι
1543 5114 1727 5184 φύσιν,
1761 5117 1868 5184 ἔξω
1892 5117 1984 5188 δη-

264 5223 305 5233 ι-
328 5238 339 5250 ,
409 5186 585 5243 λονότι
613 5193 707 5247 καὶ
733 5194 831 5265 τῆς
864 5198 1133 5255 ἐπὶτοῦτο
1160 5204 1500 5275 κατηγορίας
1520 5207 1795 5273 κείσεται,
1819 5208 1898 5273 ὡς

407 5279 717 5350 άρχέτυπος
744 5280 879 5338 οὖσα
905 5287 1013 5342 τῶν
1058 5291 1117 5344 ὲν
1150 5292 1283 5363 ἡμῖν
1310 5295 1534 5364 ἀγαθῶν
1557 5336 1572 5362 ,
1599 5298 1700 5352 οὐκ
1727 5299 1985 5354 ἐλάττονα

404 5369 499 5461 τὸν
543 5370 675 5426 Υίδν
714 5373 1069 5444 άποτέξεται,
1116 5384 1230 5437 ἀλλ’
1257 5380 1374 5439 ῖσόν
1406 5404 1467 5441 τε
1524 5389 1617 5442 καὶ
1664 5389 1972 5461 ὁμοούσιον,

410 5459 594 5621 ἒιαημὴ
615 5464 707 5518 καὶ
728 5467 759 5537 ἡ
768 5466 884 5537 μῶν
904 5469 1346 5548 ἀπολιμπάνηται
1364 5477 1494 5542 Θεὸς
1515 5480 1542 5533 ὁ
1563 5459 1813 5537 τοσοῦτον
1842 5482 1983 5553 ὑπὲρ

453 5569 575 5621 μοις.

453 5569 575 5622 μοις.

516 5731 558 5762 ⁵⁷
594 5732 769 5793 lTim.
810 5751 849 5801 ι.
876 5737 927 5795 7.

2081 4659 2437 4725 substantia,
2482 4657 2756 4728 siquidem
2809 4671 2923 4712 rem
2985 4654 3169 4724 seipso
3230 4653 3496 4709 minorem
3555 4658 3651 4705 aut

2080 4752 2413 4810 deteriorem
2469 4751 2693 4823 gignere
2753 4749 2994 4815 videtur,
3038 4747 3163 4802 licet
3216 4745 3271 4802 id
3336 4754 3524 4800 creata
3595 4753 3651 4799 et

2080 4846 2225 4903 facta
2274 4845 2589 4902 substantia
2642 4858 2754 4899 non
2815 4840 3186 4910 ferat.Gignit
3221 4839 3368 4896 enim
3420 4854 3651 4909 prorsus

2079 4938 2185 4994 sibi
2219 4937 2417 5002 simile,
2443 4936 2818 5007 quodcunque
2875 4932 3222 4989 fructiferum‘
3265 4938 3368 4988 est.
3402 4930 3562 4998 Quod
3602 4930 3650 4985 si

2079 5029 2229 5084 omni
2284 5027 2539 5098 passione
2595 5025 2935 5095 superiorem
2993 5038 3116 5080 esse
3169 5023 3354 5079 dicent
3408 5022 3649 5077 divinam

2080 5117 2259 5175 Patris
2308 5126 2585 5181 naturam,
2639 5130 2837 5187 expers
2893 5115 3084 5184 utique
3132 5113 3282 5167 illius
3334 5110 3474 5167 labis
3519 5109 3646 5173 erit,

2081 5223 2318 5278 cumque
2374 5205 2700 5277 primigenia
2753 5206 2827 5261 sit
2872 5188 3120 5259 omnium
3172 5201 3333 5257 nobis
3378 5200 3647 5254 bonormn

2082 5300 2188 5370 27
2252 5300 2514 5362 essentia,
2559 5313 2667 5353 non
2739 5297 3004 5351 minorem
3054 5295 3240 5365 gignet
3284 5291 3504 5353 Filium,
3550 5288 3644 5342 sed

2079 5393 2343 5462 aequalem
2391 5400 2446 5445 et
2489 5388 3038 5449 consubstantialem,
3076 5402 3144 5440 ne
3193 5385 3359 5444 Deus,
3405 5379 3497 5449 qui
3531 5387 3649 5432 tan-

2081 5491 2270 5555 tepere
2301 5498 2403 5540 nos
2431 5482 2669 5549 excedit,
2705 5480 2864 5537 nobis
2901 5491 3120 5547 quoque
3149 5475 3220 5530 sit
3259 5470 3506 5528 inferior.
