4092 6274
487 359 543 416 Si
1507 355 1565 411 S.
1595 353 1875 412 CYRILLI
1917 354 2387 414 ALEXANDRINI
2428 358 2745 416 ARCIIIICP.
3654 370 3721 423 δε,

551 475 779 545 ALIUD,
817 493 908 547 per
936 479 1286 535 reductionem
1331 478 1400 534 ad
1453 481 1764 536 absurdum.
1799 480 2043 551 Seipsum

2242 483 2452 551 ΑΛΛΟ,
2492 485 2591 540 διὰ
2635 485 2746 554 τῆς
2779 489 2864 553 εις
2908 486 3137 542 ἄτοπον
3187 488 3525 561 ἀπαγωγῆς.
3581 495 3723 550 Ἴσον

480 571 743 640 aequalem
809 569 917 626 Deo
971 586 1035 626 ac
1099 571 1255 626 Patri
1320 571 1642 636 ostendens,
1675 572 1750 626 ait
1799 571 2052 627 Christus

481 659 685 715 alicubi
732 660 797 714 ad
833 675 963 716 suos
992 659 1295 732 discipulos
1333 680 1346 716 :
1395 681 1413 714 t
1444 663 1563 731 Qui,
1593 663 1726 718 vidit
1776 679 1882 727 me,
1920 663 2053 717 vidit

483 750 696 807 Patrem
728 767 907 808 meum
945 752 1011 807 ⁵⁸.
1055 771 1073 805 ο
1110 754 1178 806 At
1208 753 1486 824 quomodo
1532 754 1579 810 is
1612 757 1704 824 qui
1745 755 2049 810 secundum

483 851 732 899 naturam
766 845 895 901 talis
923 853 1028 911 est,
1057 845 1272 915 qualem
1304 860 1364 901 se
1396 861 1522 902 vere
1549 847 1767 910 asserit,
1794 848 2051 901 imminu-

485 937 683 994 tionem
733 935 1024 992 habiturus
1069 946 1176 1004 est,
1211 945 1271 992 ut
1299 938 1469 995 stulte
1513 938 1764 993 nonnulli
1818 939 2053 993 volunt?

481 1026 618 1081 Nam
652 1028 697 1083 si
727 1029 908 1084 minor
938 1029 1235 1096 exsistens,
1269 1031 1322 1083 in
1354 1031 1540 1100 seipso
1571 1028 1783 1084 Patrem
1809 1030 2053 1086 ostendit

482 1120 638 1174 nullo
699 1120 1075 1177 intercedente
1106 1121 1451 1188 discrimine,
1479 1121 1546 1176 ad
1606 1120 1820 1176 Patrem
1869 1122 2050 1175 immi-

483 1213 637 1268 nutio
672 1214 992 1283 pertinebit,
1023 1213 1116 1284 qui
1157 1214 1214 1270 in
1265 1214 1596 1268 immutabili
1643 1221 1869 1282 apparet
1918 1213 2052 1266 ima-

479 1304 627 1374 gine,
679 1302 815 1361 Filio
895 1307 1179 1360 nimirum.
1229 1305 1300 1358 At
1361 1306 1466 1359 hoc
1518 1303 1844 1360 absurdum.
1885 1304 2053 1375 Igitur

481 1410 589 1451 non
646 1396 828 1452 minor
873 1407 966 1452 est
1013 1397 1207 1462 Filius,
1272 1397 1325 1451 in
1386 1411 1494 1467 quo
1546 1395 1710 1452 Pater
1777 1396 2051 1467 perfectus

479 1488 748 1544 cxsistens
782 1491 1125 1559 exprimitur.

547 1578 772 1637 ALIUD.
802 1581 1087 1646 Quomodo
1111 1580 1282 1639 Filius
1311 1582 1496 1637 minus
1533 1596 1695 1651 quam
1718 1581 1880 1636 Pater
1905 1581 2050 1636 acci-

479 1671 611 1740 piat,
645 1675 736 1742 qui
782 1675 921 1728 citra
971 1675 1192 1745 culpam
1240 1674 1316 1728 ait
1349 1692 1362 1728 :
1393 1692 1414 1727 ι
1455 1671 1653 1730 Omnia
1705 1686 2051 1744 quaecunque

479 1763 641 1819 habet
672 1763 834 1819 Pater
864 1780 986 1820 mea
1024 1775 1154 1821 sunt
1182 1766 1268 1819 ὀἳ
1295 1785 1313 1818 ι
1345 1764 1414 1819 Et
1451 1780 1668 1830 rursus,
1696 1764 1949 1820 oratione
1978 1763 2044 1817 ad

479 1855 646 1912 Deum
679 1867 732 1911 et
755 1855 972 1912 Patrem
997 1872 1262 1913 conversa
1294 1876 1307 1912 :
1340 1877 1358 1910 ι
1394 1857 1588 1914 Omnia
1621 1871 1742 1912 mea
1775 1865 1865 1910 tua
1891 1863 2042 1921 sunt,

477 1959 527 2005 et
559 1937 650 2002 tua
693 1963 812 2003 mea
838 1949 903 2003 ⁶⁹.
943 1968 962 2000 ι
993 1947 1050 2003 Si
1081 1949 1227 2004 enim
1247 1989 1260 2014 ,
1300 1956 1358 2002 ut
1382 1956 1584 2004 temere
1616 1949 1862 2003 nonnulli
1892 1963 2045 2004 asse-

479 2046 627 2102 runt,
665 2053 856 2092 revera
909 2039 1088 2092 minor
1137 2046 1222 2094 est
1277 2037 1474 2104 Filius,
1505 2039 1763 2108 quoniam
1797 2053 1923 2093 rere
1966 2039 2046 2093 lo-

476 2133 667 2201 quitur
695 2129 823 2184 dum
858 2128 991 2184 dicit
1029 2129 1097 2184 ad
1143 2129 1360 2186 Patrem
1398 2148 1412 2184 :
1451 2148 1469 2181 t
1509 2129 1626 2184 Mea
1671 2138 1764 2183 tua
1816 2137 1964 2194 sunt,
1988 2137 2045 2183 et

477 2231 567 2274 tua
594 2236 747 2286 mea;
789 2240 806 2273 ι
839 2220 1020 2276 minus
1052 2221 1104 2274 in
1136 2219 1352 2276 Patrem
1379 2219 1554 2287 cadet,
1585 2229 1638 2274 et
1673 2223 1853 2289 majus
1889 2220 2045 2274 simi-

478 2313 604 2367 liter
631 2312 686 2366 in
713 2311 931 2379 Filium,
963 2314 1282 2384 promiscuo
1307 2327 1490 2368 rerum
1523 2311 1738 2378 ordine,
1771 2312 2042 2383 siquidem

475 2405 528 2460 in
560 2407 734 2462 altero
776 2421 898 2477 quae
943 2406 1101 2462 alteri
1146 2406 1342 2462 insunt
1391 2405 1760 2476 reperiuntur,
1800 2414 1854 2461 et
1894 2405 2041 2476 quod

475 2495 652 2551 Patris
695 2503 800 2561 est,
835 2496 940 2552 hoc
990 2497 1157 2551 etiam
1189 2503 1273 2552 est
1304 2495 1451 2551 Filii.
1490 2495 1557 2550 Et
1604 2510 1831 2562 rursus,
1867 2496 2043 2567 quod-

473 2600 693 2656 cunque
757 2583 878 2640 Filii
937 2585 1218 2656 proprium
1261 2601 1386 2642 esse
1437 2585 1687 2652 videtur,
1757 2587 1907 2642 istud
1957 2594 2044 2642 est

473 2679 672 2734 Patris.
738 2676 885 2734 Nihil
931 2693 1061 2749 ergo
1109 2678 1296 2733 dicere
1342 2679 1546 2733 vetabit
1595 2679 1862 2734 minorem
1919 2694 2044 2736 esse

471 2769 613 2826 Filio
656 2769 900 2836 Patrem,
941 2780 996 2825 et
1041 2771 1304 2841 majorem
1356 2769 1517 2825 Patre
1550 2769 1769 2825 Filium.
1819 2769 1927 2826 Sed
1957 2771 2041 2826 vel

469 2861 714 2934 cogitatu
743 2861 889 2918 istud
931 2871 1013 2918 est
1037 2861 1515 2918 absurdissimum.
1569 2861 1822 2933 Equalis
1853 2862 2039 2932 igitur,

471 2963 528 3010 et
558 2970 665 3010 non
694 2954 875 3009 minor
907 2963 993 3011 est
1036 2955 1132 3025 qui
1159 2970 1482 3012 communes
1526 2955 1689 3012 habet
1720 2970 1845 3010 cum
1881 2954 2042 3009 Patre

471 3046 722 3102 essentiae
748 3046 1161 3116 praerogativas.

539 3223 769 3290 ALIUD,
800 3240 866 3280 ea:
901 3223 1101 3280 eodem.
1143 3223 1200 3280 Si
1239 3241 1582 3296 quaecunque
1643 3227 1806 3282 habet
1858 3225 2038 3291 Pater,

471 3317 585 3373 haec
611 3317 794 3373 omnia
812 3324 942 3374 sunt
972 3315 1116 3383 Filii,
1137 3324 1222 3375 est
1255 3326 1436 3374 autem
1465 3319 1518 3372 in
1549 3317 1708 3372 Patre
1740 3316 2002 3388 perfectio
2027 3336 2040 3372 :

471 3407 741 3479 perfectus
769 3410 875 3465 erit
905 3420 958 3466 et
991 3410 1187 3476 Filius,
1219 3412 1312 3482 qui
1353 3411 1518 3466 habet
1551 3425 1672 3480 quae
1706 3409 1884 3465 Patris
1920 3426 2045 3479 pro—

471 3505 584 3571 pria
633 3512 853 3559 suntet
904 3505 1126 3559 eximia.
1175 3504 1346 3574 Igitur
1397 3520 1506 3559 non
1555 3513 1639 3559 est
1688 3504 1928 3561 inferior.
1984 3515 2044 3556 ut

468 3595 633 3664 impie
668 3594 905 3649 haeretici
933 3593 1194 3649 sentiunt.

540 3683 770 3750 ALIUD,
801 3698 892 3752 per
929 3683 1276 3738 reductionem
1314 3687 1364 3738 in
1395 3683 1704 3748 absurdum,
1731 3699 1846 3736 cum
1878 3684 2043 3752 syllo-

471 3776 629 3846 gismi
682 3776 1061 3844 complexione.
1093 3773 1288 3829 Dicant
1337 3774 1497 3830 nobis
1529 3773 1623 3844 qui
1683 3775 2043 3846 inexstingui-

474 3867 634 3922 bilem
672 3866 947 3921 ﬂammam
985 3867 1040 3919 in
1088 3871 1252 3934 caput
1297 3878 1457 3919 suum
1512 3870 1822 3926 arcessunt,
1863 3871 1917 3918 et
1958 3879 2042 3919 re-

471 3981 486 4011 ι
506 3967 614 4012 tam
641 3957 951 4012 divinorum
973 3957 1286 4027 dogmatum
1312 3955 1578 4010 rationem
1606 3961 1951 4018 aversantur,
1978 3969 2042 4010 ac

471 4049 747 4102 variarum
803 4049 1140 4120 argutiarum
1182 4048 1292 4118 28
1326 4048 1620 4112 versutias,
1669 4048 1736 4102 ad
1792 4047 2039 4103 fraudem

470 4138 866 4210 simpliciorum
918 4145 974 4193 et
1021 4137 1436 4193 subversionem
1485 4139 1819 4210 excogitant,
1855 4145 2038 4193 utrum

469 4232 687 4288 tandem
723 4231 916 4288 melior
945 4231 1016 4288 sit
1057 4229 1215 4286 Pater
1249 4231 1410 4296 Filio,
1441 4247 1562 4286 cum
1593 4232 1766 4301 major
1794 4233 1866 4286 sit
1898 4232 2036 4302 ipso,

467 4331 512 4383 si
559 4325 728 4382 Filius
763 4327 944 4382 minor
974 4331 1084 4390 est,
1115 4332 1174 4378 ut
1221 4323 1296 4378 illi
1341 4333 1635 4396 nugantur,
1677 4340 1743 4378 an
1787 4341 1919 4380 non.
1947 4325 2037 4391 At,

466 4400 690 4484 Opinor,
742 4418 1022 4473 meliorem
1079 4431 1203 4472 esse
1261 4416 1595 4471 fatebuntur.
1645 4415 1838 4472 Dicant
1907 4433 2039 4488 ergo

2155 575 2346 629 ἑαυτὸν
2388 576 2741 630 ἐπιδεικνύων
2785 579 2864 648 τῷ
2910 578 3030 648 Θεῷ
3074 579 3170 632 καὶ
3220 581 3413 652 Πατρὶ,
3441 585 3572 651 φησι
3618 600 3721 637 που

2154 666 2386 737 Χριστὸς
2418 669 2555 740 πρὸς
2581 670 2707 732 τοὺς
2731 671 2962 734 οἰκείους
2991 671 3232 742 μαθητάς
3257 687 3270 702 ·
3313 693 3332 724 ι
3373 673 3430 726 Ὀ
3461 674 3722 744 ἑωρακὼς

2153 758 2273 827 ἐμὲ,
2307 757 2518 830 ἑώρακε
2554 761 2645 814 τὸν
2687 762 2905 834 Πατέρα
2941 781 3062 834 μου.
3097 783 3114 815 ›
3163 761 3292 817 Εἶτα
3345 766 3460 828 πῶς
3507 769 3535 820 6
3581 770 3722 822 κατά

2154 847 2314 916 φύσιν
2336 850 2594 916 τοιοῦτος,
2625 852 2766 908 οὕτω
2791 870 2850 908 τε
2879 856 3137 928 ὑπάρχων
3159 858 3235 921 ὡς
3264 858 3424 921 αὐτὸς
3446 859 3723 930 ἀληθεύων

2151 938 2554 1010 διισχυρίζεται,
2585 944 2648 997 τὸ
2674 944 2892 1001 ἔλαττον
2919 948 3029 1012 ἕξει
3063 950 3200 1002 κατά
3231 951 3329 1021 τήν
3370 968 3532 1003 τινων
3559 951 3722 1005 ἀδου-

2151 1031 2307 1098 λίαν;
2356 1035 2418 1087 Εί
2451 1034 2560 1106 γὰρ
2591 1036 2849 1108 ὑπάρχων
2880 1038 3115 1092 ἐλάττων
3159 1041 3218 1092 ἐν
3267 1041 3441 1111 ἐαυτῷ
3491 1042 3722 1096 δεικνύει

2151 1123 2243 1176 τὸν
2297 1125 2538 1196 Πατέρα,
2567 1127 2836 1198 μηδεμιᾶς
2880 1129 3278 1200 μεσολαϐούσης
3337 1131 3721 1203 παραλλαγῆς,

2153 1215 2243 1268 ἐπὶ
2269 1215 2360 1268 τὸν
2381 1217 2598 1289 Πατέρα
2624 1219 2685 1271 τὸ
2716 1219 2934 1274 ἔλαττον
2958 1220 3306 1291 ἀναϐήσεται,
3335 1222 3410 1283 ὼς
3436 1224 3494 1275 ἐν
3514 1224 3721 1293 ἀμεταο

2153 1309 2362 1378 ποιήτῳ
2397 1309 2718 1378 φαινόμενον
2748 1312 2917 1364 εικόνι
2949 1311 3026 1381 τῷ
3055 1311 3188 1382 Υίῷ.
3235 1313 3392 1364 Ἀλλὰ
3417 1313 3576 1366 τούτο
3605 1314 3720 1368 ἀτο-

2151 1417 2272 1454 πον.
2321 1402 2529 1458 Οὐκοῦν
2558 1403 2658 1456 οὐκ
2688 1403 2926 1457 ἐλάττων
2953 1405 2982 1456 6
3011 1405 3156 1471 Υἱὸς,
3194 1408 3251 1458 ἐν
3282 1399 3434 1476 ᾧπερ
3464 1405 3721 1469 είκονίζε-

2149 1505 2240 1543 ται
2267 1490 2475 1556 τέλειος
2503 1491 2579 1545 ὣν
2606 1494 2635 1545 ὁ
2664 1493 2874 1564 Πατήρ.

2219 1583 2422 1638 ΑΛΛΟ.
2465 1583 2575 1637 Καὶ
2599 1585 2718 1649 πῶς
2749 1585 2814 1639 ἂν
2846 1587 2907 1639 τὸ
2934 1586 3172 1647 ἔλαττον,
3201 1587 3234 1655 ἢ
3269 1587 3326 1640 ἐν
3355 1581 3548 1657 οἷσπέρ
3573 1588 3720 1640 ἐστιν

2149 1673 2178 1724 6
2221 1673 2429 1745 Πατὴρ,
2461 1675 2491 1729 6
2531 1675 2659 1739 Υίὸς
2709 1676 3052 1747 έπιδέξηται,
3105 1677 3278 1747 λέγων
3334 1677 3679 1749 ἀνεγκλήτως
3705 1695 3717 1707 ·

2156 1780 2174 1812 ι
2208 1763 2390 1816 Πάντα
2411 1766 2509 1818 ὅσα
2533 1764 2644 1834 ἔχει
2668 1766 2698 1818 6
2725 1766 2912 1838 Πατὴρ
2950 1766 3059 1837 ἐμά
3083 1769 3218 1820 ἐστι’
3256 1787 3274 1819 ι
3317 1767 3411 1820 καὶ
3440 1766 3622 1832 πάλιν,
3645 1767 3719 1830 ὡς

2149 1855 2284 1926 πρὸς
2327 1855 2418 1908 τὸν
2453 1856 2585 1909 Θεὸν
2617 1859 2709 1911 καὶ
2739 1858 2979 1928 Πατέρα,
3021 1861 3102 1912 ὅτι
3159 1878 3176 1909 ι
3205 1859 3389 1913 Πάντα
3416 1857 3485 1911 τὰ
3517 1858 3625 1928 ἐμὰ
3654 1854 3719 1910 σά

2146 1946 2313 2012 ἐστιν,
2343 1947 2437 2001 καὶ
2461 1947 2531 2002 τὰ
2567 1948 2634 2003 σὰ
2672 1949 2813 2019 ἐμά;
2846 1969 2864 2002 ι
2901 1951 2963 2002 Εἰ
2995 1950 3099 2020 γὰρ
3126 1948 3292 2010 ὅντως
3319 1949 3432 2000 ἐστὶ
3459 1946 3598 2002 κατά
3621 1947 3721 2016 τήν

2145 2054 2306 2091 τινων
2333 2038 2589 2092 ἀϐουλίαν
2619 2039 2858 2093 ἐλάττων
2882 2042 2910 2094 6
2936 2040 3084 2104 Υἱὸς,
3132 2040 3430 2109 ἐπειδήπερ
3467 2036 3719 2107 ἀληθεύει

2145 2125 2318 2194 λέγων
2352 2127 2488 2198 πρὸς
2518 2127 2608 2181 τὸν
2638 2127 2857 2198 Πατέρα
2880 2143 2894 2157 ·
2952 2145 2970 2178 ι
2999 2126 3078 2179 Τά
3122 2125 3232 2195 ἐμὰ
3261 2126 3328 2179 σά
3357 2126 3493 2186 ἐστι,
3526 2125 3618 2176 καὶ
3651 2123 3720 2176 τὰ

2147 2218 2218 2271 σὰ
2266 2217 2397 2289 ἐμὰ,
2428 2237 2446 2268 ι
2497 2221 2735 2291 χωρήσει
2765 2218 2860 2272 καὶ⁵
2886 2219 2978 2272 ἐπὶ
2999 2217 3090 2271 τὸν
3122 2218 3342 2287 Πατέρα
3376 2217 3436 2270 τὸ
3476 2215 3714 2273 ἔλαττον,

2145 2311 2240 2364 καὶ⁸
2263 2311 2325 2364 τὸ
2356 2311 2539 2382 μεῖζον
2563 2310 2767 2381 ὁμοίως
2793 2309 2883 2362 ἐπὶ
2908 2307 3000 2362 τὸν
3024 2307 3172 2371 Υἱὸν,
3204 2305 3596 2378 ἀδιαφορούσης
3620 2301 3719 2370 τῆς

2143 2403 2252 2456 τῶν
2283 2404 2622 2474 πραγμάτων
2653 2402 2879 2468 τάξεως,
2913 2401 3070 2473 εἴπερ
3112 2402 3168 2453 ἐν
3212 2398 3457 2469 ἐκατέρῳ
3485 2396 3552 2450 τὰ
3585 2398 3713 2449 ἐκα-

2142 2496 2289 2568 τέρῳ
2321 2496 2591 2567 προσόντα
2620 2494 2889 2564 φαίνεται,
2940 2494 3033 2548 καὶ
3068 2493 3204 2563 ὅπερ
3235 2492 3299 2545 ἂν
3344 2489 3429 2559 εἴη
3461 2488 3554 2540 τοῦ
3603 2489 3716 2541 Πα-

2142 2587 2290 2658 τρὸς,
2318 2586 2474 2640 τοῦτό
2500 2589 2615 2639 ἐστι
2635 2583 2728 2638 τοῦ
2754 2583 2884 2637 Υἱοῦ
2903 2624 2918 2648 ,
2946 2583 3040 2636 καὶ
3078 2583 3261 2646 πάλιν,
3289 2581 3425 2651 ὅπερ
3454 2578 3521 2632 ἂν
3545 2577 3714 2645 ὑπάρ·

2143 2698 2237 2751 χον
2267 2679 2394 2734 [διον
2424 2679 2678 2748 φαίνηται
2705 2675 2799 2730 τοῦ
2830 2676 2982 2742 Υῐοῦ,
3001 2674 3155 2729 τοῦτὸ
3187 2675 3303 2727 ἐστι
3336 2670 3427 2724 τοῦ
3467 2668 3675 2739 Πατρός
3701 2685 3712 2697 ·

2141 2782 2292 2835 οὐδὲν
2320 2776 2412 2835 οὖν
2440 2779 2673 2834 κωλύσει
2699 2778 2880 2846 λέγειν
2908 2776 3166 2831 ἐλάττονα
3192 2774 3287 2828 τοῦ
3323 2770 3453 2826 Υίοῦ
3485 2770 3576 2823 τὸν
3604 2770 3714 2820 Πα-

2141 2868 2292 2938 τέρα,
2323 2868 2416 2922 καὶ
2461 2867 2684 2936 μείζονα
2711 2865 2805 2919 τοῦ
2840 2864 3050 2936 Πατρδς
3097 2864 3188 2917 τὸν
3239 2863 3388 2917 Υἰόν.
3437 2860 3573 2913 Ἀλλ’
3603 2859 3715 2910 ἔστι

2139 2955 2248 3008 τῶν
2296 2956 2690 3017 ἀτοπωτάτων,
2737 2954 2829 3007 καὶ
2875 2953 3036 3024 μόνον
3094 2953 3291 3005 ἐννοεῖν
3332 2969 3384 3004 τι
3428 2948 3665 3003 τοιοῦτον
3695 2966 3706 2978 ·

2140 3042 2258 3108 ἴσος
2290 3045 2420 3115 ἄρα,
2458 3044 2553 3098 καὶ
2578 3044 2678 3098 ούκ
2704 3043 2941 3096 ἐλάττων
2967 3045 2996 3095 6
3024 3042 3179 3096 κοινά
3209 3041 3345 3114 πρὸς
3372 3041 3464 3096 τὸν
3499 3041 3716 3111 Πατέρα

2069 3156 2111 3213 C
2145 3137 2212 3190 τὰ
2236 3137 2334 3206 τῆς
2360 3135 2548 3199 οὐσίας
2582 3136 2720 3205 έχων
2754 3134 3220 3204 πλεονεκτήματα.

2218 3229 2420 3291 ΑΛΛΟ,
2458 3227 2528 3282 ἐκ
2563 3227 2670 3282 τοῦ
2703 3227 2910 3282 αὐτοῦ.
2965 3228 3027 3280 Εἰ
3060 3227 3237 3281 πάντα
3261 3225 3360 3279 ὅσα
3393 3225 3505 3296 ἔχει
3537 3225 3566 3276 6
3600 3225 3712 3277 llat-

2145 3320 2268 3391 τὴρ,
2298 3320 2470 3374 ταῦτα
2501 3321 2679 3374 πάντα
2708 3319 2825 3372 ἐστὶ
2869 3315 2965 3371 τοῦ
2999 3316 3148 3380 Υἱοῦ,
3193 3316 3308 3370 ἐστι
3349 3317 3405 3369 δὲ
3450 3318 3508 3368 ἐν
3539 3317 3714 3385 Πατρὶ

2143 3414 2204 3466 τὸ
2230 3412 2458 3474 τέλειον,
2495 3411 2696 3472 τέλειος
2747 3409 2898 3464 ἔσται
2933 3409 3029 3461 καὶ
3062 3410 3091 3461 6
3135 3408 3262 3470 Υἱὸς
3307 3409 3336 3460 ὁ
3380 3407 3472 3460 τοῦ
3505 3405 3715 3476 Πατρὺς

2144 3504 2282 3572 ἔχων
2302 3503 2372 3555 τὰ
2395 3501 2500 3554 ἴδια
2523 3501 2618 3555 καὶ
2645 3499 2918 3570 ἐξαίρετα.
2941 3499 3147 3554 Οὐκοῦν
3170 3499 3270 3553 οὐκ
3298 3499 3554 3563 ἐλάττων,
3576 3497 3715 3551 κατὰ

2145 3594 2244 3664 τὴν
2268 3593 2376 3646 τῶν
2405 3590 2696 3663 αἱρετικῶν
2723 3590 3064 3647 δυσσέϐειαν.

2215 3683 2419 3747 ΑΛΛΟ,
2470 3681 2566 3736 διὰ
2607 3681 2718 3750 τῆς
2761 3682 2848 3748 εις
2895 3681 3121 3736 ἄτοπον
3168 3680 3516 3753 ἀπαγωγῆς,
3565 3679 3715 3749 μετὰ

2145 3773 2511 3844 συμπλοκῆς
2546 3773 2984 3843 συλιογισμοῦ.
3034 3773 3356 3843 Λεγέτωσαν
3389 3775 3516 3844 ἡμῖν
3545 3775 3593 3826 οἱ
3616 3771 3714 3840 τὴν

2143 3866 2406 3922 ἄσϐεστον
2433 3863 2604 3934 φλόγα
2650 3864 3009 3934 καταχέοντες
3059 3864 3160 3934 τῆς
3205 3863 3412 3918 έαυτῶν
3449 3862 3712 3933 κεφαλῆς,

2143 3959 2238 4012 καὶ
2269 3956 2366 4027 τὴν
2400 3956 2498 4026 μὲν
2526 3958 2584 4009 ὲν
2607 3958 2719 4020 τοῖς
2751 3956 2914 4019 Θείοις
2939 3956 3204 4026 δόγμασιν
3231 3955 3498 4026 ὀρθότητα
3522 3971 3716 4025 παραι-

2141 4048 2412 4120 τούμενοι,
2467 4048 2702 4119 στροφὰς
2747 4048 2804 4100 δὲ
2854 4048 3114 4102 ποικίλων
3158 4047 3499 4112 ἐπινοοῦντες
3529 4047 3713 4100 συλλο-

2141 4140 2352 4211 γισμῶν
2383 4141 2515 4210 πρὸς
2541 4141 2756 4210 ἀπάτην
2787 4141 2896 4194 τῶν
2926 4140 3325 4212 ἀκεραιοτέρων
3363 4142 3456 4195 καὶ
3496 4141 3716 4210 ἀνατρο-

2144 4235 2270 4305 πὴν,
2307 4233 2536 4304 πότερόν
2560 4249 2689 4285 ποτε
2719 4233 2982 4303 κρείττων
3011 4233 3156 4286 ἐστὶν
3177 4234 3205 4286 6
3229 4233 3417 4302 Πατὴρ
3443 4230 3537 4284 τοῦ
3560 4229 3710 4290 Tim"),

2139 4326 2202 4379 τὸ
2241 4326 2425 4396 μεῖζον
2446 4325 2522 4388 ὡς
2553 4324 2689 4394 πρὸς
2717 4324 2877 4377 αύτὺν
2909 4323 3068 4394 έχων,
3110 4325 3265 4394 εῐπερ
3312 4324 3550 4376 ἐλάττων
3576 4321 3712 4385 ἐστὶ,

2142 4417 2324 4481 καθὼς
2351 4419 2546 4470 ἐκεῖνοι
2588 4413 2880 4486 ληρούντές
2909 4433 3095 4484 φασιν,
3123 4415 3157 4486 ἢ
3189 4415 3330 4486 ούχί.
3395 4415 3532 4468 Ἀλλ’
3559 4409 3714 4484 οἶμαι

467 4506 726 4578 quidnam
754 4506 935 4562 eximii
962 4505 1164 4560 habere
1197 4504 1357 4560 Pater
1395 4505 1670 4559 videbitur
1701 4506 1754 4559 in
1794 4522 1860 4560 eo
1893 4507 2036 4574 quod

2145 4508 2206 4580 δὴ
2234 4509 2470 4574 πάντως,
2493 4507 2590 4571 ὅτι,
2625 4505 2924 4576 Κρείττων,
2957 4506 3139 4576 ἐροῦσι
3165 4522 3177 4534 ·
3201 4507 3506 4574 λεγέτωσαν
3536 4506 3716 4559 τοίνυν

468 4598 645 4667 majus
671 4597 852 4664 habet,
891 4596 998 4651 nisi
1029 4595 1226 4650 melior
1271 4605 1377 4650 est.
1425 4594 1559 4649 Nam
1596 4597 1642 4651 si
1672 4596 1809 4650 nihil
1855 4597 2036 4666 plane,

470 4687 647 4744 soluta
673 4688 890 4743 demum
922 4695 1008 4741 est
1040 4685 1221 4742 omnis
1251 4685 1342 4740 illa
1370 4686 1494 4740 Filii
1536 4687 1910 4756 reprehensio.
1942 4687 2040 4743 Sin

469 4786 648 4835 autem
700 4780 929 4833 multum
975 4785 1220 4849 praestat,
1269 4778 1462 4832 melior
1506 4778 1674 4849 igitur
1715 4787 1818 4842 est,
1854 4786 2042 4850 utpote

468 4871 564 4942 qui
592 4869 770 4939 majus
795 4868 978 4925 habet.
1004 4867 1392 4940 Rcspondeant
1411 4885 1563 4940 ergo,
1582 4879 1635 4925 et
1659 4885 1758 4926 nos
1786 4871 2040 4937 doceant,

469 4963 514 5017 si
556 4974 747 5016 revera
777 4958 1020 5027 sapiunt,
1059 4974 1222 5029 quam
1263 4959 1337 5014 ob
1379 4974 1602 5014 causam
1651 4959 1846 5015 Filium
1877 4961 2039 5016 Pater

467 5067 591 5108 cum
635 5051 904 5122 genuerit,
937 5065 1047 5104 non
1087 5051 1350 5120 aequalem
1401 5052 1508 5105 sibi
1556 5054 1760 5120 genuit,
1802 5053 1898 5110 sed
1936 5055 2038 5108 mi-

467 5157 680 5198 norem.
710 5139 844 5195 Nam
875 5141 921 5196 si
949 5141 1146 5196 melius
1173 5142 1454 5196 videretur
1500 5143 1762 5212 aequalem
1805 5144 1907 5200 sibi
1945 5161 2041 5214 per

465 5233 652 5288 omnia
697 5232 956 5304 genuisse
1006 5232 1229 5298 Filium,
1275 5233 1400 5302 quis
1449 5232 1628 5288 facere
1675 5235 1820 5290 istud
1857 5236 2042 5306 prohi-

465 5324 660 5380 beret?
697 5322 754 5379 Si
790 5323 935 5379 enim
997 5323 1200 5394 aliquid
1253 5323 1616 5393 prohibuerit,
1668 5327 2038 5381 necessarium

465 5431 587 5472 esse
635 5414 722 5470 vel
771 5414 926 5469 inviti
977 5413 1326 5479 fatebuntur,
1373 5422 1432 5469 ttt
1483 5417 1554 5470 sit
1619 5415 1823 5486 aliquid
1881 5416 2041 5473 Patre

468 5505 667 5573 majus.
715 5503 872 5571 Quod
924 5505 972 5560 si
1002 5505 1162 5560 'nihil
1215 5505 1378 5575 plane
1423 5504 1724 5575 prohibuit,
1769 5509 1862 5564 sed
1913 5523 2036 5563 cum

467 5602 736 5662 potestate
766 5596 1027 5666 praditus
1058 5605 1225 5665 esset,
1255 5598 1533 5666 sciretque
1578 5597 1772 5652 melius
1815 5613 1937 5654 esse
1981 5606 2038 5652 ut

533 5767 581 5798 "
607 5764 762 5824 Joan.
800 5787 908 5837 xxv,
933 5775 984 5830 9.
1097 5777 1141 5810 "
1166 5775 1324 5834 Joan.
1351 5793 1461 5845 xrt,
1492 5777 1579 5834 l5.

2142 4601 2194 4653 τί
2227 4599 2483 4671 περισσὸν
2513 4601 2571 4652 ἐν
2601 4597 2678 4669 τῷ
2705 4598 3001 4668 κεκλῆσθαι
3022 4598 3082 4652 τὺ
3111 4600 3294 4670 μεῖζον
3319 4600 3348 4651 6
3366 4600 3555 4669 Πατὴρ
3577 4598 3712 4668 ἔχων

2145 4691 2426 4757 φανεῖται,
2472 4687 2520 4741 ei
2567 4687 2642 4758 μὴ
2675 4687 2936 4758 κρείττων
2974 4689 3144 4742 ἐστίν.
3192 4689 3256 4742 Εἰ
3305 4689 3404 4758 μὲν
3438 4689 3545 4758 γὰρ
3577 4689 3714 4752 ὅλως

2143 4779 2312 4846 οὐδὲν,
2341 4780 2559 4833 λέλυται
2589 4778 2774 4833 λοιπὸν
2803 4780 2901 4851 ἤδη
2931 4782 3040 4834 πᾶν
3064 4781 3124 4834 τὸ
3170 4781 3255 4851 ἐφ’
3301 4781 3432 4835 Υἱοῦ
3483 4783 3716 4850 κατηγό-

2148 4888 2296 4942 ρημα
2318 4888 2332 4902 ·
2379 4873 2428 4923 εί
2456 4869 2513 4922 δὲ
2543 4869 2676 4922 πολύ
2701 4887 2754 4923 τι
2783 4871 2843 4924 τὸ
2868 4870 3124 4941 διάφορόν
3153 4872 3289 4935 ἐστι,
3311 4874 3577 4944 κρείττων
3607 4872 3715 4943 ἀρα

2143 4962 2350 5024 λοιπὸν,
2381 4961 2457 5023 ὡς
2485 4959 2622 5030 ἔχων
2646 4961 2706 5014 τὸ
2742 4962 2942 5032 μεῖζον.
2985 4961 3482 5030 Ἀπολογείσθωσαν
3514 4963 3713 5026 τοίνυν,

2145 5055 2239 5108 καί
2262 5051 2660 5106 διδασκέτωσαν
2687 5053 2854 5123 ἡμᾶς,
2882 5051 3038 5122 εἴπερ
3067 5053 3203 5106 εἰσὶν
3227 5054 3394 5117 ὅντως
3421 5055 3594 5124 σοφοὶ,
3621 5054 3714 5108 τοῦ

2144 5142 2208 5215 δὴ
2232 5144 2392 5215 χάριν
2427 5145 2690 5215 γεννήσας
2718 5143 2810 5196 τὸν
2838 5144 2965 5198 Υἱὺν
2990 5146 3018 5197 6
3044 5146 3233 5216 Πατὴρ
3261 5146 3360 5198 ούκ
3386 5141 3501 5198 ἴσον
3538 5147 3715 5216 ἑαυτῷ

2143 5233 2492 5304 γεγέννηκεν,
2540 5235 2656 5289 ἀλλ’
2714 5233 2988 5288 ἐλάττονα.
3043 5237 3105 5288 Εἰ
3168 5237 3268 5304 μὲν
3317 5238 3424 5309 γὰρ
3471 5238 3715 5306 φαίνοιτο

2142 5327 2385 5396 κρεῖττον
2435 5326 2496 5378 τὸ
2543 5319 2660 5378 ἴσον
2709 5324 2886 5394 ἐαυτῷ
2931 5327 3068 5379 κατὰ
3119 5327 3296 5381 πάντα
3336 5330 3591 5398 γεννῆσαι
3623 5330 3716 5383 τὸν

2143 5416 2292 5482 Υἱὸν,
2320 5418 2400 5481 τίς
2432 5418 2461 5470 ὁ
2488 5416 2737 5478 κωλύσας
2765 5415 2919 5469 τοῦτο
2952 5419 3161 5482 ποιεῖνς
3211 5421 3272 5472 Εἰ
3305 5421 3402 5489 μὲν
3427 5421 3536 5491 γάρ
3567 5439 3620 5474 τι
3655 5422 3715 5474 τὸ

2145 5509 2394 5562 κωλύσαν
2419 5509 2494 5571 ὡς
2527 5507 2586 5572 ἐξ
2607 5507 2850 5578 ἀνάγκης
2888 5509 3054 5573 ἐστὶν,
3081 5498 3473 5581 ὁμολογήσουσι
3501 5515 3590 5566 καὶ
3616 5515 3715 5584 οὐχ

2143 5601 2358 5665 ἑκόντες
2391 5596 2529 5656 εἷναί
2559 5617 2610 5652 τι
2642 5599 2699 5653 τὸ
2734 5600 2913 5670 μεῖζον
2940 5601 3030 5654 τοῦ
3059 5602 3286 5674 Πατρός.
3337 5605 3397 5659 Εἰ
3430 5605 3486 5658 δὲ
3518 5605 3576 5658 τὸ
3603 5622 3710 5658 κω-

1691 5781 1734 5812 ⁶⁰
1773 5780 1931 5838 Joan.
1969 5795 2102 5849 xvn,
2135 5780 2221 5836 10.
