4092 6274
571 370 645 426 55
1556 363 1616 418 S.
1649 359 1928 418 CYRII.”
1957 358 2431 416 ALEXANDRINI
2465 361 2787 417 ARCHIEI’.
3744 357 3815 415 56

576 503 596 534 ε
649 482 764 538 Hoc
807 489 931 537 erat
988 481 1044 536 in
1095 479 1369 552 principio
1411 476 1554 555 apud
1607 477 1795 533 Deum.
1827 495 1846 529 ι
1900 475 2142 546 Accepta

2244 479 2304 531 ἐν
2335 477 2478 550 ἀρχῇ
2508 478 2644 548 πρὸς
2657 477 2750 530 τὸν
2779 475 2930 530 Θεόν.
2975 495 2994 528 ›
3047 475 3137 539 Ὦς
3183 473 3291 546 γὰρ
3327 472 3433 529 ὑπὸ
3466 473 3614 529 θείου
3645 475 3816 530 Πνεύ-

569 573 714 627 σιηίιιι
753 588 785 626 a
809 573 997 628 divino
1025 572 1232 643 Spiritu
1257 585 1438 626 rerum
1467 568 1777 624 futurarum
1810 568 2146 640 cognitione,

570 681 680 719 non
707 663 996 736 ignoravit,
1041 671 1101 718 ut
1138 664 1353 733 opinor,
1382 675 1447 716 ac
1474 675 1607 716 vere
1645 659 1916 714 allirmare
1948 673 2147 728 possu-

573 770 718 820 mus,
740 755 1006 825 quosdam
1033 753 1352 825 prodituros
1375 749 1702 822 perditionis
1730 749 1993 815 artitices,
2026 749 2148 804 dia-

572 847 682 900 boli
720 847 975 917 aucupia,
1013 845 1212 902 mortis
1258 845 1503 916 laqueos,
1543 843 1601 898 in
1638 843 1894 898 cubicula
1934 854 1991 898 et
2019 856 2148 913 pro-

570 937 796 993 fundum
829 936 1042 992 inferni
1073 936 1430 992 detrudentes
1468 948 1566 990 eos
1591 932 1686 1004 qui
1721 948 1831 1003 pra:
1872 932 2146 1002 imperitia

567 1028 858 1084 attendunt
885 1027 953 1084 iis
991 1041 1113 1097 qua:
1149 1033 1402 1081 eructant
1441 1023 1512 1080 de
1551 1021 1720 1080 corde
1748 1023 1892 1078 malo
1921 1022 1991 1076 “.
2054 1021 2146 1076 In-

567 1119 792 1175 stabunt
817 1133 971 1187 vero,
991 1124 1048 1173 et
1068 1116 1126 1172 in
1149 1130 1313 1173 suum
1355 1115 1461 1185 ipsi
1487 1121 1652 1184 caput
1678 1113 2038 1177 invalescent,
2061 1112 2115 1168 di
2133 1141 2146 1152 -

566 1219 777 1274 rentes,
821 1208 971 1264 aliud
1023 1207 1242 1278 quidem
1292 1220 1417 1262 esse
1460 1203 1593 1260 illud
1644 1203 1874 1260 insitum
1931 1203 1987 1258 in
2035 1200 2145 1258 Deo

566 1299 731 1356 Patre
764 1298 1025 1363 Verbum,
1066 1297 1216 1352 aliud
1264 1296 1429 1352 insito
1463 1295 1622 1366 longe
1670 1293 2014 1350 simillimum
2057 1291 2146 1346 Fi-

565 1391 698 1444 lium
723 1429 738 1452 ,
769 1396 823 1445 et
850 1387 1115 1452 Verbum,
1148 1402 1244 1457 per
1277 1385 1426 1456 quod
1467 1383 1610 1440 Deus
1642 1383 1825 1439 omnia
1861 1389 2140 1452 operatur,

563 1489 626 1533 ut
650 1478 732 1534 sic
761 1477 997 1534 Verbum
1030 1477 1210 1541 Verbi,
1240 1485 1295 1531 et
1326 1475 1508 1545 imago
1550 1472 1828 1544 imaginis,
1869 1479 1925 1526 et
1957 1471 2141 1542 splen-

562 1571 667 1626 dor
691 1568 1005 1640 splendoris
1045 1568 1403 1640 intelligatur.
1453 1565 1622 1631 Quasi
1671 1578 1806 1634 ergo
1853 1562 1966 1632 jam
2017 1561 2142 1616 illos

561 1666 731 1737 impia
763 1665 871 1720 ista
898 1663 1264 1736 pradicantes
1301 1661 1538 1724 audiret,
1575 1667 1630 1714 et
1659 1657 1922 1712 adversus
1948 1655 2142 1708 imma-

561 1773 689 1812 nem
717 1756 1049 1826 scriptorum
1079 1754 1189 1824 30
1211 1752 1454 1822 ipsorum
1491 1749 1732 1803 furorem
1768 1746 1964 1800 merito
1991 1758 2142 1798 com-

562 1853 748 1898 motus
773 1817 972 1898 beatus
999 1817 1367 1911 evavngelista,
1411 1845 1702 1908 postquam
1735 1835 1923 1889 multis
1958 1833 2141 1889 verbis
2171 1817 2214 1873 Β

555 1931 674 2001 jam
705 1931 920 1995 statuit.
952 1937 1028 1997 et,
1084 1937 1146 1984 ut
1179 1928 1434 1992 decebat,
1468 1925 1799 1996 signiﬁcavit
1846 1938 2037 1987 unum,
2077 1936 2142 1976 ac

560 2023 742 2077 solum
777 2033 832 2078 et
872 2037 1067 2077 verum
1093 2023 1162 2076 de
1205 2021 1342 2086 Deo,
1369 2029 1426 2076 et
1474 2020 1529 2074 in
1561 2018 1671 2074 Deo
1703 2028 1755 2074 et
1789 2017 1931 2087 apud
1970 2015 2139 2070 Dcuni

559 2130 684 2172 esse
709 2114 971 2178 Verbum,
1007 2115 1192 2171 statim
1236 2111 1402 2167 infert
1433 2129 1447 2166 :
1487 2128 1507 2162 ι
1553 2109 1669 2165 Hoc
1697 2116 1817 2165 erat
1840 2109 1895 2162 in
1930 2106 2139 2176 princi-

560 2207 654 2276 pio
690 2207 831 2277 apud
858 2205 1050 2274 Deum,
1076 2213 1176 2260 int
1216 2203 1390 2260 Filius
1426 2202 1683 2258 nimirum
1724 2199 1866 2270 apud
1899 2197 2139 2263 Patrem,

560 2309 620 2354 ut
654 2300 879 2356 insitum
904 2318 922 2368 ;
961 2307 1023 2354 ut
1051 2315 1118 2354 ex
1148 2297 1273 2368 ejus
1312 2293 1647 2356 substantia,
1677 2300 1738 2345 ut
1767 2289 2138 2359 Unigenilum,

563 2411 585 2443 ι
623 2390 761 2457 Hoc,
805 2409 824 2444 ι
858 2405 986 2446 eum
1039 2405 1149 2443 non
1204 2387 1279 2442 sit
1343 2384 1672 2442 secundum.
1723 2379 1832 2436 Sed
1877 2380 2140 2450 quoniam

561 2496 748 2553 opera:
790 2482 1029 2552 pretium
1071 2479 1233 2534 nobis
1287 2492 1412 2533 esse
1469 2484 1626 2548 puto,
1652 2474 1749 2546 qui
1799 2473 2140 2543 impietatem

563 2572 881 2630 istiusmodi
928 2571 1110 2642 palam
1159 2569 1344 2625 facere
1376 2583 1662 2632 conamur,
1696 2565 1898 2621 nudam
1949 2580 2140 2620 eorum

557 2677 840 2735 exponere
881 2661 1304 2732 blasphemiam,
1333 2659 1401 2713 ad
1436 2657 1837 2729 simpliciornm
1875 2656 2143 2711 securita-

558 2761 670 2808 tem
719 2751 970 2824 (cavebit
1013 2750 1160 2806 enim
1195 2749 1451 2820 quisquis
1475 2748 1752 2812 didicerit,
1783 2762 1848 2802 ac
1882 2757 2140 2816 tanquam

557 2851 868 2915 serpentem
886 2843 1162 2899 transiliet
1186 2842 1240 2897 in
1262 2840 1442 2896 medio
1465 2839 1722 2894 latentem
1739 2837 1956 2908 itinere)
2001 2835 2142 2890 utili-

557 2945 645 2992 ter
667 2951 862 2992 eorum
881 2935 1185 2991 doctrinam
1220 2947 1522 3004 exponam,
1549 2929 1802 3001 opposita
1839 2928 2137 2983 contraria.

559 3027 653 3082 Sic
680 3027 827 3083 enim
855 3026 1118 3095 deinceps
1146 3024 1239 3079 illa
1295 3021 1631 3078 refutabitur
1677 3020 1747 3076 iis
1788 3019 1967 3074 modis
1997 3033 2139 3089 quos

2251 586 2417 641 ματος
2442 572 2522 633 εἰς
2547 569 2649 639 τὴν
2695 568 2805 622 τῶν
2834 568 3104 641 ἐσομένων
3134 568 3336 638 γνῶσιν
3378 569 3817 642 φωταγωγούμε-

2246 677 2337 724 νος
2365 661 2466 713 οὐκ
2488 659 2774 732 ἠγνόησεν,
2806 659 2880 723 ὦς
2908 658 2973 728 γέ
2998 676 3088 730 μοι
3111 659 3278 724 δοκεῖ,
3309 660 3404 713 καὶ
3429 659 3506 723 ὡς
3545 659 3692 714 ἐστιν
3737 663 3817 715 εί-

2247 755 2368 806 πεῖν
2394 751 2772 822 ἀληθεύοντας,
2833 751 2914 806 ὅτι
2950 767 3056 823 περ
3093 751 3488 821 ἁναφανοῦνταί
3513 769 3660 816 τινες
3709 755 3816 807 άπ-
3855 819 3864 823 _

2244 841 2439 906 ωλείας
2468 842 2716 912 ἐργάται,
2741 841 2986 896 διαϐόλου
3013 841 3281 914 θήρατρα,
3310 841 3540 898 θανάτου
3564 835 3813 913 παγὶδες,

2244 936 2324 998 εἰς
2353 935 2557 1005 ταμεῖα
2585 933 2984 1005 καταφέρουσαι
3012 935 3106 989 καὶ
3138 935 3219 998 εἰς
3248 935 3520 1004 πέταυρον
3539 935 3664 1008 ᾅδου
3685 939 3812 1001 τοὺς

2243 1025 2304 1092 ἐξ
2357 1025 2626 1096 ἀμαθείας
2680 1025 3044 1097 προσέχοντας
3083 1019 3164 1088 οἷς
3201 1025 3270 1078 ἂν
3312 1026 3377 1079 ἐκ
3405 1027 3632 1098 καρδίας
3657 1028 3814 1098 ἐρεύ-

2242 1133 2428 1185 γονται
2468 1117 2732 1188 πονηρᾶς.
2795 1115 3171 1186 Ἐνστήσονται
3229 1115 3282 1169 δὲ
3309 1156 3325 1180 ,
3373 1117 3464 1169 καὶ
3528 1117 3668 1170 κατὰ
3710 1115 3813 1187 τῆς

2243 1208 2450 1262 ἑαυτῶν
2501 1207 2839 1279 άνδριοῦνται
2875 1206 3119 1277 κεφαλῆς
3150 1205 3418 1275 λέγοντες,
3470 1208 3658 1279 ἕτερον
3712 1210 3814 1280 μὲν

2243 1293 2381 1352 εἷναι
2407 1298 2498 1352 τὸν
2523 1297 2823 1352 ἐνδιάθετον
2847 1298 2906 1351 ἐν
2929 1295 3048 1367 Θεῷ
3079 1297 3257 1367 Πατρὶ
3301 1296 3495 1367 Λόγον,
3538 1298 3726 1372 ἓτερον
3752 1300 3811 1353 δέ

2240 1404 2364 1441 τινα
2403 1389 2497 1442 καὶ
2552 1387 2632 1458 τῷ
2667 1385 2956 1458 ἐνδιαθέτῳ
3001 1385 3121 1440 λίαν
3166 1386 3572 1457 ἑμφερέστατόν
3612 1404 3673 1440 τε
3715 1391 3811 1442 καὶ

2240 1479 2555 1550 ὁμοιότατον
2585 1477 2677 1532 τὸν
2711 1478 2838 1530 Υίὸν
2871 1478 2965 1531 καὶ
2986 1477 3177 1546 Λόγον,
3205 1478 3270 1530 δι’
3296 1473 3357 1534 οὗ
3382 1479 3512 1542 Θεὸς
3539 1479 3608 1533 τά
3635 1480 3814 1535 πάντα

2240 1570 2534 1642 ἐργάζεται
2554 1586 2570 1602 ⁸
2597 1570 2686 1624 ἵνα
2710 1570 2882 1640 Λόγος
2915 1569 3088 1639 Λόγου
3116 1570 3321 1641 νοῆται,
3355 1573 3450 1625 καὶ
3476 1571 3642 1625 εἰκὼν
3667 1573 3811 1625 εἰκό-

2239 1678 2329 1726 νος
2351 1701 2367 1728 ,
2424 1663 2518 1716 καὶ
2559 1660 2898 1732 ἀπαύγασμα
2949 1661 3398 1731 ἀπαυγάσματος.
3449 1663 3659 1735 ’Ὠσπερ
3715 1660 3810 1718 οῦν

2239 1753 2339 1824 ἤδη
2386 1753 2808 1824 δυσφημοῦντων
2853 1751 3089 1816 ἀκούσας
3135 1753 3342 1818 αὐτῶν,
3390 1755 3486 1808 καὶ
3523 1755 3661 1826 πρὸς
3706 1755 3809 1820 τάς

2241 1839 2507 1903 ἐκτύπους
2535 1841 2792 1905 ἀπονοίας
2838 1839 2946 1896 τῶν
2975 1841 3106 1914 παρ’
3135 1842 3317 1906 αὐτοῖς
3359 1845 3805 1914 συγγραμμάτων
3917 1842 3919 1844 ’

2240 1929 2476 1998 εὐλόγως
2552 1931 2911 2001 κεκινημένος
2959 1931 2988 1984 6
3047 1934 3314 2003 μακάριος
3382 1934 3806 2006 εὐαγγελιστὴς,

2239 2023 2558 2094 ὁρισάμενος
2581 2023 2680 2094 ἤδη
2709 2024 2805 2076 καὶ
2837 2024 2928 2076 διὰ
2953 2024 3184 2085 πολλῶν,
3211 2025 3285 2088 ὡς
3311 2025 3418 2078 ἔδει
3441 2067 3457 2092 ,
3489 2027 3812 2098 κατασημήο

2240 2129 2337 2174 νας
2359 2113 2451 2165 τὸν
2477 2113 2595 2176 ἕνα,
2636 2114 2732 2165 καὶ
2764 2113 2945 2182 μόνον,
2973 2112 3070 2165 καὶ
3117 2113 3370 2183 ἀληθινὸν
3403 2118 3466 2168 ἐκ
3498 2115 3659 2181 Θεοῦ,
3713 2119 3813 2172 καὶ

2239 2204 2300 2255 ἐν
2330 2203 2471 2274 Θεῷ,
2501 2203 2760 2274 καὶπρὸς
2804 2203 2943 2256 Θεὸν
2987 2202 3115 2256 ὄντα
3145 2204 3338 2272 Λόγον,
3380 2207 3632 2276 ἐπιφέρει
3678 2225 3813 2279 γορ-

2239 2291 2351 2360 γῶς
2383 2309 2397 2323 ο
2435 2310 2454 2344 ι
2483 2287 2650 2356 Οὗτος
2682 2289 2751 2363 ἦν
2777 2293 2836 2344 ἐν
2863 2293 3003 2363 ἀρχῇ
3027 2292 3162 2363 πρὸς
3190 2293 3280 2346 τὸν
3317 2293 3470 2359 Θεὸν,
3512 2312 3532 2346 ›
3565 2295 3642 2359 ὡς
3683 2296 3812 2360 Υἱὸς

2239 2383 2438 2454 δηλαδὴ
2475 2383 2612 2454 πρὸς
2651 2383 2744 2438 τὸν
2775 2383 3018 2454 Πατέρα,
3064 2384 3140 2448 ὡς
3167 2383 3427 2455 ἔμφυτος,
3476 2385 3553 2450 ὡς
3602 2389 3668 2441 ἐκ
3705 2389 3810 2458 τῆς

2239 2476 2426 2540 ούσίας
2453 2475 2639 2542 αὐτοῦ,
2667 2475 2744 2539 ὼς
2781 2477 3090 2546 Μονογενής
3117 2491 3133 2506 ο
3183 2495 3202 2528 ι
3235 2471 3421 2542 Οὗτος,
3453 2495 3472 2530 ι
3516 2479 3618 2532 οὐκ
3654 2479 3810 2543 δντος
3851 2530 3858 2536 .

2239 2567 2514 2638 δευτέρου.
2577 2566 2792 2639 Ἐπειδὴ
2841 2567 2900 2622 δὲ
2935 2569 3232 2639 προσήκειν
3264 2567 3502 2640 ἡγοῦμαι
3553 2569 3624 2622 τὰ
3677 2572 3809 2642 περὶ

2239 2661 2336 2731 τῆς
2369 2659 2624 2731 τοιαύτης
2661 2659 2976 2724 δυσσεσείας
3021 2659 3330 2731 ἐξηγι-ιῑσθαι
3387 2661 3806 2726 σπουδάζοντας,

2238 2750 2578 2822 γυμνοτέραν
2603 2751 2781 2804 αὐτῶν
2811 2750 3149 2820 καταστῆσαι
3199 2752 3301 2822 τῆν
3340 2751 3672 2822 δυσφημίαν,
3717 2753 3808 2807 διὰ

2237 2842 2336 2914 τὴν
2354 2843 2462 2898 τῶν
2489 2843 2887 2914 άκεραιοτέρων
2911 2844 3207 2913 ἀσφάλειαν
3244 2861 3258 2875 ’
3311 2845 3604 2914 φυλάξεται
3633 2847 3742 2916 γὰρ
3777 2849 3809 2901 6

2241 2933 2449 3004 μαθὼν,
2480 2935 2577 2988 καὶ
2595 2934 2670 2997 ὡς
2698 2933 2820 3002 ὅφιν
2867 2934 3239 3005 ύπεραλείται,
3285 2935 3426 2989 κατὰ
3453 2937 3626 3008 μέσην
3682 2937 3809 2992 λαν-

2240 3024 2466 3078 θάνοντα
2511 3023 2610 3096 τὴν
2658 3025 2809 3078 ὁδὸνο
2883 3024 3189 3093 ἀναγκαίως
3261 3025 3430 3093 αὐτὴν
3483 3026 3806 3097 ἐκθήσομαι,

557 3117 724 3174 nobis
757 3119 899 3175 Deus
944 3117 1311 3182 concesserit,
1360 3114 1454 3187 qui
1493 3113 1755 3168 omnibus
1806 3111 2134 3182 sapientiam

2239 3115 2339 3187 τὴν
2362 3114 2606 3180 ἐκείνων,
2650 3113 2726 3178 ὡς
2772 3115 2830 3167 ἐν
2857 3113 3180 3178 ἀντιθέσεως
3203 3115 3460 3185 σχήματι.
3495 3115 3664 3169 Λάὸοι
3696 3116 3810 3187 γὰρ

558 3207 815 3279 largitur.

906 3377 1157 3435 Eunomit'
1187 3377 1365 3447 Opinio
1398 3375 1462 3432 de
1489 3373 1637 3431 Filio
1666 3375 1788 3434 Dei.

629 3472 980 3544 Unigenitus,
1011 3470 1214 3541 inquit,
1243 3469 1335 3524 Dei
1362 3467 1558 3534 Filius,
1585 3482 1700 3522 non
1729 3475 1815 3524 est
1839 3481 1912 3522 ex
1932 3479 1994 3521 se
2018 3480 2140 3535 pro-

557 3565 680 3636 prie
705 3563 946 3617 \‘crhum
976 3559 1130 3629 ejus;
1163 3557 1260 3614 sed
1301 3559 1582 3613 internum
1611 3557 1746 3611 illud
1777 3555 2014 3612 Verbum
2044 3555 2138 3608 Dei

560 3670 626 3710 ac
647 3653 838 3709 Patris.
859 3653 917 3708 in
957 3655 1081 3722 ipso
1112 3655 1384 3711 movetur,
1408 3657 1463 3702 et
1500 3654 1587 3702 est
1619 3661 1855 3716 semper.
1889 3646 1998 3712 Qui
2037 3661 2138 3699 au-

559 3753 672 3798 tem
703 3758 768 3798 ex
807 3744 927 3811 ipso
953 3738 1172 3811 genitus
1211 3751 1336 3792 esse
1365 3733 1539 3790 Filius
1582 3733 1812 3801 dicitur,
1857 3734 2139 3789 internum

559 3834 686 3903 ejus
710 3830 952 3889 Verbum
982 3827 1320 3898 suscipiens,
1360 3835 1566 3882 cuncta
1593 3826 1664 3880 ab
1695 3841 1764 3881 eo
1788 3824 2019 3882 edoctus
2048 3839 2142 3878 no-

557 3926 658 3988 vit,
692 3932 746 3979 et
779 3922 854 3978 ad
891 3922 1013 3993 ejus
1045 3917 1464 3977 similitudinem
1506 3916 1744 3975 Verbum
1788 3925 1875 3975 est
1902 3927 1958 3974 et
1992 3933 2140 3972 nun-

560 4024 818 4086 cupatur.

628 4105 756 4163 3am
784 4106 857 4162 ad
903 4103 1344 4163 confirmandam
1394 4118 1553 4161 suam
1602 4109 1667 4158 ut
1696 4097 1978 4158 existimat
2029 4101 2137 4156 im-

560 4202 843 4273 pietatem,
881 4207 937 4254 et
965 4211 1255 4268 perversas
1289 4195 1596 4253 sententias
1624 4192 1938 4250 istiusmodi
1969 4192 2140 4249 nectit

561 4293 933 4365 syllogismos,
979 4298 1062 4355 ut,
1114 4286 1582 4360 quemadmodum
1625 4286 1892 4356 scriptum
1931 4292 2019 4350 οξι
2049 4285 2136 4352 συ,

561 4395 786 4440 suorum
814 4390 1166 4454 peccatOrum
1193 4380 1408 4436 catenis
1440 4379 1608 4436 miser
1650 4379 2086 4450 constringatur.

631 4563 691 4620 Si
723 4563 991 4628 Verbum,
1017 4563 1217 4633 inquit,
1248 4559 1309 4615 in
1346 4561 1458 4616 Deo
1483 4573 1549 4614 ac
1583 4557 1744 4614 Patre
1773 4558 2044 4623 naturale,
2079 4565 2136 4612 et

564 4657 841 4712 internum
887 4665 976 4710 est
1024 4655 1143 4723 ipse
1188 4650 1385 4715 Filius,
1429 4657 1486 4707 et
1527 4649 2020 4704 consubstantialis
2050 4655 2138 4704 est

563 4747 822 4816 genitori,
875 4746 1007 4818 quid
1053 4745 1166 4816 iam
1206 4743 1462 4814 prohibet
1521 4741 1822 4813 quominus
1885 4739 2129 4798 Verbum

565 4840 677 4904 sit,
728 4847 786 4894 et
843 4847 1066 4894 vocetur
1117 4835 1322 4901 Pater,
1381 4841 1572 4905 utpote
1631 4832 2134 4890 consubstantialis

564 4929 748 4987 Verbo
763 4931 792 4984 Τ

636 5045 804 5101 ITEM
836 5064 854 5099 :
889 5043 944 5099 Si
995 5044 1232 5100 Verbum
1267 5053 1353 5100 est
1386 5046 1479 5101 Dei
1515 5061 1579 5101 ac
1624 5044 1805 5098 Patris
1834 5042 2038 5105 Filius,
2084 5049 2140 5095 et

567 5145 765 5208 przeter
787 5137 968 5204 ipsum
993 5151 1104 5191 non
1131 5146 1218 5192 est
1238 5137 1410 5200 aliud,
1440 5152 1536 5208 per
1579 5136 1857 5206 quodnam
1875 5132 2140 5199 Verbum,

568 5227 766 5297 inquit,
789 5223 952 5280 Pater
983 5225 1049 5280 ad
1071 5226 1249 5296 ipsum
1279 5226 1465 5282 dicere
1495 5226 1836 5297 comperitur
1865 5241 1880 5278 :
1909 5242 1929 5276 ι
1964 5221 2142 5279 Filius

571 5333 727 5374 tinens
755 5333 817 5374 es
857 5325 953 5382 tu;
1001 5332 1105 5388 ego
1153 5317 1318 5372 hodie
1349 5318 1513 5389 genui
1537 5317 1698 5373 te“?
1738 5335 1758 5369 ι
1795 5316 1950 5372 Patet
1989 5316 2137 5371 enim

570 5425 680 5466 non
718 5408 927 5479 absque
955 5408 1125 5463 verbo
1152 5407 1368 5462 Patrem
1405 5409 1475 5463 ad
1514 5407 1713 5462 Filium
1753 5407 1927 5464 [uisse
1982 5407 2138 5461 locu-

568 5513 706 5563 tum,
753 5516 880 5557 cum
927 5500 980 5554 id
1019 5515 1183 5556 omne
1213 5501 1360 5571 quod
1397 5500 1620 5560 dicitur,
1659 5499 1713 5552 in
1742 5497 1912 5554 verbo
1947 5499 2136 5568 utique

567 5591 804 5656 dicatur,
841 5606 953 5646 non
996 5591 1174 5645 aliter.
1225 5589 1291 5642 Et
1321 5591 1437 5658 ipse
1467 5588 1672 5644 alicubi
1717 5587 1969 5642 Salvator
2006 5590 2083 5644 ait
2117 5607 2128 5642 :

679 5770 892 5825 "Prov.
931 5787 1003 5836 ix,
1046 5771 1090 5824 l.
1172 5772 1231 5802 ⁹²’
1256 5771 1419 5831 Prov.
1448 5786 1540 5838 vn,
1578 5770 1667 5823 ‘22.
1748 5770 1790 5803 "
1817 5766 1959 5824 Psal.
1995 5782 2052 5838 ιι,
2082 5767 2128 5822 7.

2239 3205 2305 3260 ἂν
2332 3205 2476 3259 οὕτω
2506 3206 2605 3269 τὰς
2631 3205 2810 3270 λύσεις
2838 3205 3056 3276 ἐφεξῆς,
3088 3206 3210 3260 καθ’
3254 3206 3457 3277 οῦςπερ
3483 3206 3551 3260 ἂν
3594 3207 3806 3264 ἐπιδοίη

2235 3297 2470 3367 τρόπους
2502 3298 2532 3350 ὁ
2570 3297 2750 3350 πάντα
2807 3297 2987 3366 σοφῶν
3022 3295 3174 3359 Θεὸς.

2381 3389 2677 3458 Eur-opici)
2704 3387 2852 3454 δόξα
2881 3387 3014 3456 περὶ
3053 3388 3160 3442 τοῦ
3192 3387 3328 3442 Υἱοῦ
3368 3387 3475 3443 τοῦ
3495 3387 3666 3443 Θεοῦ.

2325 3481 2388 3536 '0
2409 3479 2743 3551 Μονογενὴς,
2795 3482 2949 3550 φησὶ,
2981 3480 3077 3534 τοῦ
3128 3480 3263 3534 Θεοῦ
3312 3482 3458 3549 Υἱὸς,
3505 3482 3607 3535 οὑκ
3656 3481 3808 3536 ἔστιν

2239 3572 2573 3643 αύτοκυρίως
2605 3575 2634 3627 6
2671 3573 2844 3642 Λόγος
2899 3574 3063 3629 αὑτοῦ
3093 3592 3110 3609 ο
3149 3576 3266 3630 ἀλλ’
3303 3579 3332 3632 6
3361 3577 3458 3648 μὲν
3507 3577 3810 3641 ἐνδιάθετος

2239 3660 2411 3728 Λόγος
2439 3659 2534 3713 τοῦ
2559 3660 2696 3720 Θεοῦ
2743 3662 2836 3716 καὶ
2858 3663 3070 3735 Πατρὸς
3108 3665 3168 3718 ἐν
3215 3666 3362 3737 αύτῷ
3408 3669 3656 3732 κινεῖται,
3709 3668 3808 3720 καὶ

2238 3751 2387 3805 ἐστιν
2412 3751 2498 3804 ἀεί
2522 3765 2538 3782 ³
2566 3753 2596 3805 6
2614 3752 2673 3807 δὲ
2695 3753 2755 3818 ἐξ
2773 3753 2936 3807 αὐτοῦ
2961 3756 3284 3827 γεννηθῆναι
3313 3756 3602 3827 λεγόμενος
3649 3757 3804 3824 Υἱὸς,

2235 3841 2329 3895 τὸν
2354 3841 2656 3898 ἐνδιάθετον
2690 3843 2858 3898 αὑτοῦ
2898 3845 3067 3914 Λόγον
3093 3847 3404 3918 δεχόμενος,
3423 3849 3601 3902 πάντα
3628 3866 3689 3901 τε
3727 3843 3808 3901 οῖ-

2237 3933 2326 3988 δεν
2361 3934 2636 4005 ἐκμαθὼν,
2674 3937 2770 3990 καὶ
2810 3936 2932 3990 καθ’
2983 3937 3271 4011 ὁμοιότητα
3323 3938 3423 4011 τὴν
3461 3940 3673 3994 ἐκείνου
3701 3939 3810 3994 Λό-

2237 4043 2332 4095 γος
2352 4025 2617 4090 καλεῖται,
2643 4026 2739 4079 καὶ
2762 4025 2932 4080 ἐστιν.

2309 4111 2444 4170 Εἶτα
2475 4116 2612 4188 πρὸς
2640 4116 2953 4186 βεὸαίωσιν,
2973 4117 3050 4182 ὡς
3093 4118 3283 4183 οἴεται,
3312 4119 3412 4188 τῆς
3448 4118 3644 4172 ἐαυτοῦ
3678 4119 3806 4174 δυσ-

2239 4206 2473 4272 σεϐείας,
2497 4207 2594 4262 καὶ
2637 4205 2747 4262 τῶν
2793 4207 3237 4280 διεστραμμένων
3270 4209 3487 4264 ἐννοιῶν
3531 4211 3806 4276 τοιούτους

2235 4297 2389 4359 τινάς
2416 4296 2709 4350 άναπλέκει
2756 4297 3148 4370 συλλογισμοὺς
3175 4339 3190 4364 ,
3231 4301 3318 4354 ἵνα
3343 4341 3358 4367 ,
3408 4300 3550 4354 καθὰ
3600 4302 3806 4371 γέγρα-

2236 4403 2388 4452 πται,
2415 4389 2532 4452 ταῖς
2555 4389 2665 4444 τῶν
2705 4388 2920 4442 οἰκείων
2949 4391 3357 4462 ἁμαρτημάτων
3406 4393 3672 4462 σειραῖς·ὁ
3695 4391 3805 4445 δεί-

2165 4473 2211 4529 D
2239 4477 2384 4542 λαιος
2409 4479 2868 4549 κατασφίγγηται.

2306 4569 2369 4623 Et
2397 4572 2425 4623 6
2443 4571 2632 4638 Λόγος,
2660 4571 2844 4641 φησὶν,
2875 4573 2933 4624 ἐν
2959 4572 3037 4643 τῷ
3057 4573 3175 4644 Θεῷ
3214 4576 3308 4628 καὶ
3353 4576 3529 4647 Πατρὶ
3576 4577 3805 4644 φυσικός

2235 4678 2294 4714 τε
2324 4663 2417 4715 καὶ
2445 4662 2748 4726 ἐνδιάθετος
2783 4663 2943 4728 αὐτός
2987 4667 3134 4719 ἐστιν
3168 4668 3198 4718 6
3226 4667 3375 4730 Υἱὸς,
3424 4667 3540 4721 ἔστι
3574 4668 3632 4721 δὲ
3677 4670 3806 4738 ὁμο-

2236 4752 2416 4815 ούσιος
2443 4751 2520 4822 τῷ
2547 4754 2888 4826 γεννήσαντι,
2915 4755 2971 4808 τί
2999 4758 3061 4810 τὸ
3089 4757 3295 4812 κωλύον
3329 4758 3409 4812 ἔτι
3453 4760 3624 4829 Λόγον
3666 4756 3808 4814 εἶναι

2235 4860 2298 4898 τε
2351 4843 2445 4899 καὶ
2467 4845 2742 4900 καλεῖσθαι
2773 4846 2865 4901 τὸν
2903 4849 3140 4920 Πατέρα,
3180 4849 3256 4914 ὡς
3293 4850 3574 4922 ὁμοούσιον
3605 4853 3808 4924 Λόγῳ;

2312 5042 2432 5094 ΚΑΙ
2472 5041 2685 5097 ΠΑΛΙΝ
2709 5061 2723 5074 ·
2754 5045 2819 5098 Εἰ
2851 5045 2881 5096 6
2915 5044 3084 5113 Λόγος
3107 5047 3224 5101 ἐστὶ
3253 5047 3346 5102 τοῦ
3375 5048 3511 5103 Θεοῦ
3550 5049 3646 5103 καὶ
3694 5051 3806 5103 Πα-

2237 5131 2364 5200 τρὸς
2393 5132 2422 5184 6
2453 5131 2601 5201 Υἱὸς,
2651 5133 2746 5187 καὶ
2775 5133 2906 5203 παρ’
2940 5135 3103 5189 αὐτὸν
3128 5136 3228 5192 οὐκ
3259 5137 3408 5192 ἐστιν
3445 5139 3666 5210 ἕτερος·
3721 5140 3809 5194 διὰ

2239 5222 2392 5275 ποίου
2417 5223 2616 5292 Λόγου,
2654 5223 2885 5293 φησὶν,ό
2919 5225 3110 5296 Πατὴρ
3138 5227 3275 5296 πρὸς
3301 5227 3464 5283 αὑτὸν
3497 5229 3808 5299 εὑρίσκεται

2231 5313 2410 5383 λέγων
2431 5329 2446 5344 ·
2493 5334 2512 5368 ι
2557 5315 2686 5378 Υἱός
2713 5331 2818 5384 μου
2844 5311 2896 5368 εἷ
2929 5316 2994 5368 σύ
3025 5334 3040 5347 ο
3073 5317 3183 5386 ἐγὼ
3232 5319 3474 5391 σήμερον
3503 5319 3810 5390 γεγέννηκά

2235 5423 2294 5458 σε
2323 5423 2337 5472 ;
2379 5426 2398 5459 ι
2433 5405 2695 5477 πρόδηλον
2732 5405 2842 5477 γάρ
2873 5407 2949 5470 ὼς
2981 5407 3043 5460 οὐ
3078 5408 3200 5479 δίχα
3229 5410 3387 5478 λόγου
3415 5411 3514 5474 τὰς
3553 5411 3689 5482 πρὸς
3718 5410 3810 5463 a6-

2242 5499 2332 5551 τὸν
2367 5497 2627 5562 διαλέξεις
2654 5497 2893 5569 ὁΠατὴρ
2924 5499 3236 5570 ἐποιήσατο,
3285 5501 3407 5553 ἐπεὶ
3445 5503 3554 5554 πᾶν
3613 5502 3676 5554 τὸ
3720 5501 3810 5554 λα-

2243 5589 2496 5661 λούμενον
2547 5590 2604 5642 ἐν
2646 5589 2790 5661 λόγῳ
2848 5591 3046 5654 παντὸς
3102 5590 3220 5662 [ἵσ.
3266 5592 3516 5664 πάντως]
3548 5592 3808 5657 λαλεῐται,
