4092 6274
411 395 480 452 57
1429 381 1499 437 IN
1531 381 1819 438 JOANNIS
1864 380 1985 436 EVA

2086 379 2311 436 ιειιυιι
2355 379 2484 438 LIB.
2529 381 2570 435 Ι.
3604 382 3676 440 58

407 511 504 564 καὶ
517 509 617 580 οὐχ
630 506 852 580 ὲτέρως.
865 504 976 560 Καὶ
987 503 1146 567 αύτδς
1161 502 1216 555 δέ
1235 499 1336 556 πού
1357 518 1521 571 φησιν
1538 503 1567 554 6
1587 499 1796 572 Σωτὴρ,
1809 519 1828 552 ι
1841 501 1972 553 ’Ὀτι

2090 516 2108 549 ‹
2145 498 2282 564 Quia
2321 497 2445 552 novi
2480 497 2718 560 Patrem,
2758 503 2811 552 et
2847 495 3072 549 verbum
3099 493 3221 562 ejus
3268 509 3429 551 servo
3450 495 3517 549 “.
3559 515 3578 549 ι
3614 495 3676 552 Et

409 596 526 656 οἶδα
547 600 642 654 τὸν
666 597 905 668 Πατέρα,
923 594 1015 649 καὶ
1038 594 1130 647 τὸν
1145 592 1304 663 λόγον
1327 590 1492 644 αὑτοῦ
1509 588 1683 661 τηρῶ.
1704 607 1724 642 ι
1752 589 1864 644 Καὶ
1893 590 1994 643 πά-

410 694 494 747 λιν
522 709 536 722 ·
580 709 600 744 ι
636 691 694 744 '0
720 688 875 757 λόγος
899 687 959 739 δν
982 684 1230 750 ἀκούετε,
1258 683 1361 736 οὒκ
1387 680 1533 735 ἐστιν
1565 681 1718 752 ἐμὸς,
1741 679 1878 735 ἀλλά
1897 681 1990 734 τοῦ

411 779 724 852 πέμψαντός
755 794 843 849 με.
869 793 889 827 ι
921 775 1052 828 Ὅτε
1066 773 1246 827 τοίνυν
1258 773 1317 825 ὲν
1331 770 1474 839 λόγῳ
1491 770 1590 840 μὲν
1609 771 1637 824 6
1653 769 1842 840 Πατὴρ
1856 769 1991 841 πρὸς

413 873 574 928 αὑτὸν
601 869 929 938 διαλέγεται,
989 863 1340 936 συνομολογεϊ
1391 861 1449 916 δὲ
1487 860 1584 916 καὶ
1626 860 1809 928 αὐτὸς,
1861 860 1992 914 ποτὲ

415 965 514 1032 μὲν
548 964 628 1017 ὅτι
654 963 814 1032 τηρεῖ
845 959 938 1014 τὸν
959 958 1116 1027 λόγον
1136 955 1232 1010 τοῦ
1257 954 1472 1027 Πατρὺς
1498 994 1514 1019 ,
1541 953 1676 1008 ποτὲ
1707 953 1766 1006 δὲ
1803 953 1988 1019 πάλιν,

410 1055 486 1118 ὥς
511 1055 573 1108 ού
601 1053 692 1106 τὸν
732 1049 898 1106 αὐτοῦ
927 1049 1104 1118 λόγον,
1136 1047 1275 1102 ἀλλά
1301 1046 1393 1100 τὸν
1410 1044 1506 1100 τοῦ
1545 1043 1763 1116 Πατρδς
1791 1044 1991 1115 ἤκουον

409 1146 458 1197 οἱ
509 1143 750 1197 Ἰουδαῖοι
780 1157 796 1172 ·
830 1140 950 1204 πῶς
982 1140 1084 1193 οὐκ
1112 1139 1179 1192 ἀν
1205 1136 1314 1209 εἴη,
1363 1134 1528 1207 φησὶν
1555 1176 1571 1203 ,
1601 1135 1991 1198 ἀνενδοιάστως

410 1233 867 1304 ὁμολογούμενον,
883 1231 959 1297 ὡς
972 1230 1166 1304 ,έτερός
1181 1231 1330 1284 ἐστιν
1344 1229 1374 1285 6
1390 1225 1520 1291 Υἰδς
1533 1227 1661 1298 περὶ
1675 1225 1788 1300 [ισ.
1811 1225 1986 1299 παρὰ]

410 1323 503 1378 τὸν
538 1325 860 1388 ἐνδιάθετον,
889 1323 1010 1394 ἦτοι
1042 1322 1133 1376 τὸν
1169 1320 1228 1376 έν
1251 1319 1508 1391 γεννήσει
1549 1321 1854 1390 νοηματικῇ
1880 1319 1988 1373 Λό-

419 1433 526 1486 γον,
549 1410 610 1472 οῦ
653 1415 897 1487 μετέχων
929 1413 1026 1467 καί¹
1060 1412 1546 1484 ἀναπιμπλάμενος
1587 1411 1835 1466 καλεῖται
1880 1411 1987 1466 Λό-

410 1524 508 1578 γος
537 1511 566 1563 6
595 1506 951 1580 προφορικὸς,
975 1505 1184 1575 καὶτῆς
1206 1505 1300 1560 τοῦ
1321 1506 1538 1577 Πατρὸς
1563 1504 1752 1569 οὐσίας
1781 1505 1982 1572 ἐκφαν-

410 1598 581 1663 τικδς,
620 1597 763 1651 τοῦτ’
799 1597 968 1663 ἐστιν,
987 1598 1018 1651 6
1040 1597 1201 1665 Υἰός;
1232 1594 1466 1650 Τοιαῦτα
1508 1594 1607 1666 μὲν
1642 1591 1736 1649 οὗν
1765 1596 1794 1648 6
1817 1595 1986 1665 παρά-

337 1671 350 1681 ”
415 1705 568 1759 φρων
613 1687 790 1759 ἑαυτῷ
830 1687 1060 1759 συνείρει
1099 1686 1269 1751 κακὰ,
1315 1686 1410 1741 καὶ
1456 1687 1661 1750 πάσαις
1695 1685 1832 1758 ὁμοῦ
1865 1689 1987 1751 ταῖς

418 1776 588 1840 θείαις
628 1779 875 1848 Γραφαῖς
921 1775 1236 1845 ἀντιφωνῶν
1275 1777 1376 1829 οὐκ
1423 1777 1760 1846 αἰσχύνεται,
1803 1776 1864 1831 τὸ
1891 1793 1984 1846 γε·

417 1866 734 1937 γραμμένον
775 1867 860 1934 ἐφ’
917 1866 1096 1937 ἑαυτῷ
1154 1865 1412 1921 δεικνύων
1461 1867 1678 1938 ἀληθές·
1742 1885 1761 1919 ι
1819 1867 1986 1922 Ὅταν

417 1956 545 2028 ἔλθῃ
564 1955 762 2026 ἀσεϐὴς
784 1956 862 2019 εἰς
879 1954 1042 2025 βάθος
1068 1956 1274 2020 κακῶν,
1297 1958 1657 2028 καταφρονεῖ·
1685 1978 1703 2010 ι
1725 1957 1858 2012 Δίαν
1881 1958 1991 2029 γάρ

415 2047 583 2111 όντως
643 2046 902 2099 ἐϐάθυνεν
952 2047 1034 2110 εἰς
1079 2045 1325 2102 κάκωσιν
1375 2046 1435 2112 ἐξ
1482 2046 1666 2110 ἀνοίας
1714 2049 1743 2101 6
1789 2047 1991 2118 θεομά-

411 2155 542 2209 χος,
603 2137 666 2190 τὸ
726 2137 823 2207 μὲν
869 2138 928 2202 ἐξ
973 2137 1229 2208 ἀληθείας
1271 2137 1560 2209 ὀρθοῦσθαι
1622 2140 1992 2211 παραιτούμε-

409 2246 533 2292 νος,
569 2232 638 2302 τῇ
681 2229 738 2284 δὲ
785 2229 1077 2302 σαθρότητι
1129 2228 1238 2284 τῶν
1277 2229 1494 2284 οἰκείων
1546 2229 1792 2295 ὀκλάζων
1837 2231 1990 2300 λογι-

411 2319 581 2390 σμῶν·
608 2320 692 2372 ὅτι
730 2318 838 2390 γὰρ
879 2316 1174 2389 μονογενὴς
1201 2316 1293 2371 τοῦ
1320 2316 1453 2372 Θεοῦ
1477 2319 1571 2372 καὶ
1609 2319 1824 2390 Πατρὸς
1861 2319 1992 2384 Υἱὸς

410 2410 748 2480 αύτοκυρίως
777 2408 926 2463 ἐστὶν
959 2409 986 2460 6
1015 2407 1188 2477 Λόγος
1221 2407 1406 2476 αὐτοῦ,
1433 2407 1521 2463 διὰ
1547 2409 1656 2462 τῶν
1689 2410 1986 2480 ὑποτεταγο

412 2500 588 2570 μένων
616 2500 893 2572 εἰσόμεθα.

531 2587 728 2653 Λύσις
753 2585 979 2656 ἐφεξῆς
1006 2585 1119 2657 τῆς
1165 2587 1467 2658 Εὐνομίαν
1499 2590 1882 2661 κακοδοξίας.

490 2677 783 2749 Δυσμαθὴς
826 2679 855 2732 6
906 2678 1218 2751 παράφρων
1270 2680 1566 2751 αἰρετικός.
1603 2682 1729 2747 [Ιῶς
1771 2684 1880 2756 γάρ
1924 2685 1991 2740 ἆν

413 2769 550 2834 ὅλως
584 2771 665 2834 εἰς
690 2771 1015 2840 κακότεχνον
1036 2770 1215 2842 ψυχὴν
1246 2770 1479 2825 εἰσέλθοι
1509 2773 1712 2843 σοφία;
1742 2774 1776 2847 ἢ
1810 2777 1863 2830 τί
1881 2777 1991 2830 τῶν

406 2861 662 2917 τοιούτων
707 2863 906 2930 γένοιτ’
939 2861 1029 2932 ᾂν,
1079 2864 1199 2915 εἰπέ
1234 2880 1347 2934 μοι,
1390 2865 1906 2938 κακοτεχνέστερον,
1940 2871 1994 2923 οἵ

408 2969 472 3021 γε
495 2953 634 3008 κατά
661 2953 722 3007 τὸ
749 2954 1155 3026 γεγραμμένον,
1196 2954 1304 3009 ἀπὸ
1337 2955 1438 3026 μὲν
1463 2957 1562 3027 τῆς
1586 2957 1848 3030 ἀληθείας
1890 2961 1989 3033 τὴν

411 3045 578 3115 ἀκοὴν
600 3045 1056 3117 ἀποστρέψουσιν,
1079 3047 1173 3100 ἐπὶ
1207 3045 1268 3100 δὲ
1286 3047 1413 3112 τοὺς
1429 3047 1630 3119 μύθους
1643 3050 1753 3106 τῶν
1773 3053 1990 3108 οἰκείων

409 3137 785 3236 διανοημάτων
821 3138 1205 3211 εὐπετέστερον
1234 3140 1538 3212 τρέχουσιν,
1562 3143 1652 3196 ἵνα
1679 3144 1744 3215 δὴ
1792 3147 1887 3199 καὶ
1910 3145 1988 3200 δι-
2013 3179 2056 3236 c

411 3228 582 3292 καίως
606 3228 916 3294 ἀκούσειαν,
946 3231 1007 3284 ού
1039 3231 1107 3285 τὰ
1134 3232 1198 3285 ἐκ
1225 3233 1326 3303 τῆς
1354 3233 1503 3297 θείας
1527 3233 1814 3300 λαλοῦντες
1841 3239 1986 3308 Γρα-

411 3320 516 3390 φῆς
542 3335 559 3350 ·
595 3337 617 3372 ι
652 3320 787 3373 0ὑαί⁷
809 3321 860 3374 οἱ
888 3321 1319 3393 προφητεύοντες
1360 3323 1468 3376 ἀπὸ
1503 3325 1732 3396 καρδίας
1782 3327 1984 3393 αὐτῶν,

409 3411 504 3464 καὶ
525 3409 625 3465 οὐκ
643 3410 750 3464 ἀπὺ
768 3411 1030 3482 στόματος
1047 3397 1276 3484 Κυρίου.
1291 3431 1312 3466 ι
1339 3413 1440 3477 Τίς
1464 3412 1572 3484 γὰρ
1593 3415 1702 3468 ἀπὸ
1723 3416 1988 3488 στόματος

407 3501 610 3573 Κυρίου
649 3501 842 3569 λαλῶν,
888 3501 1035 3569 λέγει
1068 3503 1317 3574 ἀνάθεμα
1371 3504 1620 3576 Ἰησοῦν;
1679 3508 1746 3562 "O
1786 3508 1851 3577 δὴ
1892 3509 1988 3564 καὶ

404 3595 617 3649 ποιοῦσί
657 3611 803 3658 τινες
844 3595 953 3650 τῶν
1003 3595 1101 3666 τῆς
1132 3594 1418 3660 εὐσεϐείας
1461 3596 1752 3668 δογμάτων
1791 3599 1986 3671 ἀνέδην

402 3687 966 3758 κατασοϐαρευόμενοι
987 3726 1004 3752 ,
1035 3687 1128 3740 καὶ
1156 3686 1408 3759 καθάπερ
1437 3686 1538 3760 ἔφη
1561 3706 1646 3754 τις
1679 3689 1787 3743 τῶν
1812 3691 1986 3760 ἁγίων

401 3778 718 3849 προφητῶν,
742 3776 921 3831 πάντα
940 3777 1009 3832 τὰ
1037 3775 1174 3850 ὀρθά
1197 3777 1609 3849 διαστρέφοντες
1644 3796 1658 3809 ·
1688 3782 1822 3848 φασὶ
1851 3780 1983 3854 γὰρ,

407 3875 595 3945 ἕτερον
627 3875 727 3945 μὲν
769 3868 908 3927 εἶναι
953 3871 1044 3926 τὸν
1078 3872 1307 3941 φυσικὸν
1347 3873 1442 3926 καὶ
1471 3873 1770 3929 ἐνδιάθετον
1810 3878 1869 3930 ὲν
1902 3878 1983 3950 τῷ

400 3963 520 4034 Θεῷ
570 3963 668 4016 καὶ
699 3962 876 4034 Ila-.91
900 3961 1305 4033 Λόγονοζὲτερον
1337 3962 1396 4017 δὲ
1431 3958 1500 4018 αὖ
1528 3963 1691 4018 πάλιν
1719 3965 1811 4019 τὸν
1847 3965 1982 4019 ῶνοο

410 4055 690 4126 μασμένον
723 4054 852 4108 Υἰδν
899 4055 994 4108 καὶ
1025 4055 1219 4124 Λόγον·
1243 4053 1341 4108 καὶ
1364 4054 1590 4128 φέρουσι
1613 4056 1749 4128 πρὸς
1767 4057 1984 4112 ἀπόδει-

402 4145 482 4208 ε.ν
509 4145 606 4214 τῆς
631 4142 858 4206 ἑαυτῶν,
890 4143 966 4206 ὡς
996 4144 1223 4206 οἴονται,
1257 4143 1439 4214 δόξης,
1468 4143 1668 4215 μᾶλλον
1695 4143 1753 4198 δὲ
1789 4145 1980 4216 ἀχαλί-

400 4251 495 4285 νςυ
518 4231 857 4296 δυσσεϐείας,
880 4231 1107 4300 λέγοντα
1123 4232 1213 4286 τὸν
1237 4233 1444 4306 Κύριον
1470 4237 1499 4304 ἡ
1508 4233 1625 4304 μῶν
1661 4234 1868 4302 Ἰησοῦν
1890 4237 1981 4291 τὸν

404 4324 639 4395 Χριστὸν
665 4323 724 4375 έν
746 4325 865 4386 ταῖς
890 4323 1027 4396 πρὸς
1061 4325 1348 4389 Ἰουδαίους
1370 4324 1610 4396 ὁμιλίαις
1630 4365 1646 4389 ,
1687 4325 1768 4380 ὃτι
1809 4343 1826 4376 ι
1849 4323 1979 4381 Οἶδα

401 4414 492 4466 τὸν
515 4411 754 4482 Πατέρα,
787 4412 882 4466 καὶ
904 4412 995 4466 τὸν
1024 4412 1183 4481 λόγον
1202 4413 1366 4467 αὐτοῦ
1395 4413 1548 4484 τηρῶ
1569 4429 1583 4442 ο
1606 4430 1626 4465 ι
1661 4412 1796 4484 πρὸς
1821 4413 1879 4469 δέ
1913 4431 1977 4483 γε

2095 602 2332 642 rursus:
2395 604 2414 638 ι
2456 584 2695 640 Verbum
2739 584 2886 653 quod
2933 583 3142 638 auditis
3192 598 3302 637 non
3336 592 3420 638 est
3457 600 3674 654 mcum,

2092 678 2186 732 sed
2213 677 2338 747 ejus
2385 677 2478 748 qui
2519 677 2669 733 misit
2708 691 2793 732 me
2830 676 2898 729 ⁸⁵.
2943 695 2961 727 ι
3013 674 3151 729 Cum
3182 674 3350 745 igitur
3403 675 3458 729 in
3507 676 3677 730 verbo

2092 767 2314 837 quidem
2351 766 2514 821 Pater
2553 766 2621 820 ad
2666 767 2844 836 ipsum
2891 767 3171 836 loquatur,
3205 765 3479 835 simulque
3503 767 3678 820 conli-

2092 865 2280 912 teatur
2309 857 2442 928 ipse,
2471 855 2749 912 interdum
2782 855 3002 925 quidem
3029 869 3088 909 se
3118 853 3296 909 Patris
3319 854 3422 924 31
3453 870 3676 910 scrvare

2091 952 2346 1017 verbum,
2394 950 2673 1005 interdum
2707 964 2838 1004 vero
2867 947 3087 1002 Judaaos
3123 962 3230 1000 non
3272 947 3466 1001 audire
3510 961 3673 1002 suum

2092 1042 2345 1107 verbum,
2371 1041 2467 1098 sed
2499 1041 2647 1110 ,illud
2683 1039 2864 1095 Patris
2898 1057 2911 1094 :
2969 1037 3247 1109 quomodo
3301 1053 3411 1092 non
3463 1038 3674 1108 liquido

2091 1132 2366 1190 constabit
2401 1133 2543 1203 apud
2573 1147 2769 1188 omnes
2817 1131 2983 1186 alium
3022 1146 3148 1186 esse
3185 1129 3380 1184 Filium
3429 1145 3458 1184 a
3505 1131 3673 1184 verbo

2090 1225 2278 1288 insito,
2315 1232 2420 1278 aut
2450 1223 2504 1278 in
2535 1231 2716 1278 mente
2756 1229 3023 1292 concepto
3048 1263 3064 1288 ,
3117 1223 3277 1289 cujus
3329 1236 3454 1276 cum
3509 1221 3675 1291 parti-

2088 1331 2218 1386 ceps
2267 1323 2320 1373 et
2369 1317 2565 1387 plenus
2614 1315 2688 1372 sit
2740 1312 2938 1380 Filius,
2983 1313 3221 1370 Verbum
3266 1314 3670 1368 enuntiativum

2090 1407 2424 1479 appellatur,
2457 1416 2510 1463 et
2538 1406 2866 1462 substantiae
2899 1404 3081 1461 Patris
3120 1403 3522 1475 expressivum.
3560 1401 3673 1455 llu-

2083 1499 2326 1571 jusmodi
2359 1500 2502 1554 mala
2537 1499 2641 1554 sibi
2671 1498 2898 1555 demens
2927 1499 3023 1553 ille
3043 1497 3309 1560 contexit,
3335 1505 3389 1550 et
3415 1493 3673 1550 omnibus

2087 1592 2252 1647 simul
2279 1591 2585 1662 Scripturis
2633 1590 2838 1647 divinis
2865 1591 3167 1646 reclamare
3191 1603 3301 1644 non
3343 1595 3589 1653 veretur,
3617 1589 3670 1639 in

2086 1688 2269 1758 seipse
2315 1703 2505 1743 verum
2551 1702 2676 1742 esse
2723 1686 2964 1756 probans
3010 1685 3158 1755 quod
3219 1682 3488 1753 scriptum
3540 1689 3668 1738 est:

2093 1798 2112 1833 ι
2149 1779 2286 1834 Cum
2308 1778 2518 1834 venerit
2541 1777 2745 1847 impius
2769 1777 2824 1831 in
2853 1775 3188 1847 profundum
3219 1776 3514 1841 malorum,
3535 1791 3676 1832 cou—.

2095 1871 2291 1927 temnit
2326 1871 2396 1926 “.
2437 1889 2456 1922 ι
2494 1867 2794 1925 Verissime
2835 1868 2982 1924 enim
3027 1868 3285 1923 detrusus
3323 1878 3407 1923 est
3437 1869 3490 1922 in
3542 1885 3671 1940 pro.

2096 1967 2324 2022 fundum
2364 1963 2590 2018 malitiae.
2616 1979 2729 2033 pra:
2757 1977 2857 2018 sua
2895 1960 3168 2018 dementia
3202 1958 3294 2014 Dei
3336 1960 3536 2023 hostis,
3571 1977 3672 2015 nec

2091 2060 2239 2137 erigi,
2288 2074 2348 2113 se
2391 2057 2621 2113 veritate
2667 2057 2896 2128 patitur,
2946 2053 3040 2109 sed
3086 2054 3407 2125 opinionum
3443 2069 3669 2109 suarum

2091 2153 2240 2208 carie
2270 2166 2336 2205 ac
2363 2150 2471 2204 situ
2512 2149 2764 2204 labascit.
2790 2146 3141 2217 Uuigenitum
3174 2145 3320 2199 enim
3353 2145 3443 2200 Dei
3477 2160 3540 2200 ac
3564 2143 3670 2199 Pa-

2091 2247 2192 2300 tris
2215 2242 2413 2298 Filium
2443 2258 2507 2297 ex
2541 2256 2599 2297 se
2625 2240 2843 2311 proprie
2872 2239 2994 2310 ejus
3025 2254 3148 2295 esse
3173 2237 3438 2304 Verbum,
3473 2253 3538 2294 ex
3578 2253 3669 2295 sc-

2091 2336 2390 2409 quentibus
2414 2348 2802 2406 agnoscemus.

2477 2574 2748 2645 Refutau'o
2778 2571 2974 2628 erroris
3003 2569 3274 2626 Eunomii.

2161 2670 2419 2727 llebcscit
2454 2667 2680 2723 demens
2729 2665 3048 2720 haereticus.
3107 2662 3394 2729 Quomodo
3433 2663 3576 2718 cnim
3611 2661 3663 2718 in

2091 2765 2391 2834 malignam
2422 2759 2662 2814 animam
2698 2756 2976 2812 introierit
3029 2755 3351 2826 sapientia?
3399 2765 3493 2809 aut
3535 2755 3664 2825 quid

2089 2871 2213 2912 esse
2255 2860 2471 2925 potest,
2507 2865 2718 2921 qumso,
2757 2850 2844 2905 bis
2895 2848 3228 2918 malignius,
3265 2851 3393 2918 qui,
3433 2855 3490 2901 ut
3527 2848 3666 2901 scri-

2090 2949 2341 3013 ptumest
2357 2942 2487 3006 "‘,a
2511 2939 2739 2994 veritate
2763 2939 3010 2992 auditum
3046 2944 3328 3001 avertunt,
3349 2937 3416 2990 ad
3449 2937 3666 2992 fabulas

2089 3043 2274 3092 autem
2313 3032 2714 3105 cogitationum
2753 3045 2978 3085 suarum
3016 3029 3202 3084 statim
3241 3036 3661 3092 convertuntur,

2089 3134 2151 3180 ut
2199 3132 2253 3180 et
2306 3123 2507 3179 merito
2553 3121 2826 3176 audiant:
2861 3137 2880 3172 ‹
2914 3118 3007 3174 να»
3063 3119 3158 3188 qui
3216 3120 3544 3190 prophetarit
3601 3121 3668 3174 de

2088 3211 2255 3267 corde
2286 3226 2421 3276 suo,
2457 3218 2511 3267 et
2545 3226 2658 3264 non
2699 3225 2764 3264 ex
2805 3225 2903 3265 ore
2947 3209 3162 3263 Domini
3194 3211 3262 3262 ⁸⁷.
3298 3229 3316 3260 ι
3346 3209 3483 3275 Quis
3519 3211 3666 3264 enim

2087 3304 2158 3360 ab
2191 3319 2288 3359 ore
2331 3302 2548 3358 Domini
2602 3303 2839 3371 loquens
2895 3301 3031 3355 dicit
3077 3301 3372 3354 anathema
3421 3300 3554 3356 Jesu
3585 3301 3666 3356 ⁸⁸⁸2

2088 3396 2245 3463 Quod
2276 3395 2528 3451 nonnulli
2563 3402 2715 3448 certe
2751 3393 2983 3454 faciunt,
3009 3392 3232 3461 pietatis
3261 3391 3519 3461 dogmata
3560 3393 3669 3447 im-

2088 3490 2358 3561 pudenter
2388 3486 2787 3559 proculcantes
2808 3524 2824 3549 ,
2856 3493 2910 3540 et
2940 3483 3088 3540 sicut
3122 3483 3512 3553 prophetarum
3539 3501 3669 3540 san-

2086 3587 2302 3633 ctorum
2338 3592 2483 3632 unus
2529 3575 2698 3640 dixit,
2756 3575 2942 3630 omnia
2995 3581 3144 3629 recta
3191 3581 3563 3643 pervertenles
3597 3575 3664 3633 “.

2085 3671 2253 3725 Aiunt
2284 3670 2430 3726 enim
2467 3668 2614 3724 aliud
2648 3683 2773 3724 esse
2808 3665 3063 3722 naturale
3092 3673 3149 3721 et
3185 3666 3415 3722 insitum
3462 3665 3571 3722 Deo
3603 3683 3668 3721 ac

2083 3761 2232 3816 Patri
2276 3763 2506 3818 verbum
2530 3803 2545 3827 ,
2583 3760 2734 3816 aliud
2769 3776 2970 3816 rursus
3003 3761 3101 3831 qui
3149 3760 3364 3816 dicitur
3399 3760 3576 3816 Filius
3613 3770 3667 3816 et

2086 3851 2354 3908 Verbum.
2389 3852 2457 3907 Et
2492 3852 2561 3906 ad
2595 3851 2955 3908 asserendum
2989 3865 3180 3918 suam,
3218 3859 3282 3906 ut
3312 3852 3664 3920 existimant,

2084 3943 2440 4007 sententiam,
2475 3942 2588 3997 imo
2642 3956 2776 3998 vero
2821 3941 3146 3997 ell'renatam
3186 3941 3554 4011 impietatem,
3582 3944 3665 3994 af-

2083 4034 2270 4091 ferunt
2303 4031 2495 4090 Iesum
2527 4034 2808 4090 Christum
2847 4034 3140 4089 Dominum
3181 4042 3431 4088 nostrum
3464 4034 3516 4088 in
3545 4034 3663 4089 suis

2082 4124 2148 4180 ad
2181 4122 2402 4178 Judteos
2436 4122 2796 4178 sermonibus
2821 4123 3098 4178 dicentem
3128 4139 3142 4176 :
3189 4142 3207 4174 ε
3238 4123 3377 4188 Quia
3409 4126 3527 4178 seio
3557 4123 3662 4178 Pa-

2083 4222 2254 4279 trem,
2278 4221 2336 4270 et
2369 4213 2600 4269 verbum
2632 4214 2754 4284 ejus
2786 4228 2949 4269 servo
2984 4215 3052 4266 ⁷ο.
3087 4233 3105 4266 ι
3129 4213 3404 4269 Praeterea
3437 4215 3488 4268 id
3513 4216 3658 4284 quod

2081 4305 2185 4375 ipsi
2232 4320 2263 4359 a
2308 4304 2471 4361 Patre
2501 4305 2708 4360 dictum
2745 4314 2828 4360 est
2860 4323 2872 4359 :
2902 4323 2921 4356 ι
2955 4303 3032 4358 Ex
3079 4311 3234 4359 utero
3282 4312 3410 4360 ante
3447 4305 3661 4362 Lucifeo

2082 4411 2205 4450 rum
2247 4397 2411 4469 genui
2451 4406 2505 4452 te
2535 4396 2604 4451 ".
2641 4423 2661 4448 ι
2691 4395 2780 4460 At,
2827 4396 3128 4469 inquiunt,
3163 4413 3436 4452 vcncnum
3473 4412 3504 4452 a
3560 4413 3663 4454 suo

399 4505 595 4572 τούτῳ,
637 4502 730 4555 καὶ
761 4501 822 4554 τὸ
860 4501 995 4572 πρὸς
1027 4503 1188 4555 αὐτὸν
1219 4505 1508 4574 εἰρημένον
1551 4502 1705 4575 παρά
1734 4503 1826 4556 τοῦ
1855 4505 1977 4573 lla-

2086 4496 2238 4560 patre
2286 4495 2571 4558 acceptum
2608 4496 2954 4554 cructantes,
2996 4488 3043 4543 si
3089 4489 3182 4559 qui
3237 4490 3481 4559 loquitur
3517 4492 3662 4546 alius

400 4593 547 4662 τρὸς,
583 4612 600 4645 ι
650 4593 746 4645 Ἐκ
784 4590 1017 4660 γαστρὸς
1061 4591 1166 4661 πρὸ
1199 4591 1508 4662 Ἑωσφόρου
1544 4591 1810 4664 ἐγέννησα
1848 4611 1928 4650 σε.
1953 4613 1972 4646 ι

399 4680 532 4736 Ε’τά
556 4697 709 4749 φασι,
727 4680 821 4733 τὸν
843 4681 907 4732 ὲκ
924 4677 1019 4732 τοῦ
1046 4679 1244 4733 οἰκείου
1273 4679 1476 4748 πατρὸς
1501 4678 1577 4732 ἰὸν
1595 4681 1971 4752 ἐρευγόμενοι*

400 4777 459 4827 lii
490 4775 518 4827 6
544 4772 720 4828 λαλῶν
758 4773 954 4842 ἔτερος
985 4771 1062 4836 ὡς
1099 4769 1235 4842 πρὸς
1279 4769 1371 4823 τὸν
1396 4764 1442 4838 ᾧ
1470 4771 1797 4840 διαλέγεται,
1853 4773 1970 4827 δια-

398 4867 454 4918 λέ
470 4884 609 4934 ,οεται
644 4865 701 4917 δὲ
727 4865 813 4918 διὰ
840 4865 1013 4934 Λόγου
1049 4863 1182 4934 πρὸς
1209 4862 1303 4914 τὸν
1333 4862 1460 4918 Υἰὸν
1483 4864 1512 4918 6
1533 4863 1746 4937 Πατὴρ,
1787 4865 1975 4937 ἕτερος

396 4955 502 5024 ἄρα
536 4955 665 5022 παρ’
705 4951 867 5004 αὑτὸν
901 4951 930 5003 6
982 4950 1220 5021 ἔμφυτος
1243 4949 1310 5006 ἂν
1348 4951 1434 5023 εἴη
1455 4953 1641 5021 Λόγος,
1679 4955 1707 5007 6
1731 4954 1791 5007 ὲν
1819 4947 1976 5027 ᾧπερ

396 5045 626 5096 ἐποιεῖτο
654 5042 752 5106 τὰς
779 5040 1044 5108 διαλέξεις
1075 5043 1103 5094 6
1128 5042 1318 5112 Πατήρ
1349 5057 1364 5074 ⁸
1401 5044 1496 5096 καὶ
1527 5045 1689 5098 πάλιν
1721 5062 1734 5075 ο
1767 5048 1830 5100 Ei.
1862 5048 1965 5100 αύ-

395 5135 488 5196 τός
526 5152 647 5196 που,
700 5134 892 5205 φησιν,
938 5135 967 5186 6
998 5134 1125 5196 Υἰός
1161 5136 1348 5203 τηρεῖν
1382 5133 1474 5187 τὸν
1510 5135 1603 5188 τοῦ
1631 5136 1845 5209 Πατρδς
1883 5139 1974 5191 λό-

394 5242 493 5295 γον
539 5225 927 5296 διισχυρισατο,
989 5225 1105 5289 πῶς
1136 5227 1236 5278 οὐκ
1274 5225 1342 5280 ἂν
1383 5226 1571 5298 ἕτερος
1611 5229 1695 5300 εἴη
1741 5229 1929 5284 λοιπὸν
1957 5231 1985 5283 6

391 5317 578 5388 τηρῶν
634 5317 781 5386 παρά
821 5317 912 5370 τὸν
958 5317 1331 5390 τηρούμενονς
1391 5320 1533 5392 Πρὸς
1579 5321 1636 5373 δέ
1683 5339 1746 5390 γε
1807 5323 1982 5375 ταῦτα

393 5407 628 5479 χαλεπὸν
661 5405 762 5477 μὲν
807 5405 934 5470 ἴσως
971 5408 1122 5460 οὐδὲν
1149 5408 1451 5476 ἀντιλέγειν
1503 5425 1518 5441 ·
1558 5428 1576 5460 ι
1617 5409 1786 5464 Δώσει
1815 5412 1924 5481 γὰρ
1955 5414 1984 5465 6

393 5495 591 5569 Κύριος
621 5499 772 5568 ῥῆμα
803 5499 913 5558 τοῖς
933 5496 1436 5568 εύαγγελιζομένοις
1461 5498 1690 5569 δυνάμει
1721 5501 1912 5569 πολλῇ’
1952 5519 1971 5552 ι

392 5590 530 5661 χρῆν
558 5589 617 5642 δέ
649 5606 712 5657 γε
760 5588 886 5651 τοὺς
914 5587 1076 5658 οἵπερ
1116 5590 1221 5641 εἰσὶ
1245 5588 1344 5660 τὴν
1383 5590 1640 5664 τοιαύτην
1689 5591 1975 5655 νοσοῦντες

466 5766 512 5796 ⁸⁵
548 5764 703 5820 Joan.
746 5772 950 5832 vm,5;‘i
1029 5772 1070 5801 ⁵⁵
1098 5771 1249 5827 Joan.
1288 5790 1398 5839 xw,
1429 5777 1513 5830 9.1.
1592 5777 1633 5806 ίδ
1667 5775 1827 5830 Prov.
1866 5792 1972 5828 xvn

2088 5815 2096 5826 .
2144 5777 2205 5804 δε·
2228 5776 2265 5827 Il
2296 5774 2431 5826 Tim.
2460 5792 2529 5835 iv,
2562 5777 2599 5826 ἱ.

1699 5847 1762 5900 3.3.
1846 5848 1886 5878 7‘
1932 5846 2077 5900 I‘sal.
2120 5861 2206 5898 ΗΧ
2234 5886 2246 5910 ,
2287 5848 2336 5899 5.
2421 5849 2424 5856 ’

393 5851 509 5899 ιὶι.
546 5839 597 5892 5.
681 5839 722 5868 ⁶ε³
764 5839 926 5896 Micb.
967 5859 1060 5909 Ill,
1096 5843 1145 5896 ‘J.
1231 5847 1270 5876 "’
1303 5844 1460 5902 Juau.
1501 5864 1638 5911 vm,
1679 5847 1762 5900 55.

2082 4585 2168 4635 cst
2202 4579 2272 4634 ab
2297 4593 2363 4634 eo
2391 4579 2480 4634 cui
2511 4579 2775 4648 loquitur,
2810 4578 2974 4635 Pater
3004 4588 3188 4635 autem
3218 4579 3356 4634 Filio
3388 4597 3485 4651 per
3524 4580 3654 4639 Ver-

2083 4673 2211 4727 bum
2266 4671 2547 4745 loquitur,
2604 4670 2752 4725 aliud
2800 4685 2933 4742 ergo
2979 4671 3048 4726 ab
3098 4672 3219 4742 ipso
3269 4673 3375 4727 erit
3428 4673 3658 4730 insitum

2081 4763 2328 4820 Verbum
2364 4762 2498 4817 illud
2534 4763 2591 4816 in
2636 4775 2748 4831 quo
2794 4759 2959 4818 Pater
2992 4762 3345 4833 loquebatur.
3383 4762 3556 4820 Item:
3597 4765 3655 4820 Si

2080 4857 2196 4927 ipse
2222 4854 2425 4909 alicubi
2463 4852 2640 4908 Filius
2670 4869 2731 4908 se
2764 4852 2946 4910 Patris
2975 4856 3208 4910 verbum
3243 4872 3467 4913 servare
3508 4874 3662 4913 asse-

2079 4948 2222 5009 ruit,
2259 4946 2532 5016 quomodo
2567 4960 2674 5000 non
2709 4945 2859 4999 aliud
2895 4945 3114 5000 domum
3152 4947 3258 5018 32
3288 4951 3394 5002 erit
3431 4951 3483 5004 id
3513 4951 3658 5020 quod

2080 5046 2262 5094 servat
2317 5037 2387 5094 ab
2436 5053 2505 5092 eo
2550 5037 2698 5107 quod
2757 5039 3059 5094 servatur?
3097 5039 3221 5095 llaec
3263 5042 3513 5098 refellere
3552 5059 3661 5098 non

2078 5131 2186 5186 erit
2239 5122 2426 5184 forsan
2478 5129 2738 5184 diliicile:
2779 5150 2797 5181 ι
2835 5131 2996 5185 Dabit
3041 5133 3188 5186 enim
3227 5133 3491 5189 Dominus
3538 5151 3659 5189 vcr-

2082 5222 2209 5276 bum
2264 5220 2788 5291 evangelizantibus
2843 5223 3048 5277 virtute
3076 5224 3247 5278 multa
3275 5226 3342 5279 τ’.
3374 5245 3390 5276 ι
3433 5225 3660 5280 Deccret

2081 5323 2264 5368 autem
2299 5329 2394 5368 eos
2444 5314 2539 5383 qui
2583 5323 2734 5368 tanta
2786 5315 3041 5369 laborant
3079 5317 3301 5372 inscitia
3340 5317 3661 5371 meminisse

2078 5406 2316 5461 dicentis
2345 5425 2359 5460 :
2391 5425 2409 5458 ι
2437 5406 2481 5460 0
2509 5407 2603 5476 qui
2633 5405 3007 5476 dereliquistis
3040 5408 3158 5464 vias
3192 5417 3368 5462 rectas
3389 5447 3402 5469 ,
3447 5415 3508 5459 ut
3537 5422 3654 5461 am-

2079 5496 2348 5553 bularetis
2406 5497 2461 5552 in
2522 5497 2628 5552 viis
2666 5499 3018 5552 tenebrarum
3056 5499 3130 5550 ⁷³3
3170 5517 3186 5547 ι
3235 5498 3407 5551 Nobis
3465 5506 3650 5553 autem

2076 5598 2511 5644 consentaneum
2542 5597 2628 5644 cst
2659 5589 2726 5644 ad
2776 5605 2898 5643 eum
2931 5588 3025 5657 qui
3082 5588 3136 5639 in
3185 5589 3343 5643 caelis
3389 5598 3476 5644 est
3533 5591 3648 5642 cla—
3730 5655 3742 5678 ἲ

2672 5772 2914 5825 “‘Jei'em.
2958 5786 3112 5822 \‘XIII.
3137 5771 3225 5824 ~26.
3257 5772 3345 5823 27.
3421 5770 3464 5798 ⁵⁸
3487 5769 3501 5818 1
3526 5768 3656 5823 (ἴον.

2424 5848 2461 5875 ¹²
2507 5844 2646 5898 ινδειι.
2684 5857 2829 5895 Lxm
2855 5881 2868 5906 ,
2913 5842 2993 5893 1:2.
3076 5842 3117 5870 7³
3162 5839 3322 5894 Micb.
3361 5853 3422 5894 ιιι
3449 5877 3463 5896 .
3497 5836 3546 5891 6.
