4092 6274
459 406 528 462 59
1443 397 1499 450 S.
1531 391 1810 451 CYNLLI
1856 384 2336 445 'ALEXANDRINI
2360 383 2667 441 ARCIIIEP.
3644 384 3713 439 (ἶο

463 541 617 593 mare
661 524 945 578 doctorem
974 563 985 575 .
1042 538 1062 571 ι
1094 520 1294 573 Averte
1318 517 1532 580 oculos,
1566 532 1633 569 ne
1661 514 1882 568 videant
1935 526 2024 563 va-

2132 503 2369 573 ἀμαθίαν
2418 502 2929 575 ἀναμιμνήσκεσθαι
2987 503 3081 557 τοῦ
3138 503 3390 570 λέγοντος
3423 519 3433 531 ·
3471 520 3489 552 ι
3553 502 3618 554 Ὢ
3663 503 3717 552 oi

463 617 690 671 nitatem
723 612 790 668 ⁷⁸.
829 631 845 665 1
878 610 1112 666 Vanitas
1147 609 1295 666 enim
1334 605 1622 677 profecto,
1655 613 1710 660 et
1744 618 1931 674 nugae,
1969 615 2033 655 ac

461 705 599 760 nihil
625 702 772 758 aliud
805 708 936 759 sunt
984 701 1076 755 illa
1120 713 1242 770 quae
1285 714 1348 753 ex
1401 695 1715 767 ignorantia
1767 708 1865 748 sua
1895 691 2033 747 ellu-

460 795 631 849 tiuut.
667 791 788 846 Non
815 791 961 846 enim
991 788 1148 858 quasi
1184 786 1421 842 Verbum
1456 783 1655 838 habeat
1691 781 1858 835 ullum
1884 777 2032 832 aliud

463 887 521 941 iu
551 886 736 957 seipso
763 882 949 938 Patris
975 880 1169 943 Filius,
1199 878 1338 933 dixit
1369 892 1427 932 se
1452 874 1630 931 Patris
1665 886 1889 930 servare
1921 886 2035 924 ver-

464 978 594 1032 bum
622 994 637 1031 :
670 991 851 1045 neque
900 973 969 1028 ad
1019 987 1119 1027 nos
1165 970 1382 1027 venisse
1434 980 1680 1037 unquam
1708 961 2031 1025 aﬂirmavit,

462 1064 621 1134 quasi
675 1065 1031 1134 paedagogum
1075 1059 1367 1131 quemdam
1401 1056 1606 1119 ferret,
1641 1054 1737 1111 sed
1771 1062 2030 1123 tanquam

463 1156 621 1210 solus
666 1154 1003 1209 incssistens
1044 1150 1196 1206 Patri
1226 1149 1531 1205 secundum
1581 1155 1860 1210 naturam,
1895 1157 1949 1201 et
1976 1146 2032 1199 in

462 1261 525 1301 se
552 1246 798 1301 vicissim
845 1243 1066 1300 Patrem
1101 1243 1310 1298 habens
1344 1242 1621 1305 similiter,
1656 1238 2035 1294 intercedente

464 1337 663 1392 nullo:
694 1334 933 1408 «E30,:
983 1334 1201 1407 inquit,
1254 1351 1273 1385 t
1307 1334 1361 1388 in
1414 1332 1612 1399 Patre,
1666 1338 1720 1385 et
1776 1329 1930 1385 Pater
1978 1330 2032 1383 in

464 1442 551 1481 me
579 1425 668 1493 ";
702 1445 721 1478 ι
749 1442 859 1481 non
891 1426 1117 1481 insitqu
1150 1422 1319 1487 illud,
1354 1437 1534 1492 neque
1568 1420 1716 1475 aliud
1751 1418 2031 1490 quoddam

463 1513 702 1572 Verbum
723 1557 737 1582 ,
773 1517 869 1573 sed
917 1515 1077 1571 Pater
1106 1517 1160 1571 in
1193 1531 1302 1569 me.
1350 1513 1640 1580 Quomodo
1670 1512 1840 1582 igitur
1872 1510 2033 1564 intel-

462 1607 736 1677 ligendum
763 1617 849 1663 est
877 1607 1012 1662 illud
1040 1606 1186 1678 quod
1214 1605 1282 1659 ad
1308 1603 1529 1659 Iudaeos
1570 1604 1640 1658 ab
1668 1603 1788 1671 ipso
1820 1602 2031 1657 dictum

457 1706 578 1767 est,
605 1706 815 1769 qureret
841 1697 1042 1768 aliquis
1066 1736 1080 1758 ,
1113 1712 1214 1751 nec
1243 1695 1474 1764 injuria.
1527 1692 1629 1748 Cui
1658 1709 1725 1747 ex
1778 1694 1855 1748 rei
1886 1694 2031 1748 veri-

2134 597 2586 664 ὲγκαταλιπόντες
2631 597 2782 659 ὁδοὺς
2847 594 3060 659 εὐθείας
3120 597 3214 649 τοῦ
3277 593 3604 666 πορεύεσθαι
3653 593 3715 647 ὲν

2136 689 2275 752 ὁδοῖς
2312 688 2537 753 σκότους
2561 707 2572 719 ·
2622 707 2641 740 ι
2686 689 2830 760 ἡμᾶς
2853 687 2909 740 δὲ
2934 687 3223 742 ἀκόλουθον
3249 686 3385 758 πρὸς
3408 684 3500 739 τὸν
3513 687 3572 738 δν
3598 689 3712 750 τοῖς

2133 782 2379 851 οὐρανοῖς
2430 780 2869 850 ἀναφθέγγεσθαι
2920 780 3283 851 μυσταγωγόν
3317 796 3330 810 ·
3369 797 3389 830 t
3423 779 3713 850 Ἀπόστρε-

2135 872 2234 941 ψον
2270 874 2397 938 τοὺς
2421 872 2731 943 ὀφθαλμοὺς
2753 872 2847 926 τοῦ
2876 872 2950 944 μὴ
2974 872 3102 926 ίδεῖν
3129 871 3484 943 ματαιότητα.
3530 890 3548 922 1
3588 872 3704 925 Ma-

2133 962 2354 1033 ταιότης
2400 961 2507 1033 γὰρ
2555 962 2742 1027 ὅντως,
2782 961 2942 1034 λῆρός
2984 979 3044 1015 τε
3092 963 3186 1017 καὶ
3216 962 3402 1032 ἕτερον
3450 960 3601 1015 οὐδὲν
3644 962 3712 1016 τὰ

2136 1054 2199 1106 ὲκ
2227 1052 2323 1121 τῆς
2357 1050 2581 1106 ἐκείνων
2615 1052 2970 1115 ἀπαιδευσίας
2993 1053 3442 1123 κενοφωνούμενα
3469 1068 3484 1084 ⁸
3515 1053 3577 1106 οὑ
3601 1052 3711 1124 γὰρ

2135 1143 2209 1207 ὡς
2249 1143 2419 1213 Λόγον
2461 1143 2599 1216 ἔχων
2632 1144 2817 1216 ἕτερον
2859 1145 3049 1199 οὐδένα
3072 1147 3130 1199 ὲν
3168 1145 3344 1214 ἑαυτῷ
3370 1145 3466 1199 τοῦ
3497 1146 3710 1215 Πατρὸς

2134 1238 2164 1290 6
2189 1237 2335 1300 Υἱὸς,
2353 1238 2444 1291 τὸν
2469 1237 2563 1291 τοῦ
2590 1240 2700 1292 Πατ
2710 1238 2799 1307 ρος
2824 1237 3027 1306 ἔφασκε
3059 1238 3218 1306 λόγον
3230 1240 3435 1310 τηρεῖνο
3466 1238 3581 1293 ἀλλ’
3600 1238 3710 1293 οὑδ⁹

2134 1329 2318 1399 ὥςπερ
2363 1329 2485 1382 τινὰ
2526 1329 2868 1399 παιδαγωγόν
2893 1330 3342 1400 ὲπικομιζὸμενος
3377 1330 3511 1402 πρὸς
3563 1332 3711 1401 ἡμᾶς

2136 1421 2362 1492 ἀφῖχθαι
2410 1422 2779 1493 διισχυρίσατό
2812 1440 2963 1488 ποτε,
2996 1423 3072 1487 ὡς
3103 1423 3159 1477 δὲ
3195 1423 3354 1493 μόνος
3387 1425 3710 1496 ἐνυπάρχων

2137 1512 2276 1566 κατὰ
2314 1511 2475 1583 φύσιν
2525 1512 2603 1584 τῷ
2635 1513 2831 1585 Πατρὶ,
2854 1512 2994 1584 ἔχων
3029 1531 3088 1568 τε
3119 1511 3190 1569 αὖ
3219 1514 3380 1569 πάλιν
3425 1515 3624 1586 ὁμοίιος
3651 1518 3710 1568 ὲν

2133 1605 2310 1678 ἑαυτῷ
2340 1606 2723 1679 τδνΊῘατέρα,
2776 1604 3202 1678 μεσολαϐοῦντος
3238 1609 3425 1681 ἑτέρου
3459 1608 3704 1679 μηδενός·

2141 1716 2159 1749 ι
2221 1696 2380 1767 Ἐγὼ,
2435 1698 2618 1770 φησιν,
2674 1700 2730 1752 ὲν
2786 1699 2864 1769 τῷ
2919 1700 3115 1771 “arpi,
3179 1701 3272 1753 καὶ
3332 1701 3360 1753 6
3401 1700 3592 1771 Πατὴρ
3649 1704 3709 1753 ὲν

460 1799 574 1844 tate
615 1788 1079 1859 respondebimus
1132 1802 1255 1858 quae
1298 1787 1458 1842 nobis
1509 1786 1563 1840 in
1600 1793 1834 1841 mentem
1867 1801 2028 1842 vene-

2137 1786 2279 1856 ἐμοὶ,
2315 1806 2334 1840 1
2362 1787 2461 1859 οὑχ
2492 1789 2520 1841 6
2551 1787 2808 1859 ἔμφυτος,
2834 1788 2949 1842 ἀλλ’
2973 1789 3095 1843 οὐδὲ
3120 1790 3148 1841 6
3177 1790 3365 1860 ἕτερός
3395 1806 3481 1853 τις
3509 1790 3700 1858 Λόγος,

461 1881 594 1933 rint.
631 1877 872 1934 Docebat
901 1876 1155 1932 Salvator
1185 1876 1681 1932 obstinatissimum
1713 1874 2026 1930 Judaaorum

2136 1877 2247 1932 ἀλλ’
2274 1881 2301 1932 6
2332 1880 2520 1952 Πατὴρ
2544 1881 2602 1933 ὲν
2640 1881 2784 1951 ἐμοί.
2834 1879 2958 1938 Πῶς
3007 1876 3099 1934 οὖν
3155 1881 3262 1950 ἄρα
3309 1880 3498 1950 νοῆσαι
3538 1898 3708 1951 προσ-

459 1971 743 2040 populum.
766 1978 829 2027 et
852 1967 1114 2039 paulatim
1147 1984 1177 2023 a
1213 1967 1371 2039 legali
1402 1967 1555 2023 cultu
1587 1967 1868 2023 auditores
1897 1967 2031 2023 abs-

460 2062 724 2126 trahens,
785 2060 985 2131 srepius
1035 2059 1416 2115 inclamabat:
1451 2078 1468 2111 ι
1508 2058 1617 2130 Ego
1690 2072 1813 2115 sum
1890 2058 2033 2113 veri.

461 2153 661 2219 tas",1
682 2151 1074 2224 proprmodum
1109 2151 1301 2207 dicens
1331 2169 1344 2205 :
1372 2150 1647 2214 Excutite,
1667 2163 1875 2219 quaeso,
1909 2164 2031 2215 vos,

460 2246 633 2314 legale
658 2243 850 2317 jugum
885 2261 898 2299 :
941 2244 1323 2299 adoratiouem
1369 2242 1425 2296 in
1461 2242 1661 2311 spiritu
1714 2240 1978 2310 suscipite
2016 2258 2030 2293 ε

457 2336 639 2388 valeat
677 2333 895 2390 tandem
928 2334 1121 2389 umbra
1147 2374 1163 2399 ,
1201 2341 1551 2387 removeatur
1587 2331 1758 2401 ligura
1780 2370 1795 2393 ,
1827 2330 2035 2385 veritas

457 2426 659 2483 illuxit.
697 2424 803 2480 Sed
852 2439 961 2479 non
1004 2424 1266 2479 omnibus
1310 2431 1458 2477 recte
1506 2421 1692 2477 lacere
1742 2421 2037 2477 videbatur

458 2517 604 2585 quod
638 2515 878 2571 Mosaica
911 2524 1182 2585 praecepta
1210 2523 1483 2569 everteret
1503 2556 1516 2576 ,
1549 2514 1659 2568 imo
1686 2529 1815 2569 vero
1840 2514 1907 2569 ad
1942 2530 2035 2570 ve-

456 2609 675 2663 ritatem
710 2607 1127 2674 adduceret,ita
1160 2617 1220 2662 ut
1246 2605 1500 2661 nonnulli
1529 2607 1706 2677 palam
1739 2605 2030 2662 dicerent:

431 2716 481 2750 .t
519 2697 575 2753 Si
621 2706 767 2753 esset
819 2698 905 2751 hic
951 2698 1114 2752 homo
1169 2712 1201 2752 a
1252 2696 1397 2763 Deo,
1454 2712 1564 2752 non
1611 2697 1855 2753 solveret
1900 2696 2034 2754 Sab-

456 2792 582 2846 bata
607 2790 654 2822 ‘"
680 2808 693 2844 :
720 2808 739 2843 ι
763 2791 908 2860 quod
938 2798 1061 2846 erat
1086 2791 1279 2862 procul
1309 2790 1477 2845 dubio
1506 2776 1876 2846 condemnare
1904 2806 2033 2860 pec-

453 2881 561 2936 cati
588 2895 714 2937 eum
737 2883 829 2952 qui
861 2896 971 2936 non
1000 2882 1151 2937 novit
1181 2881 1338 2936 illud.
1367 2879 1682 2937 Istiusmodi
1718 2880 2031 2937 Judacorum

456 2970 675 3029 furores
734 2973 921 3043 itaque
980 2973 1238 3040 diluens,
1295 2988 1514 3029 omnem
1555 2973 1754 3028 fastum
1810 2973 2031 3044 quidem

454 3061 690 3116 orationi
723 3061 1032 3129 subtrahit,
1062 3069 1116 3116 et
1145 3062 1418 3118 submisse
1436 3099 1451 3125 ,
1475 3075 1575 3115 nec
1595 3068 1784 3131 aperte
1805 3060 2034 3115 edoccre

2132 1972 2256 2041 ήκοι
2304 1970 2365 2023 :6
2415 1972 2548 2042 παρ’
2597 1971 2763 2025 αὐτοῦ
2804 1971 2940 2040 πρὸς
2992 1973 3118 2033 τοὺς
3156 1970 3442 2034 Ἰουδαίους
3482 1973 3709 2042 είρημέ-

2134 2079 2243 2125 νον,
2271 2061 2413 2115 εἴποι
2454 2079 2536 2126 τις
2559 2061 2624 2115 ἂν
2647 2064 2803 2131 ἡμῖν,
2843 2062 2937 2114 καὶ
2982 2061 3127 2130 μάλα
3178 2060 3401 2123 είκότως
3428 2078 3442 2091 ο
3471 2063 3608 2131 πρὸς
3644 2062 3711 2132 δὴ

2133 2151 2291 2206 τοῦτο
2347 2152 2580 2224 ἐροῦμεν
2633 2153 2989 2224 ἀληθεύοντες
3046 2153 3117 2206 τὰ
3173 2153 3253 2214 είς
3298 2151 3423 2204 νοῦν
3487 2152 3712 2206 ἀναϐαί-

2134 2261 2291 2298 νοντα
2333 2244 2424 2297 τὸν
2461 2245 2745 2316 ἡμέτερον.
2787 2245 3093 2305 Ἐδίδασκεν
3141 2247 3169 2298 6
3210 2243 3401 2314 Σωτὴρ
3445 2243 3536 2297 τὸν
3580 2244 3709 2297 δυσ-

2136 2334 2485 2389 πειθέστατον
2515 2335 2623 2390 τῶν
2657 2336 2926 2391 Ἰουδαίων
2962 2336 3107 2392 λαῶν
3127 2336 3242 2410 [πο.
3263 2334 3437 2407 λαὸν],
3461 2337 3555 2391 καὶ
3569 2337 3711 2392 κατά

2138 2421 2308 2494 βραχὺ
2345 2421 2446 2494 τῆς
2485 2424 2715 2494 νομικῆς
2746 2424 2980 2491 ἐξέλκων
3027 2424 3279 2496 λατρείας
3323 2425 3448 2488 τοὺς
3502 2425 3711 2494 ἀκροω-

2138 2512 2351 2582 μένους,
2373 2512 2641 2583 ἐπεφώνει
2669 2514 2948 2580 πολλάκις”
2982 2534 3000 2566 t
3037 2514 3178 2583 Ἑγώ
3204 2515 3318 2586 είμι
3347 2516 3378 2585 ἡ
3408 2513 3653 2585 ἀλήθεια,
3682 2533 3704 2564 ι

2139 2603 2421 2673 μονονουχὶ
2450 2601 2623 2671 λέγων
2648 2619 2663 2635 ·
2681 2604 3069 2659 ’Λποσείσασθε
3094 2604 3184 2658 τὸν
3213 2604 3455 2675 νομικὸν,
3473 2597 3705 2669 ὣοῦτοι,

2136 2693 2297 2763 ζυγόν
2326 2711 2339 2726 ·
2388 2695 2751 2761 καταδέξασθε
2814 2697 2912 2769 τὴν
2958 2697 3016 2752 ὲν
3064 2698 3338 2769 πνεύματι
3402 2699 3657 2771 λατρείαν
3691 2718 3703 2731 ·

2134 2782 2365 2854 οἰχέσθω
2420 2784 2603 2839 λοιπὸν
2647 2788 2680 2857 ἡ
2729 2786 2878 2848 σκιά,
2917 2788 3164 2858 χωρείτω
3203 2790 3420 2860 μακρὰν
3455 2788 3484 2841 ό
3516 2790 3706 2852 τύπος,

2137 2873 2454 2946 ἐπέλαμψεν
2491 2876 2524 2945 ἡ
2557 2875 2805 2946 ἀλήθεια.
2840 2877 2981 2930 ’Λλλ’
3014 2878 3075 2931 ού
3121 2881 3286 2933 πᾶσιν
3319 2878 3494 2932 ἐδόκει
3536 2883 3707 2934 ποιεῖν

2135 2966 2339 3038 ὀρθῶς,
2386 2968 2706 3039 ἀνατρέπων
2753 2968 2823 3022 τὰ
2863 2968 3142 3034 Μωσέως,
3208 2971 3407 3041 μᾶλλον
3462 2971 3518 3025 δὲ
3560 2972 3707 3041 ἄγων

2135 3057 2229 3110 ἐπὶ
2262 3056 2323 3111 τὸ
2365 3056 2743 3129 ἀληθέστερον,
2794 3059 2869 3123 ὡς
2912 3059 3005 3113 καί
3047 3077 3200 3124 τινας
3228 3062 3331 3132 ἥδη
3362 3062 3493 3133 βοᾷν
3525 3079 3538 3093 δ
3581 3082 3598 3114 t
3646 3062 3707 3115 Ei

454 3153 570 3208 vult
594 3153 738 3224 quod
760 3153 894 3208 nihil
922 3161 1118 3222 praeter
1137 3153 1476 3209 voluntatem
1492 3151 1582 3208 Dei
1604 3168 1667 3207 ac
1687 3151 1867 3209 Patris
1892 3152 2028 3210 fece-

2140 3146 2207 3221 ἦν
2256 3144 2409 3214 οὗτος
2458 3149 2609 3222 παρὰ
2658 3150 2794 3204 Θεοῦ
2842 3150 3147 3222 ἄνθρωπος,
3209 3154 3310 3206 οὑκ
3366 3154 3431 3208 ἂν
3478 3153 3598 3207 έλυε
3640 3155 3708 3209 τὰ

452 3245 523 3300 rit
543 3284 560 3308 ,
599 3244 691 3315 qui
716 3258 825 3300 non
854 3243 1007 3299 novit
1028 3253 1309 3313 peccatum
1340 3242 1534 3301 Filius.
1597 3242 1795 3301 Verum
1821 3284 1838 3310 ,
1884 3259 1959 3300 ne
1987 3244 2031 3298 si

452 3335 692 3406 apertius
713 3335 943 3403 diceret,
974 3334 1262 3392 Peccatum
1296 3351 1404 3391 non
1436 3334 1583 3398 novi,
1615 3350 1809 3391 rursus
1846 3350 1942 3391 eos
1970 3344 2030 3389 ιιι

424 3428 506 3483 .iu
529 3441 589 3483 se
617 3426 891 3498 lapidibus
919 3428 1194 3492 saevirent,
1220 3436 1473 3492 acueret;
1501 3429 1686 3483 statim
1713 3427 1917 3498 quippe
1947 3427 2030 3481 ira

455 3517 652 3572 fervidi
686 3525 742 3572 et
766 3524 1065 3573 aestuantes
1094 3517 1368 3598 dixissent
1398 3537 1411 3573 :
1446 3516 1552 3574 Uni
1599 3517 1707 3573 Deo
1737 3520 2023 3588 proprium

450 3618 538 3666 est
568 3622 682 3664 non
714 3622 978 3678 peccare,
1013 3617 1071 3662 ttt
1102 3617 1285 3664 autem
1316 3610 1485 3663 homo
1515 3624 1640 3663 cum
1677 3611 1789 3672 sis,
1823 3610 1935 3663 noli
1968 3626 2031 3665 ea

454 3699 703 3771 proferre
729 3714 852 3771 quae
877 3698 980 3754 soli
1010 3698 1120 3754 Deo
1146 3700 1508 3755 conveniunt.
1537 3699 1691 3766 Quod
1721 3700 1856 3756 alias
1885 3709 2032 3756 certe

455 3792 737 3854 fecerunt,
781 3790 1027 3846 dicentes
1059 3789 1187 3859 jure
1225 3805 1285 3846 se
1331 3804 1454 3845 eum
1498 3791 1772 3861 lapidibus
1815 3799 2024 3862 petere.

450 3882 559 3953 33
620 3881 791 3952 quod,
846 3897 973 3937 eum
1040 3889 1190 3938 esset
1263 3882 1462 3947 homo,
1521 3885 1759 3953 scipsum
1824 3885 2030 3941 laceret

452 3965 622 4027 Deum
657 3972 992 4028 :obscurius
1028 3970 1303 4039 Salvator,
1355 3975 1654 4043 prmertim
1697 3990 1821 4030 cum
1865 3977 2028 4031 homo

451 4065 630 4119 factus
660 4072 829 4128 esset,
867 4073 923 4120 et
973 4072 1232 4135 tanquam
1265 4065 1368 4135 legi
1420 4065 1678 4121 subditus
1710 4082 1837 4121 cum
1892 4068 2025 4137 legis

446 4155 708 4220 subditis,
740 4169 1049 4212 sermonem
1083 4155 1223 4210 dixit
1249 4169 1473 4211 servare
1504 4171 1566 4212 se
1597 4150 1793 4221 Patris,
1826 4173 2023 4230 prope-

448 4247 672 4304 modum
740 4247 1000 4319 inquiens
1048 4267 1061 4303 :
1113 4246 1394 4319 Nusquam
1454 4247 1631 4304 Patris
1682 4250 2020 4307 voluntatem

448 4338 867 4411 praetergrediar
896 4356 911 4407 ;
967 4348 1250 4411 peccatum
1278 4341 1424 4395 enim
1460 4348 1546 4396 est
1575 4341 1629 4396 in
1660 4341 1861 4397 divina:
1890 4342 2022 4413 legis

2138 3241 2392 3298 Σάϐϐατα
2426 3260 2441 3275 ο
2493 3261 2512 3296 1
2577 3243 2714 3315 ὅπερ
2772 3238 2842 3314 ἦν
2894 3244 3154 3316 ἄντικρυς
3207 3245 3481 3317 ἁμαρτίαν
3537 3262 3703 3300 καταο

2134 3333 2467 3404 ψηφίζεσθαι
2501 3334 2593 3389 τοῦ
2638 3335 2714 3405 μὴ
2769 3334 2969 3399 εἰδότος
3028 3335 3223 3406 αὑτήν.
3271 3336 3416 3404 Πρὸς
3461 3322 3557 3391 οῦν
3608 3337 3709 3401 τὰς

2134 3426 2391 3491 τοιαύτας
2434 3426 2545 3482 τῶν
2597 3427 2865 3482 Ἰουδαίων
2909 3428 3167 3494 ἀπονοίας
3225 3429 3662 3500 ἀπολογούμενος
3690 3471 3707 3491 ,

2136 3515 2311 3569 πάντα
2389 3515 2489 3586 μὲν
2538 3517 2761 3589 ὑφαιρεῖ
2801 3517 2893 3572 τὸν
2930 3519 2987 3571 έν
3043 3522 3155 3584 τοῖς
3198 3520 3405 3592 ῥήμασι
3461 3520 3707 3593 κόμπον,

2135 3607 2443 3678 ὑφειμένως
2490 3607 2566 3671 δὲ,
2608 3609 2703 3663 καὶ
2761 3610 2823 3664 οὑ
2883 3610 3138 3682 τρανῶς,
3187 3612 3526 3667 ἐκδιδάσκειν
3582 3614 3711 3685 βού-

2133 3697 2315 3762 λεται,
2379 3698 2456 3762 ὡς
2501 3700 2601 3753 οὐκ
2655 3700 2719 3754 ἀν
2766 3718 2818 3754 τι
2880 3703 3031 3773 παρά
3084 3704 3144 3757 τδ
3182 3703 3371 3759 δοκοῦν
3419 3706 3713 3777 ἐργάσαιτο

2132 3787 2212 3858 τῷ
2269 3787 2388 3860 Θεῷ
2433 3790 2530 3845 καὶ
2592 3791 2767 3863 Πατρὶ
2813 3792 2842 3845 ό
2890 3793 2966 3865 μὴ
3018 3794 3176 3857 εἰδὼς
3225 3796 3503 3868 ἁμαρτίαν
3556 3798 3704 3863 Υἱός.

2134 3880 2252 3933 Ἵνα
2279 3880 2335 3934 δὲ
2376 3881 2450 3952 μὴ
2497 3885 2827 3955 γυμνότερον
2867 3883 3073 3953 λέγων,
3114 3887 3410 3959 Ἀμαρτίαν
3438 3889 3538 3943 οὐκ
3570 3884 3707 3955 οἶδα,

2133 3971 2443 4045 παροτρύνῃ
2467 3972 2628 4027 πάλιν
2664 3974 2859 4038 αὐτοὺς
2896 3977 2976 4038 είς
2991 3976 3053 4028 τὸ
3082 3976 3403 4031 καταλεύειν
3442 3978 3604 4034 αὐτόν
3629 3999 3641 4011 ο
3673 3980 3707 4050 ἢ

2131 4066 2240 4138 γὰρ
2256 4065 2321 4120 ἂν
2339 4067 2500 4131 εὐθὺς
2518 4065 2836 4132 ἀναζέοντες
2851 4069 2930 4133 εἷς
2951 4069 3118 4138 ὀργάς
3135 4070 3422 4141 ἐπεπήδων
3440 4071 3705 4141 λέγοντες·

2130 4156 2249 4227 Θεῷ
2277 4157 2424 4227 μόνῳ
2460 4157 2521 4211 τδ
2548 4157 2621 4229 μὴ
2645 4158 2982 4230 ἁμαρτάνειν
3003 4160 3222 4216 οἰκεῖον·
3248 4162 3313 4216 σὺ
3342 4162 3399 4215 δὲ
3425 4162 3709 4234 ἅνθρωπος

2129 4247 2223 4312 ῶν,
2246 4248 2321 4316 μὴ
2343 4249 2491 4304 λάλει
2509 4250 2574 4304 τὰ
2589 4250 2734 4321 μόνῳ
2760 4252 3038 4323 πρέποντα
3050 4252 3188 4324 Θεῷ.
3201 4255 3266 4308 Ὃ
3280 4253 3343 4326 δὴ
3357 4255 3449 4307 καὶ
3483 4254 3708 4327 ἑτέρωθί

2130 4357 2233 4393 που
2278 4342 2617 4415 πεπράκασι,
2661 4342 2911 4411 λέγοντες
2953 4343 3194 4409 λιθάζειν
3247 4345 3412 4399 αὑτὸν
3458 4345 3706 4410 εἰκότως,

448 4431 932 4502 transgressione;
966 4447 1068 4503 ego
1100 4447 1228 4487 vero
1253 4449 1360 4487 non
1392 4434 1518 4488 novi
1549 4441 1858 4502 peccatum,
1893 4447 2019 4487 cum

2132 4433 2319 4504 ὅτιπερ
2360 4434 2643 4505 ἄνθρωπος
2674 4434 2768 4498 ῶν,
2805 4432 2995 4488 ἑαυτὸν
3021 4437 3163 4489 ποιεί
3180 4435 3312 4489 Θεόν
3341 4452 3355 4467 ο
3392 4453 3459 4488 πε
3470 4436 3715 4506 ριεσταλ·

449 4523 553 4576 sim
588 4501 733 4580 Deus
792 4501 1097 4580 secundum
1136 4533 1411 4579 naturam.
1447 4501 1634 4594 Itaque
1665 4539 1792 4579 cum
1826 4524 2018 4588 doceo,

2132 4501 2305 4594 μένως
2337 4528 2365 4579 6
2392 4501 2603 4596 Σωτὴρ,
2643 4526 2739 4580 ἅτε
2776 4526 2841 4598 δὴ
2874 4527 2968 4580 καὶ
3006 4526 3289 4598 ἄνθρωπος
3321 4501 3581 4598 γεγονὼς,
3613 4529 3703 4583 καὶ

449 4613 668 4672 Patrem
702 4632 814 4672 non
847 4615 1088 4672 oﬂ'endo.
1135 4615 1407 4672 Caeterum
1452 4631 1617 4671 nemo
1664 4615 2029 4686 reprehendat

446 4722 577 4761 eum
615 4708 710 4778 qui
752 4708 1035 4778 legislator
1079 4707 1329 4777 quidem‘
1356 4716 1442 4763 est
1494 4714 1690 4762 natura
1747 4720 1884 4771 sua,
1930 4707 2024 4763 sed

448 4807 671 4867 propter
686 4798 1101 4856 similitudinem
1129 4815 1291 4870 quam
1323 4799 1488 4855 habet
1511 4799 1820 4863 nobiscum,
1851 4798 2023 4870 legem

445 4890 723 4945 observat.
751 4890 845 4944 Ait
877 4898 1058 4964 autem
1099 4905 1160 4946 se
1198 4888 1416 4947 Patrem
1447 4905 1637 4957 nosse,
1666 4905 1775 4945 non
1811 4890 2023 4961 simpli-

446 4983 609 5044 citer,
638 4980 804 5035 sicuti
857 4996 979 5043 nos.
1012 4981 1084 5036 ob
1132 4982 1278 5038 istud
1323 4983 1525 5047 solum,
1569 4983 1716 5053 quod
1748 4983 1891 5040 Deus
1919 4992 2027 5048 est,

446 5073 541 5128 sed
575 5089 640 5127 ex
674 5088 742 5129 eo
782 5072 929 5144 quod
964 5074 1080 5143 ipse
1113 5080 1226 5140 est,
1276 5074 1455 5131 Patris
1498 5083 1750 5129 naturam
1789 5076 1934 5130 scire
1961 5092 2022 5131 se

444 5166 752 5219 t-onllrmat.
782 5163 1051 5231 Quoniam
1102 5180 1232 5220 vero
1277 5165 1600 5221 mutationis
1640 5168 1883 5221 nescium
1916 5165 2019 5220 Pa-

446 5266 585 5313 trem
613 5271 737 5314 esse
775 5256 966 5322 novit,
1012 5256 1120 5312 scit
1156 5256 1322 5311 etiam
1357 5258 1614 5313 nimirum
1663 5274 1723 5314 se
1762 5259 2015 5314 immuta-

447 5350 607 5405 hilem
647 5366 713 5406 ex
750 5347 1078 5405 immutabili
1119 5348 1296 5404 Patre.
1334 5349 1489 5416 Quod
1545 5360 1727 5405 autem
1761 5351 2019 5404 mutatio-

2124 4614 2201 4679 ῶς
2224 4615 2330 4669 ὑπὸ
2350 4616 2514 4686 νόμον
2546 4616 2686 4687 μετά
2713 4616 2822 4670 τῶν
2848 4616 2953 4670 ὑπὸ
2984 4618 3148 4688 νόμον
3173 4621 3265 4671 τὸν
3295 4618 3451 4687 λόγον
3478 4619 3582 4691 ἔφη
3617 4636 3701 4690 τη-

2128 4710 2242 4781 ρεῖν
2263 4709 2356 4762 τοῦ
2378 4708 2615 4780 Πατρὸς,
2644 4708 2926 4779 μονονουχὶ
2971 4708 3144 4779 λέγων
3170 4726 3184 4741 ·
3226 4708 3476 4780 Οὑδαμοῦ
3521 4710 3582 4764 τὸ
3611 4709 3705 4763 τοῦ

2122 4799 2333 4870 Πατρὸς
2359 4798 2571 4871 θέλημα
2599 4802 3040 4873 παρεκὸἡσομαι.
3068 4802 3158 4854 Ἐν
3189 4800 3295 4872 γάρ
3327 4799 3405 4871 τῷ
3441 4800 3533 4854 τὸν
3563 4801 3705 4855 θεῖον

2123 4890 2439 4962 ἐξέρχεσθαι
2469 4891 2630 4962 νόμον
2668 4892 2701 4963 ἡ
2733 4892 2977 4964 ἁμαρτία
3000 4891 3209 4960 γίνεται
3232 4908 3244 4921 °
3275 4891 3387 4961 ἐγὼ
3424 4891 3481 4945 δὲ
3524 4892 3696 4965 ἀμαρ-

2124 4980 2242 5033 τίαν
2274 4980 2376 5033 οὑκ
2404 4975 2540 5045 οἶδα,
2600 4980 2740 5035 κατά
2788 4981 2949 5050 φύσιν
2992 4980 3254 5053 ὑπάρχων
3294 4982 3444 5044 Θεός.
3493 4981 3704 5035 Οὐκοῦν

2125 5072 2409 5137 διδάσκων,
2443 5072 2504 5126 ού
2545 5072 2700 5127 λυπῶ
2747 5072 2837 5127 τὸν
2885 5073 3126 5143 Πατέρα.
3159 5073 3360 5127 Λοιπὸν
3390 5072 3701 5143 ὲπιτιμάτω

2129 5163 2317 5235 μηδεὶς
2334 5163 2412 5234 τῷ
2439 5165 2579 5219 κατά
2607 5163 2769 5234 φύσιν
2797 5164 2895 5234 μὲν
2920 5164 3206 5234 νομοθέτῃ,
3237 5164 3324 5219 διὰ
3357 5162 3415 5217 δὲ
3445 5163 3543 5235 τὴν
3569 5164 3701 5235 πρὸς

2127 5258 2272 5327 ἡμᾶς
2301 5257 2560 5326 ὁμοίωσιν
2617 5255 2975 5326 νομοφύλακι.
3022 5255 3228 5309 Εἰδέναι
3256 5255 3312 5308 δὲ
3349 5254 3442 5309 τὸν
3482 5254 3698 5325 Πατέρα

2119 5345 2303 5414 φησὶν,
2336 5346 2434 5416 οὐχ
2482 5346 2667 5407 ἁπλῶς
2719 5344 2969 5414 καθάπερ
3014 5346 3193 5415 ἡμεῖς,
3221 5346 3700 5417 ἀπεριεργότεφν,

445 5452 567 5492 nem
616 5439 829 5502 nescit,
877 5437 1153 5509 quomodo
1204 5453 1428 5499 peccare
1476 5440 1731 5502 dicetur,
1793 5454 1857 5494 ac
1910 5455 2018 5494 uou

2132 5436 2249 5489 ιύτὸ
2301 5436 2364 5505 δὴ
2404 5436 2561 5490 τοῦτο
2614 5436 2792 5506 μόνον,
2824 5436 3053 5505 ἐπείπερ
3087 5434 3173 5504 εἴη
3202 5433 3357 5499 Θεὸς,
3387 5434 3502 5487 ἀλλ’
3539 5432 3599 5501 ἐξ
3627 5426 3699 5487 ὧν

448 5526 628 5596 potius
677 5528 733 5584 in
782 5528 1022 5598 propriis
1080 5538 1291 5583 natura:
1323 5528 1545 5584 dotibus
1590 5529 1804 5584 ﬁrmum
1834 5529 2017 5584 cousi-

446 5615 631 5671 stere?
678 5616 824 5673 Vana
854 5630 938 5675 est
970 5619 1152 5691 itaque
1182 5618 1494 5677 Judinl'um
1525 5622 1874 5686 obtrectatio,
1926 5622 2014 5693 qui

2116 5526 2263 5577 ἐστιν
2282 5524 2439 5587 αὐτὸς
2459 5526 2557 5594 τὴν
2584 5525 2676 5579 τοῦ
2706 5524 2915 5594 Πατρὸς
2938 5524 3098 5593 φύσιν
3123 5522 3513 5594 διισχυρίζεται
3536 5524 3694 5577 νοεῖν.

2140 5617 2352 5687 Ἐπειδὴ
2398 5618 2452 5670 δὲ
2494 5616 2628 5671 οἶδεν
2684 5617 2973 5687 ὑπομένειν
3021 5617 3117 5670 οὐκ
3156 5617 3330 5672 εἰδότα
3364 5617 3571 5691 τροπὴν
3609 5616 3697 5671 τὸν

511 5797 563 5833 ’⁸
599 5797 744 5856 Psal.
786 5816 986 5871 cxvut,
1027 5803 1114 5860 37.
1192 5806 1237 5838 "
1277 5803 1437 5862 Joan.
1477 5821 1508 5861 x
1536 5846 1551 5872 ,
1588 5805 1676 5861 38.
1755 5808 1799 5839 ⁷⁸
1840 5805 1997 5863 Joan.

2132 5828 2153 5876 η,
2193 5812 2248 5866 6,
2332 5808 2376 5839 ττ
2419 5798 2580 5857 Joau.
2626 5818 2675 5858 Ix
2705 5842 2719 5868 ,
2767 5801 2853 5857 l6.
