4092 6274
336 387 396 440 δι
1382 381 1449 437 lN
1487 382 1770 441 JOANNIS
1799 383 2245 444 evsaomeu
2282 391 2409 446 LIB.
2448 391 2487 447 ι.
3513 411 3582 467 se

331 504 690 572 γεννήσαντα,
715 495 824 554 οἵδε
870 501 1131 572 δηλονότι,
1184 505 1276 556 καὶ
1309 504 1499 560 ἑαυτὸν
1541 505 1809 576 ἄτρεπτον
1843 507 1880 558 ἑὲ

2005 522 2033 559 a
2092 507 2269 565 Patris
2319 511 2598 569 voluntate
2651 513 2953 572 dissentire
3002 515 3196 574 Filium
3241 523 3575 583 existimant.

333 592 604 664 άτρέπτου
659 593 871 663 Πατρός
893 610 905 622 ·
942 594 1002 646 τὸ
1038 593 1095 647 δὲ
1130 596 1337 668 τροπὴν
1359 598 1459 651 οὐκ
1498 598 1656 663 εἰδδς,
1691 598 1807 662 πῶς
1836 601 1903 654 ἂν

330 671 619 754 λέγοιτότι
659 684 750 737 καὶ
770 685 1127 756 ἁμαρτάνειν,
1166 687 1258 741 καὶ
1295 689 1415 759 οὐχὶ
1445 688 1642 759 μᾶλλον
1671 689 1897 761 ἀκλονή-

330 790 436 835 τως
462 774 520 825 ὲν
540 775 650 835 τοῖς
681 772 830 837 ἰδίοις
854 772 1074 828 ἑστάναι
1109 779 1357 844 φυσικοῖς
1396 778 1900 851 πλεονεκτήμασιν;

331 862 549 915 Εἰκαῖον
574 856 666 915 οὖν
693 862 800 934 ἄρα
832 860 943 916 τῶν
975 862 1242 918 Ἰουδαίων
1256 858 1317 919 τὸ
1344 867 1723 939 κατηγόρημα,
1748 867 1903 939 παρά

326 951 424 1023 τὴν
444 952 538 1005 τοῦ
568 953 778 1023 Πατρός
813 953 1068 1026 βούλησιν
1098 955 1285 1028 ἔτερόν
1310 975 1363 1012 τι
1394 961 1612 1031 φρονεῖν
1638 960 1901 1031 οἰομένων

323 1045 415 1098 τὸν
454 1045 601 1098 Υἰόν.
632 1046 803 1117 Τηρεῖ
820 1046 950 1118 γάρ,
981 1047 1056 1111 ὥς
1087 1066 1243 1119 φησι,
1277 1050 1368 1104 τὸν
1394 1052 1553 1119 λόγον
1585 1050 1773 1120 αὐτοῦ,
1804 1053 1899 1107 καὶ

323 1138 504 1206 ἀγνοεῖ
532 1138 592 1191 τὸ
620 1139 955 1210 ἁμαρτάνειν
985 1140 1230 1212 φυσικῶς
1257 1160 1270 1173 ·
1297 1138 1406 1196 οἶδε
1432 1145 1541 1212 γὰρ
1565 1144 1655 1197 τὸν
1678 1144 1900 1213 Πατέρα

320 1220 476 1283 τοῦτο
524 1228 716 1282 παθεῖν
766 1229 829 1283 οὐ
865 1230 1181 1303 δυνάμενον,
1224 1226 1376 1305 ᾧπέρ
1429 1235 1576 1287 ἐστιν
1615 1235 1898 1306 ὀμοούσιος

320 1318 395 1381 ὡς
441 1318 566 1382 Υἰὺς
605 1319 877 1393 ἀληθινός.
919 1322 1140 1394 Ἐπειδὴ
1175 1323 1231 1377 δὲ
1279 1323 1419 1393 πρὸς
1455 1324 1612 1377 τοῦτό
1645 1341 1778 1395 φασι
1804 1325 1898 1380 καὶ

319 1408 378 1460 τὸ
413 1410 755 1480 συνημμένον
784 1414 851 1483 τῇ
882 1413 1011 1483 παρ’
1037 1414 1213 1467 αὐτῶν
1249 1413 1517 1469 ἀντιθέσει
1545 1432 1561 1447 '
1604 1435 1624 1467 ι
1676 1417 1770 1469 Ἐκ
1798 1432 1897 1485 γα-

321 1499 479 1569 στρὸς
538 1500 644 1571 πρὸ
683 1502 996 1574 Ἑωσφόρου
1057 1504 1380 1576 ὲξεγέννησά
1429 1519 1517 1560 σε·
1569 1526 1589 1559 ι
1645 1506 1778 1578 φέρε
1829 1506 1894 1578 δὴ

322 1590 505 1658 πάλιν,
537 1593 631 1645 καὶ
660 1593 751 1647 ἐπὶ
767 1595 940 1666 τούτῳ
964 1595 1054 1649 τὸν
1081 1596 1181 1667 τῆς
1204 1596 1481 1662 εὐσεϐείας
1496 1597 1896 1669 ἀναπτύξωμεν

318 1684 497 1753 λόγον.
527 1687 602 1763 0})
633 1686 743 1758 γάρ
778 1688 1074 1761 ἐπειδήπερ
1107 1689 1175 1743 τά
1202 1690 1427 1745 τοιαῦτά
1461 1708 1595 1762 φησι
1639 1693 1770 1764 πρὸς
1804 1694 1895 1746 τὸν

322 1774 450 1828 Υἰδν
475 1775 505 1827 ὀ
530 1774 742 1847 Πατὴρ,
776 1776 866 1830 διά
890 1777 1047 1831 τοῦτο
1068 1778 1133 1850 δὴ
1164 1780 1382 1843 πάντως
1404 1782 1606 1835 οἴεσθαι
1643 1782 1769 1854 χρὴ,
1802 1784 1893 1835 Λό-

2012 599 2202 655 Servat
2230 604 2377 658 enim
2409 600 2529 675 ejus
2561 620 2869 662 sermonem
2895 649 2911 673 ,
2941 616 3001 663 ut
3031 611 3141 676 ait,
3172 620 3226 668 et
3253 623 3448 671 natura
3478 634 3576 673 sua

2006 704 2204 761 expers
2232 700 2317 749 est
2364 695 2645 765 peccandi.
2695 698 2809 753 Scit
2858 701 3005 756 enim
3054 703 3203 761 istud
3248 706 3302 761 in
3356 706 3574 764 Patrem

2000 781 2193 838 cadere
2248 798 2357 838 non
2398 799 2599 855 posse,
2654 789 2744 843 cui
2797 791 3294 850 consubstantialis
3333 806 3457 863 est,
3517 799 3573 853 in

2000 880 2264 941 quantum
2307 874 2479 933 Filius
2521 893 2705 935 verus.
2739 879 2858 935 Jam
2908 897 3059 948 vero,
3098 899 3221 939 cum
3271 886 3571 955 objectioni

2000 978 2114 1017 sua:
2139 972 2381 1021 attexant
2405 967 2556 1033 illud,
2590 987 2609 1021 ι
2642 969 2714 1024 Ex
2748 981 2903 1027 utero
2925 982 3052 1030 ante
3075 973 3385 1030 Luciferum
3410 980 3571 1047 genui

1998 1054 2129 1120 te",
2186 1072 2207 1106 ι
2261 1056 2514 1127 agedum,
2576 1061 2792 1128 pietatis
2844 1062 3150 1117 doctrinam
3211 1065 3300 1119 hic
3350 1081 3571 1122 rursum

1997 1145 2355 1213 explicemus.
2387 1147 2505 1202 Non
2530 1152 2675 1205 enim
2702 1168 2771 1206 ex
2808 1168 2874 1208 eo
2917 1156 3060 1224 quod
3094 1155 3256 1212 Pater
3289 1156 3475 1213 isthmc
3502 1160 3568 1213 ad

1997 1232 2190 1288 Filium
2224 1236 2379 1300 dicit,
2414 1237 2622 1295 idcirco
2664 1242 2963 1311 putandum
3037 1254 3122 1299 est
3167 1245 3415 1299 innatum
3446 1250 3569 1316 qui-

1999 1324 2122 1378 dem
2165 1327 2214 1381 ei
2255 1342 2380 1384 esse
2419 1326 2695 1395 Verbum,
2733 1333 2829 1389 sed
2880 1335 3025 1389 aliud
3063 1335 3324 1405 quiddam
3377 1339 3447 1391 ab
3477 1339 3569 1392 illo

1997 1416 2419 1487 concipiendum
2464 1435 2590 1477 esse
2626 1419 2823 1477 Filium
2862 1441 2876 1477 :
2912 1438 3101 1479 vermn
3143 1424 3274 1478 illud
3330 1427 3564 1495 primum

1996 1508 2135 1575 apud
2167 1523 2268 1566 nos
2311 1512 2748 1583 perpendamus,
2788 1515 2933 1585 quod
2967 1529 3092 1571 cum
3133 1517 3408 1586 propheta:
3437 1533 3561 1588 pro-

1994 1597 2233 1665 positum
2266 1608 2413 1657 esset
2445 1602 2501 1656 in
2538 1603 2738 1673 spiritu
2783 1604 2930 1675 loqui
2961 1606 3241 1676 mysteria,
3274 1620 3562 1675 personam

1998 1687 2157 1743 nobis
2202 1690 2357 1760 lingit
2393 1690 2539 1759 Filii,
2576 1693 2821 1765 adeoque
2869 1694 3082 1749 inducit
3134 1695 3311 1766 ipsum
3343 1710 3371 1749 a
3404 1695 3562 1752 Patre

1994 1780 2345 1837 audientem:
2388 1799 2408 1835 ι
2445 1781 2619 1840 Filius
2653 1799 2809 1840 meus
2856 1799 2917 1840 es
2966 1786 3082 1840 tu"
3106 1826 3122 1852 ,
3160 1803 3180 1837 ι
3213 1791 3269 1841 et
3304 1801 3426 1856 quae
3477 1802 3561 1842 se-

319 1882 414 1932 γον
435 1865 535 1937 μὲν
559 1840 832 1937 ὑπάργειν
864 1867 1102 1939 ἔμφυτον
1121 1840 1298 1940 ἀύτῷ,
1327 1840 1514 1942 ἕτερον
1540 1871 1597 1925 δέ
1613 1840 1832 1926 rivalem
1842 1873 1880 1942 p‘

1991 1881 2258 1941 quuntur.
2294 1873 2478 1945 Neque
2508 1889 2637 1931 vero
2666 1874 2909 1930 humano
2938 1892 3093 1932 more
3117 1877 3294 1934 euicta
3330 1879 3556 1941 locutio.

318 1954 526 2009 lxs'fvov
555 1956 756 2011 ἐννοεῖν
796 1959 887 2012 τὸν
928 1958 1065 2012 Ύὶόν
1085 1977 1098 1989 ·
1135 1960 1269 2014 ἀλλά
1311 1961 1525 2032 πρῶτον
1576 1962 1676 2032 μὲν
1715 1965 1889 2017 έκεῖνο

317 2045 438 2098 καθ’
460 2046 687 2111 ἑαυτοὺς
718 2046 1100 2119 ἐνθυμώμεθα,
1132 2050 1215 2103 ὅτι
1238 2053 1522 2123 προφήτης
1539 2055 1595 2105 ὲν
1620 2054 1887 2124 πνεύματι

312 2134 494 2190 λαλεῖν
553 2137 859 2209 μελετήσας
935 2141 1258 2210 μυστήρια..
1292 2140 1351 2193 τὸ
1406 2142 1696 2214 πρόσωπον
1754 2147 1886 2215 ἡμῖν

312 2223 663 2295 ὑποκρίνεται
696 2223 791 2278 τοῦ
823 2224 974 2292 Υἰοῦ,
1008 2227 1099 2280 καὶ
1119 2227 1181 2297 δὴ
1216 2228 1311 2282 καὶ⁸
1343 2230 1581 2301 εἰσφέρει
1613 2232 1761 2303 παρά
1788 2233 1883 2285 τοῦ

312 2314 520 2386 Πατρός
545 2313 809 2368 ἀκούοντα
838 2312 997 2369 αὐτόν
1018 2331 1034 2349 ο
1077 2336 1096 2368 ι
1128 2316 1256 2381 Υἱός
1290 2335 1392 2389 μου
1430 2315 1482 2373 εἴ
1520 2321 1606 2384 σὺ,
1647 2340 1667 2373 ι
1702 2323 1793 2376 καὶ
1812 2325 1882 2378 τὰ

310 2403 512 2469 τούτοις
540 2404 827 2460 ἀκόλουθα.
868 2406 978 2461 Καὶ
1022 2409 1084 2461 οὐ
1117 2408 1289 2480 δήπου
1340 2410 1558 2475 πάντως
1579 2413 1613 2483 ή
1650 2414 1790 2468 κατά
1819 2416 1881 2469 τὸ

307 2494 646 2568 ἀνθρώπινον
698 2501 883 2570 σχῆμα
918 2501 1184 2572 γενομένη
1231 2501 1491 2575 διασκευὴ
1532 2502 1625 2558 δύο
1670 2505 1880 2576 Λόγους

307 2587 448 2656 ἡμᾶς
480 2588 783 2658 ἀναγκάσει
834 2590 996 2654 νοεῖν,
1033 2590 1173 2645 ἀλλά
1200 2594 1312 2657 τοῖς
1366 2593 1655 2666 ἡμετέροις
1701 2594 1880 2649 ἔθεσιν

306 2676 590 2742 ἀναθέντες
619 2678 720 2751 τὴν
751 2678 839 2734 διά
864 2679 975 2732 τῶν
1000 2680 1256 2735 τοιούτων
1275 2683 1648 2756 ἀπαραίτητον
1674 2687 1879 2740 οἰκονοο

307 2765 453 2834 μίαν,
483 2769 847 2840 αἰτιασόμεθα
873 2771 991 2842 μὲν,
1023 2771 1078 2825 εἴ
1103 2789 1166 2841 γε
1201 2772 1306 2845 μὴν
1325 2776 1655 2847 πράττοιμεν
1678 2778 1873 2848 ὀρθῶς,

310 2856 399 2926 τῆς
428 2857 634 2913 ἑαυτῶν
659 2859 871 2930 φύσεως
896 2861 994 2933 τήν
1025 2862 1327 2931 ἀσθένειαν,
1353 2864 1474 2919 οὔτε
1506 2866 1690 2937 λόγους
1732 2872 1876 2941 ἑχού-

304 2962 422 3018 σης,
452 2947 577 3003 οὔτε
617 2950 722 3023 μὴν
754 2952 987 3024 τρόπους
1028 2954 1399 3026 θεωρημάτων
1428 2959 1554 3022 τοὺς
1585 2963 1698 3026 τοῖς
1730 2963 1873 3035 ὑπὲρ

309 3039 449 3107 ἡμᾶς
473 3042 786 3112 μυστηρίοις
802 3043 1037 3114 ἀκριϐῶς
1064 3044 1536 3118 διακονουμένους,
1569 3050 1602 3121 ἢ
1633 3053 1723 3105 καὶ
1745 3056 1873 3120 τοὺς

304 3127 648 3197 ἀνεγκλήτως
673 3129 746 3182 διε
755 3131 1039 3202 ρμηνεύειν
1069 3134 1351 3206 ἰσχύοντας
1381 3139 1448 3192 τά
1469 3138 1869 3211 θεοπρεπέστε-

303 3233 391 3285 ρα.
412 3218 487 3271 Τὸ
513 3222 667 3292 νικᾷν
690 3221 746 3275 δὲ
769 3223 928 3278 πάλιν
958 3227 1320 3301 ἐπιτρέψομεν
1346 3233 1410 3302 τῇ
1450 3231 1571 3303 θείᾳ
1594 3234 1752 3303 φύσει
1777 3236 1869 3291 τὸν

301 3308 358 3360 ὲν
391 3311 525 3381 ἡμῖν
556 3313 679 3367 νοῦν
709 3332 767 3368 τε
797 3317 889 3370 καὶ
928 3316 1081 3387 λόγον
1104 3360 1119 3385 ,
1151 3320 1250 3393 οὐχ
1281 3321 1359 3385 ὡς
1390 3322 1605 3392 λέγεται
1648 3325 1867 3393 πάντως

301 3399 547 3466 νοοῦντες
567 3402 638 3457 τά
678 3405 805 3475 περὶ
853 3407 1043 3479 αὐτῆς,
1087 3411 1199 3464 ἀλλ’
1221 3411 1297 3477 ὼς
1339 3413 1474 3486 αὐτῇ
1516 3415 1736 3489 πρέπει,
1775 3420 1870 3475 καὶ

300 3489 564 3583 βούλεται,
598 3495 669 3549 Ἢ
712 3499 868 3570 εἴπερ
906 3501 1007 3554 οὐκ
1055 3502 1233 3575 ὀρθῶς
1284 3508 1398 3572 τοῖς
1435 3507 1695 3575 τοιούτοις
1719 3514 1869 3583 ήμᾶς

298 3582 707 3675 ἀποκεχρῆσθαι
737 3586 912 3659 λόγοις
933 3590 1135 3647 οἴονταί
1166 3610 1310 3659 τινες
1334 3596 1442 3651 τῶν
1466 3598 1697 3654 ἀνοσίων
1718 3582 1867 3675 αἰρε-

296 3669 479 3763 τικῶν,
533 3675 634 3746 τὴν
679 3676 737 3731 δὲ
764 3679 887 3735 καθ’
927 3682 1077 3753 ἡμᾶς
1106 3684 1418 3743 ἀναϐαίνειν
1445 3690 1734 3763 συνήθειαν
1765 3669 1865 3750 οὐκ

295 3762 646 3836 ἐπιτρέπουσι
684 3767 745 3822 τὸ
789 3771 975 3842 σχῆμα
1006 3774 1099 3827 τοῦ
1141 3775 1322 3845 λόγου,
1353 3762 1574 3846 δικαίως
1602 3784 1864 3843 ἀκούσον-

295 3869 379 3953 an
400 3868 440 3953 ο.
468 3856 694 3953 νοείσθω
758 3861 882 3953 καθ’
914 3867 1061 3935 ἡμᾶς
1104 3869 1200 3923 καὶ
1256 3872 1459 3939 γεννῶν
1487 3876 1515 3928 ὀ
1545 3877 1752 3949 Πατὴρ,
1786 3882 1862 3953 μὴ

293 3943 555 4036 ἀρνείσθω
602 3951 844 4023 γαστέρα
887 3957 981 4009 καὶ
1025 3957 1124 4022 τάς
1171 3962 1265 4015 ἐπὶ
1306 3961 1384 4034 τῷ
1408 3964 1611 4020 τίκτειν

296 4052 315 4135 ι
468 4042 704 4111 γαστρὸς
732 4062 750 4094 ι
776 4046 883 4117 γάρ
905 4065 921 4098 ι
960 4049 1285 4124 ὲξεγέννησά
1311 4070 1392 4121 σε,
1428 4074 1444 4107 ι
1475 4059 1605 4127 φησὶ
1630 4059 1706 4129 τῷ
1724 4061 1857 4135 me.

303 4127 439 4182 Ἀλλ’
492 4135 622 4197 ἴσως
679 4136 877 4206 μᾶλλον
913 4138 969 4194 δὲ
1000 4142 1200 4207 πάντες
1238 4146 1455 4219 ἐροῦσιν
1500 4152 1564 4205 ὲκ
1597 4127 1697 4223 τῆς
1736 4127 1861 4210 καθ’

288 4223 435 4317 ἡμας
473 4223 788 4317 ὀμοιότητος
845 4229 944 4300 τὴν
976 4233 1061 4303 ἐφ’
1110 4235 1225 4306 Υἱῷ
1268 4241 1498 4311 γνησίαν
1545 4243 1707 4300 ὠδῖνα
1761 4263 1860 4317 ση-

290 4312 575 4381 μαίνεσθαι
628 4316 720 4370 τοῦ
783 4321 1012 4394 Πατρός.
1060 4327 1269 4383 Οὐκοῦν
1338 4333 1578 4400 εὐσεϐῶς
1636 4339 1861 4395 κάκεῖνο

286 4402 533 4500 νοείσθω,
565 4404 767 4500 κᾶνᾼώς
824 4412 882 4464 ὲν
923 4414 1246 4492 ἀνθρωπίνῳ
1297 4421 1539 4478 λαλεῖται
1588 4431 1856 4500 σχήματι’,

1988 1965 2099 2021 duo
2134 1966 2311 2023 Verba
2346 1967 2647 2038 intelligere
2687 1983 2789 2024 nos
2845 1969 3060 2040 adiget,
3091 1970 3189 2025 sed
3218 1969 3287 2024 ad
3315 1980 3558 2026 nostram

1987 2058 2438 2113 consuetudinem
2493 2058 2809 2114 istiusmodi
2878 2062 3255 2116 necessarium
3301 2062 3555 2131 loquendi

1986 2164 2161 2218 genus
2191 2148 2497 2205 referentes
2520 2191 2535 2216 ,
2577 2165 2686 2205 non
2718 2150 2925 2222 injuria
2969 2163 3172 2207 nostrae
3211 2164 3424 2207 natura:
3456 2156 3557 2207 im-

1985 2242 2339 2299 becillitatem
2394 2241 2815 2306 accusabimus,
2875 2244 2963 2297 cui
3012 2243 3213 2299 desunt
3276 2245 3444 2300 verba
3499 2252 3554 2300 et

1983 2331 2506 2401 contemplationes,
2570 2346 2692 2401 quae
2748 2332 3028 2402 mysteriis
3094 2332 3313 2404 ingenio
3364 2342 3554 2389 nostro

1981 2421 2269 2476 altioribus
2305 2429 2492 2477 exacte
2538 2420 2877 2491 explicandis
2931 2422 3272 2485 inserviant,
3338 2432 3432 2478 aut
3465 2439 3553 2478 res

1979 2512 2167 2568 deitati
2221 2520 2590 2584 congruentes
2667 2514 2943 2584 inculpate
3022 2513 3132 2587 35
3202 2516 3552 2587 interpretari

1979 2605 2248 2660 valeant:
2295 2603 2391 2660 sed
2439 2613 2695 2659 naturam
2754 2619 2918 2675 porro
2963 2605 3205 2660 divinam
3257 2616 3438 2662 mente
3498 2616 3552 2662 et

1977 2698 2228 2753 oratione
2261 2705 2449 2753 nostra
2488 2697 2828 2767 superiorem
2880 2712 3004 2753 esse
3056 2695 3388 2763 fatebimur,
3441 2713 3549 2753 non

1976 2789 2199 2860 perinde
2239 2798 2401 2859 atque
2446 2787 2724 2847 dicuntur.
2756 2800 2846 2842 res
2894 2786 3113 2843 divinas
3149 2792 3333 2843 animo
3390 2790 3552 2859 plane

1975 2880 2276 2950 capientes,
2309 2879 2403 2934 sed
2443 2886 2604 2948 prout
2645 2878 2747 2947 ipsi
2790 2879 3143 2942 conveniunt,
3185 2895 3391 2949 easque
3428 2883 3545 2933 vult

1976 2986 2004 3025 a
2036 2971 2192 3026 nobis
2229 2968 2637 3040 comprehendi.
2695 2968 2947 3038 Alioqui,
3009 2969 3054 3025 si
3112 2984 3398 3040 perperam
3441 2986 3543 3025 nos

1973 3061 2279 3117 istiusmodi
2303 3060 2448 3116 abuti
2475 3060 2655 3115 verbis
2686 3058 2923 3115 haeretici
2962 3059 3182 3130 quidam
3206 3060 3544 3123 existimant,

1896 3174 1941 3232 ο
1972 3162 2026 3211 et
2050 3153 2305 3224 loquendi
2337 3168 2509 3224 genus
2542 3152 2608 3205 ad
2660 3160 2904 3207 nostram
2951 3152 3403 3208 consuetudinem
3457 3168 3547 3207 ac-

1970 3246 2222 3301 commod
2242 3245 2320 3299 ari
2344 3245 2558 3307 nolunt,
2580 3244 2704 3313 jure
2730 3243 2950 3298 audient
2976 3262 2989 3297 :
3024 3244 3330 3299 Censeatur
3355 3252 3545 3298 nostro

1970 3352 2189 3406 quoque
2247 3350 2399 3391 more
2450 3334 2613 3390 Pater
2667 3336 2930 3406 gignere;
2994 3345 3182 3388 uterus
3243 3342 3296 3388 et
3348 3344 3533 3403 partus

1969 3426 2189 3482 dolores
2231 3426 2281 3481 ei
2327 3441 2450 3481 esse
2495 3440 2603 3479 non
2656 3436 2941 3494 negentur.
2981 3442 2999 3474 ι
3036 3424 3110 3479 Ex
3151 3431 3307 3477 utero
3337 3443 3354 3474 ι
3396 3425 3541 3478 enin

1974 3534 1994 3571 ι
2031 3516 2192 3589 genui
2242 3524 2329 3579 te,
2388 3532 2407 3565 ι
2473 3513 2654 3583 inquit
2720 3512 2879 3567 Filio.
2952 3510 3057 3566 Sed
3129 3512 3539 3582 respondebunt

1967 3602 2368 3669 forsan,uostri
2391 3602 2773 3667 similitudine,
2795 3616 2983 3656 verum
3012 3601 3065 3655 in
3098 3600 3234 3655 Filio
3271 3601 3542 3671 gignendo

1967 3705 2182 3769 partum
2218 3693 2517 3766 signiﬁcari
2550 3694 2753 3751 Patris.
2791 3693 2979 3765 Itaque
3022 3694 3110 3765 pic
3156 3693 3288 3749 illud
3338 3695 3541 3750 intelli-

1966 3797 2156 3860 gatur,
2209 3786 2423 3841 tametsi
2476 3786 2712 3840 humano
2748 3800 2897 3840 more
2934 3784 3176 3851 dici-tur,
3231 3791 3396 3855 atque
3447 3785 3519 3837 ita

1966 3881 2207 3937 solvetur
2261 3877 2463 3931 acerba
2508 3877 2754 3947 ipsorum
2788 3886 2843 3930 et
2882 3876 3046 3945 impia
3078 3875 3335 3945 objectio.
3378 3874 3537 3929 Sulli~

1963 3978 2149 4028 cerent
2176 3970 2387 4032 istlmc,
2418 3975 2476 4022 ut
2512 3980 2657 4021 reor.
2688 3966 2793 4022 Sed
2824 3981 2948 4020 cum
2986 3966 3147 4021 nobis
3191 3966 3535 4036 propositum

1964 4064 2035 4119 sit
2057 4061 2270 4116 illorum
2301 4057 2641 4128 obiectiones
2672 4055 2878 4111 nefarie
2914 4055 3178 4111 conflatas
3202 4072 3299 4111 ceu
3341 4072 3529 4127 qnam-

1961 4152 2086 4208 dam
2134 4152 2372 4208 hostium
2402 4157 2639 4204 turmam
2675 4148 2888 4218 piorum
2922 4147 3237 4218 dogmatqu
3299 4148 3537 4202 sinceri.

1963 4251 2075 4300 tate
2100 4240 2483 4312 comprimere,
2531 4236 2785 4309 agedum,
2814 4237 2883 4293 iis
2929 4238 3125 4292 ordine
3158 4238 3358 4306 cuique
3405 4254 3532 4291 con-

1962 4334 2200 4391 venienti
2230 4330 2531 4404 propositis
2553 4369 2567 4393 ,
2603 4328 2940 4383 contrarium
2971 4341 3314 4396 opponamus
3335 4368 3350 4393 ,
3393 4337 3446 4381 et
3481 4328 3533 4384 in

1965 4441 2059 4483 eas
2088 4426 2419 4480 instructam
2458 4419 2711 4474 doctrina
2761 4431 2976 4486 semper
3005 4416 3284 4472 victricem
3337 4417 3535 4470 verita-

285 4495 385 4593 καῖ
400 4493 619 4551 λέλυται
644 4497 704 4551 τὸ
733 4502 926 4593 πικρὸν
950 4506 1130 4561 αὐτῶν
1171 4513 1264 4565 καὶ
1293 4513 1504 4569 ἀνόσιον
1542 4493 1853 4593 πρόδλημαί

1981 4532 2066 4573 em
2089 4528 2354 4588 generosa
2378 4521 2557 4567 mente
2576 4524 2871 4564 armemus.
2898 4506 3109 4563 Rursus
3123 4515 3301 4563 autem
3323 4508 3533 4563 haeretic

298 4584 549 4686 Ἐςήρκελι
719 4587 833 4686 οὖν,
860 4593 934 4658 ὡς
967 4591 1138 4668 οἶμαι,
1174 4604 1266 4655 καὶ
1307 4604 1499 4660 ταῦτα.
1554 4584 1771 4686 ’ἐπειδή
1797 4615 1855 4670 δὲ

1979 4584 2150 4666 :oruin
2168 4604 2400 4677 objectio
2417 4601 2747 4675 syllogismis
2762 4600 2932 4671 ipsam
2951 4600 3285 4654 diluentibus
3301 4599 3534 4669 praemito

283 4675 479 4776 λεξῆνσξι
511 4676 620 4732 δεῖν
639 4680 1027 4776 θπειλήφαμεν
1055 4689 1123 4742 τὰ
1164 4691 1229 4745 ἐκ
1257 4694 1354 4764 τῆς
1386 4696 1608 4751 ἐκείνων
1634 4675 1856 4776 δυστρό-

1979 4711 2127 4769 .etur,
2148 4675 2267 4771 qua:
2289 4696 2680 4769 disputationis
2704 4698 2967 4749 rationem
2993 4704 3252 4749 accurato
3276 4695 3533 4762 subjiciat
3604 4746 3609 4751 .

285 4762 414 4858 πίας
443 4767 797 4858 έπινοηθέντα
846 4774 1226 4847 προϐλήματα,
1259 4762 1510 4855 καθάπερ
1532 4787 1654 4840 τινά
1690 4762 1850 4844 πολε-

1979 4762 2214 4856 ειοιῐιίιίί,
2235 4799 2288 4847 et
2316 4762 2489 4844 instar
2504 4788 2675 4858 rapidi
2696 4786 2980 4857 cujusdam
3008 4785 3248 4842 ﬂuminis
3267 4786 3530 4840 lectorum

286 4853 424 4920 μίων
447 4856 635 4952 ἑσμὸν,
687 4862 753 4932 τῇ
801 4863 912 4916 τῶν
968 4866 1208 4922 εὐσεϐῶν
1258 4853 1541 4943 δογμάτων
1597 4877 1852 4952 ὀρθότητι

1979 4885 2169 4940 mimos
2195 4883 2403 4937 alacres
2440 4880 2577 4935 ferat
2607 4877 2673 4933 ad
2724 4877 3102 4948 percipiendas
3128 4877 3526 4948 Oppositiones.

283 4948 734 5048 xaltcixpodso-Oat,
762 4953 894 5025 φέρε
913 4954 976 5027 δὴ
1001 4959 1340 5030 παραθέντες
1398 4966 1535 5022 αὐτά
1561 4948 1700 5027 me
1752 4948 1908 5046 λόγον
1967 4980 2181 5048 ἑκάστῳ
2237 4976 2329 5031 τὸν
2379 4975 2584 5037 δέοντα,
2617 4973 2679 5027 τὸ
2722 4971 3071 5028 ἀπιστατοῦν
3112 4972 3530 5043 ἀντεγείρωμνλ,

281 5034 891 5142 καῖ’θερμοᾷτέρως.κατ·1
915 5048 1097 5103 αὐτῶν
1124 5051 1494 5127 ὲξοπλίσωμεν
1515 5034 1836 5136 θεωρήμασι
1870 5071 1966 5142 τὴν
1991 5071 2076 5125 ἀεὶ
2106 5034 2340 5125 νίκῶσαν
2370 5034 2622 5137 ἀλήθειαν
2641 5082 2653 5095 -
2680 5066 2970 5138 πρόϐλημα
3005 5064 3062 5118 δὲ
3090 5034 3267 5126 πάλιν,
3296 5034 3371 5127 ῶς
3401 5034 3530 5134 ἐταρ.

651 5132 976 5192 ὲπίλυδντων
1022 5140 1156 5204 αὑτό
1202 5122 1594 5219 συλλογὶσμῶν,
1625 5122 2291 5231 ’προτετάξέται-τῆντοῦ
2323 5122 2481 5226 λόγου
2506 5156 2690 5227 νῆψιν,
2727 5122 2814 5220 εἰς
2876 5122 3272 5228 ἀκριϐεστέραν
3335 5159 3531 5224 χωρεῖν

278 5215 520 5319 ξρξρίζον
550 5217 800 5319 βάσανον,
828 5227 922 5280 καὶ
953 5228 1117 5284 οἰονεί
1138 5250 1281 5297 τινος
1303 5215 1550 5309 ποταμοῦ
1581 5215 1587 5217 7
1614 5215 2116 5319 ρεὀματοξφοράν,
2135 5215 2146 5231 ⁸
2192 5249 2284 5302 ἐπὶ
2332 5215 2408 5300 τὸ.
2435 5215 2640 5318 πρανὲς
2678 5215 2810 5300 ’ἐκεῖ
2854 5215 3297 5317 κατάφέρονπὴν
3469 5247 3528 5298 «ca

279 5307 563 5411 θρύλεσθαι
611 5311 684 5411 τό.
698 5314 987 5411 ἀντιτεῖνον
1016 5323 1306 5392 μανθάνειν
1346 5329 1433 5383 ἀεὶ
1451 5307 1575 5386 τῶν
1605 5307 2006 5410 ἐντευξομένων
2034 5307 2245 5411 ἀγαθὴν
2277 5307 2609 5410 προθυμίαν.

276 5398 616 5498 "pf-6.1mm,
647 5400 781 5469 ἤτοι
821 5405 1120 5479 ἀντίθεσις
1153 5415 1234 5482 ὡς
1274 5417 1343 5472 ἐκ
1372 5418 1488 5474 τῶν
1520 5398 1846 5493 eripi-rumor:

2083 5398 2095 5411 '
2174 5398 2468 5498 dppositio,
2507 5430 2612 5483 sive
2656 5428 2874 5497 objectio
2903 5426 3285 5481 hwreticornm.

351 5488 514 5591 εἰ.
535 5492 744 5564 ἕτερος,
780 5499 964 5565 φασὶν,
1001 5502 1294 5577 ἐνυπάρχει
1334 5510 1409 5582 τῷ
1452 5488 1590 5585 Θεῷ⁷
1619 5517 1711 5571 καὶ
1743 5520 1852 5574 Πα-

2019 5520 2155 5585 Nisi,
2194 5488 2472 5591 inquiunt,
2504 5519 2558 5574 in
2591 5519 2698 5574 Deo
2725 5528 2781 5573 ct
2810 5519 2973 5573 Patre
3006 5513 3239 5567 Verbum
3284 5509 3356 5559 sit
3388 5523 3523 5560 cun.-

279 5579 369 5650 τρὶ
395 5580 586 5651 Λόγος,
609 5585 873 5659 οὐσιώδης
901 5608 958 5644 τε
1005 5594 1098 5647 καὶ
1130 5579 1431 5667 ἐνδιάθετος
1484 5608 1630 5678 παρὰ
1662 5609 1750 5663 τὸν
1794 5610 1851 5671 ἒξ

1986 5579 2314 5670 ubstantiaie
2345 5620 2396 5668 et
2434 5612 2728 5675 internum,
2768 5607 2913 5663 aliud
2949 5609 3015 5660 ab
3060 5598 3351 5668 Unigcnito
3388 5598 3521 5652 Filio
3620 5642 3629 5665 ε

356 5755 400 5790 ⁷⁸
438 5759 579 5819 Psal.
621 5779 727 5827 clx.
755 5766 807 5820 ὅ.
885 5770 926 5801 ⁷³
969 5770 1110 5831 Psal.
1149 5790 1209 5841 ιι,
1248 5776 1299 5830 7.
