  <div class='ocr_page' id='page_1' title='image "/cluster/home/n/w/nwhite01/storage/ocr_20150623/73/mdp.39015078384479/039.png"; bbox 0 0 4092 6274; ppageno 0'>
   <div class='ocr_carea' id='block_1_1' title="bbox 539 334 2101 418">
    <p class='ocr_par' dir='ltr' id='par_1_1' title="bbox 539 357 2101 418">
     <span class='ocr_line' id='line_1_1' title="bbox 539 357 2101 418; baseline -0.004 0"><span class='ocrx_word' id='word_1_1' title='bbox 539 365 607 418; x_wconf 74' lang='lat'><em>63</em></span> <span class='ocrx_word' id='word_1_2' title='bbox 1517 359 1576 414; x_wconf 90' lang='lat' dir='ltr'><strong>S.</strong></span> <span class='ocrx_word' id='word_1_3' title='bbox 1609 358 1694 415; x_wconf 69' lang='grc' dir='ltr'>ΟΥ</span> <span class='ocrx_word' id='word_1_4' title='bbox 1709 358 1891 413; x_wconf 70' lang='grc' dir='ltr'>ιιιιιι</span> <span class='ocrx_word' id='word_1_5' title='bbox 1930 357 2101 412; x_wconf 59' lang='grc' dir='ltr'>ΑιΕε</span> 
     </span>
    </p>
   </div>
   <div class='ocr_carea' id='block_1_2' title="bbox 2199 334 3776 418">
    <p class='ocr_par' dir='ltr' id='par_1_2' title="bbox 2199 334 3776 418">
     <span class='ocr_line' id='line_1_2' title="bbox 2199 334 3776 418; baseline -0.004 -8"><span class='ocrx_word' id='word_1_6' title='bbox 2199 357 2402 415; x_wconf 74' lang='lat' dir='ltr'><strong>unum</strong></span> <span class='ocrx_word' id='word_1_7' title='bbox 2428 358 2753 418; x_wconf 79' lang='lat' dir='ltr'><strong>ARClilEP.</strong></span> <span class='ocrx_word' id='word_1_8' title='bbox 3340 338 3345 343; x_wconf 83' lang='grc'><strong>’</strong></span> <span class='ocrx_word' id='word_1_9' title='bbox 3706 334 3776 391; x_wconf 64' lang='grc'><strong>64</strong></span> 
     </span>
    </p>
   </div>
   <div class='ocr_carea' id='block_1_3' title="bbox 538 456 2101 561">
    <p class='ocr_par' dir='ltr' id='par_1_3' title="bbox 538 475 2095 561">
     <span class='ocr_line' id='line_1_3' title="bbox 538 475 2095 561; baseline 0.001 -31"><span class='ocrx_word' id='word_1_10' title='bbox 538 478 629 547; x_wconf 89' lang='lat' dir='ltr'><strong>qui</strong></span> <span class='ocrx_word' id='word_1_11' title='bbox 661 493 726 531; x_wconf 67' lang='lat' dir='ltr'><strong>ev</strong></span> <span class='ocrx_word' id='word_1_12' title='bbox 757 476 876 546; x_wconf 88' lang='lat' dir='ltr'><strong>ipso</strong></span> <span class='ocrx_word' id='word_1_13' title='bbox 908 476 1251 561; x_wconf 50' lang='lat' dir='ltr'><strong>est,.quique</strong></span> <span class='ocrx_word' id='word_1_14' title='bbox 1271 475 1339 531; x_wconf 89' lang='lat' dir='ltr'><strong>ad</strong></span> <span class='ocrx_word' id='word_1_15' title='bbox 1362 476 1509 531; x_wconf 86' lang='lat' dir='ltr'><strong>illius</strong></span> <span class='ocrx_word' id='word_1_16' title='bbox 1534 476 1896 532; x_wconf 72' lang='lat' dir='ltr'><strong>imitationem</strong></span> <span class='ocrx_word' id='word_1_17' title='bbox 1925 492 2095 532; x_wconf 88' lang='lat' dir='ltr'><strong>voca-</strong></span> 
     </span>
    </p>
   </div>
   <div class='ocr_carea' id='block_1_4' title="bbox 2199 456 3782 561">
    <p class='ocr_par' dir='ltr' id='par_1_4' title="bbox 2207 456 3782 551">
     <span class='ocr_line' id='line_1_4' title="bbox 2207 456 3782 551; baseline -0.001 -20"><span class='ocrx_word' id='word_1_18' title='bbox 2207 476 2371 532; x_wconf 83' lang='grc' dir='ltr'>αὑτοῦ</span> <span class='ocrx_word' id='word_1_19' title='bbox 2432 481 2696 551; x_wconf 78' lang='grc' dir='ltr'><strong>μονογενῆ</strong></span> <span class='ocrx_word' id='word_1_20' title='bbox 2753 477 2903 542; x_wconf 77' lang='grc' dir='ltr'>Υίὸν,</span> <span class='ocrx_word' id='word_1_21' title='bbox 2940 456 2999 542; x_wconf 81' lang='lat'><em>6;</em></span> <span class='ocrx_word' id='word_1_22' title='bbox 3045 477 3110 549; x_wconf 76' lang='grc' dir='ltr'>δὴ</span> <span class='ocrx_word' id='word_1_23' title='bbox 3139 478 3230 532; x_wconf 79' lang='grc' dir='ltr'>καὶ</span> <span class='ocrx_word' id='word_1_24' title='bbox 3271 478 3411 532; x_wconf 81' lang='grc' dir='ltr'><strong>κατά</strong></span> <span class='ocrx_word' id='word_1_25' title='bbox 3436 476 3535 549; x_wconf 82' lang='grc' dir='ltr'>τὴν</span> <span class='ocrx_word' id='word_1_26' title='bbox 3564 476 3782 531; x_wconf 81' lang='grc' dir='ltr'>ἐκείνου</span> 
     </span>
    </p>
   </div>
   <div class='ocr_carea' id='block_1_5' title="bbox 541 565 2107 642">
    <p class='ocr_par' dir='ltr' id='par_1_5' title="bbox 541 565 2107 642">
     <span class='ocr_line' id='line_1_5' title="bbox 541 565 2107 642; baseline 0.003 -20"><span class='ocrx_word' id='word_1_27' title='bbox 541 576 631 622; x_wconf 88' lang='lat' dir='ltr'><strong>tur</strong></span> <span class='ocrx_word' id='word_1_28' title='bbox 674 565 933 631; x_wconf 87' lang='lat' dir='ltr'><strong>Verbum,</strong></span> <span class='ocrx_word' id='word_1_29' title='bbox 981 568 1292 625; x_wconf 87' lang='lat' dir='ltr'><strong>absurditas</strong></span> <span class='ocrx_word' id='word_1_30' title='bbox 1326 567 1453 623; x_wconf 88' lang='lat' dir='ltr'><strong>inde</strong></span> <span class='ocrx_word' id='word_1_31' title='bbox 1496 576 1785 638; x_wconf 88' lang='lat' dir='ltr'><strong>sequetur,</strong></span> <span class='ocrx_word' id='word_1_32' title='bbox 1837 570 2107 642; x_wconf 89' lang='lat' dir='ltr'><strong>nobisque</strong></span> 
     </span>
    </p>
   </div>
   <div class='ocr_carea' id='block_1_6' title="bbox 542 658 2107 736">
    <p class='ocr_par' dir='ltr' id='par_1_6' title="bbox 542 658 2107 736">
     <span class='ocr_line' id='line_1_6' title="bbox 542 658 2107 736; baseline 0.003 -23"><span class='ocrx_word' id='word_1_33' title='bbox 542 667 711 722; x_wconf 82' lang='lat' dir='ltr'><strong>recte,</strong></span> <span class='ocrx_word' id='word_1_34' title='bbox 745 667 803 713; x_wconf 88' lang='grc' dir='ltr'><strong>ιιι</strong></span> <span class='ocrx_word' id='word_1_35' title='bbox 832 674 930 728; x_wconf 88' lang='lat' dir='ltr'><strong>par</strong></span> <span class='ocrx_word' id='word_1_36' title='bbox 967 666 1071 727; x_wconf 87' lang='lat' dir='ltr'><strong>est,</strong></span> <span class='ocrx_word' id='word_1_37' title='bbox 1116 659 1480 716; x_wconf 73' lang='lat' dir='ltr'><strong>sentientibus</strong></span> <span class='ocrx_word' id='word_1_38' title='bbox 1512 658 1798 716; x_wconf 81' lang='lat' dir='ltr'><strong>fatendum</strong></span> <span class='ocrx_word' id='word_1_39' title='bbox 1835 668 1922 718; x_wconf 89' lang='lat' dir='ltr'><strong>est</strong></span> <span class='ocrx_word' id='word_1_40' title='bbox 1957 662 2107 736; x_wconf 87' lang='lat' dir='ltr'><strong>quod</strong></span> 
     </span>
    </p>
   </div>
   <div class='ocr_carea' id='block_1_7' title="bbox 543 748 2107 821">
    <p class='ocr_par' dir='ltr' id='par_1_7' title="bbox 543 748 2107 821">
     <span class='ocr_line' id='line_1_7' title="bbox 543 748 2107 821; baseline 0.004 -18"><span class='ocrx_word' id='word_1_41' title='bbox 543 751 589 803; x_wconf 97' lang='lat' dir='ltr'><strong>si</strong></span> <span class='ocrx_word' id='word_1_42' title='bbox 641 748 788 804; x_wconf 83' lang='lat' dir='ltr'><strong>Patri</strong></span> <span class='ocrx_word' id='word_1_43' title='bbox 831 750 1066 807; x_wconf 79' lang='lat' dir='ltr'><strong>Verbum</strong></span> <span class='ocrx_word' id='word_1_44' title='bbox 1113 761 1199 808; x_wconf 84' lang='lat' dir='ltr'><strong>est</strong></span> <span class='ocrx_word' id='word_1_45' title='bbox 1262 753 1769 821; x_wconf 88' lang='lat' dir='ltr'><strong>consubstantiale,</strong></span> <span class='ocrx_word' id='word_1_46' title='bbox 1838 762 1893 810; x_wconf 91' lang='lat' dir='ltr'><strong>et</strong></span> <span class='ocrx_word' id='word_1_47' title='bbox 1942 753 2107 810; x_wconf 89' lang='lat' dir='ltr'><strong>Pater</strong></span> 
     </span>
    </p>
   </div>
   <div class='ocr_carea' id='block_1_8' title="bbox 542 836 2105 913">
    <p class='ocr_par' dir='ltr' id='par_1_8' title="bbox 542 836 2105 913">
     <span class='ocr_line' id='line_1_8' title="bbox 542 836 2105 913; baseline 0.005 -22"><span class='ocrx_word' id='word_1_48' title='bbox 542 836 758 901; x_wconf 83' lang='lat' dir='ltr'><strong>Verbo,</strong></span> <span class='ocrx_word' id='word_1_49' title='bbox 811 841 947 894; x_wconf 84' lang='lat' dir='ltr'><strong>nihil</strong></span> <span class='ocrx_word' id='word_1_50' title='bbox 994 840 1210 895; x_wconf 88' lang='lat' dir='ltr'><strong>demum</strong></span> <span class='ocrx_word' id='word_1_51' title='bbox 1244 841 1465 897; x_wconf 87' lang='lat' dir='ltr'><strong>obstare</strong></span> <span class='ocrx_word' id='word_1_52' title='bbox 1512 843 1765 898; x_wconf 81' lang='lat' dir='ltr'><strong>videatur</strong></span> <span class='ocrx_word' id='word_1_53' title='bbox 1808 845 2105 913; x_wconf 91' lang='lat' dir='ltr'><strong>quominus</strong></span> 
     </span>
    </p>
   </div>
   <div class='ocr_carea' id='block_1_9' title="bbox 538 928 2103 1004">
    <p class='ocr_par' dir='ltr' id='par_1_9' title="bbox 538 928 2103 1004">
     <span class='ocr_line' id='line_1_9' title="bbox 538 928 2103 1004; baseline 0.006 -22"><span class='ocrx_word' id='word_1_54' title='bbox 538 929 698 983; x_wconf 88' lang='lat' dir='ltr'><strong>Pater</strong></span> <span class='ocrx_word' id='word_1_55' title='bbox 729 928 965 986; x_wconf 77' lang='lat' dir='ltr'><strong>Verbum</strong></span> <span class='ocrx_word' id='word_1_56' title='bbox 995 931 1087 999; x_wconf 89' lang='lat' dir='ltr'><strong>sit,</strong></span> <span class='ocrx_word' id='word_1_57' title='bbox 1118 940 1173 987; x_wconf 91' lang='lat' dir='ltr'><strong>et</strong></span> <span class='ocrx_word' id='word_1_58' title='bbox 1217 944 1464 1001; x_wconf 76' lang='lat' dir='ltr'><strong>vocetur,</strong></span> <span class='ocrx_word' id='word_1_59' title='bbox 1499 943 1627 1004; x_wconf 89' lang='lat' dir='ltr'><strong>puta</strong></span> <span class='ocrx_word' id='word_1_60' title='bbox 1655 932 1832 990; x_wconf 90' lang='lat' dir='ltr'><strong>Verbo</strong></span> <span class='ocrx_word' id='word_1_61' title='bbox 1862 935 2103 991; x_wconf 84' lang='lat' dir='ltr'><strong>consub-</strong></span> 
     </span>
    </p>
   </div>
   <div class='ocr_carea' id='block_1_10' title="bbox 539 1014 834 1073">
    <p class='ocr_par' dir='ltr' id='par_1_10' title="bbox 539 1014 834 1073">
     <span class='ocr_line' id='line_1_10' title="bbox 539 1014 834 1073; baseline 0.017 -5"><span class='ocrx_word' id='word_1_62' title='bbox 539 1014 834 1073; x_wconf 88' lang='lat' dir='ltr'><strong>stautialis.</strong></span> 
     </span>
    </p>
   </div>
   <div class='ocr_carea' id='block_1_11' title="bbox 1030 1106 1611 1180">
    <p class='ocr_par' dir='ltr' id='par_1_11' title="bbox 1030 1106 1611 1180">
     <span class='ocr_line' id='line_1_11' title="bbox 1030 1106 1611 1180; baseline 0.003 -16"><span class='ocrx_word' id='word_1_63' title='bbox 1030 1106 1240 1164; x_wconf 81' lang='lat' dir='ltr'><strong>Salutio</strong></span> <span class='ocrx_word' id='word_1_64' title='bbox 1284 1109 1611 1180; x_wconf 76' lang='lat' dir='ltr'><strong>objectionis.</strong></span> 
     </span>
    </p>
   </div>
   <div class='ocr_carea' id='block_1_12' title="bbox 607 1199 2099 1275">
    <p class='ocr_par' dir='ltr' id='par_1_12' title="bbox 607 1199 2099 1275">
     <span class='ocr_line' id='line_1_12' title="bbox 607 1199 2099 1275; baseline 0.004 -21"><span class='ocrx_word' id='word_1_65' title='bbox 607 1199 766 1257; x_wconf 86' lang='lat' dir='ltr'><strong>Nulla</strong></span> <span class='ocrx_word' id='word_1_66' title='bbox 792 1201 933 1256; x_wconf 82' lang='lat' dir='ltr'><strong>ratio</strong></span> <span class='ocrx_word' id='word_1_67' title='bbox 960 1217 1080 1268; x_wconf 88' lang='lat' dir='ltr'><strong>nos,</strong></span> <span class='ocrx_word' id='word_1_68' title='bbox 1105 1218 1139 1258; x_wconf 97' lang='lat' dir='ltr'><strong>o</strong></span> <span class='ocrx_word' id='word_1_69' title='bbox 1178 1203 1330 1267; x_wconf 86' lang='lat' dir='ltr'><strong>boni,</strong></span> <span class='ocrx_word' id='word_1_70' title='bbox 1359 1212 1517 1275; x_wconf 85' lang='lat' dir='ltr'><strong>coget</strong></span> <span class='ocrx_word' id='word_1_71' title='bbox 1549 1203 1827 1271; x_wconf 88' lang='lat' dir='ltr'><strong>arbitrari,</strong></span> <span class='ocrx_word' id='word_1_72' title='bbox 1863 1205 2099 1262; x_wconf 78' lang='lat' dir='ltr'><strong>Verbum</strong></span> 
     </span>
    </p>
   </div>
   <div class='ocr_carea' id='block_1_13' title="bbox 538 1289 2103 1359">
    <p class='ocr_par' dir='ltr' id='par_1_13' title="bbox 538 1289 2103 1359">
     <span class='ocr_line' id='line_1_13' title="bbox 538 1289 2103 1359; baseline 0.005 -16"><span class='ocrx_word' id='word_1_73' title='bbox 538 1289 746 1346; x_wconf 82' lang='lat' dir='ltr'><strong>idcirco</strong></span> <span class='ocrx_word' id='word_1_74' title='bbox 778 1292 994 1346; x_wconf 83' lang='lat' dir='ltr'><strong>Patrem</strong></span> <span class='ocrx_word' id='word_1_75' title='bbox 1026 1290 1356 1347; x_wconf 88' lang='lat' dir='ltr'><strong>censendum</strong></span> <span class='ocrx_word' id='word_1_76' title='bbox 1396 1308 1519 1348; x_wconf 87' lang='lat' dir='ltr'><strong>esse</strong></span> <span class='ocrx_word' id='word_1_77' title='bbox 1544 1294 1629 1350; x_wconf 89' lang='lat' dir='ltr'><strong>vel</strong></span> <span class='ocrx_word' id='word_1_78' title='bbox 1665 1294 1978 1359; x_wconf 86' lang='lat' dir='ltr'><strong>dicendum.</strong></span> <span class='ocrx_word' id='word_1_79' title='bbox 2007 1305 2103 1351; x_wconf 87' lang='lat' dir='ltr'><strong>aut</strong></span> 
     </span>
    </p>
   </div>
   <div class='ocr_carea' id='block_1_14' title="bbox 535 1378 2095 1448">
    <p class='ocr_par' dir='ltr' id='par_1_14' title="bbox 535 1378 2095 1448">
     <span class='ocr_line' id='line_1_14' title="bbox 535 1378 2095 1448; baseline 0.003 -15"><span class='ocrx_word' id='word_1_80' title='bbox 535 1379 889 1444; x_wconf 86' lang='lat' dir='ltr'><strong>credendum,</strong></span> <span class='ocrx_word' id='word_1_81' title='bbox 926 1380 1183 1448; x_wconf 84' lang='lat' dir='ltr'><strong>quoniam</strong></span> <span class='ocrx_word' id='word_1_82' title='bbox 1227 1388 1312 1436; x_wconf 86' lang='lat' dir='ltr'><strong>est</strong></span> <span class='ocrx_word' id='word_1_83' title='bbox 1349 1378 1533 1437; x_wconf 89' lang='lat' dir='ltr'><strong>Verbo</strong></span> <span class='ocrx_word' id='word_1_84' title='bbox 1586 1383 2095 1440; x_wconf 88' lang='lat' dir='ltr'><strong>consubstantialis.</strong></span> 
     </span>
    </p>
   </div>
   <div class='ocr_carea' id='block_1_15' title="bbox 535 1467 2098 1541">
    <p class='ocr_par' dir='ltr' id='par_1_15' title="bbox 535 1467 2098 1541">
     <span class='ocr_line' id='line_1_15' title="bbox 535 1467 2098 1541; baseline 0.003 -18"><span class='ocrx_word' id='word_1_85' title='bbox 535 1467 811 1537; x_wconf 68' lang='lat' dir='ltr'><strong>Nusquam</strong></span> <span class='ocrx_word' id='word_1_86' title='bbox 841 1470 985 1525; x_wconf 91' lang='lat' dir='ltr'><strong>enim</strong></span> <span class='ocrx_word' id='word_1_87' title='bbox 1016 1485 1137 1541; x_wconf 69' lang='lat' dir='ltr'><strong>quae</strong></span> <span class='ocrx_word' id='word_1_88' title='bbox 1158 1470 1406 1540; x_wconf 88' lang='lat' dir='ltr'><strong>ejusdem</strong></span> <span class='ocrx_word' id='word_1_89' title='bbox 1442 1478 1573 1527; x_wconf 87' lang='lat' dir='ltr'><strong>sunt</strong></span> <span class='ocrx_word' id='word_1_90' title='bbox 1610 1479 1816 1528; x_wconf 73' lang='lat' dir='ltr'><strong>natura:</strong></span> <span class='ocrx_word' id='word_1_91' title='bbox 1852 1481 2098 1529; x_wconf 85' lang='lat' dir='ltr'><strong>mutuam</strong></span> 
     </span>
    </p>
   </div>
   <div class='ocr_carea' id='block_1_16' title="bbox 534 1560 2097 1633">
    <p class='ocr_par' dir='ltr' id='par_1_16' title="bbox 534 1560 2097 1633">
     <span class='ocr_line' id='line_1_16' title="bbox 534 1560 2097 1633; baseline 0.002 -18"><span class='ocrx_word' id='word_1_92' title='bbox 534 1562 883 1616; x_wconf 87' lang='lat' dir='ltr'><strong>nmtationem</strong></span> <span class='ocrx_word' id='word_1_93' title='bbox 909 1560 1016 1632; x_wconf 77' lang='lat'><strong>35</strong></span> <span class='ocrx_word' id='word_1_94' title='bbox 1059 1569 1115 1616; x_wconf 91' lang='lat' dir='ltr'><strong>et</strong></span> <span class='ocrx_word' id='word_1_95' title='bbox 1155 1562 1566 1632; x_wconf 85' lang='lat' dir='ltr'><strong>permistiouem</strong></span> <span class='ocrx_word' id='word_1_96' title='bbox 1595 1562 1763 1619; x_wconf 87' lang='lat' dir='ltr'><strong>veluti</strong></span> <span class='ocrx_word' id='word_1_97' title='bbox 1804 1564 2097 1633; x_wconf 77' lang='lat' dir='ltr'><strong>quamdam</strong></span> 
     </span>
    </p>
   </div>
   <div class='ocr_carea' id='block_1_17' title="bbox 534 1648 2095 1722">
    <p class='ocr_par' dir='ltr' id='par_1_17' title="bbox 534 1648 2095 1722">
     <span class='ocr_line' id='line_1_17' title="bbox 534 1648 2095 1722; baseline 0.005 -22"><span class='ocrx_word' id='word_1_98' title='bbox 534 1648 758 1704; x_wconf 85' lang='lat' dir='ltr'><strong>alterius</strong></span> <span class='ocrx_word' id='word_1_99' title='bbox 790 1650 844 1702; x_wconf 91' lang='lat' dir='ltr'><strong>in</strong></span> <span class='ocrx_word' id='word_1_100' title='bbox 880 1650 1108 1703; x_wconf 82' lang='lat' dir='ltr'><strong>alterum</strong></span> <span class='ocrx_word' id='word_1_101' title='bbox 1140 1650 1396 1720; x_wconf 88' lang='lat' dir='ltr'><strong>capient,</strong></span> <span class='ocrx_word' id='word_1_102' title='bbox 1444 1652 1518 1705; x_wconf 90' lang='lat' dir='ltr'><strong>ita</strong></span> <span class='ocrx_word' id='word_1_103' title='bbox 1550 1659 1609 1704; x_wconf 93' lang='lat' dir='ltr'><strong>ut</strong></span> <span class='ocrx_word' id='word_1_104' title='bbox 1638 1666 1670 1706; x_wconf 87' lang='lat' dir='ltr'><strong>e</strong></span> <span class='ocrx_word' id='word_1_105' title='bbox 1698 1650 2009 1722; x_wconf 81' lang='lat' dir='ltr'><strong>pluralitate</strong></span> <span class='ocrx_word' id='word_1_106' title='bbox 2039 1654 2095 1708; x_wconf 90' lang='lat' dir='ltr'><strong>in</strong></span> 
     </span>
    </p>
   </div>
   <div class='ocr_carea' id='block_1_18' title="bbox 534 1740 2096 1812">
    <p class='ocr_par' dir='ltr' id='par_1_18' title="bbox 534 1740 2096 1812">
     <span class='ocr_line' id='line_1_18' title="bbox 534 1740 2096 1812; baseline 0.004 -19"><span class='ocrx_word' id='word_1_107' title='bbox 534 1740 795 1794; x_wconf 86' lang='lat' dir='ltr'><strong>unitatem</strong></span> <span class='ocrx_word' id='word_1_108' title='bbox 826 1741 1073 1795; x_wconf 80' lang='lat' dir='ltr'><strong>contrahi</strong></span> <span class='ocrx_word' id='word_1_109' title='bbox 1104 1743 1318 1810; x_wconf 88' lang='lat' dir='ltr'><strong>possint</strong></span> <span class='ocrx_word' id='word_1_110' title='bbox 1336 1757 1424 1797; x_wconf 89' lang='lat' dir='ltr'><strong>res</strong></span> <span class='ocrx_word' id='word_1_111' title='bbox 1447 1742 1788 1812; x_wconf 63' lang='lat' dir='ltr'><strong>signiﬁcata,</strong></span> <span class='ocrx_word' id='word_1_112' title='bbox 1812 1750 1908 1798; x_wconf 82' lang='lat' dir='ltr'><strong>aut</strong></span> <span class='ocrx_word' id='word_1_113' title='bbox 1931 1743 2096 1799; x_wconf 82' lang='lat' dir='ltr'><strong>etiam</strong></span> 
     </span>
    </p>
   </div>
   <div class='ocr_carea' id='block_1_19' title="bbox 528 1809 2170 1904">
    <p class='ocr_par' dir='ltr' id='par_1_19' title="bbox 528 1809 2170 1904">
     <span class='ocr_line' id='line_1_19' title="bbox 528 1809 2170 1904; baseline 0.003 -20"><span class='ocrx_word' id='word_1_114' title='bbox 528 1844 597 1884; x_wconf 77' lang='lat' dir='ltr'><strong>ex</strong></span> <span class='ocrx_word' id='word_1_115' title='bbox 613 1828 871 1885; x_wconf 89' lang='lat' dir='ltr'><strong>dualitate</strong></span> <span class='ocrx_word' id='word_1_116' title='bbox 887 1830 941 1884; x_wconf 91' lang='lat' dir='ltr'><strong>in</strong></span> <span class='ocrx_word' id='word_1_117' title='bbox 956 1809 1242 1885; x_wconf 83' lang='lat' dir='ltr'><strong>unitatem.</strong></span> <span class='ocrx_word' id='word_1_118' title='bbox 1257 1830 1374 1884; x_wconf 82' lang='lat' dir='ltr'><strong>Non</strong></span> <span class='ocrx_word' id='word_1_119' title='bbox 1393 1809 1538 1886; x_wconf 83' lang='lat' dir='ltr'><strong>enim</strong></span> <span class='ocrx_word' id='word_1_120' title='bbox 1561 1846 1625 1886; x_wconf 81' lang='lat' dir='ltr'><strong>ex</strong></span> <span class='ocrx_word' id='word_1_121' title='bbox 1646 1833 1865 1902; x_wconf 81' lang='lat' dir='ltr'><strong>ecquod</strong></span> <span class='ocrx_word' id='word_1_122' title='bbox 1882 1834 2099 1904; x_wconf 77' lang='lat' dir='ltr'><strong>generis</strong></span> <span class='ocrx_word' id='word_1_123' title='bbox 2130 1809 2170 1864; x_wconf 75' lang='grc' dir='ltr'><strong>Β</strong></span> 
     </span>
    </p>
   </div>
   <div class='ocr_carea' id='block_1_20' title="bbox 535 1918 2097 1989">
    <p class='ocr_par' dir='ltr' id='par_1_20' title="bbox 535 1918 2097 1989">
     <span class='ocr_line' id='line_1_20' title="bbox 535 1918 2097 1989; baseline 0.005 -18"><span class='ocrx_word' id='word_1_124' title='bbox 535 1928 728 1973; x_wconf 88' lang='lat' dir='ltr'><strong>auctor</strong></span> <span class='ocrx_word' id='word_1_125' title='bbox 753 1918 925 1973; x_wconf 85' lang='lat' dir='ltr'><strong>Adam</strong></span> <span class='ocrx_word' id='word_1_126' title='bbox 957 1928 1090 1974; x_wconf 87' lang='lat' dir='ltr'><strong>nato</strong></span> <span class='ocrx_word' id='word_1_127' title='bbox 1118 1935 1182 1976; x_wconf 83' lang='lat' dir='ltr'><strong>ex</strong></span> <span class='ocrx_word' id='word_1_128' title='bbox 1214 1936 1276 1975; x_wconf 84' lang='lat' dir='ltr'><strong>se</strong></span> <span class='ocrx_word' id='word_1_129' title='bbox 1302 1921 1416 1977; x_wconf 90' lang='lat' dir='ltr'><strong>ﬁlio</strong></span> <span class='ocrx_word' id='word_1_130' title='bbox 1437 1923 1924 1979; x_wconf 88' lang='lat' dir='ltr'><strong>consubstantialis</strong></span> <span class='ocrx_word' id='word_1_131' title='bbox 1957 1932 2097 1989; x_wconf 92' lang='lat' dir='ltr'><strong>erat,</strong></span> 
     </span>
    </p>
   </div>
   <div class='ocr_carea' id='block_1_21' title="bbox 534 2007 2098 2079">
    <p class='ocr_par' dir='ltr' id='par_1_21' title="bbox 534 2007 2098 2079">
     <span class='ocr_line' id='line_1_21' title="bbox 534 2007 2098 2079; baseline 0.006 -16"><span class='ocrx_word' id='word_1_132' title='bbox 534 2007 745 2063; x_wconf 87' lang='lat' dir='ltr'><strong>idcirco</strong></span> <span class='ocrx_word' id='word_1_133' title='bbox 771 2017 926 2078; x_wconf 89' lang='lat' dir='ltr'><strong>pater</strong></span> <span class='ocrx_word' id='word_1_134' title='bbox 978 2010 1238 2079; x_wconf 78' lang='lat' dir='ltr'><strong>migrabit</strong></span> <span class='ocrx_word' id='word_1_135' title='bbox 1267 2012 1321 2065; x_wconf 91' lang='lat' dir='ltr'><strong>in</strong></span> <span class='ocrx_word' id='word_1_136' title='bbox 1368 2010 1560 2079; x_wconf 89' lang='lat' dir='ltr'><strong>ﬁlium,</strong></span> <span class='ocrx_word' id='word_1_137' title='bbox 1590 2019 1645 2067; x_wconf 88' lang='lat' dir='ltr'><strong>et</strong></span> <span class='ocrx_word' id='word_1_138' title='bbox 1678 2012 1920 2069; x_wconf 78' lang='lat' dir='ltr'><strong>vicissim</strong></span> <span class='ocrx_word' id='word_1_139' title='bbox 1951 2014 2098 2073; x_wconf 90' lang='lat' dir='ltr'><strong>ﬁlius</strong></span> 
     </span>
    </p>
   </div>
   <div class='ocr_carea' id='block_1_22' title="bbox 535 2098 2095 2177">
    <p class='ocr_par' dir='ltr' id='par_1_22' title="bbox 535 2098 2095 2177">
     <span class='ocr_line' id='line_1_22' title="bbox 535 2098 2095 2177; baseline 0.004 -24"><span class='ocrx_word' id='word_1_140' title='bbox 535 2098 593 2154; x_wconf 86' lang='lat' dir='ltr'><strong>in</strong></span> <span class='ocrx_word' id='word_1_141' title='bbox 633 2108 866 2170; x_wconf 83' lang='lat' dir='ltr'><strong>patrem.</strong></span> <span class='ocrx_word' id='word_1_142' title='bbox 912 2099 1020 2157; x_wconf 90' lang='lat' dir='ltr'><strong>Sed</strong></span> <span class='ocrx_word' id='word_1_143' title='bbox 1077 2118 1245 2157; x_wconf 91' lang='lat' dir='ltr'><strong>uuum</strong></span> <span class='ocrx_word' id='word_1_144' title='bbox 1305 2103 1436 2172; x_wconf 90' lang='lat' dir='ltr'><strong>quid</strong></span> <span class='ocrx_word' id='word_1_145' title='bbox 1476 2104 1753 2160; x_wconf 83' lang='lat' dir='ltr'><strong>exsistens</strong></span> <span class='ocrx_word' id='word_1_146' title='bbox 1792 2120 1915 2160; x_wconf 88' lang='lat' dir='ltr'><strong>cum</strong></span> <span class='ocrx_word' id='word_1_147' title='bbox 1952 2106 2095 2177; x_wconf 90' lang='lat' dir='ltr'><strong>ipso,</strong></span> 
     </span>
    </p>
   </div>
   <div class='ocr_carea' id='block_1_23' title="bbox 531 2192 2097 2267">
    <p class='ocr_par' dir='ltr' id='par_1_23' title="bbox 531 2192 2097 2267">
     <span class='ocr_line' id='line_1_23' title="bbox 531 2192 2097 2267; baseline 0.004 -20"><span class='ocrx_word' id='word_1_148' title='bbox 531 2193 680 2248; x_wconf 86' lang='lat' dir='ltr'><strong>velut</strong></span> <span class='ocrx_word' id='word_1_149' title='bbox 716 2192 784 2248; x_wconf 89' lang='lat' dir='ltr'><strong>ad</strong></span> <span class='ocrx_word' id='word_1_150' title='bbox 817 2193 1081 2250; x_wconf 86' lang='lat' dir='ltr'><strong>unitatem</strong></span> <span class='ocrx_word' id='word_1_151' title='bbox 1117 2195 1503 2251; x_wconf 84' lang='lat' dir='ltr'><strong>substantialis</strong></span> <span class='ocrx_word' id='word_1_152' title='bbox 1527 2195 1810 2266; x_wconf 85' lang='lat' dir='ltr'><strong>qualitatis</strong></span> <span class='ocrx_word' id='word_1_153' title='bbox 1844 2197 2097 2267; x_wconf 89' lang='lat' dir='ltr'><strong>proprie-</strong></span> 
     </span>
    </p>
   </div>
   <div class='ocr_carea' id='block_1_24' title="bbox 530 2285 2098 2357">
    <p class='ocr_par' dir='ltr' id='par_1_24' title="bbox 530 2285 2098 2357">
     <span class='ocr_line' id='line_1_24' title="bbox 530 2285 2098 2357; baseline 0.003 -19"><span class='ocrx_word' id='word_1_154' title='bbox 530 2292 697 2339; x_wconf 86' lang='lat' dir='ltr'><strong>tatem</strong></span> <span class='ocrx_word' id='word_1_155' title='bbox 729 2299 887 2340; x_wconf 87' lang='lat' dir='ltr'><strong>suam</strong></span> <span class='ocrx_word' id='word_1_156' title='bbox 930 2285 1090 2353; x_wconf 77' lang='lat' dir='ltr'><strong>feret,</strong></span> <span class='ocrx_word' id='word_1_157' title='bbox 1153 2293 1210 2343; x_wconf 87' lang='lat' dir='ltr'><strong>et</strong></span> <span class='ocrx_word' id='word_1_158' title='bbox 1252 2286 1400 2342; x_wconf 91' lang='lat' dir='ltr'><strong>ﬁlius</strong></span> <span class='ocrx_word' id='word_1_159' title='bbox 1433 2286 1654 2357; x_wconf 89' lang='lat' dir='ltr'><strong>quidam</strong></span> <span class='ocrx_word' id='word_1_160' title='bbox 1684 2301 1749 2343; x_wconf 79' lang='lat' dir='ltr'><strong>ex</strong></span> <span class='ocrx_word' id='word_1_161' title='bbox 1774 2296 1934 2357; x_wconf 90' lang='lat' dir='ltr'><strong>patre</strong></span> <span class='ocrx_word' id='word_1_162' title='bbox 1962 2301 2098 2357; x_wconf 90' lang='lat' dir='ltr'><strong>quo-</strong></span> 
     </span>
    </p>
   </div>
   <div class='ocr_carea' id='block_1_25' title="bbox 529 2370 2099 2447">
    <p class='ocr_par' dir='ltr' id='par_1_25' title="bbox 529 2370 2099 2447">
     <span class='ocr_line' id='line_1_25' title="bbox 529 2370 2099 2447; baseline 0.003 -22"><span class='ocrx_word' id='word_1_163' title='bbox 529 2370 653 2426; x_wconf 89' lang='lat' dir='ltr'><strong>dam</strong></span> <span class='ocrx_word' id='word_1_164' title='bbox 678 2371 1030 2428; x_wconf 88' lang='lat' dir='ltr'><strong>ceusebitur:</strong></span> <span class='ocrx_word' id='word_1_165' title='bbox 1057 2380 1214 2443; x_wconf 83' lang='lat' dir='ltr'><strong>pater</strong></span> <span class='ocrx_word' id='word_1_166' title='bbox 1241 2389 1371 2430; x_wconf 88' lang='lat' dir='ltr'><strong>vero</strong></span> <span class='ocrx_word' id='word_1_167' title='bbox 1401 2374 1652 2432; x_wconf 89' lang='lat' dir='ltr'><strong>vicissim</strong></span> <span class='ocrx_word' id='word_1_168' title='bbox 1683 2376 1900 2447; x_wconf 83' lang='lat' dir='ltr'><strong>genitor</strong></span> <span class='ocrx_word' id='word_1_169' title='bbox 1924 2376 2099 2431; x_wconf 80' lang='lat' dir='ltr'><strong>alicu~</strong></span> 
     </span>
    </p>
   </div>
   <div class='ocr_carea' id='block_1_26' title="bbox 525 2462 2098 2537">
    <p class='ocr_par' dir='ltr' id='par_1_26' title="bbox 525 2462 2098 2537">
     <span class='ocr_line' id='line_1_26' title="bbox 525 2462 2098 2537; baseline 0.004 -20"><span class='ocrx_word' id='word_1_170' title='bbox 525 2462 619 2532; x_wconf 82' lang='lat' dir='ltr'><strong>jus</strong></span> <span class='ocrx_word' id='word_1_171' title='bbox 663 2480 791 2522; x_wconf 84' lang='lat' dir='ltr'><strong>esse</strong></span> <span class='ocrx_word' id='word_1_172' title='bbox 832 2465 1129 2522; x_wconf 82' lang='lat' dir='ltr'><strong>videbitur.</strong></span> <span class='ocrx_word' id='word_1_173' title='bbox 1160 2464 1318 2531; x_wconf 82' lang='lat' dir='ltr'><strong>Quod</strong></span> <span class='ocrx_word' id='word_1_174' title='bbox 1349 2466 1396 2522; x_wconf 88' lang='lat' dir='ltr'><strong>si</strong></span> <span class='ocrx_word' id='word_1_175' title='bbox 1431 2475 1653 2522; x_wconf 88' lang='lat' dir='ltr'><strong>acutum</strong></span> <span class='ocrx_word' id='word_1_176' title='bbox 1705 2466 1965 2537; x_wconf 84' lang='lat' dir='ltr'><strong>quiddam</strong></span> <span class='ocrx_word' id='word_1_177' title='bbox 2007 2469 2098 2524; x_wconf 90' lang='lat' dir='ltr'><strong>hic</strong></span> 
     </span>
    </p>
   </div>
   <div class='ocr_carea' id='block_1_27' title="bbox 528 2558 2098 2628">
    <p class='ocr_par' dir='ltr' id='par_1_27' title="bbox 528 2558 2098 2628">
     <span class='ocr_line' id='line_1_27' title="bbox 528 2558 2098 2628; baseline 0.006 -20"><span class='ocrx_word' id='word_1_178' title='bbox 528 2570 631 2611; x_wconf 91' lang='lat' dir='ltr'><strong>vos</strong></span> <span class='ocrx_word' id='word_1_179' title='bbox 667 2558 1012 2613; x_wconf 85' lang='lat' dir='ltr'><strong>comminisci</strong></span> <span class='ocrx_word' id='word_1_180' title='bbox 1047 2560 1277 2628; x_wconf 88' lang='lat' dir='ltr'><strong>putatis,</strong></span> <span class='ocrx_word' id='word_1_181' title='bbox 1312 2566 1368 2616; x_wconf 88' lang='lat' dir='ltr'><strong>et</strong></span> <span class='ocrx_word' id='word_1_182' title='bbox 1407 2561 1959 2618; x_wconf 83' lang='lat' dir='ltr'><strong>consubstantialitas</strong></span> <span class='ocrx_word' id='word_1_183' title='bbox 1990 2563 2098 2617; x_wconf 90' lang='lat' dir='ltr'><strong>uti-</strong></span> 
     </span>
    </p>
   </div>
   <div class='ocr_carea' id='block_1_28' title="bbox 528 2649 2100 2721">
    <p class='ocr_par' dir='ltr' id='par_1_28' title="bbox 528 2649 2100 2721">
     <span class='ocr_line' id='line_1_28' title="bbox 528 2649 2100 2721; baseline 0.005 -23"><span class='ocrx_word' id='word_1_184' title='bbox 528 2662 638 2717; x_wconf 87' lang='lat' dir='ltr'><strong>que</strong></span> <span class='ocrx_word' id='word_1_185' title='bbox 704 2657 866 2720; x_wconf 87' lang='lat' dir='ltr'><strong>coget</strong></span> <span class='ocrx_word' id='word_1_186' title='bbox 909 2649 1387 2706; x_wconf 86' lang='lat' dir='ltr'><strong>consubstantiale</strong></span> <span class='ocrx_word' id='word_1_187' title='bbox 1438 2666 1604 2706; x_wconf 88' lang='lat' dir='ltr'><strong>unum</strong></span> <span class='ocrx_word' id='word_1_188' title='bbox 1637 2651 1771 2721; x_wconf 91' lang='lat' dir='ltr'><strong>quid</strong></span> <span class='ocrx_word' id='word_1_189' title='bbox 1803 2665 1929 2707; x_wconf 87' lang='lat' dir='ltr'><strong>esse</strong></span> <span class='ocrx_word' id='word_1_190' title='bbox 1962 2667 2100 2708; x_wconf 85' lang='lat' dir='ltr'><strong>con-</strong></span> 
     </span>
    </p>
   </div>
   <div class='ocr_carea' id='block_1_29' title="bbox 526 2740 2096 2814">
    <p class='ocr_par' dir='ltr' id='par_1_29' title="bbox 526 2740 2096 2814">
     <span class='ocr_line' id='line_1_29' title="bbox 526 2740 2096 2814; baseline 0.002 -21"><span class='ocrx_word' id='word_1_191' title='bbox 526 2740 900 2807; x_wconf 79' lang='lat' dir='ltr'><strong>substantiali,</strong></span> <span class='ocrx_word' id='word_1_192' title='bbox 936 2757 1039 2798; x_wconf 91' lang='lat' dir='ltr'><strong>nec</strong></span> <span class='ocrx_word' id='word_1_193' title='bbox 1099 2742 1269 2797; x_wconf 92' lang='lat' dir='ltr'><strong>ullum</strong></span> <span class='ocrx_word' id='word_1_194' title='bbox 1319 2741 1618 2798; x_wconf 85' lang='lat' dir='ltr'><strong>discrimen</strong></span> <span class='ocrx_word' id='word_1_195' title='bbox 1652 2757 1778 2798; x_wconf 91' lang='lat' dir='ltr'><strong>esse</strong></span> <span class='ocrx_word' id='word_1_196' title='bbox 1831 2742 2096 2814; x_wconf 88' lang='lat' dir='ltr'><strong>patietur,</strong></span> 
     </span>
    </p>
   </div>
   <div class='ocr_carea' id='block_1_30' title="bbox 530 2829 2097 2906">
    <p class='ocr_par' dir='ltr' id='par_1_30' title="bbox 530 2829 2097 2906">
     <span class='ocr_line' id='line_1_30' title="bbox 530 2829 2097 2906; baseline 0.006 -25"><span class='ocrx_word' id='word_1_197' title='bbox 530 2829 606 2885; x_wconf 92' lang='lat' dir='ltr'><strong>ita</strong></span> <span class='ocrx_word' id='word_1_198' title='bbox 640 2838 698 2885; x_wconf 92' lang='lat' dir='ltr'><strong>ut</strong></span> <span class='ocrx_word' id='word_1_199' title='bbox 732 2832 1156 2903; x_wconf 85' lang='lat' dir='ltr'><strong>unumquodque</strong></span> <span class='ocrx_word' id='word_1_200' title='bbox 1190 2834 1263 2890; x_wconf 80' lang='lat' dir='ltr'><strong>sit</strong></span> <span class='ocrx_word' id='word_1_201' title='bbox 1300 2833 1355 2888; x_wconf 91' lang='lat' dir='ltr'><strong>in</strong></span> <span class='ocrx_word' id='word_1_202' title='bbox 1387 2850 1446 2890; x_wconf 90' lang='lat' dir='ltr'><strong>se</strong></span> <span class='ocrx_word' id='word_1_203' title='bbox 1476 2842 1533 2890; x_wconf 91' lang='lat' dir='ltr'><strong>et</strong></span> <span class='ocrx_word' id='word_1_204' title='bbox 1578 2834 1634 2889; x_wconf 90' lang='lat' dir='ltr'><strong>in</strong></span> <span class='ocrx_word' id='word_1_205' title='bbox 1666 2850 1778 2905; x_wconf 93' lang='lat' dir='ltr'><strong>quo</strong></span> <span class='ocrx_word' id='word_1_206' title='bbox 1809 2842 1897 2891; x_wconf 85' lang='lat' dir='ltr'><strong>est</strong></span> <span class='ocrx_word' id='word_1_207' title='bbox 1923 2850 1937 2888; x_wconf 90' lang='lat'><strong>:</strong></span> <span class='ocrx_word' id='word_1_208' title='bbox 1964 2833 2097 2906; x_wconf 89' lang='lat' dir='ltr'><strong>quid</strong></span> 
     </span>
    </p>
   </div>
   <div class='ocr_carea' id='block_1_31' title="bbox 528 2921 2092 2997">
    <p class='ocr_par' dir='ltr' id='par_1_31' title="bbox 528 2921 2092 2997">
     <span class='ocr_line' id='line_1_31' title="bbox 528 2921 2092 2997; baseline 0.004 -22"><span class='ocrx_word' id='word_1_209' title='bbox 528 2921 743 2978; x_wconf 81' lang='lat' dir='ltr'><strong>induxit</strong></span> <span class='ocrx_word' id='word_1_210' title='bbox 768 2924 1014 2980; x_wconf 89' lang='lat' dir='ltr'><strong>omnium</strong></span> <span class='ocrx_word' id='word_1_211' title='bbox 1059 2924 1328 2993; x_wconf 86' lang='lat' dir='ltr'><strong>Judicem,</strong></span> <span class='ocrx_word' id='word_1_212' title='bbox 1371 2933 1432 2982; x_wconf 92' lang='lat' dir='ltr'><strong>ut</strong></span> <span class='ocrx_word' id='word_1_213' title='bbox 1478 2933 1691 2997; x_wconf 85' lang='lat' dir='ltr'><strong>patrem</strong></span> <span class='ocrx_word' id='word_1_214' title='bbox 1723 2925 1942 2997; x_wconf 86' lang='lat' dir='ltr'><strong>quidem</strong></span> <span class='ocrx_word' id='word_1_215' title='bbox 1980 2943 2092 2982; x_wconf 87' lang='lat' dir='ltr'><strong>non</strong></span> 
     </span>
    </p>
   </div>
   <div class='ocr_carea' id='block_1_32' title="bbox 526 3011 2096 3087">
    <p class='ocr_par' dir='ltr' id='par_1_32' title="bbox 526 3011 2096 3087">
     <span class='ocr_line' id='line_1_32' title="bbox 526 3011 2096 3087; baseline 0.002 -23"><span class='ocrx_word' id='word_1_216' title='bbox 526 3011 722 3079; x_wconf 86' lang='lat' dir='ltr'><strong>puniat</strong></span> <span class='ocrx_word' id='word_1_217' title='bbox 772 3029 872 3083; x_wconf 90' lang='lat' dir='ltr'><strong>pro</strong></span> <span class='ocrx_word' id='word_1_218' title='bbox 933 3014 1069 3078; x_wconf 86' lang='lat' dir='ltr'><strong>ﬁlio,</strong></span> <span class='ocrx_word' id='word_1_219' title='bbox 1115 3029 1218 3070; x_wconf 92' lang='lat' dir='ltr'><strong>nec</strong></span> <span class='ocrx_word' id='word_1_220' title='bbox 1262 3014 1330 3069; x_wconf 87' lang='lat' dir='ltr'><strong>de</strong></span> <span class='ocrx_word' id='word_1_221' title='bbox 1366 3015 1478 3068; x_wconf 85' lang='lat' dir='ltr'><strong>lilio</strong></span> <span class='ocrx_word' id='word_1_222' title='bbox 1530 3014 1864 3087; x_wconf 89' lang='lat' dir='ltr'><strong>supplicium</strong></span> <span class='ocrx_word' id='word_1_223' title='bbox 1914 3022 2096 3070; x_wconf 87' lang='lat' dir='ltr'><strong>sumat</strong></span> 
     </span>
    </p>
   </div>
   <div class='ocr_carea' id='block_1_33' title="bbox 2211 568 3781 640">
    <p class='ocr_par' dir='ltr' id='par_1_33' title="bbox 2211 568 3781 640">
     <span class='ocr_line' id='line_1_33' title="bbox 2211 568 3781 640; baseline 0.001 -20"><span class='ocrx_word' id='word_1_224' title='bbox 2211 568 2442 640; x_wconf 75' lang='grc' dir='ltr'><strong>μίμησιν</strong></span> <span class='ocrx_word' id='word_1_225' title='bbox 2481 570 2724 624; x_wconf 88' lang='grc' dir='ltr'>καλεῖται</span> <span class='ocrx_word' id='word_1_226' title='bbox 2761 569 2954 638; x_wconf 81' lang='grc' dir='ltr'>Λόγος,</span> <span class='ocrx_word' id='word_1_227' title='bbox 2999 568 3198 623; x_wconf 84' lang='grc' dir='ltr'>ἀτοπόν</span> <span class='ocrx_word' id='word_1_228' title='bbox 3236 586 3290 622; x_wconf 90' lang='grc' dir='ltr'><strong>τι</strong></span> <span class='ocrx_word' id='word_1_229' title='bbox 3317 569 3380 623; x_wconf 85' lang='grc' dir='ltr'>τὸ</span> <span class='ocrx_word' id='word_1_230' title='bbox 3409 568 3659 622; x_wconf 75' lang='grc' dir='ltr'>ἐντεῦθεν</span> <span class='ocrx_word' id='word_1_231' title='bbox 3688 568 3781 621; x_wconf 76' lang='grc' dir='ltr'><strong>ὲκ-</strong></span> 
     </span>
    </p>
   </div>
   <div class='ocr_carea' id='block_1_34' title="bbox 2208 657 3781 731">
    <p class='ocr_par' dir='ltr' id='par_1_34' title="bbox 2208 657 3781 731">
     <span class='ocr_line' id='line_1_34' title="bbox 2208 657 3781 731; baseline 0.001 -20"><span class='ocrx_word' id='word_1_232' title='bbox 2208 658 2455 730; x_wconf 85' lang='grc' dir='ltr'>6ήσεται,</span> <span class='ocrx_word' id='word_1_233' title='bbox 2495 661 2591 714; x_wconf 77' lang='grc' dir='ltr'>καὶ</span> <span class='ocrx_word' id='word_1_234' title='bbox 2628 660 2909 731; x_wconf 79' lang='grc' dir='ltr'><strong>ὁμολογεῖν</strong></span> <span class='ocrx_word' id='word_1_235' title='bbox 2969 663 3002 730; x_wconf 92' lang='grc' dir='ltr'><strong>ή</strong></span> <span class='ocrx_word' id='word_1_236' title='bbox 3012 662 3118 731; x_wconf 84' lang='grc' dir='ltr'><strong>μᾶς</strong></span> <span class='ocrx_word' id='word_1_237' title='bbox 3160 660 3459 727; x_wconf 87' lang='grc' dir='ltr'>ἀναγκαῖον</span> <span class='ocrx_word' id='word_1_238' title='bbox 3491 659 3619 722; x_wconf 76' lang='grc' dir='ltr'>τοὺς</span> <span class='ocrx_word' id='word_1_239' title='bbox 3641 657 3781 729; x_wconf 87' lang='grc' dir='ltr'><strong>όρθά</strong></span> 
     </span>
    </p>
   </div>
   <div class='ocr_carea' id='block_1_35' title="bbox 2206 744 3778 821">
    <p class='ocr_par' dir='ltr' id='par_1_35' title="bbox 2206 744 3778 821">
     <span class='ocr_line' id='line_1_35' title="bbox 2206 744 3778 821; baseline -0.002 -19"><span class='ocrx_word' id='word_1_240' title='bbox 2206 751 2421 821; x_wconf 81' lang='grc' dir='ltr'>φρονεῖν</span> <span class='ocrx_word' id='word_1_241' title='bbox 2447 748 2749 820; x_wconf 85' lang='grc' dir='ltr'>οἰομένους,</span> <span class='ocrx_word' id='word_1_242' title='bbox 2771 748 2963 818; x_wconf 82' lang='grc' dir='ltr'><strong>ὅτιπερ</strong></span> <span class='ocrx_word' id='word_1_243' title='bbox 2995 750 3042 802; x_wconf 87' lang='grc' dir='ltr'><strong>εἰ</strong></span> <span class='ocrx_word' id='word_1_244' title='bbox 3063 747 3347 820; x_wconf 83' lang='grc' dir='ltr'>όμοούσιός</span> <span class='ocrx_word' id='word_1_245' title='bbox 3384 749 3530 801; x_wconf 79' lang='grc' dir='ltr'>ἐστιν</span> <span class='ocrx_word' id='word_1_246' title='bbox 3552 747 3582 800; x_wconf 92' lang='lat'><strong>6</strong></span> <span class='ocrx_word' id='word_1_247' title='bbox 3605 744 3778 813; x_wconf 84' lang='grc' dir='ltr'>Λόγος</span> 
     </span>
    </p>
   </div>
   <div class='ocr_carea' id='block_1_36' title="bbox 2204 836 3778 912">
    <p class='ocr_par' dir='ltr' id='par_1_36' title="bbox 2204 836 3778 912">
     <span class='ocr_line' id='line_1_36' title="bbox 2204 836 3778 912; baseline -0.002 -20"><span class='ocrx_word' id='word_1_248' title='bbox 2204 839 2282 910; x_wconf 85' lang='grc' dir='ltr'><strong>τῷ</strong></span> <span class='ocrx_word' id='word_1_249' title='bbox 2328 840 2521 911; x_wconf 79' lang='grc' dir='ltr'>Πατρὶ,</span> <span class='ocrx_word' id='word_1_250' title='bbox 2573 841 2666 894; x_wconf 70' lang='grc' dir='ltr'><strong>καί⁵</strong></span> <span class='ocrx_word' id='word_1_251' title='bbox 2709 840 2738 892; x_wconf 90' lang='lat'><strong>6</strong></span> <span class='ocrx_word' id='word_1_252' title='bbox 2791 840 2981 912; x_wconf 80' lang='grc' dir='ltr'>Πατὴρ</span> <span class='ocrx_word' id='word_1_253' title='bbox 3010 841 3069 894; x_wconf 77' lang='grc' dir='ltr'>δὲ</span> <span class='ocrx_word' id='word_1_254' title='bbox 3113 839 3191 911; x_wconf 85' lang='grc' dir='ltr'>τῷ</span> <span class='ocrx_word' id='word_1_255' title='bbox 3217 838 3397 910; x_wconf 86' lang='grc' dir='ltr'>Λόγῳ,</span> <span class='ocrx_word' id='word_1_256' title='bbox 3429 838 3578 892; x_wconf 79' lang='grc' dir='ltr'>οὐδὲν</span> <span class='ocrx_word' id='word_1_257' title='bbox 3608 837 3688 890; x_wconf 77' lang='grc' dir='ltr'>ἔτι</span> <span class='ocrx_word' id='word_1_258' title='bbox 3718 836 3778 890; x_wconf 76' lang='grc' dir='ltr'>τὸ</span> 
     </span>
    </p>
   </div>
   <div class='ocr_carea' id='block_1_37' title="bbox 2204 927 3777 1001">
    <p class='ocr_par' dir='ltr' id='par_1_37' title="bbox 2204 927 3777 1001">
     <span class='ocr_line' id='line_1_37' title="bbox 2204 927 3777 1001; baseline -0.003 -18"><span class='ocrx_word' id='word_1_259' title='bbox 2204 929 2413 984; x_wconf 79' lang='grc' dir='ltr'>κωλῦον</span> <span class='ocrx_word' id='word_1_260' title='bbox 2462 931 2677 1001; x_wconf 74' lang='grc' dir='ltr'>ὁρᾶται,</span> <span class='ocrx_word' id='word_1_261' title='bbox 2708 930 2881 1000; x_wconf 81' lang='grc' dir='ltr'>Λόγον</span> <span class='ocrx_word' id='word_1_262' title='bbox 2940 929 3079 984; x_wconf 84' lang='grc' dir='ltr'>εἷναί</span> <span class='ocrx_word' id='word_1_263' title='bbox 3112 947 3173 984; x_wconf 86' lang='grc' dir='ltr'><strong>τε</strong></span> <span class='ocrx_word' id='word_1_264' title='bbox 3213 930 3308 984; x_wconf 77' lang='grc' dir='ltr'>καὶ</span> <span class='ocrx_word' id='word_1_265' title='bbox 3370 928 3657 983; x_wconf 87' lang='grc' dir='ltr'>καλεῖσθαι</span> <span class='ocrx_word' id='word_1_266' title='bbox 3684 927 3777 980; x_wconf 80' lang='grc' dir='ltr'>τὸν</span> 
     </span>
    </p>
   </div>
   <div class='ocr_carea' id='block_1_38' title="bbox 2204 1012 3299 1094">
    <p class='ocr_par' dir='ltr' id='par_1_38' title="bbox 2204 1012 3299 1094">
     <span class='ocr_line' id='line_1_38' title="bbox 2204 1012 3299 1094; baseline -0.002 -17"><span class='ocrx_word' id='word_1_267' title='bbox 2204 1021 2442 1094; x_wconf 80' lang='grc' dir='ltr'><strong>Πατέρα,</strong></span> <span class='ocrx_word' id='word_1_268' title='bbox 2464 1021 2541 1088; x_wconf 81' lang='grc' dir='ltr'>ὡς</span> <span class='ocrx_word' id='word_1_269' title='bbox 2565 1021 2850 1093; x_wconf 86' lang='grc' dir='ltr'>ὁμοοὺσιον</span> <span class='ocrx_word' id='word_1_270' title='bbox 2877 1020 3054 1088; x_wconf 78' lang='grc' dir='ltr'>Λόγῳ.</span> <span class='ocrx_word' id='word_1_271' title='bbox 3298 1012 3299 1015; x_wconf 28' lang='grc'><em>“</em></span> 
     </span>
    </p>
   </div>
   <div class='ocr_carea' id='block_1_39' title="bbox 2693 1109 3256 1180">
    <p class='ocr_par' dir='ltr' id='par_1_39' title="bbox 2693 1109 3256 1180">
     <span class='ocr_line' id='line_1_39' title="bbox 2693 1109 3256 1180; baseline -0.007 -14"><span class='ocrx_word' id='word_1_272' title='bbox 2693 1110 2846 1180; x_wconf 76' lang='grc' dir='ltr'>Πρὸς</span> <span class='ocrx_word' id='word_1_273' title='bbox 2864 1109 3040 1166; x_wconf 82' lang='grc' dir='ltr'>τοῦτο</span> <span class='ocrx_word' id='word_1_274' title='bbox 3073 1109 3256 1175; x_wconf 73' lang='grc' dir='ltr'>λύσις</span> 
     </span>
    </p>
   </div>
   <div class='ocr_carea' id='block_1_40' title="bbox 2271 1195 3778 1274">
    <p class='ocr_par' dir='ltr' id='par_1_40' title="bbox 2271 1195 3778 1274">
     <span class='ocr_line' id='line_1_40' title="bbox 2271 1195 3778 1274; baseline -0.007 -14"><span class='ocrx_word' id='word_1_275' title='bbox 2271 1204 2478 1271; x_wconf 74' lang='grc' dir='ltr'>Οὐδεὶς,</span> <span class='ocrx_word' id='word_1_276' title='bbox 2511 1197 2557 1258; x_wconf 79' lang='grc' dir='ltr'>ὧ</span> <span class='ocrx_word' id='word_1_277' title='bbox 2580 1202 2863 1274; x_wconf 85' lang='grc' dir='ltr'>βέλτιστοι,</span> <span class='ocrx_word' id='word_1_278' title='bbox 2887 1203 3086 1274; x_wconf 80' lang='grc' dir='ltr'>τρόπος</span> <span class='ocrx_word' id='word_1_279' title='bbox 3108 1202 3255 1273; x_wconf 73' lang='grc' dir='ltr'>ἡμᾶς</span> <span class='ocrx_word' id='word_1_280' title='bbox 3278 1197 3579 1270; x_wconf 79' lang='grc' dir='ltr'><strong>ἀναγκάσει</strong></span> <span class='ocrx_word' id='word_1_281' title='bbox 3601 1195 3778 1267; x_wconf 86' lang='grc' dir='ltr'>Λόγον</span> 
     </span>
    </p>
   </div>
   <div class='ocr_carea' id='block_1_41' title="bbox 2200 1286 3775 1365">
    <p class='ocr_par' dir='ltr' id='par_1_41' title="bbox 2200 1286 3775 1365">
     <span class='ocr_line' id='line_1_41' title="bbox 2200 1286 3775 1365; baseline -0.006 -15"><span class='ocrx_word' id='word_1_282' title='bbox 2200 1296 2409 1351; x_wconf 71' lang='grc' dir='ltr'>οἴεσθαι</span> <span class='ocrx_word' id='word_1_283' title='bbox 2449 1292 2561 1350; x_wconf 87' lang='grc' dir='ltr'>δεῖν</span> <span class='ocrx_word' id='word_1_284' title='bbox 2612 1296 2703 1350; x_wconf 83' lang='grc' dir='ltr'>τὸν</span> <span class='ocrx_word' id='word_1_285' title='bbox 2733 1294 2951 1365; x_wconf 85' lang='grc' dir='ltr'>Πατέρα</span> <span class='ocrx_word' id='word_1_286' title='bbox 2996 1294 3139 1347; x_wconf 88' lang='grc' dir='ltr'>νοεῖν</span> <span class='ocrx_word' id='word_1_287' title='bbox 3163 1309 3226 1346; x_wconf 87' lang='grc' dir='ltr'><strong>τε</strong></span> <span class='ocrx_word' id='word_1_288' title='bbox 3256 1292 3352 1344; x_wconf 64' lang='grc' dir='ltr'><strong>καὶ¹</strong></span> <span class='ocrx_word' id='word_1_289' title='bbox 3391 1290 3594 1359; x_wconf 86' lang='grc' dir='ltr'>λέγειν,</span> <span class='ocrx_word' id='word_1_290' title='bbox 3617 1289 3651 1360; x_wconf 74' lang='grc' dir='ltr'><strong>ἢ</strong></span> <span class='ocrx_word' id='word_1_291' title='bbox 3678 1286 3775 1341; x_wconf 75' lang='grc' dir='ltr'>καὶ</span> 
     </span>
    </p>
   </div>
   <div class='ocr_carea' id='block_1_42' title="bbox 2199 1378 3774 1459">
    <p class='ocr_par' dir='ltr' id='par_1_42' title="bbox 2199 1378 3774 1459">
     <span class='ocr_line' id='line_1_42' title="bbox 2199 1378 3774 1459; baseline -0.005 -19"><span class='ocrx_word' id='word_1_292' title='bbox 2199 1381 2339 1442; x_wconf 77' lang='grc' dir='ltr'>εῖναι</span> <span class='ocrx_word' id='word_1_293' title='bbox 2376 1385 2635 1459; x_wconf 79' lang='grc' dir='ltr'>δύνασθαι</span> <span class='ocrx_word' id='word_1_294' title='bbox 2689 1384 2988 1449; x_wconf 78' lang='grc' dir='ltr'><strong>πιστεύειν,</strong></span> <span class='ocrx_word' id='word_1_295' title='bbox 3049 1383 3242 1455; x_wconf 83' lang='grc' dir='ltr'>ὄτιπέρ</span> <span class='ocrx_word' id='word_1_296' title='bbox 3295 1385 3442 1437; x_wconf 74' lang='grc' dir='ltr'>ἐστιν</span> <span class='ocrx_word' id='word_1_297' title='bbox 3485 1378 3774 1453; x_wconf 82' lang='grc' dir='ltr'>ὁμοοὺσιος</span> 
     </span>
    </p>
   </div>
   <div class='ocr_carea' id='block_1_43' title="bbox 2199 1469 3770 1549">
    <p class='ocr_par' dir='ltr' id='par_1_43' title="bbox 2199 1469 3770 1549">
     <span class='ocr_line' id='line_1_43' title="bbox 2199 1469 3770 1549; baseline -0.007 -17"><span class='ocrx_word' id='word_1_298' title='bbox 2199 1477 2386 1549; x_wconf 76' lang='grc' dir='ltr'>Λόγῳο</span> <span class='ocrx_word' id='word_1_299' title='bbox 2408 1478 2470 1531; x_wconf 82' lang='grc' dir='ltr'><strong>οὑ</strong></span> <span class='ocrx_word' id='word_1_300' title='bbox 2502 1476 2612 1547; x_wconf 78' lang='grc' dir='ltr'><strong>γάρ</strong></span> <span class='ocrx_word' id='word_1_301' title='bbox 2640 1476 2859 1537; x_wconf 87' lang='grc' dir='ltr'>πάντως</span> <span class='ocrx_word' id='word_1_302' title='bbox 2903 1474 2972 1528; x_wconf 90' lang='grc' dir='ltr'><strong>τά</strong></span> <span class='ocrx_word' id='word_1_303' title='bbox 3015 1474 3117 1545; x_wconf 85' lang='grc' dir='ltr'>τῆς</span> <span class='ocrx_word' id='word_1_304' title='bbox 3160 1474 3331 1544; x_wconf 80' lang='grc' dir='ltr'>αὐτῆς</span> <span class='ocrx_word' id='word_1_305' title='bbox 3375 1471 3505 1526; x_wconf 79' lang='grc' dir='ltr'>ὄντα</span> <span class='ocrx_word' id='word_1_306' title='bbox 3533 1469 3770 1540; x_wconf 83' lang='grc' dir='ltr'>φύσεως,</span> 
     </span>
    </p>
   </div>
   <div class='ocr_carea' id='block_1_44' title="bbox 2198 1562 3785 1643">
    <p class='ocr_par' dir='ltr' id='par_1_44' title="bbox 2198 1562 3785 1643">
     <span class='ocr_line' id='line_1_44' title="bbox 2198 1562 3785 1643; baseline -0.007 -18"><span class='ocrx_word' id='word_1_307' title='bbox 2198 1570 2297 1643; x_wconf 78' lang='grc' dir='ltr'><strong>τήν</strong></span> <span class='ocrx_word' id='word_1_308' title='bbox 2340 1571 2419 1634; x_wconf 82' lang='grc' dir='ltr'><strong>εἰς</strong></span> <span class='ocrx_word' id='word_1_309' title='bbox 2453 1568 2658 1642; x_wconf 85' lang='grc' dir='ltr'>ἀλληλα</span> <span class='ocrx_word' id='word_1_310' title='bbox 2695 1568 2935 1640; x_wconf 79' lang='grc' dir='ltr'>χωρήσει</span> <span class='ocrx_word' id='word_1_311' title='bbox 2977 1565 3280 1639; x_wconf 76' lang='grc' dir='ltr'>μεταϐολὴν</span> <span class='ocrx_word' id='word_1_312' title='bbox 3314 1563 3410 1619; x_wconf 62' lang='grc' dir='ltr'><strong>καὶ⁵</strong></span> <span class='ocrx_word' id='word_1_313' title='bbox 3444 1562 3785 1632; x_wconf 79' lang='grc' dir='ltr'>ἀνάκρασιν,,</span> 
     </span>
    </p>
   </div>
   <div class='ocr_carea' id='block_1_45' title="bbox 2197 1652 3770 1733">
    <p class='ocr_par' dir='ltr' id='par_1_45' title="bbox 2197 1652 3770 1733">
     <span class='ocr_line' id='line_1_45' title="bbox 2197 1652 3770 1733; baseline -0.007 -18"><span class='ocrx_word' id='word_1_314' title='bbox 2197 1661 2385 1733; x_wconf 84' lang='grc' dir='ltr'>ὥσπερ</span> <span class='ocrx_word' id='word_1_315' title='bbox 2432 1661 2551 1716; x_wconf 85' lang='grc' dir='ltr'><strong>τινά</strong></span> <span class='ocrx_word' id='word_1_316' title='bbox 2578 1661 2678 1729; x_wconf 82' lang='grc' dir='ltr'>τὴν</span> <span class='ocrx_word' id='word_1_317' title='bbox 2719 1660 2778 1728; x_wconf 74' lang='grc' dir='ltr'>ἐξ</span> <span class='ocrx_word' id='word_1_318' title='bbox 2807 1658 2995 1730; x_wconf 77' lang='grc' dir='ltr'>ἐτέρου</span> <span class='ocrx_word' id='word_1_319' title='bbox 3029 1657 3167 1729; x_wconf 67' lang='grc' dir='ltr'>πρὸς</span> <span class='ocrx_word' id='word_1_320' title='bbox 3212 1656 3400 1728; x_wconf 71' lang='grc' dir='ltr'>ἕτερον</span> <span class='ocrx_word' id='word_1_321' title='bbox 3447 1652 3770 1719; x_wconf 79' lang='grc' dir='ltr'>ὲπιδέξεται,</span> 
     </span>
    </p>
   </div>
   <div class='ocr_carea' id='block_1_46' title="bbox 2197 1740 3772 1821">
    <p class='ocr_par' dir='ltr' id='par_1_46' title="bbox 2197 1740 3772 1821">
     <span class='ocr_line' id='line_1_46' title="bbox 2197 1740 3772 1821; baseline -0.006 -17"><span class='ocrx_word' id='word_1_322' title='bbox 2197 1749 2273 1815; x_wconf 81' lang='grc' dir='ltr'>ὡς</span> <span class='ocrx_word' id='word_1_323' title='bbox 2297 1751 2362 1804; x_wconf 81' lang='grc' dir='ltr'>ὲκ</span> <span class='ocrx_word' id='word_1_324' title='bbox 2396 1749 2630 1821; x_wconf 83' lang='grc' dir='ltr'><strong>πλήθους</strong></span> <span class='ocrx_word' id='word_1_325' title='bbox 2665 1750 2745 1814; x_wconf 84' lang='grc' dir='ltr'><strong>εἰς</strong></span> <span class='ocrx_word' id='word_1_326' title='bbox 2794 1748 2956 1803; x_wconf 86' lang='grc' dir='ltr'>ὲνάδα</span> <span class='ocrx_word' id='word_1_327' title='bbox 3011 1745 3271 1803; x_wconf 83' lang='grc' dir='ltr'>δύνασθαι</span> <span class='ocrx_word' id='word_1_328' title='bbox 3323 1743 3653 1807; x_wconf 82' lang='grc' dir='ltr'>συσταλῆναι</span> <span class='ocrx_word' id='word_1_329' title='bbox 3702 1740 3772 1795; x_wconf 73' lang='grc' dir='ltr'><strong>τὰ</strong></span> 
     </span>
    </p>
   </div>
   <div class='ocr_carea' id='block_1_47' title="bbox 2199 1834 3770 1913">
    <p class='ocr_par' dir='ltr' id='par_1_47' title="bbox 2199 1834 3770 1913">
     <span class='ocr_line' id='line_1_47' title="bbox 2199 1834 3770 1913; baseline -0.005 -17"><span class='ocrx_word' id='word_1_330' title='bbox 2199 1840 2652 1913; x_wconf 81' lang='grc' dir='ltr'>σημαινόμενα,ἢ</span> <span class='ocrx_word' id='word_1_331' title='bbox 2687 1842 2782 1897; x_wconf 72' lang='grc' dir='ltr'>καὶ</span> <span class='ocrx_word' id='word_1_332' title='bbox 2820 1844 2885 1896; x_wconf 81' lang='grc' dir='ltr'>ὲκ</span> <span class='ocrx_word' id='word_1_333' title='bbox 2913 1841 3100 1904; x_wconf 77' lang='grc' dir='ltr'>δυάδος</span> <span class='ocrx_word' id='word_1_334' title='bbox 3127 1842 3208 1905; x_wconf 87' lang='grc' dir='ltr'><strong>εἰς</strong></span> <span class='ocrx_word' id='word_1_335' title='bbox 3264 1838 3427 1894; x_wconf 86' lang='grc' dir='ltr'>ένάδα</span> <span class='ocrx_word' id='word_1_336' title='bbox 3468 1837 3650 1908; x_wconf 87' lang='grc' dir='ltr'>τυχόν.</span> <span class='ocrx_word' id='word_1_337' title='bbox 3693 1834 3770 1888; x_wconf 86' lang='grc' dir='ltr'><strong>Οὑ</strong></span> 
     </span>
    </p>
   </div>
   <div class='ocr_carea' id='block_1_48' title="bbox 2197 1926 3771 2004">
    <p class='ocr_par' dir='ltr' id='par_1_48' title="bbox 2197 1926 3771 2004">
     <span class='ocr_line' id='line_1_48' title="bbox 2197 1926 3771 2004; baseline -0.005 -20"><span class='ocrx_word' id='word_1_338' title='bbox 2197 1931 2305 2002; x_wconf 80' lang='grc' dir='ltr'><strong>γὰρ</strong></span> <span class='ocrx_word' id='word_1_339' title='bbox 2373 1930 2669 2004; x_wconf 76' lang='grc' dir='ltr'>ἐπειδήπερ</span> <span class='ocrx_word' id='word_1_340' title='bbox 2728 1931 3010 2003; x_wconf 86' lang='grc' dir='ltr'>ὁμοοὺσιος</span> <span class='ocrx_word' id='word_1_341' title='bbox 3078 1932 3321 2001; x_wconf 76' lang='grc' dir='ltr'>ὑπῆρχεν</span> <span class='ocrx_word' id='word_1_342' title='bbox 3377 1930 3407 1983; x_wconf 91' lang='lat'><strong>6</strong></span> <span class='ocrx_word' id='word_1_343' title='bbox 3471 1926 3771 1998; x_wconf 84' lang='grc' dir='ltr'>προπάτωρ</span> 
     </span>
    </p>
   </div>
   <div class='ocr_carea' id='block_1_49' title="bbox 2211 2018 3772 2093">
    <p class='ocr_par' dir='ltr' id='par_1_49' title="bbox 2211 2018 3772 2093">
     <span class='ocr_line' id='line_1_49' title="bbox 2211 2018 3772 2093; baseline -0.004 -19"><span class='ocrx_word' id='word_1_344' title='bbox 2211 2020 2381 2093; x_wconf 81' lang='grc' dir='ltr'>Ἀδὰμ</span> <span class='ocrx_word' id='word_1_345' title='bbox 2401 2022 2480 2093; x_wconf 79' lang='grc' dir='ltr'>τῷ</span> <span class='ocrx_word' id='word_1_346' title='bbox 2535 2022 2597 2089; x_wconf 83' lang='grc' dir='ltr'>ἐξ</span> <span class='ocrx_word' id='word_1_347' title='bbox 2626 2024 2792 2077; x_wconf 85' lang='grc' dir='ltr'>αὑτοῦ</span> <span class='ocrx_word' id='word_1_348' title='bbox 2826 2022 2985 2093; x_wconf 79' lang='grc' dir='ltr'>φύντι</span> <span class='ocrx_word' id='word_1_349' title='bbox 3034 2021 3205 2083; x_wconf 76' lang='grc' dir='ltr'>παιδἰ,</span> <span class='ocrx_word' id='word_1_350' title='bbox 3234 2020 3324 2076; x_wconf 76' lang='grc' dir='ltr'><strong>διὰ</strong></span> <span class='ocrx_word' id='word_1_351' title='bbox 3350 2018 3508 2072; x_wconf 89' lang='grc' dir='ltr'>τοῦτο</span> <span class='ocrx_word' id='word_1_352' title='bbox 3532 2018 3772 2089; x_wconf 83' lang='grc' dir='ltr'>χωρήσει</span> 
     </span>
    </p>
   </div>
   <div class='ocr_carea' id='block_1_50' title="bbox 2201 2103 3775 2187">
    <p class='ocr_par' dir='ltr' id='par_1_50' title="bbox 2201 2103 3775 2187">
     <span class='ocr_line' id='line_1_50' title="bbox 2201 2103 3775 2187; baseline -0.005 -21"><span class='ocrx_word' id='word_1_353' title='bbox 2201 2112 2298 2183; x_wconf 82' lang='grc' dir='ltr'>μὲν</span> <span class='ocrx_word' id='word_1_354' title='bbox 2331 2114 2361 2166; x_wconf 92' lang='lat'><strong>6</strong></span> <span class='ocrx_word' id='word_1_355' title='bbox 2392 2112 2573 2185; x_wconf 80' lang='grc' dir='ltr'>πατὴρ</span> <span class='ocrx_word' id='word_1_356' title='bbox 2596 2115 2676 2176; x_wconf 90' lang='grc' dir='ltr'><strong>εἰς</strong></span> <span class='ocrx_word' id='word_1_357' title='bbox 2705 2113 2842 2176; x_wconf 72' lang='grc' dir='ltr'>υἱὸν,</span> <span class='ocrx_word' id='word_1_358' title='bbox 2872 2111 3303 2181; x_wconf 81' lang='grc' dir='ltr'>ἀνταναϐήσεται</span> <span class='ocrx_word' id='word_1_359' title='bbox 3337 2108 3393 2160; x_wconf 74' lang='grc' dir='ltr'>δὲ</span> <span class='ocrx_word' id='word_1_360' title='bbox 3418 2103 3575 2169; x_wconf 79' lang='grc' dir='ltr'>αὖθις</span> <span class='ocrx_word' id='word_1_361' title='bbox 3601 2109 3629 2160; x_wconf 90' lang='lat'><strong>6</strong></span> <span class='ocrx_word' id='word_1_362' title='bbox 3657 2105 3775 2187; x_wconf 55' lang='grc' dir='ltr'>υίὸς</span> 
     </span>
    </p>
   </div>
   <div class='ocr_carea' id='block_1_51' title="bbox 2197 2195 3777 2275">
    <p class='ocr_par' dir='ltr' id='par_1_51' title="bbox 2197 2195 3777 2275">
     <span class='ocr_line' id='line_1_51' title="bbox 2197 2195 3777 2275; baseline -0.008 -16"><span class='ocrx_word' id='word_1_363' title='bbox 2197 2203 2279 2268; x_wconf 78' lang='grc' dir='ltr'><strong>εἰς</strong></span> <span class='ocrx_word' id='word_1_364' title='bbox 2318 2202 2527 2275; x_wconf 84' lang='grc' dir='ltr'>πατέρα</span> <span class='ocrx_word' id='word_1_365' title='bbox 2555 2220 2571 2235; x_wconf 74' lang='grc' dir='ltr'><strong><em>ο</em></strong></span> <span class='ocrx_word' id='word_1_366' title='bbox 2614 2203 2729 2259; x_wconf 87' lang='grc' dir='ltr'>ἀλλ’</span> <span class='ocrx_word' id='word_1_367' title='bbox 2758 2204 2818 2257; x_wconf 81' lang='grc' dir='ltr'>ἓν</span> <span class='ocrx_word' id='word_1_368' title='bbox 2857 2202 3101 2274; x_wconf 87' lang='grc' dir='ltr'>ὑπάρχον</span> <span class='ocrx_word' id='word_1_369' title='bbox 3140 2201 3282 2275; x_wconf 79' lang='grc' dir='ltr'>πρὸς</span> <span class='ocrx_word' id='word_1_370' title='bbox 3320 2198 3503 2263; x_wconf 81' lang='grc' dir='ltr'>αὑτὸν,</span> <span class='ocrx_word' id='word_1_371' title='bbox 3526 2198 3603 2261; x_wconf 87' lang='grc' dir='ltr'><strong>ὡς</strong></span> <span class='ocrx_word' id='word_1_372' title='bbox 3633 2195 3777 2269; x_wconf 82' lang='grc' dir='ltr'>πρὸς</span> 
     </span>
    </p>
   </div>
   <div class='ocr_carea' id='block_1_52' title="bbox 2196 2285 3769 2364">
    <p class='ocr_par' dir='ltr' id='par_1_52' title="bbox 2196 2285 3769 2364">
     <span class='ocr_line' id='line_1_52' title="bbox 2196 2285 3769 2364; baseline -0.005 -19"><span class='ocrx_word' id='word_1_373' title='bbox 2196 2289 2292 2362; x_wconf 79' lang='grc' dir='ltr'>τὴν</span> <span class='ocrx_word' id='word_1_374' title='bbox 2308 2291 2533 2362; x_wconf 78' lang='grc' dir='ltr'>ἑνότητα</span> <span class='ocrx_word' id='word_1_375' title='bbox 2545 2292 2645 2362; x_wconf 83' lang='grc' dir='ltr'>τῆς</span> <span class='ocrx_word' id='word_1_376' title='bbox 2664 2289 2951 2364; x_wconf 77' lang='grc' dir='ltr'>οὑσιὼδους</span> <span class='ocrx_word' id='word_1_377' title='bbox 2974 2292 3258 2362; x_wconf 84' lang='grc' dir='ltr'>ποιότητος</span> <span class='ocrx_word' id='word_1_378' title='bbox 3277 2287 3496 2358; x_wconf 83' lang='grc' dir='ltr'>φορέσει</span> <span class='ocrx_word' id='word_1_379' title='bbox 3526 2286 3587 2339; x_wconf 81' lang='grc' dir='ltr'>τὸ</span> <span class='ocrx_word' id='word_1_380' title='bbox 3616 2285 3769 2349; x_wconf 86' lang='grc' dir='ltr'>ῐδιον,</span> 
     </span>
    </p>
   </div>
   <div class='ocr_carea' id='block_1_53' title="bbox 2196 2375 3768 2451">
    <p class='ocr_par' dir='ltr' id='par_1_53' title="bbox 2196 2375 3768 2451">
     <span class='ocr_line' id='line_1_53' title="bbox 2196 2375 3768 2451; baseline -0.006 -15"><span class='ocrx_word' id='word_1_381' title='bbox 2196 2380 2292 2436; x_wconf 75' lang='grc' dir='ltr'><strong>καὶ</strong></span> <span class='ocrx_word' id='word_1_382' title='bbox 2340 2381 2455 2445; x_wconf 81' lang='grc' dir='ltr'>υίὸς</span> <span class='ocrx_word' id='word_1_383' title='bbox 2491 2381 2590 2451; x_wconf 84' lang='grc' dir='ltr'><strong>μέν</strong></span> <span class='ocrx_word' id='word_1_384' title='bbox 2644 2398 2728 2444; x_wconf 87' lang='grc' dir='ltr'><strong>τις</strong></span> <span class='ocrx_word' id='word_1_385' title='bbox 2776 2381 2806 2435; x_wconf 90' lang='lat'><strong>6</strong></span> <span class='ocrx_word' id='word_1_386' title='bbox 2838 2382 2904 2434; x_wconf 82' lang='grc' dir='ltr'>ἐκ</span> <span class='ocrx_word' id='word_1_387' title='bbox 2962 2379 3168 2450; x_wconf 87' lang='grc' dir='ltr'>πατρός</span> <span class='ocrx_word' id='word_1_388' title='bbox 3202 2394 3347 2441; x_wconf 86' lang='grc' dir='ltr'>τινος</span> <span class='ocrx_word' id='word_1_389' title='bbox 3405 2375 3768 2445; x_wconf 80' lang='grc' dir='ltr'>νοηθήσεταιο</span> 
     </span>
    </p>
   </div>
   <div class='ocr_carea' id='block_1_54' title="bbox 2197 2463 3769 2541">
    <p class='ocr_par' dir='ltr' id='par_1_54' title="bbox 2197 2463 3769 2541">
     <span class='ocr_line' id='line_1_54' title="bbox 2197 2463 3769 2541; baseline -0.004 -19"><span class='ocrx_word' id='word_1_390' title='bbox 2197 2469 2378 2541; x_wconf 81' lang='grc' dir='ltr'>πατὴρ</span> <span class='ocrx_word' id='word_1_391' title='bbox 2414 2470 2471 2523; x_wconf 81' lang='grc' dir='ltr'>δὲ</span> <span class='ocrx_word' id='word_1_392' title='bbox 2513 2469 2683 2529; x_wconf 70' lang='grc' dir='ltr'>,πάλιν</span> <span class='ocrx_word' id='word_1_393' title='bbox 2714 2471 2744 2524; x_wconf 88' lang='lat'><strong>6</strong></span> <span class='ocrx_word' id='word_1_394' title='bbox 2784 2471 3063 2541; x_wconf 83' lang='grc' dir='ltr'>γεννήτωρ</span> <span class='ocrx_word' id='word_1_395' title='bbox 3108 2468 3255 2531; x_wconf 77' lang='grc' dir='ltr'>τινὸς</span> <span class='ocrx_word' id='word_1_396' title='bbox 3300 2463 3769 2534; x_wconf 81' lang='grc' dir='ltr'>ἀναδεδειγμὲνος.</span> 
     </span>
    </p>
   </div>
   <div class='ocr_carea' id='block_1_55' title="bbox 2197 2543 3768 2630">
    <p class='ocr_par' dir='ltr' id='par_1_55' title="bbox 2197 2543 3768 2630">
     <span class='ocr_line' id='line_1_55' title="bbox 2197 2543 3768 2630; baseline -0.006 -16"><span class='ocrx_word' id='word_1_397' title='bbox 2197 2562 2260 2615; x_wconf 88' lang='grc' dir='ltr'>Εἰ</span> <span class='ocrx_word' id='word_1_398' title='bbox 2284 2560 2341 2614; x_wconf 80' lang='grc' dir='ltr'>δὲ</span> <span class='ocrx_word' id='word_1_399' title='bbox 2368 2543 2545 2614; x_wconf 71' lang='grc' dir='ltr'>οἴεσθε</span> <span class='ocrx_word' id='word_1_400' title='bbox 2597 2560 2759 2630; x_wconf 74' lang='grc' dir='ltr'>σοφὸν</span> <span class='ocrx_word' id='word_1_401' title='bbox 2794 2560 2888 2613; x_wconf 78' lang='grc' dir='ltr'><strong>ἐπὶ</strong></span> <span class='ocrx_word' id='word_1_402' title='bbox 2917 2558 3093 2629; x_wconf 77' lang='grc' dir='ltr'>τούτῳ</span> <span class='ocrx_word' id='word_1_403' title='bbox 3133 2553 3561 2618; x_wconf 78' lang='grc' dir='ltr'>κατασκευάζειν</span> <span class='ocrx_word' id='word_1_404' title='bbox 3589 2551 3768 2621; x_wconf 89' lang='grc' dir='ltr'>λόγον,</span> 
     </span>
    </p>
   </div>
   <div class='ocr_carea' id='block_1_56' title="bbox 2197 2641 3772 2723">
    <p class='ocr_par' dir='ltr' id='par_1_56' title="bbox 2197 2641 3772 2723">
     <span class='ocr_line' id='line_1_56' title="bbox 2197 2641 3772 2723; baseline -0.006 -18"><span class='ocrx_word' id='word_1_405' title='bbox 2197 2651 2256 2706; x_wconf 78' lang='grc' dir='ltr'>ἓν</span> <span class='ocrx_word' id='word_1_406' title='bbox 2316 2652 2373 2707; x_wconf 78' lang='grc' dir='ltr'>δὲ</span> <span class='ocrx_word' id='word_1_407' title='bbox 2416 2645 2557 2707; x_wconf 74' lang='grc' dir='ltr'>εἶναι</span> <span class='ocrx_word' id='word_1_408' title='bbox 2619 2652 2839 2715; x_wconf 88' lang='grc' dir='ltr'>πάντως</span> <span class='ocrx_word' id='word_1_409' title='bbox 2883 2652 2918 2723; x_wconf 89' lang='grc' dir='ltr'><strong>ή</strong></span> <span class='ocrx_word' id='word_1_410' title='bbox 2972 2648 3326 2723; x_wconf 83' lang='grc' dir='ltr'>όμοουσιότης</span> <span class='ocrx_word' id='word_1_411' title='bbox 3351 2645 3651 2715; x_wconf 79' lang='grc' dir='ltr'>ἀναγκάσει</span> <span class='ocrx_word' id='word_1_412' title='bbox 3707 2641 3772 2696; x_wconf 76' lang='grc' dir='ltr'>τὸ</span> 
     </span>
    </p>
   </div>
   <div class='ocr_carea' id='block_1_57' title="bbox 2196 2736 3768 2815">
    <p class='ocr_par' dir='ltr' id='par_1_57' title="bbox 2196 2736 3768 2815">
     <span class='ocr_line' id='line_1_57' title="bbox 2196 2736 3768 2815; baseline -0.008 -16"><span class='ocrx_word' id='word_1_413' title='bbox 2196 2742 2476 2815; x_wconf 86' lang='grc' dir='ltr'>ὁμοοὺσιον</span> <span class='ocrx_word' id='word_1_414' title='bbox 2503 2744 2579 2815; x_wconf 84' lang='grc' dir='ltr'>τῷ</span> <span class='ocrx_word' id='word_1_415' title='bbox 2609 2742 2898 2815; x_wconf 81' lang='grc' dir='ltr'>ὁμοουσίῳ,</span> <span class='ocrx_word' id='word_1_416' title='bbox 2927 2741 3022 2796; x_wconf 71' lang='grc' dir='ltr'><strong>καὶ</strong></span> <span class='ocrx_word' id='word_1_417' title='bbox 3049 2740 3332 2811; x_wconf 84' lang='grc' dir='ltr'>διαστολὴν</span> <span class='ocrx_word' id='word_1_418' title='bbox 3360 2736 3620 2808; x_wconf 79' lang='grc' dir='ltr'>οὐδεμίαν</span> <span class='ocrx_word' id='word_1_419' title='bbox 3653 2736 3768 2788; x_wconf 77' lang='grc' dir='ltr'>ἑπι-</span> 
     </span>
    </p>
   </div>
   <div class='ocr_carea' id='block_1_58' title="bbox 2196 2823 3761 2907">
    <p class='ocr_par' dir='ltr' id='par_1_58' title="bbox 2196 2823 3761 2907">
     <span class='ocr_line' id='line_1_58' title="bbox 2196 2823 3761 2907; baseline -0.008 -17"><span class='ocrx_word' id='word_1_420' title='bbox 2196 2836 2383 2907; x_wconf 72' lang='grc' dir='ltr'>τρέψει</span> <span class='ocrx_word' id='word_1_421' title='bbox 2414 2839 2652 2907; x_wconf 82' lang='grc' dir='ltr'>κρατεῖν,</span> <span class='ocrx_word' id='word_1_422' title='bbox 2698 2835 2774 2899; x_wconf 83' lang='grc' dir='ltr'>ὡς</span> <span class='ocrx_word' id='word_1_423' title='bbox 2805 2834 3033 2889; x_wconf 73' lang='grc' dir='ltr'>ἕκαστον</span> <span class='ocrx_word' id='word_1_424' title='bbox 3059 2828 3199 2886; x_wconf 81' lang='grc' dir='ltr'>εἶναι</span> <span class='ocrx_word' id='word_1_425' title='bbox 3249 2830 3371 2885; x_wconf 85' lang='grc' dir='ltr'>καθ’</span> <span class='ocrx_word' id='word_1_426' title='bbox 3422 2825 3600 2896; x_wconf 79' lang='grc' dir='ltr'>ἐαυτῷ</span> <span class='ocrx_word' id='word_1_427' title='bbox 3648 2823 3761 2896; x_wconf 80' lang='grc' dir='ltr'><strong>[ἷσ.</strong></span> 
     </span>
    </p>
   </div>
   <div class='ocr_carea' id='block_1_59' title="bbox 2198 2911 3770 2997">
    <p class='ocr_par' dir='ltr' id='par_1_59' title="bbox 2198 2911 3770 2997">
     <span class='ocr_line' id='line_1_59' title="bbox 2198 2911 3770 2997; baseline -0.009 -19"><span class='ocrx_word' id='word_1_428' title='bbox 2198 2923 2402 2997; x_wconf 79' lang='grc' dir='ltr'>ἑαυτὺ],</span> <span class='ocrx_word' id='word_1_429' title='bbox 2431 2924 2526 2978; x_wconf 73' lang='grc' dir='ltr'>καὶ</span> <span class='ocrx_word' id='word_1_430' title='bbox 2551 2926 2609 2978; x_wconf 81' lang='grc' dir='ltr'>ὲν</span> <span class='ocrx_word' id='word_1_431' title='bbox 2635 2915 2789 2993; x_wconf 82' lang='grc' dir='ltr'>ᾧπέρ</span> <span class='ocrx_word' id='word_1_432' title='bbox 2817 2924 2931 2976; x_wconf 74' lang='grc' dir='ltr'>ἐστι</span> <span class='ocrx_word' id='word_1_433' title='bbox 2953 2937 2966 2953; x_wconf 91' lang='grc'><strong>·</strong></span> <span class='ocrx_word' id='word_1_434' title='bbox 3012 2921 3065 2974; x_wconf 89' lang='grc' dir='ltr'><strong>τί</strong></span> <span class='ocrx_word' id='word_1_435' title='bbox 3091 2920 3155 2974; x_wconf 83' lang='grc' dir='ltr'><strong>τδ</strong></span> <span class='ocrx_word' id='word_1_436' title='bbox 3179 2916 3440 2981; x_wconf 73' lang='grc' dir='ltr'>πεπτικὸς</span> <span class='ocrx_word' id='word_1_437' title='bbox 3460 2915 3552 2969; x_wconf 81' lang='grc' dir='ltr'>τὸν</span> <span class='ocrx_word' id='word_1_438' title='bbox 3599 2911 3770 2966; x_wconf 86' lang='grc' dir='ltr'>ἀπάν-</span> 
     </span>
    </p>
   </div>
   <div class='ocr_carea' id='block_1_60' title="bbox 2198 3000 3768 3084">
    <p class='ocr_par' dir='ltr' id='par_1_60' title="bbox 2198 3000 3768 3084">
     <span class='ocr_line' id='line_1_60' title="bbox 2198 3000 3768 3084; baseline -0.01 -17"><span class='ocrx_word' id='word_1_439' title='bbox 2198 3029 2305 3067; x_wconf 89' lang='grc' dir='ltr'><strong>των</strong></span> <span class='ocrx_word' id='word_1_440' title='bbox 2338 3013 2552 3084; x_wconf 85' lang='grc' dir='ltr'>κριτὴν,</span> <span class='ocrx_word' id='word_1_441' title='bbox 2584 3011 2796 3082; x_wconf 87' lang='grc' dir='ltr'>πατέρα</span> <span class='ocrx_word' id='word_1_442' title='bbox 2819 3012 2915 3083; x_wconf 80' lang='grc' dir='ltr'>μὲν</span> <span class='ocrx_word' id='word_1_443' title='bbox 2948 3009 3023 3082; x_wconf 84' lang='grc' dir='ltr'>μὴ</span> <span class='ocrx_word' id='word_1_444' title='bbox 3047 3009 3297 3074; x_wconf 73' lang='grc' dir='ltr'>κολάζειν</span> <span class='ocrx_word' id='word_1_445' title='bbox 3326 3005 3466 3076; x_wconf 77' lang='grc' dir='ltr'>ὑπὲρ</span> <span class='ocrx_word' id='word_1_446' title='bbox 3495 3002 3634 3066; x_wconf 76' lang='grc' dir='ltr'>υἱοῦ,</span> <span class='ocrx_word' id='word_1_447' title='bbox 3652 3000 3768 3053; x_wconf 83' lang='grc' dir='ltr'>υῑδν</span> 
     </span>
    </p>
   </div>
   <div class='ocr_carea' id='block_1_61' title="bbox 528 3092 2101 3187">
    <p class='ocr_par' dir='ltr' id='par_1_61' title="bbox 528 3104 2100 3176">
     <span class='ocr_line' id='line_1_61' title="bbox 528 3104 2100 3176; baseline 0.004 -23"><span class='ocrx_word' id='word_1_448' title='bbox 528 3116 628 3170; x_wconf 83' lang='lat' dir='ltr'><strong>pro</strong></span> <span class='ocrx_word' id='word_1_449' title='bbox 659 3111 815 3172; x_wconf 86' lang='lat' dir='ltr'><strong>patre</strong></span> <span class='ocrx_word' id='word_1_450' title='bbox 845 3104 870 3158; x_wconf 80' lang='grc' dir='ltr'>⁴ἰ</span> <span class='ocrx_word' id='word_1_451' title='bbox 900 3121 919 3155; x_wconf 81' lang='grc' dir='ltr'><strong>ι</strong></span> <span class='ocrx_word' id='word_1_452' title='bbox 956 3104 1153 3159; x_wconf 87' lang='lat' dir='ltr'><strong>Anima</strong></span> <span class='ocrx_word' id='word_1_453' title='bbox 1182 3104 1356 3169; x_wconf 88' lang='lat' dir='ltr'><strong>enim,</strong></span> <span class='ocrx_word' id='word_1_454' title='bbox 1400 3123 1422 3158; x_wconf 72' lang='grc' dir='ltr'><strong>ι</strong></span> <span class='ocrx_word' id='word_1_455' title='bbox 1452 3105 1656 3176; x_wconf 89' lang='lat' dir='ltr'><strong>inquit,</strong></span> <span class='ocrx_word' id='word_1_456' title='bbox 1695 3123 1715 3159; x_wconf 83' lang='grc' dir='ltr'><strong>ι</strong></span> <span class='ocrx_word' id='word_1_457' title='bbox 1749 3120 1873 3176; x_wconf 68' lang='lat' dir='ltr'><strong>quae</strong></span> <span class='ocrx_word' id='word_1_458' title='bbox 1907 3121 2100 3176; x_wconf 89' lang='lat' dir='ltr'><strong>pecca-</strong></span> 
     </span>
    </p>
   </div>
   <div class='ocr_carea' id='block_1_62' title="bbox 2199 3092 3770 3187">
    <p class='ocr_par' dir='ltr' id='par_1_62' title="bbox 2199 3092 3770 3187">
     <span class='ocr_line' id='line_1_62' title="bbox 2199 3092 3770 3187; baseline -0.008 -28"><span class='ocrx_word' id='word_1_459' title='bbox 2199 3105 2256 3161; x_wconf 81' lang='grc' dir='ltr'>δὲ</span> <span class='ocrx_word' id='word_1_460' title='bbox 2300 3104 2442 3176; x_wconf 82' lang='grc' dir='ltr'>ὑπὲρ</span> <span class='ocrx_word' id='word_1_461' title='bbox 2488 3104 2693 3174; x_wconf 74' lang='grc' dir='ltr'>πατρὸς</span> <span class='ocrx_word' id='word_1_462' title='bbox 2738 3102 2813 3187; x_wconf 72' lang='grc' dir='ltr'><strong>μή</strong></span> <span class='ocrx_word' id='word_1_463' title='bbox 2856 3100 3278 3174; x_wconf 69' lang='grc' dir='ltr'>εἰσπράττεσθαι</span> <span class='ocrx_word' id='word_1_464' title='bbox 3329 3099 3513 3164; x_wconf 89' lang='grc' dir='ltr'>δίκας;</span> <span class='ocrx_word' id='word_1_465' title='bbox 3552 3115 3570 3149; x_wconf 81' lang='grc' dir='ltr'><strong>ι</strong></span> <span class='ocrx_word' id='word_1_466' title='bbox 3605 3092 3770 3165; x_wconf 77' lang='grc' dir='ltr'>Ψυχὴ</span> 
     </span>
    </p>
   </div>
   <div class='ocr_carea' id='block_1_63' title="bbox 527 3180 2101 3269">
    <p class='ocr_par' dir='ltr' id='par_1_63' title="bbox 527 3192 2101 3268">
     <span class='ocr_line' id='line_1_63' title="bbox 527 3192 2101 3268; baseline 0.004 -23"><span class='ocrx_word' id='word_1_467' title='bbox 527 3192 690 3259; x_wconf 85' lang='lat' dir='ltr'><strong>verit,</strong></span> <span class='ocrx_word' id='word_1_468' title='bbox 721 3194 842 3263; x_wconf 84' lang='lat' dir='ltr'><strong>ipsa</strong></span> <span class='ocrx_word' id='word_1_469' title='bbox 882 3196 1153 3250; x_wconf 88' lang='lat' dir='ltr'><strong>morietur</strong></span> <span class='ocrx_word' id='word_1_470' title='bbox 1190 3213 1205 3251; x_wconf 88' lang='lat'><strong>:</strong></span> <span class='ocrx_word' id='word_1_471' title='bbox 1242 3194 1389 3253; x_wconf 89' lang='lat' dir='ltr'><strong>ﬁlius</strong></span> <span class='ocrx_word' id='word_1_472' title='bbox 1448 3203 1632 3253; x_wconf 89' lang='lat' dir='ltr'><strong>autem</strong></span> <span class='ocrx_word' id='word_1_473' title='bbox 1694 3212 1806 3253; x_wconf 90' lang='lat' dir='ltr'><strong>non</strong></span> <span class='ocrx_word' id='word_1_474' title='bbox 1869 3197 2101 3268; x_wconf 90' lang='lat' dir='ltr'><strong>accipiet</strong></span> 
     </span>
    </p>
   </div>
   <div class='ocr_carea' id='block_1_64' title="bbox 2199 3180 3767 3269">
    <p class='ocr_par' dir='ltr' id='par_1_64' title="bbox 2201 3180 3767 3269">
     <span class='ocr_line' id='line_1_64' title="bbox 2201 3180 3767 3269; baseline -0.008 -18"><span class='ocrx_word' id='word_1_475' title='bbox 2201 3197 2330 3269; x_wconf 89' lang='grc' dir='ltr'><strong>γάρ,</strong></span> <span class='ocrx_word' id='word_1_476' title='bbox 2364 3215 2384 3250; x_wconf 74' lang='grc' dir='ltr'><strong>ι</strong></span> <span class='ocrx_word' id='word_1_477' title='bbox 2430 3196 2614 3266; x_wconf 77' lang='grc' dir='ltr'>φησὶν,</span> <span class='ocrx_word' id='word_1_478' title='bbox 2641 3215 2659 3247; x_wconf 81' lang='grc' dir='ltr'><strong>ι</strong></span> <span class='ocrx_word' id='word_1_479' title='bbox 2698 3196 2732 3267; x_wconf 85' lang='grc' dir='ltr'>ὴ</span> <span class='ocrx_word' id='word_1_480' title='bbox 2784 3180 3197 3266; x_wconf 83' lang='grc' dir='ltr'>ἀμαρτάνουσα,</span> <span class='ocrx_word' id='word_1_481' title='bbox 3234 3191 3371 3262; x_wconf 81' lang='grc' dir='ltr'>αὑτὴ</span> <span class='ocrx_word' id='word_1_482' title='bbox 3401 3189 3767 3251; x_wconf 84' lang='grc' dir='ltr'>ἀποθανεῖται,</span> 
     </span>
    </p>
   </div>
   <div class='ocr_carea' id='block_1_65' title="bbox 528 3284 2101 3362">
    <p class='ocr_par' dir='ltr' id='par_1_65' title="bbox 528 3284 2101 3362">
     <span class='ocr_line' id='line_1_65' title="bbox 528 3284 2101 3362; baseline 0.006 -25"><span class='ocrx_word' id='word_1_483' title='bbox 528 3284 870 3355; x_wconf 68' lang='lat' dir='ltr'><strong>iniquitatem</strong></span> <span class='ocrx_word' id='word_1_484' title='bbox 908 3288 1103 3356; x_wconf 88' lang='lat' dir='ltr'><strong>patris,</strong></span> <span class='ocrx_word' id='word_1_485' title='bbox 1136 3303 1318 3360; x_wconf 88' lang='lat' dir='ltr'><strong>neque</strong></span> <span class='ocrx_word' id='word_1_486' title='bbox 1350 3296 1508 3360; x_wconf 90' lang='lat' dir='ltr'><strong>pater</strong></span> <span class='ocrx_word' id='word_1_487' title='bbox 1556 3290 1798 3362; x_wconf 89' lang='lat' dir='ltr'><strong>accipiet</strong></span> <span class='ocrx_word' id='word_1_488' title='bbox 1832 3290 2101 3362; x_wconf 84' lang='lat' dir='ltr'><strong>iniquita-</strong></span> 
     </span>
    </p>
   </div>
   <div class='ocr_carea' id='block_1_66' title="bbox 525 3376 2102 3442">
    <p class='ocr_par' dir='ltr' id='par_1_66' title="bbox 525 3376 2102 3442">
     <span class='ocr_line' id='line_1_66' title="bbox 525 3376 2102 3442; baseline 0.006 -13"><span class='ocrx_word' id='word_1_489' title='bbox 525 3383 636 3430; x_wconf 76' lang='lat' dir='ltr'><strong>tem</strong></span> <span class='ocrx_word' id='word_1_490' title='bbox 673 3376 768 3432; x_wconf 87' lang='lat' dir='ltr'><strong>tilii</strong></span> <span class='ocrx_word' id='word_1_491' title='bbox 803 3379 891 3434; x_wconf 91' lang='lat' dir='ltr'><strong>sui</strong></span> <span class='ocrx_word' id='word_1_492' title='bbox 924 3379 993 3432; x_wconf 75' lang='grc'><strong>⁸⁸.</strong></span> <span class='ocrx_word' id='word_1_493' title='bbox 1033 3398 1052 3432; x_wconf 74' lang='grc' dir='ltr'><strong>ι</strong></span> <span class='ocrx_word' id='word_1_494' title='bbox 1087 3380 1228 3437; x_wconf 87' lang='lat' dir='ltr'><strong>Cum</strong></span> <span class='ocrx_word' id='word_1_495' title='bbox 1268 3397 1401 3438; x_wconf 87' lang='lat' dir='ltr'><strong>vero</strong></span> <span class='ocrx_word' id='word_1_496' title='bbox 1434 3383 1974 3442; x_wconf 88' lang='lat' dir='ltr'><strong>consubstantialem</strong></span> <span class='ocrx_word' id='word_1_497' title='bbox 2003 3400 2102 3439; x_wconf 81' lang='lat' dir='ltr'><strong>ex-</strong></span> 
     </span>
    </p>
   </div>
   <div class='ocr_carea' id='block_1_67' title="bbox 526 3464 2099 3541">
    <p class='ocr_par' dir='ltr' id='par_1_67' title="bbox 526 3464 2099 3541">
     <span class='ocr_line' id='line_1_67' title="bbox 526 3464 2099 3541; baseline 0.006 -21"><span class='ocrx_word' id='word_1_498' title='bbox 526 3464 812 3521; x_wconf 85' lang='lat' dir='ltr'><strong>sistentem</strong></span> <span class='ocrx_word' id='word_1_499' title='bbox 852 3477 1062 3537; x_wconf 88' lang='lat' dir='ltr'><strong>patrem</strong></span> <span class='ocrx_word' id='word_1_500' title='bbox 1117 3470 1230 3526; x_wconf 89' lang='lat' dir='ltr'><strong>ﬁlio</strong></span> <span class='ocrx_word' id='word_1_501' title='bbox 1276 3471 1419 3541; x_wconf 89' lang='lat' dir='ltr'><strong>justi</strong></span> <span class='ocrx_word' id='word_1_502' title='bbox 1480 3470 1694 3531; x_wconf 84' lang='lat' dir='ltr'><strong>Judicis</strong></span> <span class='ocrx_word' id='word_1_503' title='bbox 1729 3476 2005 3530; x_wconf 85' lang='lat' dir='ltr'><strong>sententia</strong></span> <span class='ocrx_word' id='word_1_504' title='bbox 2042 3473 2099 3530; x_wconf 92' lang='lat' dir='ltr'><strong>in</strong></span> 
     </span>
    </p>
   </div>
   <div class='ocr_carea' id='block_1_68' title="bbox 529 3557 2101 3633">
    <p class='ocr_par' dir='ltr' id='par_1_68' title="bbox 529 3557 2101 3633">
     <span class='ocr_line' id='line_1_68' title="bbox 529 3557 2101 3633; baseline 0.005 -23"><span class='ocrx_word' id='word_1_505' title='bbox 529 3557 814 3612; x_wconf 85' lang='lat' dir='ltr'><strong>ﬁliationis</strong></span> <span class='ocrx_word' id='word_1_506' title='bbox 846 3558 1030 3612; x_wconf 87' lang='lat' dir='ltr'><strong>locum</strong></span> <span class='ocrx_word' id='word_1_507' title='bbox 1098 3574 1205 3614; x_wconf 90' lang='lat' dir='ltr'><strong>non</strong></span> <span class='ocrx_word' id='word_1_508' title='bbox 1238 3560 1518 3628; x_wconf 84' lang='lat' dir='ltr'><strong>detrudat,</strong></span> <span class='ocrx_word' id='word_1_509' title='bbox 1559 3579 1740 3633; x_wconf 85' lang='lat' dir='ltr'><strong>neque</strong></span> <span class='ocrx_word' id='word_1_510' title='bbox 1766 3578 1899 3620; x_wconf 89' lang='lat' dir='ltr'><strong>vero</strong></span> <span class='ocrx_word' id='word_1_511' title='bbox 1929 3563 2101 3619; x_wconf 89' lang='lat' dir='ltr'><strong>ﬁlium</strong></span> 
     </span>
    </p>
   </div>
   <div class='ocr_carea' id='block_1_69' title="bbox 529 3644 2104 3717">
    <p class='ocr_par' dir='ltr' id='par_1_69' title="bbox 529 3644 2104 3717">
     <span class='ocr_line' id='line_1_69' title="bbox 529 3644 2104 3717; baseline 0.004 -18"><span class='ocrx_word' id='word_1_512' title='bbox 529 3644 587 3699; x_wconf 92' lang='lat' dir='ltr'><strong>in</strong></span> <span class='ocrx_word' id='word_1_513' title='bbox 622 3646 970 3714; x_wconf 85' lang='lat' dir='ltr'><strong>paternitatis</strong></span> <span class='ocrx_word' id='word_1_514' title='bbox 1000 3662 1228 3702; x_wconf 90' lang='lat' dir='ltr'><strong>numero</strong></span> <span class='ocrx_word' id='word_1_515' title='bbox 1251 3655 1480 3714; x_wconf 86' lang='lat' dir='ltr'><strong>statuat,</strong></span> <span class='ocrx_word' id='word_1_516' title='bbox 1510 3650 1606 3706; x_wconf 91' lang='lat' dir='ltr'><strong>sed</strong></span> <span class='ocrx_word' id='word_1_517' title='bbox 1634 3651 1870 3717; x_wconf 83' lang='lat' dir='ltr'><strong>seorsim</strong></span> <span class='ocrx_word' id='word_1_518' title='bbox 1893 3661 2104 3706; x_wconf 90' lang='lat' dir='ltr'><strong>utrum-</strong></span> 
     </span>
    </p>
   </div>
   <div class='ocr_carea' id='block_1_70' title="bbox 530 3734 2104 3811">
    <p class='ocr_par' dir='ltr' id='par_1_70' title="bbox 530 3734 2104 3811">
     <span class='ocr_line' id='line_1_70' title="bbox 530 3734 2104 3811; baseline 0.006 -25"><span class='ocrx_word' id='word_1_519' title='bbox 530 3750 638 3805; x_wconf 88' lang='lat' dir='ltr'><strong>que</strong></span> <span class='ocrx_word' id='word_1_520' title='bbox 674 3734 847 3802; x_wconf 89' lang='lat' dir='ltr'><strong>norit,</strong></span> <span class='ocrx_word' id='word_1_521' title='bbox 872 3751 1050 3805; x_wconf 89' lang='lat' dir='ltr'><strong>neque</strong></span> <span class='ocrx_word' id='word_1_522' title='bbox 1078 3736 1184 3792; x_wconf 90' lang='lat' dir='ltr'><strong>hoc</strong></span> <span class='ocrx_word' id='word_1_523' title='bbox 1220 3738 1275 3792; x_wconf 93' lang='lat' dir='ltr'><strong>in</strong></span> <span class='ocrx_word' id='word_1_524' title='bbox 1311 3737 1445 3793; x_wconf 83' lang='lat' dir='ltr'><strong>illud</strong></span> <span class='ocrx_word' id='word_1_525' title='bbox 1469 3738 1730 3810; x_wconf 86' lang='lat' dir='ltr'><strong>migrare,</strong></span> <span class='ocrx_word' id='word_1_526' title='bbox 1762 3756 1942 3811; x_wconf 88' lang='lat' dir='ltr'><strong>neque</strong></span> <span class='ocrx_word' id='word_1_527' title='bbox 1969 3740 2104 3797; x_wconf 91' lang='lat' dir='ltr'><strong>illud</strong></span> 
     </span>
    </p>
   </div>
   <div class='ocr_carea' id='block_1_71' title="bbox 530 3825 2104 3903">
    <p class='ocr_par' dir='ltr' id='par_1_71' title="bbox 530 3825 2104 3903">
     <span class='ocr_line' id='line_1_71' title="bbox 530 3825 2104 3903; baseline 0.005 -22"><span class='ocrx_word' id='word_1_528' title='bbox 530 3827 586 3881; x_wconf 90' lang='lat' dir='ltr'><strong>in</strong></span> <span class='ocrx_word' id='word_1_529' title='bbox 618 3826 724 3882; x_wconf 90' lang='lat' dir='ltr'><strong>hoc</strong></span> <span class='ocrx_word' id='word_1_530' title='bbox 778 3825 1045 3892; x_wconf 72' lang='lat' dir='ltr'><strong>vicissim,</strong></span> <span class='ocrx_word' id='word_1_531' title='bbox 1102 3827 1234 3883; x_wconf 90' lang='lat' dir='ltr'><strong>licet</strong></span> <span class='ocrx_word' id='word_1_532' title='bbox 1272 3842 1379 3883; x_wconf 90' lang='lat' dir='ltr'><strong>una</strong></span> <span class='ocrx_word' id='word_1_533' title='bbox 1424 3830 1728 3888; x_wconf 79' lang='lat' dir='ltr'><strong>exsistente</strong></span> <span class='ocrx_word' id='word_1_534' title='bbox 1777 3832 1833 3886; x_wconf 91' lang='lat' dir='ltr'><strong>in</strong></span> <span class='ocrx_word' id='word_1_535' title='bbox 1865 3840 2104 3903; x_wconf 91' lang='lat' dir='ltr'><strong>utroque</strong></span> 
     </span>
    </p>
   </div>
   <div class='ocr_carea' id='block_1_72' title="bbox 528 3914 2104 3990">
    <p class='ocr_par' dir='ltr' id='par_1_72' title="bbox 528 3914 2104 3990">
     <span class='ocr_line' id='line_1_72' title="bbox 528 3914 2104 3990; baseline 0.005 -21"><span class='ocrx_word' id='word_1_536' title='bbox 528 3914 880 3970; x_wconf 85' lang='lat' dir='ltr'><strong>substantia:</strong></span> <span class='ocrx_word' id='word_1_537' title='bbox 912 3915 1268 3973; x_wconf 82' lang='lat' dir='ltr'><strong>manifestum</strong></span> <span class='ocrx_word' id='word_1_538' title='bbox 1334 3924 1421 3973; x_wconf 88' lang='lat' dir='ltr'><strong>est</strong></span> <span class='ocrx_word' id='word_1_539' title='bbox 1471 3918 1661 3990; x_wconf 90' lang='lat' dir='ltr'><strong>utique</strong></span> <span class='ocrx_word' id='word_1_540' title='bbox 1719 3920 1873 3977; x_wconf 91' lang='lat' dir='ltr'><strong>nullo</strong></span> <span class='ocrx_word' id='word_1_541' title='bbox 1939 3920 2104 3977; x_wconf 89' lang='lat' dir='ltr'><strong>modo</strong></span> 
     </span>
    </p>
   </div>
   <div class='ocr_carea' id='block_1_73' title="bbox 529 4006 2103 4085">
    <p class='ocr_par' dir='ltr' id='par_1_73' title="bbox 529 4006 2103 4085">
     <span class='ocr_line' id='line_1_73' title="bbox 529 4006 2103 4085; baseline 0.005 -23"><span class='ocrx_word' id='word_1_542' title='bbox 529 4015 782 4062; x_wconf 90' lang='lat' dir='ltr'><strong>coactum</strong></span> <span class='ocrx_word' id='word_1_543' title='bbox 806 4007 874 4062; x_wconf 91' lang='lat' dir='ltr'><strong>iri</strong></span> <span class='ocrx_word' id='word_1_544' title='bbox 938 4006 1109 4064; x_wconf 88' lang='lat' dir='ltr'><strong>Deum</strong></span> <span class='ocrx_word' id='word_1_545' title='bbox 1139 4017 1195 4064; x_wconf 91' lang='lat' dir='ltr'><strong>et</strong></span> <span class='ocrx_word' id='word_1_546' title='bbox 1217 4008 1438 4067; x_wconf 88' lang='lat' dir='ltr'><strong>Patrem</strong></span> <span class='ocrx_word' id='word_1_547' title='bbox 1478 4017 1539 4066; x_wconf 93' lang='lat' dir='ltr'><strong>ut</strong></span> <span class='ocrx_word' id='word_1_548' title='bbox 1571 4011 1646 4067; x_wconf 90' lang='lat' dir='ltr'><strong>sit</strong></span> <span class='ocrx_word' id='word_1_549' title='bbox 1679 4011 1944 4079; x_wconf 79' lang='lat' dir='ltr'><strong>Verbum,</strong></span> <span class='ocrx_word' id='word_1_550' title='bbox 1974 4029 2103 4085; x_wconf 91' lang='lat' dir='ltr'><strong>pro-</strong></span> 
     </span>
    </p>
   </div>
   <div class='ocr_carea' id='block_1_74' title="bbox 531 4099 2105 4170">
    <p class='ocr_par' dir='ltr' id='par_1_74' title="bbox 531 4099 2105 4170">
     <span class='ocr_line' id='line_1_74' title="bbox 531 4099 2105 4170; baseline 0.006 -17"><span class='ocrx_word' id='word_1_551' title='bbox 531 4107 715 4169; x_wconf 82' lang='lat' dir='ltr'><strong>pterea</strong></span> <span class='ocrx_word' id='word_1_552' title='bbox 773 4100 921 4170; x_wconf 88' lang='lat' dir='ltr'><strong>quod</strong></span> <span class='ocrx_word' id='word_1_553' title='bbox 969 4109 1056 4157; x_wconf 87' lang='lat' dir='ltr'><strong>est</strong></span> <span class='ocrx_word' id='word_1_554' title='bbox 1101 4099 1280 4159; x_wconf 89' lang='lat' dir='ltr'><strong>Verbo</strong></span> <span class='ocrx_word' id='word_1_555' title='bbox 1333 4102 1826 4161; x_wconf 85' lang='lat' dir='ltr'><strong>consubstantialis</strong></span> <span class='ocrx_word' id='word_1_556' title='bbox 1872 4113 2105 4162; x_wconf 88' lang='lat' dir='ltr'><strong>:manet</strong></span> 
     </span>
    </p>
   </div>
   <div class='ocr_carea' id='block_1_75' title="bbox 528 4190 2100 4269">
    <p class='ocr_par' dir='ltr' id='par_1_75' title="bbox 528 4190 2100 4269">
     <span class='ocr_line' id='line_1_75' title="bbox 528 4190 2100 4269; baseline 0.006 -24"><span class='ocrx_word' id='word_1_557' title='bbox 528 4190 675 4245; x_wconf 90' lang='lat' dir='ltr'><strong>enim</strong></span> <span class='ocrx_word' id='word_1_558' title='bbox 740 4191 901 4261; x_wconf 76' lang='lat' dir='ltr'><strong>plane</strong></span> <span class='ocrx_word' id='word_1_559' title='bbox 943 4191 1000 4248; x_wconf 90' lang='lat' dir='ltr'><strong>iu</strong></span> <span class='ocrx_word' id='word_1_560' title='bbox 1030 4193 1233 4264; x_wconf 88' lang='lat' dir='ltr'><strong>seipso,</strong></span> <span class='ocrx_word' id='word_1_561' title='bbox 1270 4193 1375 4249; x_wconf 91' lang='lat' dir='ltr'><strong>hoc</strong></span> <span class='ocrx_word' id='word_1_562' title='bbox 1421 4203 1510 4251; x_wconf 89' lang='lat' dir='ltr'><strong>est</strong></span> <span class='ocrx_word' id='word_1_563' title='bbox 1540 4193 1726 4262; x_wconf 89' lang='lat' dir='ltr'><strong>Pater,</strong></span> <span class='ocrx_word' id='word_1_564' title='bbox 1754 4196 1886 4254; x_wconf 90' lang='lat' dir='ltr'><strong>licet</strong></span> <span class='ocrx_word' id='word_1_565' title='bbox 1914 4197 2010 4269; x_wconf 88' lang='lat' dir='ltr'><strong>qui</strong></span> <span class='ocrx_word' id='word_1_566' title='bbox 2035 4214 2100 4255; x_wconf 81' lang='lat' dir='ltr'><strong>ex</strong></span> 
     </span>
    </p>
   </div>
   <div class='ocr_carea' id='block_1_76' title="bbox 530 4283 2096 4359">
    <p class='ocr_par' dir='ltr' id='par_1_76' title="bbox 530 4283 2096 4359">
     <span class='ocr_line' id='line_1_76' title="bbox 530 4283 2096 4359; baseline 0.004 -21"><span class='ocrx_word' id='word_1_567' title='bbox 530 4283 653 4353; x_wconf 88' lang='lat' dir='ltr'><strong>ipso</strong></span> <span class='ocrx_word' id='word_1_568' title='bbox 679 4284 900 4355; x_wconf 87' lang='lat' dir='ltr'><strong>genitus</strong></span> <span class='ocrx_word' id='word_1_569' title='bbox 922 4291 1031 4352; x_wconf 86' lang='lat' dir='ltr'><strong>est,</strong></span> <span class='ocrx_word' id='word_1_570' title='bbox 1066 4284 1407 4356; x_wconf 80' lang='lat' dir='ltr'><strong>intelligatur</strong></span> <span class='ocrx_word' id='word_1_571' title='bbox 1438 4292 1496 4341; x_wconf 92' lang='lat' dir='ltr'><strong>et</strong></span> <span class='ocrx_word' id='word_1_572' title='bbox 1527 4286 1600 4343; x_wconf 90' lang='lat' dir='ltr'><strong>sit</strong></span> <span class='ocrx_word' id='word_1_573' title='bbox 1628 4285 1893 4354; x_wconf 84' lang='lat' dir='ltr'><strong>Verbum,</strong></span> <span class='ocrx_word' id='word_1_574' title='bbox 1926 4298 2096 4359; x_wconf 88' lang='lat' dir='ltr'><strong>atque</strong></span> 
     </span>
    </p>
   </div>
   <div class='ocr_carea' id='block_1_77' title="bbox 532 4375 2102 4443">
    <p class='ocr_par' dir='ltr' id='par_1_77' title="bbox 532 4375 2102 4443">
     <span class='ocr_line' id='line_1_77' title="bbox 532 4375 2102 4443; baseline 0.004 -13"><span class='ocrx_word' id='word_1_575' title='bbox 532 4375 743 4433; x_wconf 85' lang='lat' dir='ltr'><strong>idcirco</strong></span> <span class='ocrx_word' id='word_1_576' title='bbox 772 4375 966 4443; x_wconf 85' lang='lat' dir='ltr'><strong>Filius,</strong></span> <span class='ocrx_word' id='word_1_577' title='bbox 995 4392 1068 4433; x_wconf 89' lang='lat' dir='ltr'><strong>ne</strong></span> <span class='ocrx_word' id='word_1_578' title='bbox 1100 4394 1190 4436; x_wconf 89' lang='lat' dir='ltr'><strong>res</strong></span> <span class='ocrx_word' id='word_1_579' title='bbox 1221 4378 1423 4437; x_wconf 64' lang='lat' dir='ltr'><strong>divinae</strong></span> <span class='ocrx_word' id='word_1_580' title='bbox 1466 4377 1771 4438; x_wconf 87' lang='lat' dir='ltr'><strong>deteriores</strong></span> <span class='ocrx_word' id='word_1_581' title='bbox 1803 4380 2102 4440; x_wconf 90' lang='lat' dir='ltr'><strong>videantur</strong></span> 
     </span>
    </p>
   </div>
   <div class='ocr_carea' id='block_1_78' title="bbox 529 4475 1085 4540">
    <p class='ocr_par' dir='ltr' id='par_1_78' title="bbox 529 4475 1085 4540">
     <span class='ocr_line' id='line_1_78' title="bbox 529 4475 1085 4540; baseline 0.005 -18"><span class='ocrx_word' id='word_1_582' title='bbox 529 4482 652 4526; x_wconf 86' lang='lat' dir='ltr'><strong>esse</strong></span> <span class='ocrx_word' id='word_1_583' title='bbox 673 4482 838 4540; x_wconf 89' lang='lat' dir='ltr'><strong>quam</strong></span> <span class='ocrx_word' id='word_1_584' title='bbox 862 4475 1085 4526; x_wconf 59' lang='lat' dir='ltr'><strong>nostra.</strong></span> 
     </span>
    </p>
   </div>
   <div class='ocr_carea' id='block_1_79' title="bbox 597 4642 2096 4715">
    <p class='ocr_par' dir='ltr' id='par_1_79' title="bbox 597 4642 2096 4715">
     <span class='ocr_line' id='line_1_79' title="bbox 597 4642 2096 4715; baseline 0.003 -17"><span class='ocrx_word' id='word_1_585' title='bbox 597 4642 829 4707; x_wconf 76' lang='lat' dir='ltr'><strong>ALIUD.</strong></span> <span class='ocrx_word' id='word_1_586' title='bbox 859 4643 915 4699; x_wconf 77' lang='lat' dir='ltr'><strong>in</strong></span> <span class='ocrx_word' id='word_1_587' title='bbox 954 4643 1164 4698; x_wconf 84' lang='lat' dir='ltr'><strong>modum</strong></span> <span class='ocrx_word' id='word_1_588' title='bbox 1219 4642 1553 4715; x_wconf 65' lang='lat' dir='ltr'><strong>objectionis,</strong></span> <span class='ocrx_word' id='word_1_589' title='bbox 1605 4661 1700 4715; x_wconf 81' lang='lat' dir='ltr'><strong>per</strong></span> <span class='ocrx_word' id='word_1_590' title='bbox 1739 4645 2096 4702; x_wconf 82' lang='lat' dir='ltr'><strong>reductionem</strong></span> 
     </span>
    </p>
   </div>
   <div class='ocr_carea' id='block_1_80' title="bbox 528 4735 2099 4808">
    <p class='ocr_par' dir='ltr' id='par_1_80' title="bbox 528 4735 2099 4808">
     <span class='ocr_line' id='line_1_80' title="bbox 528 4735 2099 4808; baseline 0.004 -19"><span class='ocrx_word' id='word_1_591' title='bbox 528 4735 599 4788; x_wconf 79' lang='lat' dir='ltr'><strong>ad</strong></span> <span class='ocrx_word' id='word_1_592' title='bbox 635 4735 947 4790; x_wconf 69' lang='lat' dir='ltr'><strong>absurdum.</strong></span> <span class='ocrx_word' id='word_1_593' title='bbox 981 4735 1176 4799; x_wconf 89' lang='lat' dir='ltr'><strong>Filius,</strong></span> <span class='ocrx_word' id='word_1_594' title='bbox 1205 4744 1469 4808; x_wconf 86' lang='lat' dir='ltr'><strong>tanquam</strong></span> <span class='ocrx_word' id='word_1_595' title='bbox 1498 4752 1529 4793; x_wconf 92' lang='lat' dir='ltr'><strong>a</strong></span> <span class='ocrx_word' id='word_1_596' title='bbox 1561 4737 1724 4795; x_wconf 88' lang='lat' dir='ltr'><strong>Patre</strong></span> <span class='ocrx_word' id='word_1_597' title='bbox 1751 4739 1906 4795; x_wconf 88' lang='lat' dir='ltr'><strong>nullo</strong></span> <span class='ocrx_word' id='word_1_598' title='bbox 1937 4739 2099 4795; x_wconf 89' lang='lat' dir='ltr'><strong>modo</strong></span> 
     </span>
    </p>
   </div>
   <div class='ocr_carea' id='block_1_81' title="bbox 527 4826 2101 4902">
    <p class='ocr_par' dir='ltr' id='par_1_81' title="bbox 527 4826 2101 4902">
     <span class='ocr_line' id='line_1_81' title="bbox 527 4826 2101 4902; baseline 0.004 -21"><span class='ocrx_word' id='word_1_599' title='bbox 527 4826 799 4887; x_wconf 84' lang='lat' dir='ltr'><strong>diversus.</strong></span> <span class='ocrx_word' id='word_1_600' title='bbox 857 4826 951 4883; x_wconf 84' lang='lat' dir='ltr'><strong>sed</strong></span> <span class='ocrx_word' id='word_1_601' title='bbox 1008 4828 1418 4886; x_wconf 86' lang='lat' dir='ltr'><strong>absolutissima</strong></span> <span class='ocrx_word' id='word_1_602' title='bbox 1478 4828 1679 4902; x_wconf 90' lang='lat' dir='ltr'><strong>imago,</strong></span> <span class='ocrx_word' id='word_1_603' title='bbox 1712 4839 1769 4887; x_wconf 91' lang='lat' dir='ltr'><strong>et</strong></span> <span class='ocrx_word' id='word_1_604' title='bbox 1812 4833 2101 4888; x_wconf 88' lang='lat' dir='ltr'><strong>character</strong></span> 
     </span>
    </p>
   </div>
   <div class='ocr_carea' id='block_1_82' title="bbox 529 4916 2093 4994">
    <p class='ocr_par' dir='ltr' id='par_1_82' title="bbox 529 4916 2093 4994">
     <span class='ocr_line' id='line_1_82' title="bbox 529 4916 2093 4994; baseline 0.006 -23"><span class='ocrx_word' id='word_1_605' title='bbox 529 4916 849 4972; x_wconf 68' lang='lat' dir='ltr'><strong>substantia:</strong></span> <span class='ocrx_word' id='word_1_606' title='bbox 893 4917 1017 4988; x_wconf 89' lang='lat' dir='ltr'><strong>ejus</strong></span> <span class='ocrx_word' id='word_1_607' title='bbox 1074 4920 1378 4983; x_wconf 77' lang='lat' dir='ltr'><strong>exsistens.</strong></span> <span class='ocrx_word' id='word_1_608' title='bbox 1434 4921 1556 4977; x_wconf 88' lang='lat' dir='ltr'><strong>suis</strong></span> <span class='ocrx_word' id='word_1_609' title='bbox 1601 4920 1894 4994; x_wconf 84' lang='lat' dir='ltr'><strong>discipulis</strong></span> <span class='ocrx_word' id='word_1_610' title='bbox 1929 4923 2093 4980; x_wconf 88' lang='lat' dir='ltr'><strong>inﬁt:</strong></span> 
     </span>
    </p>
   </div>
   <div class='ocr_carea' id='block_1_83' title="bbox 535 5008 2094 5076">
    <p class='ocr_par' dir='ltr' id='par_1_83' title="bbox 535 5008 2094 5076">
     <span class='ocr_line' id='line_1_83' title="bbox 535 5008 2094 5076; baseline 0.006 -15"><span class='ocrx_word' id='word_1_611' title='bbox 535 5029 554 5061; x_wconf 81' lang='grc' dir='ltr'><strong>ι</strong></span> <span class='ocrx_word' id='word_1_612' title='bbox 587 5008 693 5076; x_wconf 86' lang='lat' dir='ltr'><strong>Qui</strong></span> <span class='ocrx_word' id='word_1_613' title='bbox 746 5008 884 5064; x_wconf 85' lang='lat' dir='ltr'><strong>vidit</strong></span> <span class='ocrx_word' id='word_1_614' title='bbox 945 5024 1053 5070; x_wconf 85' lang='lat' dir='ltr'><strong>me.</strong></span> <span class='ocrx_word' id='word_1_615' title='bbox 1107 5010 1247 5065; x_wconf 80' lang='lat' dir='ltr'><strong>vidit</strong></span> <span class='ocrx_word' id='word_1_616' title='bbox 1291 5019 1349 5066; x_wconf 92' lang='lat' dir='ltr'><strong>et</strong></span> <span class='ocrx_word' id='word_1_617' title='bbox 1376 5010 1595 5068; x_wconf 87' lang='lat' dir='ltr'><strong>Patrem</strong></span> <span class='ocrx_word' id='word_1_618' title='bbox 1624 5013 1693 5068; x_wconf 67' lang='grc' dir='ltr'><strong>υ.</strong></span> <span class='ocrx_word' id='word_1_619' title='bbox 1738 5031 1758 5066; x_wconf 71' lang='grc' dir='ltr'><strong>ι</strong></span> <span class='ocrx_word' id='word_1_620' title='bbox 1791 5016 1861 5069; x_wconf 84' lang='lat' dir='ltr'><strong>At</strong></span> <span class='ocrx_word' id='word_1_621' title='bbox 1884 5015 1931 5071; x_wconf 88' lang='lat' dir='ltr'><strong>si</strong></span> <span class='ocrx_word' id='word_1_622' title='bbox 1968 5029 2094 5071; x_wconf 86' lang='lat' dir='ltr'><strong>cum</strong></span> 
     </span>
    </p>
   </div>
   <div class='ocr_carea' id='block_1_84' title="bbox 531 5097 2098 5169">
    <p class='ocr_par' dir='ltr' id='par_1_84' title="bbox 531 5097 2098 5169">
     <span class='ocr_line' id='line_1_84' title="bbox 531 5097 2098 5169; baseline 0.005 -15"><span class='ocrx_word' id='word_1_623' title='bbox 531 5098 843 5155; x_wconf 87' lang='lat' dir='ltr'><strong>istiusmodi</strong></span> <span class='ocrx_word' id='word_1_624' title='bbox 869 5097 966 5165; x_wconf 89' lang='lat' dir='ltr'><strong>sit,</strong></span> <span class='ocrx_word' id='word_1_625' title='bbox 994 5101 1489 5158; x_wconf 86' lang='lat' dir='ltr'><strong>consubstantialis</strong></span> <span class='ocrx_word' id='word_1_626' title='bbox 1503 5108 1589 5157; x_wconf 88' lang='lat' dir='ltr'><strong>est</strong></span> <span class='ocrx_word' id='word_1_627' title='bbox 1617 5101 1789 5169; x_wconf 89' lang='lat' dir='ltr'><strong>Patri,</strong></span> <span class='ocrx_word' id='word_1_628' title='bbox 1822 5103 2098 5161; x_wconf 68' lang='lat' dir='ltr'><strong>confusio«</strong></span> 
     </span>
    </p>
   </div>
   <div class='ocr_carea' id='block_1_85' title="bbox 532 5189 2121 5267">
    <p class='ocr_par' dir='ltr' id='par_1_85' title="bbox 532 5189 2121 5267">
     <span class='ocr_line' id='line_1_85' title="bbox 532 5189 2121 5267; baseline 0.004 -21"><span class='ocrx_word' id='word_1_629' title='bbox 532 5208 653 5247; x_wconf 84' lang='lat' dir='ltr'><strong>nem</strong></span> <span class='ocrx_word' id='word_1_630' title='bbox 697 5198 882 5247; x_wconf 89' lang='lat' dir='ltr'><strong>autem</strong></span> <span class='ocrx_word' id='word_1_631' title='bbox 928 5189 1073 5248; x_wconf 86' lang='lat' dir='ltr'><strong>inter</strong></span> <span class='ocrx_word' id='word_1_632' title='bbox 1111 5206 1172 5248; x_wconf 89' lang='lat' dir='ltr'><strong>se</strong></span> <span class='ocrx_word' id='word_1_633' title='bbox 1222 5207 1313 5248; x_wconf 89' lang='lat' dir='ltr'><strong>res</strong></span> <span class='ocrx_word' id='word_1_634' title='bbox 1366 5192 1876 5251; x_wconf 78' lang='lat' dir='ltr'><strong>consubStantialcs</strong></span> <span class='ocrx_word' id='word_1_635' title='bbox 1910 5196 2121 5267; x_wconf 88' lang='lat' dir='ltr'><strong>utique&#39;</strong></span> 
     </span>
    </p>
   </div>
   <div class='ocr_carea' id='block_1_86' title="bbox 529 5282 2105 5357">
    <p class='ocr_par' dir='ltr' id='par_1_86' title="bbox 529 5282 2105 5357">
     <span class='ocr_line' id='line_1_86' title="bbox 529 5282 2105 5357; baseline 0.002 -16"><span class='ocrx_word' id='word_1_636' title='bbox 529 5285 857 5356; x_wconf 89' lang='lat' dir='ltr'><strong>suscipient,</strong></span> <span class='ocrx_word' id='word_1_637' title='bbox 891 5282 1052 5351; x_wconf 90' lang='lat' dir='ltr'><strong>nihil,</strong></span> <span class='ocrx_word' id='word_1_638' title='bbox 1086 5293 1146 5339; x_wconf 89' lang='lat' dir='ltr'><strong>ut</strong></span> <span class='ocrx_word' id='word_1_639' title='bbox 1173 5292 1422 5354; x_wconf 85' lang='lat' dir='ltr'><strong>apparet,</strong></span> <span class='ocrx_word' id='word_1_640' title='bbox 1450 5285 1769 5357; x_wconf 87' lang='lat' dir='ltr'><strong>prohibebit</strong></span> <span class='ocrx_word' id='word_1_641' title='bbox 1808 5287 2105 5357; x_wconf 85' lang='lat' dir='ltr'><strong>quominus</strong></span> 
     </span>
    </p>
   </div>
   <div class='ocr_carea' id='block_1_87' title="bbox 533 5376 2103 5447">
    <p class='ocr_par' dir='ltr' id='par_1_87' title="bbox 533 5376 2103 5447">
     <span class='ocr_line' id='line_1_87' title="bbox 533 5376 2103 5447; baseline 0.001 -15"><span class='ocrx_word' id='word_1_642' title='bbox 533 5377 695 5435; x_wconf 76' lang='lat' dir='ltr'><strong>Pater</strong></span> <span class='ocrx_word' id='word_1_643' title='bbox 730 5382 1025 5431; x_wconf 87' lang='lat' dir='ltr'><strong>censeatur</strong></span> <span class='ocrx_word' id='word_1_644' title='bbox 1054 5390 1179 5431; x_wconf 88' lang='lat' dir='ltr'><strong>esse</strong></span> <span class='ocrx_word' id='word_1_645' title='bbox 1216 5376 1409 5442; x_wconf 86' lang='lat' dir='ltr'><strong>Filius,</strong></span> <span class='ocrx_word' id='word_1_646' title='bbox 1444 5384 1637 5447; x_wconf 91' lang='lat' dir='ltr'><strong>utpote</strong></span> <span class='ocrx_word' id='word_1_647' title='bbox 1675 5376 1823 5433; x_wconf 87' lang='lat' dir='ltr'><strong>Patri</strong></span> <span class='ocrx_word' id='word_1_648' title='bbox 1860 5377 2103 5434; x_wconf 90' lang='lat' dir='ltr'><strong>consub-</strong></span> 
     </span>
    </p>
   </div>
   <div class='ocr_carea' id='block_1_88' title="bbox 531 5465 2105 5538">
    <p class='ocr_par' dir='ltr' id='par_1_88' title="bbox 531 5465 2105 5538">
     <span class='ocr_line' id='line_1_88' title="bbox 531 5465 2105 5538; baseline -0.001 -14"><span class='ocrx_word' id='word_1_649' title='bbox 531 5467 831 5533; x_wconf 85' lang='lat' dir='ltr'><strong>stantialis,</strong></span> <span class='ocrx_word' id='word_1_650' title='bbox 870 5465 1077 5538; x_wconf 88' lang='lat' dir='ltr'><strong>quique</strong></span> <span class='ocrx_word' id='word_1_651' title='bbox 1107 5465 1217 5536; x_wconf 80' lang='lat'><strong><em>36</em></strong></span> <span class='ocrx_word' id='word_1_652' title='bbox 1251 5465 1303 5519; x_wconf 90' lang='lat' dir='ltr'><strong>in</strong></span> <span class='ocrx_word' id='word_1_653' title='bbox 1337 5466 1490 5521; x_wconf 89' lang='lat' dir='ltr'><strong>illum</strong></span> <span class='ocrx_word' id='word_1_654' title='bbox 1526 5470 1771 5525; x_wconf 89' lang='lat' dir='ltr'><strong>transire</strong></span> <span class='ocrx_word' id='word_1_655' title='bbox 1812 5469 1964 5524; x_wconf 90' lang='lat' dir='ltr'><strong>nullo</strong></span> <span class='ocrx_word' id='word_1_656' title='bbox 2003 5469 2105 5522; x_wconf 89' lang='lat' dir='ltr'><strong>im-</strong></span> 
     </span>
    </p>
   </div>
   <div class='ocr_carea' id='block_1_89' title="bbox 533 5553 2105 5628">
    <p class='ocr_par' dir='ltr' id='par_1_89' title="bbox 533 5553 2105 5628">
     <span class='ocr_line' id='line_1_89' title="bbox 533 5553 2105 5628; baseline 0.001 -16"><span class='ocrx_word' id='word_1_657' title='bbox 533 5559 786 5628; x_wconf 86' lang='lat' dir='ltr'><strong>pediente</strong></span> <span class='ocrx_word' id='word_1_658' title='bbox 838 5556 981 5627; x_wconf 86' lang='lat' dir='ltr'><strong>potis</strong></span> <span class='ocrx_word' id='word_1_659' title='bbox 1048 5553 1145 5620; x_wconf 88' lang='lat' dir='ltr'><strong>sit,</strong></span> <span class='ocrx_word' id='word_1_660' title='bbox 1203 5554 1471 5626; x_wconf 81' lang='lat' dir='ltr'><strong>siquidem</strong></span> <span class='ocrx_word' id='word_1_661' title='bbox 1511 5557 2105 5615; x_wconf 82' lang='lat' dir='ltr'><strong>consubstantialitatis</strong></span> 
     </span>
    </p>
   </div>
   <div class='ocr_carea' id='block_1_90' title="bbox 609 5740 1814 5816">
    <p class='ocr_par' dir='ltr' id='par_1_90' title="bbox 609 5740 1814 5816">
     <span class='ocr_line' id='line_1_90' title="bbox 609 5740 1814 5816; baseline 0.003 -18"><span class='ocrx_word' id='word_1_662' title='bbox 609 5740 656 5769; x_wconf 77' lang='lat'><strong>‘°</strong></span> <span class='ocrx_word' id='word_1_663' title='bbox 692 5741 890 5802; x_wconf 60' lang='lat' dir='ltr'><strong>Bacch.</strong></span> <span class='ocrx_word' id='word_1_664' title='bbox 930 5764 1060 5803; x_wconf 75' lang='lat' dir='ltr'><strong>xvtu</strong></span> <span class='ocrx_word' id='word_1_665' title='bbox 1088 5789 1101 5816; x_wconf 91' lang='lat'><strong>,</strong></span> <span class='ocrx_word' id='word_1_666' title='bbox 1144 5750 1231 5806; x_wconf 67' lang='lat'><strong>9.0.</strong></span> <span class='ocrx_word' id='word_1_667' title='bbox 1312 5750 1352 5781; x_wconf 83' lang='lat'><strong>&quot;</strong></span> <span class='ocrx_word' id='word_1_668' title='bbox 1399 5747 1561 5804; x_wconf 80' lang='lat' dir='ltr'><strong>Joan.</strong></span> <span class='ocrx_word' id='word_1_669' title='bbox 1600 5765 1684 5803; x_wconf 74' lang='lat' dir='ltr'><strong>MV</strong></span> <span class='ocrx_word' id='word_1_670' title='bbox 1710 5787 1723 5813; x_wconf 93' lang='lat'><strong>,</strong></span> <span class='ocrx_word' id='word_1_671' title='bbox 1762 5750 1814 5802; x_wconf 76' lang='lat'><strong>9.</strong></span> 
     </span>
    </p>
   </div>
   <div class='ocr_carea' id='block_1_91' title="bbox 2199 3274 3770 3357">
    <p class='ocr_par' dir='ltr' id='par_1_91' title="bbox 2199 3274 3770 3357">
     <span class='ocr_line' id='line_1_91' title="bbox 2199 3274 3770 3357; baseline -0.008 -15"><span class='ocrx_word' id='word_1_672' title='bbox 2199 3288 2229 3342; x_wconf 97' lang='lat'><strong>6</strong></span> <span class='ocrx_word' id='word_1_673' title='bbox 2255 3287 2312 3341; x_wconf 85' lang='grc' dir='ltr'>δὲ</span> <span class='ocrx_word' id='word_1_674' title='bbox 2343 3286 2456 3352; x_wconf 78' lang='grc' dir='ltr'>υίὸς</span> <span class='ocrx_word' id='word_1_675' title='bbox 2479 3286 2539 3340; x_wconf 86' lang='grc' dir='ltr'><strong>οὑ</strong></span> <span class='ocrx_word' id='word_1_676' title='bbox 2568 3285 2797 3357; x_wconf 73' lang='grc' dir='ltr'>λήψεται</span> <span class='ocrx_word' id='word_1_677' title='bbox 2820 3285 2917 3353; x_wconf 80' lang='grc' dir='ltr'>τὴν</span> <span class='ocrx_word' id='word_1_678' title='bbox 2938 3283 3211 3356; x_wconf 81' lang='grc' dir='ltr'>ἁμαρτίαν</span> <span class='ocrx_word' id='word_1_679' title='bbox 3230 3281 3323 3335; x_wconf 88' lang='grc' dir='ltr'><strong>τοῦ</strong></span> <span class='ocrx_word' id='word_1_680' title='bbox 3354 3279 3558 3351; x_wconf 80' lang='grc' dir='ltr'>πατρὸς</span> <span class='ocrx_word' id='word_1_681' title='bbox 3583 3274 3770 3342; x_wconf 83' lang='grc' dir='ltr'>αὑτοῦ,</span> 
     </span>
    </p>
   </div>
   <div class='ocr_carea' id='block_1_92' title="bbox 2199 3367 3765 3450">
    <p class='ocr_par' dir='ltr' id='par_1_92' title="bbox 2199 3367 3765 3450">
     <span class='ocr_line' id='line_1_92' title="bbox 2199 3367 3765 3450; baseline -0.008 -16"><span class='ocrx_word' id='word_1_682' title='bbox 2199 3378 2319 3434; x_wconf 77' lang='grc' dir='ltr'>οὐδὲ</span> <span class='ocrx_word' id='word_1_683' title='bbox 2346 3381 2375 3433; x_wconf 92' lang='lat'><strong>6</strong></span> <span class='ocrx_word' id='word_1_684' title='bbox 2401 3377 2582 3450; x_wconf 78' lang='grc' dir='ltr'>πατὴρ</span> <span class='ocrx_word' id='word_1_685' title='bbox 2611 3377 2837 3447; x_wconf 77' lang='grc' dir='ltr'>λήψεται</span> <span class='ocrx_word' id='word_1_686' title='bbox 2855 3376 2953 3447; x_wconf 83' lang='grc' dir='ltr'>τὴν</span> <span class='ocrx_word' id='word_1_687' title='bbox 2967 3373 3239 3446; x_wconf 85' lang='grc' dir='ltr'>ἀμαρτίαν</span> <span class='ocrx_word' id='word_1_688' title='bbox 3262 3372 3359 3427; x_wconf 88' lang='grc' dir='ltr'><strong>τοῦ</strong></span> <span class='ocrx_word' id='word_1_689' title='bbox 3387 3370 3506 3426; x_wconf 88' lang='grc' dir='ltr'>υἰοῦ</span> <span class='ocrx_word' id='word_1_690' title='bbox 3532 3367 3719 3425; x_wconf 87' lang='grc' dir='ltr'>αὑτοῦ.</span> <span class='ocrx_word' id='word_1_691' title='bbox 3743 3387 3765 3421; x_wconf 70' lang='grc' dir='ltr'><strong>ι</strong></span> 
     </span>
    </p>
   </div>
   <div class='ocr_carea' id='block_1_93' title="bbox 2213 3460 3772 3539">
    <p class='ocr_par' dir='ltr' id='par_1_93' title="bbox 2213 3460 3772 3539">
     <span class='ocr_line' id='line_1_93' title="bbox 2213 3460 3772 3539; baseline -0.006 -16"><span class='ocrx_word' id='word_1_692' title='bbox 2213 3469 2428 3539; x_wconf 81' lang='grc' dir='ltr'>Ἐπειδὴ</span> <span class='ocrx_word' id='word_1_693' title='bbox 2461 3467 2516 3522; x_wconf 77' lang='grc' dir='ltr'>δὲ</span> <span class='ocrx_word' id='word_1_694' title='bbox 2547 3467 2831 3537; x_wconf 82' lang='grc' dir='ltr'>όμοοὺσιον</span> <span class='ocrx_word' id='word_1_695' title='bbox 2865 3466 2993 3519; x_wconf 78' lang='grc' dir='ltr'>ὄντα</span> <span class='ocrx_word' id='word_1_696' title='bbox 3029 3464 3119 3519; x_wconf 83' lang='grc' dir='ltr'>τὸν</span> <span class='ocrx_word' id='word_1_697' title='bbox 3163 3464 3377 3536; x_wconf 79' lang='grc' dir='ltr'>πατέρα</span> <span class='ocrx_word' id='word_1_698' title='bbox 3416 3462 3495 3534; x_wconf 81' lang='grc' dir='ltr'>τῷ</span> <span class='ocrx_word' id='word_1_699' title='bbox 3538 3460 3640 3532; x_wconf 83' lang='grc' dir='ltr'>υἰῷ</span> <span class='ocrx_word' id='word_1_700' title='bbox 3672 3460 3772 3514; x_wconf 88' lang='grc' dir='ltr'><strong>οὑκ</strong></span> 
     </span>
    </p>
   </div>
   <div class='ocr_carea' id='block_1_94' title="bbox 2205 3550 3771 3628">
    <p class='ocr_par' dir='ltr' id='par_1_94' title="bbox 2205 3550 3771 3628">
     <span class='ocr_line' id='line_1_94' title="bbox 2205 3550 3771 3628; baseline -0.004 -17"><span class='ocrx_word' id='word_1_701' title='bbox 2205 3559 2285 3623; x_wconf 87' lang='grc' dir='ltr'><strong>εἰς</strong></span> <span class='ocrx_word' id='word_1_702' title='bbox 2323 3557 2415 3610; x_wconf 82' lang='grc' dir='ltr'>τὸν</span> <span class='ocrx_word' id='word_1_703' title='bbox 2444 3558 2544 3628; x_wconf 84' lang='grc' dir='ltr'>τῆς</span> <span class='ocrx_word' id='word_1_704' title='bbox 2563 3557 2809 3628; x_wconf 83' lang='grc' dir='ltr'>υἰότητος</span> <span class='ocrx_word' id='word_1_705' title='bbox 2837 3556 2999 3610; x_wconf 86' lang='grc' dir='ltr'>τόπον</span> <span class='ocrx_word' id='word_1_706' title='bbox 3025 3556 3055 3610; x_wconf 93' lang='lat'><strong>6</strong></span> <span class='ocrx_word' id='word_1_707' title='bbox 3078 3554 3172 3609; x_wconf 85' lang='grc' dir='ltr'><strong>τοῦ</strong></span> <span class='ocrx_word' id='word_1_708' title='bbox 3200 3550 3269 3607; x_wconf 69' lang='grc' dir='ltr'><strong>τά</strong></span> <span class='ocrx_word' id='word_1_709' title='bbox 3295 3555 3477 3610; x_wconf 85' lang='grc' dir='ltr'>δίκαια</span> <span class='ocrx_word' id='word_1_710' title='bbox 3496 3553 3771 3625; x_wconf 75' lang='grc' dir='ltr'>κρίνοντος</span> 
     </span>
    </p>
   </div>
   <div class='ocr_carea' id='block_1_95' title="bbox 2203 3642 3771 3720">
    <p class='ocr_par' dir='ltr' id='par_1_95' title="bbox 2203 3642 3771 3720">
     <span class='ocr_line' id='line_1_95' title="bbox 2203 3642 3771 3720; baseline -0.004 -17"><span class='ocrx_word' id='word_1_711' title='bbox 2203 3649 2501 3720; x_wconf 77' lang='grc' dir='ltr'>καταφέρει</span> <span class='ocrx_word' id='word_1_712' title='bbox 2559 3648 2739 3717; x_wconf 86' lang='grc' dir='ltr'>λόγος,</span> <span class='ocrx_word' id='word_1_713' title='bbox 2787 3646 2913 3703; x_wconf 76' lang='grc' dir='ltr'>οὔτε</span> <span class='ocrx_word' id='word_1_714' title='bbox 2965 3647 3071 3719; x_wconf 87' lang='grc' dir='ltr'>μὴν</span> <span class='ocrx_word' id='word_1_715' title='bbox 3096 3646 3386 3718; x_wconf 84' lang='grc' dir='ltr'>ἀνατίθησι</span> <span class='ocrx_word' id='word_1_716' title='bbox 3414 3644 3505 3698; x_wconf 82' lang='grc' dir='ltr'>τὸν</span> <span class='ocrx_word' id='word_1_717' title='bbox 3545 3643 3662 3697; x_wconf 80' lang='grc' dir='ltr'>υἱὸν</span> <span class='ocrx_word' id='word_1_718' title='bbox 3691 3642 3771 3706; x_wconf 83' lang='grc' dir='ltr'><strong>εἰς</strong></span> 
     </span>
    </p>
   </div>
   <div class='ocr_carea' id='block_1_96' title="bbox 2203 3731 3772 3809">
    <p class='ocr_par' dir='ltr' id='par_1_96' title="bbox 2203 3731 3772 3809">
     <span class='ocr_line' id='line_1_96' title="bbox 2203 3731 3772 3809; baseline -0.006 -18"><span class='ocrx_word' id='word_1_719' title='bbox 2203 3738 2303 3809; x_wconf 83' lang='grc' dir='ltr'>τὴν</span> <span class='ocrx_word' id='word_1_720' title='bbox 2326 3739 2427 3807; x_wconf 81' lang='grc' dir='ltr'>τῆς</span> <span class='ocrx_word' id='word_1_721' title='bbox 2445 3737 2779 3809; x_wconf 87' lang='grc' dir='ltr'>πατρότητος</span> <span class='ocrx_word' id='word_1_722' title='bbox 2809 3737 2977 3804; x_wconf 82' lang='grc' dir='ltr'>θέσιν,</span> <span class='ocrx_word' id='word_1_723' title='bbox 3004 3736 3117 3791; x_wconf 86' lang='grc' dir='ltr'>ἀλλ’</span> <span class='ocrx_word' id='word_1_724' title='bbox 3167 3735 3475 3801; x_wconf 75' lang='grc' dir='ltr'>ἰδιαζόντως</span> <span class='ocrx_word' id='word_1_725' title='bbox 3512 3731 3772 3802; x_wconf 79' lang='grc' dir='ltr'>ἑκάτερον</span> 
     </span>
    </p>
   </div>
   <div class='ocr_carea' id='block_1_97' title="bbox 2204 3823 3777 3900">
    <p class='ocr_par' dir='ltr' id='par_1_97' title="bbox 2204 3823 3777 3900">
     <span class='ocr_line' id='line_1_97' title="bbox 2204 3823 3777 3900; baseline -0.007 -15"><span class='ocrx_word' id='word_1_726' title='bbox 2204 3824 2367 3895; x_wconf 78' lang='grc' dir='ltr'>οἶδεν,</span> <span class='ocrx_word' id='word_1_727' title='bbox 2393 3828 2516 3883; x_wconf 75' lang='grc' dir='ltr'>οὔτε</span> <span class='ocrx_word' id='word_1_728' title='bbox 2551 3829 2712 3883; x_wconf 88' lang='grc' dir='ltr'>τοῦτο</span> <span class='ocrx_word' id='word_1_729' title='bbox 2741 3829 2821 3894; x_wconf 84' lang='grc' dir='ltr'><strong>εἰς</strong></span> <span class='ocrx_word' id='word_1_730' title='bbox 2849 3829 3026 3884; x_wconf 80' lang='grc' dir='ltr'>έκεῖνο</span> <span class='ocrx_word' id='word_1_731' title='bbox 3053 3825 3285 3900; x_wconf 82' lang='grc' dir='ltr'>χωροῦν,</span> <span class='ocrx_word' id='word_1_732' title='bbox 3311 3825 3435 3880; x_wconf 75' lang='grc' dir='ltr'>οὔτε</span> <span class='ocrx_word' id='word_1_733' title='bbox 3462 3823 3570 3897; x_wconf 81' lang='grc' dir='ltr'>μὴν</span> <span class='ocrx_word' id='word_1_734' title='bbox 3600 3825 3777 3877; x_wconf 73' lang='grc' dir='ltr'>έκεῖνο</span> 
     </span>
    </p>
   </div>
   <div class='ocr_carea' id='block_1_98' title="bbox 2203 3917 3775 3993">
    <p class='ocr_par' dir='ltr' id='par_1_98' title="bbox 2203 3917 3775 3993">
     <span class='ocr_line' id='line_1_98' title="bbox 2203 3917 3775 3993; baseline -0.004 -18"><span class='ocrx_word' id='word_1_735' title='bbox 2203 3921 2339 3993; x_wconf 82' lang='grc' dir='ltr'>πρὸς</span> <span class='ocrx_word' id='word_1_736' title='bbox 2381 3920 2538 3976; x_wconf 88' lang='grc' dir='ltr'>τοῦτο</span> <span class='ocrx_word' id='word_1_737' title='bbox 2596 3921 2831 3993; x_wconf 74' lang='grc' dir='ltr'>βαδίζον,</span> <span class='ocrx_word' id='word_1_738' title='bbox 2863 3922 3043 3976; x_wconf 88' lang='grc' dir='ltr'>καίτοι</span> <span class='ocrx_word' id='word_1_739' title='bbox 3076 3922 3205 3993; x_wconf 80' lang='grc' dir='ltr'>μιᾶς</span> <span class='ocrx_word' id='word_1_740' title='bbox 3256 3918 3425 3989; x_wconf 78' lang='grc' dir='ltr'>οΰσης</span> <span class='ocrx_word' id='word_1_741' title='bbox 3462 3919 3549 3972; x_wconf 76' lang='grc' dir='ltr'><strong>ἐπ’</strong></span> <span class='ocrx_word' id='word_1_742' title='bbox 3571 3917 3775 3986; x_wconf 72' lang='grc' dir='ltr'>ἀμφοῖν</span> 
     </span>
    </p>
   </div>
   <div class='ocr_carea' id='block_1_99' title="bbox 2199 4004 3773 4086">
    <p class='ocr_par' dir='ltr' id='par_1_99' title="bbox 2199 4004 3773 4086">
     <span class='ocr_line' id='line_1_99' title="bbox 2199 4004 3773 4086; baseline -0.006 -18"><span class='ocrx_word' id='word_1_743' title='bbox 2199 4014 2300 4086; x_wconf 83' lang='grc' dir='ltr'>τῆς</span> <span class='ocrx_word' id='word_1_744' title='bbox 2313 4012 2500 4079; x_wconf 79' lang='grc' dir='ltr'>οὐσίας</span> <span class='ocrx_word' id='word_1_745' title='bbox 2516 4030 2532 4046; x_wconf 76' lang='grc'><strong><em>⁸</em></strong></span> <span class='ocrx_word' id='word_1_746' title='bbox 2551 4013 2815 4086; x_wconf 87' lang='grc' dir='ltr'>πρόδηλον</span> <span class='ocrx_word' id='word_1_747' title='bbox 2858 4013 3146 4085; x_wconf 85' lang='grc' dir='ltr'>δήπουθεν,</span> <span class='ocrx_word' id='word_1_748' title='bbox 3169 4010 3246 4075; x_wconf 80' lang='grc' dir='ltr'>ὡς</span> <span class='ocrx_word' id='word_1_749' title='bbox 3275 4009 3450 4073; x_wconf 72' lang='grc' dir='ltr'>οὐδεὶς</span> <span class='ocrx_word' id='word_1_750' title='bbox 3469 4004 3773 4076; x_wconf 76' lang='grc' dir='ltr'>ἀναγκάσει</span> 
     </span>
    </p>
   </div>
   <div class='ocr_carea' id='block_1_100' title="bbox 2199 4095 3775 4177">
    <p class='ocr_par' dir='ltr' id='par_1_100' title="bbox 2199 4095 3775 4177">
     <span class='ocr_line' id='line_1_100' title="bbox 2199 4095 3775 4177; baseline -0.006 -18"><span class='ocrx_word' id='word_1_751' title='bbox 2199 4104 2401 4176; x_wconf 86' lang='grc' dir='ltr'>τρόπος</span> <span class='ocrx_word' id='word_1_752' title='bbox 2445 4106 2829 4177; x_wconf 79' lang='grc' dir='ltr'>μεταχωρῆσαι</span> <span class='ocrx_word' id='word_1_753' title='bbox 2864 4104 3054 4159; x_wconf 78' lang='grc' dir='ltr'>λοιπὸν</span> <span class='ocrx_word' id='word_1_754' title='bbox 3104 4103 3185 4167; x_wconf 88' lang='grc' dir='ltr'><strong>εἰς</strong></span> <span class='ocrx_word' id='word_1_755' title='bbox 3216 4102 3277 4156; x_wconf 84' lang='grc' dir='ltr'>τὸ</span> <span class='ocrx_word' id='word_1_756' title='bbox 3304 4095 3443 4155; x_wconf 78' lang='grc' dir='ltr'>εἶναι</span> <span class='ocrx_word' id='word_1_757' title='bbox 3481 4099 3653 4169; x_wconf 88' lang='grc' dir='ltr'>Λόγον</span> <span class='ocrx_word' id='word_1_758' title='bbox 3682 4095 3775 4150; x_wconf 76' lang='grc' dir='ltr'>τὸν</span> 
     </span>
    </p>
   </div>
   <div class='ocr_carea' id='block_1_101' title="bbox 2201 4188 3771 4272">
    <p class='ocr_par' dir='ltr' id='par_1_101' title="bbox 2201 4188 3771 4272">
     <span class='ocr_line' id='line_1_101' title="bbox 2201 4188 3771 4272; baseline -0.007 -19"><span class='ocrx_word' id='word_1_759' title='bbox 2201 4197 2334 4254; x_wconf 82' lang='grc' dir='ltr'>Θεὸν</span> <span class='ocrx_word' id='word_1_760' title='bbox 2384 4199 2481 4254; x_wconf 72' lang='grc' dir='ltr'>καὶ</span> <span class='ocrx_word' id='word_1_761' title='bbox 2508 4199 2750 4272; x_wconf 81' lang='grc' dir='ltr'>Πατέρα,</span> <span class='ocrx_word' id='word_1_762' title='bbox 2806 4196 3038 4269; x_wconf 72' lang='grc' dir='ltr'>ἐπείπερ</span> <span class='ocrx_word' id='word_1_763' title='bbox 3095 4194 3245 4250; x_wconf 73' lang='grc' dir='ltr'>ἐστὶν</span> <span class='ocrx_word' id='word_1_764' title='bbox 3273 4192 3555 4266; x_wconf 80' lang='grc' dir='ltr'>όμοοὺσιος</span> <span class='ocrx_word' id='word_1_765' title='bbox 3580 4188 3740 4260; x_wconf 84' lang='grc' dir='ltr'>Λόγῳ</span> <span class='ocrx_word' id='word_1_766' title='bbox 3759 4204 3771 4216; x_wconf 72' lang='grc'><strong><em>³</em></strong></span> 
     </span>
    </p>
   </div>
   <div class='ocr_carea' id='block_1_102' title="bbox 2205 4278 3776 4364">
    <p class='ocr_par' dir='ltr' id='par_1_102' title="bbox 2205 4278 3776 4364">
     <span class='ocr_line' id='line_1_102' title="bbox 2205 4278 3776 4364; baseline -0.01 -16"><span class='ocrx_word' id='word_1_767' title='bbox 2205 4292 2354 4364; x_wconf 84' lang='grc' dir='ltr'>μένει</span> <span class='ocrx_word' id='word_1_768' title='bbox 2390 4292 2498 4364; x_wconf 87' lang='grc' dir='ltr'><strong>γάρ</strong></span> <span class='ocrx_word' id='word_1_769' title='bbox 2515 4292 2731 4355; x_wconf 89' lang='grc' dir='ltr'>πάντως</span> <span class='ocrx_word' id='word_1_770' title='bbox 2765 4291 2848 4359; x_wconf 70' lang='grc' dir='ltr'><strong>ἐφ’</strong></span> <span class='ocrx_word' id='word_1_771' title='bbox 2884 4288 3089 4360; x_wconf 82' lang='grc' dir='ltr'>ἑαυτῷ,</span> <span class='ocrx_word' id='word_1_772' title='bbox 3111 4285 3256 4341; x_wconf 86' lang='grc' dir='ltr'>τοῦτ’</span> <span class='ocrx_word' id='word_1_773' title='bbox 3280 4285 3396 4339; x_wconf 81' lang='grc' dir='ltr'>ἔστι</span> <span class='ocrx_word' id='word_1_774' title='bbox 3426 4281 3640 4354; x_wconf 77' lang='grc' dir='ltr'>Πατὴρ,</span> <span class='ocrx_word' id='word_1_775' title='bbox 3674 4278 3776 4333; x_wconf 80' lang='grc' dir='ltr'>κᾶν</span> 
     </span>
    </p>
   </div>
   <div class='ocr_carea' id='block_1_103' title="bbox 2201 4372 3779 4451">
    <p class='ocr_par' dir='ltr' id='par_1_103' title="bbox 2201 4372 3779 4451">
     <span class='ocr_line' id='line_1_103' title="bbox 2201 4372 3779 4451; baseline -0.009 -13"><span class='ocrx_word' id='word_1_776' title='bbox 2201 4385 2231 4438; x_wconf 93' lang='lat'><strong>6</strong></span> <span class='ocrx_word' id='word_1_777' title='bbox 2260 4383 2320 4450; x_wconf 75' lang='grc' dir='ltr'><strong>ἐξ</strong></span> <span class='ocrx_word' id='word_1_778' title='bbox 2353 4380 2520 4438; x_wconf 87' lang='grc' dir='ltr'>αὑτοῦ</span> <span class='ocrx_word' id='word_1_779' title='bbox 2542 4379 2821 4451; x_wconf 74' lang='grc' dir='ltr'>γεννηθεὶς</span> <span class='ocrx_word' id='word_1_780' title='bbox 2851 4380 3041 4450; x_wconf 82' lang='grc' dir='ltr'>νοῆται</span> <span class='ocrx_word' id='word_1_781' title='bbox 3084 4377 3178 4431; x_wconf 79' lang='grc' dir='ltr'>καὶ</span> <span class='ocrx_word' id='word_1_782' title='bbox 3208 4375 3427 4447; x_wconf 82' lang='grc' dir='ltr'>ὑπάρχῃ</span> <span class='ocrx_word' id='word_1_783' title='bbox 3459 4372 3657 4442; x_wconf 88' lang='grc' dir='ltr'>Λόγος,</span> <span class='ocrx_word' id='word_1_784' title='bbox 3684 4372 3779 4425; x_wconf 70' lang='grc' dir='ltr'>καὶ</span> 
     </span>
    </p>
   </div>
   <div class='ocr_carea' id='block_1_104' title="bbox 2128 4462 3776 4542">
    <p class='ocr_par' dir='ltr' id='par_1_104' title="bbox 2128 4462 3776 4542">
     <span class='ocr_line' id='line_1_104' title="bbox 2128 4462 3776 4542; baseline -0.009 -12"><span class='ocrx_word' id='word_1_785' title='bbox 2128 4475 2172 4530; x_wconf 89' lang='lat' dir='ltr'><strong>D</strong></span> <span class='ocrx_word' id='word_1_786' title='bbox 2198 4473 2283 4530; x_wconf 69' lang='grc' dir='ltr'><strong>διὰ</strong></span> <span class='ocrx_word' id='word_1_787' title='bbox 2303 4472 2458 4528; x_wconf 85' lang='grc' dir='ltr'>τοῦτο</span> <span class='ocrx_word' id='word_1_788' title='bbox 2490 4471 2640 4535; x_wconf 72' lang='grc' dir='ltr'>Υἱὸς,</span> <span class='ocrx_word' id='word_1_789' title='bbox 2670 4471 2758 4524; x_wconf 80' lang='grc' dir='ltr'>ἴνα</span> <span class='ocrx_word' id='word_1_790' title='bbox 2792 4469 2868 4542; x_wconf 79' lang='grc' dir='ltr'>μὴ</span> <span class='ocrx_word' id='word_1_791' title='bbox 2890 4468 2984 4523; x_wconf 73' lang='grc' dir='ltr'>καὶ</span> <span class='ocrx_word' id='word_1_792' title='bbox 3008 4471 3066 4522; x_wconf 84' lang='grc' dir='ltr'>ὲν</span> <span class='ocrx_word' id='word_1_793' title='bbox 3086 4467 3293 4540; x_wconf 82' lang='grc' dir='ltr'>χείροσι</span> <span class='ocrx_word' id='word_1_794' title='bbox 3334 4465 3443 4520; x_wconf 83' lang='grc' dir='ltr'><strong>τῶν</strong></span> <span class='ocrx_word' id='word_1_795' title='bbox 3473 4463 3598 4518; x_wconf 86' lang='grc' dir='ltr'>καθ’</span> <span class='ocrx_word' id='word_1_796' title='bbox 3624 4462 3776 4534; x_wconf 68' lang='grc' dir='ltr'>ἡμᾶς</span> 
     </span>
    </p>
   </div>
   <div class='ocr_carea' id='block_1_105' title="bbox 2199 4560 2847 4637">
    <p class='ocr_par' dir='ltr' id='par_1_105' title="bbox 2199 4560 2847 4637">
     <span class='ocr_line' id='line_1_105' title="bbox 2199 4560 2847 4637; baseline -0.009 -16"><span class='ocrx_word' id='word_1_797' title='bbox 2199 4564 2455 4637; x_wconf 80' lang='grc' dir='ltr'>φαίνηται</span> <span class='ocrx_word' id='word_1_798' title='bbox 2483 4560 2553 4617; x_wconf 83' lang='grc' dir='ltr'>τὰ</span> <span class='ocrx_word' id='word_1_799' title='bbox 2580 4560 2847 4632; x_wconf 88' lang='grc' dir='ltr'>θειότερα.</span> 
     </span>
    </p>
   </div>
   <div class='ocr_carea' id='block_1_106' title="bbox 2272 4640 3783 4722">
    <p class='ocr_par' dir='ltr' id='par_1_106' title="bbox 2272 4640 3783 4722">
     <span class='ocr_line' id='line_1_106' title="bbox 2272 4640 3783 4722; baseline -0.009 -14"><span class='ocrx_word' id='word_1_800' title='bbox 2272 4652 2477 4719; x_wconf 83' lang='grc' dir='ltr'>ΑΛΛΟ,</span> <span class='ocrx_word' id='word_1_801' title='bbox 2520 4652 2671 4722; x_wconf 80' lang='grc' dir='ltr'>πρὸς</span> <span class='ocrx_word' id='word_1_802' title='bbox 2726 4649 2792 4705; x_wconf 80' lang='grc' dir='ltr'>τὸ</span> <span class='ocrx_word' id='word_1_803' title='bbox 2827 4646 2967 4705; x_wconf 79' lang='grc' dir='ltr'>Ῑσον</span> <span class='ocrx_word' id='word_1_804' title='bbox 2992 4648 3067 4718; x_wconf 77' lang='grc' dir='ltr'>τῇ</span> <span class='ocrx_word' id='word_1_805' title='bbox 3086 4646 3385 4704; x_wconf 79' lang='grc' dir='ltr'>ἀντιθέσει</span> <span class='ocrx_word' id='word_1_806' title='bbox 3418 4644 3650 4716; x_wconf 77' lang='grc' dir='ltr'>σχῆμα,</span> <span class='ocrx_word' id='word_1_807' title='bbox 3683 4640 3783 4696; x_wconf 82' lang='grc' dir='ltr'>διὰ</span> 
     </span>
    </p>
   </div>
   <div class='ocr_carea' id='block_1_107' title="bbox 2201 4732 3776 4812">
    <p class='ocr_par' dir='ltr' id='par_1_107' title="bbox 2201 4732 3776 4812">
     <span class='ocr_line' id='line_1_107' title="bbox 2201 4732 3776 4812; baseline -0.008 -14"><span class='ocrx_word' id='word_1_808' title='bbox 2201 4741 2312 4812; x_wconf 76' lang='grc' dir='ltr'>τῆς</span> <span class='ocrx_word' id='word_1_809' title='bbox 2364 4745 2451 4808; x_wconf 80' lang='grc' dir='ltr'><strong>εἰς</strong></span> <span class='ocrx_word' id='word_1_810' title='bbox 2497 4741 2725 4796; x_wconf 76' lang='grc' dir='ltr'>ἄτοπον</span> <span class='ocrx_word' id='word_1_811' title='bbox 2766 4737 3108 4811; x_wconf 76' lang='grc' dir='ltr'>ἀπαγωγῆς.</span> <span class='ocrx_word' id='word_1_812' title='bbox 3164 4739 3255 4801; x_wconf 83' lang='grc' dir='ltr'>Ὧς</span> <span class='ocrx_word' id='word_1_813' title='bbox 3306 4735 3567 4807; x_wconf 77' lang='grc' dir='ltr'>οὐδεμίαν</span> <span class='ocrx_word' id='word_1_814' title='bbox 3633 4732 3776 4804; x_wconf 73' lang='grc' dir='ltr'>ἔχων</span> 
     </span>
    </p>
   </div>
   <div class='ocr_carea' id='block_1_108' title="bbox 2203 4820 3779 4906">
    <p class='ocr_par' dir='ltr' id='par_1_108' title="bbox 2203 4820 3779 4906">
     <span class='ocr_line' id='line_1_108' title="bbox 2203 4820 3779 4906; baseline -0.008 -17"><span class='ocrx_word' id='word_1_815' title='bbox 2203 4831 2558 4905; x_wconf 79' lang='grc' dir='ltr'>παραλλαγὴν</span> <span class='ocrx_word' id='word_1_816' title='bbox 2584 4833 2721 4906; x_wconf 80' lang='grc' dir='ltr'>πρὸς</span> <span class='ocrx_word' id='word_1_817' title='bbox 2761 4832 2852 4887; x_wconf 72' lang='grc' dir='ltr'><strong>τὸν</strong></span> <span class='ocrx_word' id='word_1_818' title='bbox 2877 4830 3070 4887; x_wconf 78' lang='grc' dir='ltr'>ἑαυτοῦ</span> <span class='ocrx_word' id='word_1_819' title='bbox 3102 4828 3320 4902; x_wconf 78' lang='grc' dir='ltr'>Πατέρα</span> <span class='ocrx_word' id='word_1_820' title='bbox 3354 4828 3384 4880; x_wconf 92' lang='lat'><strong>6</strong></span> <span class='ocrx_word' id='word_1_821' title='bbox 3421 4826 3572 4890; x_wconf 77' lang='grc' dir='ltr'>Υἱὸς,</span> <span class='ocrx_word' id='word_1_822' title='bbox 3611 4820 3779 4878; x_wconf 87' lang='grc' dir='ltr'>εἰκὼν</span> 
     </span>
    </p>
   </div>
   <div class='ocr_carea' id='block_1_109' title="bbox 2197 4912 3776 4997">
    <p class='ocr_par' dir='ltr' id='par_1_109' title="bbox 2197 4912 3776 4997">
     <span class='ocr_line' id='line_1_109' title="bbox 2197 4912 3776 4997; baseline -0.008 -16"><span class='ocrx_word' id='word_1_823' title='bbox 2197 4926 2257 4981; x_wconf 80' lang='grc' dir='ltr'>δὲ</span> <span class='ocrx_word' id='word_1_824' title='bbox 2279 4923 2538 4997; x_wconf 78' lang='grc' dir='ltr'>ὑπάρχων</span> <span class='ocrx_word' id='word_1_825' title='bbox 2558 4922 2948 4996; x_wconf 79' lang='grc' dir='ltr'>ἀκριϐεστάτη,</span> <span class='ocrx_word' id='word_1_826' title='bbox 2975 4921 3071 4976; x_wconf 73' lang='grc' dir='ltr'><strong>καὶ</strong></span> <span class='ocrx_word' id='word_1_827' title='bbox 3098 4919 3387 4992; x_wconf 76' lang='grc' dir='ltr'>χαρακτὴρ</span> <span class='ocrx_word' id='word_1_828' title='bbox 3407 4919 3508 4988; x_wconf 85' lang='grc' dir='ltr'>τῆς</span> <span class='ocrx_word' id='word_1_829' title='bbox 3536 4912 3776 4971; x_wconf 80' lang='grc' dir='ltr'>ὑποστά-</span> 
     </span>
    </p>
   </div>
   <div class='ocr_carea' id='block_1_110' title="bbox 2202 5006 3779 5087">
    <p class='ocr_par' dir='ltr' id='par_1_110' title="bbox 2202 5006 3779 5087">
     <span class='ocr_line' id='line_1_110' title="bbox 2202 5006 3779 5087; baseline -0.007 -17"><span class='ocrx_word' id='word_1_830' title='bbox 2202 5033 2341 5081; x_wconf 86' lang='grc' dir='ltr'>σεως</span> <span class='ocrx_word' id='word_1_831' title='bbox 2369 5013 2555 5079; x_wconf 87' lang='grc' dir='ltr'>αὑτοῦ,</span> <span class='ocrx_word' id='word_1_832' title='bbox 2606 5015 2745 5087; x_wconf 82' lang='grc' dir='ltr'>πρὸς</span> <span class='ocrx_word' id='word_1_833' title='bbox 2772 5013 2898 5078; x_wconf 74' lang='grc' dir='ltr'>τοὺς</span> <span class='ocrx_word' id='word_1_834' title='bbox 2935 5010 3131 5067; x_wconf 80' lang='grc' dir='ltr'>ἑαυτοῦ</span> <span class='ocrx_word' id='word_1_835' title='bbox 3175 5009 3422 5082; x_wconf 83' lang='grc' dir='ltr'>μαθητὰς</span> <span class='ocrx_word' id='word_1_836' title='bbox 3464 5006 3779 5078; x_wconf 84' lang='grc' dir='ltr'>εὑρίσκεται</span> 
     </span>
    </p>
   </div>
   <div class='ocr_carea' id='block_1_111' title="bbox 2199 5099 3771 5179">
    <p class='ocr_par' dir='ltr' id='par_1_111' title="bbox 2199 5099 3771 5179">
     <span class='ocr_line' id='line_1_111' title="bbox 2199 5099 3771 5179; baseline -0.008 -16"><span class='ocrx_word' id='word_1_837' title='bbox 2199 5108 2371 5177; x_wconf 84' lang='grc' dir='ltr'>λέγων</span> <span class='ocrx_word' id='word_1_838' title='bbox 2399 5125 2414 5141; x_wconf 77' lang='grc' dir='ltr'><strong>ο</strong></span> <span class='ocrx_word' id='word_1_839' title='bbox 2446 5125 2467 5162; x_wconf 78' lang='grc' dir='ltr'><strong>ι</strong></span> <span class='ocrx_word' id='word_1_840' title='bbox 2516 5107 2575 5162; x_wconf 86' lang='lat'><strong>&#39;0</strong></span> <span class='ocrx_word' id='word_1_841' title='bbox 2599 5105 2860 5179; x_wconf 78' lang='grc' dir='ltr'>ἑωρακὼς</span> <span class='ocrx_word' id='word_1_842' title='bbox 2891 5104 3014 5176; x_wconf 74' lang='grc' dir='ltr'>ἐμὲ,</span> <span class='ocrx_word' id='word_1_843' title='bbox 3043 5102 3255 5176; x_wconf 73' lang='grc' dir='ltr'>ἑώρακε</span> <span class='ocrx_word' id='word_1_844' title='bbox 3306 5101 3397 5155; x_wconf 77' lang='grc' dir='ltr'><strong>τὸν</strong></span> <span class='ocrx_word' id='word_1_845' title='bbox 3442 5099 3689 5170; x_wconf 81' lang='grc' dir='ltr'>Πατέρα.</span> <span class='ocrx_word' id='word_1_846' title='bbox 3752 5117 3771 5149; x_wconf 74' lang='grc' dir='ltr'><strong>ι</strong></span> 
     </span>
    </p>
   </div>
   <div class='ocr_carea' id='block_1_112' title="bbox 2213 5188 3770 5270">
    <p class='ocr_par' dir='ltr' id='par_1_112' title="bbox 2213 5188 3770 5270">
     <span class='ocr_line' id='line_1_112' title="bbox 2213 5188 3770 5270; baseline -0.008 -16"><span class='ocrx_word' id='word_1_847' title='bbox 2213 5198 2350 5254; x_wconf 82' lang='grc' dir='ltr'>Ἀλλ’</span> <span class='ocrx_word' id='word_1_848' title='bbox 2372 5196 2709 5270; x_wconf 77' lang='grc' dir='ltr'>εἰπεροὺτως</span> <span class='ocrx_word' id='word_1_849' title='bbox 2729 5197 2867 5268; x_wconf 82' lang='grc' dir='ltr'>ἔχων</span> <span class='ocrx_word' id='word_1_850' title='bbox 2882 5188 3162 5267; x_wconf 61' lang='grc' dir='ltr'>ὁμοόὼιός</span> <span class='ocrx_word' id='word_1_851' title='bbox 3195 5195 3309 5246; x_wconf 81' lang='grc' dir='ltr'>ἐστι</span> <span class='ocrx_word' id='word_1_852' title='bbox 3344 5190 3424 5263; x_wconf 84' lang='grc' dir='ltr'>τῷ</span> <span class='ocrx_word' id='word_1_853' title='bbox 3446 5191 3649 5261; x_wconf 73' lang='grc' dir='ltr'>Πατρὶ,</span> <span class='ocrx_word' id='word_1_854' title='bbox 3671 5188 3770 5257; x_wconf 83' lang='grc' dir='ltr'>τὴν</span> 
     </span>
    </p>
   </div>
   <div class='ocr_carea' id='block_1_113' title="bbox 2201 5276 3781 5366">
    <p class='ocr_par' dir='ltr' id='par_1_113' title="bbox 2201 5276 3781 5366">
     <span class='ocr_line' id='line_1_113' title="bbox 2201 5276 3781 5366; baseline -0.009 -22"><span class='ocrx_word' id='word_1_855' title='bbox 2201 5289 2258 5344; x_wconf 80' lang='grc' dir='ltr'>δὲ</span> <span class='ocrx_word' id='word_1_856' title='bbox 2282 5288 2362 5353; x_wconf 88' lang='grc' dir='ltr'><strong>εἰς</strong></span> <span class='ocrx_word' id='word_1_857' title='bbox 2390 5287 2595 5359; x_wconf 76' lang='grc' dir='ltr'>ἄλληλα</span> <span class='ocrx_word' id='word_1_858' title='bbox 2626 5286 2846 5350; x_wconf 87' lang='grc' dir='ltr'>πάντως</span> <span class='ocrx_word' id='word_1_859' title='bbox 2872 5284 3138 5355; x_wconf 86' lang='grc' dir='ltr'>ἀνάχυσιν</span> <span class='ocrx_word' id='word_1_860' title='bbox 3169 5281 3475 5348; x_wconf 76' lang='grc' dir='ltr'>ὲπιδέξεται</span> <span class='ocrx_word' id='word_1_861' title='bbox 3497 5281 3565 5332; x_wconf 90' lang='grc' dir='ltr'><strong>τά</strong></span> <span class='ocrx_word' id='word_1_862' title='bbox 3585 5276 3781 5366; x_wconf 79' lang='grc' dir='ltr'>ὁρ.οοὺ-</span> 
     </span>
    </p>
   </div>
   <div class='ocr_carea' id='block_1_114' title="bbox 2206 5367 3779 5448">
    <p class='ocr_par' dir='ltr' id='par_1_114' title="bbox 2206 5367 3779 5448">
     <span class='ocr_line' id='line_1_114' title="bbox 2206 5367 3779 5448; baseline -0.01 -15"><span class='ocrx_word' id='word_1_863' title='bbox 2206 5397 2314 5448; x_wconf 85' lang='grc' dir='ltr'>σια,</span> <span class='ocrx_word' id='word_1_864' title='bbox 2345 5379 2497 5434; x_wconf 75' lang='grc' dir='ltr'>οὐδὲν</span> <span class='ocrx_word' id='word_1_865' title='bbox 2540 5376 2773 5430; x_wconf 78' lang='grc' dir='ltr'>κωλύσει</span> <span class='ocrx_word' id='word_1_866' title='bbox 2827 5376 2967 5430; x_wconf 85' lang='grc' dir='ltr'><strong>κατά</strong></span> <span class='ocrx_word' id='word_1_867' title='bbox 3000 5373 3058 5426; x_wconf 80' lang='grc' dir='ltr'>τὸ</span> <span class='ocrx_word' id='word_1_868' title='bbox 3092 5373 3236 5436; x_wconf 79' lang='grc' dir='ltr'>εἰκὸς</span> <span class='ocrx_word' id='word_1_869' title='bbox 3268 5369 3490 5441; x_wconf 88' lang='grc' dir='ltr'>Πατέρα</span> <span class='ocrx_word' id='word_1_870' title='bbox 3543 5367 3779 5421; x_wconf 85' lang='grc' dir='ltr'>νοεῖσθαι</span> 
     </span>
    </p>
   </div>
   <div class='ocr_carea' id='block_1_115' title="bbox 2203 5457 3777 5538">
    <p class='ocr_par' dir='ltr' id='par_1_115' title="bbox 2203 5457 3777 5538">
     <span class='ocr_line' id='line_1_115' title="bbox 2203 5457 3777 5538; baseline -0.009 -14"><span class='ocrx_word' id='word_1_871' title='bbox 2203 5469 2292 5523; x_wconf 70' lang='grc' dir='ltr'>τὸν</span> <span class='ocrx_word' id='word_1_872' title='bbox 2316 5469 2461 5532; x_wconf 83' lang='grc' dir='ltr'>Υἰὸν,</span> <span class='ocrx_word' id='word_1_873' title='bbox 2489 5467 2564 5533; x_wconf 83' lang='grc' dir='ltr'><strong>ὡς</strong></span> <span class='ocrx_word' id='word_1_874' title='bbox 2600 5464 2883 5538; x_wconf 80' lang='grc' dir='ltr'>ὁμοοὺσιον</span> <span class='ocrx_word' id='word_1_875' title='bbox 2929 5465 3130 5535; x_wconf 67' lang='grc' dir='ltr'>Πατρὶ,</span> <span class='ocrx_word' id='word_1_876' title='bbox 3178 5463 3272 5516; x_wconf 75' lang='grc' dir='ltr'>καὶ</span> <span class='ocrx_word' id='word_1_877' title='bbox 3326 5458 3664 5531; x_wconf 85' lang='grc' dir='ltr'>μεταχωρεῖν</span> <span class='ocrx_word' id='word_1_878' title='bbox 3699 5457 3777 5520; x_wconf 80' lang='grc' dir='ltr'><strong>εἰς</strong></span> 
     </span>
    </p>
   </div>
   <div class='ocr_carea' id='block_1_116' title="bbox 2207 5549 3776 5632">
    <p class='ocr_par' dir='ltr' id='par_1_116' title="bbox 2207 5549 3776 5632">
     <span class='ocr_line' id='line_1_116' title="bbox 2207 5549 3776 5632; baseline -0.006 -19"><span class='ocrx_word' id='word_1_879' title='bbox 2207 5563 2377 5616; x_wconf 73' lang='grc' dir='ltr'>ἐκεῖνο</span> <span class='ocrx_word' id='word_1_880' title='bbox 2401 5561 2712 5632; x_wconf 66' lang='grc' dir='ltr'>ἃδνάμενον,</span> <span class='ocrx_word' id='word_1_881' title='bbox 2744 5557 2952 5623; x_wconf 71' lang='grc' dir='ltr'>οὐδενὸς</span> <span class='ocrx_word' id='word_1_882' title='bbox 3005 5555 3145 5630; x_wconf 74' lang='grc' dir='ltr'>πρὸς</span> <span class='ocrx_word' id='word_1_883' title='bbox 3186 5553 3341 5610; x_wconf 81' lang='grc' dir='ltr'>τοῦτο</span> <span class='ocrx_word' id='word_1_884' title='bbox 3381 5549 3776 5623; x_wconf 72' lang='grc' dir='ltr'>παραποδίζον-</span> 
     </span>
    </p>
   </div>
  </div>
