4092 6274
292 369 373 427 65
1383 346 1450 403 IN
1485 343 1770 402 JOANNIS
1805 338 2255 396 EVANGELIUM
2294 336 2424 394 LIB.
2462 340 2502 394 Ι.
2546 361 2564 372 ε
3495 338 3564 396 66

298 498 424 546 τος,
453 479 614 549 εἴπερ
652 470 874 546 ἐξαρκεῖ
920 468 1013 524 τὸν
1049 466 1150 539 τῆς
1192 462 1496 536 μεταϐολῆς
1541 459 1742 533 τρόπον
1767 459 1886 531 ἦτοι

1996 456 2140 510 ratio
2174 454 2666 512 transmutationis
2696 462 2792 510 aut
2817 454 3164 528 mtgrationis
3188 453 3411 510 modum
3437 471 3552 528 sup-

299 569 692 644 μεταστάσεως
732 567 762 618 6
802 563 903 633 τῆς
958 556 1381 632 ὁμοουσιότητος
1435 554 1641 644 λόγος,
1671 549 1883 644 Οὑκοῦν

295 641 531 718 νοείσθω
567 658 757 727 Πατὴρ
777 657 806 708 ό
832 653 981 717 Υἱὸς,
1007 650 1213 719 λεγέτω
1231 646 1311 712 δὲ,
1335 646 1412 710 ὡς
1440 644 1599 699 τοῦτο
1623 641 1883 713 ὑπάρχων

299 754 427 826 ήδη,
466 751 603 823 πρὸς
628 748 720 802 τὸν
749 743 964 816 ἀληθῶς
1000 742 1129 796 ὂντα
1161 738 1385 810 Πατέρα
1411 753 1426 767 ·
1468 755 1487 787 ι
1525 735 1623 826 Ἐκ
1649 731 1886 826 γαστρός

456 820 737 912 ἑωσφόρον
783 834 1114 907 ὲξεγέννησά
1164 849 1225 886 σε
1248 845 1263 860 ⁰
1311 848 1331 882 ι
1369 823 1798 918 ἀνώαμὸανέτω
1827 820 1886 875 δὲ

299 915 380 1002 είς
412 935 601 990 ἑαυτὸν
634 933 727 986 καὶ
774 931 956 984 πᾶσαν
1000 924 1187 988 ἁπλῶς
1216 923 1319 994 τὴν
1349 919 1529 991 Πατρὶ
1569 915 1889 988 πρέπουσαν

299 1027 510 1098 φωνήν.
568 1019 643 1078 Οὖ
695 1021 760 1092 δὴ
789 1016 1094 1089 γεγονότος,
1131 1014 1194 1067 τὸ
1246 1012 1357 1066 πᾶν
1405 1009 1505 1080 ἥδη
1535 1006 1888 1098 συγκέχυται,

301 1092 398 1171 καὶ
426 1092 486 1169 τὸ
524 1114 612 1168 άεὶ
657 1108 919 1173 ὡσαύτως
963 1106 1107 1177 ἔχον,
1156 1102 1303 1157 τοῦτ’
1340 1099 1513 1163 ἐστιν,
1557 1099 1593 1168 η
1628 1096 1761 1166 ἁγία
1796 1092 1894 1148 καὶ

299 1204 588 1277 ὁμοούσιος
624 1200 795 1272 Τριὰς
841 1196 1243 1267 συσταλήσεται
1293 1191 1432 1264 πρὸς
1479 1188 1641 1243 ὲνάδα
1681 1184 1893 1253 λοιπὸν,

302 1299 462 1371 εἴπερ
487 1296 548 1350 τὺ
572 1294 790 1364 ἑκάστῳ
843 1289 1050 1361 κυρίως
1076 1304 1138 1341 τε
1185 1285 1283 1341 καὶ
1315 1281 1626 1347 ἰδιαζόντως
1655 1277 1862 1352 προσὸν
1870 1314 1897 1371 ,

304 1389 384 1461 τῷ
429 1366 539 1460 ’τῆς
602 1381 1024 1457 όμοουσιότητος
1082 1376 1513 1449 ἀφανισθήσεται
1573 1372 1740 1443 λόγῳ,
1797 1366 1896 1461 καὶ

305 1460 599 1553 ἀνατρέψει
624 1477 725 1548 τὴν
748 1473 861 1528 τῶν
898 1469 1211 1543 προσώπων
1254 1465 1539 1538 διαστολὴν
1579 1467 1616 1538 ἡ
1659 1464 1759 1535 τῆς
1789 1460 1895 1532 φύ-

321 1590 461 1636 σεως
482 1569 772 1640 ταυτότης.
807 1563 971 1619 ’Λλλά
1006 1561 1165 1617 τοῦτο
1210 1559 1430 1615 ἄτοπον.
1459 1558 1574 1613 Οὐκ
1601 1557 1710 1627 ἄρα
1744 1554 1896 1609 ἔσται

312 1662 484 1730 Λόγος
514 1660 544 1712 ό
570 1656 785 1727 Πατὴρ,
818 1653 895 1716 ὡς
936 1649 1226 1723 όμοούσιος
1268 1649 1449 1718 Λόγῳ,
1483 1647 1634 1717 μενεῖ
1659 1643 1717 1697 δὲ
1744 1644 1898 1715 άτρε-

321 1767 481 1814 πτος,
506 1746 667 1801 τοῦτο
714 1743 976 1814 ὑπάρχων
1012 1741 1153 1810 ὅπερ
1188 1736 1330 1804 ἐστὶ,
1363 1735 1465 1790 κᾶν
1507 1735 1607 1807 ἔχῃ
1648 1733 1784 1803 πρὸς
1805 1731 1898 1784 τδν

318 1841 450 1897 ῐδιον
499 1838 673 1906 Λόγον
722 1833 784 1888 τὸ
814 1831 1053 1904 όμοφυὲς
1089 1830 1209 1902 ἠτοι
1234 1827 1296 1882 τὸ
1326 1825 1628 1899 ὁμοούσιον.
1659 1825 1770 1879 Καὶ
1808 1822 1895 1878 δέ·

313 1933 528 1987 δεικται
546 1926 734 1982 λοιπὸν
756 1926 964 1979 εἰκαῖον
986 1922 1049 1975 τὸ
1078 1918 1303 1974 ἐκείνων
1334 1916 1648 1990 πρόϐλημα.

383 2024 588 2078 ΛΛΛΟ.
625 2022 686 2075 Εἰ
716 2020 825 2083 πᾶς
861 2016 1020 2085 λόγος
1059 2013 1204 2076 τινός
1238 2013 1354 2065 ἐστι
1400 2010 1578 2079 λόγος,
1613 2006 1709 2062 τοῦ
1758 2023 1896 2078 προ-

313 2116 528 2187 χέοντος
571 2111 681 2166 ἀπὸ
735 2106 984 2179 γλώττης
1044 2101 1308 2176 δηλονότι,
1351 2102 1385 2172 ἢ
1429 2100 1525 2156 καὶ
1565 2101 1630 2152 ἐκ
1671 2097 1898 2170 καρδίας

310 2203 672 2279 ἑρευγομένου
727 2199 823 2254 καὶ
875 2195 1241 2266 ἀναφέροντος
1273 2207 1288 2222 ·
1341 2191 1495 2245 ἔσται
1546 2189 1604 2243 δὲ
1651 2189 1823 2279 Λόγος
1868 2188 1898 2241 6

313 2278 522 2370 Πατὴρ,
552 2293 783 2363 ἐπείπερ
803 2288 953 2343 ἐστὶν
974 2285 1262 2359 όμοούσιος
1286 2283 1445 2353 Λόγῳ
1468 2295 1483 2310 ·
1514 2278 1708 2335 ἑαυτοῦ
1724 2280 1898 2348 Λόγος

311 2393 464 2447 ἔσται
511 2387 721 2449 λοιπὸν,
776 2379 980 2453 μᾶλλον
1042 2377 1101 2431 δὲ
1162 2375 1398 2440 οὐδενὸς,
1427 2375 1463 2445 ἢ
1491 2374 1587 2428 καὶ
1617 2371 1752 2436 ὅλως
1800 2372 1899 2442 οὑχ

313 2482 569 2552 ὑπάρχει.
604 2475 733 2538 Πῶς
761 2473 874 2542 γὰρ
915 2469 1070 2523 ἔσται
1100 2466 1294 2535 Λόγος,
1334 2465 1412 2536 μὴ
1439 2463 1594 2527 ὄντος
1630 2462 1799 2528 τινὺς,
1831 2456 1894 2517 οὗ

312 2571 484 2639 Λόγος
512 2567 695 2634 tactv;
741 2561 904 2617 Ἀ)λά
919 2559 1078 2614 τοῦτο
1102 2558 1322 2613 ἄτοπον.
1346 2557 1422 2610 Οὑ
1445 2556 1555 2628 γὰρ
1588 2555 1740 2608 ἔσται
1766 2552 1899 2609 ποτε

311 2660 408 2715 τοῦ
441 2659 516 2732 μὴ
562 2654 706 2711 εἶναι
751 2651 974 2723 δεκτικὴ
1024 2651 1058 2721 ἡ
1121 2648 1242 2702 θεία
1275 2648 1370 2702 καὶ
1397 2647 1676 2719 ἀκήρατος
1710 2644 1897 2714 φύσις,

312 2749 433 2804 οὐδὲ
490 2742 874 2820 μεταχωρήσει
936 2740 1016 2802 είς
1076 2737 1255 2806 Λόγον
1309 2735 1438 2789 ποτὲ
1482 2735 1513 2787 ό
1550 2734 1768 2820 Πατὴρ,
1795 2734 1902 2787 κᾶν

316 2842 609 2914 ὁμοούσιος
666 2836 891 2906 ὑπάρχῃ
952 2830 1142 2901 Λόγῳο
1173 2828 1324 2900 μένει
1373 2826 1431 2881 δὲ
1468 2825 1679 2898 Πατὴρ,
1712 2819 1774 2880 οὗ
1807 2827 1903 2879 καὶ

317 2934 488 3003 Λόγος
516 2929 668 2984 ἐστὶν
687 2930 717 2981 ό
740 2926 890 2990 Υἱός.

390 3102 595 3156 ΛΛΛΟ.
644 3099 709 3153 El
764 3095 971 3169 τροπῆς
1024 3093 1242 3164 ἀπάσης
1283 3091 1378 3145 καὶ
1414 3088 1751 3154 ἀλλοιώσεως
1802 3091 1902 3162 τῆς

322 3193 466 3248 κατὰ
492 3191 586 3245 τὸν
615 3188 717 3260 τῆς
762 3185 1065 3249 οὑσιώσεως
1098 3184 1257 3252 λόγον
1300 3184 1327 3255 ἢ
1358 3180 1479 3237 θεία
1504 3181 1665 3250 φύσις
1705 3181 1896 3235 ἀνεπί-

318 3288 507 3349 δεκτος
562 3279 703 3337 εἶναι
749 3278 1107 3344 πιστεύεται,
1162 3276 1280 3339 πῶς
1338 3275 1430 3328 τὸν
1485 3275 1683 3328 οίκεῑον
1709 3272 1896 3345 ὥσπερ

320 3379 481 3449 ἀφεὶς
511 3375 695 3439 τόπον,
718 3373 798 3436 είς
824 3370 886 3425 τὸ
915 3368 1054 3424 εἶναι
1082 3369 1256 3437 Λόγος
1280 3369 1309 3421 6
1339 3365 1529 3437 Πατὴρ
1558 3365 1897 3437 μεταστήσε-

320 3489 412 3525 ται
430 3488 445 3537 ;
475 3468 695 3539 Τροπῆς
715 3464 822 3536 γὰρ
846 3462 999 3518 ἔσται
1018 3462 1283 3525 δεκτικὸς,
1298 3459 1374 3522 ὡς
1394 3458 1452 3525 ἐξ
1473 3459 1719 3529 ἀνάγκης
1740 3457 1897 3511 τοῦτο

320 3562 531 3625 παθὼν,
548 3563 576 3615 ό
602 3558 764 3621 αὑτὸς
788 3557 846 3610 δὲ
871 3555 973 3609 οὐκ
1000 3554 1179 3618 ἔσται,
1200 3553 1276 3623 μὴ
1299 3551 1545 3623 τηρήσας
1571 3551 1710 3619 ὅπερ
1735 3544 1803 3621 ἦν
1833 3547 1892 3615 ἐξ

317 3650 511 3722 ἀρχῆς.
532 3650 594 3702 Εἰ
630 3646 688 3700 δὲ
706 3644 1109 3699 τοῦτο’άτοπον
1136 3658 1154 3675 ο
1181 3641 1244 3696 τὸ
1275 3641 1381 3713 γὰρ
1421 3639 1763 3696 ἀλλοιοῦσθαι
1797 3640 1896 3711 τῆς

319 3742 469 3806 θείας
497 3739 711 3811 φύσεως
741 3735 1019 3799 παντελῶς
1053 3733 1333 3804 ἀλλότριον
1354 3749 1368 3764 ο
1397 3734 1498 3789 οὑκ
1518 3732 1627 3804 ἄρα
1651 3732 1763 3799 ἕξει
1794 3732 1895 3802 τὴν

322 3832 624 3903 μεταϐολὴν
674 3830 776 3901 τὴν
826 3830 909 3892 είς
939 3826 1112 3895 Λόγον
1144 3826 1173 3878 6
1212 3823 1423 3895 Πατὴρ,
1452 3825 1566 3878 ἀλλ’
1594 3825 1748 3879 ἔσται
1780 3824 1894 3879 Πα-

317 3926 424 3999 τὴρ
473 3926 591 3992 ἀεὶ,
641 3923 705 3976 τὸ
763 3922 1036 3992 ἄτρεπτον
1094 3916 1234 3989 ἔχων
1279 3917 1374 3970 καὶ
1431 3916 1784 3972 ἀναλλοίωτον
1819 3916 1895 3981 ὡς

317 4017 470 4079 Θεός.
914 4024 919 4029 ’

390 4105 571 4159 ΑΛΛΟ
617 4102 687 4157 ἐκ
718 4099 827 4155 τοῦ
855 4098 1063 4164 αὐτοῦ,
1101 4096 1559 4168 διηγηματικῶς.
1595 4096 1726 4151 Θεὸν
1757 4096 1894 4169 άλη-

318 4196 465 4252 θινδν
490 4196 555 4248 ὲκ
602 4190 741 4246 Θεοῦ
797 4190 1009 4261 Πατρδς
1042 4188 1296 4259 ἀληθινοῦ
1327 4188 1602 4259 πεφηνότα
1637 4187 1896 4242 δεικνύων

320 4289 512 4346 ἑαυτὸν
539 4289 569 4341 6
610 4283 902 4357 μονογενὴς
927 4281 1043 4353 ,τοῦ
1102 4282 1238 4336 Θεοῦ
1278 4283 1449 4351 Λόγος
1500 4298 1561 4335 τε
1613 4281 1708 4335 καὶ
1746 4281 1893 4348 Υἱὸς,

326 4401 346 4434 ι
378 4381 584 4442 Πάντα,
623 4397 643 4431 ι
678 4375 864 4448 φησὶν,
895 4391 914 4426 ι
950 4376 1052 4430 ὅσα
1075 4374 1189 4447 ἔχει
1212 4376 1241 4429 6
1267 4375 1478 4446 Πατὴρ,
1517 4373 1629 4445 ἐμά
1654 4373 1836 4426 ἐστιν’
1871 4391 1889 4423 ι

320 4470 462 4526 ἀλλὰ
481 4468 578 4523 καὶ
601 4468 820 4523 πάντων
839 4465 1073 4519 ἐστὶτῶν
1092 4466 1320 4521 ἐνόντων
1343 4464 1423 4536 τῷ
1446 4464 1624 4537 ῙῘτι⁸“ερἱ
1651 4464 1898 4534 φυσικῶς
1931 4500 1973 4554 D

324 4560 634 4632 ἰδιωμάτων
694 4556 1029 4627 κληρονόμος
1072 4558 1101 4610 ό
1154 4556 1305 4619 Υἱὸς,
1340 4556 1433 4609 καὶ
1461 4554 1523 4621 ἐξ
1563 4555 1728 4609 αὑτοῦ
1754 4554 1896 4609 κατὰ

322 4654 486 4725 φύσιν
536 4649 801 4720 ὑπάρχων
820 4663 834 4679 ⁶
884 4647 1028 4701 ἀλλά
1082 4664 1145 4717 γε
1177 4647 1240 4701 τὸ
1270 4643 1410 4701 εἶναι
1442 4647 1632 4718 Πατὴρ
1662 4646 1760 4719 οὑχ
1785 4647 1896 4712 ἔξει

322 4742 454 4797 ποτέ
480 4758 494 4772 ·
513 4739 785 4795 καὶτοῦτο
814 4736 923 4808 γὰρ
949 4736 1007 4789 ἓν
1028 4735 1138 4790 τῶν
1153 4736 1462 4807 προσόντων
1483 4734 1563 4806 τῷ
1576 4737 1858 4808 γεννήτορι
1876 4751 1891 4765 ’

325 4836 479 4907 μενεῖ
505 4833 561 4887 δὲ
582 4834 611 4885 ό
633 4831 763 4892 Υἱὸς
784 4828 1000 4890 οὐδενὸς
1040 4826 1510 4898 ἀποστερούμενος
1536 4825 1644 4881 τῶν
1673 4828 1906 4881 ὲνόντων

322 4927 403 4999 τῷ
431 4924 630 4997 Πατρὶ,
655 4924 760 4978 κᾶν
794 4922 871 4994 μὴ
899 4923 1090 4993 νοῆται
1144 4918 1356 4990 Πατὴρ,
1384 4920 1559 4973 πάντα
1589 4919 1645 4973 δὲ
1674 4918 1815 4990 ἔχων
1846 4919 1906 4973 ὲν

326 5015 505 5086 ἐαυτῷ
535 5012 759 5077 τελείως
803 5012 871 5066 τὰ
913 5011 1014 5082 τῆς
1045 5008 1143 5062 τοῦ
1188 5007 1400 5080 Πατρὸς
1439 5007 1626 5072 οὐσίας
1665 5009 1773 5063 ἴδια
1812 5008 1908 5062 καὶ

323 5107 599 5177 ἐξαίρετα.
639 5105 744 5159 Τὸν
787 5104 947 5159 αὑτὸν
993 5101 1059 5173 δὴ
1102 5099 1291 5156 τοῦτον
1336 5100 1625 5172 τοιγαροῦν
1682 5102 1777 5155 καὶ
1830 5100 1907 5172 τῷ

326 5196 605 5271 προσώ-τεῳ
629 5193 726 5249 ⁴..οῦ
788 5195 1000 5265 Πατρός
1046 5191 1459 5262 ὲφαρμόσαντες
1499 5190 1655 5260 λόγον
1677 5232 1692 5258 ,
1725 5190 1905 5244 πάντα

327 5293 428 5364 μὲν
455 5290 601 5360 ἔχειν
624 5286 784 5340 αὑτὸν
810 5287 878 5340 τὰ
895 5284 988 5339 τοῦ
1015 5283 1144 5338 Υἰοῦ
1181 5300 1361 5355 φαμεν
1393 5282 1658 5353 φυσικῶς,
1699 5283 1773 5354 μὴ
1799 5282 1905 5354 μὴν

324 5380 584 5438 δύνασθαί
606 5394 762 5442 ποτε,
795 5377 889 5430 atati.
919 5377 997 5439 είς
1026 5376 1270 5444 υίότητα,
1324 5375 1419 5429 καὶ
1448 5376 1527 5438 εἰς
1550 5374 1609 5427 τὸ
1638 5370 1774 5428 εἶναι
1801 5373 1906 5427 Λό-

325 5493 421 5545 γον
451 5472 811 5547 μεταχωρεῖν,
842 5468 917 5531 ὡς
967 5467 1026 5521 δὲ
1084 5467 1351 5538 ἄτρεπτον
1391 5468 1520 5521 ὄντα
1558 5465 1702 5522 κατὰ
1743 5469 1906 5537 φύσιν

324 5563 482 5620 τοῦτο
536 5563 718 5635 μένειν
767 5561 903 5633 ὅπερ
959 5558 1128 5625 ἐστὶν,
1160 5559 1248 5613 ἵνα
1297 5558 1433 5630 πρὸς
1470 5558 1549 5631 τῷ
1572 5555 1712 5615 εἶναι
1750 5561 1904 5625 θεδςν

392 5769 441 5805 ’³
480 5765 626 5824 Psal.
668 5779 793 5835 cut,
829 5767 883 5821 5.
959 5765 1005 5796 ⁸³
1042 5764 1202 5822 Joan.
1244 5778 1378 5827 XVI,
1420 5760 1507 5815 15.

1988 544 2223 615 peditat.
2256 543 2448 614 ltaque
2471 552 2766 600 censeatur
2811 543 2974 600 Pater
3000 560 3126 601 esse
3154 543 3351 608 Filius,
3393 560 3569 612 eoque

1986 637 2213 692 nomine
2269 636 2492 691 demum
2553 637 2621 692 ad
2672 653 2861 692 verum
2917 636 3137 691 Patrem
3198 637 3392 692 dicat:
3433 654 3454 688 ι
3490 637 3568 691 Ex

1985 736 2146 784 utero
2177 737 2307 783 ante
2350 726 2665 783 Luciferum
2695 730 2856 799 genui
2889 736 2944 783 te
2971 731 3039 793 ",
3071 746 3090 780 ι
3124 728 3340 798 sibique
3363 727 3417 782 in
3447 729 3571 782 uni-

1986 824 2207 875 versum
2241 818 2550 889 quamlibet
2602 834 2794 875 vocem
2850 817 3001 874 Patri
3028 818 3453 873 convenientem
3483 832 3572 871 ar-

1986 919 2163 982 roget.
2196 908 2356 976 Quod
2388 908 2435 965 si
2467 909 2675 963 factum
2729 908 2917 975 fuerit,
2957 909 3143 963 omnia
3191 910 3410 965 demum
3438 923 3572 964 con-

1988 1001 2309 1067 fundentur,
2340 1007 2399 1057 et
2421 1000 2571 1072 quod
2605 999 2798 1056 eodem
2837 1014 2898 1055 se
2934 999 3102 1056 modo
3135 1015 3352 1072 semper
3382 999 3571 1064 habet,

1989 1090 2096 1147 hoc
2132 1098 2219 1147 est
2268 1097 2465 1147 sancta
2519 1096 2576 1145 et
2623 1088 3128 1145 consubstantialis
3175 1089 3439 1156 Trinitas,
3504 1088 3574 1143 ad

1992 1183 2265 1238 unitatem
2334 1181 2722 1249 contrahetur,
2763 1180 2813 1238 si
2848 1180 2997 1251 quod
3022 1181 3321 1253 unicuique
3351 1181 3577 1253 proprie

1989 1282 2046 1331 et
2083 1271 2443 1344 peculiariter
2494 1271 2664 1338 inest,
2709 1270 3316 1329 consubstantialitatis
3358 1272 3577 1327 ratione

1992 1366 2263 1430 deleatur,
2290 1372 2349 1422 et
2380 1379 2747 1437 personarum
2778 1364 3211 1424 distinctionem
3247 1357 3457 1424 evertat
3485 1382 3577 1423 na-

1993 1466 2132 1515 tura:
2160 1457 2444 1515 identitas.
2481 1455 2592 1515 Sed
2658 1456 2769 1515 hoc
2825 1457 3132 1516 absurdum
3167 1465 3297 1516 est:
3333 1476 3441 1516 non
3468 1461 3579 1516 erit

1993 1565 2127 1623 ergo
2149 1548 2394 1606 Verbum
2417 1548 2603 1619 Pater,
2632 1558 2823 1621 utpote
2836 1548 3021 1608 Verbo
3047 1550 3577 1622 consubstantialis;

1996 1641 2093 1699 sed
2154 1640 2520 1699 immutabilis
2578 1641 2847 1709 manebit,
2872 1642 3157 1699 exsistens
3187 1642 3244 1697 id
3274 1643 3423 1713 quod
3468 1655 3578 1712 est,

1995 1733 2129 1789 licet
2155 1746 2283 1788 cum
2322 1746 2427 1787 suo
2447 1728 2633 1787 Verbo
2663 1730 2913 1800 ejusdem
2943 1731 3015 1786 sit
3059 1738 3270 1787 natura:
3297 1734 3416 1788 sive
3446 1733 3579 1788 sub-

1927 1808 1971 1867 Β
1996 1823 2237 1880 stantia.
2301 1825 2485 1893 Atque
2543 1820 2621 1876 ita
2674 1818 2900 1876 demum
2937 1835 3081 1878 vana
3110 1836 3235 1879 esse
3264 1821 3581 1879 ostenditur

1994 1915 2214 1971 illorum
2253 1913 2511 1985 objectio.
3578 1964 3581 1969 ,

2065 2004 2297 2062 ALIUD.
2332 2003 2393 2061 Si
2421 2019 2585 2061 omne
2635 2003 2892 2071 verbum,
2946 2004 3185 2076 alicujus
3216 2006 3442 2063 verbum
3469 2016 3576 2072 est,

1994 2097 2119 2168 ejus
2143 2097 2399 2154 videlicet
2419 2097 2515 2168 qui
2559 2096 2745 2168 lingua
2772 2097 2907 2153 illud
2935 2096 3187 2165 edundit,
3219 2107 3312 2154 aut
3343 2114 3374 2155 e
3412 2099 3580 2155 corde

1996 2197 2217 2246 eructat
2234 2204 2299 2245 ac
2324 2187 2558 2259 profert;
2577 2188 2743 2244 Pater
2765 2196 2944 2245 autem
2962 2189 3205 2246 futurum
3224 2198 3307 2246 est
3320 2187 3579 2254 Verbum,

1997 2278 2261 2351 quoniam
2293 2277 2541 2349 ejusdem
2599 2283 2686 2333 est
2724 2291 2850 2332 cum
2878 2275 3063 2334 Verbo
3089 2277 3457 2332 substantias:
3494 2276 3582 2331 sui

1998 2370 2177 2442 ipsius
2196 2369 2434 2427 Verbum
2458 2370 2588 2433 erit,
2615 2368 2726 2424 imo
2758 2384 2888 2425 vero
2903 2368 3128 2434 nullius,
3156 2368 3325 2423 autin
3362 2368 3583 2423 univcr-

1996 2479 2121 2521 sum
2150 2477 2263 2517 non
2290 2460 2533 2518 exsistit.
2566 2459 2857 2528 Quomodo
2887 2460 3035 2515 enim
3071 2459 3307 2515 Verbum
3339 2459 3446 2515 erit
3473 2460 3582 2516 uisi

2000 2556 2076 2611 sit
2105 2553 2319 2625 aliquid
2351 2552 2518 2625 cujus
2547 2555 2619 2608 sit
2656 2551 2929 2608 Verbum?
2975 2551 3085 2609 Sed
3121 2551 3225 2607 hoc
3255 2551 3579 2609 absurdum.

1998 2644 2149 2702 Fieri
2178 2646 2328 2701 enim
2357 2644 2552 2715 nequit
2590 2651 2653 2698 ut
2686 2643 2872 2698 divina
2902 2650 2959 2699 et
3008 2642 3340 2698 immortalis
3379 2650 3584 2697 natura

1999 2754 2112 2794 non
2141 2736 2402 2804 exsistat,
2439 2750 2542 2791 nec
2598 2735 2655 2789 in
2695 2733 2937 2791 Verbum
2972 2736 3314 2791 transiturus
3344 2741 3432 2790 est
3471 2749 3584 2788 un-

1999 2845 2165 2902 quam
2193 2828 2383 2892 Pater,
2407 2827 2539 2883 licet
2586 2826 2836 2897 ejusdem
2867 2825 3085 2881 sitcum
3112 2824 3296 2882 Verbo
3335 2824 3586 2881 substan-

2001 2923 2090 2978 tiae
2120 2939 2134 2976 :
2166 2919 2264 2977 sed
2295 2919 2418 2991 ejus
2447 2916 2614 2974 Pater
2642 2916 2886 2972 manebit
2910 2955 2927 2983 ,
2962 2917 3121 2988 cujus
3145 2925 3201 2974 et
3234 2914 3474 2972 Verbum
3497 2923 3586 2972 est

2003 3013 2196 3070 Filius.

2072 3103 2305 3161 ALIUD.
2334 3102 2392 3159 Si
2416 3101 2600 3159 omnis
2621 3099 2946 3156 mutationis
2970 3109 3023 3155 et
3046 3098 3389 3155 alterationis
3405 3098 3583 3169 quoad

2003 3195 2420 3254 substantialem
2512 3193 2780 3249 rationem
2860 3206 3059 3262 expers
3149 3200 3347 3246 natura
3402 3191 3587 3246 divina

2002 3286 2273 3350 creditur,
2312 3284 2592 3356 quomodo
2651 3282 2878 3353 proprio
2927 3281 3096 3336 veluti
3136 3282 3258 3337 loco
3306 3282 3498 3337 relicto
3529 3282 3585 3335 in

2004 3375 2169 3432 Verbi
2198 3384 2455 3431 naturam
2503 3372 2668 3427 Pater
2715 3371 3016 3442 migrabit?
3050 3371 3106 3425 Si
3137 3373 3284 3427 enim
3324 3372 3376 3427 id
3405 3370 3455 3425 ei
3489 3386 3585 3424 ac-

2002 3466 2220 3531 ciderit,
2249 3464 2608 3519 mutationem
2624 3463 2814 3532 utique
2833 3463 3155 3518 necessario
3178 3461 3380 3532 capiet,
3410 3477 3589 3534 neque

2002 3559 2143 3615 idem
2176 3557 2305 3621 erit,
2335 3570 2441 3610 non
2467 3562 2682 3610 servato
2710 3567 2779 3608 eo
2819 3553 2964 3624 quod
2994 3561 3115 3608 erat
3141 3550 3318 3609 initio.
3349 3553 3508 3620 Quod
3539 3554 3586 3609 si

2001 3649 2302 3708 absurdum
2328 3655 2410 3705 est
2439 3648 2693 3719 (mutatio
2726 3646 2872 3703 enim
2905 3661 2936 3701 a
2973 3657 3175 3701 natura
3214 3645 3396 3700 divina
3437 3662 3589 3717 pror-

2002 3757 2099 3798 sus
2117 3749 2204 3797 est
2226 3737 2449 3804 aliena),
2474 3752 2581 3791 non
2601 3751 2732 3808 ergo
2755 3735 3062 3797 mutabitur
3079 3736 3133 3790 in
3152 3733 3390 3790 Verbum
3405 3732 3586 3801 Pater,

2002 3834 2097 3890 sed
2132 3832 2237 3888 erit
2261 3844 2478 3899 semper
2508 3827 2691 3893 Pater,
2730 3827 3057 3889 mutationis
3088 3827 3268 3884 omnis
3307 3835 3362 3883 et
3388 3829 3582 3883 altera-

2003 3924 2172 3981 tionis
2201 3937 2421 3993 expers,
2451 3935 2560 3991 qua
2596 3919 2761 3976 Deus.

2071 4099 2284 4159 ALIUD
2357 4115 2422 4155 ex
2491 4099 2692 4167 eodem,
2734 4100 3093 4168 explanatius.
3162 4092 3331 4155 Deum
3399 4116 3586 4156 verum

2001 4193 2071 4250 de
2123 4193 2235 4249 Deo
2277 4191 2443 4248 Patre
2494 4208 2629 4248 vero
2662 4191 2939 4248 elfulsisse
2992 4193 3237 4261 seipsum
3287 4191 3586 4248 ostendens

2007 4285 2355 4355 unigenitum
2416 4282 2515 4339 Dei
2569 4283 2834 4349 Verbum,
2874 4291 2929 4339 et
2977 4280 3169 4346 Filius,
3216 4299 3235 4333 ι
3294 4281 3513 4348 Omnia,
3560 4302 3580 4335 ι

2003 4377 2208 4447 inquit,
2246 4397 2266 4430 ι
2301 4390 2645 4448 quascunque
2694 4375 2860 4430 habet
2917 4372 3104 4439 Pater,
3151 4387 3270 4428 mea
3309 4382 3441 4429 sunt
3473 4374 3581 4429 ⁸³.»

2002 4468 2179 4526 Porro
2229 4470 2475 4524 omnium
2542 4481 2884 4537 quaecunque
2949 4465 3143 4520 insunt
3187 4462 3340 4519 Patri
3388 4472 3587 4521 natura

2000 4561 2395 4633 proprietatum
2434 4559 2618 4616 haeres
2675 4565 2761 4614 est
2786 4556 2985 4621 Filius,
3030 4565 3085 4612 et
3114 4557 3207 4627 qui
3241 4572 3307 4612 ex
3341 4556 3463 4629 ipso
3497 4572 3587 4614 se-

2000 4651 2244 4706 cundum
2274 4660 2528 4707 naturam
2579 4648 2833 4714 exsistit;
2866 4655 3248 4705 verumtamen
3303 4663 3586 4719 nunquam

1999 4744 2106 4814 37
2140 4741 2302 4798 Pater
2329 4757 2453 4798 esse
2491 4742 2692 4812 poterit
2723 4741 2865 4812 (hoc
2897 4739 3045 4796 enim
3079 4753 3269 4795 eorum
3300 4755 3472 4794 unum
3503 4750 3589 4797 est

2001 4849 2122 4905 qua)
2169 4835 2413 4907 genitori
2441 4833 2681 4904 insunt),
2703 4832 2799 4889 sed
2828 4833 3132 4889 remanebit
3156 4831 3350 4900 Filius,
3383 4834 3588 4890 nullius

2001 4941 2199 4997 expers
2231 4941 2425 4983 eorum
2462 4941 2587 4999 qua:
2634 4926 2786 4982 Patri
2835 4927 3063 4993 insunt,
3110 4926 3240 4984 licet
3277 4944 3391 4985 non
3424 4928 3588 4985 intel-

2002 5018 2205 5089 ligatur
2229 5017 2432 5085 Pater,
2464 5019 2763 5090 omniaque
2797 5019 3006 5074 habens
3050 5020 3105 5074 in
3136 5020 3319 5090 seipso
3347 5019 3589 5091 perfecte

2002 5123 2127 5178 quze
2150 5109 2373 5179 propria
2420 5117 2477 5164 et
2521 5109 2819 5179 peculiaria
2858 5117 2986 5164 sunt
3028 5108 3209 5164 Patris
3241 5108 3587 5164 substantiae.

2003 5199 2253 5270 ldipsum
2304 5201 2472 5271 igitur
2510 5200 2578 5256 de
2618 5201 2777 5256 Patre
2809 5201 3094 5266 dicentes,
3126 5202 3326 5257 habere
3364 5201 3585 5272 quidem

2005 5291 2188 5362 Ipsum
2217 5291 2403 5345 omnia
2430 5307 2551 5362 quae
2578 5300 2708 5347 sunt
2729 5290 2852 5346 Filii
2875 5333 2890 5359 ,
2923 5292 3271 5356 naturaliter,
3308 5306 3588 5360 nunquam

2007 5387 2195 5435 tamen
2238 5378 2441 5435 Filium
2490 5397 2615 5439 esse
2660 5398 2861 5450 posse,
2907 5398 3009 5437 nec
3052 5383 3104 5434 in
3140 5381 3300 5434 Verbi
3334 5389 3590 5433 naturam

2006 5472 2247 5542 migrare
2282 5473 2584 5529 asserimus
2609 5514 2625 5538 ,
2664 5475 2780 5538 sed,
2822 5470 3191 5528 immutabilis
3229 5484 3352 5521 cum
3388 5470 3460 5523 sit
3490 5479 3594 5520 na-

2008 5568 2133 5616 tura
2164 5578 2289 5628 sua,
2314 5578 2538 5621 manere
2568 5565 2618 5621 id
2647 5565 2793 5636 quod
2825 5571 2931 5630 est,
2965 5570 3025 5616 ut
3049 5563 3413 5629 praeterquam
3446 5553 3594 5626 quod
