4092 6274
507 326 573 380 67
1497 321 1554 376 S.
1578 319 1850 379 CYRILLI
1874 318 2342 376 ALEXANDRINI
2370 321 2695 378 ARCHIEP.
3689 326 3761 380 Cx

510 457 593 504 est
630 447 811 510 Dens,
852 447 1017 500 etiam
1065 444 1224 499 Pater
1275 445 1536 510 exsistat,
1583 457 1638 502 et
1687 443 2082 506 immutabilis,

2193 444 2282 496 καὶ
2331 445 2522 515 Πατὴρ
2565 444 2810 515 ὑπάρχῃ,
2861 445 2952 498 καὶ
2991 442 3369 510 ἀναλλοίωτος,
3405 443 3762 498 ἀναλλοίωτον

513 539 857 602 immutabile
904 539 956 592 iu
1003 538 1188 607 seipso
1233 537 1444 590 habens
1487 537 1633 607 quod
1680 554 1747 594 ex
1795 539 1916 607 ipso
1959 551 2088 605 pro-

511 631 680 684 cessit
711 626 956 683 Verbum
982 667 997 693 ,
1041 628 1144 682 hoc
1175 635 1261 683 est
1291 627 1513 682 Filium.

581 719 812 776 ALIUD.
847 719 1010 790 Legis
1041 731 1235 774 auctor
1268 719 1408 776 Deus
1431 759 1446 783 ,
1483 734 1580 790 per
1605 726 1826 774 sanctos
1851 719 2087 789 prophe-

513 821 596 870 tas
630 813 894 880 arguebat
942 811 1236 866 nonnullos
1273 811 1466 866 dicens
1509 829 1522 864 :
1579 828 1597 861 ι
1637 809 1784 865 Inter
1833 818 2082 865 sanctum

511 911 566 958 et
598 903 887 973 profanum
927 919 1038 958 non
1080 903 1494 974 distinguebant
1517 903 1584 953 δ”.
1625 922 1642 954 ι
1685 902 1916 956 Maxima
1940 905 2084 956 enim

512 996 764 1066 profecto
817 996 872 1050 in
923 996 1011 1052 his
1050 1010 1266 1050 morum
1305 995 1612 1051 diﬂ'erentia
1655 995 1936 1058 cernitur,
1993 1003 2088 1047 aut

512 1088 879 1144 contrarietas
904 1131 919 1155 ,
971 1090 1113 1158 apud
1153 1103 1250 1142 eos
1280 1088 1373 1159 qui
1422 1095 1572 1142 recte
1598 1086 1869 1158 judicant.
1901 1085 2005 1140 Sed
2040 1089 2086 1141 si

511 1178 628 1233 ﬁeri
664 1185 842 1247 potest
875 1187 938 1233 ut
962 1195 1155 1234 eorum
1184 1195 1308 1250 quze
1340 1190 1468 1236 sunt
1490 1164 1736 1250 ejusddm
1768 1179 2088 1235 substantiae

510 1277 706 1323 natura
742 1270 794 1324 in
827 1285 887 1325 se
917 1271 1292 1326 confundatur
1315 1311 1331 1336 ,
1363 1283 1418 1327 et
1461 1272 1773 1343 singulares
1814 1281 1977 1342 atque
2008 1271 2088 1325 in-

509 1362 749 1417 dividuae
782 1363 1107 1433 hypostases
1152 1363 1409 1418 ad'aliud
1457 1364 1828 1433 quodcunque
1870 1364 2086 1434 generis

507 1454 752 1523 ejusdem
802 1463 896 1508 aut
944 1456 1148 1525 speciei
1202 1456 1592 1526 commigrent,
1647 1471 1899 1525 quaenam
1944 1457 2088 1511 ratio

508 1546 725 1602 tandem
759 1547 1048 1617 profanum
1074 1564 1104 1602 a
1134 1549 1344 1604 sanctis
1371 1556 1642 1613 secernet,
1674 1548 1722 1605 si
1752 1549 1890 1604 nihil
1917 1549 2090 1605 inter-

506 1638 581 1693 sit
614 1639 881 1708 quidnam
915 1641 988 1695 sit
1025 1639 1233 1710 aliquid
1255 1680 1269 1704 ,
1299 1655 1367 1693 an
1403 1640 1626 1710 proprie
1659 1648 1714 1695 et
1742 1640 2089 1712 hypostatice

505 1729 762 1792 exsistat,
782 1730 875 1785 sed
896 1739 1120 1800 propter
1142 1729 1487 1785 identitatem
1509 1731 1833 1787 substantia:
1855 1732 2084 1787 alterum

508 1821 580 1874 sit
615 1821 671 1873 in
718 1821 932 1875 altero?
970 1820 1148 1875 Erunt
1189 1837 1354 1892 ergo,
1401 1837 1526 1877 cum
1567 1823 1698 1878 hinc
1743 1838 1854 1878 uno
1894 1824 2086 1880 ordine

508 1928 701 1968 omnes
731 1913 1038 1969 habeamus
1067 1954 1082 1977 ,
1127 1914 1181 1969 in
1212 1915 1469 1969 omnibus
1504 1914 1691 1970 omnia
1731 1916 1961 1970 confusa
1991 1935 2002 1970 :
2035 1925 2088 1971 et

511 2004 762 2073 proditor
794 2006 1014 2074 quidem
1045 2003 1214 2062 Judas
1233 2007 1458 2076 perinde
1485 2008 1646 2064 nobis
1673 2008 1781 2062 erit
1807 2022 1874 2062 ac
1891 2007 2087 2064 Petrus

511 2104 604 2148 aut
644 2093 877 2162 Paulus,
914 2103 1042 2166 puta
1074 2097 1220 2167 quod
1260 2099 1332 2154 sit
1371 2099 1531 2155 Petro
1564 2107 1618 2155 et
1645 2099 1816 2154 Paulo
1849 2101 2082 2155 consub-

511 2186 821 2241 stantialis:
861 2196 913 2241 et
943 2188 1214 2252 vicissim,
1245 2187 1461 2256 Petrus,
1497 2197 1592 2244 aut
1637 2188 1862 2253 Paulus,
1891 2188 2083 2253 Judas,

510 2281 748 2333 maxime
795 2296 920 2335 cum
971 2282 1083 2337 sint
1125 2281 1373 2350 ejusdem
1425 2298 1549 2337 cum
1599 2283 1695 2338 illo
1737 2283 2084 2340 substantiae.

509 2371 673 2440 Atqui
704 2372 785 2426 sic
819 2373 1027 2428 sentire
1065 2381 1149 2428 est
1193 2373 1661 2430 absurdissimum
1696 2393 1710 2429 :
1751 2390 1929 2445 neque
1955 2390 2087 2430 vero

510 2457 759 2514 funditus
793 2460 1020 2514 tolletur
1042 2475 1236 2539 eorum
1270 2476 1393 2531 quae
1425 2470 1556 2516 sunt
1586 2461 1836 2531 ejusdem
1869 2463 2088 2533 generis

508 2556 604 2601 aut
645 2549 849 2618 speciei
889 2548 1238 2614 diﬂ‘erentia,
1291 2567 1357 2606 ex
1399 2566 1466 2607 eo
1507 2553 1650 2622 quod
1679 2552 1928 2622 ejusdem
1957 2563 2088 2610 sunt

508 2638 624 2708 ipsa
674 2639 1022 2696 substantiae.
1074 2639 1273 2696 Nostra
1310 2657 1440 2712 ergo
1487 2641 1780 2698 infirmitas
1822 2642 2088 2699 adversus

509 2729 752 2782 divinam
799 2730 1097 2785 essentiam
1132 2745 1242 2785 non
1281 2739 1496 2786 tantum
1533 2731 1790 2797 audebit,
1826 2741 1884 2786 ut
1927 2741 2088 2803 cogat

513 2816 748 2876 Verbum
777 2835 902 2876 esse
930 2835 993 2876 ac
1023 2823 1209 2877 vocari
1241 2821 1413 2878 Deum
1440 2833 1495 2876 et
1526 2821 1769 2887 Patrem,
1799 2821 2086 2894 propterea

506 2911 651 2981 quod
697 2912 940 2982 ejusdem
985 2922 1069 2969 est
1117 2929 1241 2969 cum
1291 2914 1473 2970 Verbo
1514 2916 1863 2972 substantiae.
1911 2915 2089 2971 Manet

506 3002 654 3056 cnim
687 3016 904 3072 semper
933 3001 1096 3056 Pater
1116 3043 1131 3068 ,
1157 3001 1466 3058 diﬁerentia
1492 3005 1778 3059 essentiali
1810 3004 2091 3058 nihilomi-

2188 533 2326 605 ἔχων
2356 537 2415 589 ἐν
2454 535 2634 605 ἐαυτῷ
2652 536 2742 588 τὸν
2768 534 2830 599 ἐξ
2873 533 3039 590 αὐτοῦ
3067 535 3348 607 πεφηνότα
3388 534 3582 603 Λόγον,
3617 533 3762 590 τοῦτ’

2188 625 2325 688 ἐστι,
2348 626 2440 679 τὸν
2470 627 2616 680 Υἱόν.

2256 715 2460 767 ΔΛΔΟ.
2516 713 2827 784 Κατῃτιᾶτό
2866 731 3016 777 τινας
3069 715 3098 766 6
3147 714 3463 787 Νομοθέτης
3521 716 3608 770 διὰ
3654 715 3764 770 τῶν

2188 804 2361 871 ἁγίων
2385 804 2699 875 προφητῶν,
2718 805 2816 858 καὶ
2828 805 2959 866 Θεὸς
2978 805 3172 874 λέγων·
3198 825 3217 858 ι
3253 807 3379 860 Ἀνὰ
3421 810 3584 877 μέσον
3608 808 3759 876 ἁγίου

2190 896 2283 948 καὶ
2339 895 2569 966 βεϐήλου
2610 897 2671 949 οὐ
2708 897 3028 952 διέστελλον.
3063 915 3083 949 ι
3133 898 3309 970 Πολλὴ
3349 899 3459 971 γὰρ
3490 901 3660 962 ὅντως
3705 903 3762 953 ἐν

2185 990 2397 1052 τούτοις
2444 993 2639 1062 ὁρᾶται
2695 994 2910 1062 τρόπων
2953 993 3216 1064 διαφορὰ,
3265 995 3382 1065 ήτοι
3431 995 3759 1065 ἐναντιότης,

2189 1081 2339 1151 παρά
2357 1085 2468 1146 τοῖς
2489 1083 2731 1137 ἐθέλουσι
2759 1085 3104 1155 φιλοκρινεῖν.
3139 1084 3278 1138 Ἀλλ’
3313 1086 3472 1157 εἰπερ
3492 1085 3762 1156 ἐνδέχεται

2186 1173 2288 1244 τὴν
2321 1174 2430 1226 τῶν
2467 1175 2766 1244 όμοουσίων
2800 1177 2879 1239 είς
2911 1175 3109 1246 ἐαυτήν
3153 1176 3546 1246 ἀνακιρνᾶσθαι
3577 1178 3760 1247 φύσιν,

2189 1267 2283 1319 καὶ
2333 1266 2400 1321 τὰ
2434 1268 2494 1322 ἐν
2530 1267 2860 1332 ἰδιαζούσαις
2905 1285 2964 1320 τε
3012 1268 3106 1321 καὶ
3138 1268 3364 1337 ἀτόμοις
3401 1271 3760 1324 ὐποστάσεσιν

2187 1354 2317 1408 ὄντα
2360 1355 2720 1425 δραπετεύσει
2766 1356 2902 1428 πρὸς
2931 1357 3068 1426 ὅπερ
3094 1356 3159 1410 ἂν
3193 1357 3452 1427 βούληται
3493 1359 3604 1412 τῶν
3631 1360 3763 1430 ὁμου

2187 1445 2382 1515 γενῶν,
2415 1447 2450 1516 ἢ
2475 1446 2738 1516 ὁμοειδῶν
2760 1463 2774 1480 ο
2810 1450 2961 1512 ποῖος
2992 1449 3122 1519 ἡμῖν
3149 1448 3257 1519 ἄρα
3288 1448 3587 1505 διαστέλλει
3607 1450 3762 1519 λόγος

2186 1539 2297 1592 τῶν
2346 1539 2518 1607 ἁγίων
2557 1539 2649 1592 τὸν
2685 1539 2944 1610 βέϐηλον,
2989 1541 3037 1592 εί
3085 1539 3395 1611 μηδαμόθεν
3423 1543 3614 1610 ὁρᾶται
3666 1541 3762 1596 τοῦ

2192 1631 2336 1694 ἰδίως
2382 1631 2532 1693 ὄντος
2563 1631 2596 1702 ή
2623 1631 2715 1683 τοῦ
2750 1630 2833 1694 τίς
2861 1633 2976 1684 ἐστι
3003 1631 3257 1703 διαφορὰ,
3286 1632 3374 1686 διὰ
3409 1632 3465 1685 δὲ
3502 1631 3600 1703 τὴν
3631 1650 3767 1687 ταυ-

2189 1721 2389 1790 τότητα
2438 1722 2538 1790 τῆς
2579 1719 2766 1782 οὐσίας
2809 1721 2866 1772 ἐν
2893 1719 2974 1790 τῷ
3011 1721 3184 1791 ἐτέρῳ
3237 1723 3413 1775 κεῖται
3443 1722 3505 1775 τὸ
3537 1721 3761 1793 ἐτερονς

2191 1812 2371 1864 Ἔστω
2403 1811 2580 1865 τοίνυν
2608 1813 2770 1883 ήμῖν,
2822 1811 3224 1882 ἀδιαφορούσης
3257 1811 3507 1866 ἐντεῦθεν
3553 1813 3653 1881 τῆς
3676 1815 3763 1882 ἐφ’

2178 1904 2403 1974 ’ἑκάστῳ
2463 1902 2755 1972 γνώσεως,
2815 1903 3202 1974 συγκεχυμένα
3266 1905 3336 1958 τὰ
3412 1907 3629 1959 πάντων
3681 1907 3762 1968 είς

2187 1995 2398 2048 πάντα·
2434 1995 2530 2048 καὶ⁸
2573 1997 2601 2048 ὁ
2649 1995 2747 2064 μὲν
2797 1993 3064 2064 προδότης
3106 1993 3337 2058 Ἰούδας,
3375 1995 3451 2059 ὡς
3483 1996 3689 2067 Πέτρος
3727 1995 3760 2065 ἥ

2187 2085 2398 2148 Παῦλος
2420 2124 2435 2147 ,
2481 2085 2558 2149 ὼς
2588 2085 2876 2155 όμοούσιος
2913 2084 3106 2154 Πέτρῳ
3152 2085 3248 2138 καὶ
3293 2086 3526 2157 Παύλῳο
3561 2075 3763 2160 Πέτρος

2193 2173 2239 2227 δ’
2283 2169 2353 2228 αὖ
2407 2173 2572 2227 πάλιν
2604 2174 2638 2244 ἢ
2673 2173 2906 2238 Παῦλος,
2956 2173 3176 2239 Ἰούδας,
3209 2174 3304 2228 ἆτε
3332 2175 3395 2246 δὴ
3431 2177 3566 2247 πρὸς
3603 2177 3763 2231 αὐτὸν

2187 2266 2340 2330 ὄντες
2369 2265 2664 2337 όμοούσιοι.
2721 2265 2862 2319 Ἀλλ’
2893 2265 3008 2320 ἐστι
3037 2267 3097 2320 τὸ
3122 2266 3265 2322 οὕτω
3301 2272 3518 2338 φρονεῖν
3553 2269 3764 2339 ἀλογώ-

2187 2375 2368 2423 τατον,
2403 2359 2496 2411 καὶ
2528 2359 2628 2412 οὐκ
2657 2359 2943 2428 ἀναιρήσει
2993 2359 3206 2422 πάντως
3249 2360 3347 2431 τὴν
3394 2363 3534 2417 κατά
3571 2379 3624 2416 τι
3656 2363 3764 2417 τῶν

2186 2449 2485 2522 ὁμογενῶν,
2513 2451 2546 2522 ἢ
2573 2450 2834 2521 ὁμοειδῶν
2855 2449 2989 2519 πρὸς
3019 2450 3223 2521 ἄλληλα
3252 2451 3516 2523 διαφορὰν
3539 2455 3600 2508 τὸ
3625 2451 3764 2508 εἶναι

2187 2543 2284 2612 τῆς
2319 2541 2490 2613 αὐτῆς
2526 2542 2715 2605 οὐσίας
2761 2540 2920 2598 αὐτὰ.
2960 2543 3074 2596 Οὐκ
3112 2543 3222 2614 ἀρα
3263 2546 3356 2598 καὶ
3385 2545 3448 2598 τὸ
3493 2546 3578 2615 ἐφ’
3607 2549 3764 2617 ήμῶν

2186 2632 2444 2686 ἁσθενοῦν
2473 2633 2615 2686 κατά
2639 2633 2738 2704 τῆς
2759 2633 2910 2699 θείας
2941 2634 3128 2696 οὐσίας
3172 2635 3425 2690 τοσοῦτον
3458 2637 3766 2693 ἐκνεανιεύέ

2189 2738 2363 2786 σεται,
2391 2721 2466 2786 ὡς
2493 2723 2873 2807 ἐπαναγκάσαι
2901 2725 3072 2791 Λόγον
3100 2720 3240 2778 εἷναί
3277 2743 3336 2778 τε
3364 2726 3457 2779 καὶ
3483 2728 3767 2782 καλεῖσθαι

2188 2814 2279 2869 τὸν
2323 2815 2454 2870 Θεὸν
2505 2818 2599 2870 καὶ
2648 2817 2903 2887 Πατέρα,
2944 2818 3240 2888 ἐπειδήπερ
3283 2819 3431 2872 ἐστὶν
3481 2820 3766 2890 όμοούσιος

2188 2908 2363 2978 Λόγῳ.
2400 2909 2565 2962 Μένει
2591 2907 2700 2979 γὰρ
2739 2909 2824 2961 ἀεὶ
2853 2909 3064 2980 Πατὴρ,
3105 2911 3205 2979 τὴν
3236 2910 3330 2964 τοῦ
3374 2911 3426 2964 τί
3465 2913 3581 2965 ἐστι
3627 2914 3767 2967 κατά

2188 2998 2346 3051 τοῦτο
2398 2999 2664 3067 διαφορὰν
2715 3000 3016 3070 οὐδαμόθεν
3058 2999 3387 3070 ζημιοῦσθαι
3435 3003 3764 3072 δυνάμενος·

509 3110 612 3148 nus
642 3095 792 3148 omni
829 3110 896 3149 cx
927 3103 1086 3163 parte
1120 3094 1428 3148 incolumi:
1465 3094 1562 3149 sed
1601 3109 1782 3164 neque
1811 3094 2087 3149 identitati

2193 3087 2304 3140 ἀλλ’
2355 3089 2475 3141 οὐδέ
2508 3092 2574 3160 τῇ
2605 3090 2896 3159 ταυτότητι
2948 3094 3047 3161 τῆς
3096 3092 3283 3155 οὐσίας
3330 3093 3391 3145 τὸ
3425 3093 3590 3164 μηδὲν
3624 3093 3769 3156 ίδίως

509 3185 830 3240 substantiae
861 3185 1001 3239 nihil
1029 3185 1312 3256 peculiare
1343 3185 1628 3255 relinquit,
1656 3193 1712 3240 et
1743 3199 2090 3256 nequaquam

507 3275 705 3331 Filium
741 3277 956 3332 idcirco
980 3276 1283 3347 superabit,
1319 3276 1416 3333 sed
1450 3291 1640 3332 verum
1672 3291 1737 3332 ac
1770 3291 2091 3344 germanum

507 3366 658 3422 illum
697 3383 822 3424 esse
855 3368 1147 3434 ostendet,
1198 3377 1255 3424 et
1300 3383 1364 3424 ex
1410 3369 1535 3439 ipso
1575 3368 1884 3424 secundum
1933 3375 2093 3423 natu-

507 3475 622 3513 ram
675 3459 883 3515 habere
926 3459 1430 3516 immutabilitatem
1488 3461 1777 3532 genitore,
1821 3468 1878 3515 et
1921 3474 1988 3513 ex
2025 3473 2094 3514 eo

508 3551 657 3620 quod
684 3552 852 3604 etiam
886 3551 1003 3618 ipse
1039 3551 1264 3620 proprie
1301 3559 1355 3606 et
1389 3553 1741 3621 peculiariter
1774 3551 1954 3606 Filius
1979 3561 2092 3614 est,

513 3643 570 3695 in
597 3641 710 3710 38
733 3640 948 3693 Patrem
980 3655 1205 3710 quoque
1234 3655 1346 3694 non
1375 3641 1600 3705 mutari,
1630 3641 2093 3711 quemadmodum

515 3743 694 3799 neque
723 3728 940 3783 Patrem
977 3729 1032 3782 in
1064 3727 1284 3783 Filium.

655 3821 926 3890 Oppositio
946 3860 960 3885 ,
1003 3822 1110 3875 sive
1139 3822 1364 3891 objectio
1394 3823 1506 3876 alia
1542 3822 1932 3879 haereticorum.
1994 3872 2002 3892 ,

584 3977 702 4031 Non
730 3975 874 4046 jure,
906 3977 1189 4049 inquiunt,
1223 3979 1278 4032 in
1312 3994 1415 4035 nos
1447 3989 1706 4050 tanquam
1736 3984 1919 4038 minus
1948 3993 2096 4038 recte

514 4071 812 4126 sentientes
841 4071 1194 4137 invehimini,
1230 4073 1324 4143 qui
1361 4072 1599 4129 dicimus
1626 4075 1852 4129 insitum
1894 4075 2002 4132 Deo
2030 4092 2094 4132 ac

515 4161 661 4216 Patri
709 4162 934 4216 verbum
982 4163 1132 4218 aliud
1184 4178 1307 4218 esse
1356 4179 1387 4218 a
1429 4162 1604 4229 Filio,
1649 4180 1773 4220 cum
1816 4167 1994 4237 ipsum
2038 4169 2094 4223 in

515 4254 826 4324 Erangeliis
868 4256 1016 4309 clare
1063 4257 1342 4310 dicentem
1379 4258 1664 4313 audiatis:
1709 4276 1726 4309 ι
1768 4257 1897 4314 Scio
1930 4275 2090 4326 eum,

518 4356 571 4401 et
602 4347 829 4401 verbum
871 4348 992 4417 ejus
1034 4363 1194 4401 servo
1220 4348 1286 4404 ⁸³.
1321 4367 1338 4399 ι
1375 4348 1530 4414 Quod
1565 4349 1610 4404 si
1649 4359 1706 4404 ut
1739 4351 1857 4420 ipse
1889 4351 2093 4408 contir—

2194 3178 2492 3249 κεκτῆσθαι
2527 3179 2900 3250 παραχωρῶν,
2933 3181 3029 3234 καὶ
3063 3181 3444 3252 πλεονεκτήσει
3488 3182 3585 3252 μὲν
3612 3183 3768 3236 οὐδα-

2195 3271 2311 3342 μῶς
2343 3271 2483 3325 me
2511 3270 2670 3324 τοῦτο
2689 3271 2780 3324 τὸν
2807 3271 2957 3337 Υίὸν,
2985 3273 3206 3342 γνήσιον
3233 3272 3291 3326 δὲ
3321 3273 3523 3342 μᾶλλον
3553 3273 3770 3327 ἀποδεί-

2203 3359 2300 3424 ξει,
2349 3360 2446 3413 καὶ
2485 3359 2545 3424 ἐξ
2583 3359 2750 3414 αὐτοῦ
2790 3361 2930 3416 κατὰ
2964 3360 3125 3431 φύσιν
3170 3361 3360 3432 ἔχοντα
3398 3362 3458 3416 τὸ
3502 3363 3772 3435 ἄτρεπτον

2193 3450 2288 3502 καὶ
2315 3448 2670 3501 ἀναλλοίωτον
2697 3448 2790 3502 τοῦ
2815 3451 3197 3522 γεννήσαντος,
3225 3452 3316 3505 καὶ
3335 3453 3422 3507 διὰ
3448 3452 3544 3507 τοῦ
3577 3455 3772 3523 κεκτῆ-

2196 3541 2321 3595 σθαι
2353 3542 2447 3594 καὶ
2473 3542 2635 3596 αὐτὸν
2671 3542 2816 3606 ἰδίως
2867 3545 2962 3597 καὶ
3011 3545 3186 3614 μόνως
3232 3544 3330 3616 τὴν
3376 3545 3632 3618 υίότητα,
3678 3549 3772 3602 καὶ

2194 3633 2275 3695 είς
2320 3633 2537 3703 Πατέρα
2587 3633 2661 3704 μὴ
2720 3634 3190 3704 μεταϐάλλεσθαι,
3248 3635 3438 3706 ῶσπερ
3495 3633 3588 3691 οὖν
3650 3638 3771 3692 οὐδέ

2194 3724 2371 3777 ἐκεῖνο
2417 3721 2523 3795 [ίσ.
2557 3724 2798 3798 ἐκεῖνον]
2835 3726 2913 3789 είς
2954 3726 3098 3782 Υίόν.

2195 3816 2549 3886 Πρόϐλημα,
2602 3817 2733 3886 ἦτοι
2783 3818 3090 3890 ἀντίθεσις
3126 3819 3296 3888 ἑτέρα
3332 3819 3414 3887 ὡς
3461 3821 3620 3890 παρὰ
3655 3821 3774 3876 τῶν

2793 3889 3124 3957 αἱρετικῶν.

2267 3976 2384 4030 Οὐκ
2422 3976 2678 4046 εὐλόγως,
2711 3980 2897 4048 φασὶν,
2930 3979 3005 4044 ὡς
3033 3981 3094 4032 οὐ
3121 3978 3410 4049 φρονοῦσιν
3437 3981 3613 4054 ὀρθῶς
3648 3983 3772 4036 ἐπι-

2198 4069 2496 4137 σκήπτετε,
2531 4073 2644 4134 τοῖς
2678 4071 2862 4144 ἕτερον
2906 4068 3045 4126 εἶναι
3075 4072 3291 4142 λέγουσι
3327 4074 3416 4127 τδν
3438 4075 3677 4146 ἔμφυτον
3715 4077 3773 4128 ἐν

2192 4160 2272 4230 τῷ
2308 4161 2428 4234 Θεῷ
2466 4164 2560 4216 καὶ
2609 4165 2788 4236 Πατρὶ
2839 4165 2996 4235 λόγον
3045 4167 3198 4238 παρά
3245 4167 3336 4220 τὸν
3367 4167 3496 4221 Υίὸν
3526 4207 3542 4230 ,
3589 4167 3767 4222 καίτοι

2197 4253 2387 4320 σαφῶς
2435 4255 2600 4308 αὐτοῦ
2638 4255 2892 4324 λέγοντος
2933 4257 3219 4322 ἀκούοντες
3253 4260 3312 4312 ἐν
3337 4262 3458 4324 ταῖς
3492 4259 3775 4328 εὐαγγελι-

2200 4348 2324 4410 καῖς
2367 4343 2692 4416 ἐξηγήσεσιν
2725 4387 2740 4414 ,
2787 4349 2869 4401 ὅτι
2920 4365 2938 4398 ι
2970 4344 3101 4404 Οἶδα
3139 4351 3230 4403 τὸν
3269 4351 3525 4420 Πατέρα,
3559 4352 3774 4404 καὶτὸν

514 4438 725 4499 mavit,
767 4439 992 4492 verbum
1041 4436 1217 4493 Patris
1266 4450 1484 4503 servat,
1535 4445 1848 4498 necessario
1905 4445 2089 4514 utique

2202 4436 2357 4505 λόγον
2400 4439 2566 4492 αὐτοῦ
2610 4437 2784 4509 τηρῶ.
2822 4458 2840 4491 ι
2874 4441 2936 4494 Εἰ
2967 4441 3022 4494 δέ
3043 4480 3058 4506 ,
3092 4442 3343 4513 καθάπερ
3375 4443 3537 4506 αὐτὸς
3570 4443 3777 4513 διισχυ-

514 4529 658 4586 alius
687 4531 754 4585 ab
785 4532 910 4599 ipso
939 4531 1068 4593 erit,
1102 4529 1550 4601 quandoquidem
1583 4549 1808 4590 necesse
1833 4544 1908 4591 est
1944 4537 2093 4591 aliud

513 4637 637 4678 esse
666 4623 811 4694 quod
844 4633 1026 4678 servat
1056 4623 1124 4678 ab
1151 4638 1216 4678 eo
1239 4624 1384 4694 quod
1416 4634 1693 4681 servatur.

530 4884 703 4941 Varia:
738 4888 1020 4940 solutiones
1047 4928 1060 4946 ,
1101 4888 1290 4955 quibus
1328 4888 1470 4943 dare
1514 4890 1812 4944 ostenditur
1864 4892 2086 4947 Verbum

882 4974 994 5010 esse
1029 4957 1122 5010 Dei
1162 4975 1223 5010 ac
1259 4959 1439 5012 Patris
1483 4958 1706 5015 Filium.

587 5045 704 5103 Nisi
741 5048 859 5117 ipse
888 5049 1206 5116 unigenitns
1252 5047 1424 5103 Filius
1461 5047 1555 5103 Dei
1607 5065 1670 5104 ac
1702 5051 1918 5115 Patris,
1953 5051 2093 5107 Ver-

523 5141 646 5192 bum
674 5148 758 5194 est
786 5139 934 5208 ejus;
969 5140 1061 5192 sed
1091 5139 1242 5193 aliud
1278 5139 1555 5209 quoddam
1587 5142 1730 5196 inest
1759 5141 1868 5197 Deo
1900 5153 2096 5212 praeter

521 5236 700 5304 ipsum
725 5273 738 5298 ,
771 5232 915 5302 quod
949 5234 1226 5286 internum
1261 5232 1549 5287 nominant
1575 5273 1590 5297 ,
1638 5235 1730 5304 qui
1759 5238 2096 5294 contrariam

518 5327 819 5382 ostendunt
861 5322 1214 5387 sententiam,
1267 5323 1458 5378 dicant
1506 5326 1670 5382 nobis
1729 5334 1913 5382 utrum
1959 5328 2097 5386 illud

519 5412 660 5480 quod
717 5411 884 5465 stulte
933 5408 1434 5463 comminiscuntur
1475 5410 1725 5472 verbum,
1751 5411 2095 5482 hypostatice

521 5507 773 5568 exsistat,
805 5520 873 5558 an
920 5517 1052 5557 non.
1090 5497 1223 5554 Nam
1257 5503 1303 5557 si
1345 5515 1444 5570 per
1476 5517 1537 5557 se
1573 5502 1628 5557 in
1667 5505 1890 5575 pr0pria
1922 5506 2098 5578 hypo-

523 5595 653 5648 stasi
695 5596 881 5650 dicent
923 5593 1226 5649 subsistere
1252 5634 1268 5660 ,
1309 5592 1451 5648 duos
1499 5594 1725 5651 omnino
1775 5595 2098 5656 fatebuntur

591 5756 633 5785 "
679 5753 870 5808 l'lzecb.
912 5768 1063 5817 tum,
1098 5753 1187 5807 9.6.
1268 5752 1310 5784 ⁸⁵
1340 5750 1498 5807 Joan.
1526 5768 1642 5823 vm,
1673 5753 1762 5810 55.

2201 4529 2408 4599 ρίσατο,
2441 4529 2530 4583 τὸν
2570 4528 2663 4582 τοῦ
2695 4531 2909 4602 Πατρὸς
2943 4535 3100 4604 τηρεῖ
3144 4533 3331 4602 λόγον,
3363 4534 3548 4606 ἕτερος
3579 4535 3645 4587 ἂν
3687 4536 3773 4603 εἴη

2198 4622 2414 4684 πάντως
2457 4621 2666 4692 δήπου,
2723 4623 2818 4677 καὶ
2863 4624 3214 4692 ἀναγκαίως,
3267 4625 3342 4690 ὡς
3394 4627 3528 4698 πρὸς
3586 4625 3772 4691 αὐτὸν,

2199 4712 2501 4784 ἐπειδήπερ
2527 4714 2740 4784 ἀνάγκη
2769 4713 2869 4787 τὴν
2897 4717 2997 4786 τῆς
3021 4715 3334 4787 ἐτερὰτητος
3360 4716 3629 4782 σώζεσθαι
3659 4716 3776 4771 δία-

2201 4803 2374 4874 φοράν
2397 4803 2476 4874 τῷ
2515 4805 2767 4876 τηροῦντι
2801 4808 2936 4878 πρὸς
2969 4809 3028 4861 τὸ
3066 4811 3418 4881 τηρούμενον.

2202 4897 2426 4980 Λύσεις
2454 4896 2684 4980 ἐφεξῆς·
2715 4899 3396 4980 διάφοροιβεωινιὶουσᾳι
3425 4903 3656 4980 σαφῶς,
3688 4903 3776 4958 ὅτι

2285 4969 2317 5019 ό
2342 4969 2531 5035 Λόγος
2559 4969 2689 5021 ἐστὶ
2729 4969 2836 5025 τοῦ
2865 4970 3013 5024 Θεοῦ
3043 4971 3138 5026 καὶ
3171 4974 3401 5041 Πατρός
3443 4978 3477 5027 ό
3511 4969 3674 5039 Υἱός.

2281 5057 2342 5108 Ei
2381 5055 2457 5127 μὴ
2504 5057 2666 5122 αὐτός
2726 5061 2872 5114 ἐστιν
2909 5063 2938 5114 6
2993 5063 3286 5134 μονογενής
3329 5063 3458 5128 Υἱὸς
3501 5063 3595 5117 τοῦ
3642 5063 3775 5118 Θεοῦ

2205 5149 2300 5199 καὶ
2329 5149 2540 5220 Πατρὸς
2573 5152 2601 5203 ό
2633 5151 2807 5219 Λόγος
2844 5153 3006 5207 αὐτοῦ
3027 5193 3042 5216 ,
3069 5155 3257 5226 ἕτερος
3282 5156 3338 5208 δέ
3367 5174 3451 5221 τις
3481 5158 3776 5228 ἐνυπάρχει

2206 5234 2282 5304 τῷ
2309 5235 2427 5308 Θεῷ
2453 5240 2582 5307 παρ’
2629 5239 2810 5302 αὐτὸν,
2851 5241 2910 5294 ὃν
2950 5242 3252 5298 ἐνδιάθετον
3280 5246 3637 5318 ὀνομάζουσιν
3661 5288 3675 5312 ,
3727 5249 3776 5300 οἱ

2206 5326 2302 5396 τὴν
2351 5331 2598 5385 ἐναντίαν
2633 5333 3011 5404 προϊσχόμενοι
3063 5337 3218 5402 δόξαν
3266 5338 3575 5408 λεγέτωσαν
3623 5341 3777 5410 ήμῖν,

2210 5419 2435 5492 πότερόν
2468 5442 2596 5478 ποτε
2623 5428 2650 5480 6
2677 5426 2763 5480 διὰ
2787 5428 2884 5498 τῆς
2917 5429 3095 5483 αὐτῶν
3121 5431 3361 5501 ἀμαθίας
3396 5434 3780 5502 ἐπινοούμενος

2207 5513 2375 5580 Λόγος
2398 5517 2759 5581 ἐνυπόστατός
2789 5521 2956 5584 ἐστιν,
2986 5521 3018 5590 ἢ
3052 5523 3186 5591 οὐχί.
3212 5522 3274 5575 Et
3301 5525 3398 5593 μὲν
3428 5526 3537 5595 γὰρ
3561 5524 3779 5594 ἐροῦσιν

2206 5603 2504 5671 ὑφεστάναι
2539 5607 2658 5660 καθ’
2692 5610 2883 5664 ἑαυτὸν
2936 5615 2993 5664 ἐν
3040 5614 3269 5685 ὑπάρξει
3308 5617 3599 5687 νοούμενον
3649 5616 3774 5690 ίδὶα,
