4092 6274
408 290 476 348 09
727 364 730 366 γ
1474 292 1541 347 ΙΝ
1578 293 1862 351 JUANNIS
1896 294 2337 351 EVANGELIUM
2379 294 2502 351 LIB.
2546 295 2584 349 l.
3585 302 3649 357 70

408 408 502 464 δύο
541 407 608 482 δὴ
653 408 872 473 πάντως
916 409 1338 480 ὁμολογήσουσιν
1392 411 1554 475 Υίοϋς
1614 407 1772 468 εἶναι.
1825 415 1885 466 Εἰ
1918 413 1962 467 δὲ

2076 428 2198 467 esse
2249 413 2436 469 Filios.
2495 412 2591 469 Sin
2647 422 2828 468 autem
2886 414 3168 486 hypostasi
3211 418 3425 489 propria
3464 436 3652 477 carere

348 520 349 523 ‘
408 502 781 557 ἀνυπόστατον
828 503 1040 574 ἐροῦσιν
1067 503 1263 567 αὑτὸν,
1297 504 1508 567 οὐδενὸς
1552 506 1978 575 μεσολαϐοὖντος

409 591 491 644 ἔτι
535 592 631 645 καὶ
663 592 1069 662 διατειχίζωτος
1114 594 1207 647 τὸν
1247 593 1406 657 Υίὸν,
1438 595 1555 657 πῶς
1611 596 1763 649 ἐσται
1797 597 1979 668 τρίτος

410 686 475 738 ἐκ
502 685 733 756 Πατρὸς,
757 684 852 738 καὶ
875 684 996 755 οὐχὶ
1027 685 1227 756 μᾶλλον
1253 687 1556 757 προσεχῶς,
1583 688 1660 752 ὡς
1689 688 1814 753 Υίὸς
1840 690 1978 761 πρὸς

411 773 628 843 Πατέρα
653 791 668 839 ;

479 866 661 919 ΑΛΑΟ
691 865 788 918 διὰ
829 864 949 918 τῶν
979 864 1177 920 αὐτῶν
1213 867 1623 937 θεωρημάτων.
1669 869 1843 939 Λόγον
1875 870 1976 942 μὲν

409 953 672 1024 ὑπάρχειν
735 953 823 1023 ,τῷ
867 952 990 1024 Θεῷ
1044 953 1139 1007 καὶ
1201 955 1376 1025 Πατρὶ
1429 956 1522 1009 τὸν
1572 955 1873 1009 ἐνδιάθετον
1924 957 1973 1009 οί

406 1042 470 1096 δι’
497 1043 746 1107 ἐναντίας
761 1044 1051 1116 ὁρίζονται,
1084 1046 1154 1099 δι’
1175 1040 1262 1112 οὗ,
1295 1047 1438 1100 κατὰ
1462 1047 1561 1117 τὴν
1593 1047 1774 1101 αὐτῶν
1805 1046 1974 1103 ἀκαλ-

407 1137 672 1208 λεστάτην
697 1136 975 1203 ὑπόνοιαν,
1006 1136 1106 1208 τὴν
1132 1138 1224 1192 τοῦ
1252 1138 1467 1208 Πατρὺς
1494 1138 1748 1209 βούλησιν
1781 1141 1810 1193 ὁ
1847 1139 1975 1204 Υἱὸς

410 1225 789 1280 ἐκδιδάσκεται
810 1242 825 1257 ⁸
855 1226 971 1279 ἀλλ’
1006 1226 1140 1297 ὂσην
1172 1227 1284 1298 ἔχει
1324 1230 1535 1300 μωρίαν
1574 1230 1757 1293 αὑτοῖς
1782 1229 1843 1283 τὸ
1881 1231 1974 1283 ἐπὶ

404 1316 577 1387 τούτῳ
597 1315 801 1383 δόγμα,
819 1314 1044 1387 θεωρεῖν
1067 1317 1381 1385 ἀναγκαῖον.
1420 1319 1699 1388 Ἔννοῆσαι
1713 1319 1769 1373 δὲ
1786 1319 1972 1383 τοιῶς-

405 1406 459 1458 δε
521 1407 787 1476 προσήκει
831 1404 923 1458 τὸν
970 1405 1062 1459 ἐπὶ
1097 1405 1176 1470 τῷ
1228 1406 1514 1476 πράγματι
1565 1407 1823 1478 λογισμόν
1849 1424 1863 1438 ο
1898 1408 1971 1460 Tb

408 1497 598 1567 Πατὴρ
638 1497 812 1567 ὄνομα
847 1494 922 1558 ὡς
950 1495 1084 1567 πρὸς
1105 1496 1196 1549 τὸν
1221 1497 1348 1551 Υίὸν
1373 1498 1526 1552 οὐδὲν
1554 1497 1665 1568 ἔχει
1694 1500 1755 1552 τὸ
1782 1499 1967 1571 μέσον,

405 1587 480 1650 ὡς
524 1587 583 1654 ἐξ
634 1586 881 1656 ἀνάγκης
950 1586 1238 1641 είσδαίνον.
1299 1588 1365 1640 Τί
1432 1588 1542 1659 γὰρ
1588 1588 1741 1643 ἐσται
1808 1590 1968 1660 μέσον

410 1680 622 1750 Πατρὸς
658 1679 797 1749 πρὸς
828 1678 957 1732 Υἱδν
984 1718 1000 1742 ,
1044 1678 1080 1750 ἢ
1109 1675 1177 1733 αὖ
1205 1681 1367 1734 πάλιν
1396 1680 1528 1734 Υἱοῦ
1555 1682 1689 1750 πρὸς
1716 1681 1966 1752 Πατέρας

2082 506 2263 574 ipsum
2294 505 2523 571 dicent,
2575 520 2698 561 cum
2739 506 2871 560 nihil
2914 509 2984 562 sit
3014 506 3159 578 quod
3198 505 3391 564 Filium
3429 525 3459 564 a
3490 510 3651 568 Patre

2076 595 2358 666 dispescat
2381 638 2395 661 ,
2441 597 2717 667 quomodo
2762 599 2955 654 tertius
2986 599 3089 655 erit
3130 614 3161 654 a
3191 598 3356 657 Patre
3385 643 3400 669 ,
3436 617 3498 657 ac
3538 620 3647 660 non

2077 688 2262 759 potius
2292 688 2540 758 proxime
2571 700 2625 744 et
2656 688 2990 754 immediate,
3027 698 3085 745 ut
3116 688 3288 749 Filius
3323 692 3511 748 Patri?

2144 860 2355 917 ALIUD
2378 903 2391 928 ,
2424 862 2479 916 in
2517 862 2752 918 eamdem
2782 862 3118 924 sententiam.
3154 865 3394 923 Verbum
3424 868 3647 939 quidem

2076 955 2258 1011 inesse
2307 953 2418 1009 Deo
2467 969 2531 1010 ac
2588 954 2738 1009 Patri
2784 957 3062 1011 internum
3114 957 3290 1024 illud,
3341 959 3646 1016 adversarii

2075 1053 2349 1111 statuunt,
2385 1045 2682 1115 perquod,
2708 1055 2766 1100 ut
2794 1047 2895 1116 ipsi
2926 1047 3249 1105 stultissime
3272 1051 3644 1122 suspicantur,

2073 1139 2412 1193 voluntatem
2459 1130 2640 1193 Patris
2684 1138 2883 1194 Filius-
2911 1141 3172 1196 edocetttr
3224 1160 3238 1197 :
3295 1143 3392 1198 sed
3440 1155 3645 1215 quanta

2074 1226 2283 1280 insania
2331 1226 2544 1280 laboret
2580 1226 2726 1281 istud
2780 1243 2970 1284 eorum
3013 1229 3241 1301 dogma,
3295 1232 3647 1288 considerare

2080 1302 2164 1371 est
2203 1331 2383 1386 operte
2436 1319 2694 1388 pretium.
2732 1317 2845 1374 Hoc
2875 1329 3052 1374 autem
3097 1329 3258 1392 pacto
3308 1321 3362 1375 in
3402 1338 3462 1377 re
3505 1337 3645 1393 prae-

2071 1411 2213 1467 senti
2249 1412 2750 1483 philosopbandum
2783 1415 2941 1469 nobis
2976 1422 3082 1471 est.
3117 1414 3252 1470 Illud
3282 1429 3500 1479 nomen,
3540 1409 3643 1468 Pa-

2071 1510 2173 1565 ter,
2204 1503 2270 1557 ad
2313 1502 2510 1558 Filium
2544 1505 2811 1571 relatum,
2849 1508 2989 1561 nihil
3024 1510 3342 1565 necessario
3376 1507 3523 1578 capit
3552 1508 3640 1561 in-

2069 1596 2339 1650 termedii.
2391 1584 2531 1662 Qiiid
2577 1599 2721 1653 enim
2762 1598 3068 1655 intercedet
3109 1599 3262 1655 Patri
3301 1616 3425 1656 cum
3465 1596 3638 1664 Filio,

2069 1693 2163 1738 aut
2211 1686 2457 1741 vicissim
2488 1686 2626 1743 Filio
2653 1704 2778 1743 cum
2813 1690 3020 1745 Patre?
3058 1690 3127 1745 At
3164 1692 3251 1755 si,
3281 1691 3640 1762 quemadmo-

420 1770 558 1822 Ἀλλ’
610 1769 768 1841 εἴπερ
814 1768 955 1823 κατὰ
996 1769 1093 1840 τὴν
1134 1771 1357 1824 ἐκείνων
1385 1771 1621 1842 ἀμαθίαν
1652 1773 1962 1843 διατειχίξει

2064 1772 2191 1829 dum
2221 1775 2299 1829 illi
2329 1777 2496 1831 stulte
2530 1778 2771 1832 sentiunt
2795 1820 2809 1845 ,
2861 1777 3079 1834 Patrem
3123 1794 3152 1833 a
3195 1754 3336 1835 Filio
3373 1781 3639 1852 dispescit

408 1861 502 1914 τοῦ
536 1860 746 1932 Πατρδς
789 1860 882 1914 τὸν
936 1861 1065 1914 Υίδν
1124 1861 1493 1933 μεσολαΰοῦσα
1548 1863 1828 1935 βούλησις,
1873 1865 1967 1920 καὶ

407 1955 576 2022 Λόγος
612 1953 933 2016 ἐνδιάθετος,
983 1953 1043 2006 ὃν
1069 1953 1163 2007 καὶ
1196 1952 1398 2024 ταύτης
1449 1948 1588 2007 εἶναί
1616 1971 1777 2024 φασιν
1800 1955 1967 2027 ἑρμη-

405 2044 676 2103 νευτικὸν.
720 2045 819 2097 οὐκ
865 2043 939 2097 ἔτ’
987 2043 1054 2098 ἂν
1100 2045 1272 2097 νοοῖτο
1303 2044 1491 2114 Πατὴρ
1523 2044 1659 2108 δλως
1697 2048 1726 2099 ό
1753 2045 1961 2117 Πατὴρ.

402 2135 515 2190 ἀλλ’
550 2134 669 2189 ούδέ
701 2133 826 2197 Tib;
856 2136 885 2187 ό
919 2135 1047 2199 Υἱὸς
1071 2176 1086 2199 ,
1122 2133 1282 2205 είπερ
1321 2135 1379 2187 ἐν
1427 2135 1584 2199 ίδίαις
1632 2136 1962 2190 ὑποστάσεσι

399 2226 609 2280 κεῖσθαι
634 2226 916 2296 νοήσομεν,
948 2227 1049 2296 τήν
1076 2243 1134 2278 τε
1170 2224 1423 2297 βούλησιν
1452 2225 1547 2281 τοῦ
1569 2228 1711 2282 Θεοῦ
1749 2228 1845 2282 καὶ
1870 2229 1963 2283 τὸν

395 2316 599 2388 ταύτην
655 2314 1081 2386 διερμηνεύοντα
1133 2316 1326 2385 Λόγον.
1385 2318 1447 2370 Ei
1506 2318 1567 2373 δέ
1613 2318 1963 2374 ἀνυπόστατα

394 2406 636 2476 δώσομεν
666 2406 931 2478 ὑπάρχειν
958 2406 1119 2469 αὑτά,
1151 2406 1373 2477 ἁμέσως
1410 2408 1521 2479 ἄρα
1554 2408 1649 2462 καὶ
1678 2409 1963 2482 προσεχιῖκ

396 2499 426 2553 ό
462 2498 591 2561 Υίός
633 2498 783 2553 ἐστιν
812 2500 871 2551 ἐν
908 2496 1028 2568 Θεῷ
1061 2497 1158 2551 καὶ
1185 2498 1360 2570 Πατρί
1385 2513 1400 2531 ·
1428 2501 1523 2552 ποῖ
1545 2499 1610 2571 δὴ
1637 2501 1745 2572 ἄρα
1774 2501 1962 2557 λοιπὸν

393 2593 422 2643 ό
461 2588 763 2651 ἐνδιάθετος
800 2588 1041 2659 χωρήσει
1102 2588 1305 2657 Λόγος,
1362 2588 1396 2659 ἢ
1435 2591 1586 2644 ποῖον
1625 2591 1738 2656 ἕξει
1796 2592 1961 2649 τόπον

393 2682 427 2749 ἡ
454 2679 725 2751 βούλησις,
758 2679 920 2748 ἑτέρα
955 2677 1219 2750 νοουμένη
1260 2679 1411 2749 παρὰ
1438 2680 1530 2735 τὸν
1555 2681 1712 2749 Υἱόνς

461 2860 646 2914 ΔΛΛΟ
677 2856 776 2912 διὰ
801 2854 911 2927 τῆς
942 2858 1031 2923 είς
1069 2855 1299 2910 amator
1338 2856 1679 2928 ἀπαγωγῆς.
1732 2859 1956 2930 Ὀμοού-

393 2967 508 3004 σιον
554 2949 694 3004 εἶναι
728 2947 1056 3019 πιστεύομεν
1098 2948 1199 3020 τὴν
1235 2948 1396 3017 ἁγίαν
1433 2949 1526 3003 καὶ
1552 2950 1958 3021 προσκυνουμέ-

395 3057 490 3110 νην
512 3040 738 3113 Τριάδα,
760 3038 862 3094 κᾶν
883 3041 919 3110 ἠ
937 3040 1046 3094 τῶν
1065 3038 1357 3110 αἱρετικῶν
1380 3038 1546 3109 μανία
1574 3038 1650 3111 μὴ
1677 3038 1951 3111 βούληται⁹

2069 1862 2319 1918 voluntas
2354 1863 2677 1919 intermedia
2704 1909 2716 1931 ,
2756 1873 2812 1920 et
2845 1866 3070 1921 verbum
3119 1868 3392 1922 internum
3425 1908 3441 1934 ,
3487 1870 3637 1940 quod

2064 1956 2228 2008 etiam
2262 1954 2364 2025 ipsi
2399 1956 2704 2012 voluntatis
2736 1958 2899 2013 istius
2943 1959 3215 2028 interpres
3243 1974 3367 2016 esse
3405 1959 3635 2026 dicunt,

2066 2056 2173 2096 non
2217 2042 2328 2112 jam
2376 2040 2542 2098 Pater
2573 2046 2761 2115 utique
2800 2046 3119 2102 censebitur
3146 2062 3271 2103 esse
3306 2049 3502 2118 Pater,
3539 2053 3634 2107 sed

2065 2148 2239 2203 neque
2255 2131 2428 2191 Filius
2456 2134 2661 2201 Filius,
2700 2137 2971 2206 siquidem
3005 2138 3059 2192 in
3102 2141 3343 2211 propriis
3372 2141 3635 2213 byposta-

2064 2222 2213 2280 sibus
2259 2226 2529 2283 exsistere
2572 2228 2929 2286 censebimus
2961 2229 3141 2286 Patris
3169 2232 3506 2291 voluntatem
3530 2275 3546 2300 ,
3580 2243 3636 2289 et

2062 2316 2208 2387 quod
2235 2333 2354 2373 eam
2402 2319 2797 2390 interpretatur
2821 2320 2933 2393 39
2956 2322 3203 2378 verbum.
3236 2323 3334 2379 Sin
3366 2331 3545 2380 autem
3569 2341 3634 2381 ea

2063 2407 2286 2479 propria
2344 2409 2627 2480 hypostasi
2678 2426 2868 2469 carere
2923 2412 3255 2478 fatebimur,
3320 2417 3635 2473 immediate

2062 2512 2214 2569 ergo,
2244 2510 2298 2554 et
2325 2503 2575 2570 proxime
2606 2514 2694 2559 est
2724 2504 2778 2559 in
2816 2503 2925 2561 Deo
2960 2519 3024 2561 ac
3061 2505 3224 2564 Patre
3252 2506 3453 2576 Filius;
3492 2523 3632 2580 quo-

2062 2602 2189 2642 nam
2222 2589 2388 2660 igitur
2412 2591 2631 2647 demum
2665 2594 2859 2651 evadet
2894 2597 3176 2653 internum
3216 2598 3352 2654 illud
3379 2601 3631 2663 verbum,

2061 2686 2155 2733 aut
2181 2694 2343 2749 quem
2373 2681 2555 2737 locum
2588 2684 2842 2741 voluntas
2884 2686 3145 2745 habitura
3194 2696 3281 2746 est
3305 2730 3319 2756 ,
3371 2705 3494 2761 quae
3526 2692 3632 2746 alia

2061 2780 2315 2825 censetur
2354 2786 2478 2830 esse
2514 2789 2545 2827 a
2574 2773 2758 2830 Filio?

2129 2857 2365 2927 ALIUD,
2403 2878 2496 2933 per
2538 2864 2892 2920 reductionem
2924 2868 2994 2920 ad
3024 2866 3333 2923 absurdum.
3381 2869 3631 2926 Consub-

2059 2952 2369 3008 stantialem
2414 2969 2538 3010 esse
2572 2956 2864 3013 credimus
2912 2966 3158 3013 sanctam
3207 2967 3263 3015 et
3299 2959 3630 3016 adorandam

2059 3034 2410 3107 Trinitatem,
2439 3042 2567 3097 licet
2607 3044 2994 3101 hmrcticorum
3031 3047 3185 3103 furor
3216 3048 3271 3103 id
3306 3064 3417 3104 non
3458 3051 3631 3120 patia-

398 3102 514 3184 ἀλλ’
546 3102 703 3201 οἳμαι
726 3102 1027 3201 -προσήοιειν
1067 3102 1159 3183 ἐπὶ
1187 3128 1297 3183 τῶν
1328 3102 1957 3202 ὀμωυσίωνπαραδέχε-

2063 3138 2168 3185 tur.
2216 3129 2319 3187 Sed
2363 3130 2641 3188 fatendum
2683 3145 2785 3203 est,
2820 3138 3039 3208 opinor,
3070 3152 3138 3193 ea
3167 3154 3290 3211 quas
3320 3102 3633 3212 sunt‘ejus-

397 3222 521 3276 σθαι
563 3224 657 3276 καὶ
708 3223 769 3275 τὸ
813 3208 1058 3292 ἀλλήλοις
1089 3221 1227 3275 αὐτὰ
1260 3219 1404 3276 κατὰ
1437 3221 1614 3274 πάντα
1642 3222 1957 3292 προσεοικέ-

394 3330 521 3379 ναι,
556 3313 700 3368 κατά
753 3330 815 3381 γε
864 3313 956 3367 τὸν
1000 3311 1107 3366 τῶν
1156 3310 1402 3381 φυσικῶν
1449 3311 1751 3382 ίδιωμάτων
1777 3310 1955 3380 λόγον.

397 3405 568 3477 Εἴπερ
614 3400 706 3460 οὖν
742 3404 881 3459 κατὰ
913 3404 1011 3475 τήν
1050 3421 1211 3458 τινων
1244 3402 1502 3457 ἀϐουλίαν
1534 3402 1831 3473 ἐνυπάρχει
1881 3402 1959 3473 τῷ

390 3496 510 3568 Θεῷ
541 3497 633 3550 καὶ
676 3495 851 3566 Πατρὶ
891 3494 1060 3565 Λόγος
1104 3511 1190 3558 τις
1234 3494 1421 3564 ἕτερος
1468 3493 1770 3556 ἐνδιάθετος
1807 3492 1959 3565 παρὰ

388 3588 480 3641 τὸν
507 3587 634 3641 Υίδν
656 3627 672 3652 ,
706 3586 815 3651 ἕξει
866 3585 1082 3648 πάντως
1114 3587 1207 3638 καὶ
1238 3587 1267 3637 ό
1303 3584 1429 3647 Tib;
1452 3584 1623 3652 Λόγον
1653 3582 1957 3638 ἐνδιάθετον

390 3680 448 3733 ἐν
473 3680 648 3750 ἐαυτῷ
671 3719 688 3746 ,
716 3679 793 3743 ὡς
825 3678 991 3732 εἰκὼν
1023 3675 1190 3731 αὑτοῦ
1217 3718 1233 3741 ,
1267 3676 1360 3731 καὶ
1399 3674 1817 3747 ἀπαράλλακτος
1855 3674 1957 3746 τῆς

392 3772 737 3833 ὑποστάσεως
768 3767 1095 3840 χαρακτὴρ,
1138 3767 1320 3831 καθὼς
1370 3766 1715 3838 γέγραπται·
1746 3764 1856 3832 ἕξει
1898 3764 1956 3820 δὲ

391 3862 585 3930 ὁμοίως
613 3860 763 3931 αὑτῷ
789 3860 883 3913 καὶ
919 3859 982 3912 τὸ
1007 3857 1233 3929 Πνεῦμα
1258 3857 1320 3911 τὸ
1344 3858 1517 3926 ἅγιον,
1541 3856 1682 3912 κατὰ
1708 3858 1807 3928 τὴν
1834 3858 1956 3927 ἴσην

386 3953 495 4007 τῶν
526 3954 811 4023 νοημάτων
840 3950 1151 4020 ἀναλογίαν.
1183 3949 1409 4019 Γέγονεν
1432 3944 1525 4004 οὖν
1562 3949 1693 4019 ⁴ἡμῖν
1723 3950 1757 4020 ἡ
1786 3948 1956 4020 Τριὰς

389 4039 448 4091 ἐν
479 4036 652 4108 διπλῷ
677 4079 691 4104 ,
721 4038 816 4091 καὶ
871 4038 930 4091 ἐν
957 4037 1204 4091 συνθέσει
1255 4036 1439 4091 λοιπὸν
1486 4039 1521 4107 ἡ
1566 4036 1682 4090 θεία
1710 4037 1955 4108 φαίνεται

387 4128 565 4197 φύσις.
584 4128 743 4182 Ἀλλὰ
769 4128 927 4182 τοῦτο
951 4127 1169 4182 ἄτοπον·
1197 4129 1254 4182 ἐν
1275 4128 1332 4182 δὲ
1354 4129 1472 4192 ταῖς
1507 4128 1703 4193 ἁπλαῖς
1720 4129 1951 4194 οὐσίαις,

384 4218 538 4272 οὐδὲν
562 4218 749 4288 ἔτερόν
775 4220 894 4271 ἐστι
923 4218 985 4271 τὸ
1009 4219 1140 4289 παρ’
1171 4218 1341 4283 αὑτάς
1360 4233 1375 4250 ⁶
1411 4219 1562 4272 οὐδὲν
1605 4218 1714 4289 ἄρα
1755 4220 1954 4273 διακω-

388 4309 542 4363 λύσει
585 4310 683 4379 τὴν
721 4308 882 4377 ἁγίαν
938 4310 1032 4363 καὶ
1077 4308 1361 4380 ὁμοούσιον
1418 4311 1623 4382 Τριάδα
1672 4312 1954 4383 προσεχῶς

388 4399 661 4469 συνῆφθαι
676 4435 690 4462 ,
722 4398 1143 4469 μεσολαϐοὖντος
1162 4399 1392 4464 οὐδενός.

459 4490 647 4543 ΑΛΛΟ
685 4487 1136 4556 διηγηματικῶς.
1166 4490 1294 4542 Ὅτε
1339 4489 1408 4544 τά
1437 4490 1675 4561 ὀνόματα
1718 4506 1952 4562 προτατ-

384 4580 624 4651 τομένων
660 4578 770 4633 τῶν
801 4578 1018 4650 ἄρθρων
1043 4581 1076 4649 ἡ
1113 4579 1234 4633 θεία
1258 4580 1437 4649 τίθησι
1459 4581 1650 4652 Γραφη
1671 4620 1686 4642 ,
1708 4581 1828 4636 τότε
1860 4584 1956 4638 καὶ

382 4667 443 4719 ἓν
471 4683 524 4718 τι
553 4664 838 4735 σημαίνει,
866 4665 896 4717 ὃ
925 4665 1086 4735 μόνον
1115 4667 1233 4719 ἐστὶ
1268 4666 1471 4736 κυρίως
1517 4669 1612 4721 καὶ
1663 4668 1951 4740 ἀληθινῶς,

382 4757 566 4809 ὁποῖον
595 4750 737 4808 είναι
770 4752 1024 4821 λέγεται·
1064 4752 1266 4825 ἄρθρον
1310 4753 1368 4807 δὲ
1404 4755 1464 4807 οὐ
1498 4754 1792 4824 προσθεῖσα
1821 4756 1841 4829 [
1868 4758 1953 4812 ισ.

2058 3222 2178 3277 dem
2204 3223 2532 3280 substantiae
2556 3226 2700 3282 inter
2728 3244 2787 3283 se
2814 3231 3028 3288 ratione
3051 3232 3445 3303 proprietatum
3471 3241 3629 3287 natu-

2056 3314 2254 3368 ralium
2288 3317 2446 3385 plane
2479 3319 2793 3374 convenire.
2842 3319 2900 3374 Si
2930 3337 3098 3392 ergo,
3144 3331 3205 3377 ut
3256 3333 3458 3378 temere
3490 3338 3630 3378 non-

2060 3405 2196 3459 nulli
2241 3405 2478 3472 docent,
2513 3407 2658 3463 inest
2705 3408 2814 3464 Deo
2850 3426 2912 3465 ac
2945 3410 3097 3466 Patri
3142 3413 3368 3468 verbum
3408 3413 3630 3484 aliquod

2060 3495 2337 3549 internum
2373 3495 2653 3553 diversum
2701 3513 2732 3552 a
2768 3498 2927 3566 Filio,
2974 3501 3202 3558 habebit
3236 3503 3425 3574 utique
3457 3503 3630 3562 Filius

2057 3585 2285 3639 verbum
2333 3587 2611 3641 internum
2644 3604 2865 3660 quoque
2905 3593 2959 3647 in
2992 3596 3198 3665 seipso,
3225 3606 3417 3668 utpote
3448 3602 3632 3675 imago

2056 3677 2194 3746 ejus,
2247 3685 2301 3733 et
2338 3678 2535 3734 similis
2575 3696 2671 3752 per
2711 3685 2895 3738 omnia
2944 3687 3270 3744 substantiae
3317 3691 3625 3760 character,

2056 3767 2201 3822 sicut
2237 3769 2507 3840 scriptum
2538 3779 2625 3825 est
2654 3771 2720 3824 ⁸⁸.
2757 3769 2861 3827 Sed
2887 3782 2940 3828 et
2965 3775 3188 3833 habebit
3214 3782 3442 3850 perinde
3465 3794 3626 3855 atque

2058 3858 2172 3928 ipse
2203 3868 2429 3914 sanctus
2457 3875 2679 3932 quoque
2732 3861 2996 3934 Spiritus,
3045 3870 3231 3925 eadem
3276 3887 3506 3941 prorsus
3535 3891 3624 3930 ra-

2057 3949 2223 4005 tionis
2252 3952 2667 4007 consecutione.
2701 3953 2797 4009 Est
2828 3955 2996 4027 igitur
3021 3958 3132 4027 jam
3166 3961 3328 4018 nobis
3353 3965 3626 4036 duplicata

2058 4040 2336 4107 Trinitas,
2398 4052 2451 4098 et
2504 4046 2810 4114 composita
2862 4050 3091 4122 odemutn
3148 4062 3376 4123 apparet
3431 4067 3626 4112 natura

2057 4134 2263 4189 divina.
2308 4134 2415 4190 Sed
2443 4134 2546 4191 hoc
2582 4138 2905 4194 absurdum.
2951 4139 3008 4194 ln
3048 4140 3389 4211 simplicibus
3424 4150 3629 4219 quippe

2058 4225 2387 4281 substantiis
2422 4226 2562 4280 nihil
2594 4236 2677 4282 est
2706 4239 2903 4297 praeter
2933 4231 3101 4300 ipsas.
3145 4230 3290 4289 Nihil
3329 4252 3459 4308 ergo
3498 4256 3626 4309 pro-

2058 4315 2263 4371 hibebit
2294 4320 2592 4387 quominus
2627 4331 2816 4374 sancta
2843 4329 2900 4376 et
2926 4325 3416 4383 consubstantialis
3443 4329 3627 4387 Trini~

1988 4427 2030 4482 [δ
2061 4416 2144 4463 tas
2171 4409 2419 4478 proxime
2443 4418 2499 4463 et
2527 4408 2839 4466 immediate
2869 4412 3035 4467 simul
3066 4415 3357 4485 conjuncta
3389 4422 3480 4475 sit.

2130 4491 2380 4560 ALIUD,
2444 4495 2799 4564 explanatius.
2864 4499 2999 4554 Cum
3060 4504 3380 4562 nominibus
3435 4510 3624 4566 divina

2060 4579 2341 4652 Scriptura
2369 4584 2636 4653 praeponit
2660 4585 2950 4652 articulos,
2992 4596 3125 4646 tunc
3162 4608 3329 4647 unum
3362 4598 3626 4666 quiddam

2058 4672 2353 4742 signiﬁcat,
2388 4674 2531 4743 quod
2564 4675 2740 4729 solum
2784 4678 3004 4747 proprie
3051 4694 3117 4734 ac
3147 4695 3273 4738 vere
3303 4692 3409 4751 est,
3442 4689 3626 4757 cujus-

2054 4764 2204 4818 modi
2232 4780 2353 4819 esse
2375 4765 2598 4820 dicitur.
2646 4766 2786 4821 Cum
2818 4777 3000 4825 autem
3034 4773 3327 4829 articulum
3360 4793 3465 4833 non
3496 4798 3626 4851 prae.

385 4845 720 4917 προθεῖσα],
761 4844 1129 4916 γενικωτέραν
1162 4847 1397 4899 ποιεῖται
1439 4847 1580 4902 κατά
1629 4849 1830 4913 παντὸς
1859 4848 1950 4903 τοῦ

2063 4855 2241 4923 ponit,
2287 4856 2602 4925 generalius
2653 4857 2874 4927 quidvis
2920 4860 3172 4934 designat
3208 4883 3223 4921 :
3254 4868 3404 4924 verbi
3449 4844 3628 4942 gratia

385 4935 788 5007 σημαινομένου
826 4937 925 5007 τὴν
949 4935 1181 5007 δήλωσιν
1203 4975 1219 5000 ,
1262 4930 1373 4989 οἷον
1407 4938 1548 5009 (ἥξει
1591 4941 1699 5011 γὰρ
1743 4941 1773 4994 ό
1798 4941 1952 5010 λόγος

2063 4944 2148 5014 [id
2198 4944 2341 4998 enim
2390 4947 2729 5015 propositum
2772 4965 2989 5022 quoque
3040 4930 3199 5010 nobis
3237 4967 3317 5012 est
3357 4930 3503 5017 clare
3532 4964 3624 5019 de-

382 5029 480 5080 καὶ
501 5026 568 5080 δι’
591 5027 850 5097 ἐναργοῦς
875 5027 1225 5096 ἀποδείξεως)
1259 5027 1444 5081 πολλοὶ
1487 5030 1774 5085 καλοῦνται
1805 5032 1915 5086 θεοί
1934 5049 1948 5064 ο

2063 5036 2424 5106 monstraro),
2458 5038 2720 5094 dicuntur
2749 5041 2935 5095 πολλοὶ
2967 5043 3099 5099 θεοί.
3127 5045 3232 5103 Sed
3258 5054 3476 5120 quando
3500 5070 3625 5108 cum

382 5114 501 5167 ἀλλ’
529 5115 655 5168 ὅταν
683 5117 820 5186 μετὰ
840 5116 932 5171 τοῦ
957 5115 1163 5189 ἄρθρου
1192 5116 1418 5188 λέγηται
1441 5122 1474 5173 ό
1491 5121 1760 5189 Θεὸς,τδν
1793 5123 1952 5193 μόνον

2063 5127 2283 5181 articulo
2338 5128 2545 5183 dicitur
2602 5132 2631 5185 ὁ
2684 5131 2855 5199 Θεός,
2919 5136 3072 5192 solus
3126 5114 3288 5206 esse;
3313 5152 3365 5197 et
3408 5148 3625 5214 proprie

382 5205 516 5258 ὄντα
566 5206 659 5258 καὶ
714 5207 918 5278 κυρίοις
970 5208 1262 5279 σημαίνειο
1310 5210 1675 5282 ἁπλούστερον
1729 5212 1785 5267 δὲ
1810 5255 1824 5277 ,
1862 5215 1955 5266 καὶ

2063 5217 2388 5286 signiﬁcatur
2423 5240 2434 5273 :
2470 5228 2525 5275 at
2555 5236 2679 5275 cum
2722 5224 3066 5296 simplicius,
3112 5238 3166 5283 et
3208 5205 3331 5286 sine
3365 5205 3621 5297 articulo,

379 5298 587 5367 ἄρθρου
622 5299 820 5368 χωρὶς,
851 5300 944 5351 ἕνα
972 5301 1131 5369 τυχὸν
1170 5301 1277 5356 τῶν
1314 5304 1392 5366 είς
1432 5303 1589 5358 τοῦτο
1622 5304 1762 5358 κατὰ
1796 5306 1953 5376 χάριν

2063 5308 2175 5371 ὒεὸς
2235 5308 2492 5375 dicitur,
2547 5325 2716 5366 unum
2771 5313 2911 5371 forte
2960 5317 3229 5387 significat
3289 5337 3353 5376 ex
3415 5323 3483 5376 iis
3531 5327 3624 5392 qui

378 5385 547 5455 κεκλη
558 5386 753 5453 μένων.
786 5387 893 5438 Καὶ
914 5388 1071 5440 πάλιν
1098 5390 1413 5457 Ἄνθρωποι
1444 5393 1666 5447 πολλοί
1685 5415 1692 5423 ν
1726 5394 1842 5448 ἀλλ’
1868 5396 1953 5446 ὅτε

2063 5414 2145 5466 per
2176 5399 2406 5468 gratiam
2444 5402 2623 5455 vocati
2657 5411 2786 5456 sunt
2824 5404 2917 5458 dii.
2959 5385 3105 5460 Idem
3150 5408 3484 5462 censendum
3515 5385 3620 5474 est,

379 5483 518 5545 μετὰ
548 5476 640 5528 τοῦ
673 5473 876 5544 ἄρθρου
906 5479 1066 5546 ιξησῖν
1085 5481 1111 5531 ό
1133 5481 1337 5551 Σωτὴρ,
1365 5482 1417 5533 Ὁ
1450 5484 1575 5548 Υἱός
1600 5485 1704 5538 τοῦ
1725 5486 1946 5552 ἀνθρὼ-

2063 5504 2208 5541 ιιιιιιι.
2259 5492 2488 5559 exmnpli
2546 5492 2740 5559 gratia,
2805 5494 3077 5563 ἅνθρωποι
3124 5496 3302 5547 πολλοὶ
3365 5497 3619 5555 dicimus.

451 5675 495 5704 “
532 5671 689 5728 Hebr.
719 5691 757 5736 ι,
796 5675 847 5728 5.
