4092 6274
467 338 528 395 Ἠ
1493 318 1550 372 S.
1586 311 1867 371 CVRILLI
1893 311 2061 368 ΑιΕι

2160 307 2371 365 lDlllNl
2406 305 2728 365 ARCHIEP.
3644 303 3716 359 7?.

463 471 576 531 Sed
604 482 731 525 cum
771 463 1027 520 Salvator
1053 455 1343 531 praemisso
1399 453 1632 509 articulo
1673 452 1832 519 dicit,
1859 452 1888 505 6
1912 449 2042 513 Υἱὸς

2160 440 2282 491 του,
2308 425 2381 488 ὼς
2411 424 2436 476 ἐ

465 562 562 618 τοῦ
607 558 920 630 ἀνθρώπου,
947 555 1099 610 velut
1138 551 1368 606 electqu
1409 562 1476 601 ex
1516 545 1761 599 millibus
1802 543 2042 612 seipsum

471 654 767 724 signiﬁcat.
807 649 944 702 Cum
990 642 1217 700 nomina
1256 641 1399 694 hanc
1428 644 1614 691 notam
1651 633 1709 688 in
1756 632 2042 702 Scriptura

471 720 652 796 divina
687 738 947 801 habeant,
985 749 1093 804 quo
1146 737 1308 802 pacto
1358 726 1577 782 demum
1623 720 2044 792 intelligendum

473 841 558 888 est
589 831 748 895 illud,
782 847 802 880 ι
837 827 896 882 ln
931 824 1203 896 principio
1251 827 1372 877 erat
1415 815 1698 872 Verbum?
1738 832 1757 866 ρ
1795 811 1852 868 Si
1897 811 2046 868 enim

474 925 844 997 quodcunque
877 920 972 974 Dei
1021 915 1263 971 Verbum
1301 909 1643 983 signiﬁcatur
1675 907 1729 960 in
1774 904 2047 977 principio

474 995 764 1077 exsistere,
795 1010 1028 1064 doceant
1059 1005 1190 1074 ipsi,
1224 1009 1278 1057 et
1323 1015 1425 1055 nos
1460 1011 1735 1069 nugamur
1773 1013 1786 1049 :
1829 995 1914 1050 sin
1946 1007 2046 1047 au-

474 1116 585 1163 tem
619 1101 902 1176 praemisso
948 1097 1181 1152 articulo
1226 1091 1559 1162 evangelista
1615 1101 1780 1142 unum
1812 1092 1868 1140 et
1908 1099 2040 1156 pro-

476 1197 594 1266 prie
618 1173 890 1250 exsistens
916 1184 1210 1258 signiﬁcat,
1229 1197 1353 1238 cum
1385 1181 1584 1236 clamat
1610 1195 1624 1232 :
1653 1195 1672 1230 ι
1691 1177 1753 1233 ln
1780 1173 2050 1247 principio

474 1296 596 1344 erat
645 1285 924 1345 Verbum,
973 1281 1002 1332 6
1055 1277 1255 1345 Λόγος,
1301 1273 1431 1345 quid
1460 1272 1662 1327 frustra
1692 1266 2052 1333 contendunt,

475 1379 586 1451 ω
630 1375 777 1431 aliud
833 1371 1195 1431 inducentes,
1254 1367 1433 1422 solum
1487 1370 1547 1417 ut
1611 1360 1682 1416 de
1741 1359 2052 1416 substantia

478 1449 656 1522 Patris
703 1463 904 1519 Filium
938 1457 1244 1530 dejiciant?
1291 1457 1362 1509 At
1405 1454 1600 1507 borum
1651 1449 2053 1505 absurditatem

474 1561 837 1617 observantes
865 1550 1251 1608 haereticorum
1291 1546 1656 1601 temeritatem
1684 1539 1939 1597 aversari
1965 1538 2054 1595 de-

477 1652 632 1708 bent.

544 1755 790 1821 ALIUD,
832 1751 1108 1809 ostendens
1151 1746 1358 1802 Filium
1408 1744 1477 1799 ad
1522 1743 1789 1797 internum
1827 1739 2050 1796 Verbum

477 1871 582 1908 non
607 1848 856 1922 formari,
880 1853 939 1899 ut
969 1844 1051 1898 illi
1089 1842 1274 1898 aiunt:
1307 1836 1398 1892 sed
1427 1835 1712 1904 imaginem
1745 1848 1858 1886 esse
1883 1831 2049 1898 ipsius

480 1946 688 1999 Patris.
733 1940 792 1996 Si
839 1936 1160 2009 unigenitus
1195 1931 1291 1987 Dei
1339 1929 1512 1984 Filius
1559 1926 1769 1982 idcirco
1810 1924 2052 1979 Verbum

479 2045 566 2090 est
598 2048 664 2088 ac
702 2036 953 2092 vocatur,
989 2035 1049 2081 ut
1089 2023 1168 2078 illi
1215 2021 1444 2083 volunt,
1476 2015 1738 2088 quoniam
1777 2015 2052 2069 internum

481 2125 662 2180 Patris
703 2121 944 2178 Verbum
993 2115 1303 2184 suscipiens
1346 2109 1416 2165 ad
1467 2107 1602 2163 illud
1652 2101 2056 2177 quodammodo

484 2217 770 2280 formatur,
810 2209 1003 2283 quidni
1051 2207 1237 2262 dicere
1274 2203 1489 2258 videtur
1545 2197 1667 2254 suis
1713 2193 2003 2265 discipulis
2038 2210 2051 2247 :

481 2306 595 2378 Ego
623 2315 678 2361 et
707 2282 949 2358 Verbum
975 2295 1160 2352 Patris
1191 2307 1364 2349 unum
1392 2304 1589 2347 sumus
1613 2305 1627 2342 :
1654 2285 1760 2352 Qui
1787 2282 1926 2339 vidit
1947 2297 2055 2349 me,

481 2397 619 2452 vidit
664 2394 902 2451 Verbum
947 2386 1176 2444 Patris?
1221 2384 1358 2440 Cum
1416 2389 1600 2436 autem
1634 2385 2059 2449 praetergressus

481 2486 670 2542 omnia
723 2485 967 2554 scipsum
1018 2478 1172 2535 solus
1219 2475 1323 2531 soli
1381 2471 1532 2528 Patri
1582 2469 1876 2536 assimilet,
1909 2465 2060 2522 nullo

483 2581 650 2652 igitur
688 2574 1016 2632 intermedio
1047 2571 1151 2642 ipsi
1185 2566 1458 2640 genitori,
1492 2571 1548 2620 et
1588 2577 1699 2619 non
1728 2561 1819 2618 alii
1839 2558 2060 2617 cuidam

484 2674 553 2729 ab
583 2673 704 2744 ipso
735 2667 934 2726 similis
961 2663 1137 2720 Filius
1173 2675 1299 2718 esse
1329 2655 1666 2715 censebitur.

768 2923 1009 2996 Objectio
1041 2935 1105 2976 ea:
1133 2918 1290 2973 dictis
1320 2913 1770 2971 adversariorum.

553 3023 734 3078 Alium
766 3033 890 3074 esse
921 3013 1316 3084 comperimus,
1347 3006 1627 3078 inquiunt,
1658 3000 1855 3056 Filium
1887 2997 1955 3052 ab
1981 2997 2065 3051 in-

487 3123 648 3170 terno
678 3110 773 3164 Dei
804 3107 993 3171 verbo,
1025 3118 1135 3158 non
1167 3107 1360 3155 nostro
1395 3111 1563 3153 sensu
1593 3108 1659 3149 eo
1693 3089 1936 3153 adducti,
1965 3085 2060 3142 sed
2089 3128 2132 3186 C

485 3206 686 3260 divina:
709 3199 1006 3268 Scriptura:
1034 3188 1518 3248 observationibus
1546 3203 1560 3240 ε
1589 3181 1724 3254 quid
1746 3179 1893 3236 enim
1916 3178 2064 3234 dice-

486 3311 609 3352 mus
639 3308 763 3349 cum
799 3288 998 3344 Filium
1043 3283 1112 3340 ad
1152 3282 1373 3336 Patrem
1412 3278 1683 3333 dicentem
1732 3272 2062 3326 audiemus:

489 3405 510 3440 ι
545 3385 801 3442 Clariﬁea
841 3377 1040 3433 Filium
1090 3385 1284 3438 tuum;
1334 3388 1354 3423 ι
1389 3368 1607 3423 Patrem
1656 3377 1788 3419 vero
1833 3374 2066 3430 respon-

485 3477 726 3536 dentem,
757 3487 822 3526 ac
864 3470 1182 3525 dicentem:
1219 3482 1237 3516 ι
1274 3463 1341 3517 Ει
1367 3455 1668 3515 clariﬁcavi
1691 3495 1706 3520 ,
1762 3459 1817 3508 et
1862 3452 2064 3506 iterum

486 3567 802 3626 clarificabo
833 3564 934 3616 ⁸⁷.»
971 3562 1051 3614 An
1083 3574 1191 3612 non
1241 3557 1400 3625 plane
1435 3549 1729 3606 fatebimur
1759 3543 1974 3598 Patrem
2011 3540 2067 3594 in

489 3663 657 3718 verbo
696 3652 1029 3725 respondere
1068 3646 1244 3703 Filio?
1272 3640 1561 3710 Quomodo
1600 3649 1733 3706 ergo
1781 3647 1889 3686 non
1920 3629 2068 3684 aliud

487 3763 575 3812 est
611 3768 641 3807 a
668 3722 834 3812 Filio,
866 3744 922 3799 id
955 3757 1054 3814 per
1083 3737 1229 3810 quod
1255 3736 1418 3790 Pater
1445 3730 1584 3786 Filio
1616 3722 1950 3796 respondet?

749 3921 925 3976 Variae
954 3915 1242 3973 solutiones
1274 3911 1431 3966 istius
1463 3903 1792 3976 abjectionis.

562 4013 971 4075 Admiratione,
1035 4008 1146 4062 imo
1186 3999 1670 4059 commiseratione
1723 3992 1874 4064 digni
1940 3998 2069 4047 sunt

490 4111 646 4182 impii
695 4102 961 4167 haeretici,
1007 4098 1253 4168 illudque
1292 4089 1672 4164 propheticum
1705 4085 1760 4140 in
1788 4085 1936 4154 ipsos
1977 4096 2068 4137 ca-

487 4172 606 4259 dit':
640 4218 660 4253 ι
691 4197 868 4252 Nolite
889 4195 1018 4249 ﬁere
1045 4197 1346 4247 mortuum,
1373 4197 1473 4237 nec
1500 4180 1713 4250 plorate
1740 4175 1924 4246 ipsum
1949 4172 2017 4226 ⁸⁸.
2039 4173 2061 4223 ἰ

490 4293 640 4350 Flete
673 4301 723 4348 et
751 4289 966 4360 plorate
997 4296 1122 4340 eum
1148 4279 1243 4351 qui
1287 4276 1416 4331 talia
1441 4274 1507 4328 de
1558 4268 1854 4339 Unigenito
1903 4263 2069 4321 sentit

489 4402 554 4442 ac
589 4358 918 4446 dicit.—Quid
949 4376 1096 4432 enim
1136 4378 1221 4428 est
1267 4368 1354 4425 his
1384 4362 1780 4427 miserabilius,
1829 4358 1872 4414 si
1923 4358 2066 4412 hanc

489 4491 614 4532 esse
673 4471 895 4544 proprie
947 4474 1002 4521 et
1059 4476 1192 4519 vere
1247 4458 1429 4514 Patris
1481 4469 1672 4509 vocem
1702 4450 2060 4513 Txistimcnt,
2095 4462 2140 4517 ι)

490 4542 818 4638 quam—non
879 4557 1057 4614 solum
1112 4552 1391 4616 Salvator,
1424 4548 1520 4604 sed
1565 4554 1620 4601 et
1667 4543 1787 4614 ipsa
1823 4542 2065 4596 circum-

491 4632 751 4715 stantium
793 4651 1104 4707 Judzeorum
1130 4640 1450 4703 multitudo,
1486 4637 1730 4705 adeoque
1762 4632 2064 4702 discipulo-

492 4763 614 4803 rum
674 4745 880 4800 chorus
909 4735 1127 4794 audiit?
1187 4733 1481 4788 Praestaret
1542 4725 1688 4781 enim
1736 4737 1832 4778 eos
1897 4721 2058 4775 aliter

491 4840 562 4896 de
591 4835 793 4892 divinis
855 4824 1231 4903 praerogativis
1290 4814 1652 4881 ratiocinari,
1703 4825 1883 4882 neque
1953 4824 2055 4864 no-

491 4931 626 4988 stris
656 4941 720 4982 ea
761 4924 1033 4992 subjicere
1073 4915 1326 4987 legibus,
1367 4925 1489 4982 qum
1547 4919 1712 4975 supra
1759 4917 1860 4958 nos
1912 4907 2063 4956 sunt.

490 5018 754 5091 Corporis
783 5015 924 5071 enim
957 5011 1202 5066 auditum
1240 5017 1502 5074 corporea
1532 5015 1633 5054 vox
1665 4995 1768 5068 41
1802 4995 1982 5064 pulsat
2012 4999 2068 5048 et

492 5115 762 5170 labiorum
835 5119 1003 5162 sonus
1063 5113 1362 5168 erumpens
1415 5096 1468 5147 in
1528 5105 1743 5152 aerem,
1801 5093 1895 5139 aut
1957 5085 2066 5139 alio

492 5205 730 5280 quodam
787 5199 1156 5254 instrumento
1215 5189 1414 5244 editus.
1469 5182 1648 5237 Putris
1729 5186 1912 5232 autem
1967 5189 2063 5229 vo-

494 5266 758 5354 luntatem
802 5302 924 5360 quae
961 5287 1016 5341 in
1067 5280 1300 5335 vocibus
1349 5269 1716 5329 inetl‘abilibus
1770 5266 1969 5321 leniter
2001 5280 2067 5320 ac

489 5385 639 5441 velut
668 5383 723 5436 in
757 5357 940 5435 mente
972 5383 1256 5432 versatur,
1305 5365 1458 5421 solus
1486 5359 1638 5416 novit
1668 5358 1722 5411 in
1756 5357 1875 5428 ipso
1903 5364 2064 5411 natu-

494 5479 679 5532 raliter
718 5473 994 5531 exsistcns
1035 5463 1236 5526 Filius,
1297 5464 1486 5527 utpote
1535 5451 1801 5522 sapientia
1847 5448 1970 5518 ejus
1993 5448 2062 5505 ”.

499 5567 641 5623 Voce
673 5579 798 5622 vero
820 5565 935 5620 ictu
965 5558 1109 5616 aeris
1135 5550 1476 5611 conformata
1500 5542 1725 5600 credere
1759 5540 1928 5595 Deum
1962 5538 2062 5604 uti,

599 5767 643 5799 ⁸⁷
672 5763 830 5823 Joan.
868 5779 967 5820 xu.
997 5763 1087 5817 28.

1193 5759 1242 5793 ⁸⁸
1269 5754 1380 5812 Jcr.
1415 5763 1548 5814 χχιι,
1582 5744 1677 5814 10..
1727 5745 1771 5777 θ’
1793 5742 1812 5797 l
1837 5743 1967 5801 Cor.
1999 5756 2037 5812 ι,
2068 5740 2158 5795 24.

2441 421 2856 493 κλελοχισμὲνον
2884 416 2992 473 ἀπὸ
3027 415 3304 490 μυριάδων
3330 414 3523 472 ἑαυτὸν
3551 435 3724 473 κατα·-

2147 516 2424 586 σημαίνει.
2451 515 2652 568 Τοῦτον
2691 512 2923 582 ἐχόντων
2952 511 3060 563 τῶν
3106 509 3385 580 ὀνομάτων
3417 511 3508 563 τὸν
3552 509 3724 566 τύπον

2146 606 2296 677 παρὰ
2332 607 2399 676 τῇ
2427 605 2547 676 θείᾳ
2573 604 2762 676 Γραφῇ
2790 645 2805 669 ,
2838 601 2954 664 πῶς
2976 601 3085 672 ἄρα
3115 601 3383 671 προσήκει
3411 602 3598 671 νοῆσαι
3638 601 3724 668 τὸ,

2152 716 2170 748 ι
2211 698 2300 750 Ἐν
2333 698 2474 767 ἀρχῇ
2495 691 2564 766 ἦν
2591 696 2619 748 6
2643 694 2815 763 Λόγος
2840 707 2855 758 ;
2881 709 2899 743 ι
2935 691 3000 746 Εἰ
3032 690 3131 762 μὲν
3161 690 3271 761 γὰρ
3298 691 3406 752 πᾶς
3432 688 3592 758 λόγος
3627 690 3722 743 τοῦ

2146 787 2281 842 Θεοῦ
2307 787 2396 841 διὰ
2440 785 2632 840 τούτου
2663 783 3022 855 σημαίνεται,
3056 780 3132 845 ὡς
3171 781 3432 852 ὑπάρχων
3469 781 3526 834 ἐν
3555 783 3722 852 ἀρχῇ,

2146 878 2510 933 δεικνύτωσαν
2537 875 2714 941 αὐτοὶ,
2748 875 2844 929 καὶ
2877 873 3152 946 ληροῦμεν
3174 874 3336 945 ἡμεῖς
3359 889 3372 902 ·
3414 873 3462 926 εί
3496 873 3552 926 δὲ
3587 889 3724 943 προ-

2146 970 2318 1037 τάξας
2342 969 2405 1023 τὸ
2429 967 2631 1040 ἄρθρον
2661 967 2690 1020 6
2715 964 3134 1036 εύαγγελιστὴς,
3165 965 3242 1027 ὡς
3277 964 3372 1016 ἕνα
3399 963 3493 1016 καὶ
3519 963 3725 1035 κυρίως

2147 1062 2278 1116 ὄντα
2327 1060 2620 1132 σημαίνει,
2669 1058 2809 1130 βοῶν
2850 1077 2871 1111 ι
2907 1059 2996 1111 Ἐν
3027 1059 3168 1129 ἀρχῇ
3211 1052 3280 1128 ἦν
3324 1059 3354 1110 6
3385 1056 3590 1124 Λόγος·
3619 1073 3639 1106 ι
3670 1053 3725 1107 τί

2152 1153 2332 1225 μάτην
2355 1149 2753 1222 φιλονεικοῦσιν
2794 1149 2982 1221 ἓτερον
3010 1147 3428 1219 ἐπεισφέροντες
3449 1187 3466 1213 ,
3507 1147 3595 1202 ἵνα
3625 1146 3726 1217 p.6-

2150 1261 2240 1298 vov
2285 1243 2615 1314 ἐκπέμπωσι
2661 1243 2761 1312 τῆς
2790 1239 2978 1304 οὐσίας
3023 1237 3118 1292 τοῦ
3167 1238 3382 1308 Πατρὸς
3427 1237 3520 1290 τὸν
3548 1237 3722 1302 Υἱόν;

2163 1334 2510 1398 Ἐννοοῦντας
2548 1333 2606 1388 δὲ
2642 1332 2705 1386 τὸ
2748 1332 2841 1386 ἐπὶ
2868 1330 3080 1394 τούτοις
3107 1331 3307 1384 ἄτοπον
3341 1327 3726 1400 παραιτεῖσθαι

2151 1428 2421 1501 προσήκει
2450 1426 2551 1499 τὴν
2583 1426 2691 1482 τῶν
2721 1422 3170 1497 ἐτεροδοξούντων
3199 1421 3477 1477 ἀδουλίαν.

2223 1686 2427 1751 ΛΛΛΟ,
2453 1683 2732 1740 δεικνύοι·
2749 1682 2951 1754 ὅτιπερ
2976 1683 3050 1738 ού
3078 1679 3232 1737 κατὰ
3255 1680 3362 1736 τόν
3384 1680 3726 1736 ἐνδιάθετον

2081 1796 2122 1850 Β
2150 1777 2366 1846 Λόγον,
2392 1775 2477 1842 ὡς
2506 1774 2727 1829 ἐκεῖνοι
2763 1789 2946 1843 φασι,
2970 1770 3300 1843 μορφοῦται
3325 1772 3359 1824 ό
3393 1770 3556 1836 Υἱὸς,
3588 1770 3724 1825 ἀλλ’

2154 1867 2331 1923 εἰκών
2357 1868 2526 1921 ἐστιν
2563 1866 2752 1920 αὑτοῦ
2781 1865 2891 1920 τοῦ
2919 1865 3171 1931 Πατρός.
3209 1863 3273 1915 Et
3310 1860 3399 1915 διὰ
3427 1859 3586 1914 τοῦτο
3623 1861 3728 1915 Λό-

2155 1977 2250 2028 γος
2271 1958 2388 2011 ἐστί
2429 1975 2489 2011 τε
2539 1958 2633 2011 καὶ
2661 1956 2991 2027 ὀνομάζεται
3032 1957 3152 2010 κατ’
3176 1953 3420 2020 ἐκείνους
3443 1955 3471 2007 6
3506 1971 3730 2025 μονογε-

2156 2053 2254 2120 νὴς
2281 2049 2408 2114 Υἱὸς
2428 2049 2522 2103 τοῦ
2551 2047 2708 2114 Θεοῦ,
2739 2048 2909 2120 ὁτιδὴ
2941 2047 3033 2102 τὸν
3061 2046 3364 2102 ἐνδιάθετον
3395 2046 3489 2100 τοῦ
3516 2047 3731 2118 Πατρός

2155 2139 2446 2210 δεχόμενος
2473 2138 2666 2208 Λόγον,
2693 2139 2856 2192 οἱονεὶ
2888 2137 3188 2209 μορφοῦται
3220 2136 3358 2210 πρὸς
3395 2138 3600 2191 ἐκεῖνον
3620 2175 3636 2202 ,
3680 2137 3733 2189 τί

2160 2232 2236 2303 μὴ
2286 2229 2463 2300 λέγων
2499 2231 2692 2304 ὁρᾶται
2723 2228 2862 2303 πρὸς
2892 2231 3018 2294 τοὺς
3046 2228 3240 2282 ἑαυτοῦ
3269 2229 3541 2300 μαθητάς·
3591 2229 3734 2299 Ἐγὼ

2160 2323 2253 2377 καὶ
2280 2325 2310 2378 6
2353 2322 2526 2393 Λόγος
2555 2321 2650 2376 τοῦ
2685 2321 2896 2394 Πατρος
2917 2321 2976 2374 ἐν
3005 2322 3172 2392 ἐσμεν
3191 2359 3207 2387 ,
3257 2323 3286 2374 6
3315 2321 3578 2392 ἑωρακὼς
3610 2323 3729 2392 ἐμὲ,

2159 2413 2372 2486 ἐώρακε
2421 2415 2512 2469 τὸν
2545 2414 2718 2484 Λόγον
2765 2413 2857 2466 τοῦ
2892 2413 3143 2484 Πατρός;
3185 2413 3406 2485 Ἐπειδὴ
3449 2414 3507 2466 δέ
3557 2414 3734 2469 πάντα

2161 2505 2404 2578 ὑπερϐὰς
2430 2505 2621 2560 ἐαυτὸν
2643 2503 2882 2575 ἐξομοιοῖ
2917 2506 3062 2574 μόνῳ
3093 2503 3252 2575 μόνος
3289 2503 3368 2574 τῷ
3406 2505 3611 2576 Πατρὶ,
3643 2507 3735 2559 οὐ-

2159 2599 2308 2662 δενὸς
2337 2599 2446 2668 ἄρα
2485 2597 2650 2668 μέσου
2682 2596 2984 2668 χωροῦντος
3017 2595 3116 2667 τὴν
3148 2595 3407 2667 ὁμοίωσιν
3429 2637 3444 2664 ,
3481 2596 3628 2669 αὐτῷ
3655 2597 3736 2669 τῷ

2159 2691 2467 2760 γεννήτορι,
2493 2687 2588 2741 καὶ¹
2617 2687 2714 2757 οὐχ
2736 2687 2907 2758 ἑτέρῳ
2933 2685 3038 2740 τινὶ
3064 2687 3191 2758 παρ’
3217 2685 3381 2740 αὐτὸν
3402 2687 3738 2758 προσεοικὼς

2161 2784 2191 2836 6
2225 2782 2353 2846 Υἱὸς
2375 2781 2721 2852 νοηθήσεται.

2387 2871 2739 2937 Ἅντίθεσις,
2778 2871 2860 2935 ὡς
2885 2869 2951 2924 ἐκ
2980 2870 3098 2924 τῶν
3114 2870 3190 2925 δι’
3222 2871 3522 2940 ἐναντίας.

2237 2967 2464 3036 ’Ἕτερον
2497 2963 2644 3027 ὅντα,
2673 2961 2830 3032 φησὶ,
2867 2962 2957 3016 τὸν
2991 2963 3118 3016 Υίὸν
3144 2963 3294 3036 παρὰ
3318 2965 3408 3018 τὸν
3431 2964 3734 3020 ἐνδιάθετον

2163 3058 2257 3113 τοῦ
2287 3057 2424 3111 Θεοῦ
2450 3056 2620 3125 Λόγον
2643 3055 2990 3126 εὑρίσκομεν,
3023 3056 3084 3110 ού
3113 3059 3234 3121 ταῖς
3263 3057 3468 3111 ἑαυτῶν
3505 3055 3733 3120 ἐννοίαις

2164 3153 2242 3214 εἰς
2268 3147 2426 3204 τοῦτο
2451 3147 2834 3218 προσέχοντες,
2865 3146 3000 3200 ἀλλὰ
3027 3149 3139 3211 τοῖς
3164 3148 3272 3201 ἀπὺ
3293 3147 3394 3217 τῆς
3421 3146 3566 3211 θείας
3590 3147 3735 3217 Γρα-

2165 3242 2274 3313 φῆς
2306 3241 2664 3310 θεωρήμασι·
2717 3237 2770 3289 τί
2819 3237 2926 3308 γάρ
2976 3237 3208 3310 ἐροῦμεν
3251 3239 3382 3293 ὅταν
3413 3237 3736 3309 ἀκούσωμεν

2163 3334 2412 3402 λέγοντος
2440 3332 2532 3386 τοῦ
2573 3332 2702 3387 Υίοῦ
2747 3330 2882 3400 πρὸς
2909 3328 2998 3384 τὸν
3023 3330 3260 3400 Πατέρα·
3323 3347 3344 3382 ‹
3377 3328 3610 3395 Δόξασόν
3641 3345 3734 3382 σου

2163 3423 2254 3476 τὸν
2285 3422 2412 3477 Υίόν
2437 3441 2451 3454 ·
2484 3441 2504 3474 ι
2535 3422 2630 3476 τοῦ
2653 3424 2710 3476 δέ
2736 3421 2948 3492 Πατρδς
2975 3415 3042 3474 αὖ
3084 3419 3246 3473 πάλιν
3278 3417 3733 3489 ἀποκρινομένου,

2165 3514 2260 3566 καὶ
2308 3514 2559 3582 λέγοντος
2579 3528 2598 3544 ·
2643 3513 2783 3567 (Καὶ
2815 3513 3042 3577 ἐδόξασα
3065 3550 3079 3576 ,
3114 3510 3209 3565 καὶ.
3241 3508 3402 3564 πάλιν
3429 3508 3636 3572 δοξάσω
3662 3526 3678 3575 ;
3711 3525 3730 3558 ι

2165 3601 2310 3676 τΔρα
2343 3607 2466 3676 οὐχὶ
2515 3606 2733 3670 πάντως
2776 3606 2833 3659 ἐν
2862 3605 3020 3676 Λόγῳ
3062 3602 3306 3672 δώσομεν
3354 3600 3740 3670 ἀπολογεῖσθαι

2165 3700 2242 3769 τῷ
2273 3701 2385 3771 Υἱῷ
2423 3699 2512 3754 τὸν
2539 3700 2757 3773 Πατέρα
2781 3716 2796 3766 ;
2840 3697 2966 3763 Πῶς
2991 3692 3083 3753 οὖν
3112 3696 3209 3767 οὐχ
3251 3695 3438 3767 ἕτερος
3465 3694 3616 3767 παρὰ
3644 3694 3738 3748 τὸν

2171 3793 2298 3845 Υἰὺν
2333 3795 2361 3846 6
2390 3792 2455 3846 δι’
2485 3786 2546 3845 οῦ
2577 3792 2714 3864 πρὸς
2741 3792 2904 3845 αὑτὸν
2938 3793 2967 3844 6
3001 3789 3190 3860 Πατὴρ
3223 3787 3640 3858 ἀντιφθέγγεται
3672 3805 3686 3852 ;

2365 3885 2521 3953 Πρὸς
2545 3885 2721 3939 τοῦτο
2749 3885 2959 3949 λύσεις
2987 3879 3208 3950 ἐφεξῆς
3236 3879 3524 3948 διάφοροι.

2249 3977 2683 4048 ’Λποθαυμάζειν
2716 3977 2864 4043 ἄξιον
2887 4014 2902 4041 ,
2952 3972 3148 4044 μᾶλλον
3176 3972 3232 4025 δὲ
3277 3972 3377 4042 ἤδη
3423 3971 3520 4023 καὶ
3545 3969 3738 4040 ὀλοφύ-

2172 4066 2362 4140 ρεσθαι
2391 4069 2518 4132 τοὺς
2553 4067 2805 4131 ἀνοσίους
2842 4065 3152 4138 αἱρετικοὺς
3175 4104 3190 4129 ,
3234 4062 3329 4117 καὶ
3358 4064 3422 4133 δὴ
3473 4061 3486 4134 [
3513 4062 3586 4116 al.
3617 4061 3737 4134 δεῖ]
3811 4051 3824 4055 ’ν

2167 4163 2388 4215 κάκεῖνο
2416 4160 2596 4229 λέγειν
2636 4158 2723 4212 ἐπ’
2763 4157 2944 4221 αὐτοῖς
2987 4156 3049 4210 τὸ
3085 4158 3142 4209 ἐν
3179 4155 3430 4226 προφήτῃ
3472 4152 3741 4224 λαλούμε-

2168 4269 2293 4305 νον·
2350 4272 2368 4303 ι
2393 4252 2485 4322 Μὴ
2533 4251 2747 4303 κλαίετε
2799 4249 2891 4302 τὸν
2939 4246 3275 4318 τεθνηκότα,
3317 4245 3451 4317 μηδὲ
3493 4243 3738 4316 θρηνεῖτε

2167 4343 2350 4398 αὐτόν.
2391 4360 2412 4394 ι
2475 4341 2762 4394 Κλαύσατε
2812 4336 3073 4408 κλαυθμῷ
3109 4336 3200 4390 τὸν
3239 4336 3308 4390 τὰ
3349 4335 3571 4388 τοιαῦτα
3612 4336 3740 4404 περὶ

2167 4435 2260 4490 τοῦ
2297 4432 2637 4501 Μονογενοῦς
2699 4431 2999 4503 φρονοῦντα
3061 4430 3155 4484 καὶ
3208 4429 3435 4498 λέγοντα
3463 4444 3478 4459 ·
3524 4427 3579 4481 τί
3632 4428 3737 4496 γὰρ

2171 4527 2237 4581 ἂν
2265 4526 2476 4597 γένοιτο
2516 4525 2625 4579 τῶν
2665 4523 2916 4576 τοιούτων
2953 4519 3300 4587 ἀθλιώτερον,
3349 4517 3405 4570 εῐ
3429 4535 3493 4586 γε
3535 4516 3740 4587 κυρίως

2168 4638 2228 4675 τε
2258 4622 2353 4675 καὶ
2386 4617 2600 4689 ἀληθῶς
2624 4615 2827 4686 ταύτην
2856 4609 2991 4666 εἶναι
3019 4612 3110 4666 τοῦ
3158 4611 3368 4682 Πατρδς
3393 4609 3740 4662 ὑπετόπασαν

2167 4712 2264 4782 τὴν
2298 4710 2480 4781 φωνὴν
2503 4750 2519 4774 ,
2553 4703 2619 4780 ἦς
2653 4707 2713 4760 οὗ
2768 4706 2925 4777 μόνος
2955 4704 3260 4774 ἐπήκουσεν
3294 4704 3321 4755 ό
3345 4702 3537 4771 Σωτὴρ
3556 4738 3571 4764 ,
3603 4697 3742 4751 ἀλλὰ

2168 4803 2264 4856 καὶ
2294 4800 2431 4872 αὑτὴ
2455 4800 2563 4854 τῶν
2604 4796 2868 4852 Ἰουδαίων
2901 4797 2933 4866 ἠ
2963 4793 3304 4866 περιεστῶτα
3331 4791 3562 4862 πληθὺς,
3601 4789 3741 4860 μᾶλ-

2172 4894 2264 4947 λον
2307 4892 2363 4945 δὲ
2415 4891 2524 4943 τῶν
2572 4889 2742 4957 ἁγίων
2805 4885 3061 4958 μαθητῶν
3117 4885 3146 4937 6
3192 4882 3384 4955 χορὸςς
3437 4881 3584 4935 Ἔδει
3633 4879 3742 4950 γὰρ

2176 4983 2378 5054 μᾶλλον
2407 4979 2604 5042 αὐτοὺς
2625 4979 2692 5031 τὰ
2723 4975 3001 5048 θεοπρεπῆ
3031 4972 3394 5043 φαντάζεσθαι
3426 4969 3751 5039 πλεονεκτή-

2176 5091 2343 5148 ματα,
2379 5074 2473 5127 καὶ
2513 5072 2587 5143 μὴ
2613 5073 2723 5134 τοῖς
2753 5068 2872 5121 καθ’
2897 5068 3047 5138 ἡμᾶς
3073 5065 3258 5136 νόμοις
3286 5062 3514 5131 ὑπάγειν
3547 5061 3742 5131 πειρᾶ-

2174 5167 2298 5221 σθαι
2343 5163 2414 5219 τὰ
2447 5164 2585 5235 ὑπὲρ
2631 5163 2799 5233 ἡμᾶς.
2830 5159 2942 5230 Τὴν
2997 5158 3095 5229 μὲν
3126 5155 3234 5227 γὰρ
3273 5154 3524 5225 σώματος
3572 5153 3742 5222 ἀκοὴν

2174 5254 2462 5328 σωματικὴ
2522 5251 2894 5325 προσαράσσει
2932 5249 3118 5319 φωνὴ,
3167 5247 3260 5302 καὶ
3314 5245 3520 5307 κτύπος
3576 5246 3606 5296 6
3655 5243 3744 5296 διὰ

2172 5349 2394 5421 χειλέων
2436 5350 2514 5410 εἰς
2554 5344 2693 5416 ἀέρα
2728 5341 3053 5414 προκύψας,
3097 5341 3130 5410 ἢ
3188 5339 3274 5392 διά
3317 5354 3461 5400 τινος
3498 5334 3744 5406 μηχανῆς

2172 5443 2367 5514 ἐτέρας
2390 5437 2716 5510 ἐπινοηθείς.
2742 5436 2852 5507 Τὴν
2877 5435 2933 5489 δὲ
2956 5437 3012 5487 ἐν
3034 5434 3292 5505 ἀρρήτοις
3313 5430 3515 5500 φωναῖς
3535 5427 3744 5498 ἡρέμα,

2173 5536 2268 5590 καὶ⁴
2303 5533 2464 5588 οἱονεὶ
2515 5532 2658 5586 κατὰ
2720 5528 2845 5583 νοῦν
2907 5524 3282 5600 στρεφομένην
3342 5521 3597 5594 βούλησ.ν
3648 5516 3744 5572 τοῦ
