4092 6274
313 367 388 424 73
1396 359 1462 415 IN
1494 356 1775 416 IOAVNIS
1813 354 2264 412 EVANGELIUM
2299 356 2424 412 LIB.
2457 355 2501 410 I.
3507 356 3573 411 78

313 479 530 553 Πατρδς
549 518 566 541 ,
603 477 766 550 μόνος
805 470 946 530 οἶδεν
996 473 1055 528 ιν
1082 471 1236 545 αύτῷ
1267 471 1514 542 φυσικῶς
1567 470 1832 543 ύπὰρχων
1860 471 1892 522 ό

2006 468 2293 523 absurdum
2332 469 2492 538 plane
2527 477 2643 533 est,
2691 467 2965 540 siquidem
3014 475 3271 538 putamus
3305 483 3575 542 supremae

315 571 444 635 Υἱὸς
467 568 546 632 ὡς
574 567 739 638 σοφία
774 563 962 620 αὐτοῦ.
985 565 1140 634 Φωνῇ
1171 561 1229 616 δὲ
1253 565 1318 634 τῇ
1345 561 1434 615 διὰ
1457 559 1665 615 κτύπου
1695 559 1896 631 κεχρῆ-

317 663 444 717 σθαι
496 660 588 714 τὸν
633 658 764 714 Θεὺν
815 654 1251 727 ὑπολαμϐάνειν,
1278 652 1557 717 παντελῶς
1604 652 1891 715 ἀπίθανον,

313 755 474 826 ειπερ
506 751 728 822 οἰόμεθα
766 749 878 803 δεῖν
903 746 1208 812 ἀποσώζειν
1248 747 1316 818 τῇ
1343 745 1484 816 ὑπὲρ
1515 745 1691 799 πάντα
1733 741 1894 810 φύσει

313 845 384 899 τὰ
418 844 561 914 ὑπὲρ
593 841 692 913 τὴν
723 841 922 894 κτίσιν.
963 839 1174 902 ’Ἄλλως
1203 855 1264 891 τε
1303 837 1396 891 καὶ
1432 835 1594 898 αὐτὸς
1631 837 1660 888 ό
1690 833 1895 900 Κύριος

313 936 474 1007 ἡμῶν
520 933 728 1006 Ἰησοῦς
755 935 784 986 ό
813 931 1044 1003 Χριστὸς
1074 931 1179 984 οὐκ
1206 929 1312 999 ἔφη
1343 928 1514 1000 αὐτὴν
1542 928 1725 997 φωνὴν
1757 922 1896 978 εἶναι

312 1027 408 1082 τοῦ
455 1025 592 1082 Θεοῦ
659 1025 754 1080 καὶ
809 1023 1057 1094 Πατρὸς,
1099 1022 1214 1076 ἀλλ’
1245 1019 1368 1075 ούδέ
1405 1020 1504 1089 τῆς
1547 1021 1679 1090 παρ’
1707 1017 1895 1087 ἐτέρου

313 1118 570 1191 δεόμενον
609 1115 908 1187 ἑρμηνείας
965 1113 1102 1185 πρὸς
1153 1113 1216 1166 τὸ
1259 1111 1521 1166 δύνασθαι
1568 1109 1761 1179 μαθεῖν
1796 1107 1896 1178 τὴν

311 1209 410 1266 τοῦ
447 1209 660 1280 Πατρός
695 1207 952 1278 βούλησιν
977 1205 1169 1258 ἑαυτὸν
1201 1202 1532 1258 ἐπιδεικνύει
1562 1202 1756 1270 λέγων·
1789 1200 1893 1253 «ού

312 1301 384 1354 δι’
420 1300 520 1371 ἐμὲ
563 1300 596 1369 ἡ
633 1297 784 1368 φωνὴ
815 1296 954 1366 αῦτη
976 1295 1190 1364 γέγονε,
1219 1293 1356 1347 ἀλλὰ
1378 1293 1445 1345 δι’
1475 1291 1621 1362 ὑμᾶς
1648 1305 1661 1319 ·
1700 1308 1719 1342 ι
1758 1288 1898 1358 χρῆν

313 1391 375 1445 δέ
395 1408 482 1460 γε,
513 1383 561 1444 ὦ
591 1389 882 1461 βέλτιστοι,
918 1386 1117 1458 μᾶλλον
1171 1387 1379 1446 εἰπεῖν,
1427 1383 1482 1436 el!
1525 1398 1587 1450 γε
1609 1380 1792 1444 καλῶς
1829 1378 1897 1431 τά

318 1479 544 1532 τοιαῦτα
571 1479 698 1548 περὶ
729 1477 866 1530 Θεοῦ
898 1474 1148 1540 δοξάζετε
1169 1493 1182 1507 ·
1224 1495 1244 1527 ‹
1281 1471 1581 1527 Ἠκούσατε
1615 1471 1730 1542 μετ’
1759 1467 1897 1538 ἐμοῦ

316 1572 420 1641 τῆς
448 1573 629 1641 φωνῆς
653 1570 744 1624 τοῦ
778 1569 990 1638 Πατρός
1015 1583 1028 1597 ’
1054 1587 1073 1620 ι
1106 1567 1224 1620 νυνὶ
1245 1567 1301 1619 δὲ
1331 1567 1411 1628 εὶς
1444 1566 1551 1617 πᾶν
1588 1562 1899 1617 τούναντίον

318 1659 655 1731 περιτρέψας
685 1661 744 1712 τὸ
772 1659 1100 1728 δηλούμενον
1124 1697 1140 1720 ,
1171 1656 1298 1708 οὔτε
1349 1657 1532 1725 φωνῆς
1574 1652 1765 1706 ἑαυτὸν
1807 1652 1898 1706 δε-

317 1750 547 1821 δεῆσθαι
580 1749 1004 1821 προσομολογεῖ,
1035 1745 1362 1818 γεγενῆσθαι
1393 1746 1452 1799 δέ
1509 1745 1706 1815 μᾶλλον
1740 1742 1900 1796 αὑτὸν

1991 557 2241 612 omnium
2285 565 2494 610 naturas
2532 571 2597 611 ea
2626 557 2894 612 servanda
2933 571 3058 611 esse
3092 571 3214 624 qua:
3248 568 3378 613 sunt
3408 575 3574 629 supra

1995 657 2331 704 creaturam.
2367 648 2626 716 Alioquin
2679 648 2796 718 ipse
2826 663 3047 718 quoque
3093 646 3356 705 Dominus
3389 658 3577 705 noster

1991 738 2154 796 Iesus
2178 738 2434 794 Christus
2478 754 2585 793 non
2617 739 2755 793 dixit
2790 739 2964 809 ipsam
3001 753 3187 792 vocem
3218 753 3344 794 esse
3387 739 3481 795 Dei
3510 755 3577 795 ac

1995 829 2200 894 Patris,
2233 831 2328 886 sed
2361 844 2538 900 neque
2561 831 2788 885 alterius
2820 830 3268 900 interpretatione
3297 831 3403 886 sibi
3433 846 3577 902 opus

1993 937 2119 979 esse
2163 922 2230 978 ad
2284 920 2688 992 percipiendam
2726 920 2908 977 Patris
2945 923 3276 978 voluntatem
3310 925 3577 990 ostendit,

1993 1015 2226 1070 dicens:
2265 1031 2285 1063 ι
2318 1011 2436 1067 Non
2469 1021 2689 1083 propter
2721 1030 2806 1069 me
2831 1014 2947 1068 haec
2979 1031 3079 1069 vox
3122 1014 3290 1080 venit,
3323 1015 3418 1070 sed
3452 1031 3579 1085 pro-

1996 1114 2118 1174 pter
2149 1121 2251 1162 vos
2271 1106 2338 1160 ⁹¹.
2365 1124 2385 1158 ι
2409 1105 2598 1160 Dicere
2631 1106 2835 1176 quippe
2861 1105 3085 1161 deberet
3112 1107 3325 1175 potius,
3363 1123 3398 1160 o
3425 1107 3577 1168 boni.

1997 1195 2043 1252 si
2073 1204 2222 1251 recta
2253 1205 2337 1251 est
2369 1196 2460 1250 illa
2491 1205 2671 1252 vestra
2707 1198 2774 1252 de
2796 1195 2904 1252 Deo
2935 1198 3207 1252 sententia
3233 1213 3247 1249 τ
3276 1213 3298 1248 ι
3327 1197 3579 1252 Audistis

1997 1302 2208 1341 mecum
2257 1301 2447 1342 vocem
2487 1286 2700 1354 Patris;
2741 1307 2759 1340 ι
2815 1303 2961 1343 nunc
3005 1299 3185 1343 autem
3237 1289 3576 1345 contrarium

1997 1377 2160 1448 plane
2182 1377 2522 1448 signiﬁcans,
2553 1394 2730 1449 neque
2760 1379 2865 1435 sibi
2893 1395 3032 1450 opus
3063 1380 3234 1437 fuisse
3259 1396 3391 1436 voce
3409 1389 3581 1436 testa-

1999 1479 2125 1538 tur,
2161 1472 2256 1528 sed
2284 1485 2403 1527 eam
2434 1472 2618 1542 potius
2659 1481 2879 1544 propter
2910 1474 3032 1530 illos
3069 1473 3268 1528 factam
3299 1490 3422 1530 esse
3443 1490 3579 1528 coii-

2000 1564 2180 1620 lirniat
2202 1608 2216 1631 ,
2273 1581 2384 1621 non
2413 1566 2680 1636 prolatam
2737 1568 2906 1621 fuisse
2939 1582 2969 1621 a
3001 1566 3192 1634 Patre,
3249 1565 3345 1622 sed
3381 1565 3580 1620 factam

1997 1670 2122 1712 esse
2151 1658 2318 1711 etiam
2355 1666 2578 1727 propter
2609 1658 2751 1712 ilius.
2807 1656 2964 1723 Quod
2986 1657 3030 1712 si
3054 1659 3240 1712 omnia
3275 1673 3371 1727 per
3401 1657 3580 1727 ipsum

1998 1758 2259 1818 operatur
2278 1747 2422 1803 Deus
2459 1763 2522 1802 ac
2547 1746 2710 1803 Pater
2729 1749 2797 1814 ",
2837 1763 2932 1819 per
2959 1748 3138 1819 ipsum
3174 1749 3386 1818 utique,
3417 1750 3581 1804 etiam

363 1814 450 1896 Ia".
482 1814 687 1913 αὐτὴν]
719 1814 785 1894 δι’
840 1814 1081 1902 ἐκείνους
1115 1814 1536 1908 διισχυρίζεται,
1582 1837 1683 1888 οὐκ
1731 1837 1898 1888 ἐκπε-

2006 1814 2151 1894 istud
2183 1837 2388 1893 factum
2423 1847 2545 1905 est,
2582 1841 2692 1894 imo
2721 1814 2854 1894 vero
2883 1814 2998 1910 ipse
3026 1855 3128 1893 vox
3159 1814 3311 1904 erati,
3336 1851 3445 1893 non
3477 1839 3584 1892 sibi

323 1932 609 2003 φωνῆσθαι
637 1932 788 2002 παρὰ
833 1931 929 1984 τοῦ
975 1930 1187 2001 Πατρὸς
1208 1971 1223 1994 ,
1249 1929 1383 1982 ἀλλὰ
1419 1927 1672 1996 γενέσθαι
1708 1929 1802 1980 καὶ
1829 1926 1901 1980 δι’

322 2024 587 2088 ἐκείνους.
620 2025 728 2078 Καὶ
763 2025 812 2076 εἰ
845 2023 1021 2076 πάντα
1049 2023 1120 2074 δι’
1146 2020 1309 2074 αὐτοῦ
1337 2022 1365 2073 ό
1389 2020 1522 2084 Θεὸς
1566 2020 1660 2074 καὶ⁵
1707 2021 1898 2091 Πατὴρ

2001 1931 2269 2002 genitoris
2300 1931 2637 1986 voluntatem
2665 1930 2916 2001 aperiens
2952 1931 3152 2003 (norat
3185 1931 3331 1986 enim
3359 1946 3467 2001 qua
3498 1928 3586 1984 Fi-

2003 2022 2158 2093 lius),
2181 2022 2276 2078 sed
2303 2023 2780 2078 circumstantium
2809 2023 3039 2078 aut-ibus
3059 2064 3076 2089 ,
3111 2032 3171 2078 ut
3201 2023 3511 2078 crederent.

317 2115 635 2187 ἐργάζεται,
658 2115 725 2169 δι’
755 2113 920 2168 αὐτοῦ
948 2113 1012 2182 δὴ
1046 2113 1263 2175 πάντως
1297 2111 1588 2178 καὶτοῦτο,
1618 2111 1815 2182 μᾶλλον
1835 2112 1893 2165 δὲ
1932 2113 2098 2178 αὐτὸς
2128 2109 2196 2185 ἧν
2233 2116 2266 2184 ἡ
2313 2113 2466 2186 φωνὴ
2490 2154 2506 2179 ,
2571 2115 2672 2185 οὐχ
2715 2114 2893 2186 ἐαυτῷ
2933 2114 3032 2187 τὴν
3067 2115 3162 2169 τοῦ
3226 2116 3586 2187 γεννήσαντος

315 2207 639 2280 ἑρμηνεύων
665 2206 934 2261 διάθεσιν·
976 2204 1094 2276 ᾔδει
1143 2204 1251 2275 γὰρ
1293 2203 1370 2268 ὡς
1411 2204 1537 2268 Υἱός
1562 2221 1578 2234 ·
1607 2203 1745 2256 ἀλλὰ
1776 2207 1897 2269 ταῖς
1935 2204 2044 2259 τῶν
2070 2204 2453 2277 περιεστώτων
2482 2207 2706 2271 ἀκοαῖς,
2739 2207 2826 2260 ἵνα
2877 2207 3261 2262 πιστεύσωσιν.

385 2302 594 2356 ΑΛΛΟ.
642 2301 708 2355 Ei
745 2299 917 2366 Λόγου
958 2299 1108 2361 τινος
1158 2295 1403 2365 ἐμφύτου
1436 2294 1717 2366 δεδεῆσθαι
1767 2312 1900 2364 φασι

317 2391 410 2446 τὸν
437 2391 565 2443 Υξὸν
587 2430 606 2457 ,
637 2389 726 2444 ἵνα
773 2387 1095 2458 διδάσκηται
1125 2387 1254 2457 παρ’
1304 2385 1468 2440 αὑτοῦ
1507 2387 1604 2457 τὴν
1645 2385 1902 2457 βούλησιν

318 2481 413 2537 τοῦ
434 2479 571 2534 Θεοῦ
603 2480 696 2536 καὶ
729 2479 940 2550 Πατρός
959 2495 976 2512 ο
1010 2481 1104 2532 ποῖ
1133 2495 1262 2532 ποτε
1313 2479 1419 2550 ἄρα
1449 2481 1691 2551 χωρήσει
1727 2480 1904 2549 λέγων

315 2575 349 2628 ὁ
370 2574 604 2637 Παῦλος,
643 2591 662 2626 ι
693 2571 929 2643 Χριστὸς
956 2570 1094 2624 Θεοῦ
1117 2570 1368 2642 δύναμις,
1398 2571 1493 2625 καὶ
1509 2570 1644 2624 Θεοῦ
1679 2570 1897 2639 σοφίαν

320 2665 446 2730 Πῶς
479 2665 588 2736 γάρ
629 2664 746 2716 ἐστι
781 2662 944 2732 σοφία
973 2662 1068 2715 τοῦ
1110 2661 1322 2732 Πατρὸς
1367 2662 1399 2714 ό
1428 2661 1552 2725 Υίδς
1576 2703 1590 2728 ,
1630 2662 1678 2715 εί
1715 2659 1911 2732 σοφίας

321 2757 583 2828 ύπάρχων
618 2755 860 2825 ἐπιδεὴς,
899 2753 962 2807 τὸ
983 2753 1188 2806 τέλειον
1217 2754 1346 2823 παρ’
1377 2752 1565 2824 ἐτέρου
1597 2751 1904 2822 κομίζεται,

319 2848 410 2905 διὰ
451 2847 544 2903 τοῦ
572 2846 904 2919 μανθάνειν,
941 2846 1086 2916 ἅπερ
1135 2845 1238 2898 οὐκ
1282 2840 1389 2898 οίδε
1417 2844 1650 2914 δηλαδή;
1689 2845 1760 2898 Ἢ
1789 2845 1908 2909 πῶς

319 2941 425 2998 οὐκ
471 2940 686 3010 ἀνάγκη
711 2938 894 3006 λέγειν
913 2978 928 3002 ,
958 2937 1062 2990 οὐκ
1100 2931 1241 2990 εἶναι
1270 2935 1480 2988 τελείαν
1522 2937 1582 2988 ἐν
1623 2936 1700 3005 τῷ
1730 2934 1908 3007 Πατρὶ

323 3035 424 3105 τὴν
457 3033 648 3101 σοφίαν
675 3029 873 3097 αὐτοῦς
906 3030 1015 3082 Καὶ
1055 3031 1104 3081 εί
1137 3027 1302 3098 σοφία
1336 3027 1430 3081 τοῦ
1460 3029 1674 3100 Πατρός
1698 3029 1846 3083 ἐστιν
1869 3030 1903 3083 ό

327 3123 489 3188 Υἱὸς,
513 3121 630 3184 πῶς
659 3120 727 3175 ἂν
759 3121 924 3188 ἐτέρα
951 3122 1123 3175 νοοῖτο
1169 3118 1302 3190 παρ’
1332 3119 1494 3172 αὑτὸν
1531 3119 1565 3189 ἡ
1603 3118 1856 3190 βούλησις
1885 3134 1900 3183 ;

2075 2296 2306 2352 ALIUD.
2350 2297 2406 2354 Si
2439 2297 2619 2354 Verbo
2652 2298 2889 2369 quodam
2923 2299 3086 2354 insito
3115 2299 3360 2370 indigere
3385 2300 3583 2355 Filium

2004 2398 2300 2454 asserunt,
2348 2398 2408 2444 ut
2436 2392 2504 2444 ah
2536 2392 2656 2462 ipso
2686 2392 3018 2445 voluntatem
3057 2389 3151 2445 Dei
3190 2406 3255 2444 ac
3283 2391 3461 2448 Patris
3483 2393 3587 2452 do-

2003 2490 2232 2549 ceatur,
2296 2498 2535 2553 quonam
2583 2483 2806 2552 demum
2853 2482 3051 2539 evadet
3095 2482 3300 2539 Paulus
3350 2485 3586 2548 dicens,

2011 2570 2332 2630 «Christum
2355 2590 2479 2632 esse
2499 2573 2594 2629 Dei
2625 2576 2881 2630 virtutem
2901 2582 2960 2629 et
2977 2573 3068 2629 Dei
3097 2574 3424 2643 sapientiam
3449 2575 3537 2630 “‘3
3562 2595 3579 2626 ο

2006 2663 2294 2734 Quomodo
2331 2667 2477 2721 enim
2503 2674 2588 2722 est
2627 2665 2898 2733 sapientia
2941 2663 3124 2720 Patris
3161 2663 3367 2727 Filius.
3421 2665 3468 2720 si
3499 2680 3589 2719 sa-

2005 2756 2225 2826 pientia:
2257 2772 2454 2828 expers
2479 2756 2864 2828 perfectionem
2892 2756 3095 2826 accipit
3135 2757 3204 2811 ab
3237 2757 3345 2812 alio
3367 2797 3382 2822 ,
3411 2773 3475 2814 ea
3503 2758 3589 2813 di-

2004 2850 2231 2914 scendo,
2267 2849 2558 2914 nimirum,
2611 2865 2734 2920 qua!
2782 2864 2888 2905 non
2935 2848 3128 2904 novit!
3177 2857 3271 2903 aut
3313 2850 3590 2918 quomodo

2007 2943 2326 2999 necessario
2347 2942 2638 2999 dicendum
2665 2957 2774 2997 non
2797 2951 2903 3006 est,
2927 2941 3249 3011 sapientiam
3271 2939 3451 2997 Patris
3478 2957 3586 2996 non

2007 3046 2131 3088 esse
2160 3032 2214 3086 in
2243 3030 2402 3087 Patre
2423 3029 2895 3102 perfectamilam
2928 3032 2972 3087 si
3001 3031 3182 3087 Patris
3218 3032 3486 3101 sapientia
3503 3039 3591 3086 est

2008 3120 2211 3187 Filius,
2260 3124 2536 3193 quomodo
2569 3124 2674 3177 alia
2702 3122 3022 3179 censebitur
3051 3124 3304 3178 voluntas
3334 3124 3404 3178 ab
3431 3123 3592 3194 ipso?

325 3213 448 3285 ὥρα
487 3212 598 3284 γὰρ
619 3211 796 3279 λέγειν
819 3212 894 3282 μὴ
918 3212 976 3264 ὲν
1009 3210 1171 3282 σοφίᾳ
1206 3210 1478 3264 τελεῖσθαι
1509 3211 1609 3278 τὴν
1649 3208 1903 3281 βούλησιν

2010 3212 2270 3284 Sequitur
2307 3215 2456 3270 enim
2487 3215 2784 3270 dicendum
2833 3229 2943 3268 non
2995 3215 3052 3269 in
3090 3216 3358 3284 sapientia
3400 3216 3589 3284 perlici

326 3303 423 3357 τοῦ
463 3302 600 3356 Θεοῦ
630 3301 726 3354 καὶ
758 3300 989 3368 Πατρός.
1027 3300 1185 3354 Ἀλλὰ
1228 3301 1396 3372 πολλή
1440 3301 1525 3364 τίς
1568 3303 1714 3353 ἐστιν
1763 3302 1797 3371 ἡ
1847 3302 1904 3354 ἐν

327 3394 541 3458 τούτοις
569 3391 811 3456 ἀσέϐεια,
848 3393 943 3447 καὶ
972 3392 1310 3462 πανταχόθεν
1336 3394 1366 3446 ό
1413 3391 1572 3460 λόγος
1613 3389 1675 3443 τὺ
1699 3389 1907 3461 δύσφη-

326 3503 432 3562 μον
458 3485 590 3556 ἔχει.
617 3484 731 3539 υύκ
771 3483 880 3552 ἄρα
920 3484 1022 3554 τῆς
1055 3487 1186 3556 παρ’
1211 3484 1402 3556 ἑτέρου
1445 3481 1744 3555 μαθητείας
1773 3482 1903 3552 μέτ-

321 3595 449 3650 οχος
475 3575 554 3631 ὣν
575 3579 606 3630 ό
639 3577 767 3641 Υἱός
792 3575 902 3632 οἶδε
930 3578 1000 3632 τὰ
1033 3579 1091 3630 ἐν
1121 3575 1202 3646 τῷ
1234 3575 1347 3646 ἰδίῳ
1368 3575 1545 3645 Πατρὶ
1565 3614 1580 3637 ,
1609 3573 1724 3627 ἀλλ’
1745 3572 1907 3636 αὐτὸς

326 3667 403 3723 ὣν
439 3670 469 3722 ὁ
496 3668 705 3738 Λόγος,
745 3669 840 3722 καὶ
866 3669 901 3738 ἡ
930 3666 1116 3736 σοφία,
1157 3665 1252 3719 καὶ
1289 3667 1323 3736 ἡ
1354 3664 1626 3735 βούλησις,
1669 3683 1687 3714 ι
1718 3663 1906 3716 Πάντα

327 3763 544 3832 ἐρευνᾷ,
572 3761 664 3816 καὶ
699 3761 766 3813 τά
783 3759 922 3830 βάθη
948 3759 1042 3812 τοῦ
1073 3757 1230 3823 Θεοῦ,
1255 3775 1274 3810 ι
1303 3755 1447 3811 καθὰ
1464 3755 1772 3828 γέγραπταί
1800 3770 1906 3808 που

323 3854 420 3910 καὶ
446 3852 691 3926 περὶτοῦ
723 3851 1060 3922 Πνεύματος.

393 3943 600 4000 ΔΔΛΟ.
645 3943 736 4006 Ὦς
767 3943 953 3997 εἰκόνα
976 3982 990 4007 ,
1040 3940 1136 3995 καὶ
1181 3940 1506 4011 χαρακτῆρα
1555 3937 1649 3992 τοῦ
1692 3936 1908 4006 Πατρδς

323 4035 746 4108 ἀπαράλλακτον
796 4033 1143 4104 εἰσφέρουσιν
1181 4033 1313 4102 ἡμῖν
1363 4030 1456 4085 τὸν
1506 4030 1631 4083 Υἱὸν
1679 4031 1736 4081 αἱ
1767 4027 1906 4081 θεῖαι

330 4123 542 4195 Γραφαί
571 4141 584 4154 ·
619 4122 713 4176 καὶ
761 4121 926 4184 αὐτὸς
977 4121 1034 4174 δέ
1075 4119 1180 4174 πού
1239 4137 1406 4190 φησιν
1456 4121 1486 4174 ό
1528 4119 1751 4189 Σωτήρ·
1796 4136 1815 4169 ι
1849 4117 1908 4172 Ὀ

331 4213 596 4284 ἑωρακὼς
644 4213 776 4282 ἐμὲ,
825 4213 1042 4283 ἑώρακε
1092 4212 1184 4266 τὸν
1235 4212 1472 4284 Πατέρα.
1501 4230 1520 4263 ο
1568 4210 1706 4263 Ἀλλ’
1752 4209 1909 4280 εἴπερ

326 4304 469 4376 ἔχων
498 4303 673 4365 οὓτως
700 4302 1014 4372 ὁμοιότητος
1040 4303 1172 4374 πρὸς
1197 4303 1360 4357 αὑτὸν
1394 4303 1495 4356 ούκ
1517 4297 1658 4356 οἶδεν
1693 4301 1753 4366 ἐξ
1783 4301 1910 4355 ἐαυο

327 4393 422 4448 τοῦ
469 4391 540 4446 τὰ
584 4393 643 4444 ἐν
684 4389 830 4458 αὐτῷ
851 4433 863 4454 ,
917 4391 1088 4444 δεῖται
1117 4391 1175 4444 δὲ
1205 4391 1391 4460 ὥσπερ
1418 4390 1528 4443 τῶν
1561 4391 1692 4461 παρ’
1721 4389 1908 4460 ἑτέρου

326 4483 690 4555 διηγημάτων
715 4483 796 4546 είς
819 4484 878 4536 τὸ
908 4483 1100 4550 μαθεῖν
1121 4499 1136 4513 ο
1165 4482 1282 4553 ὥρα
1311 4483 1404 4536 καὶ
1428 4482 1591 4535 αὐτὸν
1621 4481 1681 4534 ἐν
1702 4480 1911 4545 τούτοις

2013 3307 2349 3362 voluntatem
2385 3306 2482 3360 Dei
2511 3322 2575 3362 ac
2597 3307 2773 3362 Patris
2805 3324 2820 3360 :
2855 3321 2978 3375 qua!
3020 3321 3272 3377 magnam
3306 3314 3456 3360 certe
3488 3307 3592 3360 im-

2012 3397 2271 3466 pietatem
2319 3399 2466 3451 omni
2501 3412 2570 3452 ex
2605 3405 2761 3466 parte
2793 3397 3102 3459 continent,
3135 3406 3300 3466 atque
3337 3397 3592 3467 blasphe-

2013 3487 2202 3542 miam.
2255 3486 2374 3542 Non
2413 3503 2545 3558 ergo
2586 3488 2655 3541 ah
2687 3487 2794 3543 alio
2832 3487 3061 3544 edoctus
3111 3486 3288 3542 Patris
3339 3488 3590 3542 volunta-

2011 3586 2122 3634 tem
2145 3571 2297 3633 novit
2328 3577 2500 3634 Filius
2520 3619 2535 3643 ,
2567 3579 2662 3635 sed
2689 3580 2806 3650 ipse
2830 3595 2954 3634 cum
2988 3580 3059 3634 sit
3080 3577 3343 3641 Verbum,
3375 3581 3594 3650 sapien-

2012 3669 2086 3722 tia
2113 3675 2166 3724 et
2179 3670 2455 3735 voluntas,
2486 3689 2504 3720 ι
2527 3670 2710 3724 omnia
2735 3677 3118 3740 pcrscrutatur
3133 3674 3295 3725 etiam
3319 3671 3591 3741 profunda

2014 3759 2164 3826 Dei,»
2187 3761 2348 3817 sicuti
2374 3762 2643 3832 scriptum
2669 3769 2752 3817 est
2778 3762 2978 3818 alicubi
2994 3764 3057 3797 ”‘
3085 3763 3248 3818 etiam
3274 3761 3344 3817 de
3361 3760 3588 3832 Spiritu.

2083 3938 2318 3997 ALIUD.
2357 3939 2642 4009 Tanquam
2679 3940 2972 4010 imaginem
3005 3947 3059 3995 et
3087 3941 3460 3998 characterem
3492 3941 3593 3994 Pa-

2011 4031 2114 4086 tris
2147 4046 2241 4100 per
2279 4032 2464 4085 omnia
2517 4032 2751 4086 similem
2805 4032 3005 4086 divinae
3050 4031 3348 4102 Scripturae
3395 4033 3589 4086 FiIitt."

2015 4125 2172 4180 nobis
2208 4123 2495 4178 inducunt.
2525 4121 2586 4176 Et
2613 4124 2727 4193 ipse
2753 4123 2952 4177 alicubi
2974 4121 3258 4177 Salvator:
3289 4143 3308 4173 ‹
3333 4123 3437 4189 Qui
3459 4124 3591 4176 vidit

2014 4231 2124 4279 me,
2147 4215 2284 4269 vidit
2311 4223 2364 4268 et
2391 4213 2604 4266 Patrem
2624 4213 2694 4266 “.
2723 4231 2741 4264 ι
2795 4216 2865 4265 At
2892 4212 2938 4266 si
2977 4220 3182 4265 tantam
3219 4214 3427 4266 habens
3465 4228 3590 4267 Cum

2017 4307 2134 4376 ipso
2184 4304 2597 4360 similitudinem
2645 4321 2712 4360 ex
2749 4305 2932 4373 seipso
2965 4319 3073 4357 non
3122 4304 3271 4357 novit
3307 4319 3427 4372 quae
3464 4315 3592 4358 Sunt

2019 4395 2214 4462 Patris,
2262 4395 2357 4451 sed
2399 4397 2465 4449 ad
2498 4410 2562 4449 ea
2594 4394 2972 4467 cognoscenda
3015 4395 3244 4448 alterius
3278 4395 3591 4463 interpretis

2019 4486 2424 4556 quodammodo
2453 4485 2657 4556 indiget
2685 4501 2880 4556 Opera,
2906 4484 3014 4557 42
3045 4494 3474 4540 consentaneum
3511 4498 3594 4542 est

329 4570 470 4629 εἶναι
502 4575 592 4629 τὸν
625 4573 845 4645 Πατέρα
877 4572 1139 4642 νομίζειν.
1175 4573 1345 4643 Εἴπερ
1374 4575 1520 4626 ἐστὶν
1550 4575 1607 4625 ἐν
1632 4572 1903 4642 ὁμοιότητι

2014 4579 2251 4649 idipsum
2279 4593 2497 4648 quoque
2521 4578 2587 4633 de
2604 4578 2764 4631 Patre
2781 4579 3006 4634 sentire.
3039 4577 3094 4632 Si
3112 4577 3254 4632 enim
3280 4578 3594 4632 similitudi-

329 4669 398 4739 τῇ
430 4667 569 4738 πρὸς
601 4666 692 4718 τὸν
713 4664 862 4728 Υίδν,
893 4663 1149 4734 δεήσεται
1167 4664 1226 4718 δὲ
1260 4665 1350 4718 καὶ
1371 4663 1532 4726 αὐτὸς
1561 4661 1655 4716 τοῦ
1683 4663 1910 4734 διερμη-

334 4758 579 4821 νεύοντος
612 4757 680 4811 τὰ
711 4758 773 4810 ὲν
812 4756 892 4828 τῷ
930 4757 1233 4827 γεννήματι
1269 4755 1407 4809 κατὰ
1455 4755 1516 4808 τὸ
1540 4754 1743 4824 ἀφανὲς
1792 4752 1908 4807 κεί-

342 4865 499 4920 μενα.
535 4849 646 4904 Καὶ
673 4848 896 4918 γέγονεν
923 4850 1056 4918 ἡμῖν
1095 4847 1230 4917 πρὸς
1260 4850 1372 4912 τοῖς
1403 4846 1650 4901 ἐντεῦθεν
1686 4847 1911 4909 ἀτόποις

337 4940 373 5008 η
417 4938 536 4994 θεία
567 4938 761 5008 φύσις,
792 4940 886 4992 καὶ
931 4939 1156 5007 ἀγνοίας
1210 4937 1452 5008 δεκτική.
1499 4937 1715 5010 Ἐπειδὴ
1759 4937 1818 4991 δὲ
1849 4936 1912 4990 τὸ

331 5028 478 5084 οὕτω
512 5034 729 5102 φρονεῖν
777 5032 974 5095 ἀσεϐὲς
999 5069 1015 5094 ,
1056 5032 1334 5103 χωρητέον
1368 5031 1460 5089 ἐπὶ
1507 5030 1578 5085 τὰ
1629 5029 1908 5103 πρεπωδὲ-

335 5138 546 5192 στερα·
600 5121 759 5176 τοῦτο
803 5123 911 5196 γὰρ
953 5121 1017 5176 τὸ
1057 5123 1338 5194 συμφέρον
1386 5121 1580 5193 ὁρᾶται
1638 5119 1733 5175 καὶ
1775 5121 1914 5192 χρή-

337 5230 524 5282 σιμον.
1539 5231 1606 5260 as.

410 5303 615 5359 ΔΛΛΟ.
651 5322 671 5356 t
699 5304 912 5368 Πάντα,
966 5323 985 5356 ι
1029 5305 1193 5374 φησὶν
1216 5307 1245 5360 ό
1275 5305 1550 5376 μακάριος
1578 5303 1789 5368 Παῦλος
1809 5343 1826 5368 ,
1853 5303 1916 5358 τὸ

334 5394 562 5466 Πνεῦμα
600 5412 619 5446 ι
648 5395 846 5466 ἐρευνᾷ
875 5435 890 5460 ,
919 5395 1014 5450 καὶ
1051 5397 1117 5449 τὰ
1155 5397 1292 5467 βάθη
1311 5397 1408 5451 τοῦ
1436 5395 1596 5451 Θεοῦ.
1627 5415 1648 5449 ι
1685 5397 1828 5468 Πρὸς
1852 5396 1910 5450 δέ

344 5505 398 5558 τε
418 5487 592 5556 τούτῳ
611 5504 624 5518 ·
677 5505 698 5538 ι
725 5485 819 5550 Τίς
851 5485 960 5558 γὰρ
992 5485 1130 5540 οίδεν
1162 5486 1462 5559 ἀνθρώπων
1481 5487 1552 5542 τά
1577 5488 1673 5542 τοῦ
1696 5486 1910 5560 ἀνθρώ-

336 5592 439 5631 που
462 5617 478 5645 ,
509 5578 558 5630 εί
594 5575 671 5650 μὴ
701 5576 763 5630 τὸ
807 5576 1023 5647 πνεῦμα
1063 5577 1156 5630 τοῦ
1196 5577 1486 5649 ἀνθρώπου
1528 5577 1589 5631 τὸ
1626 5577 1683 5630 ἐν
1722 5576 1910 5646 αύτῷ;

407 5752 450 5784 ’³
485 5750 643 5809 Joan.
675 5768 790 5818 ιιι,
822 5752 911 5808 50.
989 5754 1036 5786 ’⁸
1077 5751 1195 5809 Col.
1236 5769 1285 5816 ι,
1327 5753 1410 5808 16.

611 5848 883 5911 Ριιῑιιοι..
935 5848 1048 5908 3n.
1103 5847 1372 5910 LXXIII.

1489 5755 1532 5787 ’³
1575 5754 1745 5812 ICor.
1782 5767 1836 5819 ι,
1873 5751 1960 5807 "21.

2016 4685 2136 4725 nem
2161 4669 2323 4724 habet
2353 4685 2480 4724 cum
2510 4667 2669 4731 Filio,
2696 4669 2812 4738 ipse
2833 4683 3051 4738 quoque
3090 4681 3227 4736 opus
3259 4667 3480 4722 habebit
3513 4670 3596 4722 in-

2015 4763 2284 4825 terprete,
2322 4771 2416 4825 per
2449 4771 2609 4826 quem
2646 4771 2708 4811 ea
2744 4756 2921 4810 discat
2956 4772 3076 4825 quae
3109 4758 3342 4811 obscura
3378 4767 3507 4812 sunt
3540 4761 3590 4811 in

2014 4844 2153 4900 Filio
2187 4865 2199 4899 :
2236 4847 2486 4916 adeoque
2518 4855 2717 4915 praeter
2752 4847 3119 4901 absurditates
3146 4862 3268 4915 quae
3303 4847 3428 4901 hinc
3458 4863 3594 4901 con-

2016 4945 2340 5008 sequuntur,
2375 4938 2428 4991 in
2461 4937 2702 4992 divinam
2741 4938 2903 4991 etiam
2935 4944 3184 4990 naturam
3237 4937 3382 4989 cadit
3435 4937 3593 4996 igno-

2013 5031 2180 5086 ratio.
2208 5029 2363 5096 Quod
2396 5031 2600 5085 sentire
2639 5045 2763 5084 cum
2799 5029 2867 5084 sit
2899 5029 3155 5099 impium,
3187 5029 3252 5082 ad
3289 5030 3592 5084 doctrinam

2016 5123 2190 5193 magis
2219 5133 2644 5178 consentaneam
2687 5137 2785 5176 nos
2829 5123 3158 5192 recipiamus
3190 5130 3425 5192 Oportet.
3485 5121 3596 5174 Hoc

2013 5214 2160 5270 enim
2189 5222 2452 5284 praestare
2482 5213 2697 5270 videtur
2722 5222 2776 5269 et
2803 5215 3187 5268 cum.utilitate
3214 5216 3594 5282 conjunctnm.

2085 5303 2316 5360 ALIUD.
2352 5304 2612 5375 Spiritus,
2643 5306 2820 5374 inquit
2856 5306 3048 5360 beatus
3077 5305 3301 5369 Paulus,
3355 5323 3374 5353 r
3411 5301 3596 5356 omnia

2017 5404 2320 5461 scrutatur,
2349 5400 2512 5452 etiam
2539 5397 2806 5467 profunda
2843 5396 2957 5452 Dei.
2993 5416 3010 5447 ι
3058 5395 3364 5449 Pmtcrea:
3406 5410 3424 5441 ι
3461 5389 3597 5454 Quis

2015 5487 2161 5541 enim
2189 5487 2467 5540 hominum
2504 5488 2608 5542 scit
2638 5502 2759 5555 qua:
2786 5494 2914 5540 sunt
2946 5482 3201 5543 hominis,
3235 5481 3340 5533 nisi
3373 5477 3598 5549 spiritus

2019 5577 2277 5644 hominis,
2308 5578 2402 5648 qui
2428 5579 2481 5632 in
2518 5578 2637 5648 ipso
2666 5578 2787 5632 est?
2816 5578 2893 5630 lta
2923 5585 2974 5630 et
3001 5587 3122 5642 qua:
3151 5568 3241 5622 Dei
3277 5579 3404 5624 sunt
3437 5581 3599 5620 nemo

2040 5754 2107 5785 ’3‘
2139 5753 2158 5807 I
2191 5751 2314 5806 Cor.
2357 5767 2410 5819 ιι,
2456 5753 2534 5805 10,
2616 5751 2658 5779 i"
2700 5748 2855 5800 Joan.
2893 5763 3012 5808 .\'|\',
3053 5745 3105 5799 9-

3317 5832 3349 5888 3
