4092 6274
519 357 588 414 rs
1597 354 1873 411 CYRILLI
1917 351 2388 410 ALEXANDBINI
2423 351 2749 411 ARCIIIEP.
3005 322 3016 328 ’
3717 351 3789 410 τε

513 471 793 544 cognovit,
823 469 927 524 nisi
959 468 1193 539 Spiritus
1215 465 1326 533 Dei,
1357 467 1450 536 qui
1479 467 1533 520 in
1568 468 1690 539 ipso
1718 476 1802 524 est
1821 470 1886 522 ".
1919 487 1940 520 ι
1963 467 2090 522 Cum

2202 466 2360 521 Οὕτω
2392 469 2486 520 καὶ
2537 467 2605 520 τὰ
2632 465 2723 519 τοῦ
2769 463 2903 519 Θεοῦ
2954 465 3128 528 οὐδεὶς
3175 465 3450 534 ἔγνωκεν,
3504 466 3554 521 εί
3604 467 3680 539 μὴ
3725 469 3791 522 τὺ

516 579 647 621 eruo
685 571 911 618 sanctus
939 561 1178 632 Spiritus
1219 563 1310 632 qui
1344 561 1525 615 omnia
1563 567 1943 630 perscrutatur
1989 573 2096 612 non

517 652 691 708 solum
726 653 902 707 Patris
944 653 1034 715 sit,
1085 652 1180 706 sed
1209 653 1372 707 etiam
1407 651 1549 717 Filii,
1577 651 1852 720 quomodo
1877 651 2095 706 demum

517 745 718 814 aliquid
754 759 945 799 eorum
981 759 1102 814 quae
1136 755 1264 799 sunt
1316 744 1368 797 in
1399 741 1561 797 Patre
1593 741 1762 798 Filius
1803 741 2096 812 ignorabit,

518 838 780 908 Spiritum
835 838 1044 891 habens
1093 836 1146 889 in
1190 837 1374 905 seipso
1413 835 1737 888 naturaliter
1777 833 1870 903 qui
1911 832 2096 886 omnia

518 931 707 986 novit?
749 929 920 1000 Igitur
970 930 1132 982 inane
1185 929 1402 982 demum
1455 926 1730 981 videbitur
1779 925 2098 980 existimare

517 1024 711 1079 Filium
744 1023 920 1077 Patris
949 1023 1282 1076 voluntatem
1325 1023 1394 1074 ab
1421 1020 1535 1074 alio
1565 1018 1809 1083 discere,
1867 1024 1921 1071 et
1959 1031 2095 1070 vana

515 1130 743 1186 prorsus
789 1115 894 1168 erit
934 1127 1099 1183 opera
1129 1109 1291 1166 Verbi
1335 1111 1482 1164 illius
1507 1125 1572 1164 ex
1604 1123 1794 1162 eorum
1828 1108 2095 1162 sententia

515 1209 715 1263 frustra
745 1205 1154 1262 intercedentis.
1181 1203 1376 1259 Omnia
1411 1203 1612 1273 quippe
1643 1201 1790 1255 novit
1825 1199 1997 1254 Filius
2031 1216 2097 1254 ex

557 1339 570 1352 .
663 1313 714 1349 ο.

515 1313 814 1444 “Emit.
860 1388 964 1453 Qui
997 1385 1271 1457 Unigeniti
1301 1382 1620 1438 substantiae
1651 1381 1975 1441 detrahunt,
2016 1378 2098 1431 di-

511 1485 682 1538 cendo
712 1484 892 1549 ipsum
942 1482 1195 1551 ignorare
1229 1477 1408 1531 Patris
1439 1477 1816 1538 voluntatem,
1861 1472 1956 1528 sed
1985 1472 2096 1525 alio

512 1577 772 1645 magistro
805 1573 880 1628 uti
909 1567 1312 1642 quodammodo
1332 1567 1399 1622 ad
1426 1584 1544 1620 eam
1568 1564 2002 1636 perripiendam,
2029 1577 2096 1618 eo

511 1669 768 1724 nimirum
801 1666 944 1734 quod
978 1662 1080 1732 ipsi
1118 1661 1615 1716 comminiscuntur
1649 1657 1828 1713 Verbo
1856 1658 2090 1721 interno,

511 1763 695 1817 dicant
735 1759 927 1823 nobis,
973 1756 1017 1810 si
1061 1769 1215 1809 suam
1249 1752 1571 1808 sententiain
1601 1750 1939 1821 sequendam
1973 1763 2096 1832 esse

497 1861 722 1923 .putant,
763 1858 947 1904 utrum
981 1846 1190 1915 aequale
1230 1842 1533 1899 secundum
1555 1851 1815 1898 naturam
1852 1841 2093 1898 Verbum

511 1945 643 2000 illud
669 1945 943 1997 internum
972 1939 1027 1994 in
1059 1937 1200 1993 Filio
1223 1937 1407 1992 dicent
1427 1936 1694 1991 exsistere
1713 1934 2093 2005 (supponimus

510 2039 654 2091 enim
707 2035 884 2105 ipsmn
925 2047 1020 2103 per
1059 2046 1118 2086 se
1151 2029 1490 2100 hypostatice
1526 2027 1834 2096 exsistere),
1868 2033 1962 2080 aut
1985 2039 2092 2080 non

510 2129 718 2198 mquale
761 2127 1012 2196 quidem,
1072 2120 1168 2177 sed
1218 2120 1460 2176 deterius
1505 2115 1938 2188 quodammodo,
2000 2121 2095 2169 aut

509 2231 658 2274 certe
698 2217 973 2288 superius.
1031 2214 1086 2268 Si
1134 2227 1265 2281 ergo
1300 2208 1486 2265 minus
1533 2209 1712 2278 ipsum
1759 2221 1882 2262 esse
1933 2213 2092 2276 puta-

511 2311 667 2371 bunt,
697 2309 750 2362 in
774 2307 950 2376 ipsum
979 2304 1146 2359 etiam
1177 2301 1396 2356 Patrem
1419 2299 1584 2370 impie
1612 2296 1918 2368 peccabunt
1950 2298 2096 2351 :erit

507 2400 653 2453 enim
688 2395 950 2468 utiquein
985 2395 1105 2463 ipso
1137 2391 1340 2462 aliquid
1371 2391 1554 2445 minus
1594 2390 1744 2458 ipso,
1771 2396 1822 2442 et
1849 2387 1998 2441 aliud
2021 2386 2095 2442 ab

509 2490 630 2560 ipso
651 2527 666 2553 ,
693 2489 799 2542 hoc
829 2495 947 2550 est,
991 2486 1264 2539 internum
1295 2480 1426 2536 illud
1463 2478 1726 2535 Verbum.
1782 2477 1880 2533 Sin
1909 2485 2091 2533 autent

509 2580 752 2636 deterius
781 2577 1003 2648 quidem
1037 2589 1300 2632 essenon
1330 2573 1532 2637 dicent,
1566 2572 1659 2627 sed
1697 2569 2094 2641 praestantioris

509 2681 690 2727 status
721 2683 884 2741 quant
902 2663 1397 2731 Piliumﬁbifariam
1424 2663 1585 2718 Pater
1611 2662 1838 2716 ltedetur
1858 2660 1912 2716 in
1930 2659 2083 2720 Filio.

509 2761 753 2817 Primum
788 2759 933 2814 enim
973 2757 1239 2811 minorem
1281 2769 1341 2810 se
1373 2752 1571 2808 Filium
1609 2751 1864 2823 genuisse
1899 2751 2093 2821 depre-

512 2851 781 2907 hendetur
803 2867 817 2904 :
842 2845 1040 2902 deinde
1057 2847 1312 2915 superius
1338 2841 1701 2898 se-habiturus
1721 2842 2092 2896 estinternum

516 2944 744 2999 Verbum
772 2981 784 3005 ,
828 2940 873 2994 si
906 2937 1070 2993 Pater
1107 2946 1192 2992 est
1242 2932 1731 2990 consubstantialis
1771 2929 1951 2994 Filio,
1995 2930 2092 3001 qui

506 3045 695 3086 eorum
727 3027 997 3084 sententia
1024 3026 1203 3080 minor
1228 3032 1312 3078 est
1340 3021 1540 3078 Verbo.
1568 3020 1684 3077 Sed
1715 3020 1944 3092 fugient,
1973 3019 2094 3090 opi-

2200 557 2426 630 Πνεῦμα
2452 558 2547 612 τοῦ
2569 557 2704 610 Θεοῦ
2735 557 2798 610 τὸ
2822 559 2886 610 tv
2908 555 3077 626 αὐτῷ.
3117 557 3274 610 »Ὅτε
3307 557 3488 613 τοίνυν
3508 559 3570 611 τδ
3607 559 3786 613 πάντα

2201 648 2526 721 ἐξακριϐοῦν
2547 649 2704 719 ἅγιον
2719 647 2965 719 Πνεῦμα,
2991 648 3054 700 οὑ
3083 648 3242 718 μόνον
3264 647 3360 702 τοῦ
3379 648 3591 720 Πατρός
3615 653 3785 715 ἐστιν,

2197 741 2336 795 ἀλλὰ
2364 743 2457 796 καὶ
2488 741 2584 795 τοῦ
2627 739 2789 803 Υίοῦ,
2829 739 2946 803 πῶς
2971 739 3051 793 ἔτι
3080 740 3264 794 λοιπὸν
3287 741 3554 812 ἀγνοῆσαι
3585 759 3638 796 τι
3674 741 3787 796 τῶν

2197 834 2255 887 tv
2273 833 2350 905 τῷ
2375 834 2724 905 γεγεννηκότι
2749 831 2811 886 τὸ
2833 832 3052 903 Πνεῦμα
3079 831 3219 902 ἔχων
3243 833 3300 886 tv
3329 832 3510 902 ἑαυτῷ
3537 832 3788 901 φυσικῶς

2196 923 2258 976 τὸ
2311 924 2489 978 πάντα
2536 924 2714 989 είδός;
2755 925 2965 978 Οὐκοῦν
3003 924 3259 994 περιττὸν
3292 924 3391 994 ἤδη
3430 926 3679 993 φανεῖται
3725 925 3787 979 τὸ

2196 1016 2265 1069 δι’
2301 1016 2486 1087 ἑτέρου
2538 1015 2830 1087 μανθάνειν
2863 1015 3070 1069 οἴεσθαι
3101 1016 3194 1069 τὸν
3230 1015 3362 1070 Υίδν
3396 1016 3497 1088 τὴν
3522 1018 3618 1072 τοῦ
3669 1019 3781 1072 Πα-

2197 1107 2325 1177 τρὸς
2355 1107 2593 1178 θέλησιν,
2622 1108 2852 1178 ἀργήσει
2877 1107 2934 1161 δὲ
2973 1106 3190 1170 πάντως
3211 1107 3245 1179 ἡ
3269 1109 3426 1180 χρεία
3463 1107 3558 1163 τοῦ
3603 1110 3782 1181 μάτην

2201 1196 2576 1266 μεσιτεύοντος
2596 1197 2770 1265 Λόγου
2791 1237 2806 1261 ,
2839 1199 2981 1250 κατὰ
3012 1197 3112 1268 τὴν
3145 1197 3370 1252 ἐκείνων
3399 1199 3779 1255 ἀπαιδευσίαν.

2198 1291 2383 1343 Πάντα
2423 1289 2532 1359 γὰρ
2556 1288 2694 1344 οἶδεν
2729 1292 2758 1344 6
2787 1291 2913 1354 Υίὸς
2941 1292 3000 1357 ὲξ
3029 1292 3244 1346 ἑαυτοῦ.

2266 1379 2472 1432 ΛΛΛΟ.
2505 1379 2569 1432 Οἱ
2593 1379 2691 1446 τῆς
2711 1379 2804 1433 τοῦ
2843 1381 3179 1449 Μονογενοῦς
3223 1382 3661 1455 κατηγοροῦντες
3693 1383 3783 1437 ού-

2197 1469 2339 1532 σίας.
2373 1469 2460 1523 διὰ
2487 1469 2582 1523 τοῦ
2611 1470 2685 1541 μὴ
2717 1470 2914 1524 εἰδέναι
2949 1471 3130 1540 λέγειν
3165 1474 3326 1528 αὑτὸν
3359 1477 3420 1528 τὸ
3440 1475 3533 1530 τοῦ
3563 1474 3781 1548 Πατρδς

2196 1557 2409 1628 θέλημα
2427 1597 2441 1620 ,
2473 1557 2779 1628 διδασκάλῳ
2815 1559 2872 1612 δὲ
2905 1560 3094 1632 ὥσπερ
3122 1561 3532 1634 άποκεχρῆσθάι
3559 1565 3695 1637 πρὸς
3718 1566 3780 1619 τδ

2199 1649 2413 1717 μαθεῖν,
2446 1649 2617 1720 ἑτέρῳ
2651 1650 2727 1720 τῷ
2755 1651 2884 1720 παρ’
2916 1652 3098 1705 αὐτῶν
3123 1653 3464 1726 ἐπινοηθέντι
3494 1657 3651 1729 Λόγῳ
3674 1699 3690 1723 ,
3716 1659 3777 1713 ὃν

2195 1737 2260 1809 δὴ
2295 1739 2389 1792 καὶ
2431 1739 2734 1794 ἐνδιάθετον
2769 1742 3126 1812 ὀνομάζουσι,
3155 1745 3467 1814 λεγέτωσαν
3503 1751 3670 1820 ἡμῖν,
3698 1753 3775 1805 εῖ-

2196 1847 2300 1901 περ
2321 1831 2519 1886 οἴονται
2543 1832 2653 1886 δεῖν
2679 1833 2776 1904 τὴν
2802 1833 3007 1888 οίκείαν
3033 1836 3329 1906 κρατύνειν
3348 1839 3527 1905 δόξαν,
3553 1841 3776 1914 πότερόν

2193 1936 2324 1973 ποτε
2360 1921 2502 1975 κατὰ
2534 1921 2698 1991 φύσιν
2720 1917 2840 1976 ἴσον
2877 1923 3096 1994 ἐροῦσιν
3124 1926 3393 1999 ὑπάρχειν
3433 1928 3512 2000 τῷ
3542 1931 3657 2002 Υἱῷ
3685 1933 3775 1986 τδν

2193 2013 2498 2068 ἐνδιάθετον
2536 2015 2708 2082 Λόγον
2746 2015 3091 2086 (ὑποκείσθω
3131 2016 3240 2088 γάρ
3267 2018 3344 2082 ὡς
3389 2022 3485 2074 καὶ
3530 2022 3775 2091 ὑφεστὼς

2193 2104 2296 2174 ήδη
2318 2103 2439 2157 καθ’
2479 2104 2732 2173 ἑαυτόν)-’
2761 2104 2794 2176 ἢ
2837 2106 2940 2159 οὐκ
2977 2101 3095 2160 ῐσον
3144 2108 3266 2178 μὲν,
3301 2109 3522 2182 χείρονα
3549 2111 3608 2165 δέ
3636 2129 3771 2178 πως.

2193 2195 2227 2266 ἢ
2253 2196 2350 2249 καὶ
2371 2196 2579 2266 ἀμείνω
2601 2214 2615 2260 ;
2648 2197 2710 2249 Et
2747 2198 2846 2267 μὲν
2868 2195 2962 2252 οὖν
2983 2198 3242 2254 ἐλάττονα
3271 2202 3552 2272 νομιοῦσιν
3592 2205 3772 2269 αὐτὸν,

2193 2287 2288 2341 καὶ
2317 2287 2399 2350 είς
2426 2287 2590 2342 ἀὐτὸν
2619 2288 2953 2358 άσεῦήσουσι
2980 2289 3072 2342 τὸν
3103 2291 3321 2362 Πατέρα
3343 2308 3358 2322 ⁶
3390 2293 3544 2348 ἔσται
3579 2295 3688 2368 γάρ
3719 2315 3772 2350 τι

2194 2377 2414 2443 πάντως
2446 2381 2506 2434 tv
2543 2380 2692 2450 αὐτῷ
2738 2380 2798 2434 τὸ
2837 2385 3018 2453 χεῖρον
3053 2382 3250 2450 αὑτοῦ,
3283 2385 3379 2438 καὶ
3419 2386 3607 2458 ἕτερον
3643 2390 3773 2458 παρ’

2195 2469 2391 2535 αὑτὸν,
2422 2471 2566 2525 τοῦτ’
2595 2471 2766 2536 ἔστιν,
2801 2475 2831 2526 6
2885 2473 3190 2540 ἐνδιάθετος
3220 2476 3412 2545 Λόγος.
3485 2479 3548 2532 Εί
3575 2479 3633 2533 δὲ
3658 2481 3767 2551 χεί⁶

2196 2577 2329 2628 ρονα
2373 2561 2472 2632 μὲν
2529 2563 2630 2616 οὐκ
2671 2563 2887 2634 ἐροῦσιν
2913 2603 2928 2625 .
2979 2565 3332 2636 ὲπιτρέψουσι
3360 2567 3416 2621 δὲ
3445 2568 3594 2640 αύτῷ
3624 2569 3686 2624 τὸ
3713 2571 3772 2623 tv

2193 2649 2443 2723 ἀμείνοσι
2461 2653 2677 2707 κεῖσθαι
2708 2653 2861 2724 παρὰ
2892 2655 2984 2708 τὸν
3014 2655 3159 2720 Υίὸν,
3192 2656 3415 2711 διπλοῦν
3449 2659 3603 2715 ἔσται
3637 2660 3774 2715 πάν-

2190 2758 2300 2806 τως
2323 2741 2461 2796 κατὰ
2491 2742 2584 2796 τοῦ
2614 2744 2827 2816 Πατρὸς
2853 2745 2915 2798 τὸ
2943 2748 3029 2815 ἐφ’
3063 2747 3177 2819 Υίῷ
3206 2750 3591 2823 κατηγόρημα.
3616 2752 3774 2824 Πρῶ·

2191 2849 2284 2887 τον
2321 2832 2419 2904 μὲν
2458 2834 2566 2906 γὰρ
2599 2837 2867 2906 γεννήσας
2901 2836 3168 2892 ἁλώσεται
3209 2839 3270 2894 τὸ
3312 2843 3492 2914 χεῖρον
3527 2841 3561 2913 ἢ
3595 2843 3655 2895 tv
3690 2838 3778 2902 οἷς

2192 2924 2341 2978 ἐστιν
2364 2924 2546 2988 αὑτός.
2580 2922 2713 2981 Εἶτα
2747 2928 2884 2998 πρὸς
2916 2929 3090 3002 τούτῳ
3127 2933 3223 2987 καὶ
3247 2933 3410 2998 αὐτὸς
3450 2932 3561 2999 ἕξει
3589 2932 3774 3006 κρείτ-

2192 3029 2321 3066 τονα
2357 3015 2450 3067 τδν
2501 3015 2803 3072 ἐνδιάθετον
2849 3021 3021 3089 Λόγον
3045 3061 3062 3085 ,
3105 3024 3262 3098 εῐπερ
3310 3026 3461 3082 ἐστὶν
3504 3027 3534 3080 6
3579 3026 3773 3101 Πατὴρ

507 3138 612 3176 nor
633 3161 650 3188 ,
693 3119 991 3175 adversarii
1024 3124 1315 3185 utramque
1355 3113 1770 3183 blasphemiam,
1797 3120 1850 3167 et
1879 3111 2090 3183 aequale

2193 3105 2480 3202 ἁμοούσιος
2506 3106 2585 3202 τιῖι
2607 3108 2729 3202 ﬁt}
2769 3111 2847 3181 τῷ
2876 3115 2998 3167 κατ’
3021 3115 3265 3180 ἐκείνους
3291 3117 3353 3171 τὸ
3379 3117 3600 3174 ἔλαττον
3633 3121 3773 3176 ἀπο-

508 3213 812 3269 secuudum
850 3209 1214 3266 substantiam
1243 3221 1368 3262 esse
1409 3204 1591 3259 dicent
1627 3201 1766 3259 Filio
1809 3203 2086 3258 internum

2194 3196 2499 3270 φερομένῳ.
2545 3199 2684 3253 Ἀλλ’
2707 3203 2854 3268 είκός
2886 3221 2950 3273 γε
2992 3206 3164 3279 δήπου
3188 3207 3290 3278 τῆς
3322 3210 3410 3263 ἐπ’
3449 3212 3618 3282 ἄμφω
3643 3211 3771 3267 δυσ-

505 3306 689 3360 Patris
709 3302 966 3358 Verbum.
1017 3299 1188 3371 Igitur
1210 3299 1389 3352 soluta
1412 3305 1496 3352 est
1522 3295 1773 3366 quaestio.
1802 3292 2089 3360 Quomodo

505 3397 650 3450 enim
704 3395 842 3448 alter
884 3393 1116 3447 alterum
1147 3388 1398 3453 docebit,
1447 3387 1606 3458 quasi
1639 3394 1936 3458 cognoscat
1960 3401 2083 3441 eum

505 3503 534 3538 a
581 3499 691 3554 quo
726 3482 1053 3551 ignoratur,
1105 3477 1150 3534 si
1196 3475 1433 3546 aquales
1474 3479 1604 3528 sunt
1641 3473 1802 3528 ambo
1848 3469 2087 3526 natura?

503 3574 612 3645 53
640 3573 775 3625 Cum
807 3583 938 3637 ergo
967 3567 1182 3620 illorum
1213 3562 1361 3617 omni
1392 3575 1459 3615 ex
1483 3569 1636 3629 parte
1661 3559 1805 3612 ratio
1850 3557 2084 3621 laboret,

507 3672 976 3732 supervacaneum
995 3654 1215 3710 tandem
1236 3653 1346 3708 erit
1373 3649 1689 3705 existimare
1709 3648 1852 3703 inter
1869 3645 2083 3702 Patrem

505 3765 559 3808 et
584 3750 788 3806 Filium
809 3745 1013 3817 aliquid
1039 3742 1401 3806 intercedere,
1422 3753 1498 3794 ac
1517 3752 1627 3794 non
1654 3737 1836 3807 potius
1861 3737 2087 3792 credere

507 3845 688 3913 ipsum
721 3853 845 3893 esse
884 3835 938 3890 in
968 3833 1077 3891 Deo
1105 3831 1267 3888 Patre
1300 3830 1469 3886 Deum
1498 3827 1759 3896 Verbum,
1789 3828 1935 3900 quod
1969 3835 2086 3884 erat

503 3938 561 3990 in
576 3930 880 4005 :priucipio.

574 4191 805 4251 ALIUD.
839 4190 1048 4248 Beatus
1086 4188 1291 4244 Paulus
1331 4186 1407 4240 ait
1443 4185 1497 4241 in
1544 4183 1683 4240 Filio
1726 4184 2084 4244 absconditos
2122 4216 2130 4222 -

499 4301 625 4341 esse
651 4297 843 4338 omnes
876 4280 1168 4337 thesauros
1211 4274 1496 4348 sapientiae
1531 4280 1587 4332 et
1634 4274 1966 4332 scientiae“.
2013 4275 2085 4330 At

501 4378 548 4433 si
585 4378 700 4432 haec
730 4390 856 4430 vere
880 4373 1039 4440 dicit,
1076 4369 1352 4444 quomodo
1380 4368 1612 4424 alterius
1638 4366 1885 4424 doctoris
1915 4383 2084 4440 opera

2190 3286 2401 3358 φημίας
2450 3287 2740 3362 ἀποπηδᾷν
2796 3292 2923 3356 τοὺς
2975 3293 3041 3347 δι’
3077 3297 3358 3361 ἐναντίας·
3397 3292 3516 3354 ἴσον
3557 3300 3612 3353 δὲ
3654 3303 3774 3355 κατ’

2186 3377 2375 3434 οὐσίαν
2419 3380 2688 3452 ὑπάρχειν
2714 3383 2902 3457 ἐροῦσι
2945 3385 3023 3456 τῷ
3054 3386 3171 3457 Υἱῷ
3211 3387 3306 3441 τὸν
3337 3389 3645 3446 ἐνδιάθετον
3678 3392 3772 3447 τοῦ

2187 3462 2403 3540 Πατρδς
2429 3443 2620 3538 Λόγυῦ.
2650 3443 2861 3526 Ούκίῦν
2889 3443 3107 3530 λέλύται
3142 3443 3212 3532 ’τὸ
3263 3443 3774 3552 ζητού

2189 3556 2298 3629 γάρ
2328 3558 2358 3610 6
2385 3553 2464 3622 εἷς
2486 3558 2692 3628 διδάξει
2729 3561 2822 3616 τὸν
2852 3563 3060 3634 ἕτερον,
3088 3565 3164 3629 ὡς
3191 3566 3348 3631 εἰδὼς
3374 3569 3450 3640 μὴ
3479 3570 3775 3638 γινώσκονο

2190 3663 2282 3713 τα,
2315 3649 2471 3722 εἴπερ
2511 3650 2614 3704 too:
2660 3653 2802 3707 κατὰ
2832 3654 2994 3723 φύσιν
3026 3657 3164 3710 είσὶν
3195 3658 3533 3730 άμφότεροις
3565 3664 3774 3718 Παντα-

2187 3740 2343 3812 χόθεν
2391 3743 2680 3814 τοιγαροῦν
2721 3745 3072 3811 ἀσθενοῦντος
3113 3747 3209 3803 τοῦ
3250 3751 3382 3822 παρ’
3421 3753 3650 3818 ἐκείνοις
3682 3753 3775 3807 λό-

2185 3847 2324 3900 γου,
2374 3833 2648 3907 παρέλκον
2696 3834 2764 3890 ἂν
2826 3837 2910 3908 εἴη
2960 3838 3144 3892 λοιπὸν
3188 3842 3572 3911 μεσιτεύεσθαι
3621 3846 3775 3918 παρά

2183 3940 2329 3989 τινος
2354 3925 2601 3980 ὑπονοεῖν
2633 3927 2725 3981 τὸν
2755 3927 2906 3994 Υίὺν,
2944 3931 3040 3982 καὶ
3067 3931 3186 4002 οὐχὶ
3217 3934 3418 4003 μᾶλλον
3442 3935 3606 3988 αὑτὸν
3633 3931 3772 3990 εἶναι

2185 4017 2465 4073 πιστεύειν
2506 4018 2599 4074 τὸν
2629 4020 2688 4075 tv
2731 4020 2852 4092 Θεῷ
2891 4023 3067 4096 Πατρὶ
3103 4024 3238 4080 Θεὸν
3275 4027 3479 4097 Λόγονέ
3528 4028 3589 4093 ὃς
3615 4023 3684 4100 ἦν
3715 4031 3772 4082 tv

2184 4110 2349 4182 ἀρχῇ-

2250 4203 2458 4258 ΔΛΛΟ.
2509 4203 2600 4258 Ἐν
2628 4203 2743 4276 Υίῷ
2793 4223 2958 4276 φησιν
2996 4208 3026 4262 6
3064 4209 3334 4281 μακάριος
3377 4211 3593 4276 Παῦλος
3639 4212 3772 4277 τοὺς

2187 4293 2408 4366 ἀπάσης
2446 4295 2640 4364 σοφίας
2695 4298 2792 4352 καὶ
2839 4299 3020 4370 πάσης
3053 4299 3310 4368 γνώσεως
3351 4303 3771 4377 ἀποκεκρύφθαι

2186 4383 2533 4457 θησαυρούςο
2576 4387 2692 4440 ἀλλ’
2725 4388 2884 4460 εἰπερ
2927 4390 3046 4444 ἐστὶ
3078 4390 3253 4461 λέγων
3278 4393 3350 4447 τὰ
3383 4394 3610 4450 τοιαῦτα
3635 4398 3770 4468 άλη-

503 4469 684 4540 ipsum
726 4467 976 4538 indigere
1009 4461 1352 4535 putabimus,
1381 4467 1478 4514 aut
1510 4460 1568 4515 in
1590 4473 1831 4530 quonam
1863 4456 2082 4515 demum

2190 4456 2306 4548 θὴς,
2338 4456 2456 4541 πῶς
2486 4476 2552 4532 ἂν
2585 4476 2668 4531 ἔτι
2697 4478 2798 4549 τῆς
2827 4456 2954 4552 παρ’
2985 4456 3174 4553 ἑτέρου
3198 4483 3481 4555 δεδεῆσθαι
3515 4456 3770 4541 διδασκά-

501 4560 749 4619 scieutia:
789 4556 1187 4629 perfectionem
1255 4551 1642 4621 requiremus,
1704 4548 1754 4606 si
1809 4549 1907 4620 qui
1959 4564 2080 4606 eam

501 4669 720 4709 oiimem
773 4649 941 4706 habet
997 4647 1067 4704 ab
1117 4646 1230 4702 alio
1277 4641 1562 4699 docetur?
1613 4643 1890 4714 quomodo
1951 4657 2081 4699 vero

501 4742 772 4818 sapientia
805 4740 942 4795 illud
975 4745 1061 4794 est
1099 4735 1249 4809 quod
1290 4735 1356 4792 ad
1401 4733 1734 4805 sapientiam
1789 4733 2082 4790 eruditur?

499 4835 638 4888 Cum
665 4843 845 4887 autem
878 4844 987 4886 non
1010 4829 1232 4884 illorum
1259 4826 1444 4899 nugis,
1462 4825 1561 4882 sed
1594 4823 1841 4897 Spiritus
1861 4839 2078 4882 sermo-

501 4925 666 4979 nibus
693 4921 1086 4977 attendendum
1115 4920 1276 4976 nobis
1305 4920 1401 4986 sit,
1425 4918 1756 4990 habeatque,
1786 4925 1848 4974 ut
1873 4917 2078 4975 Paulus

499 5018 599 5081 ait,
633 5014 922 5086 sapientiae
947 5021 1002 5069 et
1033 5013 1219 5068 omnis
1249 5011 1497 5068 scientiae
1529 5011 1586 5065 in
1625 5011 1815 5083 seipse
1853 5013 2080 5068 thesau-

503 5126 598 5165 rus
644 5109 852 5173 Filius,
905 5122 1016 5162 non
1064 5107 1134 5162 ab
1177 5107 1286 5160 alio
1343 5105 1587 5176 quodam
1631 5120 1698 5160 ea
1749 5108 1953 5178 accipit
1985 5123 2081 5179 per

499 5219 622 5274 qua:
649 5209 736 5259 est
765 5201 1057 5270 sapientia,
1101 5197 1220 5264 sed,
1261 5198 1540 5254 exsistens
1578 5196 1637 5251 in
1670 5196 1854 5264 Patre,
1895 5201 2078 5255 omnia

498 5312 622 5367 quae
647 5304 776 5352 sunt
823 5292 997 5350 Patris
1026 5291 1297 5361 agnoscit,
1330 5297 1520 5359 utpote
1559 5290 1831 5362 sapientia
1861 5291 2003 5364 ejus.

568 5557 613 5586 "
657 5559 672 5613 l
705 5556 836 5614 Cor.
874 5573 909 5613 Il
933 5598 949 5624 ,
980 5555 1168 5614 10-12.
1253 5556 1301 5590 ⁸⁸
1336 5553 1460 5612 Col.
1491 5570 1567 5622 ιι,
1596 5555 1650 5614 3.

2168 4563 2309 4630 ,λίας
2345 4566 2746 4638 ὑπονοήσαιμεν
2787 4568 2986 4635 αὑτὸν,
3035 4571 3069 4642 ἢ
3122 4571 3181 4626 tv
3225 4572 3332 4626 τίνι
3380 4573 3568 4629 λοιπὸν
3608 4577 3672 4631 τὸ
3711 4579 3768 4630 tv

2186 4657 2386 4726 γνώσει
2424 4657 2630 4713 τέλειον
2673 4661 3100 4733 ἑπιζητήσομεν,
3149 4663 3307 4736 εἴπερ
3338 4667 3368 4718 6
3407 4668 3590 4721 πᾶσαν
3630 4667 3769 4740 ἔχων

2185 4747 2356 4820 αὑτὴν
2383 4749 2512 4821 παρ’
2547 4750 2734 4822 ἑτέρου
2777 4753 3064 4822 σοφοῦ-ταις
3111 4755 3231 4820 πῶς
3261 4756 3318 4810 δὲ
3345 4757 3480 4824 ὅλως
3512 4761 3673 4830 σοφία
3710 4761 3772 4814 τὸ

2186 4839 2545 4911 σοφούμενον;
2590 4842 2810 4914 Ἐπειδὴ
2837 4844 2894 4898 δὲ
2925 4846 2987 4899 οὐ
3011 4848 3125 4911 τοῖς
3153 4850 3286 4919 παρ’
3307 4849 3534 4904 ἐκείνων
3567 4849 3767 4920 λόγοις,

2181 4930 2320 4986 ἀλλὰ
2351 4933 2465 4995 τοῖς
2497 4932 2587 4988 διὰ
2618 4934 2712 4990 τοῦ
2745 4935 3063 5008 Πνεύματος
3092 4940 3382 5011 προσέχειν
3422 4941 3570 5012 ἡμᾶς
3601 4943 3768 5012 ἀναγ-

2180 5024 2355 5088 καῖον,
2391 5023 2503 5094 ἔχει
2546 5025 2625 5094 δὲ,
2652 5027 2728 5092 ὼς
2755 5031 2784 5082 6
2815 5029 3024 5093 Παῦλός
3058 5047 3244 5102 φησιν,
3279 5032 3309 5085 6
3339 5033 3466 5098 Υίδς
3512 5036 3641 5099 τοὺς
3669 5034 3768 5104 τῆς

2181 5114 2377 5185 σοφίας
2421 5116 2517 5170 καὶ
2552 5118 2736 5191 πάσης
2767 5119 3020 5188 γνώσεως
3057 5122 3115 5175 tv
3145 5121 3324 5193 ἑαυτῷ
3353 5122 3683 5195 θησαυροὺς,
3711 5126 3770 5178 οὔ

2179 5208 2333 5279 παρά
2363 5225 2509 5274 τινος
2542 5210 2733 5282 ἑτέρου
2781 5212 2851 5266 τὰ
2895 5213 2965 5268 δι’
3013 5207 3090 5268 ὧν
3134 5217 3251 5268 ἐστι
3285 5215 3448 5284 σοφία
3489 5217 3765 5286 γνώσεως,

2178 5299 2317 5355 ἀλλὰ
2347 5301 2611 5373 ὑπάρχων
2636 5305 2694 5356 tv
2726 5303 2902 5375 Πατρὶ
2933 5306 3112 5360 πάντα
3141 5306 3401 5378 γινώσκει
3436 5308 3506 5366 τὰ
3532 5307 3627 5362 τοῦ
3656 5311 3768 5366 Πάν

2186 5390 2336 5462 τρδς,
2366 5391 2441 5459 ὡς
2468 5393 2630 5464 σοφία
2664 5393 2883 5451 avrai}:
3078 5434 3081 5435 ν
