  <div class='ocr_page' id='page_1' title='image "/cluster/home/n/w/nwhite01/storage/ocr_20150623/73/mdp.39015078384479/046.png"; bbox 0 0 4092 6274; ppageno 0'>
   <div class='ocr_carea' id='block_1_1' title="bbox 359 317 429 370">
    <p class='ocr_par' dir='ltr' id='par_1_1' title="bbox 359 317 429 370">
     <span class='ocr_line' id='line_1_1' title="bbox 359 317 429 370; baseline 0 0"><span class='ocrx_word' id='word_1_1' title='bbox 359 317 429 370; x_wconf 81' lang='grc'><strong>77</strong></span> 
     </span>
    </p>
   </div>
   <div class='ocr_carea' id='block_1_2' title="bbox 972 423 1330 480">
    <p class='ocr_par' dir='ltr' id='par_1_2' title="bbox 972 423 1330 480">
     <span class='ocr_line' id='line_1_2' title="bbox 972 423 1330 480; baseline 0.006 -2"><span class='ocrx_word' id='word_1_2' title='bbox 972 423 1222 480; x_wconf 73' lang='grc' dir='ltr'><strong>ΚΕΦΑΛ.</strong></span> <span class='ocrx_word' id='word_1_3' title='bbox 1258 423 1330 480; x_wconf 85' lang='lat' dir='ltr'><strong>E’.</strong></span> 
     </span>
    </p>
   </div>
   <div class='ocr_carea' id='block_1_3' title="bbox 367 513 1940 586">
    <p class='ocr_par' dir='ltr' id='par_1_3' title="bbox 367 513 1940 586">
     <span class='ocr_line' id='line_1_3' title="bbox 367 513 1940 586; baseline -0.003 -15"><span class='ocrx_word' id='word_1_4' title='bbox 367 521 498 574; x_wconf 77' lang='grc' dir='ltr'>Ὅτι</span> <span class='ocrx_word' id='word_1_5' title='bbox 526 516 678 571; x_wconf 80' lang='grc' dir='ltr'>κατὰ</span> <span class='ocrx_word' id='word_1_6' title='bbox 694 516 894 586; x_wconf 64' lang='grc' dir='ltr'>φύσιν</span> <span class='ocrx_word' id='word_1_7' title='bbox 918 515 1274 584; x_wconf 81' lang='grc' dir='ltr'>δημιουργὸς</span> <span class='ocrx_word' id='word_1_8' title='bbox 1301 520 1334 571; x_wconf 84' lang='grc' dir='ltr'><em>ὁ</em></span> <span class='ocrx_word' id='word_1_9' title='bbox 1368 517 1498 581; x_wconf 71' lang='grc' dir='ltr'><strong>Υἱὸς</strong></span> <span class='ocrx_word' id='word_1_10' title='bbox 1515 517 1666 586; x_wconf 78' lang='grc' dir='ltr'>μετὰ</span> <span class='ocrx_word' id='word_1_11' title='bbox 1691 513 1940 586; x_wconf 76' lang='grc' dir='ltr'>Πατρὸς,</span> 
     </span>
    </p>
   </div>
   <div class='ocr_carea' id='block_1_4' title="bbox 434 584 1942 654">
    <p class='ocr_par' dir='ltr' id='par_1_4' title="bbox 434 584 1942 654">
     <span class='ocr_line' id='line_1_4' title="bbox 434 584 1942 654; baseline -0.001 -13"><span class='ocrx_word' id='word_1_12' title='bbox 434 591 516 654; x_wconf 82' lang='grc' dir='ltr'><strong>ὡς</strong></span> <span class='ocrx_word' id='word_1_13' title='bbox 544 588 612 640; x_wconf 82' lang='grc' dir='ltr'>ἐκ</span> <span class='ocrx_word' id='word_1_14' title='bbox 643 584 751 653; x_wconf 79' lang='grc' dir='ltr'>τῆς</span> <span class='ocrx_word' id='word_1_15' title='bbox 789 587 1005 651; x_wconf 84' lang='grc' dir='ltr'><strong>οὐσίας</strong></span> <span class='ocrx_word' id='word_1_16' title='bbox 1036 586 1324 654; x_wconf 79' lang='grc' dir='ltr'><strong>ὑπάρχων</strong></span> <span class='ocrx_word' id='word_1_17' title='bbox 1351 585 1560 650; x_wconf 84' lang='grc' dir='ltr'>αὑτοῦ,</span> <span class='ocrx_word' id='word_1_18' title='bbox 1594 587 1691 640; x_wconf 79' lang='grc' dir='ltr'><strong>καὶ</strong></span> <span class='ocrx_word' id='word_1_19' title='bbox 1721 588 1835 653; x_wconf 85' lang='grc' dir='ltr'>οὐχ</span> <span class='ocrx_word' id='word_1_20' title='bbox 1863 584 1942 649; x_wconf 82' lang='grc' dir='ltr'>ὡς</span> 
     </span>
    </p>
   </div>
   <div class='ocr_carea' id='block_1_5' title="bbox 436 657 1390 725">
    <p class='ocr_par' dir='ltr' id='par_1_5' title="bbox 436 657 1390 725">
     <span class='ocr_line' id='line_1_5' title="bbox 436 657 1390 725; baseline -0.004 -12"><span class='ocrx_word' id='word_1_21' title='bbox 436 657 736 725; x_wconf 74' lang='grc' dir='ltr'><strong>ὑπουργὸς</strong></span> <span class='ocrx_word' id='word_1_22' title='bbox 761 657 1390 725; x_wconf 63' lang='grc' dir='ltr'>παραλαμϐανόμενος.</span> 
     </span>
    </p>
   </div>
   <div class='ocr_carea' id='block_1_6' title="bbox 438 743 1946 817">
    <p class='ocr_par' dir='ltr' id='par_1_6' title="bbox 438 743 1946 817">
     <span class='ocr_line' id='line_1_6' title="bbox 438 743 1946 817; baseline -0.003 -14"><span class='ocrx_word' id='word_1_23' title='bbox 438 748 642 803; x_wconf 76' lang='grc' dir='ltr'>Πάντα</span> <span class='ocrx_word' id='word_1_24' title='bbox 692 746 766 799; x_wconf 83' lang='grc' dir='ltr'>δι’</span> <span class='ocrx_word' id='word_1_25' title='bbox 807 746 993 800; x_wconf 80' lang='grc' dir='ltr'>αὐτοῦ</span> <span class='ocrx_word' id='word_1_26' title='bbox 1042 745 1319 817; x_wconf 71' lang='grc' dir='ltr'>ἐγένετο,</span> <span class='ocrx_word' id='word_1_27' title='bbox 1374 747 1474 801; x_wconf 77' lang='grc' dir='ltr'><strong>καὶ</strong></span> <span class='ocrx_word' id='word_1_28' title='bbox 1535 745 1715 816; x_wconf 72' lang='grc' dir='ltr'>χωρὶς</span> <span class='ocrx_word' id='word_1_29' title='bbox 1759 743 1946 800; x_wconf 82' lang='grc' dir='ltr'>αὑτοῦ</span> 
     </span>
    </p>
   </div>
   <div class='ocr_carea' id='block_1_7' title="bbox 356 838 885 910">
    <p class='ocr_par' dir='ltr' id='par_1_7' title="bbox 356 838 885 910">
     <span class='ocr_line' id='line_1_7' title="bbox 356 838 885 910; baseline 0 -18"><span class='ocrx_word' id='word_1_30' title='bbox 356 841 601 910; x_wconf 70' lang='grc' dir='ltr'>ἐγένετο</span> <span class='ocrx_word' id='word_1_31' title='bbox 629 838 770 894; x_wconf 84' lang='grc' dir='ltr'>οὐδὲ</span> <span class='ocrx_word' id='word_1_32' title='bbox 796 838 885 892; x_wconf 82' lang='grc' dir='ltr'><strong>ἓν.</strong></span> 
     </span>
    </p>
   </div>
   <div class='ocr_carea' id='block_1_8' title="bbox 438 925 1948 1001">
    <p class='ocr_par' dir='ltr' id='par_1_8' title="bbox 438 925 1948 1001">
     <span class='ocr_line' id='line_1_8' title="bbox 438 925 1948 1001; baseline -0.004 -17"><span class='ocrx_word' id='word_1_33' title='bbox 438 931 518 984; x_wconf 78' lang='grc' dir='ltr'><strong>Τὰ</strong></span> <span class='ocrx_word' id='word_1_34' title='bbox 547 929 862 983; x_wconf 77' lang='grc' dir='ltr'><strong>πολύπλοκα</strong></span> <span class='ocrx_word' id='word_1_35' title='bbox 893 929 1000 982; x_wconf 87' lang='grc' dir='ltr'><strong>τῶν</strong></span> <span class='ocrx_word' id='word_1_36' title='bbox 1031 929 1258 983; x_wconf 81' lang='grc' dir='ltr'>ἀνοσίων</span> <span class='ocrx_word' id='word_1_37' title='bbox 1301 927 1594 1001; x_wconf 82' lang='grc' dir='ltr'>αίρετικῶν</span> <span class='ocrx_word' id='word_1_38' title='bbox 1640 925 1948 999; x_wconf 76' lang='grc' dir='ltr'><strong>ἀνατρέψας</strong></span> 
     </span>
    </p>
   </div>
   <div class='ocr_carea' id='block_1_9' title="bbox 365 1017 1950 1090">
    <p class='ocr_par' dir='ltr' id='par_1_9' title="bbox 365 1017 1950 1090">
     <span class='ocr_line' id='line_1_9' title="bbox 365 1017 1950 1090; baseline -0.002 -19"><span class='ocrx_word' id='word_1_39' title='bbox 365 1019 752 1090; x_wconf 77' lang='grc' dir='ltr'>προϐλήματα,</span> <span class='ocrx_word' id='word_1_40' title='bbox 778 1020 871 1072; x_wconf 78' lang='grc' dir='ltr'>καὶ</span> <span class='ocrx_word' id='word_1_41' title='bbox 898 1018 1091 1071; x_wconf 80' lang='grc' dir='ltr'>λεπτὸν</span> <span class='ocrx_word' id='word_1_42' title='bbox 1111 1021 1240 1088; x_wconf 75' lang='grc' dir='ltr'>ἡμῖν</span> <span class='ocrx_word' id='word_1_43' title='bbox 1292 1018 1386 1072; x_wconf 71' lang='grc' dir='ltr'>καὶ</span> <span class='ocrx_word' id='word_1_44' title='bbox 1407 1017 1796 1088; x_wconf 81' lang='grc' dir='ltr'>ἀκριϐέστατον</span> <span class='ocrx_word' id='word_1_45' title='bbox 1821 1017 1950 1087; x_wconf 75' lang='grc' dir='ltr'>περὶ</span> 
     </span>
    </p>
   </div>
   <div class='ocr_carea' id='block_1_10' title="bbox 366 1110 1950 1183">
    <p class='ocr_par' dir='ltr' id='par_1_10' title="bbox 366 1110 1950 1183">
     <span class='ocr_line' id='line_1_10' title="bbox 366 1110 1950 1183; baseline -0.003 -18"><span class='ocrx_word' id='word_1_46' title='bbox 366 1112 461 1165; x_wconf 90' lang='grc' dir='ltr'><strong>τοῦ</strong></span> <span class='ocrx_word' id='word_1_47' title='bbox 492 1111 831 1181; x_wconf 86' lang='grc' dir='ltr'>Μονογενοῦς</span> <span class='ocrx_word' id='word_1_48' title='bbox 853 1113 1124 1182; x_wconf 80' lang='grc' dir='ltr'>ἐξυφήνας</span> <span class='ocrx_word' id='word_1_49' title='bbox 1152 1111 1243 1165; x_wconf 70' lang='grc' dir='ltr'>τὸν</span> <span class='ocrx_word' id='word_1_50' title='bbox 1265 1112 1421 1180; x_wconf 81' lang='grc' dir='ltr'>λόγον</span> <span class='ocrx_word' id='word_1_51' title='bbox 1445 1114 1472 1164; x_wconf 82' lang='grc' dir='ltr'>ὁ</span> <span class='ocrx_word' id='word_1_52' title='bbox 1495 1113 1762 1183; x_wconf 88' lang='grc' dir='ltr'>μακάριος</span> <span class='ocrx_word' id='word_1_53' title='bbox 1789 1110 1950 1178; x_wconf 74' lang='grc' dir='ltr'>εὐαγ-</span> 
     </span>
    </p>
   </div>
   <div class='ocr_carea' id='block_1_11' title="bbox 367 1199 1951 1273">
    <p class='ocr_par' dir='ltr' id='par_1_11' title="bbox 367 1199 1951 1273">
     <span class='ocr_line' id='line_1_11' title="bbox 367 1199 1951 1273; baseline -0.001 -20"><span class='ocrx_word' id='word_1_54' title='bbox 367 1201 658 1272; x_wconf 72' lang='grc' dir='ltr'>γελιστὴς,</span> <span class='ocrx_word' id='word_1_55' title='bbox 712 1203 798 1271; x_wconf 78' lang='grc' dir='ltr'><strong>ἐφ’</strong></span> <span class='ocrx_word' id='word_1_56' title='bbox 833 1203 1027 1273; x_wconf 76' lang='grc' dir='ltr'>ἑτέραν</span> <span class='ocrx_word' id='word_1_57' title='bbox 1060 1201 1278 1272; x_wconf 75' lang='grc' dir='ltr'>ἔρχεται</span> <span class='ocrx_word' id='word_1_58' title='bbox 1311 1201 1406 1254; x_wconf 87' lang='grc' dir='ltr'><strong>τοῦ</strong></span> <span class='ocrx_word' id='word_1_59' title='bbox 1456 1202 1697 1255; x_wconf 75' lang='grc' dir='ltr'>διαϐόλου</span> <span class='ocrx_word' id='word_1_60' title='bbox 1749 1199 1951 1268; x_wconf 83' lang='grc' dir='ltr'>παγίδα</span> 
     </span>
    </p>
   </div>
   <div class='ocr_carea' id='block_1_12' title="bbox 371 1288 1952 1362">
    <p class='ocr_par' dir='ltr' id='par_1_12' title="bbox 371 1288 1952 1362">
     <span class='ocr_line' id='line_1_12' title="bbox 371 1288 1952 1362; baseline -0.001 -20"><span class='ocrx_word' id='word_1_61' title='bbox 371 1290 844 1361; x_wconf 82' lang='grc' dir='ltr'>συμπεπηγμένην</span> <span class='ocrx_word' id='word_1_62' title='bbox 872 1290 933 1355; x_wconf 79' lang='grc' dir='ltr'>ἐξ</span> <span class='ocrx_word' id='word_1_63' title='bbox 961 1291 1194 1361; x_wconf 82' lang='grc' dir='ltr'><em>ἀρχαίας</em></span> <span class='ocrx_word' id='word_1_64' title='bbox 1235 1289 1470 1362; x_wconf 80' lang='grc' dir='ltr'>ἀπάτης,</span> <span class='ocrx_word' id='word_1_65' title='bbox 1519 1291 1612 1343; x_wconf 75' lang='grc' dir='ltr'>καὶ</span> <span class='ocrx_word' id='word_1_66' title='bbox 1657 1292 1755 1360; x_wconf 82' lang='grc' dir='ltr'>τῆς</span> <span class='ocrx_word' id='word_1_67' title='bbox 1789 1288 1952 1342; x_wconf 86' lang='grc' dir='ltr'>πολυ-</span> 
     </span>
    </p>
   </div>
   <div class='ocr_carea' id='block_1_13' title="bbox 371 1381 1950 1453">
    <p class='ocr_par' dir='ltr' id='par_1_13' title="bbox 371 1381 1950 1453">
     <span class='ocr_line' id='line_1_13' title="bbox 371 1381 1950 1453; baseline -0.001 -19"><span class='ocrx_word' id='word_1_68' title='bbox 371 1381 494 1434; x_wconf 83' lang='grc' dir='ltr'>θὲου</span> <span class='ocrx_word' id='word_1_69' title='bbox 528 1382 734 1453; x_wconf 80' lang='grc' dir='ltr'>πλάνης</span> <span class='ocrx_word' id='word_1_70' title='bbox 765 1384 825 1435; x_wconf 84' lang='grc' dir='ltr'><strong>τὸ</strong></span> <span class='ocrx_word' id='word_1_71' title='bbox 865 1382 1088 1452; x_wconf 79' lang='grc' dir='ltr'><strong>κέντρον</strong></span> <span class='ocrx_word' id='word_1_72' title='bbox 1116 1384 1248 1452; x_wconf 84' lang='grc' dir='ltr'>ἡμῖν</span> <span class='ocrx_word' id='word_1_73' title='bbox 1291 1383 1694 1446; x_wconf 78' lang='grc' dir='ltr'><strong>ἀνατείνουσαν,</strong></span> <span class='ocrx_word' id='word_1_74' title='bbox 1738 1383 1771 1451; x_wconf 74' lang='grc' dir='ltr'>ἢ</span> <span class='ocrx_word' id='word_1_75' title='bbox 1819 1381 1950 1433; x_wconf 82' lang='grc' dir='ltr'>πολ-</span> 
     </span>
    </p>
   </div>
   <div class='ocr_carea' id='block_1_14' title="bbox 371 1471 1954 1544">
    <p class='ocr_par' dir='ltr' id='par_1_14' title="bbox 371 1471 1954 1544">
     <span class='ocr_line' id='line_1_14' title="bbox 371 1471 1954 1544; baseline 0 -20"><span class='ocrx_word' id='word_1_76' title='bbox 371 1473 494 1536; x_wconf 82' lang='grc' dir='ltr'>λοὺς</span> <span class='ocrx_word' id='word_1_77' title='bbox 519 1473 616 1543; x_wconf 73' lang='grc' dir='ltr'>μὲν</span> <span class='ocrx_word' id='word_1_78' title='bbox 643 1473 903 1544; x_wconf 79' lang='grc' dir='ltr'><em>τρώσασα</em></span> <span class='ocrx_word' id='word_1_79' title='bbox 931 1473 1327 1542; x_wconf 78' lang='grc' dir='ltr'>καταϐέϐληκε,</span> <span class='ocrx_word' id='word_1_80' title='bbox 1350 1472 1447 1544; x_wconf 77' lang='grc' dir='ltr'><strong>τὴν</strong></span> <span class='ocrx_word' id='word_1_81' title='bbox 1468 1473 1524 1526; x_wconf 75' lang='grc' dir='ltr'>δὲ</span> <span class='ocrx_word' id='word_1_82' title='bbox 1551 1474 1649 1542; x_wconf 76' lang='grc' dir='ltr'><strong>τῆς</strong></span> <span class='ocrx_word' id='word_1_83' title='bbox 1677 1471 1954 1535; x_wconf 76' lang='grc' dir='ltr'><strong>ἀπωλείας</strong></span> 
     </span>
    </p>
   </div>
   <div class='ocr_carea' id='block_1_15' title="bbox 373 1563 1955 1634">
    <p class='ocr_par' dir='ltr' id='par_1_15' title="bbox 373 1563 1955 1634">
     <span class='ocr_line' id='line_1_15' title="bbox 373 1563 1955 1634; baseline -0.001 -19"><span class='ocrx_word' id='word_1_84' title='bbox 373 1563 488 1616; x_wconf 72' lang='grc' dir='ltr'>ὁδὸν</span> <span class='ocrx_word' id='word_1_85' title='bbox 514 1563 840 1632; x_wconf 78' lang='grc' dir='ltr'><strong>ἀνευροῦσα,</strong></span> <span class='ocrx_word' id='word_1_86' title='bbox 879 1564 972 1616; x_wconf 71' lang='grc' dir='ltr'>καὶ</span> <span class='ocrx_word' id='word_1_87' title='bbox 1003 1564 1101 1634; x_wconf 81' lang='grc' dir='ltr'><strong>τὴν</strong></span> <span class='ocrx_word' id='word_1_88' title='bbox 1133 1563 1389 1616; x_wconf 83' lang='grc' dir='ltr'>πλατεῖάν</span> <span class='ocrx_word' id='word_1_89' title='bbox 1421 1580 1481 1614; x_wconf 84' lang='grc' dir='ltr'><strong>τε</strong></span> <span class='ocrx_word' id='word_1_90' title='bbox 1522 1563 1614 1616; x_wconf 71' lang='grc' dir='ltr'>καὶ</span> <span class='ocrx_word' id='word_1_91' title='bbox 1647 1563 1955 1632; x_wconf 78' lang='grc' dir='ltr'><strong>εὐρύχωρον</strong></span> 
     </span>
    </p>
   </div>
   <div class='ocr_carea' id='block_1_16' title="bbox 376 1643 1955 1722">
    <p class='ocr_par' dir='ltr' id='par_1_16' title="bbox 376 1643 1955 1722">
     <span class='ocr_line' id='line_1_16' title="bbox 376 1643 1955 1722; baseline 0.003 -23"><span class='ocrx_word' id='word_1_92' title='bbox 376 1649 725 1701; x_wconf 82' lang='grc' dir='ltr'>ἐκπετάσασα</span> <span class='ocrx_word' id='word_1_93' title='bbox 756 1647 850 1702; x_wconf 87' lang='grc' dir='ltr'><strong>τοῦ</strong></span> <span class='ocrx_word' id='word_1_94' title='bbox 887 1649 1116 1702; x_wconf 77' lang='grc' dir='ltr'>Θανάτου</span> <span class='ocrx_word' id='word_1_95' title='bbox 1173 1643 1367 1720; x_wconf 82' lang='grc' dir='ltr'><strong>πύλην,</strong></span> <span class='ocrx_word' id='word_1_96' title='bbox 1417 1651 1676 1720; x_wconf 75' lang='grc' dir='ltr'>ἀγεληδὸν</span> <span class='ocrx_word' id='word_1_97' title='bbox 1729 1651 1826 1722; x_wconf 80' lang='grc' dir='ltr'>μὲν</span> <span class='ocrx_word' id='word_1_98' title='bbox 1875 1652 1955 1714; x_wconf 90' lang='grc' dir='ltr'><strong>είς</strong></span> 
     </span>
    </p>
   </div>
   <div class='ocr_carea' id='block_1_17' title="bbox 376 1737 1954 1810">
    <p class='ocr_par' dir='ltr' id='par_1_17' title="bbox 376 1737 1954 1810">
     <span class='ocr_line' id='line_1_17' title="bbox 376 1737 1954 1810; baseline 0.001 -20"><span class='ocrx_word' id='word_1_99' title='bbox 376 1738 505 1808; x_wconf 67' lang='grc' dir='ltr'>ᾅδου</span> <span class='ocrx_word' id='word_1_100' title='bbox 525 1738 621 1800; x_wconf 68' lang='grc' dir='ltr'><strong>τὰς</strong></span> <span class='ocrx_word' id='word_1_101' title='bbox 649 1739 754 1791; x_wconf 83' lang='grc' dir='ltr'>τῶν</span> <span class='ocrx_word' id='word_1_102' title='bbox 780 1737 1082 1808; x_wconf 83' lang='grc' dir='ltr'>ἀνθρώπων</span> <span class='ocrx_word' id='word_1_103' title='bbox 1111 1739 1446 1810; x_wconf 80' lang='grc' dir='ltr'>συνεσὼρευε</span> <span class='ocrx_word' id='word_1_104' title='bbox 1467 1739 1664 1809; x_wconf 69' lang='grc' dir='ltr'>ψυχὰς,</span> <span class='ocrx_word' id='word_1_105' title='bbox 1697 1739 1954 1792; x_wconf 85' lang='grc' dir='ltr'>πλουσίαν</span> 
     </span>
    </p>
   </div>
   <div class='ocr_carea' id='block_1_18' title="bbox 377 1826 1952 1900">
    <p class='ocr_par' dir='ltr' id='par_1_18' title="bbox 377 1826 1952 1900">
     <span class='ocr_line' id='line_1_18' title="bbox 377 1826 1952 1900; baseline 0 -18"><span class='ocrx_word' id='word_1_106' title='bbox 377 1829 433 1882; x_wconf 78' lang='grc' dir='ltr'>δὲ</span> <span class='ocrx_word' id='word_1_107' title='bbox 488 1828 677 1900; x_wconf 82' lang='grc' dir='ltr'>ὥσπερ</span> <span class='ocrx_word' id='word_1_108' title='bbox 698 1829 773 1900; x_wconf 82' lang='grc' dir='ltr'>τῷ</span> <span class='ocrx_word' id='word_1_109' title='bbox 803 1828 1031 1898; x_wconf 78' lang='grc' dir='ltr'>διαϐόλῳ</span> <span class='ocrx_word' id='word_1_110' title='bbox 1058 1828 1336 1899; x_wconf 78' lang='grc' dir='ltr'><strong>παρετίθει</strong></span> <span class='ocrx_word' id='word_1_111' title='bbox 1364 1829 1584 1900; x_wconf 81' lang='grc' dir='ltr'>τροφὴν,</span> <span class='ocrx_word' id='word_1_112' title='bbox 1613 1828 1790 1882; x_wconf 76' lang='grc' dir='ltr'>καὶτὰ</span> <span class='ocrx_word' id='word_1_113' title='bbox 1814 1826 1952 1900; x_wconf 82' lang='grc' dir='ltr'>βρώ-</span> 
     </span>
    </p>
   </div>
   <div class='ocr_carea' id='block_1_19' title="bbox 381 1920 1953 1991">
    <p class='ocr_par' dir='ltr' id='par_1_19' title="bbox 381 1920 1953 1991">
     <span class='ocr_line' id='line_1_19' title="bbox 381 1920 1953 1991; baseline -0.001 -18"><span class='ocrx_word' id='word_1_114' title='bbox 381 1938 528 1991; x_wconf 81' lang='grc' dir='ltr'>ματα</span> <span class='ocrx_word' id='word_1_115' title='bbox 563 1920 709 1990; x_wconf 81' lang='grc' dir='ltr'>αύτῷ</span> <span class='ocrx_word' id='word_1_116' title='bbox 739 1921 1015 1990; x_wconf 83' lang='grc' dir='ltr'><strong>προσῆγεν</strong></span> <span class='ocrx_word' id='word_1_117' title='bbox 1044 1921 1297 1974; x_wconf 86' lang='grc' dir='ltr'>ἐκλεκτά.</span> <span class='ocrx_word' id='word_1_118' title='bbox 1345 1920 1561 1990; x_wconf 82' lang='grc' dir='ltr'>Ἐπειδὴ</span> <span class='ocrx_word' id='word_1_119' title='bbox 1611 1921 1718 1991; x_wconf 82' lang='grc' dir='ltr'>γάρ</span> <span class='ocrx_word' id='word_1_120' title='bbox 1763 1920 1953 1991; x_wconf 83' lang='grc' dir='ltr'>Ἐλλή-</span> 
     </span>
    </p>
   </div>
   <div class='ocr_carea' id='block_1_20' title="bbox 375 2011 1954 2083">
    <p class='ocr_par' dir='ltr' id='par_1_20' title="bbox 375 2011 1954 2083">
     <span class='ocr_line' id='line_1_20' title="bbox 375 2011 1954 2083; baseline 0.002 -20"><span class='ocrx_word' id='word_1_121' title='bbox 375 2030 482 2066; x_wconf 87' lang='grc' dir='ltr'>νων</span> <span class='ocrx_word' id='word_1_122' title='bbox 512 2013 700 2074; x_wconf 87' lang='grc' dir='ltr'>παῖδες</span> <span class='ocrx_word' id='word_1_123' title='bbox 739 2013 804 2082; x_wconf 82' lang='grc' dir='ltr'>τῇ</span> <span class='ocrx_word' id='word_1_124' title='bbox 838 2011 930 2065; x_wconf 88' lang='grc' dir='ltr'><strong>τοῦ</strong></span> <span class='ocrx_word' id='word_1_125' title='bbox 975 2012 1180 2082; x_wconf 81' lang='grc' dir='ltr'><strong>κόσμου</strong></span> <span class='ocrx_word' id='word_1_126' title='bbox 1213 2013 1374 2082; x_wconf 79' lang='grc' dir='ltr'>σοφίᾳ</span> <span class='ocrx_word' id='word_1_127' title='bbox 1403 2012 1815 2083; x_wconf 76' lang='grc' dir='ltr'>προσκείμενοι,</span> <span class='ocrx_word' id='word_1_128' title='bbox 1861 2013 1954 2067; x_wconf 79' lang='grc' dir='ltr'>καὶ</span> 
     </span>
    </p>
   </div>
   <div class='ocr_carea' id='block_1_21' title="bbox 371 2103 1954 2175">
    <p class='ocr_par' dir='ltr' id='par_1_21' title="bbox 371 2103 1954 2175">
     <span class='ocr_line' id='line_1_21' title="bbox 371 2103 1954 2175; baseline 0.001 -20"><span class='ocrx_word' id='word_1_129' title='bbox 371 2103 434 2156; x_wconf 79' lang='grc' dir='ltr'>τὸ</span> <span class='ocrx_word' id='word_1_130' title='bbox 460 2105 680 2173; x_wconf 90' lang='grc' dir='ltr'>πνεῦμα</span> <span class='ocrx_word' id='word_1_131' title='bbox 711 2103 805 2157; x_wconf 88' lang='grc' dir='ltr'><strong>τοῦ</strong></span> <span class='ocrx_word' id='word_1_132' title='bbox 835 2105 1094 2175; x_wconf 77' lang='grc' dir='ltr'>ἄρχοντος</span> <span class='ocrx_word' id='word_1_133' title='bbox 1123 2103 1216 2158; x_wconf 84' lang='grc' dir='ltr'><strong>τοῦ</strong></span> <span class='ocrx_word' id='word_1_134' title='bbox 1247 2103 1442 2167; x_wconf 87' lang='grc' dir='ltr'>αίῶνος</span> <span class='ocrx_word' id='word_1_135' title='bbox 1472 2104 1661 2158; x_wconf 87' lang='grc' dir='ltr'>τούτου</span> <span class='ocrx_word' id='word_1_136' title='bbox 1684 2103 1954 2168; x_wconf 87' lang='grc' dir='ltr'>πλουσίως</span> 
     </span>
    </p>
   </div>
   <div class='ocr_carea' id='block_1_22' title="bbox 373 2193 1952 2268">
    <p class='ocr_par' dir='ltr' id='par_1_22' title="bbox 373 2193 1952 2268">
     <span class='ocr_line' id='line_1_22' title="bbox 373 2193 1952 2268; baseline 0.001 -22"><span class='ocrx_word' id='word_1_137' title='bbox 373 2194 584 2265; x_wconf 76' lang='grc' dir='ltr'>ἔχοντες</span> <span class='ocrx_word' id='word_1_138' title='bbox 614 2195 692 2257; x_wconf 81' lang='grc' dir='ltr'><strong>είς</strong></span> <span class='ocrx_word' id='word_1_139' title='bbox 723 2193 868 2256; x_wconf 90' lang='grc' dir='ltr'>νοῦν,</span> <span class='ocrx_word' id='word_1_140' title='bbox 905 2195 983 2256; x_wconf 84' lang='grc' dir='ltr'><strong>είς</strong></span> <span class='ocrx_word' id='word_1_141' title='bbox 1017 2194 1276 2248; x_wconf 89' lang='grc' dir='ltr'>πολύθεον</span> <span class='ocrx_word' id='word_1_142' title='bbox 1320 2195 1682 2266; x_wconf 81' lang='grc' dir='ltr'>κατεφέροντο</span> <span class='ocrx_word' id='word_1_143' title='bbox 1719 2194 1952 2268; x_wconf 82' lang='grc' dir='ltr'>πλάνην,</span> 
     </span>
    </p>
   </div>
   <div class='ocr_carea' id='block_1_23' title="bbox 371 2285 1954 2357">
    <p class='ocr_par' dir='ltr' id='par_1_23' title="bbox 371 2285 1954 2357">
     <span class='ocr_line' id='line_1_23' title="bbox 371 2285 1954 2357; baseline 0.001 -16"><span class='ocrx_word' id='word_1_144' title='bbox 371 2287 466 2342; x_wconf 75' lang='grc' dir='ltr'>καὶ</span> <span class='ocrx_word' id='word_1_145' title='bbox 497 2285 558 2340; x_wconf 76' lang='grc' dir='ltr'><strong>τὸ</strong></span> <span class='ocrx_word' id='word_1_146' title='bbox 593 2287 692 2356; x_wconf 81' lang='grc' dir='ltr'>μὲν</span> <span class='ocrx_word' id='word_1_147' title='bbox 721 2285 823 2356; x_wconf 82' lang='grc' dir='ltr'><strong>τῆς</strong></span> <span class='ocrx_word' id='word_1_148' title='bbox 856 2285 1112 2352; x_wconf 77' lang='grc' dir='ltr'><strong>ἀληθείας</strong></span> <span class='ocrx_word' id='word_1_149' title='bbox 1145 2286 1340 2349; x_wconf 80' lang='grc' dir='ltr'>κάλλος</span> <span class='ocrx_word' id='word_1_150' title='bbox 1375 2285 1801 2357; x_wconf 74' lang='grc' dir='ltr'>ἀπεστρέφοντο,</span> <span class='ocrx_word' id='word_1_151' title='bbox 1840 2291 1954 2356; x_wconf 83' lang='grc' dir='ltr'>τοῖς</span> 
     </span>
    </p>
   </div>
   <div class='ocr_carea' id='block_1_24' title="bbox 369 2374 1955 2450">
    <p class='ocr_par' dir='ltr' id='par_1_24' title="bbox 369 2374 1955 2450">
     <span class='ocr_line' id='line_1_24' title="bbox 369 2374 1955 2450; baseline -0.001 -18"><span class='ocrx_word' id='word_1_152' title='bbox 369 2377 426 2432; x_wconf 76' lang='grc' dir='ltr'><strong>δέ</strong></span> <span class='ocrx_word' id='word_1_153' title='bbox 451 2380 510 2431; x_wconf 88' lang='grc' dir='ltr'><strong>ἐν</strong></span> <span class='ocrx_word' id='word_1_154' title='bbox 539 2374 697 2448; x_wconf 85' lang='grc' dir='ltr'>ἀχλύῖ</span> <span class='ocrx_word' id='word_1_155' title='bbox 731 2375 824 2429; x_wconf 80' lang='grc' dir='ltr'>καὶ</span> <span class='ocrx_word' id='word_1_156' title='bbox 861 2375 1034 2444; x_wconf 82' lang='grc' dir='ltr'>σκότῳ</span> <span class='ocrx_word' id='word_1_157' title='bbox 1065 2374 1336 2445; x_wconf 80' lang='grc' dir='ltr'>βαδίζουσι</span> <span class='ocrx_word' id='word_1_158' title='bbox 1366 2377 1758 2448; x_wconf 84' lang='grc' dir='ltr'>παραπλήσιοι,</span> <span class='ocrx_word' id='word_1_159' title='bbox 1817 2379 1955 2450; x_wconf 83' lang='grc' dir='ltr'>πρὸς</span> 
     </span>
    </p>
   </div>
   <div class='ocr_carea' id='block_1_25' title="bbox 369 2465 1955 2541">
    <p class='ocr_par' dir='ltr' id='par_1_25' title="bbox 369 2465 1955 2541">
     <span class='ocr_line' id='line_1_25' title="bbox 369 2465 1955 2541; baseline 0.001 -18"><span class='ocrx_word' id='word_1_160' title='bbox 369 2469 460 2523; x_wconf 82' lang='grc' dir='ltr'>τὸν</span> <span class='ocrx_word' id='word_1_161' title='bbox 485 2469 550 2521; x_wconf 78' lang='grc' dir='ltr'><strong>ἐκ</strong></span> <span class='ocrx_word' id='word_1_162' title='bbox 577 2468 677 2537; x_wconf 83' lang='grc' dir='ltr'>τῆς</span> <span class='ocrx_word' id='word_1_163' title='bbox 701 2465 908 2530; x_wconf 75' lang='grc' dir='ltr'>οἰκείας</span> <span class='ocrx_word' id='word_1_164' title='bbox 935 2466 1177 2536; x_wconf 79' lang='grc' dir='ltr'>ἀμαθίας</span> <span class='ocrx_word' id='word_1_165' title='bbox 1209 2467 1516 2539; x_wconf 84' lang='grc' dir='ltr'>κατῴχοντο</span> <span class='ocrx_word' id='word_1_166' title='bbox 1551 2469 1762 2541; x_wconf 78' lang='grc' dir='ltr'>βόθρον,</span> <span class='ocrx_word' id='word_1_167' title='bbox 1797 2469 1955 2524; x_wconf 85' lang='grc' dir='ltr'>είδὼ-</span> 
     </span>
    </p>
   </div>
   <div class='ocr_carea' id='block_1_26' title="bbox 371 2556 1954 2632">
    <p class='ocr_par' dir='ltr' id='par_1_26' title="bbox 371 2556 1954 2632">
     <span class='ocr_line' id='line_1_26' title="bbox 371 2556 1954 2632; baseline 0.001 -20"><span class='ocrx_word' id='word_1_168' title='bbox 371 2559 483 2623; x_wconf 89' lang='grc' dir='ltr'>λοις</span> <span class='ocrx_word' id='word_1_169' title='bbox 512 2558 740 2630; x_wconf 78' lang='grc' dir='ltr'>ἀψύχοις</span> <span class='ocrx_word' id='word_1_170' title='bbox 758 2556 1132 2629; x_wconf 82' lang='grc' dir='ltr'>λατρεύοντες,</span> <span class='ocrx_word' id='word_1_171' title='bbox 1165 2559 1258 2612; x_wconf 72' lang='grc' dir='ltr'>καὶ</span> <span class='ocrx_word' id='word_1_172' title='bbox 1285 2559 1365 2630; x_wconf 81' lang='grc' dir='ltr'><strong>τῷ</strong></span> <span class='ocrx_word' id='word_1_173' title='bbox 1395 2559 1492 2630; x_wconf 73' lang='grc' dir='ltr'>μὲν</span> <span class='ocrx_word' id='word_1_174' title='bbox 1518 2560 1658 2632; x_wconf 80' lang='grc' dir='ltr'>ξύλῳ</span> <span class='ocrx_word' id='word_1_175' title='bbox 1681 2561 1954 2632; x_wconf 76' lang='grc' dir='ltr'>λέγοντεςο</span> 
     </span>
    </p>
   </div>
   <div class='ocr_carea' id='block_1_27' title="bbox 375 2645 1953 2724">
    <p class='ocr_par' dir='ltr' id='par_1_27' title="bbox 375 2645 1953 2724">
     <span class='ocr_line' id='line_1_27' title="bbox 375 2645 1953 2724; baseline 0.002 -21"><span class='ocrx_word' id='word_1_176' title='bbox 375 2670 394 2702; x_wconf 69' lang='grc' dir='ltr'><strong>ι</strong></span> <span class='ocrx_word' id='word_1_177' title='bbox 419 2650 550 2714; x_wconf 85' lang='grc' dir='ltr'>Θεός</span> <span class='ocrx_word' id='word_1_178' title='bbox 582 2667 684 2721; x_wconf 88' lang='grc' dir='ltr'><strong>μου</strong></span> <span class='ocrx_word' id='word_1_179' title='bbox 715 2645 765 2703; x_wconf 81' lang='grc' dir='ltr'><strong>εί</strong></span> <span class='ocrx_word' id='word_1_180' title='bbox 795 2651 915 2706; x_wconf 76' lang='grc' dir='ltr'><strong>σὺ.»</strong></span> <span class='ocrx_word' id='word_1_181' title='bbox 948 2647 1025 2719; x_wconf 83' lang='grc' dir='ltr'><strong>τῷ</strong></span> <span class='ocrx_word' id='word_1_182' title='bbox 1051 2649 1105 2702; x_wconf 80' lang='grc' dir='ltr'><strong>δέ</strong></span> <span class='ocrx_word' id='word_1_183' title='bbox 1129 2648 1284 2720; x_wconf 85' lang='grc' dir='ltr'>λίθῳ,</span> <span class='ocrx_word' id='word_1_184' title='bbox 1319 2670 1338 2702; x_wconf 84' lang='grc' dir='ltr'><strong>ι</strong></span> <span class='ocrx_word' id='word_1_185' title='bbox 1361 2651 1432 2703; x_wconf 72' lang='grc' dir='ltr'><strong>Σὺ</strong></span> <span class='ocrx_word' id='word_1_186' title='bbox 1463 2652 1754 2723; x_wconf 80' lang='grc' dir='ltr'>ἐγέννησάς</span> <span class='ocrx_word' id='word_1_187' title='bbox 1788 2669 1855 2724; x_wconf 88' lang='grc' dir='ltr'><strong>με</strong></span> <span class='ocrx_word' id='word_1_188' title='bbox 1879 2671 1893 2684; x_wconf 88' lang='grc'><strong>·</strong></span> <span class='ocrx_word' id='word_1_189' title='bbox 1931 2670 1953 2706; x_wconf 71' lang='grc' dir='ltr'><strong>ι</strong></span> 
     </span>
    </p>
   </div>
   <div class='ocr_carea' id='block_1_28' title="bbox 369 2740 1957 2814">
    <p class='ocr_par' dir='ltr' id='par_1_28' title="bbox 369 2740 1957 2814">
     <span class='ocr_line' id='line_1_28' title="bbox 369 2740 1957 2814; baseline 0.001 -18"><span class='ocrx_word' id='word_1_190' title='bbox 369 2743 547 2814; x_wconf 61' lang='lat' dir='ltr'><strong>{tepet</strong></span> <span class='ocrx_word' id='word_1_191' title='bbox 607 2740 663 2795; x_wconf 69' lang='grc' dir='ltr'><strong>δέ</strong></span> <span class='ocrx_word' id='word_1_192' title='bbox 723 2740 885 2794; x_wconf 86' lang='grc' dir='ltr'>πάλιν</span> <span class='ocrx_word' id='word_1_193' title='bbox 932 2741 1376 2811; x_wconf 77' lang='grc' dir='ltr'>πλημμελοῦντες</span> <span class='ocrx_word' id='word_1_194' title='bbox 1439 2742 1506 2795; x_wconf 90' lang='grc' dir='ltr'><strong>τά</strong></span> <span class='ocrx_word' id='word_1_195' title='bbox 1564 2743 1804 2814; x_wconf 83' lang='grc' dir='ltr'>συγγενῆ</span> <span class='ocrx_word' id='word_1_196' title='bbox 1857 2743 1957 2812; x_wconf 77' lang='grc' dir='ltr'>μὲν</span> 
     </span>
    </p>
   </div>
   <div class='ocr_carea' id='block_1_29' title="bbox 373 2827 1956 2903">
    <p class='ocr_par' dir='ltr' id='par_1_29' title="bbox 373 2827 1956 2903">
     <span class='ocr_line' id='line_1_29' title="bbox 373 2827 1956 2903; baseline 0 -15"><span class='ocrx_word' id='word_1_197' title='bbox 373 2833 636 2900; x_wconf 74' lang='grc' dir='ltr'>ἐκείνοις,</span> <span class='ocrx_word' id='word_1_198' title='bbox 686 2832 1037 2902; x_wconf 82' lang='grc' dir='ltr'>ἀστειοτέραν</span> <span class='ocrx_word' id='word_1_199' title='bbox 1093 2831 1136 2884; x_wconf 82' lang='grc' dir='ltr'>δ’</span> <span class='ocrx_word' id='word_1_200' title='bbox 1183 2827 1276 2885; x_wconf 83' lang='grc' dir='ltr'><strong>οῦν</strong></span> <span class='ocrx_word' id='word_1_201' title='bbox 1339 2833 1486 2902; x_wconf 81' lang='grc' dir='ltr'>ὅμως</span> <span class='ocrx_word' id='word_1_202' title='bbox 1549 2833 1956 2903; x_wconf 77' lang='grc' dir='ltr'>ἐπιτηδεύοντες</span> 
     </span>
    </p>
   </div>
   <div class='ocr_carea' id='block_1_30' title="bbox 377 2922 1954 2996">
    <p class='ocr_par' dir='ltr' id='par_1_30' title="bbox 377 2922 1954 2996">
     <span class='ocr_line' id='line_1_30' title="bbox 377 2922 1954 2996; baseline 0 -17"><span class='ocrx_word' id='word_1_203' title='bbox 377 2925 605 2994; x_wconf 73' lang='grc' dir='ltr'>πλάνην,</span> <span class='ocrx_word' id='word_1_204' title='bbox 627 2927 693 2994; x_wconf 81' lang='grc' dir='ltr'>τῇ</span> <span class='ocrx_word' id='word_1_205' title='bbox 727 2924 903 2977; x_wconf 80' lang='grc' dir='ltr'>κτίσει</span> <span class='ocrx_word' id='word_1_206' title='bbox 935 2922 1219 2992; x_wconf 85' lang='grc' dir='ltr'>λατρεύειν</span> <span class='ocrx_word' id='word_1_207' title='bbox 1252 2923 1421 2994; x_wconf 80' lang='grc' dir='ltr'>ᾤοντο</span> <span class='ocrx_word' id='word_1_208' title='bbox 1448 2926 1643 2994; x_wconf 84' lang='grc' dir='ltr'>χρῆναι</span> <span class='ocrx_word' id='word_1_209' title='bbox 1675 2924 1824 2996; x_wconf 74' lang='grc' dir='ltr'>παρὰ</span> <span class='ocrx_word' id='word_1_210' title='bbox 1862 2925 1954 2979; x_wconf 81' lang='grc' dir='ltr'><strong>τὸν</strong></span> 
     </span>
    </p>
   </div>
   <div class='ocr_carea' id='block_1_31' title="bbox 377 3014 1956 3088">
    <p class='ocr_par' dir='ltr' id='par_1_31' title="bbox 377 3014 1956 3088">
     <span class='ocr_line' id='line_1_31' title="bbox 377 3014 1956 3088; baseline -0.001 -18"><span class='ocrx_word' id='word_1_211' title='bbox 377 3017 658 3078; x_wconf 73' lang='grc' dir='ltr'>κτίσαντα,</span> <span class='ocrx_word' id='word_1_212' title='bbox 691 3018 784 3069; x_wconf 69' lang='grc' dir='ltr'>καὶ</span> <span class='ocrx_word' id='word_1_213' title='bbox 828 3016 926 3086; x_wconf 79' lang='grc' dir='ltr'>τὴν</span> <span class='ocrx_word' id='word_1_214' title='bbox 979 3018 1113 3088; x_wconf 82' lang='grc' dir='ltr'>μόνῃ</span> <span class='ocrx_word' id='word_1_215' title='bbox 1168 3016 1484 3086; x_wconf 81' lang='grc' dir='ltr'>πρέπουσαν</span> <span class='ocrx_word' id='word_1_216' title='bbox 1532 3016 1690 3082; x_wconf 81' lang='grc' dir='ltr'>δόξαν</span> <span class='ocrx_word' id='word_1_217' title='bbox 1732 3017 1800 3086; x_wconf 79' lang='grc' dir='ltr'><strong>τῇ</strong></span> <span class='ocrx_word' id='word_1_218' title='bbox 1835 3014 1956 3087; x_wconf 79' lang='grc' dir='ltr'>θείᾳ</span> 
     </span>
    </p>
   </div>
   <div class='ocr_carea' id='block_1_32' title="bbox 1452 302 2582 364">
    <p class='ocr_par' dir='ltr' id='par_1_32' title="bbox 1452 302 2582 364">
     <span class='ocr_line' id='line_1_32' title="bbox 1452 302 2582 364; baseline -0.003 -2"><span class='ocrx_word' id='word_1_219' title='bbox 1452 307 1519 362; x_wconf 79' lang='lat' dir='ltr'><strong>IN</strong></span> <span class='ocrx_word' id='word_1_220' title='bbox 1558 305 1845 364; x_wconf 66' lang='lat' dir='ltr'><strong>JOANNIS</strong></span> <span class='ocrx_word' id='word_1_221' title='bbox 1881 304 2331 363; x_wconf 76' lang='lat' dir='ltr'><strong>EVANGELIUM</strong></span> <span class='ocrx_word' id='word_1_222' title='bbox 2368 303 2497 361; x_wconf 77' lang='lat' dir='ltr'><strong>LIB.</strong></span> <span class='ocrx_word' id='word_1_223' title='bbox 2539 302 2582 360; x_wconf 83' lang='grc'><strong>1.</strong></span> 
     </span>
    </p>
   </div>
   <div class='ocr_carea' id='block_1_33' title="bbox 1963 429 2008 484">
    <p class='ocr_par' dir='ltr' id='par_1_33' title="bbox 1963 429 2008 484">
     <span class='ocr_line' id='line_1_33' title="bbox 1963 429 2008 484; baseline 0 0"><span class='ocrx_word' id='word_1_224' title='bbox 1963 429 2008 484; x_wconf 79' lang='grc' dir='ltr'><strong>Α</strong></span> 
     </span>
    </p>
   </div>
   <div class='ocr_carea' id='block_1_34' title="bbox 3563 314 3632 368">
    <p class='ocr_par' dir='ltr' id='par_1_34' title="bbox 3563 314 3632 368">
     <span class='ocr_line' id='line_1_34' title="bbox 3563 314 3632 368; baseline 0.014 -1"><span class='ocrx_word' id='word_1_225' title='bbox 3563 314 3632 368; x_wconf 80' lang='grc' dir='ltr'><strong>’ῖϐ</strong></span> 
     </span>
    </p>
   </div>
   <div class='ocr_carea' id='block_1_35' title="bbox 2692 417 2948 475">
    <p class='ocr_par' dir='ltr' id='par_1_35' title="bbox 2692 417 2948 475">
     <span class='ocr_line' id='line_1_35' title="bbox 2692 417 2948 475; baseline -0.008 0"><span class='ocrx_word' id='word_1_226' title='bbox 2692 419 2845 475; x_wconf 81' lang='lat' dir='ltr'><strong>CAP.</strong></span> <span class='ocrx_word' id='word_1_227' title='bbox 2881 417 2948 474; x_wconf 76' lang='grc' dir='ltr'>ν.</span> 
     </span>
    </p>
   </div>
   <div class='ocr_carea' id='block_1_36' title="bbox 2047 489 3628 578">
    <p class='ocr_par' dir='ltr' id='par_1_36' title="bbox 2047 489 3628 578">
     <span class='ocr_line' id='line_1_36' title="bbox 2047 489 3628 578; baseline 0.002 -13"><span class='ocrx_word' id='word_1_228' title='bbox 2047 511 2200 578; x_wconf 82' lang='lat' dir='ltr'><strong>Quod</strong></span> <span class='ocrx_word' id='word_1_229' title='bbox 2248 521 2450 564; x_wconf 76' lang='lat' dir='ltr'><strong>natura.</strong></span> <span class='ocrx_word' id='word_1_230' title='bbox 2492 527 2591 564; x_wconf 79' lang='lat' dir='ltr'><strong>sua</strong></span> <span class='ocrx_word' id='word_1_231' title='bbox 2633 521 2842 564; x_wconf 75' lang='lat' dir='ltr'><strong>creator</strong></span> <span class='ocrx_word' id='word_1_232' title='bbox 2883 512 2952 564; x_wconf 81' lang='lat' dir='ltr'><strong>sit</strong></span> <span class='ocrx_word' id='word_1_233' title='bbox 3005 489 3179 564; x_wconf 73' lang='lat' dir='ltr'><strong>Filius</strong></span> <span class='ocrx_word' id='word_1_234' title='bbox 3218 527 3337 564; x_wconf 83' lang='lat' dir='ltr'><strong>rum</strong></span> <span class='ocrx_word' id='word_1_235' title='bbox 3384 512 3546 566; x_wconf 80' lang='lat' dir='ltr'><strong>Patre</strong></span> <span class='ocrx_word' id='word_1_236' title='bbox 3570 525 3628 568; x_wconf 70' lang='lat' dir='ltr'><strong>at</strong></span> 
     </span>
    </p>
   </div>
   <div class='ocr_carea' id='block_1_37' title="bbox 2114 581 3628 651">
    <p class='ocr_par' dir='ltr' id='par_1_37' title="bbox 2114 581 3628 651">
     <span class='ocr_line' id='line_1_37' title="bbox 2114 581 3628 651; baseline 0.001 -16"><span class='ocrx_word' id='word_1_237' title='bbox 2114 582 2205 651; x_wconf 82' lang='lat' dir='ltr'><strong>qui</strong></span> <span class='ocrx_word' id='word_1_238' title='bbox 2239 597 2305 635; x_wconf 79' lang='lat' dir='ltr'><strong>ea:</strong></span> <span class='ocrx_word' id='word_1_239' title='bbox 2326 581 2442 648; x_wconf 81' lang='lat' dir='ltr'><strong>ejus</strong></span> <span class='ocrx_word' id='word_1_240' title='bbox 2490 590 2568 634; x_wconf 84' lang='lat' dir='ltr'><strong>est</strong></span> <span class='ocrx_word' id='word_1_241' title='bbox 2602 581 2924 648; x_wconf 69' lang='lat' dir='ltr'><strong>substantia,</strong></span> <span class='ocrx_word' id='word_1_242' title='bbox 2961 590 3011 634; x_wconf 82' lang='lat' dir='ltr'><strong>et</strong></span> <span class='ocrx_word' id='word_1_243' title='bbox 3041 597 3143 635; x_wconf 82' lang='lat' dir='ltr'><strong>non</strong></span> <span class='ocrx_word' id='word_1_244' title='bbox 3175 590 3430 648; x_wconf 82' lang='lat' dir='ltr'><strong>tauquam</strong></span> <span class='ocrx_word' id='word_1_245' title='bbox 3468 585 3628 636; x_wconf 77' lang='lat' dir='ltr'><strong>ruini-</strong></span> 
     </span>
    </p>
   </div>
   <div class='ocr_carea' id='block_1_38' title="bbox 2117 650 2746 718">
    <p class='ocr_par' dir='ltr' id='par_1_38' title="bbox 2117 650 2746 718">
     <span class='ocr_line' id='line_1_38' title="bbox 2117 650 2746 718; baseline 0 -14"><span class='ocrx_word' id='word_1_246' title='bbox 2117 650 2224 705; x_wconf 73' lang='lat' dir='ltr'><strong>ster</strong></span> <span class='ocrx_word' id='word_1_247' title='bbox 2247 651 2314 705; x_wconf 87' lang='lat' dir='ltr'><strong>ad</strong></span> <span class='ocrx_word' id='word_1_248' title='bbox 2346 650 2402 704; x_wconf 85' lang='lat' dir='ltr'><strong>id</strong></span> <span class='ocrx_word' id='word_1_249' title='bbox 2424 661 2746 718; x_wconf 75' lang='lat' dir='ltr'><strong>assumptus.</strong></span> 
     </span>
    </p>
   </div>
   <div class='ocr_carea' id='block_1_39' title="bbox 2121 742 3628 813">
    <p class='ocr_par' dir='ltr' id='par_1_39' title="bbox 2121 742 3628 813">
     <span class='ocr_line' id='line_1_39' title="bbox 2121 742 3628 813; baseline 0.002 -17"><span class='ocrx_word' id='word_1_250' title='bbox 2121 742 2160 805; x_wconf 93' lang='grc' dir='ltr'>Ι,</span> <span class='ocrx_word' id='word_1_251' title='bbox 2195 744 2247 798; x_wconf 75' lang='lat'><strong>3.</strong></span> <span class='ocrx_word' id='word_1_252' title='bbox 2299 742 2493 797; x_wconf 82' lang='lat' dir='ltr'><strong>Omnia</strong></span> <span class='ocrx_word' id='word_1_253' title='bbox 2540 757 2632 809; x_wconf 83' lang='lat' dir='ltr'><strong>per</strong></span> <span class='ocrx_word' id='word_1_254' title='bbox 2681 743 2852 812; x_wconf 83' lang='lat' dir='ltr'><strong>ipsum</strong></span> <span class='ocrx_word' id='word_1_255' title='bbox 2885 743 3032 813; x_wconf 77' lang='lat' dir='ltr'><strong>facta</strong></span> <span class='ocrx_word' id='word_1_256' title='bbox 3076 753 3229 800; x_wconf 81' lang='lat' dir='ltr'><strong>sunt.</strong></span> <span class='ocrx_word' id='word_1_257' title='bbox 3281 753 3332 798; x_wconf 83' lang='lat' dir='ltr'><strong>et</strong></span> <span class='ocrx_word' id='word_1_258' title='bbox 3365 744 3478 800; x_wconf 82' lang='lat' dir='ltr'><strong>sine</strong></span> <span class='ocrx_word' id='word_1_259' title='bbox 3516 745 3628 813; x_wconf 81' lang='lat' dir='ltr'><strong>ipso</strong></span> 
     </span>
    </p>
   </div>
   <div class='ocr_carea' id='block_1_40' title="bbox 2049 832 2553 902">
    <p class='ocr_par' dir='ltr' id='par_1_40' title="bbox 2049 832 2553 902">
     <span class='ocr_line' id='line_1_40' title="bbox 2049 832 2553 902; baseline 0.004 -17"><span class='ocrx_word' id='word_1_260' title='bbox 2049 832 2252 902; x_wconf 78' lang='lat' dir='ltr'><strong>factum</strong></span> <span class='ocrx_word' id='word_1_261' title='bbox 2290 845 2366 888; x_wconf 87' lang='lat' dir='ltr'><strong>est</strong></span> <span class='ocrx_word' id='word_1_262' title='bbox 2400 835 2553 891; x_wconf 81' lang='lat' dir='ltr'><strong>nihil.</strong></span> 
     </span>
    </p>
   </div>
   <div class='ocr_carea' id='block_1_41' title="bbox 2125 924 3628 998">
    <p class='ocr_par' dir='ltr' id='par_1_41' title="bbox 2125 924 3628 998">
     <span class='ocr_line' id='line_1_41' title="bbox 2125 924 3628 998; baseline 0.003 -20"><span class='ocrx_word' id='word_1_263' title='bbox 2125 925 2349 980; x_wconf 85' lang='lat' dir='ltr'><strong>Eversis</strong></span> <span class='ocrx_word' id='word_1_264' title='bbox 2391 927 2685 994; x_wconf 87' lang='lat' dir='ltr'><strong>impiorum</strong></span> <span class='ocrx_word' id='word_1_265' title='bbox 2748 924 3134 980; x_wconf 67' lang='lat' dir='ltr'><strong>haereticorum</strong></span> <span class='ocrx_word' id='word_1_266' title='bbox 3189 927 3430 982; x_wconf 82' lang='lat' dir='ltr'><strong>versutis</strong></span> <span class='ocrx_word' id='word_1_267' title='bbox 3475 927 3628 998; x_wconf 89' lang='lat' dir='ltr'><strong>obje—</strong></span> 
     </span>
    </p>
   </div>
   <div class='ocr_carea' id='block_1_42' title="bbox 2050 1017 3630 1087">
    <p class='ocr_par' dir='ltr' id='par_1_42' title="bbox 2050 1017 3630 1087">
     <span class='ocr_line' id='line_1_42' title="bbox 2050 1017 3630 1087; baseline 0.003 -16"><span class='ocrx_word' id='word_1_268' title='bbox 2050 1017 2329 1072; x_wconf 84' lang='lat' dir='ltr'><strong>ctionibus</strong></span> <span class='ocrx_word' id='word_1_269' title='bbox 2385 1025 2440 1071; x_wconf 86' lang='lat' dir='ltr'><strong>et</strong></span> <span class='ocrx_word' id='word_1_270' title='bbox 2482 1017 2667 1071; x_wconf 85' lang='lat' dir='ltr'><strong>subtili</strong></span> <span class='ocrx_word' id='word_1_271' title='bbox 2715 1025 2882 1087; x_wconf 87' lang='lat' dir='ltr'><strong>atque</strong></span> <span class='ocrx_word' id='word_1_272' title='bbox 2913 1019 3336 1072; x_wconf 71' lang='lat' dir='ltr'><strong>accuratissima</strong></span> <span class='ocrx_word' id='word_1_273' title='bbox 3374 1019 3533 1075; x_wconf 90' lang='lat' dir='ltr'><strong>nobis</strong></span> <span class='ocrx_word' id='word_1_274' title='bbox 3561 1020 3630 1075; x_wconf 86' lang='lat' dir='ltr'><strong>de</strong></span> 
     </span>
    </p>
   </div>
   <div class='ocr_carea' id='block_1_43' title="bbox 2055 1108 3627 1182">
    <p class='ocr_par' dir='ltr' id='par_1_43' title="bbox 2055 1108 3627 1182">
     <span class='ocr_line' id='line_1_43' title="bbox 2055 1108 3627 1182; baseline -0.001 -16"><span class='ocrx_word' id='word_1_275' title='bbox 2055 1108 2354 1180; x_wconf 84' lang='lat' dir='ltr'><strong>Unigenito</strong></span> <span class='ocrx_word' id='word_1_276' title='bbox 2391 1109 2644 1164; x_wconf 74' lang='lat' dir='ltr'><strong>doctrina</strong></span> <span class='ocrx_word' id='word_1_277' title='bbox 2687 1119 2945 1164; x_wconf 72' lang='lat' dir='ltr'><strong>contexta</strong></span> <span class='ocrx_word' id='word_1_278' title='bbox 2972 1150 2986 1174; x_wconf 91' lang='lat'><strong>,</strong></span> <span class='ocrx_word' id='word_1_279' title='bbox 3036 1110 3236 1168; x_wconf 86' lang='lat' dir='ltr'><strong>beatus</strong></span> <span class='ocrx_word' id='word_1_280' title='bbox 3287 1111 3627 1182; x_wconf 83' lang='lat' dir='ltr'><strong>evangelista</strong></span> 
     </span>
    </p>
   </div>
   <div class='ocr_carea' id='block_1_44' title="bbox 2047 1201 3626 1272">
    <p class='ocr_par' dir='ltr' id='par_1_44' title="bbox 2047 1201 3626 1272">
     <span class='ocr_line' id='line_1_44' title="bbox 2047 1201 3626 1272; baseline -0.002 -17"><span class='ocrx_word' id='word_1_281' title='bbox 2047 1201 2163 1272; x_wconf 90' lang='lat' dir='ltr'><strong>jam</strong></span> <span class='ocrx_word' id='word_1_282' title='bbox 2211 1201 2276 1256; x_wconf 89' lang='lat' dir='ltr'><strong>ad</strong></span> <span class='ocrx_word' id='word_1_283' title='bbox 2342 1201 2752 1258; x_wconf 87' lang='lat' dir='ltr'><strong>dissolvendum</strong></span> <span class='ocrx_word' id='word_1_284' title='bbox 2821 1202 3055 1257; x_wconf 88' lang='lat' dir='ltr'><strong>alterum</strong></span> <span class='ocrx_word' id='word_1_285' title='bbox 3104 1202 3310 1258; x_wconf 89' lang='lat' dir='ltr'><strong>diaboli</strong></span> <span class='ocrx_word' id='word_1_286' title='bbox 3370 1202 3626 1271; x_wconf 91' lang='lat' dir='ltr'><strong>laqueum</strong></span> 
     </span>
    </p>
   </div>
   <div class='ocr_carea' id='block_1_45' title="bbox 2054 1293 3629 1364">
    <p class='ocr_par' dir='ltr' id='par_1_45' title="bbox 2054 1293 3629 1364">
     <span class='ocr_line' id='line_1_45' title="bbox 2054 1293 3629 1364; baseline 0 -18"><span class='ocrx_word' id='word_1_287' title='bbox 2054 1293 2303 1357; x_wconf 87' lang='lat' dir='ltr'><strong>accedit,</strong></span> <span class='ocrx_word' id='word_1_288' title='bbox 2348 1309 2416 1348; x_wconf 77' lang='lat' dir='ltr'><strong>ex</strong></span> <span class='ocrx_word' id='word_1_289' title='bbox 2446 1295 2621 1349; x_wconf 84' lang='lat' dir='ltr'><strong>veteri</strong></span> <span class='ocrx_word' id='word_1_290' title='bbox 2673 1293 2864 1348; x_wconf 81' lang='lat' dir='ltr'><strong>fraude</strong></span> <span class='ocrx_word' id='word_1_291' title='bbox 2905 1301 3294 1364; x_wconf 88' lang='lat' dir='ltr'><strong>compactum,</strong></span> <span class='ocrx_word' id='word_1_292' title='bbox 3335 1304 3390 1350; x_wconf 90' lang='lat' dir='ltr'><strong>et</strong></span> <span class='ocrx_word' id='word_1_293' title='bbox 3437 1308 3629 1348; x_wconf 85' lang='lat' dir='ltr'><strong>errore</strong></span> 
     </span>
    </p>
   </div>
   <div class='ocr_carea' id='block_1_46' title="bbox 2053 1383 3627 1454">
    <p class='ocr_par' dir='ltr' id='par_1_46' title="bbox 2053 1383 3627 1454">
     <span class='ocr_line' id='line_1_46' title="bbox 2053 1383 3627 1454; baseline 0.004 -18"><span class='ocrx_word' id='word_1_294' title='bbox 2053 1384 2438 1454; x_wconf 77' lang='lat' dir='ltr'><strong>multiplicium</strong></span> <span class='ocrx_word' id='word_1_295' title='bbox 2473 1383 2703 1440; x_wconf 91' lang='lat' dir='ltr'><strong>deorum</strong></span> <span class='ocrx_word' id='word_1_296' title='bbox 2750 1383 2843 1454; x_wconf 89' lang='lat' dir='ltr'><strong>qui</strong></span> <span class='ocrx_word' id='word_1_297' title='bbox 2891 1384 3049 1440; x_wconf 89' lang='lat' dir='ltr'><strong>nobis</strong></span> <span class='ocrx_word' id='word_1_298' title='bbox 3075 1385 3325 1439; x_wconf 88' lang='lat' dir='ltr'><strong>aculeum</strong></span> <span class='ocrx_word' id='word_1_299' title='bbox 3371 1384 3627 1442; x_wconf 89' lang='lat' dir='ltr'><strong>intentat.</strong></span> 
     </span>
    </p>
   </div>
   <div class='ocr_carea' id='block_1_47' title="bbox 2055 1475 3631 1545">
    <p class='ocr_par' dir='ltr' id='par_1_47' title="bbox 2055 1475 3631 1545">
     <span class='ocr_line' id='line_1_47' title="bbox 2055 1475 3631 1545; baseline 0 -17"><span class='ocrx_word' id='word_1_300' title='bbox 2055 1490 2167 1544; x_wconf 89' lang='lat' dir='ltr'><strong>quo</strong></span> <span class='ocrx_word' id='word_1_301' title='bbox 2195 1475 2417 1544; x_wconf 86' lang='lat' dir='ltr'><strong>disjecti</strong></span> <span class='ocrx_word' id='word_1_302' title='bbox 2448 1484 2578 1530; x_wconf 87' lang='lat' dir='ltr'><strong>sunt</strong></span> <span class='ocrx_word' id='word_1_303' title='bbox 2619 1476 2776 1530; x_wconf 84' lang='lat' dir='ltr'><strong>multi</strong></span> <span class='ocrx_word' id='word_1_304' title='bbox 2809 1476 3104 1539; x_wconf 82' lang='lat' dir='ltr'><strong>vulnerati,</strong></span> <span class='ocrx_word' id='word_1_305' title='bbox 3144 1485 3198 1532; x_wconf 90' lang='lat' dir='ltr'><strong>et</strong></span> <span class='ocrx_word' id='word_1_306' title='bbox 3246 1477 3471 1531; x_wconf 86' lang='lat' dir='ltr'><strong>invento</strong></span> <span class='ocrx_word' id='word_1_307' title='bbox 3502 1491 3631 1545; x_wconf 85' lang='lat' dir='ltr'><strong>per-</strong></span> 
     </span>
    </p>
   </div>
   <div class='ocr_carea' id='block_1_48' title="bbox 2055 1564 3631 1634">
    <p class='ocr_par' dir='ltr' id='par_1_48' title="bbox 2055 1564 3631 1634">
     <span class='ocr_line' id='line_1_48' title="bbox 2055 1564 3631 1634; baseline -0.001 -17"><span class='ocrx_word' id='word_1_308' title='bbox 2055 1564 2285 1618; x_wconf 85' lang='lat' dir='ltr'><strong>ditionis</strong></span> <span class='ocrx_word' id='word_1_309' title='bbox 2323 1565 2544 1629; x_wconf 88' lang='lat' dir='ltr'><strong>itinere,</strong></span> <span class='ocrx_word' id='word_1_310' title='bbox 2587 1565 2807 1634; x_wconf 85' lang='lat' dir='ltr'><strong>lataque</strong></span> <span class='ocrx_word' id='word_1_311' title='bbox 2834 1572 2888 1618; x_wconf 86' lang='lat' dir='ltr'><strong>et</strong></span> <span class='ocrx_word' id='word_1_312' title='bbox 2921 1565 3162 1634; x_wconf 89' lang='lat' dir='ltr'><strong>spatiosa</strong></span> <span class='ocrx_word' id='word_1_313' title='bbox 3213 1565 3407 1620; x_wconf 89' lang='lat' dir='ltr'><strong>mortis</strong></span> <span class='ocrx_word' id='word_1_314' title='bbox 3441 1572 3631 1634; x_wconf 86' lang='lat' dir='ltr'><strong>aperta</strong></span> 
     </span>
    </p>
   </div>
   <div class='ocr_carea' id='block_1_49' title="bbox 2054 1654 3632 1726">
    <p class='ocr_par' dir='ltr' id='par_1_49' title="bbox 2054 1654 3632 1726">
     <span class='ocr_line' id='line_1_49' title="bbox 2054 1654 3632 1726; baseline 0.001 -18"><span class='ocrx_word' id='word_1_315' title='bbox 2054 1655 2243 1725; x_wconf 85' lang='lat' dir='ltr'><strong>janua,</strong></span> <span class='ocrx_word' id='word_1_316' title='bbox 2268 1654 2553 1708; x_wconf 85' lang='lat' dir='ltr'><strong>hominum</strong></span> <span class='ocrx_word' id='word_1_317' title='bbox 2585 1654 2799 1709; x_wconf 89' lang='lat' dir='ltr'><strong>animas</strong></span> <span class='ocrx_word' id='word_1_318' title='bbox 2836 1655 2889 1709; x_wconf 90' lang='lat' dir='ltr'><strong>in</strong></span> <span class='ocrx_word' id='word_1_319' title='bbox 2925 1655 3202 1710; x_wconf 82' lang='lat' dir='ltr'><strong>infernum</strong></span> <span class='ocrx_word' id='word_1_320' title='bbox 3243 1657 3510 1726; x_wconf 79' lang='lat' dir='ltr'><strong>gregatim</strong></span> <span class='ocrx_word' id='word_1_321' title='bbox 3537 1655 3632 1710; x_wconf 90' lang='lat' dir='ltr'><strong>de-</strong></span> 
     </span>
    </p>
   </div>
   <div class='ocr_carea' id='block_1_50' title="bbox 1986 1746 3630 1827">
    <p class='ocr_par' dir='ltr' id='par_1_50' title="bbox 1986 1746 3630 1827">
     <span class='ocr_line' id='line_1_50' title="bbox 1986 1746 3630 1827; baseline -0.002 -24"><span class='ocrx_word' id='word_1_322' title='bbox 1986 1747 2212 1827; x_wconf 76' lang='lat' dir='ltr'><strong>Bjecit,</strong></span> <span class='ocrx_word' id='word_1_323' title='bbox 2267 1748 2558 1816; x_wconf 86' lang='lat' dir='ltr'><strong>lautasque</strong></span> <span class='ocrx_word' id='word_1_324' title='bbox 2622 1746 2772 1800; x_wconf 86' lang='lat' dir='ltr'><strong>velut</strong></span> <span class='ocrx_word' id='word_1_325' title='bbox 2818 1749 3011 1817; x_wconf 87' lang='lat' dir='ltr'><strong>epulas</strong></span> <span class='ocrx_word' id='word_1_326' title='bbox 3065 1747 3290 1802; x_wconf 84' lang='lat' dir='ltr'><strong>diabolo</strong></span> <span class='ocrx_word' id='word_1_327' title='bbox 3353 1748 3630 1818; x_wconf 89' lang='lat' dir='ltr'><strong>apposuit,</strong></span> 
     </span>
    </p>
   </div>
   <div class='ocr_carea' id='block_1_51' title="bbox 2060 1837 3628 1909">
    <p class='ocr_par' dir='ltr' id='par_1_51' title="bbox 2060 1837 3628 1909">
     <span class='ocr_line' id='line_1_51' title="bbox 2060 1837 3628 1909; baseline -0.002 -15"><span class='ocrx_word' id='word_1_328' title='bbox 2060 1839 2220 1909; x_wconf 83' lang='lat' dir='ltr'><strong>eique</strong></span> <span class='ocrx_word' id='word_1_329' title='bbox 2252 1837 2408 1893; x_wconf 83' lang='lat' dir='ltr'><strong>cibos</strong></span> <span class='ocrx_word' id='word_1_330' title='bbox 2450 1838 2656 1893; x_wconf 84' lang='lat' dir='ltr'><strong>obtulit</strong></span> <span class='ocrx_word' id='word_1_331' title='bbox 2690 1838 2944 1894; x_wconf 81' lang='lat' dir='ltr'><strong>eximios.</strong></span> <span class='ocrx_word' id='word_1_332' title='bbox 2975 1837 3110 1892; x_wconf 86' lang='lat' dir='ltr'><strong>Nam</strong></span> <span class='ocrx_word' id='word_1_333' title='bbox 3155 1855 3278 1893; x_wconf 91' lang='lat' dir='ltr'><strong>cum</strong></span> <span class='ocrx_word' id='word_1_334' title='bbox 3311 1837 3628 1895; x_wconf 71' lang='lat' dir='ltr'><strong>Graecorum</strong></span> 
     </span>
    </p>
   </div>
   <div class='ocr_carea' id='block_1_52' title="bbox 2058 1931 3630 2002">
    <p class='ocr_par' dir='ltr' id='par_1_52' title="bbox 2058 1931 3630 2002">
     <span class='ocr_line' id='line_1_52' title="bbox 2058 1931 3630 2002; baseline 0.001 -18"><span class='ocrx_word' id='word_1_335' title='bbox 2058 1932 2238 2002; x_wconf 86' lang='lat' dir='ltr'><strong>pueri,</strong></span> <span class='ocrx_word' id='word_1_336' title='bbox 2304 1932 2598 1986; x_wconf 79' lang='lat' dir='ltr'><strong>mundanae</strong></span> <span class='ocrx_word' id='word_1_337' title='bbox 2647 1931 2852 1985; x_wconf 89' lang='lat' dir='ltr'><strong>addicti</strong></span> <span class='ocrx_word' id='word_1_338' title='bbox 2913 1932 3222 2000; x_wconf 75' lang='lat' dir='ltr'><strong>sapientite,</strong></span> <span class='ocrx_word' id='word_1_339' title='bbox 3252 1941 3307 1987; x_wconf 90' lang='lat' dir='ltr'><strong>et</strong></span> <span class='ocrx_word' id='word_1_340' title='bbox 3375 1933 3630 2002; x_wconf 85' lang='lat' dir='ltr'><strong>spiritum</strong></span> 
     </span>
    </p>
   </div>
   <div class='ocr_carea' id='block_1_53' title="bbox 2054 2024 3634 2094">
    <p class='ocr_par' dir='ltr' id='par_1_53' title="bbox 2054 2024 3634 2094">
     <span class='ocr_line' id='line_1_53' title="bbox 2054 2024 3634 2094; baseline -0.001 -16"><span class='ocrx_word' id='word_1_341' title='bbox 2054 2024 2324 2094; x_wconf 88' lang='lat' dir='ltr'><strong>principis</strong></span> <span class='ocrx_word' id='word_1_342' title='bbox 2354 2025 2542 2078; x_wconf 72' lang='lat' dir='ltr'><strong>saeculi</strong></span> <span class='ocrx_word' id='word_1_343' title='bbox 2575 2024 2739 2093; x_wconf 83' lang='lat' dir='ltr'><strong>hujus</strong></span> <span class='ocrx_word' id='word_1_344' title='bbox 2774 2031 2888 2078; x_wconf 88' lang='lat' dir='ltr'><strong>tota</strong></span> <span class='ocrx_word' id='word_1_345' title='bbox 2942 2025 3109 2078; x_wconf 87' lang='lat' dir='ltr'><strong>veluti</strong></span> <span class='ocrx_word' id='word_1_346' title='bbox 3158 2032 3340 2078; x_wconf 83' lang='lat' dir='ltr'><strong>mente</strong></span> <span class='ocrx_word' id='word_1_347' title='bbox 3371 2025 3634 2080; x_wconf 82' lang='lat' dir='ltr'><strong>haurien-</strong></span> 
     </span>
    </p>
   </div>
   <div class='ocr_carea' id='block_1_54' title="bbox 2051 2083 3752 2181">
    <p class='ocr_par' dir='ltr' id='par_1_54' title="bbox 2051 2083 3752 2181">
     <span class='ocr_line' id='line_1_54' title="bbox 2051 2083 3752 2181; baseline 0 -12"><span class='ocrx_word' id='word_1_348' title='bbox 2051 2124 2158 2181; x_wconf 89' lang='lat' dir='ltr'><strong>tes,</strong></span> <span class='ocrx_word' id='word_1_349' title='bbox 2189 2115 2253 2168; x_wconf 91' lang='lat' dir='ltr'><strong>ad</strong></span> <span class='ocrx_word' id='word_1_350' title='bbox 2279 2115 2486 2168; x_wconf 88' lang='lat' dir='ltr'><strong>cultum</strong></span> <span class='ocrx_word' id='word_1_351' title='bbox 2521 2115 2820 2169; x_wconf 87' lang='lat' dir='ltr'><strong>multormn</strong></span> <span class='ocrx_word' id='word_1_352' title='bbox 2852 2115 3084 2168; x_wconf 89' lang='lat' dir='ltr'><strong>deorum</strong></span> <span class='ocrx_word' id='word_1_353' title='bbox 3119 2115 3284 2168; x_wconf 80' lang='lat' dir='ltr'><strong>delati</strong></span> <span class='ocrx_word' id='word_1_354' title='bbox 3340 2122 3548 2179; x_wconf 78' lang='lat' dir='ltr'><strong>essent,</strong></span> <span class='ocrx_word' id='word_1_355' title='bbox 3579 2124 3635 2170; x_wconf 91' lang='lat' dir='ltr'><strong>et</strong></span> <span class='ocrx_word' id='word_1_356' title='bbox 3684 2083 3752 2140; x_wconf 52' lang='grc' dir='ltr'><em>ί</em></span> 
     </span>
    </p>
   </div>
   <div class='ocr_carea' id='block_1_55' title="bbox 2054 2204 3636 2277">
    <p class='ocr_par' dir='ltr' id='par_1_55' title="bbox 2054 2204 3636 2277">
     <span class='ocr_line' id='line_1_55' title="bbox 2054 2204 3636 2277; baseline -0.003 -15"><span class='ocrx_word' id='word_1_357' title='bbox 2054 2207 2305 2263; x_wconf 79' lang='lat' dir='ltr'><strong>veritatis</strong></span> <span class='ocrx_word' id='word_1_358' title='bbox 2367 2207 2588 2277; x_wconf 87' lang='lat' dir='ltr'><strong>quidem</strong></span> <span class='ocrx_word' id='word_1_359' title='bbox 2641 2204 3108 2276; x_wconf 81' lang='lat' dir='ltr'><strong>pulchritudinem</strong></span> <span class='ocrx_word' id='word_1_360' title='bbox 3157 2205 3416 2269; x_wconf 85' lang='lat' dir='ltr'><strong>aversati,</strong></span> <span class='ocrx_word' id='word_1_361' title='bbox 3454 2204 3636 2274; x_wconf 84' lang='lat' dir='ltr'><strong>iisque</strong></span> 
     </span>
    </p>
   </div>
   <div class='ocr_carea' id='block_1_56' title="bbox 2054 2297 3635 2370">
    <p class='ocr_par' dir='ltr' id='par_1_56' title="bbox 2054 2297 3635 2370">
     <span class='ocr_line' id='line_1_56' title="bbox 2054 2297 3635 2370; baseline -0.002 -16"><span class='ocrx_word' id='word_1_362' title='bbox 2054 2299 2266 2355; x_wconf 80' lang='lat' dir='ltr'><strong>similes</strong></span> <span class='ocrx_word' id='word_1_363' title='bbox 2304 2299 2396 2370; x_wconf 90' lang='lat' dir='ltr'><strong>qui</strong></span> <span class='ocrx_word' id='word_1_364' title='bbox 2451 2299 2506 2353; x_wconf 91' lang='lat' dir='ltr'><strong>in</strong></span> <span class='ocrx_word' id='word_1_365' title='bbox 2536 2299 2779 2354; x_wconf 81' lang='lat' dir='ltr'><strong>tenebris</strong></span> <span class='ocrx_word' id='word_1_366' title='bbox 2828 2297 3152 2362; x_wconf 83' lang='lat' dir='ltr'><strong>ambulant,</strong></span> <span class='ocrx_word' id='word_1_367' title='bbox 3205 2297 3262 2350; x_wconf 92' lang='lat' dir='ltr'><strong>in</strong></span> <span class='ocrx_word' id='word_1_368' title='bbox 3313 2297 3635 2368; x_wconf 68' lang='lat' dir='ltr'><strong>ignorantiae</strong></span> 
     </span>
    </p>
   </div>
   <div class='ocr_carea' id='block_1_57' title="bbox 2060 2387 3630 2456">
    <p class='ocr_par' dir='ltr' id='par_1_57' title="bbox 2060 2387 3630 2456">
     <span class='ocr_line' id='line_1_57' title="bbox 2060 2387 3630 2456; baseline 0.001 -11"><span class='ocrx_word' id='word_1_369' title='bbox 2060 2404 2176 2445; x_wconf 70' lang='lat' dir='ltr'><strong>sua:</strong></span> <span class='ocrx_word' id='word_1_370' title='bbox 2207 2388 2418 2444; x_wconf 81' lang='lat' dir='ltr'><strong>foveam</strong></span> <span class='ocrx_word' id='word_1_371' title='bbox 2453 2389 2810 2456; x_wconf 83' lang='lat' dir='ltr'><strong>decidissent,</strong></span> <span class='ocrx_word' id='word_1_372' title='bbox 2838 2388 2984 2443; x_wconf 86' lang='lat' dir='ltr'><strong>idola</strong></span> <span class='ocrx_word' id='word_1_373' title='bbox 3029 2387 3331 2444; x_wconf 87' lang='lat' dir='ltr'><strong>inanimata</strong></span> <span class='ocrx_word' id='word_1_374' title='bbox 3362 2388 3630 2446; x_wconf 86' lang='lat' dir='ltr'><strong>colentes.</strong></span> 
     </span>
    </p>
   </div>
   <div class='ocr_carea' id='block_1_58' title="bbox 2055 2478 3633 2550">
    <p class='ocr_par' dir='ltr' id='par_1_58' title="bbox 2055 2478 3633 2550">
     <span class='ocr_line' id='line_1_58' title="bbox 2055 2478 3633 2550; baseline -0.001 -16"><span class='ocrx_word' id='word_1_375' title='bbox 2055 2488 2108 2534; x_wconf 91' lang='lat' dir='ltr'><strong>et</strong></span> <span class='ocrx_word' id='word_1_376' title='bbox 2148 2479 2300 2550; x_wconf 82' lang='lat' dir='ltr'><strong>ligno</strong></span> <span class='ocrx_word' id='word_1_377' title='bbox 2337 2479 2555 2550; x_wconf 90' lang='lat' dir='ltr'><strong>quidem</strong></span> <span class='ocrx_word' id='word_1_378' title='bbox 2600 2480 2849 2535; x_wconf 86' lang='lat' dir='ltr'><strong>dicentes</strong></span> <span class='ocrx_word' id='word_1_379' title='bbox 2887 2479 2932 2511; x_wconf 83' lang='lat'><strong>&quot;</strong></span> <span class='ocrx_word' id='word_1_380' title='bbox 2962 2496 2976 2534; x_wconf 91' lang='lat'><strong>:</strong></span> <span class='ocrx_word' id='word_1_381' title='bbox 3021 2497 3040 2530; x_wconf 77' lang='grc' dir='ltr'><strong>ι</strong></span> <span class='ocrx_word' id='word_1_382' title='bbox 3078 2478 3222 2534; x_wconf 86' lang='lat' dir='ltr'><strong>Deus</strong></span> <span class='ocrx_word' id='word_1_383' title='bbox 3251 2494 3405 2536; x_wconf 90' lang='lat' dir='ltr'><strong>meus</strong></span> <span class='ocrx_word' id='word_1_384' title='bbox 3439 2495 3500 2536; x_wconf 86' lang='lat' dir='ltr'><strong>es</strong></span> <span class='ocrx_word' id='word_1_385' title='bbox 3533 2489 3633 2548; x_wconf 87' lang='lat' dir='ltr'><strong>tu;</strong></span> 
     </span>
    </p>
   </div>
   <div class='ocr_carea' id='block_1_59' title="bbox 2055 2568 3632 2641">
    <p class='ocr_par' dir='ltr' id='par_1_59' title="bbox 2055 2568 3632 2641">
     <span class='ocr_line' id='line_1_59' title="bbox 2055 2568 3632 2641; baseline -0.001 -17"><span class='ocrx_word' id='word_1_386' title='bbox 2055 2577 2109 2624; x_wconf 90' lang='lat' dir='ltr'><strong>et</strong></span> <span class='ocrx_word' id='word_1_387' title='bbox 2145 2569 2315 2640; x_wconf 79' lang='lat' dir='ltr'><strong>lapidi</strong></span> <span class='ocrx_word' id='word_1_388' title='bbox 2361 2588 2376 2623; x_wconf 89' lang='lat'><strong>:</strong></span> <span class='ocrx_word' id='word_1_389' title='bbox 2417 2568 2498 2624; x_wconf 83' lang='lat' dir='ltr'><strong>Tu</strong></span> <span class='ocrx_word' id='word_1_390' title='bbox 2547 2570 2786 2640; x_wconf 82' lang='lat' dir='ltr'><strong>genuisti</strong></span> <span class='ocrx_word' id='word_1_391' title='bbox 2833 2585 2952 2635; x_wconf 88' lang='lat' dir='ltr'><strong>me;</strong></span> <span class='ocrx_word' id='word_1_392' title='bbox 2995 2587 3014 2621; x_wconf 76' lang='grc' dir='ltr'><strong>ι</strong></span> <span class='ocrx_word' id='word_1_393' title='bbox 3049 2568 3161 2641; x_wconf 62' lang='grc'><strong>44</strong></span> <span class='ocrx_word' id='word_1_394' title='bbox 3199 2569 3403 2641; x_wconf 85' lang='lat' dir='ltr'><strong>aliique</strong></span> <span class='ocrx_word' id='word_1_395' title='bbox 3443 2571 3632 2625; x_wconf 85' lang='lat' dir='ltr'><strong>eadem</strong></span> 
     </span>
    </p>
   </div>
   <div class='ocr_carea' id='block_1_60' title="bbox 2055 2660 3632 2731">
    <p class='ocr_par' dir='ltr' id='par_1_60' title="bbox 2055 2660 3632 2731">
     <span class='ocr_line' id='line_1_60' title="bbox 2055 2660 3632 2731; baseline 0.001 -16"><span class='ocrx_word' id='word_1_396' title='bbox 2055 2671 2369 2730; x_wconf 86' lang='lat' dir='ltr'><strong>peccantes,</strong></span> <span class='ocrx_word' id='word_1_397' title='bbox 2409 2660 2504 2716; x_wconf 87' lang='lat' dir='ltr'><strong>sed</strong></span> <span class='ocrx_word' id='word_1_398' title='bbox 2545 2661 2894 2717; x_wconf 87' lang='lat' dir='ltr'><strong>urbaniorem</strong></span> <span class='ocrx_word' id='word_1_399' title='bbox 2940 2676 3055 2731; x_wconf 71' lang='lat' dir='ltr'><strong>pra:</strong></span> <span class='ocrx_word' id='word_1_400' title='bbox 3104 2677 3162 2716; x_wconf 89' lang='lat' dir='ltr'><strong>se</strong></span> <span class='ocrx_word' id='word_1_401' title='bbox 3200 2661 3445 2717; x_wconf 81' lang='lat' dir='ltr'><strong>ferentes</strong></span> <span class='ocrx_word' id='word_1_402' title='bbox 3477 2677 3632 2716; x_wconf 81' lang='lat' dir='ltr'><strong>erro-</strong></span> 
     </span>
    </p>
   </div>
   <div class='ocr_carea' id='block_1_61' title="bbox 2057 2751 3632 2821">
    <p class='ocr_par' dir='ltr' id='par_1_61' title="bbox 2057 2751 3632 2821">
     <span class='ocr_line' id='line_1_61' title="bbox 2057 2751 3632 2821; baseline -0.001 -15"><span class='ocrx_word' id='word_1_403' title='bbox 2057 2765 2202 2815; x_wconf 85' lang='lat' dir='ltr'><strong>rem,</strong></span> <span class='ocrx_word' id='word_1_404' title='bbox 2243 2759 2554 2804; x_wconf 88' lang='lat' dir='ltr'><strong>crcaturam</strong></span> <span class='ocrx_word' id='word_1_405' title='bbox 2589 2751 2871 2804; x_wconf 56' lang='lat' dir='ltr'><strong>volt-udam</strong></span> <span class='ocrx_word' id='word_1_406' title='bbox 2902 2766 3148 2821; x_wconf 70' lang='lat' dir='ltr'><strong>essepra:</strong></span> <span class='ocrx_word' id='word_1_407' title='bbox 3172 2751 3434 2807; x_wconf 83' lang='lat' dir='ltr'><strong>Creatore</strong></span> <span class='ocrx_word' id='word_1_408' title='bbox 3469 2761 3632 2821; x_wconf 87' lang='lat' dir='ltr'><strong>puta-</strong></span> 
     </span>
    </p>
   </div>
   <div class='ocr_carea' id='block_1_62' title="bbox 2057 2837 3631 2907">
    <p class='ocr_par' dir='ltr' id='par_1_62' title="bbox 2057 2837 3631 2907">
     <span class='ocr_line' id='line_1_62' title="bbox 2057 2837 3631 2907; baseline 0.001 -15"><span class='ocrx_word' id='word_1_409' title='bbox 2057 2846 2200 2902; x_wconf 87' lang='lat' dir='ltr'><strong>rent,</strong></span> <span class='ocrx_word' id='word_1_410' title='bbox 2227 2845 2281 2893; x_wconf 90' lang='lat' dir='ltr'><strong>et</strong></span> <span class='ocrx_word' id='word_1_411' title='bbox 2318 2837 2421 2893; x_wconf 89' lang='lat' dir='ltr'><strong>soli</strong></span> <span class='ocrx_word' id='word_1_412' title='bbox 2458 2846 2670 2892; x_wconf 68' lang='lat' dir='ltr'><strong>naturae</strong></span> <span class='ocrx_word' id='word_1_413' title='bbox 2709 2837 2909 2893; x_wconf 74' lang='lat' dir='ltr'><strong>divinae</strong></span> <span class='ocrx_word' id='word_1_414' title='bbox 2947 2839 3175 2907; x_wconf 82' lang='lat' dir='ltr'><strong>gloriam</strong></span> <span class='ocrx_word' id='word_1_415' title='bbox 3213 2840 3631 2895; x_wconf 74' lang='lat' dir='ltr'><strong>convenientem</strong></span> 
     </span>
    </p>
   </div>
   <div class='ocr_carea' id='block_1_63' title="bbox 2055 2924 3633 2996">
    <p class='ocr_par' dir='ltr' id='par_1_63' title="bbox 2055 2924 3633 2996">
     <span class='ocr_line' id='line_1_63' title="bbox 2055 2924 3633 2996; baseline 0.001 -17"><span class='ocrx_word' id='word_1_416' title='bbox 2055 2924 2258 2979; x_wconf 87' lang='lat' dir='ltr'><strong>creatis</strong></span> <span class='ocrx_word' id='word_1_417' title='bbox 2295 2924 2364 2978; x_wconf 91' lang='lat' dir='ltr'><strong>ab</strong></span> <span class='ocrx_word' id='word_1_418' title='bbox 2414 2925 2529 2996; x_wconf 92' lang='lat' dir='ltr'><strong>ipsa</strong></span> <span class='ocrx_word' id='word_1_419' title='bbox 2582 2926 2869 2982; x_wconf 88' lang='lat' dir='ltr'><strong>elementis</strong></span> <span class='ocrx_word' id='word_1_420' title='bbox 2925 2927 3254 2992; x_wconf 87' lang='lat' dir='ltr'><strong>tribuerent,</strong></span> <span class='ocrx_word' id='word_1_421' title='bbox 3317 2929 3633 2982; x_wconf 86' lang='lat' dir='ltr'><strong>necessario</strong></span> 
     </span>
    </p>
   </div>
   <div class='ocr_carea' id='block_1_64' title="bbox 2057 3015 3628 3086">
    <p class='ocr_par' dir='ltr' id='par_1_64' title="bbox 2057 3015 3628 3086">
     <span class='ocr_line' id='line_1_64' title="bbox 2057 3015 3628 3086; baseline 0 -16"><span class='ocrx_word' id='word_1_422' title='bbox 2057 3015 2219 3071; x_wconf 87' lang='lat' dir='ltr'><strong>nobis</strong></span> <span class='ocrx_word' id='word_1_423' title='bbox 2246 3015 2559 3086; x_wconf 84' lang='lat' dir='ltr'><strong>Theologus</strong></span> <span class='ocrx_word' id='word_1_424' title='bbox 2585 3016 2838 3086; x_wconf 83' lang='lat' dir='ltr'><strong>opiﬁcem</strong></span> <span class='ocrx_word' id='word_1_425' title='bbox 2872 3015 3174 3071; x_wconf 80' lang='lat' dir='ltr'><strong>secundum</strong></span> <span class='ocrx_word' id='word_1_426' title='bbox 3196 3026 3448 3073; x_wconf 89' lang='lat' dir='ltr'><strong>naturam</strong></span> <span class='ocrx_word' id='word_1_427' title='bbox 3477 3034 3628 3073; x_wconf 81' lang='lat' dir='ltr'><strong>suam</strong></span> 
     </span>
    </p>
   </div>
   <div class='ocr_carea' id='block_1_65' title="bbox 379 3099 1956 3181">
    <p class='ocr_par' dir='ltr' id='par_1_65' title="bbox 379 3105 1953 3178">
     <span class='ocr_line' id='line_1_65' title="bbox 379 3105 1953 3178; baseline -0.001 -18"><span class='ocrx_word' id='word_1_428' title='bbox 379 3107 576 3178; x_wconf 82' lang='grc' dir='ltr'>φύσει,</span> <span class='ocrx_word' id='word_1_429' title='bbox 629 3109 742 3170; x_wconf 85' lang='grc' dir='ltr'>τοῖς</span> <span class='ocrx_word' id='word_1_430' title='bbox 792 3107 922 3176; x_wconf 84' lang='grc' dir='ltr'>παρ’</span> <span class='ocrx_word' id='word_1_431' title='bbox 965 3106 1146 3171; x_wconf 76' lang='grc' dir='ltr'>αὐτοῖς</span> <span class='ocrx_word' id='word_1_432' title='bbox 1193 3106 1612 3175; x_wconf 83' lang='grc' dir='ltr'>γεγεννημένοις</span> <span class='ocrx_word' id='word_1_433' title='bbox 1659 3105 1788 3177; x_wconf 79' lang='grc' dir='ltr'><strong>[ῑσ.</strong></span> <span class='ocrx_word' id='word_1_434' title='bbox 1824 3107 1953 3177; x_wconf 81' lang='grc' dir='ltr'>παρ’</span> 
     </span>
    </p>
   </div>
   <div class='ocr_carea' id='block_1_66' title="bbox 2055 3099 3632 3181">
    <p class='ocr_par' dir='ltr' id='par_1_66' title="bbox 2055 3099 3632 3181">
     <span class='ocr_line' id='line_1_66' title="bbox 2055 3099 3632 3181; baseline 0.001 -18"><span class='ocrx_word' id='word_1_435' title='bbox 2055 3123 2179 3163; x_wconf 83' lang='lat' dir='ltr'><strong>esse</strong></span> <span class='ocrx_word' id='word_1_436' title='bbox 2225 3110 2521 3178; x_wconf 83' lang='lat' dir='ltr'><strong>persuadet</strong></span> <span class='ocrx_word' id='word_1_437' title='bbox 2572 3099 2963 3178; x_wconf 74' lang='lat' dir='ltr'><strong>Unigenitum,</strong></span> <span class='ocrx_word' id='word_1_438' title='bbox 3014 3109 3246 3174; x_wconf 86' lang='lat' dir='ltr'><strong>dicens,</strong></span> <span class='ocrx_word' id='word_1_439' title='bbox 3301 3111 3486 3165; x_wconf 89' lang='lat' dir='ltr'><strong>omnia</strong></span> <span class='ocrx_word' id='word_1_440' title='bbox 3535 3127 3632 3181; x_wconf 65' lang='lat' dir='ltr'><strong>pa-r</strong></span> 
     </span>
    </p>
   </div>
   <div class='ocr_carea' id='block_1_67' title="bbox 377 3198 1956 3274">
    <p class='ocr_par' dir='ltr' id='par_1_67' title="bbox 377 3198 1956 3274">
     <span class='ocr_line' id='line_1_67' title="bbox 377 3198 1956 3274; baseline -0.001 -22"><span class='ocrx_word' id='word_1_441' title='bbox 377 3199 548 3270; x_wconf 80' lang='grc' dir='ltr'>αὐτῆς</span> <span class='ocrx_word' id='word_1_442' title='bbox 589 3199 1006 3274; x_wconf 76' lang='grc' dir='ltr'>γεγενημένοις]</span> <span class='ocrx_word' id='word_1_443' title='bbox 1070 3201 1385 3272; x_wconf 71' lang='grc' dir='ltr'>ἐχαρίζοντο</span> <span class='ocrx_word' id='word_1_444' title='bbox 1435 3198 1748 3267; x_wconf 83' lang='grc' dir='ltr'>στοιχείοις,</span> <span class='ocrx_word' id='word_1_445' title='bbox 1789 3198 1956 3265; x_wconf 81' lang='grc' dir='ltr'>ἀναγ-</span> 
     </span>
    </p>
   </div>
   <div class='ocr_carea' id='block_1_68' title="bbox 379 3289 1956 3364">
    <p class='ocr_par' dir='ltr' id='par_1_68' title="bbox 379 3289 1956 3364">
     <span class='ocr_line' id='line_1_68' title="bbox 379 3289 1956 3364; baseline -0.003 -18"><span class='ocrx_word' id='word_1_446' title='bbox 379 3291 550 3354; x_wconf 83' lang='grc' dir='ltr'>καίως</span> <span class='ocrx_word' id='word_1_447' title='bbox 576 3293 712 3362; x_wconf 77' lang='grc' dir='ltr'>ἡμῖν</span> <span class='ocrx_word' id='word_1_448' title='bbox 742 3294 771 3346; x_wconf 81' lang='grc' dir='ltr'><strong>ὁ</strong></span> <span class='ocrx_word' id='word_1_449' title='bbox 800 3293 1058 3362; x_wconf 81' lang='grc' dir='ltr'>Θεολότος</span> <span class='ocrx_word' id='word_1_450' title='bbox 1086 3293 1313 3364; x_wconf 79' lang='grc' dir='ltr'>ποιητὴν</span> <span class='ocrx_word' id='word_1_451' title='bbox 1346 3291 1476 3345; x_wconf 74' lang='grc' dir='ltr'>ὄντα</span> <span class='ocrx_word' id='word_1_452' title='bbox 1504 3291 1596 3343; x_wconf 70' lang='grc' dir='ltr'>καὶ</span> <span class='ocrx_word' id='word_1_453' title='bbox 1628 3289 1956 3360; x_wconf 71' lang='grc' dir='ltr'>δημιουργὸν</span> 
     </span>
    </p>
   </div>
   <div class='ocr_carea' id='block_1_69' title="bbox 377 3378 1956 3456">
    <p class='ocr_par' dir='ltr' id='par_1_69' title="bbox 377 3378 1956 3456">
     <span class='ocr_line' id='line_1_69' title="bbox 377 3378 1956 3456; baseline -0.002 -22"><span class='ocrx_word' id='word_1_454' title='bbox 377 3383 521 3436; x_wconf 86' lang='grc' dir='ltr'><strong>κατά</strong></span> <span class='ocrx_word' id='word_1_455' title='bbox 552 3382 714 3451; x_wconf 80' lang='grc' dir='ltr'>φύσιν</span> <span class='ocrx_word' id='word_1_456' title='bbox 746 3385 985 3456; x_wconf 81' lang='grc' dir='ltr'>είσφὲρει</span> <span class='ocrx_word' id='word_1_457' title='bbox 1013 3385 1104 3439; x_wconf 80' lang='grc' dir='ltr'>τὸν</span> <span class='ocrx_word' id='word_1_458' title='bbox 1144 3385 1445 3453; x_wconf 81' lang='grc' dir='ltr'>Μονογενῆ,</span> <span class='ocrx_word' id='word_1_459' title='bbox 1485 3381 1662 3435; x_wconf 84' lang='grc' dir='ltr'>πάντα</span> <span class='ocrx_word' id='word_1_460' title='bbox 1691 3379 1864 3448; x_wconf 79' lang='grc' dir='ltr'>λέγων</span> <span class='ocrx_word' id='word_1_461' title='bbox 1889 3378 1956 3432; x_wconf 84' lang='grc' dir='ltr'><strong>δι’</strong></span> 
     </span>
    </p>
   </div>
   <div class='ocr_carea' id='block_1_70' title="bbox 374 3469 1957 3545">
    <p class='ocr_par' dir='ltr' id='par_1_70' title="bbox 374 3469 1957 3545">
     <span class='ocr_line' id='line_1_70' title="bbox 374 3469 1957 3545; baseline -0.003 -19"><span class='ocrx_word' id='word_1_462' title='bbox 374 3471 541 3527; x_wconf 85' lang='grc' dir='ltr'>αὐτοῦ</span> <span class='ocrx_word' id='word_1_463' title='bbox 591 3474 938 3545; x_wconf 81' lang='grc' dir='ltr'>γεγενῆσθαι,</span> <span class='ocrx_word' id='word_1_464' title='bbox 976 3475 1073 3528; x_wconf 56' lang='grc' dir='ltr'><strong>καὶ⁸</strong></span> <span class='ocrx_word' id='word_1_465' title='bbox 1122 3473 1291 3545; x_wconf 68' lang='grc' dir='ltr'>χωρὶς</span> <span class='ocrx_word' id='word_1_466' title='bbox 1339 3470 1505 3526; x_wconf 72' lang='grc' dir='ltr'>αὑτοῦ</span> <span class='ocrx_word' id='word_1_467' title='bbox 1556 3470 1722 3542; x_wconf 80' lang='grc' dir='ltr'>μηδὲν</span> <span class='ocrx_word' id='word_1_468' title='bbox 1765 3471 1845 3533; x_wconf 83' lang='grc' dir='ltr'><strong>είς</strong></span> <span class='ocrx_word' id='word_1_469' title='bbox 1895 3469 1957 3522; x_wconf 80' lang='grc' dir='ltr'>τὺ</span> 
     </span>
    </p>
   </div>
   <div class='ocr_carea' id='block_1_71' title="bbox 373 3559 1956 3637">
    <p class='ocr_par' dir='ltr' id='par_1_71' title="bbox 373 3559 1956 3637">
     <span class='ocr_line' id='line_1_71' title="bbox 373 3559 1956 3637; baseline -0.002 -21"><span class='ocrx_word' id='word_1_470' title='bbox 373 3559 512 3618; x_wconf 74' lang='grc' dir='ltr'>εἶναι</span> <span class='ocrx_word' id='word_1_471' title='bbox 558 3565 883 3637; x_wconf 82' lang='grc' dir='ltr'>παρελθεῖν,</span> <span class='ocrx_word' id='word_1_472' title='bbox 948 3565 1035 3619; x_wconf 81' lang='grc' dir='ltr'>ἵνα</span> <span class='ocrx_word' id='word_1_473' title='bbox 1084 3569 1204 3629; x_wconf 82' lang='grc' dir='ltr'>ταῖς</span> <span class='ocrx_word' id='word_1_474' title='bbox 1267 3563 1399 3632; x_wconf 86' lang='grc' dir='ltr'>παρ’</span> <span class='ocrx_word' id='word_1_475' title='bbox 1447 3561 1670 3616; x_wconf 75' lang='grc' dir='ltr'>ἐκείνων</span> <span class='ocrx_word' id='word_1_476' title='bbox 1719 3560 1956 3625; x_wconf 78' lang='grc' dir='ltr'>ἀπάταις</span> 
     </span>
    </p>
   </div>
   <div class='ocr_carea' id='block_1_72' title="bbox 374 3649 1954 3728">
    <p class='ocr_par' dir='ltr' id='par_1_72' title="bbox 374 3649 1954 3728">
     <span class='ocr_line' id='line_1_72' title="bbox 374 3649 1954 3728; baseline -0.001 -21"><span class='ocrx_word' id='word_1_477' title='bbox 374 3653 677 3728; x_wconf 82' lang='grc' dir='ltr'>ἀποκλείσῃ</span> <span class='ocrx_word' id='word_1_478' title='bbox 716 3655 816 3728; x_wconf 77' lang='grc' dir='ltr'><strong>τὴν</strong></span> <span class='ocrx_word' id='word_1_479' title='bbox 843 3657 923 3720; x_wconf 88' lang='grc' dir='ltr'><strong>είς</strong></span> <span class='ocrx_word' id='word_1_480' title='bbox 948 3656 1010 3709; x_wconf 85' lang='grc' dir='ltr'><strong>τὺ</strong></span> <span class='ocrx_word' id='word_1_481' title='bbox 1040 3656 1228 3727; x_wconf 86' lang='grc' dir='ltr'>πρόσω</span> <span class='ocrx_word' id='word_1_482' title='bbox 1259 3654 1508 3726; x_wconf 78' lang='grc' dir='ltr'>πάροδον,</span> <span class='ocrx_word' id='word_1_483' title='bbox 1547 3651 1640 3706; x_wconf 70' lang='grc' dir='ltr'>καὶ</span> <span class='ocrx_word' id='word_1_484' title='bbox 1672 3649 1822 3724; x_wconf 82' lang='grc' dir='ltr'>δείξῃ</span> <span class='ocrx_word' id='word_1_485' title='bbox 1855 3650 1954 3721; x_wconf 72' lang='grc' dir='ltr'>μὲν</span> 
     </span>
    </p>
   </div>
   <div class='ocr_carea' id='block_1_73' title="bbox 373 3738 1955 3814">
    <p class='ocr_par' dir='ltr' id='par_1_73' title="bbox 373 3738 1955 3814">
     <span class='ocr_line' id='line_1_73' title="bbox 373 3738 1955 3814; baseline -0.002 -15"><span class='ocrx_word' id='word_1_486' title='bbox 373 3749 486 3809; x_wconf 83' lang='grc' dir='ltr'>τοῖς</span> <span class='ocrx_word' id='word_1_487' title='bbox 523 3747 626 3800; x_wconf 75' lang='grc' dir='ltr'>οὐκ</span> <span class='ocrx_word' id='word_1_488' title='bbox 655 3747 820 3800; x_wconf 84' lang='grc' dir='ltr'>εἰδόσι</span> <span class='ocrx_word' id='word_1_489' title='bbox 845 3748 937 3801; x_wconf 77' lang='grc' dir='ltr'>τὸν</span> <span class='ocrx_word' id='word_1_490' title='bbox 974 3748 1230 3802; x_wconf 82' lang='grc' dir='ltr'>ἁπάντων</span> <span class='ocrx_word' id='word_1_491' title='bbox 1257 3744 1658 3814; x_wconf 77' lang='grc' dir='ltr'>γενεσιουργδν,</span> <span class='ocrx_word' id='word_1_492' title='bbox 1701 3743 1767 3797; x_wconf 81' lang='grc' dir='ltr'><strong>δι’</strong></span> <span class='ocrx_word' id='word_1_493' title='bbox 1793 3738 1868 3796; x_wconf 82' lang='grc' dir='ltr'>ὧν</span> <span class='ocrx_word' id='word_1_494' title='bbox 1896 3742 1955 3796; x_wconf 86' lang='grc' dir='ltr'><strong>δέ</strong></span> 
     </span>
    </p>
   </div>
   <div class='ocr_carea' id='block_1_74' title="bbox 374 3835 1958 3910">
    <p class='ocr_par' dir='ltr' id='par_1_74' title="bbox 374 3835 1958 3910">
     <span class='ocr_line' id='line_1_74' title="bbox 374 3835 1958 3910; baseline -0.004 -18"><span class='ocrx_word' id='word_1_495' title='bbox 374 3837 472 3908; x_wconf 77' lang='grc' dir='ltr'>τὴν</span> <span class='ocrx_word' id='word_1_496' title='bbox 506 3837 685 3891; x_wconf 87' lang='grc' dir='ltr'>κτίσιν</span> <span class='ocrx_word' id='word_1_497' title='bbox 717 3839 1049 3910; x_wconf 84' lang='grc' dir='ltr'>πεποιῆσθαι</span> <span class='ocrx_word' id='word_1_498' title='bbox 1081 3855 1234 3910; x_wconf 81' lang='grc' dir='ltr'>φησι,</span> <span class='ocrx_word' id='word_1_499' title='bbox 1265 3837 1353 3891; x_wconf 83' lang='grc' dir='ltr'><strong>διὰ</strong></span> <span class='ocrx_word' id='word_1_500' title='bbox 1384 3837 1587 3890; x_wconf 87' lang='grc' dir='ltr'>τούτων</span> <span class='ocrx_word' id='word_1_501' title='bbox 1615 3836 1790 3890; x_wconf 79' lang='grc' dir='ltr'>αὐτῶν</span> <span class='ocrx_word' id='word_1_502' title='bbox 1818 3835 1958 3888; x_wconf 85' lang='grc' dir='ltr'>ἐκδι-</span> 
     </span>
    </p>
   </div>
   <div class='ocr_carea' id='block_1_75' title="bbox 374 3925 1958 4002">
    <p class='ocr_par' dir='ltr' id='par_1_75' title="bbox 374 3925 1958 4002">
     <span class='ocr_line' id='line_1_75' title="bbox 374 3925 1958 4002; baseline -0.004 -19"><span class='ocrx_word' id='word_1_503' title='bbox 374 3928 546 4001; x_wconf 80' lang='grc' dir='ltr'>δάσκῃ</span> <span class='ocrx_word' id='word_1_504' title='bbox 594 3931 816 4000; x_wconf 85' lang='grc' dir='ltr'>σαφῶς,</span> <span class='ocrx_word' id='word_1_505' title='bbox 864 3932 1056 4002; x_wconf 84' lang='grc' dir='ltr'>ὅτιπερ</span> <span class='ocrx_word' id='word_1_506' title='bbox 1105 3928 1291 3999; x_wconf 73' lang='grc' dir='ltr'>ἕτερός</span> <span class='ocrx_word' id='word_1_507' title='bbox 1333 3929 1449 3981; x_wconf 88' lang='grc' dir='ltr'>ἐστι</span> <span class='ocrx_word' id='word_1_508' title='bbox 1490 3927 1621 3998; x_wconf 86' lang='grc' dir='ltr'>παρ’</span> <span class='ocrx_word' id='word_1_509' title='bbox 1667 3926 1882 3997; x_wconf 78' lang='grc' dir='ltr'>ἐκείνην</span> <span class='ocrx_word' id='word_1_510' title='bbox 1927 3925 1958 3977; x_wconf 82' lang='grc' dir='ltr'><strong>ό</strong></span> 
     </span>
    </p>
   </div>
   <div class='ocr_carea' id='block_1_76' title="bbox 374 4017 1959 4092">
    <p class='ocr_par' dir='ltr' id='par_1_76' title="bbox 374 4017 1959 4092">
     <span class='ocr_line' id='line_1_76' title="bbox 374 4017 1959 4092; baseline -0.002 -20"><span class='ocrx_word' id='word_1_511' title='bbox 374 4021 514 4092; x_wconf 80' lang='grc' dir='ltr'>πρὸς</span> <span class='ocrx_word' id='word_1_512' title='bbox 545 4022 606 4076; x_wconf 78' lang='grc' dir='ltr'><strong>τὸ</strong></span> <span class='ocrx_word' id='word_1_513' title='bbox 644 4017 784 4075; x_wconf 83' lang='grc' dir='ltr'>εἶναι</span> <span class='ocrx_word' id='word_1_514' title='bbox 814 4022 1018 4085; x_wconf 82' lang='grc' dir='ltr'>καλῶν,</span> <span class='ocrx_word' id='word_1_515' title='bbox 1055 4022 1146 4074; x_wconf 73' lang='grc' dir='ltr'>καὶ</span> <span class='ocrx_word' id='word_1_516' title='bbox 1179 4020 1404 4092; x_wconf 76' lang='grc' dir='ltr'>ἀρρήτῳ</span> <span class='ocrx_word' id='word_1_517' title='bbox 1432 4019 1660 4089; x_wconf 78' lang='grc' dir='ltr'>δυνάμει</span> <span class='ocrx_word' id='word_1_518' title='bbox 1688 4032 1959 4088; x_wconf 85' lang='grc' dir='ltr'>παρενεγ-</span> 
     </span>
    </p>
   </div>
   <div class='ocr_carea' id='block_1_77' title="bbox 376 4103 1959 4182">
    <p class='ocr_par' dir='ltr' id='par_1_77' title="bbox 376 4103 1959 4182">
     <span class='ocr_line' id='line_1_77' title="bbox 376 4103 1959 4182; baseline -0.004 -17"><span class='ocrx_word' id='word_1_519' title='bbox 376 4111 490 4165; x_wconf 84' lang='grc' dir='ltr'><strong>κὼν</strong></span> <span class='ocrx_word' id='word_1_520' title='bbox 524 4114 588 4164; x_wconf 75' lang='grc' dir='ltr'><strong>ἐκ</strong></span> <span class='ocrx_word' id='word_1_521' title='bbox 631 4110 707 4182; x_wconf 74' lang='grc' dir='ltr'>μὴ</span> <span class='ocrx_word' id='word_1_522' title='bbox 749 4112 919 4165; x_wconf 74' lang='grc' dir='ltr'>ὅντων</span> <span class='ocrx_word' id='word_1_523' title='bbox 963 4111 1033 4164; x_wconf 91' lang='grc' dir='ltr'><strong>τά</strong></span> <span class='ocrx_word' id='word_1_524' title='bbox 1075 4111 1206 4166; x_wconf 83' lang='grc' dir='ltr'>δντα</span> <span class='ocrx_word' id='word_1_525' title='bbox 1253 4111 1389 4182; x_wconf 81' lang='grc' dir='ltr'>πρὸς</span> <span class='ocrx_word' id='word_1_526' title='bbox 1434 4110 1666 4180; x_wconf 84' lang='grc' dir='ltr'>γένεσιν.</span> <span class='ocrx_word' id='word_1_527' title='bbox 1702 4103 1810 4161; x_wconf 85' lang='grc' dir='ltr'>Ἦν</span> <span class='ocrx_word' id='word_1_528' title='bbox 1849 4106 1959 4178; x_wconf 77' lang='grc' dir='ltr'><strong>γὰρ</strong></span> 
     </span>
    </p>
   </div>
   <div class='ocr_carea' id='block_1_78' title="bbox 376 4202 1960 4276">
    <p class='ocr_par' dir='ltr' id='par_1_78' title="bbox 376 4202 1960 4276">
     <span class='ocr_line' id='line_1_78' title="bbox 376 4202 1960 4276; baseline 0 -19"><span class='ocrx_word' id='word_1_529' title='bbox 376 4202 524 4257; x_wconf 77' lang='grc' dir='ltr'>οὕτω</span> <span class='ocrx_word' id='word_1_530' title='bbox 551 4204 737 4258; x_wconf 81' lang='grc' dir='ltr'>λοιπὸν</span> <span class='ocrx_word' id='word_1_531' title='bbox 767 4205 874 4258; x_wconf 82' lang='grc' dir='ltr'>ἀπὸ</span> <span class='ocrx_word' id='word_1_532' title='bbox 903 4207 1167 4276; x_wconf 81' lang='grc' dir='ltr'>καλλονῆς</span> <span class='ocrx_word' id='word_1_533' title='bbox 1199 4205 1516 4276; x_wconf 83' lang='grc' dir='ltr'>κτισμάτων</span> <span class='ocrx_word' id='word_1_534' title='bbox 1560 4203 1840 4272; x_wconf 82' lang='grc' dir='ltr'>ἀναλόγως</span> <span class='ocrx_word' id='word_1_535' title='bbox 1867 4202 1960 4257; x_wconf 80' lang='grc' dir='ltr'>τὸν</span> 
     </span>
    </p>
   </div>
   <div class='ocr_carea' id='block_1_79' title="bbox 376 4291 1960 4368">
    <p class='ocr_par' dir='ltr' id='par_1_79' title="bbox 376 4291 1960 4368">
     <span class='ocr_line' id='line_1_79' title="bbox 376 4291 1960 4368; baseline -0.003 -19"><span class='ocrx_word' id='word_1_536' title='bbox 376 4295 634 4365; x_wconf 83' lang='grc' dir='ltr'>τεχνίτην</span> <span class='ocrx_word' id='word_1_537' title='bbox 659 4296 814 4366; x_wconf 71' lang='grc' dir='ltr'>ὁρᾷν,</span> <span class='ocrx_word' id='word_1_538' title='bbox 851 4298 944 4349; x_wconf 75' lang='grc' dir='ltr'>καὶ</span> <span class='ocrx_word' id='word_1_539' title='bbox 975 4297 1066 4351; x_wconf 77' lang='grc' dir='ltr'>τὸν</span> <span class='ocrx_word' id='word_1_540' title='bbox 1100 4297 1229 4351; x_wconf 83' lang='grc' dir='ltr'>δντα</span> <span class='ocrx_word' id='word_1_541' title='bbox 1266 4297 1385 4350; x_wconf 87' lang='grc' dir='ltr'>κατ’</span> <span class='ocrx_word' id='word_1_542' title='bbox 1417 4296 1678 4368; x_wconf 82' lang='grc' dir='ltr'>ἀλήθειαν</span> <span class='ocrx_word' id='word_1_543' title='bbox 1709 4291 1960 4361; x_wconf 87' lang='grc' dir='ltr'>ἐπιγινώ-</span> 
     </span>
    </p>
   </div>
   <div class='ocr_carea' id='block_1_80' title="bbox 381 4379 1958 4458">
    <p class='ocr_par' dir='ltr' id='par_1_80' title="bbox 381 4379 1958 4458">
     <span class='ocr_line' id='line_1_80' title="bbox 381 4379 1958 4458; baseline -0.003 -19"><span class='ocrx_word' id='word_1_544' title='bbox 381 4403 538 4440; x_wconf 86' lang='grc' dir='ltr'>σκειν</span> <span class='ocrx_word' id='word_1_545' title='bbox 568 4385 723 4447; x_wconf 84' lang='grc' dir='ltr'>Θεὸν,</span> <span class='ocrx_word' id='word_1_546' title='bbox 772 4386 836 4440; x_wconf 83' lang='grc' dir='ltr'><strong>δι’</strong></span> <span class='ocrx_word' id='word_1_547' title='bbox 870 4379 931 4439; x_wconf 76' lang='grc' dir='ltr'>οὗ</span> <span class='ocrx_word' id='word_1_548' title='bbox 961 4388 1029 4441; x_wconf 72' lang='grc' dir='ltr'>τὰ</span> <span class='ocrx_word' id='word_1_549' title='bbox 1058 4388 1235 4442; x_wconf 86' lang='grc' dir='ltr'>πάντα</span> <span class='ocrx_word' id='word_1_550' title='bbox 1267 4389 1458 4458; x_wconf 82' lang='grc' dir='ltr'>γέγονέ</span> <span class='ocrx_word' id='word_1_551' title='bbox 1490 4405 1549 4442; x_wconf 90' lang='grc' dir='ltr'><strong>τε</strong></span> <span class='ocrx_word' id='word_1_552' title='bbox 1579 4387 1701 4458; x_wconf 73' lang='grc' dir='ltr'>ήδη,</span> <span class='ocrx_word' id='word_1_553' title='bbox 1739 4384 1833 4438; x_wconf 71' lang='grc' dir='ltr'>καὶ</span> <span class='ocrx_word' id='word_1_554' title='bbox 1865 4399 1958 4450; x_wconf 84' lang='grc' dir='ltr'><strong>γε-</strong></span> 
     </span>
    </p>
   </div>
   <div class='ocr_carea' id='block_1_81' title="bbox 375 4445 2034 4549">
    <p class='ocr_par' dir='ltr' id='par_1_81' title="bbox 375 4445 2034 4549">
     <span class='ocr_line' id='line_1_81' title="bbox 375 4445 2034 4549; baseline -0.001 -20"><span class='ocrx_word' id='word_1_555' title='bbox 375 4476 577 4545; x_wconf 86' lang='grc' dir='ltr'>γονότα</span> <span class='ocrx_word' id='word_1_556' title='bbox 629 4445 880 4541; x_wconf 61' lang='grc' dir='ltr'>σώζεται.</span> <span class='ocrx_word' id='word_1_557' title='bbox 935 4479 1066 4541; x_wconf 83' lang='grc' dir='ltr'>Ταῖς</span> <span class='ocrx_word' id='word_1_558' title='bbox 1113 4479 1210 4548; x_wconf 83' lang='grc' dir='ltr'><strong>μέν</strong></span> <span class='ocrx_word' id='word_1_559' title='bbox 1245 4445 1357 4532; x_wconf 50' lang='grc' dir='ltr'>οῦν.</span> <span class='ocrx_word' id='word_1_560' title='bbox 1390 4445 1958 4549; x_wconf 41' lang='grc' dir='ltr'>Ἑλλήνωννψευδολα-</span> <span class='ocrx_word' id='word_1_561' title='bbox 1991 4445 2034 4500; x_wconf 76' lang='lat' dir='ltr'><strong>D</strong></span> 
     </span>
    </p>
   </div>
   <div class='ocr_carea' id='block_1_82' title="bbox 376 4565 1958 4642">
    <p class='ocr_par' dir='ltr' id='par_1_82' title="bbox 376 4565 1958 4642">
     <span class='ocr_line' id='line_1_82' title="bbox 376 4565 1958 4642; baseline 0.003 -22"><span class='ocrx_word' id='word_1_562' title='bbox 376 4568 576 4640; x_wconf 82' lang='grc' dir='ltr'>τρίαις,</span> <span class='ocrx_word' id='word_1_563' title='bbox 601 4567 774 4633; x_wconf 80' lang='grc' dir='ltr'>οὕτως</span> <span class='ocrx_word' id='word_1_564' title='bbox 803 4569 869 4623; x_wconf 80' lang='grc' dir='ltr'>ἂν</span> <span class='ocrx_word' id='word_1_565' title='bbox 897 4565 1050 4641; x_wconf 79' lang='grc' dir='ltr'>οἶμαι</span> <span class='ocrx_word' id='word_1_566' title='bbox 1082 4571 1263 4634; x_wconf 82' lang='grc' dir='ltr'>καλῶς</span> <span class='ocrx_word' id='word_1_567' title='bbox 1290 4571 1381 4626; x_wconf 77' lang='grc' dir='ltr'><strong>τὸν</strong></span> <span class='ocrx_word' id='word_1_568' title='bbox 1405 4572 1756 4641; x_wconf 79' lang='grc' dir='ltr'>εύαγγελικδν</span> <span class='ocrx_word' id='word_1_569' title='bbox 1783 4587 1958 4642; x_wconf 85' lang='grc' dir='ltr'>παρα-</span> 
     </span>
    </p>
   </div>
   <div class='ocr_carea' id='block_1_83' title="bbox 2057 3195 3632 3270">
    <p class='ocr_par' dir='ltr' id='par_1_83' title="bbox 2057 3195 3632 3270">
     <span class='ocr_line' id='line_1_83' title="bbox 2057 3195 3632 3270; baseline 0.001 -20"><span class='ocrx_word' id='word_1_570' title='bbox 2057 3195 2237 3266; x_wconf 87' lang='lat' dir='ltr'><strong>ipsum</strong></span> <span class='ocrx_word' id='word_1_571' title='bbox 2278 3196 2420 3251; x_wconf 83' lang='lat' dir='ltr'><strong>facta</strong></span> <span class='ocrx_word' id='word_1_572' title='bbox 2461 3212 2608 3260; x_wconf 87' lang='lat' dir='ltr'><strong>esse,</strong></span> <span class='ocrx_word' id='word_1_573' title='bbox 2641 3209 2692 3251; x_wconf 89' lang='lat' dir='ltr'><strong>et</strong></span> <span class='ocrx_word' id='word_1_574' title='bbox 2741 3199 2861 3253; x_wconf 89' lang='lat' dir='ltr'><strong>sine</strong></span> <span class='ocrx_word' id='word_1_575' title='bbox 2903 3199 3024 3270; x_wconf 86' lang='lat' dir='ltr'><strong>ipso</strong></span> <span class='ocrx_word' id='word_1_576' title='bbox 3064 3199 3198 3253; x_wconf 90' lang='lat' dir='ltr'><strong>nihil</strong></span> <span class='ocrx_word' id='word_1_577' title='bbox 3231 3202 3298 3254; x_wconf 87' lang='lat' dir='ltr'><strong>ad</strong></span> <span class='ocrx_word' id='word_1_578' title='bbox 3341 3215 3463 3255; x_wconf 87' lang='lat' dir='ltr'><strong>esse</strong></span> <span class='ocrx_word' id='word_1_579' title='bbox 3504 3216 3632 3270; x_wconf 84' lang='lat' dir='ltr'><strong>pm-</strong></span> 
     </span>
    </p>
   </div>
   <div class='ocr_carea' id='block_1_84' title="bbox 2056 3285 3631 3353">
    <p class='ocr_par' dir='ltr' id='par_1_84' title="bbox 2056 3285 3631 3353">
     <span class='ocr_line' id='line_1_84' title="bbox 2056 3285 3631 3353; baseline 0.003 -14"><span class='ocrx_word' id='word_1_580' title='bbox 2056 3285 2282 3339; x_wconf 89' lang='lat' dir='ltr'><strong>ductum</strong></span> <span class='ocrx_word' id='word_1_581' title='bbox 2309 3325 2323 3348; x_wconf 88' lang='lat'><strong>,</strong></span> <span class='ocrx_word' id='word_1_582' title='bbox 2355 3294 2414 3339; x_wconf 91' lang='lat' dir='ltr'><strong>ut</strong></span> <span class='ocrx_word' id='word_1_583' title='bbox 2456 3302 2646 3340; x_wconf 76' lang='lat' dir='ltr'><strong>eorum</strong></span> <span class='ocrx_word' id='word_1_584' title='bbox 2697 3286 2921 3342; x_wconf 81' lang='lat' dir='ltr'><strong>fraudes</strong></span> <span class='ocrx_word' id='word_1_585' title='bbox 2963 3287 3320 3353; x_wconf 85' lang='lat' dir='ltr'><strong>retunderet,</strong></span> <span class='ocrx_word' id='word_1_586' title='bbox 3357 3299 3411 3345; x_wconf 90' lang='lat' dir='ltr'><strong>et</strong></span> <span class='ocrx_word' id='word_1_587' title='bbox 3450 3305 3631 3344; x_wconf 87' lang='lat' dir='ltr'><strong>rerum</strong></span> 
     </span>
    </p>
   </div>
   <div class='ocr_carea' id='block_1_85' title="bbox 2057 3376 3636 3450">
    <p class='ocr_par' dir='ltr' id='par_1_85' title="bbox 2057 3376 3636 3450">
     <span class='ocr_line' id='line_1_85' title="bbox 2057 3376 3636 3450; baseline 0.003 -20"><span class='ocrx_word' id='word_1_588' title='bbox 2057 3376 2303 3430; x_wconf 88' lang='lat' dir='ltr'><strong>omnium</strong></span> <span class='ocrx_word' id='word_1_589' title='bbox 2337 3385 2620 3430; x_wconf 88' lang='lat' dir='ltr'><strong>auctorem</strong></span> <span class='ocrx_word' id='word_1_590' title='bbox 2655 3377 2864 3446; x_wconf 82' lang='lat' dir='ltr'><strong>ignaris</strong></span> <span class='ocrx_word' id='word_1_591' title='bbox 2915 3379 3254 3445; x_wconf 87' lang='lat' dir='ltr'><strong>ostenderet,</strong></span> <span class='ocrx_word' id='word_1_592' title='bbox 3292 3390 3345 3434; x_wconf 89' lang='lat' dir='ltr'><strong>et</strong></span> <span class='ocrx_word' id='word_1_593' title='bbox 3389 3394 3486 3450; x_wconf 85' lang='lat' dir='ltr'><strong>per</strong></span> <span class='ocrx_word' id='word_1_594' title='bbox 3514 3397 3636 3450; x_wconf 70' lang='lat' dir='ltr'><strong>quae</strong></span> 
     </span>
    </p>
   </div>
   <div class='ocr_carea' id='block_1_86' title="bbox 2059 3466 3636 3541">
    <p class='ocr_par' dir='ltr' id='par_1_86' title="bbox 2059 3466 3636 3541">
     <span class='ocr_line' id='line_1_86' title="bbox 2059 3466 3636 3541; baseline 0.004 -21"><span class='ocrx_word' id='word_1_595' title='bbox 2059 3466 2261 3520; x_wconf 81' lang='lat' dir='ltr'><strong>factam</strong></span> <span class='ocrx_word' id='word_1_596' title='bbox 2299 3483 2423 3523; x_wconf 90' lang='lat' dir='ltr'><strong>esse</strong></span> <span class='ocrx_word' id='word_1_597' title='bbox 2466 3477 2778 3523; x_wconf 87' lang='lat' dir='ltr'><strong>creaturam</strong></span> <span class='ocrx_word' id='word_1_598' title='bbox 2827 3470 2943 3535; x_wconf 90' lang='lat' dir='ltr'><strong>ait,</strong></span> <span class='ocrx_word' id='word_1_599' title='bbox 2998 3485 3095 3541; x_wconf 87' lang='lat' dir='ltr'><strong>per</strong></span> <span class='ocrx_word' id='word_1_600' title='bbox 3151 3471 3265 3526; x_wconf 72' lang='lat' dir='ltr'><strong>haec</strong></span> <span class='ocrx_word' id='word_1_601' title='bbox 3317 3471 3433 3541; x_wconf 87' lang='lat' dir='ltr'><strong>ipsa</strong></span> <span class='ocrx_word' id='word_1_602' title='bbox 3487 3472 3636 3526; x_wconf 77' lang='lat' dir='ltr'><strong>ctare</strong></span> 
     </span>
    </p>
   </div>
   <div class='ocr_carea' id='block_1_87' title="bbox 2057 3557 3632 3631">
    <p class='ocr_par' dir='ltr' id='par_1_87' title="bbox 2057 3557 3632 3631">
     <span class='ocr_line' id='line_1_87' title="bbox 2057 3557 3632 3631; baseline 0.005 -20"><span class='ocrx_word' id='word_1_603' title='bbox 2057 3557 2284 3611; x_wconf 88' lang='lat' dir='ltr'><strong>doceret</strong></span> <span class='ocrx_word' id='word_1_604' title='bbox 2315 3557 2484 3611; x_wconf 89' lang='lat' dir='ltr'><strong>alium</strong></span> <span class='ocrx_word' id='word_1_605' title='bbox 2510 3573 2633 3612; x_wconf 87' lang='lat' dir='ltr'><strong>esse</strong></span> <span class='ocrx_word' id='word_1_606' title='bbox 2662 3559 2729 3612; x_wconf 88' lang='lat' dir='ltr'><strong>ab</strong></span> <span class='ocrx_word' id='word_1_607' title='bbox 2758 3559 2873 3630; x_wconf 86' lang='lat' dir='ltr'><strong>ipsa</strong></span> <span class='ocrx_word' id='word_1_608' title='bbox 2907 3575 3034 3614; x_wconf 89' lang='lat' dir='ltr'><strong>eum</strong></span> <span class='ocrx_word' id='word_1_609' title='bbox 3069 3559 3161 3631; x_wconf 91' lang='lat' dir='ltr'><strong>qui</strong></span> <span class='ocrx_word' id='word_1_610' title='bbox 3196 3561 3261 3616; x_wconf 88' lang='lat' dir='ltr'><strong>ad</strong></span> <span class='ocrx_word' id='word_1_611' title='bbox 3293 3577 3416 3618; x_wconf 91' lang='lat' dir='ltr'><strong>esse</strong></span> <span class='ocrx_word' id='word_1_612' title='bbox 3450 3574 3632 3627; x_wconf 87' lang='lat' dir='ltr'><strong>vocat,</strong></span> 
     </span>
    </p>
   </div>
   <div class='ocr_carea' id='block_1_88' title="bbox 2057 3648 3630 3723">
    <p class='ocr_par' dir='ltr' id='par_1_88' title="bbox 2057 3648 3630 3723">
     <span class='ocr_line' id='line_1_88' title="bbox 2057 3648 3630 3723; baseline 0.003 -19"><span class='ocrx_word' id='word_1_613' title='bbox 2057 3657 2113 3704; x_wconf 88' lang='lat' dir='ltr'><strong>et</strong></span> <span class='ocrx_word' id='word_1_614' title='bbox 2147 3648 2412 3704; x_wconf 73' lang='lat' dir='ltr'><strong>incﬂabili</strong></span> <span class='ocrx_word' id='word_1_615' title='bbox 2436 3651 2639 3704; x_wconf 87' lang='lat' dir='ltr'><strong>virtute</strong></span> <span class='ocrx_word' id='word_1_616' title='bbox 2667 3666 2753 3706; x_wconf 88' lang='lat' dir='ltr'><strong>res</strong></span> <span class='ocrx_word' id='word_1_617' title='bbox 2789 3667 2818 3706; x_wconf 86' lang='lat' dir='ltr'><strong>e</strong></span> <span class='ocrx_word' id='word_1_618' title='bbox 2842 3652 3014 3707; x_wconf 88' lang='lat' dir='ltr'><strong>nihilo</strong></span> <span class='ocrx_word' id='word_1_619' title='bbox 3045 3654 3300 3723; x_wconf 89' lang='lat' dir='ltr'><strong>producit</strong></span> <span class='ocrx_word' id='word_1_620' title='bbox 3331 3654 3385 3708; x_wconf 91' lang='lat' dir='ltr'><strong>in</strong></span> <span class='ocrx_word' id='word_1_621' title='bbox 3421 3663 3630 3709; x_wconf 88' lang='lat' dir='ltr'><strong>ortum.</strong></span> 
     </span>
    </p>
   </div>
   <div class='ocr_carea' id='block_1_89' title="bbox 2058 3739 3632 3813">
    <p class='ocr_par' dir='ltr' id='par_1_89' title="bbox 2058 3739 3632 3813">
     <span class='ocr_line' id='line_1_89' title="bbox 2058 3739 3632 3813; baseline 0.004 -19"><span class='ocrx_word' id='word_1_622' title='bbox 2058 3739 2174 3796; x_wconf 87' lang='lat' dir='ltr'><strong>lloc</strong></span> <span class='ocrx_word' id='word_1_623' title='bbox 2227 3740 2374 3795; x_wconf 90' lang='lat' dir='ltr'><strong>enim</strong></span> <span class='ocrx_word' id='word_1_624' title='bbox 2432 3752 2590 3810; x_wconf 90' lang='lat' dir='ltr'><strong>pacto</strong></span> <span class='ocrx_word' id='word_1_625' title='bbox 2655 3757 2720 3796; x_wconf 87' lang='lat' dir='ltr'><strong>ex</strong></span> <span class='ocrx_word' id='word_1_626' title='bbox 2795 3744 3208 3813; x_wconf 87' lang='lat' dir='ltr'><strong>pulchritudine</strong></span> <span class='ocrx_word' id='word_1_627' title='bbox 3249 3755 3632 3801; x_wconf 86' lang='lat' dir='ltr'><strong>creaturarum</strong></span> 
     </span>
    </p>
   </div>
   <div class='ocr_carea' id='block_1_90' title="bbox 2056 3832 3633 3906">
    <p class='ocr_par' dir='ltr' id='par_1_90' title="bbox 2056 3832 3633 3906">
     <span class='ocr_line' id='line_1_90' title="bbox 2056 3832 3633 3906; baseline 0.003 -21"><span class='ocrx_word' id='word_1_628' title='bbox 2056 3832 2309 3902; x_wconf 78' lang='lat' dir='ltr'><strong>opiﬁcem</strong></span> <span class='ocrx_word' id='word_1_629' title='bbox 2364 3833 2733 3890; x_wconf 88' lang='lat' dir='ltr'><strong>similitudine</strong></span> <span class='ocrx_word' id='word_1_630' title='bbox 2781 3837 3020 3906; x_wconf 87' lang='lat' dir='ltr'><strong>quadam</strong></span> <span class='ocrx_word' id='word_1_631' title='bbox 3071 3852 3302 3892; x_wconf 90' lang='lat' dir='ltr'><strong>cernere</strong></span> <span class='ocrx_word' id='word_1_632' title='bbox 3362 3839 3529 3901; x_wconf 89' lang='lat' dir='ltr'><strong>licet,</strong></span> <span class='ocrx_word' id='word_1_633' title='bbox 3579 3847 3633 3890; x_wconf 85' lang='lat' dir='ltr'><strong>et</strong></span> 
     </span>
    </p>
   </div>
   <div class='ocr_carea' id='block_1_91' title="bbox 2055 3927 3632 4002">
    <p class='ocr_par' dir='ltr' id='par_1_91' title="bbox 2055 3927 3632 4002">
     <span class='ocr_line' id='line_1_91' title="bbox 2055 3927 3632 4002; baseline 0 -20"><span class='ocrx_word' id='word_1_634' title='bbox 2055 3942 2246 3982; x_wconf 82' lang='lat' dir='ltr'><strong>revera</strong></span> <span class='ocrx_word' id='word_1_635' title='bbox 2305 3927 2660 3983; x_wconf 80' lang='lat' dir='ltr'><strong>exsisteutem</strong></span> <span class='ocrx_word' id='word_1_636' title='bbox 2711 3928 2877 3984; x_wconf 88' lang='lat' dir='ltr'><strong>Deum</strong></span> <span class='ocrx_word' id='word_1_637' title='bbox 2932 3945 3266 3999; x_wconf 85' lang='lat' dir='ltr'><strong>agnoscere,</strong></span> <span class='ocrx_word' id='word_1_638' title='bbox 3333 3947 3428 4002; x_wconf 89' lang='lat' dir='ltr'><strong>per</strong></span> <span class='ocrx_word' id='word_1_639' title='bbox 3474 3947 3632 4001; x_wconf 88' lang='lat' dir='ltr'><strong>quem</strong></span> 
     </span>
    </p>
   </div>
   <div class='ocr_carea' id='block_1_92' title="bbox 2057 4017 3636 4087">
    <p class='ocr_par' dir='ltr' id='par_1_92' title="bbox 2057 4017 3636 4087">
     <span class='ocr_line' id='line_1_92' title="bbox 2057 4017 3636 4087; baseline 0.001 -15"><span class='ocrx_word' id='word_1_640' title='bbox 2057 4018 2241 4073; x_wconf 89' lang='lat' dir='ltr'><strong>omnia</strong></span> <span class='ocrx_word' id='word_1_641' title='bbox 2275 4017 2418 4074; x_wconf 83' lang='lat' dir='ltr'><strong>facta</strong></span> <span class='ocrx_word' id='word_1_642' title='bbox 2459 4031 2623 4087; x_wconf 86' lang='lat' dir='ltr'><strong>sunt,</strong></span> <span class='ocrx_word' id='word_1_643' title='bbox 2659 4031 2712 4075; x_wconf 91' lang='lat' dir='ltr'><strong>et</strong></span> <span class='ocrx_word' id='word_1_644' title='bbox 2753 4031 2939 4076; x_wconf 88' lang='lat' dir='ltr'><strong>creata</strong></span> <span class='ocrx_word' id='word_1_645' title='bbox 2975 4033 3399 4078; x_wconf 83' lang='lat' dir='ltr'><strong>conservantur.</strong></span> <span class='ocrx_word' id='word_1_646' title='bbox 3429 4022 3636 4076; x_wconf 83' lang='lat' dir='ltr'><strong>Adver-</strong></span> 
     </span>
    </p>
   </div>
   <div class='ocr_carea' id='block_1_93' title="bbox 2059 4111 3636 4190">
    <p class='ocr_par' dir='ltr' id='par_1_93' title="bbox 2059 4111 3636 4190">
     <span class='ocr_line' id='line_1_93' title="bbox 2059 4111 3636 4190; baseline 0.001 -24"><span class='ocrx_word' id='word_1_647' title='bbox 2059 4127 2156 4168; x_wconf 90' lang='lat' dir='ltr'><strong>sus</strong></span> <span class='ocrx_word' id='word_1_648' title='bbox 2190 4111 2508 4168; x_wconf 65' lang='lat' dir='ltr'><strong>Graecorum</strong></span> <span class='ocrx_word' id='word_1_649' title='bbox 2545 4114 2712 4190; x_wconf 83' lang='lat' dir='ltr'><strong>igitur</strong></span> <span class='ocrx_word' id='word_1_650' title='bbox 2745 4114 3110 4170; x_wconf 89' lang='lat' dir='ltr'><strong>idololatriam</strong></span> <span class='ocrx_word' id='word_1_651' title='bbox 3147 4123 3295 4170; x_wconf 87' lang='lat' dir='ltr'><strong>recte</strong></span> <span class='ocrx_word' id='word_1_652' title='bbox 3340 4115 3443 4168; x_wconf 87' lang='lat' dir='ltr'><strong>hoc</strong></span> <span class='ocrx_word' id='word_1_653' title='bbox 3478 4124 3636 4184; x_wconf 87' lang='lat' dir='ltr'><strong>pacto</strong></span> 
     </span>
    </p>
   </div>
   <div class='ocr_carea' id='block_1_94' title="bbox 2059 4204 3638 4275">
    <p class='ocr_par' dir='ltr' id='par_1_94' title="bbox 2059 4204 3638 4275">
     <span class='ocr_line' id='line_1_94' title="bbox 2059 4204 3638 4275; baseline 0 -17"><span class='ocrx_word' id='word_1_654' title='bbox 2059 4218 2372 4259; x_wconf 83' lang='lat' dir='ltr'><strong>sermonem</strong></span> <span class='ocrx_word' id='word_1_655' title='bbox 2420 4205 2795 4275; x_wconf 81' lang='lat' dir='ltr'><strong>evangelicum</strong></span> <span class='ocrx_word' id='word_1_656' title='bbox 2852 4206 3001 4259; x_wconf 87' lang='lat' dir='ltr'><strong>velut</strong></span> <span class='ocrx_word' id='word_1_657' title='bbox 3052 4205 3107 4259; x_wconf 91' lang='lat' dir='ltr'><strong>in</strong></span> <span class='ocrx_word' id='word_1_658' title='bbox 3159 4206 3332 4261; x_wconf 89' lang='lat' dir='ltr'><strong>aciem</strong></span> <span class='ocrx_word' id='word_1_659' title='bbox 3376 4204 3638 4261; x_wconf 81' lang='lat' dir='ltr'><strong>eduxisse</strong></span> 
     </span>
    </p>
   </div>
   <div class='ocr_carea' id='block_1_95' title="bbox 2061 4294 3630 4366">
    <p class='ocr_par' dir='ltr' id='par_1_95' title="bbox 2061 4294 3630 4366">
     <span class='ocr_line' id='line_1_95' title="bbox 2061 4294 3630 4366; baseline 0.001 -19"><span class='ocrx_word' id='word_1_660' title='bbox 2061 4294 2323 4360; x_wconf 89' lang='lat' dir='ltr'><strong>arbitror,</strong></span> <span class='ocrx_word' id='word_1_661' title='bbox 2357 4311 2588 4365; x_wconf 88' lang='lat' dir='ltr'><strong>eamque</strong></span> <span class='ocrx_word' id='word_1_662' title='bbox 2625 4297 2692 4350; x_wconf 88' lang='lat' dir='ltr'><strong>ob</strong></span> <span class='ocrx_word' id='word_1_663' title='bbox 2731 4310 2954 4351; x_wconf 88' lang='lat' dir='ltr'><strong>causam</strong></span> <span class='ocrx_word' id='word_1_664' title='bbox 2987 4295 3250 4351; x_wconf 80' lang='lat' dir='ltr'><strong>factorem</strong></span> <span class='ocrx_word' id='word_1_665' title='bbox 3288 4308 3340 4350; x_wconf 88' lang='lat' dir='ltr'><strong>et</strong></span> <span class='ocrx_word' id='word_1_666' title='bbox 3379 4297 3630 4366; x_wconf 75' lang='lat' dir='ltr'><strong>opiﬁcem</strong></span> 
     </span>
    </p>
   </div>
   <div class='ocr_carea' id='block_1_96' title="bbox 2062 4387 3634 4458">
    <p class='ocr_par' dir='ltr' id='par_1_96' title="bbox 2062 4387 3634 4458">
     <span class='ocr_line' id='line_1_96' title="bbox 2062 4387 3634 4458; baseline -0.001 -17"><span class='ocrx_word' id='word_1_667' title='bbox 2062 4395 2340 4444; x_wconf 87' lang='lat' dir='ltr'><strong>assertum</strong></span> <span class='ocrx_word' id='word_1_668' title='bbox 2389 4403 2511 4444; x_wconf 88' lang='lat' dir='ltr'><strong>esse</strong></span> <span class='ocrx_word' id='word_1_669' title='bbox 2540 4388 2718 4443; x_wconf 82' lang='lat' dir='ltr'><strong>sancti</strong></span> <span class='ocrx_word' id='word_1_670' title='bbox 2763 4403 2898 4444; x_wconf 88' lang='lat' dir='ltr'><strong>voce</strong></span> <span class='ocrx_word' id='word_1_671' title='bbox 2937 4387 3218 4443; x_wconf 90' lang='lat' dir='ltr'><strong>credimus</strong></span> <span class='ocrx_word' id='word_1_672' title='bbox 3259 4387 3634 4458; x_wconf 83' lang='lat' dir='ltr'><strong>Unigcnitum.</strong></span> 
     </span>
    </p>
   </div>
   <div class='ocr_carea' id='block_1_97' title="bbox 2062 4477 3637 4549">
    <p class='ocr_par' dir='ltr' id='par_1_97' title="bbox 2062 4477 3637 4549">
     <span class='ocr_line' id='line_1_97' title="bbox 2062 4477 3637 4549; baseline -0.003 -18"><span class='ocrx_word' id='word_1_673' title='bbox 2062 4477 2522 4549; x_wconf 84' lang='lat' dir='ltr'><strong>Quandoquidem</strong></span> <span class='ocrx_word' id='word_1_674' title='bbox 2573 4493 2702 4535; x_wconf 87' lang='lat' dir='ltr'><strong>vero</strong></span> <span class='ocrx_word' id='word_1_675' title='bbox 2751 4487 3178 4534; x_wconf 87' lang='lat' dir='ltr'><strong>consentaneum</strong></span> <span class='ocrx_word' id='word_1_676' title='bbox 3222 4488 3309 4534; x_wconf 90' lang='lat' dir='ltr'><strong>est</strong></span> <span class='ocrx_word' id='word_1_677' title='bbox 3349 4477 3637 4534; x_wconf 60' lang='lat' dir='ltr'><strong>haeretico-</strong></span> 
     </span>
    </p>
   </div>
   <div class='ocr_carea' id='block_1_98' title="bbox 2064 4570 3632 4642">
    <p class='ocr_par' dir='ltr' id='par_1_98' title="bbox 2064 4570 3632 4642">
     <span class='ocr_line' id='line_1_98' title="bbox 2064 4570 3632 4642; baseline -0.003 -15"><span class='ocrx_word' id='word_1_678' title='bbox 2064 4587 2185 4627; x_wconf 89' lang='lat' dir='ltr'><strong>rum</strong></span> <span class='ocrx_word' id='word_1_679' title='bbox 2216 4585 2472 4642; x_wconf 86' lang='lat' dir='ltr'><strong>perversa</strong></span> <span class='ocrx_word' id='word_1_680' title='bbox 2501 4579 2808 4626; x_wconf 88' lang='lat' dir='ltr'><strong>commenta</strong></span> <span class='ocrx_word' id='word_1_681' title='bbox 2847 4571 3009 4626; x_wconf 90' lang='lat' dir='ltr'><strong>etiam</strong></span> <span class='ocrx_word' id='word_1_682' title='bbox 3055 4571 3390 4641; x_wconf 83' lang='lat' dir='ltr'><strong>intelligere,</strong></span> <span class='ocrx_word' id='word_1_683' title='bbox 3430 4570 3632 4636; x_wconf 87' lang='lat' dir='ltr'><strong>opinor</strong></span> 
     </span>
    </p>
   </div>
   <div class='ocr_carea' id='block_1_99' title="bbox 376 4659 1956 4735">
    <p class='ocr_par' dir='ltr' id='par_1_99' title="bbox 376 4659 1956 4735">
     <span class='ocr_line' id='line_1_99' title="bbox 376 4659 1956 4735; baseline 0.002 -22"><span class='ocrx_word' id='word_1_684' title='bbox 376 4659 642 4726; x_wconf 72' lang='grc' dir='ltr'>τάξασθαι</span> <span class='ocrx_word' id='word_1_685' title='bbox 674 4661 849 4730; x_wconf 86' lang='grc' dir='ltr'>λόγον,</span> <span class='ocrx_word' id='word_1_686' title='bbox 881 4661 1084 4732; x_wconf 80' lang='grc' dir='ltr'>ταύτης</span> <span class='ocrx_word' id='word_1_687' title='bbox 1111 4679 1170 4714; x_wconf 91' lang='grc' dir='ltr'><strong>τε</strong></span> <span class='ocrx_word' id='word_1_688' title='bbox 1203 4662 1364 4716; x_wconf 69' lang='grc' dir='ltr'>ἕνεκα</span> <span class='ocrx_word' id='word_1_689' title='bbox 1393 4664 1492 4735; x_wconf 83' lang='grc' dir='ltr'>τῆς</span> <span class='ocrx_word' id='word_1_690' title='bbox 1524 4664 1702 4726; x_wconf 83' lang='grc' dir='ltr'>αίτίας</span> <span class='ocrx_word' id='word_1_691' title='bbox 1731 4662 1956 4734; x_wconf 77' lang='grc' dir='ltr'>ποιητὴν</span> 
     </span>
    </p>
   </div>
   <div class='ocr_carea' id='block_1_100' title="bbox 2055 4659 3649 4735">
    <p class='ocr_par' dir='ltr' id='par_1_100' title="bbox 2065 4660 3649 4733">
     <span class='ocr_line' id='line_1_100' title="bbox 2065 4660 3649 4733; baseline 0.001 -17"><span class='ocrx_word' id='word_1_692' title='bbox 2065 4663 2133 4718; x_wconf 89' lang='lat' dir='ltr'><strong>ad</strong></span> <span class='ocrx_word' id='word_1_693' title='bbox 2161 4663 2379 4717; x_wconf 79' lang='lat' dir='ltr'><strong>illorum</strong></span> <span class='ocrx_word' id='word_1_694' title='bbox 2411 4677 2596 4718; x_wconf 86' lang='lat' dir='ltr'><strong>mores</strong></span> <span class='ocrx_word' id='word_1_695' title='bbox 2624 4662 2975 4733; x_wconf 86' lang='lat' dir='ltr'><strong>respiciendo</strong></span> <span class='ocrx_word' id='word_1_696' title='bbox 3006 4660 3207 4733; x_wconf 84' lang='lat' dir='ltr'><strong>subjici</strong></span> <span class='ocrx_word' id='word_1_697' title='bbox 3239 4675 3414 4732; x_wconf 86' lang='lat' dir='ltr'><strong>pauca</strong></span> <span class='ocrx_word' id='word_1_698' title='bbox 3439 4677 3649 4725; x_wconf 83' lang='lat' dir='ltr'><strong>rursus</strong></span> 
     </span>
    </p>
   </div>
   <div class='ocr_carea' id='block_1_101' title="bbox 380 4751 2340 4827">
    <p class='ocr_par' dir='ltr' id='par_1_101' title="bbox 380 4751 2340 4827">
     <span class='ocr_line' id='line_1_101' title="bbox 380 4751 2340 4827; baseline 0.001 -23"><span class='ocrx_word' id='word_1_699' title='bbox 380 4751 628 4822; x_wconf 80' lang='grc' dir='ltr'>είσῆχθαι</span> <span class='ocrx_word' id='word_1_700' title='bbox 688 4755 784 4807; x_wconf 76' lang='grc' dir='ltr'>καὶ</span> <span class='ocrx_word' id='word_1_701' title='bbox 813 4754 1166 4827; x_wconf 76' lang='grc' dir='ltr'>δημιουργὸν,</span> <span class='ocrx_word' id='word_1_702' title='bbox 1201 4754 1290 4809; x_wconf 87' lang='grc' dir='ltr'><strong>διά</strong></span> <span class='ocrx_word' id='word_1_703' title='bbox 1323 4756 1424 4825; x_wconf 83' lang='grc' dir='ltr'>τῆς</span> <span class='ocrx_word' id='word_1_704' title='bbox 1456 4755 1548 4809; x_wconf 90' lang='grc' dir='ltr'><strong>τοῦ</strong></span> <span class='ocrx_word' id='word_1_705' title='bbox 1580 4756 1735 4825; x_wconf 77' lang='grc' dir='ltr'>άγίου</span> <span class='ocrx_word' id='word_1_706' title='bbox 1775 4755 1960 4826; x_wconf 82' lang='grc' dir='ltr'>φωνῆς</span> <span class='ocrx_word' id='word_1_707' title='bbox 2063 4762 2340 4821; x_wconf 86' lang='lat' dir='ltr'><strong>oportere.</strong></span> 
     </span>
    </p>
   </div>
   <div class='ocr_carea' id='block_1_102' title="bbox 379 4843 3640 4920">
    <p class='ocr_par' dir='ltr' id='par_1_102' title="bbox 379 4843 3640 4920">
     <span class='ocr_line' id='line_1_102' title="bbox 379 4843 3640 4920; baseline -0.001 -22"><span class='ocrx_word' id='word_1_708' title='bbox 379 4844 467 4898; x_wconf 62' lang='grc' dir='ltr'>τὴν</span> <span class='ocrx_word' id='word_1_709' title='bbox 495 4848 770 4920; x_wconf 80' lang='grc' dir='ltr'>Μονογενῆ</span> <span class='ocrx_word' id='word_1_710' title='bbox 798 4848 1148 4918; x_wconf 87' lang='grc' dir='ltr'>πιστεύομεν.</span> <span class='ocrx_word' id='word_1_711' title='bbox 1195 4848 1411 4920; x_wconf 81' lang='grc' dir='ltr'>Ἐπειδὴ</span> <span class='ocrx_word' id='word_1_712' title='bbox 1479 4850 1537 4903; x_wconf 82' lang='grc' dir='ltr'><strong>δέ</strong></span> <span class='ocrx_word' id='word_1_713' title='bbox 1577 4849 1870 4904; x_wconf 85' lang='grc' dir='ltr'>ἀκόλουθον</span> <span class='ocrx_word' id='word_1_714' title='bbox 1936 4848 2137 4901; x_wconf 79' lang='grc' dir='ltr'>ἐννοεῖν</span> <span class='ocrx_word' id='word_1_715' title='bbox 2181 4846 2277 4901; x_wconf 76' lang='grc' dir='ltr'>καὶ</span> <span class='ocrx_word' id='word_1_716' title='bbox 2343 4845 2441 4909; x_wconf 85' lang='grc' dir='ltr'>τὰς</span> <span class='ocrx_word' id='word_1_717' title='bbox 2507 4844 2615 4898; x_wconf 84' lang='grc' dir='ltr'>τῶν</span> <span class='ocrx_word' id='word_1_718' title='bbox 2659 4843 2951 4914; x_wconf 85' lang='grc' dir='ltr'>αίρετικῶν</span> <span class='ocrx_word' id='word_1_719' title='bbox 2995 4843 3324 4916; x_wconf 77' lang='grc' dir='ltr'>δυστρόπους</span> <span class='ocrx_word' id='word_1_720' title='bbox 3367 4843 3640 4915; x_wconf 79' lang='grc' dir='ltr'>εὑρεσιλο-</span> 
     </span>
    </p>
   </div>
   <div class='ocr_carea' id='block_1_103' title="bbox 379 4938 2982 5016">
    <p class='ocr_par' dir='ltr' id='par_1_103' title="bbox 379 4938 2982 5016">
     <span class='ocr_line' id='line_1_103' title="bbox 379 4938 2982 5016; baseline -0.003 -13"><span class='ocrx_word' id='word_1_721' title='bbox 379 4938 525 5007; x_wconf 79' lang='grc' dir='ltr'>γιας.</span> <span class='ocrx_word' id='word_1_722' title='bbox 556 4943 850 5012; x_wconf 80' lang='grc' dir='ltr'>προσήκειν</span> <span class='ocrx_word' id='word_1_723' title='bbox 886 4942 1127 5014; x_wconf 78' lang='grc' dir='ltr'>ἡγοῦμαι</span> <span class='ocrx_word' id='word_1_724' title='bbox 1169 4945 1264 4998; x_wconf 76' lang='grc' dir='ltr'>καὶ</span> <span class='ocrx_word' id='word_1_725' title='bbox 1301 4945 1439 5016; x_wconf 84' lang='grc' dir='ltr'>πρὸς</span> <span class='ocrx_word' id='word_1_726' title='bbox 1468 4945 1536 4999; x_wconf 91' lang='grc' dir='ltr'><strong>τά</strong></span> <span class='ocrx_word' id='word_1_727' title='bbox 1567 4946 1790 4999; x_wconf 89' lang='grc' dir='ltr'>ἐκείνων</span> <span class='ocrx_word' id='word_1_728' title='bbox 1814 4941 2222 5007; x_wconf 76' lang='grc' dir='ltr'>ἀποόλέποντας</span> <span class='ocrx_word' id='word_1_729' title='bbox 2256 4940 2353 5012; x_wconf 71' lang='grc' dir='ltr'>ἔθη</span> <span class='ocrx_word' id='word_1_730' title='bbox 2391 4939 2562 5013; x_wconf 85' lang='grc' dir='ltr'>μικρά</span> <span class='ocrx_word' id='word_1_731' title='bbox 2592 4940 2756 4995; x_wconf 83' lang='grc' dir='ltr'>πάλιν</span> <span class='ocrx_word' id='word_1_732' title='bbox 2786 4940 2982 4996; x_wconf 72' lang='grc' dir='ltr'>εἰπεῖν.</span> 
     </span>
    </p>
   </div>
   <div class='ocr_carea' id='block_1_104' title="bbox 451 5028 1958 5105">
    <p class='ocr_par' dir='ltr' id='par_1_104' title="bbox 451 5028 1958 5105">
     <span class='ocr_line' id='line_1_104' title="bbox 451 5028 1958 5105; baseline 0.004 -24"><span class='ocrx_word' id='word_1_733' title='bbox 451 5028 674 5097; x_wconf 78' lang='grc' dir='ltr'>Πάν-τα,</span> <span class='ocrx_word' id='word_1_734' title='bbox 719 5034 872 5102; x_wconf 74' lang='grc' dir='ltr'>φησὶ,</span> <span class='ocrx_word' id='word_1_735' title='bbox 915 5033 988 5087; x_wconf 79' lang='grc' dir='ltr'>δι’</span> <span class='ocrx_word' id='word_1_736' title='bbox 1011 5034 1199 5090; x_wconf 83' lang='grc' dir='ltr'>αὑτοῦ</span> <span class='ocrx_word' id='word_1_737' title='bbox 1225 5033 1486 5105; x_wconf 75' lang='grc' dir='ltr'>ἐγένετο,</span> <span class='ocrx_word' id='word_1_738' title='bbox 1525 5035 1623 5090; x_wconf 78' lang='grc' dir='ltr'>καί</span> <span class='ocrx_word' id='word_1_739' title='bbox 1650 5035 1826 5105; x_wconf 77' lang='grc' dir='ltr'>χωρὶς</span> <span class='ocrx_word' id='word_1_740' title='bbox 1851 5034 1958 5088; x_wconf 80' lang='grc' dir='ltr'><strong>αὑ-</strong></span> 
     </span>
    </p>
   </div>
   <div class='ocr_carea' id='block_1_105' title="bbox 379 5117 1035 5188">
    <p class='ocr_par' dir='ltr' id='par_1_105' title="bbox 379 5117 1035 5188">
     <span class='ocr_line' id='line_1_105' title="bbox 379 5117 1035 5188; baseline 0.012 -17"><span class='ocrx_word' id='word_1_741' title='bbox 379 5117 488 5172; x_wconf 80' lang='grc' dir='ltr'><strong>τοῦ</strong></span> <span class='ocrx_word' id='word_1_742' title='bbox 511 5119 746 5188; x_wconf 75' lang='grc' dir='ltr'>ἐγένετο</span> <span class='ocrx_word' id='word_1_743' title='bbox 775 5122 914 5176; x_wconf 81' lang='grc' dir='ltr'>οὐδὲ</span> <span class='ocrx_word' id='word_1_744' title='bbox 947 5124 1035 5180; x_wconf 77' lang='grc' dir='ltr'><strong>ἓν.</strong></span> 
     </span>
    </p>
   </div>
   <div class='ocr_carea' id='block_1_106' title="bbox 451 5209 1956 5291">
    <p class='ocr_par' dir='ltr' id='par_1_106' title="bbox 451 5209 1956 5291">
     <span class='ocr_line' id='line_1_106' title="bbox 451 5209 1956 5291; baseline 0.007 -29"><span class='ocrx_word' id='word_1_745' title='bbox 451 5209 766 5283; x_wconf 84' lang='grc' dir='ltr'>Θεοπρεπὲς</span> <span class='ocrx_word' id='word_1_746' title='bbox 814 5215 907 5267; x_wconf 74' lang='grc' dir='ltr'>καὶ</span> <span class='ocrx_word' id='word_1_747' title='bbox 956 5215 1114 5270; x_wconf 89' lang='grc' dir='ltr'>τοῦτο</span> <span class='ocrx_word' id='word_1_748' title='bbox 1162 5216 1473 5291; x_wconf 85' lang='grc' dir='ltr'>περιτίθησι</span> <span class='ocrx_word' id='word_1_749' title='bbox 1515 5216 1576 5270; x_wconf 79' lang='grc' dir='ltr'>τὸ</span> <span class='ocrx_word' id='word_1_750' title='bbox 1615 5217 1833 5289; x_wconf 80' lang='grc' dir='ltr'>ἀξίωμα</span> <span class='ocrx_word' id='word_1_751' title='bbox 1877 5217 1956 5289; x_wconf 83' lang='grc' dir='ltr'><strong>τῷ</strong></span> 
     </span>
    </p>
   </div>
   <div class='ocr_carea' id='block_1_107' title="bbox 381 5299 1956 5378">
    <p class='ocr_par' dir='ltr' id='par_1_107' title="bbox 381 5299 1956 5378">
     <span class='ocr_line' id='line_1_107' title="bbox 381 5299 1956 5378; baseline 0.007 -26"><span class='ocrx_word' id='word_1_752' title='bbox 381 5299 514 5370; x_wconf 83' lang='grc' dir='ltr'>Υίῷ,</span> <span class='ocrx_word' id='word_1_753' title='bbox 549 5302 643 5356; x_wconf 78' lang='grc' dir='ltr'>καὶ</span> <span class='ocrx_word' id='word_1_754' title='bbox 670 5305 1002 5374; x_wconf 86' lang='grc' dir='ltr'>πανταχόθεν</span> <span class='ocrx_word' id='word_1_755' title='bbox 1040 5309 1320 5378; x_wconf 84' lang='grc' dir='ltr'>ὀμοούσιον</span> <span class='ocrx_word' id='word_1_756' title='bbox 1348 5309 1476 5362; x_wconf 73' lang='grc' dir='ltr'>ὄντα</span> <span class='ocrx_word' id='word_1_757' title='bbox 1503 5308 1765 5364; x_wconf 87' lang='grc' dir='ltr'>δεικνύων</span> <span class='ocrx_word' id='word_1_758' title='bbox 1794 5310 1956 5363; x_wconf 83' lang='grc' dir='ltr'>αὑτὸν</span> 
     </span>
    </p>
   </div>
   <div class='ocr_carea' id='block_1_108' title="bbox 381 5390 1956 5472">
    <p class='ocr_par' dir='ltr' id='par_1_108' title="bbox 381 5390 1956 5472">
     <span class='ocr_line' id='line_1_108' title="bbox 381 5390 1956 5472; baseline 0.006 -27"><span class='ocrx_word' id='word_1_759' title='bbox 381 5390 456 5462; x_wconf 81' lang='grc' dir='ltr'><strong>τῷ</strong></span> <span class='ocrx_word' id='word_1_760' title='bbox 494 5393 784 5466; x_wconf 75' lang='grc' dir='ltr'>Γεννητορι</span> <span class='ocrx_word' id='word_1_761' title='bbox 834 5394 973 5466; x_wconf 83' lang='grc' dir='ltr'>Θεῷ,</span> <span class='ocrx_word' id='word_1_762' title='bbox 1013 5398 1107 5450; x_wconf 71' lang='grc' dir='ltr'>καὶ</span> <span class='ocrx_word' id='word_1_763' title='bbox 1145 5399 1322 5452; x_wconf 88' lang='grc' dir='ltr'>πάντα</span> <span class='ocrx_word' id='word_1_764' title='bbox 1358 5397 1427 5452; x_wconf 90' lang='grc' dir='ltr'><strong>τά</strong></span> <span class='ocrx_word' id='word_1_765' title='bbox 1464 5399 1658 5472; x_wconf 76' lang='grc' dir='ltr'>ἐκείνῳ</span> <span class='ocrx_word' id='word_1_766' title='bbox 1687 5401 1956 5472; x_wconf 81' lang='grc' dir='ltr'>προσόντα</span> 
     </span>
    </p>
   </div>
   <div class='ocr_carea' id='block_1_109' title="bbox 383 5486 1956 5564">
    <p class='ocr_par' dir='ltr' id='par_1_109' title="bbox 383 5486 1956 5564">
     <span class='ocr_line' id='line_1_109' title="bbox 383 5486 1956 5564; baseline 0.007 -29"><span class='ocrx_word' id='word_1_767' title='bbox 383 5486 624 5552; x_wconf 84' lang='grc' dir='ltr'>φυσικῶς</span> <span class='ocrx_word' id='word_1_768' title='bbox 657 5487 984 5558; x_wconf 84' lang='grc' dir='ltr'>ἐνυπάρχειν</span> <span class='ocrx_word' id='word_1_769' title='bbox 1027 5489 1105 5559; x_wconf 88' lang='grc' dir='ltr'>τῷ</span> <span class='ocrx_word' id='word_1_770' title='bbox 1129 5493 1424 5564; x_wconf 83' lang='grc' dir='ltr'>γεννήματι</span> <span class='ocrx_word' id='word_1_771' title='bbox 1453 5489 1625 5559; x_wconf 73' lang='grc' dir='ltr'>λέγων</span> <span class='ocrx_word' id='word_1_772' title='bbox 1649 5504 1673 5519; x_wconf 85' lang='grc'><strong>’·</strong></span> <span class='ocrx_word' id='word_1_773' title='bbox 1715 5492 1801 5546; x_wconf 80' lang='grc' dir='ltr'>ἵνα</span> <span class='ocrx_word' id='word_1_774' title='bbox 1822 5491 1956 5556; x_wconf 79' lang='grc' dir='ltr'>Θεὸς</span> 
     </span>
    </p>
   </div>
   <div class='ocr_carea' id='block_1_110' title="bbox 384 5575 1957 5655">
    <p class='ocr_par' dir='ltr' id='par_1_110' title="bbox 384 5575 1957 5655">
     <span class='ocr_line' id='line_1_110' title="bbox 384 5575 1957 5655; baseline 0.008 -29"><span class='ocrx_word' id='word_1_775' title='bbox 384 5575 448 5627; x_wconf 82' lang='grc' dir='ltr'><strong>ἐκ</strong></span> <span class='ocrx_word' id='word_1_776' title='bbox 488 5575 621 5628; x_wconf 84' lang='grc' dir='ltr'>Θεοῦ</span> <span class='ocrx_word' id='word_1_777' title='bbox 668 5579 850 5649; x_wconf 81' lang='grc' dir='ltr'>νοῆται</span> <span class='ocrx_word' id='word_1_778' title='bbox 901 5579 1040 5634; x_wconf 86' lang='grc' dir='ltr'><strong>κατά</strong></span> <span class='ocrx_word' id='word_1_779' title='bbox 1067 5582 1344 5655; x_wconf 81' lang='grc' dir='ltr'>ἀλήθειαν,</span> <span class='ocrx_word' id='word_1_780' title='bbox 1396 5581 1457 5636; x_wconf 87' lang='grc' dir='ltr'>ού</span> <span class='ocrx_word' id='word_1_781' title='bbox 1504 5582 1754 5654; x_wconf 86' lang='grc' dir='ltr'>καθάπερ</span> <span class='ocrx_word' id='word_1_782' title='bbox 1797 5585 1957 5654; x_wconf 72' lang='grc' dir='ltr'>ἡμεῖς</span> 
     </span>
    </p>
   </div>
   <div class='ocr_carea' id='block_1_111' title="bbox 368 5731 953 5820">
    <p class='ocr_par' dir='ltr' id='par_1_111' title="bbox 368 5731 953 5820">
     <span class='ocr_line' id='line_1_111' title="bbox 368 5731 953 5820; baseline 0.007 -31"><span class='ocrx_word' id='word_1_783' title='bbox 368 5815 374 5820; x_wconf 74' lang='lat'>_</span> <span class='ocrx_word' id='word_1_784' title='bbox 448 5731 498 5767; x_wconf 79' lang='lat'><strong>&quot;</strong></span> <span class='ocrx_word' id='word_1_785' title='bbox 526 5731 727 5791; x_wconf 68' lang='grc' dir='ltr'>εισι-ειη.</span> <span class='ocrx_word' id='word_1_786' title='bbox 761 5751 836 5802; x_wconf 85' lang='grc' dir='ltr'><strong>ιι,</strong></span> <span class='ocrx_word' id='word_1_787' title='bbox 861 5737 953 5794; x_wconf 70' lang='lat'><strong>‘27.</strong></span> 
     </span>
    </p>
   </div>
   <div class='ocr_carea' id='block_1_112' title="bbox 2137 5031 3639 5102">
    <p class='ocr_par' dir='ltr' id='par_1_112' title="bbox 2137 5031 3639 5102">
     <span class='ocr_line' id='line_1_112' title="bbox 2137 5031 3639 5102; baseline -0.001 -13"><span class='ocrx_word' id='word_1_788' title='bbox 2137 5031 2352 5096; x_wconf 80' lang='lat' dir='ltr'><strong>Omnia,</strong></span> <span class='ocrx_word' id='word_1_789' title='bbox 2389 5031 2588 5102; x_wconf 88' lang='lat' dir='ltr'><strong>inquit,</strong></span> <span class='ocrx_word' id='word_1_790' title='bbox 2623 5046 2714 5100; x_wconf 81' lang='lat' dir='ltr'><strong>per</strong></span> <span class='ocrx_word' id='word_1_791' title='bbox 2744 5031 2915 5100; x_wconf 79' lang='lat' dir='ltr'><strong>ipsum</strong></span> <span class='ocrx_word' id='word_1_792' title='bbox 2945 5031 3091 5098; x_wconf 76' lang='lat' dir='ltr'><strong>facta</strong></span> <span class='ocrx_word' id='word_1_793' title='bbox 3124 5037 3268 5095; x_wconf 84' lang='lat' dir='ltr'><strong>sunt,</strong></span> <span class='ocrx_word' id='word_1_794' title='bbox 3297 5039 3346 5083; x_wconf 83' lang='lat' dir='ltr'><strong>et</strong></span> <span class='ocrx_word' id='word_1_795' title='bbox 3371 5031 3484 5086; x_wconf 81' lang='lat' dir='ltr'><strong>sine</strong></span> <span class='ocrx_word' id='word_1_796' title='bbox 3523 5032 3639 5100; x_wconf 82' lang='lat' dir='ltr'><strong>ipso</strong></span> 
     </span>
    </p>
   </div>
   <div class='ocr_carea' id='block_1_113' title="bbox 2064 5122 2548 5195">
    <p class='ocr_par' dir='ltr' id='par_1_113' title="bbox 2064 5122 2548 5195">
     <span class='ocr_line' id='line_1_113' title="bbox 2064 5122 2548 5195; baseline -0.004 -16"><span class='ocrx_word' id='word_1_797' title='bbox 2064 5125 2263 5195; x_wconf 81' lang='lat' dir='ltr'><strong>factum</strong></span> <span class='ocrx_word' id='word_1_798' title='bbox 2289 5132 2367 5177; x_wconf 82' lang='lat' dir='ltr'><strong>est</strong></span> <span class='ocrx_word' id='word_1_799' title='bbox 2396 5122 2548 5177; x_wconf 80' lang='lat' dir='ltr'><strong>nihil.</strong></span> 
     </span>
    </p>
   </div>
   <div class='ocr_carea' id='block_1_114' title="bbox 2133 5206 3635 5283">
    <p class='ocr_par' dir='ltr' id='par_1_114' title="bbox 2133 5206 3635 5283">
     <span class='ocr_line' id='line_1_114' title="bbox 2133 5206 3635 5283; baseline -0.006 -14"><span class='ocrx_word' id='word_1_800' title='bbox 2133 5215 2383 5271; x_wconf 87' lang='lat' dir='ltr'><strong>Divinam</strong></span> <span class='ocrx_word' id='word_1_801' title='bbox 2415 5215 2557 5269; x_wconf 85' lang='lat' dir='ltr'><strong>hanc</strong></span> <span class='ocrx_word' id='word_1_802' title='bbox 2595 5227 2816 5282; x_wconf 90' lang='lat' dir='ltr'><strong>quoque</strong></span> <span class='ocrx_word' id='word_1_803' title='bbox 2852 5209 3176 5283; x_wconf 82' lang='lat' dir='ltr'><strong>dignitatem</strong></span> <span class='ocrx_word' id='word_1_804' title='bbox 3231 5206 3374 5262; x_wconf 83' lang='lat' dir='ltr'><strong>Filio</strong></span> <span class='ocrx_word' id='word_1_805' title='bbox 3423 5210 3635 5270; x_wconf 82' lang='lat' dir='ltr'><strong>tribuit,</strong></span> 
     </span>
    </p>
   </div>
   <div class='ocr_carea' id='block_1_115' title="bbox 2062 5297 3636 5376">
    <p class='ocr_par' dir='ltr' id='par_1_115' title="bbox 2062 5297 3636 5376">
     <span class='ocr_line' id='line_1_115' title="bbox 2062 5297 3636 5376; baseline -0.009 -17"><span class='ocrx_word' id='word_1_806' title='bbox 2062 5322 2186 5363; x_wconf 80' lang='lat' dir='ltr'><strong>eum</strong></span> <span class='ocrx_word' id='word_1_807' title='bbox 2239 5308 2424 5376; x_wconf 82' lang='lat' dir='ltr'><strong>ipsum</strong></span> <span class='ocrx_word' id='word_1_808' title='bbox 2471 5303 2622 5358; x_wconf 90' lang='lat' dir='ltr'><strong>omni</strong></span> <span class='ocrx_word' id='word_1_809' title='bbox 2652 5319 2717 5358; x_wconf 80' lang='lat' dir='ltr'><strong>ex</strong></span> <span class='ocrx_word' id='word_1_810' title='bbox 2755 5310 2912 5372; x_wconf 88' lang='lat' dir='ltr'><strong>parte</strong></span> <span class='ocrx_word' id='word_1_811' title='bbox 2951 5297 3482 5355; x_wconf 73' lang='lat' dir='ltr'><strong>consul.stantiaiem</strong></span> <span class='ocrx_word' id='word_1_812' title='bbox 3516 5311 3636 5352; x_wconf 68' lang='lat' dir='ltr'><strong>055M</strong></span> 
     </span>
    </p>
   </div>
   <div class='ocr_carea' id='block_1_116' title="bbox 2063 5385 3637 5459">
    <p class='ocr_par' dir='ltr' id='par_1_116' title="bbox 2063 5385 3637 5459">
     <span class='ocr_line' id='line_1_116' title="bbox 2063 5385 3637 5459; baseline -0.011 -6"><span class='ocrx_word' id='word_1_813' title='bbox 2063 5398 2172 5453; x_wconf 87' lang='lat' dir='ltr'><strong>Deo</strong></span> <span class='ocrx_word' id='word_1_814' title='bbox 2200 5397 2348 5452; x_wconf 84' lang='lat' dir='ltr'><strong>Patri</strong></span> <span class='ocrx_word' id='word_1_815' title='bbox 2377 5397 2693 5459; x_wconf 81' lang='lat' dir='ltr'><strong>ostendens,</strong></span> <span class='ocrx_word' id='word_1_816' title='bbox 2746 5403 2858 5446; x_wconf 92' lang='lat' dir='ltr'><strong>tum</strong></span> <span class='ocrx_word' id='word_1_817' title='bbox 2890 5394 3071 5446; x_wconf 87' lang='lat' dir='ltr'><strong>omnia</strong></span> <span class='ocrx_word' id='word_1_818' title='bbox 3104 5388 3372 5441; x_wconf 78' lang='lat' dir='ltr'><strong>exsistere</strong></span> <span class='ocrx_word' id='word_1_819' title='bbox 3407 5385 3460 5437; x_wconf 87' lang='lat' dir='ltr'><strong>in</strong></span> <span class='ocrx_word' id='word_1_820' title='bbox 3487 5385 3637 5453; x_wconf 79' lang='lat' dir='ltr'><strong>geni-</strong></span> 
     </span>
    </p>
   </div>
   <div class='ocr_carea' id='block_1_117' title="bbox 2063 5478 3635 5554">
    <p class='ocr_par' dir='ltr' id='par_1_117' title="bbox 2063 5478 3635 5554">
     <span class='ocr_line' id='line_1_117' title="bbox 2063 5478 3635 5554; baseline -0.012 -8"><span class='ocrx_word' id='word_1_821' title='bbox 2063 5491 2209 5545; x_wconf 88' lang='lat' dir='ltr'><strong>mine</strong></span> <span class='ocrx_word' id='word_1_822' title='bbox 2242 5503 2498 5544; x_wconf 87' lang='lat' dir='ltr'><strong>asserens</strong></span> <span class='ocrx_word' id='word_1_823' title='bbox 2523 5527 2538 5550; x_wconf 93' lang='lat'><strong>,</strong></span> <span class='ocrx_word' id='word_1_824' title='bbox 2581 5499 2922 5554; x_wconf 74' lang='lat' dir='ltr'><strong>qumcunque</strong></span> <span class='ocrx_word' id='word_1_825' title='bbox 2953 5480 3101 5534; x_wconf 86' lang='lat' dir='ltr'><strong>Patri</strong></span> <span class='ocrx_word' id='word_1_826' title='bbox 3149 5478 3346 5528; x_wconf 78' lang='lat' dir='ltr'><strong>insunt</strong></span> <span class='ocrx_word' id='word_1_827' title='bbox 3394 5485 3589 5528; x_wconf 86' lang='lat' dir='ltr'><strong>natura</strong></span> <span class='ocrx_word' id='word_1_828' title='bbox 3622 5492 3635 5527; x_wconf 88' lang='lat'><strong>:</strong></span> 
     </span>
    </p>
   </div>
   <div class='ocr_carea' id='block_1_118' title="bbox 2064 5565 3694 5645">
    <p class='ocr_par' dir='ltr' id='par_1_118' title="bbox 2064 5565 3694 5645">
     <span class='ocr_line' id='line_1_118' title="bbox 2064 5565 3694 5645; baseline -0.013 -7"><span class='ocrx_word' id='word_1_829' title='bbox 2064 5589 2126 5638; x_wconf 86' lang='lat' dir='ltr'><strong>ut</strong></span> <span class='ocrx_word' id='word_1_830' title='bbox 2152 5581 2294 5638; x_wconf 86' lang='lat' dir='ltr'><strong>Deus</strong></span> <span class='ocrx_word' id='word_1_831' title='bbox 2324 5579 2389 5634; x_wconf 87' lang='lat' dir='ltr'><strong>de</strong></span> <span class='ocrx_word' id='word_1_832' title='bbox 2419 5578 2528 5633; x_wconf 88' lang='lat' dir='ltr'><strong>Deo</strong></span> <span class='ocrx_word' id='word_1_833' title='bbox 2555 5577 2893 5645; x_wconf 85' lang='lat' dir='ltr'><strong>intelligatur</strong></span> <span class='ocrx_word' id='word_1_834' title='bbox 2924 5585 3047 5626; x_wconf 87' lang='lat' dir='ltr'><strong>esse</strong></span> <span class='ocrx_word' id='word_1_835' title='bbox 3077 5574 3292 5626; x_wconf 80' lang='lat' dir='ltr'><strong>revera,</strong></span> <span class='ocrx_word' id='word_1_836' title='bbox 3324 5577 3436 5618; x_wconf 87' lang='lat' dir='ltr'><strong>non</strong></span> <span class='ocrx_word' id='word_1_837' title='bbox 3473 5565 3625 5619; x_wconf 79' lang='lat' dir='ltr'><strong>sicut</strong></span> <span class='ocrx_word' id='word_1_838' title='bbox 3677 5615 3694 5643; x_wconf 24' lang='grc' dir='ltr'>,ι</span> 
     </span>
    </p>
   </div>
   <div class='ocr_carea' id='block_1_119' title="bbox 3755 2025 3779 2070">
    <p class='ocr_par' dir='ltr' id='par_1_119' title="bbox 3755 2025 3779 2070">
     <span class='ocr_line' id='line_1_119' title="bbox 3755 2025 3779 2070; baseline 0 0"><span class='ocrx_word' id='word_1_839' title='bbox 3755 2025 3779 2070; x_wconf 74' lang='grc' dir='ltr'><strong>ι</strong></span> 
     </span>
    </p>
   </div>
   <div class='ocr_carea' id='block_1_120' title="bbox 3785 1965 3832 2022">
    <p class='ocr_par' dir='ltr' id='par_1_120' title="bbox 3785 1965 3832 2022">
     <span class='ocr_line' id='line_1_120' title="bbox 3785 1965 3832 2022; baseline 0 -12"><span class='ocrx_word' id='word_1_840' title='bbox 3785 1965 3832 2022; x_wconf 64' lang='grc' dir='ltr'><strong>,λθ</strong></span> 
     </span>
    </p>
   </div>
   <div class='ocr_carea' id='block_1_121' title="bbox 3837 1877 3886 1960">
    <p class='ocr_par' dir='ltr' id='par_1_121' title="bbox 3837 1877 3886 1960">
     <span class='ocr_line' id='line_1_121' title="bbox 3837 1877 3886 1960; baseline 0 -66"><span class='ocrx_word' id='word_1_841' title='bbox 3837 1877 3886 1960; x_wconf 42' lang='grc' dir='ltr'><strong>ί,</strong></span> 
     </span>
    </p>
   </div>
  </div>
