4092 6274
509 366 580 424 79
1505 361 1562 416 S.
1603 362 1643 416 C
1656 359 1884 416 Ulli.“
1918 355 2078 418 ALE}

2180 353 2392 414 iDBlNI
2423 354 2744 412 ARCHIEP.

3703 359 3780 414 80

512 499 614 538 nos
670 479 1032 537 adventitium
1086 477 1310 534 habens
1361 479 1780 548 appellationem
1807 519 1824 543 ,
1879 483 1934 532 et
1997 490 2078 548 pet

2196 475 2486 544 ἐπίκτητον
2529 473 2668 544 ἔχων
2709 472 2810 544 τὴν
2854 471 3263 544 προσηγορίαν,
3317 471 3413 526 καὶ
3457 471 3549 526 διὰ
3605 473 3774 543 μόνης

510 575 683 629 solam
709 573 952 642 gratiam
987 571 1148 625 nobis
1183 571 1422 624 additam
1450 610 1466 635 ,
1503 570 1658 640 juxta
1703 570 1837 624 illud
1867 587 1880 624 :
1921 587 1939 621 ι
1975 568 2087 637 Ego

510 663 624 718 dixi
657 682 668 716 :
703 662 968 727 Biiestis,
991 670 1055 718 et
1083 661 1179 715 ﬁlii
1209 661 1419 716 Eii-celsi
1466 676 1662 715 omnes
1681 661 1748 716 ’⁸.
1799 679 1818 714 ι
1855 660 1912 715 Si
1939 660 2085 714 enim

509 757 692 809 munia
729 754 869 808 facta
898 764 1024 808 sunt
1049 770 1146 824 per
1181 754 1390 824 ipsum,
1429 753 1683 809 diversus
1713 753 1820 806 erit
1859 753 1975 821 ipse
2018 751 2086 804 ah

510 847 792 902 omnibus.
843 844 979 900 Nam
1025 861 1150 900 eum
1193 844 1374 908 dicat,
1425 861 1444 895 ι
1483 843 1703 909 omnia,
1743 863 1762 897 ι
1815 843 1950 897 nihil
2004 851 2089 897 est.

508 939 656 1009 quod
685 939 754 992 -in
786 937 1057 992 omnibus
1093 952 1200 991 non
1245 935 1782 1006 comprehendatur,
1821 935 2087 1005 quemad-

510 1029 733 1084 modum
761 1045 962 1098 nenipe
1020 1028 1215 1083 beatus
1269 1044 1490 1098 quoque
1542 1025 1746 1082 Paulus
1796 1027 1869 1080 ita
1924 1027 2080 1089 illud,

514 1141 534 1171 ι
577 1121 784 1182 omnia,
815 1139 839 1172 τ
903 1120 1242 1174 intellexisse
1295 1119 1649 1190 comperitur.
1689 1118 1823 1172 Nam
1875 1134 1996 1173 cum
2029 1121 2083 1172 lu

510 1213 744 1280 quadam
762 1210 1016 1280 ﬁpistola
1043 1210 1107 1265 de
1139 1210 1421 1265 Salvatore
1456 1218 1648 1264 nostro
1677 1211 1834 1264 verba
1863 1210 2082 1276 faceret,

509 1305 829 1374 diem-etque
857 1303 1039 1356 omnia
1085 1303 1330 1368 subjecta
1365 1317 1490 1358 esse
1541 1304 1645 1357 sub
1680 1303 1909 1372 pedibus
1943 1303 2083 1372 ejus,

509 1399 648 1452 bene
715 1396 907 1466 utiqtte
962 1396 1252 1467 suhjungit
1308 1415 1322 1449 :
1383 1414 1402 1447 ι
1465 1396 1600 1452 Cum
1663 1405 1842 1451 autem
1914 1395 2082 1458 dicat,

498 1490 744 1550 Omnia.
820 1489 956 1544 nihil
1031 1488 1239 1543 dimisit
1300 1505 1410 1544 non
1467 1489 1783 1558 subjectum
1853 1490 1999 1547 ei".
2060 1509 2080 1541 ›

497 1583 611 1654 45
634 1582 829 1652 itaque
863 1597 986 1635 cum
1033 1582 1218 1636 omnia
1257 1597 1352 1650 per
1381 1578 1582 1634 Filium
1629 1579 1771 1633 facta
1805 1595 1928 1635 esse
1961 1596 2083 1634 cre-

503 1671 738 1732 ila-mus,
798 1682 907 1723 non
969 1680 1147 1723 tamen
1197 1669 1381 1737 ipsum
1435 1684 1603 1722 unum
1655 1669 1899 1722 omnium
1959 1685 2083 1725 esse

499 1770 788 1830 putemus,
825 1760 919 1815 sed
947 1769 1103 1814 extra
1134 1761 1321 1813 omnia
1354 1760 1577 1830 quidem
1621 1761 1870 1830 positum
1895 1776 2082 1816 cense-

501 1854 722 1918 Ibimus,
783 1865 1019 1921 eumque
1073 1865 1102 1904 a
1157 1857 1541 1904 creaturarum
1589 1860 1783 1903 natura
1821 1859 1874 1905 et
1904 1852 2084 1921 specie

499 1945 894 2014 sejungentes.
947 1942 1084 1998 nihil
1118 1941 1264 1995 aliud
1309 1956 1473 2010 quam
1521 1940 1690 1996 Deum
1741 1941 1810 1996 de
1843 1941 1954 1997 Deo
1983 1958 2084 1996 na-

507 2044 628 2090 tura
666 2050 763 2091 sua
789 2049 910 2090 esse
941 2032 1251 2090 fatebimur.
1291 2032 1432 2099 Quid
1461 2034 1604 2088 enim
1632 2034 1776 2088 inter
1820 2033 1989 2089 Deum
2029 2047 2083 2090 et

365 2113 374 2134 ⁸
425 2189 440 2200 .
506 2140 816 2184 creaturam
861 2127 1199 2182 intercedere
1233 2125 1630 2190 concedemus,
1683 2143 1794 2181 non
1831 2127 1960 2182 dico
1990 2145 2082 2182 ra-

507 2221 659 2277 tione
710 2219 1039 2276 substantia:
1085 2219 1320 2289 (magna
1362 2217 1508 2272 enim
1553 2226 1638 2273 est
1669 2219 2079 2290 intercapedo),

504 2314 598 2367 sed
628 2312 775 2382 quod
825 2312 1203 2367 tantummodo
1260 2311 1408 2365 aliud
1465 2326 1590 2365 esse
1639 2312 1944 2380 cegitetur?
1988 2318 2082 2364 aut

502 2419 664 2470 quem
695 2404 878 2460 locum
909 2404 1077 2458 alium
1110 2403 1407 2456 habiturus
1443 2409 1527 2454 est
1556 2399 1751 2468 Filius,
1793 2401 1887 2471 qui
1935 2416 2084 2455 crea-

504 2505 752 2550 turarum
801 2503 1055 2550 naturam
1089 2505 1350 2566 superat,
1403 2497 1513 2550 imo
1547 2510 1676 2549 vero
1704 2501 2079 2549 creaturarum

502 2596 587 2640 est
613 2585 838 2658 opifex?
873 2586 1067 2640 Omnia
1107 2587 1311 2658 quippe
1368 2586 1509 2641 facta
1569 2594 1699 2640 sunt
1736 2599 1830 2654 per
1875 2585 2078 2654 ipsum,

503 2685 770 2748 tanquam
803 2693 897 2749 per
928 2679 1184 2732 virtutem
1211 2690 1264 2732 et
1299 2677 1627 2749 sapientiam
1669 2676 1763 2731 Dei
1789 2691 1852 2731 ac
1877 2675 2078 2741 Patris,

503 2787 610 2824 non
630 2771 846 2839 quidem
874 2769 930 2823 in
953 2778 1145 2822 natura
1178 2767 1444 2841 genitoris
1471 2767 1871 2829 absconditam,
1895 2767 2078 2836 cujus-

504 2858 651 2913 modi
679 2859 900 2914 exsistit
945 2858 999 2913 in
1039 2859 1262 2914 homine
1307 2860 1576 2930 sapientia
1621 2865 1676 2914 et
1723 2859 1936 2923 virtus,
1984 2858 2080 2912 sed

506 2948 726 3018 proprie
767 2955 820 3003 et
867 2964 962 3017 per
1010 2961 1070 3003 se
1104 2947 1501 3004 subsistentem
1527 2987 1542 3012 ,
1599 2963 1787 3003 verum
1823 2945 2079 3002 ineffabili

499 3037 873 3106 generationis
915 3037 1079 3092 modo
1109 3037 1473 3093 nihilominus
1503 3053 1568 3093 ex
1601 3037 1764 3093 Patre
1803 3037 2082 3108 prodeun-

2189 568 2320 636 ἡμῖν
2358 563 2795 637 προσγενομένην
2823 563 3064 634 χάριτος,
3101 565 3240 617 κατὰ
3268 564 3362 630 τὸ,
3391 583 3410 617 ι
3453 564 3594 634 Ἐγὼ
3619 561 3772 632 εἶπα,

2188 657 2311 710 Θεοί
2343 659 2485 717 ἐστε,
2517 657 2611 710 καὶ
2637 657 2741 708 υἱοὶ
2782 656 3036 725 Ὑψίστου
3066 657 3284 719 πάντες.
3320 675 3339 708 ι
3374 658 3435 710 El
3462 658 3571 728 γὰρ
3595 660 3774 711 πάντα

2187 751 2252 801 δι’
2284 749 2448 802 αὑτοῦ
2475 749 2722 816 ἐγένετο,
2765 749 2952 820 ἕτερος
2986 749 3051 802 ἂν
3081 749 3166 818 εἴη
3193 749 3302 802 τῶν
3330 749 3547 803 πάντων
3577 750 3768 813 αὑτόςο

2187 843 2244 892 ἐν
2269 841 2374 912 γὰρ
2400 837 2477 908 τῷ
2504 860 2520 890 ι
2544 840 2739 901 πάντα,
2767 858 2785 890 ›
2819 841 2972 893 οὐδέν
3008 843 3178 904 ἐστιν,
3207 840 3235 892 ὃ
3267 841 3341 911 μὴ
3369 842 3426 893 ὲν
3463 845 3576 904 τοῖς
3605 843 3771 895 πᾶσιν

2185 933 2399 1000 ὁρᾶται.
2443 931 2632 1002 ὥσπερ
2659 927 2752 985 οῦν
2786 931 2978 1000 ἀμέλει
3019 931 3116 984 καὶ
3158 933 3186 985 ὁ
3229 932 3498 1003 μακάριος
3533 932 3767 996 Παῦλος,

2186 1022 2326 1075 οὓτω
2359 1022 2418 1076 τὸ
2451 1025 2690 1078 «πάντα»
2725 1023 2923 1094 νοήσας
2955 1024 3285 1094 εὑρίσκεται.
3329 1025 3545 1097 Ἐπειδὴ
3577 1025 3685 1093 γάρ
3709 1028 3771 1078 ὲν

2191 1116 2288 1184 μιᾷ
2322 1131 2422 1166 που
2452 1115 2560 1166 τῶν
2591 1115 2887 1168 ἐπιστολῶν
2915 1116 3006 1168 τδν
3039 1115 3164 1187 περὶ
3203 1114 3297 1168 τοῦ
3325 1117 3574 1186 Σωτῆρος
3612 1119 3768 1187 ήμῶν

2187 1209 2424 1260 ἐποιεῖτο
2457 1208 2632 1277 λόγον,
2669 1207 2848 1260 πάντα
2892 1223 2951 1259 τε
2996 1206 3231 1275 ἔφασκεν
3271 1207 3630 1278 ὑποτετάχθαι
3663 1208 3772 1261 ὑπὸ

2187 1300 2312 1364 τοὺς
2343 1301 2507 1363 πόδας
2538 1299 2724 1363 αὑτοῦ,
2757 1299 2937 1362 καλῶς
2961 1316 3022 1367 γε
3055 1299 3258 1370 σφόδρα
3288 1299 3452 1352 ποιῶν
3479 1302 3728 1369 ὲπιςρέρει
3748 1317 3766 1332 ο

2192 1411 2208 1442 ι
2251 1393 2338 1444 Ἑν
2382 1393 2492 1460 γάρ
2536 1390 2612 1461 τῷ
2642 1393 2812 1443 εἰπεῖν
2845 1391 2911 1444 τὰ
2940 1391 3138 1456 πάντα,
3181 1391 3333 1444 οὐδὲν
3359 1390 3574 1460 ἀφῆκεν
3618 1391 3768 1462 αὑτῷ

2186 1482 2580 1534 ἀνυπότακτον.
2633 1500 2652 1533 ι
2713 1481 2922 1537 Οὐκοῦν
2985 1481 3278 1553 ἐπειδήπερ
3326 1483 3395 1535 τά
3447 1482 3625 1536 πάντα
3671 1501 3765 1553 γε-

2185 1573 2446 1644 γενῆσθαι
2471 1575 2538 1627 δι’
2575 1575 2703 1628 Υίοῦ
2735 1573 3080 1644 πιστεύομεν,
3109 1575 3209 1629 οὑκ
3248 1573 3312 1627 ἂν
3345 1574 3512 1627 αὑτὸν
3536 1574 3631 1627 ἕνα
3657 1575 3766 1627 τῶν

2188 1665 2404 1718 πάντων
2430 1660 2569 1719 εἶναι
2592 1667 2894 1737 νοήσωμεν,
2921 1667 3034 1718 ἀλλ’
3061 1666 3164 1733 ἔξω
3193 1666 3294 1738 μὲν
3319 1668 3526 1721 κεῖσθαι
3548 1670 3766 1722 πάντων

2185 1756 2532 1828 λογιούμεθα,
2564 1761 2664 1829 τῆς
2697 1759 2753 1812 δὲ
2786 1759 2894 1812 τῶν
2927 1761 3169 1829 γενητῶν
3198 1761 3630 1832 ἀποδιορίζοντες
3664 1762 3765 1830 φύ-

2187 1849 2326 1912 σεώς
2377 1867 2436 1902 τε
2478 1851 2572 1903 καὶ
2605 1851 2896 1920 ὁμοειδίας,
2931 1851 3080 1905 οὐδὲν
3112 1852 3295 1922 ἓτερον
3324 1847 3462 1908 εἶναι
3496 1837 3698 1914 λοιπὸνξ
3727 1853 3762 1925 ἢ

2184 1939 2316 1992 Θεὸν
2353 1942 2417 1993 ὲκ
2459 1940 2596 1994 Θεοῦ
2627 1942 2768 1996 κατὰ
2803 1941 2964 2010 φύσιν
2991 1943 3418 2014 ὁμολογήσομεν.
3464 1945 3530 1997 Τί
3561 1944 3670 2016 γάρ
3697 1946 3764 2000 ἀν

2181 2049 2265 2096 τις
2311 2033 2424 2104 δοίη
2460 2034 2520 2086 τὸ
2571 2034 2768 2104 μεταξὺ
2802 2035 2935 2088 Θεοῦ
2991 2036 3084 2088 καὶ
3123 2035 3350 2098 κτίσεως
3392 2036 3506 2104 (καὶ
3535 2036 3594 2089 οὑ
3622 2037 3766 2090 κατὰ

2181 2124 2338 2194 λόγον
2381 2127 2523 2196 φημὶ
2551 2129 2640 2179 τὸν
2672 2127 2773 2197 τῆς
2817 2129 3006 2192 οὑσίας
3030 2145 3044 2159 ⁸
3095 2129 3228 2182 πολὺ
3279 2128 3387 2199 γὰρ
3421 2129 3480 2181 τὸ
3517 2127 3758 2195 μεταξύ·

2181 2215 2324 2268 κατὰ
2371 2215 2538 2287 μόνην
2569 2216 2627 2269 δὲ
2672 2218 2770 2288 τήν
2803 2218 2988 2289 ἐτέρου
3021 2220 3164 2281 τινὸς
3207 2219 3314 2271 τῶν
3365 2218 3553 2280 ὄντων,
3597 2217 3673 2282 ὡς
3703 2224 3761 2271 ἰν

2181 2306 2364 2377 νοήσει
2397 2305 2568 2375 Οέσιν)
2591 2307 2660 2376 ςῆ
2694 2312 2843 2362 ποῖον
2872 2310 2982 2372 ἕξει
3011 2311 3173 2364 τόπον
3207 2311 3390 2381 ἕτερον
3423 2311 3451 2362 ὁ
3481 2311 3630 2376 Υἱὸς,
3661 2313 3762 2384 τὴν

2181 2397 2288 2450 τῶν
2313 2401 2633 2470 ποιημάτων
2661 2401 2821 2470 φύσιν
2854 2403 3265 2472 ὑπερκείμενος,
3294 2403 3493 2473 μᾶλλον
3520 2404 3574 2457 δὲ
3601 2405 3762 2465 αὐτὸς

2183 2488 2446 2561 ὑπάρχων
2478 2495 2506 2544 ὁ
2538 2493 2802 2565 ποιητής;
2849 2494 3040 2563 Γέγονε
3079 2495 3175 2565 μὲν
3221 2494 3328 2565 γὰρ
3359 2496 3427 2548 τὰ
3477 2497 3652 2549 πάντα
3692 2497 3760 2548 δι’

2182 2581 2369 2646 αὑτοῦ,
2403 2583 2477 2645 ὡς
2502 2583 2589 2636 διὰ
2616 2584 2914 2653 δυνάμεως,
2940 2586 3014 2649 ὡς
3044 2586 3130 2639 διὰ
3164 2587 3352 2653 σοφίας
3378 2587 3470 2640 τοῦ
3501 2589 3634 2640 Θεοῦ
3666 2591 3759 2640 καὶ

2182 2674 2392 2744 [ἰατρὸς
2412 2715 2427 2738 ,
2477 2675 2576 2728 οὑκ
2609 2678 2666 2728 ἐν
2695 2679 2762 2746 τῇ
2805 2676 2962 2744 φύσει
3005 2676 3096 2730 τοῦ
3129 2679 3485 2747 γεννήσαντος
3520 2697 3757 2750 κρυπτο·

2183 2766 2389 2835 μένης,
2443 2764 2631 2838 ῶσπερ
2677 2763 2769 2821 οὖν
2820 2769 2935 2820 ἐστι
2978 2770 3072 2821 καὶ
3107 2770 3162 2821 ὲν
3196 2767 3466 2840 ἀνθρώπῳ
3517 2771 3676 2840 τυχὸν
3723 2773 3760 2842 ἡ

2180 2857 2561 2928 ἐνυπάρχουσα
2592 2858 2742 2930 αὑτῷ
2776 2860 2938 2928 σοφία
2994 2861 3088 2914 καὶ
3138 2861 3385 2932 δύναμις,
3436 2862 3548 2917 ἀλλ’
3612 2864 3758 2927 ίδίως

2183 2949 2280 3018 μὲν
2314 2951 2405 3003 καὶ
2455 2950 2576 3002 καθ’
2607 2951 2807 3022 ἑαυτὴν
2853 2952 3204 3023 ὑφεστώσης,
3255 2955 3668 3025 προκυπτούσης
3708 2957 3759 3008 δ’

2179 3035 2272 3092 οῦν
2304 3041 2453 3110 ὅμως
2497 3041 2637 3094 κατὰ
2667 3041 2756 3095 τὸν
2793 3042 3030 3114 ἄῤῥητον
3077 3047 3173 3116 τῆς
3207 3048 3508 3117 γεννήσεως
3553 3048 3756 3118 τρόπον

503 3143 608 3183 tum
631 3171 658 3194 ι
697 3138 757 3184 ut
792 3130 959 3184 etiam
1003 3129 1341 3200 intelligatur
1373 3146 1497 3186 esse
1544 3145 1736 3186 revera
1778 3128 1950 3185 Filius
1987 3145 2078 3186 sa-

2185 3132 2248 3184 ὲκ
2295 3132 2527 3203 Πατρδς,
2566 3133 2650 3186 ἵνα
2687 3134 2780 3188 καὶ
2808 3135 2991 3205 νοῆται
3029 3136 3167 3190 κατὰ
3207 3137 3463 3208 ἀλήθειαν
3497 3138 3758 3210 ὑπάρχων

502 3221 707 3292 pientia
747 3229 801 3276 et
845 3221 1023 3276 virtus
1067 3219 1272 3276 Patris.
1322 3220 1428 3277 Sed
1481 3222 1697 3279 tametsi
1748 3223 1934 3277 omnia
1984 3239 2081 3293 per

501 3316 681 3384 ipsum
721 3315 914 3370 beatus
946 3315 1284 3384 evangelista
1339 3314 1482 3369 facta
1539 3330 1667 3371 esse
1713 3313 1899 3382 dicat,
1942 3316 2080 3372 nihil

499 3415 680 3460 tamen
727 3422 790 3462 ea
831 3423 954 3478 qua:
1007 3406 1076 3462 de
1115 3407 1236 3478 ipso
1287 3406 1554 3463 dicuntur
1603 3407 1729 3464 inde
1777 3408 1967 3464 laesum
2011 3409 2080 3464 iri

495 3505 649 3565 puto.
685 3497 802 3552 Non
832 3497 980 3553 enim
1009 3498 1137 3568 quia
1167 3514 1253 3568 pet
1285 3499 1463 3569 ipsum
1491 3515 1582 3555 res
1607 3499 1766 3554 facta:
1795 3500 2078 3564 dicuntur,

498 3589 706 3642 ideirco
751 3603 946 3644 servus
992 3597 1047 3644 et
1093 3589 1284 3644 alienas
1333 3590 1634 3645 voluntatis
1679 3589 1928 3644 tninister
1953 3604 2082 3643 cen-

495 3679 706 3735 sendus
733 3679 859 3743 erit,
906 3694 976 3734 ne
1004 3687 1058 3733 et
1086 3685 1283 3732 natura
1325 3693 1424 3733 sua
1455 3688 1675 3734 creator
1710 3679 1900 3734 haberi
1931 3679 2080 3734 desi-

499 3778 613 3832 nat,
642 3777 736 3823 aut
759 3769 826 3824 ab
849 3769 958 3823 alio
977 3768 1212 3839 quodam
1236 3769 1461 3823 creandi
1487 3775 1811 3840 potestatem
1833 3771 2080 3840 accipere

496 3861 751 3916 videatur
786 3877 800 3914 :
833 3859 1089 3932 quinimo
1127 3859 1244 3928 ipse
1287 3859 1440 3914 solus
1478 3859 1656 3915 virtus
1691 3875 1818 3914 cum
1862 3861 1935 3915 sit
1984 3859 2078 3916 Dei

499 3967 562 4006 ac
583 3949 784 4016 Patris,
813 3965 918 4022 qua
946 3947 1120 4004 Filius
1144 3959 1197 4004 et
1222 3946 1553 4020 Unigenitus
1585 3950 1768 4004 omnia
1794 3959 2075 4021 operatur,

495 4051 830 4116 cooperante
875 4042 1140 4098 nimirum
1187 4049 1242 4097 et
1271 4042 1634 4097 coexsistente
1665 4042 1768 4112 ipsi
1810 4041 1992 4106 Patre,
2026 4055 2080 4098 et

496 4149 689 4193 sancto
736 4135 966 4208 Spiritu,
1034 4137 1216 4190 omnia
1257 4136 1459 4207 quippe
1494 4144 1625 4190 sunt
1670 4151 1736 4191 ex
1777 4135 1937 4190 Patre
1981 4151 2080 4205 per

495 4229 714 4300 Filium,
737 4231 791 4286 in
824 4237 1012 4288 sancto
1043 4227 1270 4300 Spiritu.
1314 4227 1531 4284 Patrem
1574 4244 1702 4284 vero
1744 4229 2078 4284 coexsistere

494 4323 652 4389 Filio,
673 4337 988 4384 censemus,
1009 4335 1118 4375 non
1143 4319 1301 4390 quasi
1340 4318 1409 4374 ad
1440 4317 1646 4389 aliquid
1677 4319 1972 4374 creandum
2007 4319 2080 4374 sit

494 4415 784 4484 impotens,
821 4413 916 4469 sed
939 4411 1085 4483 quod
1123 4419 1271 4467 totus
1307 4411 1379 4466 sit
1410 4411 1465 4466 in
1496 4409 1616 4482 ipso
1645 4419 1868 4481 propter
1896 4409 2076 4464 omni-

2183 3225 2366 3297 Υίδςή
2406 3227 2566 3294 σοφία
2614 3229 2704 3281 καὶ
2739 3228 2967 3298 δύναμις
3020 3230 3112 3284 τοῦ
3143 3232 3373 3304 Πατρός.
3418 3233 3558 3286 Ἀλλ’
3584 3236 3632 3286 εί
3662 3235 3756 3288 καὶ

2183 3318 2359 3372 πάντα
2388 3319 2454 3372 δι’
2480 3320 2643 3372 αὑτοῦ
2675 3322 3002 3392 γεγενῆσθαί
3033 3342 3197 3392 φησιν
3225 3327 3253 3377 ὁ
3282 3325 3550 3395 μακάριος
3583 3325 3758 3394 Εὑαγ-

2179 3409 2450 3479 γελιστὴς,
2505 3412 2654 3464 οὐδὲν
2705 3409 2858 3483 οἶμαι
2914 3414 2975 3467 τὸ
3030 3415 3221 3484 βλάϐος
3263 3419 3372 3479 τοῖς
3420 3418 3549 3488 περὶ
3594 3417 3757 3470 αὑτοῦ

2181 3502 2534 3571 προξενήσειν
2565 3503 2741 3572 λόγοις
2787 3505 2848 3557 τὺ
2894 3506 3063 3576 ῥῆμα.
3117 3507 3190 3559 Οὑ
3221 3507 3327 3577 γάρ
3360 3509 3759 3580 ὲπειδήπερ.δι’

2180 3590 2342 3644 αὑτοῦ
2381 3593 2634 3660 γενέσθαι
2663 3595 2730 3647 τὰ
2755 3595 2884 3648 ὄντα
2913 3595 3151 3664 λέγεται,
3198 3599 3412 3661 πάντως
3439 3598 3611 3669 δήπου
3661 3599 3758 3651 καὶ

2180 3683 2451 3754 ὑπουργὸς
2485 3686 2634 3755 ήμίν,
2673 3685 2705 3757 ἦ
2738 3686 2832 3738 καὶ
2876 3686 3168 3757 ἀλλοτρίων
3197 3687 3517 3759 Οελημάτων
3547 3689 3752 3760 ὑπηρέ-

2179 3791 2277 3842 της
2301 3776 2329 3827 ὀ
2358 3773 2485 3838 Υἱὸς
2513 3775 2845 3846 εἰσϐήσεται,
2878 3778 2965 3831 ἵνα
2994 3781 3192 3848 μηκέτι
3214 3781 3398 3849 νοῆται
3428 3781 3570 3834 κατὰ
3595 3781 3758 3850 φύσιν

2179 3865 2439 3936 ὑπάρχων
2472 3867 2818 3938 δημιουργὸς,
2850 3867 2883 3939 ἢ
2921 3870 3014 3922 καὶ
3041 3870 3099 3936 ἐξ
3132 3871 3316 3940 ἐτέρου
3350 3870 3494 3935 τινὸς
3533 3871 3632 3942 τὴν
3663 3872 3756 3924 ἐπὶ

2176 3957 2254 4028 τῷ
2305 3957 2560 4012 δύνασθαι
2610 3960 2815 4023 κτίζειν
2866 3961 3268 4032 χορηγούμενος
3309 3961 3572 4033 δύναμιν,
3619 3963 3759 4016 ἀλλὰ

2181 4048 2378 4118 μᾶλλον
2411 4049 2572 4113 αὑτὸς
2607 4050 2699 4103 καὶ
2737 4053 2895 4120 μόνος
2943 4055 2974 4122 ἡ
3013 4053 3163 4122 ἰσχὺς
3192 4053 3451 4125 ὑπάρχων
3494 4053 3588 4107 τοῦ
3620 4052 3758 4108 Θεοῦ

2178 4142 2268 4195 καὶ
2304 4143 2536 4213 Πατρδς,
2561 4143 2635 4206 ὡς
2665 4144 2812 4208 Υἱὸς,
2847 4144 2921 4207 ὡς
2950 4146 3259 4215 Μονογενὴς
3285 4145 3354 4199 τὰ
3383 4147 3560 4200 πάντα
3590 4149 3758 4216 ἐργά-

2178 4231 2349 4300 ζεται,
2384 4237 2852 4309 συνεργαζομένου
2908 4237 3148 4308 δηλονότι
3195 4241 3289 4294 καὶ
3333 4243 3583 4307 συνόντος
3607 4244 3758 4316 αὑτῷ

2176 4321 2269 4376 τοῦ
2295 4325 2504 4396 Πατρδς
2552 4323 2762 4380 καὶτοῦ
2787 4327 2941 4397 ἀγίου
2972 4329 3286 4400 Πνεύματος
3308 4348 3322 4362 ⁶
3357 4334 3531 4386 πάντα
3557 4339 3665 4405 γάρ
3691 4338 3757 4390 ἐκ

2178 4412 2391 4482 Πατρὸς
2434 4415 2503 4468 δι’
2538 4415 2670 4470 Υίοῦ
2711 4419 2770 4470 ἐν
2814 4419 2955 4490 ἁγίῳ
2989 4420 3288 4490 Πνεύματι.
3323 4423 3567 4478 Συνείναι
3593 4426 3650 4480 δὲ
3679 4427 3756 4496 τῷ

491 4474 707 4560 taedam
742 4474 1084 4558 identitatem
1125 4501 1470 4567 substantia,
1515 4474 1569 4555 et
1615 4474 1886 4555 summam
1925 4498 2075 4554 illam

2181 4474 2408 4575 Υἰῷπδν
2437 4508 2653 4580 Πατέρα
2676 4474 2938 4580 νοοῦμένί
2970 4513 3067 4582 οὑχ
3107 4474 3658 4589 ἠττεᾶ

492 4596 980 4668 θοιιῇιιιιοιίοιιοω,
1049 4601 1103 4650 et
1159 4593 1532 4650 immediatam
1611 4591 2072 4663 prepinquitatem

489 4686 614 4754 ejus
642 4686 709 4741 ad
735 4701 855 4743 eam
878 4684 972 4757 qui
996 4699 1061 4740 ex
1093 4684 1212 4754 ipso
1231 4682 1561 4738 naturaliter
1582 4681 1852 4752 procedit.
1875 4680 2074 4748 Quem-

491 4777 784 4831 admodum
821 4775 868 4832 si
900 4775 1025 4846 quis
1058 4775 1204 4830 dicat
1253 4789 1358 4829 una
1389 4787 1516 4828 cum
1559 4771 1714 4828 noris
1769 4771 1938 4828 odore
1970 4771 2070 4826 ad-

490 4881 616 4921 i-sse
650 4867 826 4936 ipsum
863 4867 1051 4937 utique
1082 4863 1271 4921 ﬂorem
1299 4864 1366 4919 ad
1397 4862 1738 4920 eﬂiciendam
1771 4862 1924 4918 illam
1958 4859 2070 4916 l‘ra-

490 4962 786 5028 grantiaui,
827 4960 1090 5028 quoniam
1121 4972 1186 5012 ex
1241 4956 1367 5026 ipso
1419 4956 1662 5027 erumpit
1697 4965 1918 5012 natura.
1956 4953 2065 5010 Sed

489 5049 684 5120 exigua
738 5048 820 5103 ris
873 5047 1108 5118 exempli
1160 5045 1386 5117 quidem
1431 5052 1516 5101 est
1566 5045 1622 5099 in
1677 5044 1828 5100 hisce
1873 5043 2064 5108 rebus,

487 5138 736 5204 aslc-Oque
766 5148 933 5204 supra
959 5132 1062 5187 hoc
1094 5133 1272 5204 posita
1301 5140 1388 5186 est
1416 5138 1616 5204 natura
1639 5129 1849 5199 divina,
1871 5138 2066 5188 tenues

485 5235 936 5300 argumentorum
993 5233 1152 5280 notas
1211 5224 1418 5295 quibus
1483 5232 1820 5295 agnoscatur
1880 5238 1949 5280 ex
2003 5239 2070 5281 eo

485 5321 731 5390 capiens.
810 5316 945 5372 Nam
1007 5331 1116 5388 quo
1181 5325 1344 5388 pacto
1415 5315 1788 5389 intelligemus
1855 5316 1990 5372 illud
2049 5331 2065 5370 :

490 5430 506 5457 ι
547 5409 708 5466 Pater
747 5423 904 5466 meus
935 5421 1112 5479 usque
1149 5405 1315 5462 modo
1359 5417 1639 5480 operatur,
1674 5415 1730 5462 et
1779 5421 1880 5480 ego
1937 5423 2066 5479 ope-

2177 4597 2505 4668 ἐργάζεσθαί
2536 4619 2587 4654 τι
2619 4601 2726 4654 τῶν
2757 4602 2944 4668 ὄντων,
2979 4605 3093 4657 ἀλλ’
3125 4605 3200 4669 ὠς
3230 4607 3349 4661 ὅλον
3383 4608 3510 4661 ὄντα
3529 4611 3586 4662 ὲν
3605 4611 3757 4681 αὐτῷ

2175 4689 2264 4744 διὰ
2311 4692 2372 4744 τὸ
2422 4693 2839 4765 ἀπαράλλακτον
2896 4695 2996 4765 τῆς
3055 4697 3274 4762 οὑσίας,
3328 4699 3421 4752 καί⁵
3463 4701 3528 4753 τὸ
3569 4701 3756 4772 ἄκρως

2175 4782 2443 4852 προσεχές
2489 4801 2551 4837 τε
2619 4786 2713 4840 καὶ
2764 4786 2965 4856 άμεσον
3006 4788 3196 4852 αὑτοῦ,
3230 4789 3364 4860 πρὸς
3406 4790 3468 4844 τδ
3497 4791 3555 4858 ἐξ
3589 4792 3756 4844 αὑτοῦ

2175 4873 2420 4942 φυσικῶς
2449 4874 2707 4945 προελθὸν
2731 4895 2742 4908 ·
2771 4877 2959 4948 ὥσπερ
2986 4877 3051 4932 ἂν
3081 4879 3133 4932 εἴ
3159 4897 3240 4944 τις
3269 4879 3438 4948 λέγει,
3470 4881 3566 4936 καὶ
3597 4885 3665 4952 τῇ
3695 4882 3758 4947 ἐξ

2172 4961 2366 5027 ἄνθους
2414 4964 2612 5037 εὐωδίᾳ
2669 4971 2904 5022 συνεῖναι
2937 4970 3055 5023 κατ’
3089 4972 3365 5041 ἐνέργειαν
3393 4972 3492 5044 τὴν
3537 4974 3602 5027 ὲκ
3649 4973 3754 5040 τῆς

2171 5051 2434 5123 εὑοσμίας
2459 5053 2589 5108 αὑτὸ
2617 5055 2682 5127 δὴ
2726 5056 2788 5110 τδ
2816 5057 2977 5122 ἀνοος
2996 5098 3010 5123 ,
3061 5060 3295 5133 ἐπείπερ
3329 5061 3387 5128 ἐξ
3425 5061 3591 5118 αὑτοῦ
3617 5063 3754 5135 πρό-

2170 5159 2276 5196 εισι
2327 5144 2590 5213 φυσικῶς.
2655 5147 2795 5200 Ἀλλ’
2843 5150 3000 5221 ὀλίγη
3052 5153 3154 5222 μὲν
3197 5153 3256 5207 ὲν
3311 5152 3523 5216 τούτοις
3570 5153 3604 5223 ἡ
3655 5153 3754 5208 τοῦ

2170 5231 2612 5304 παραδείγματος
2640 5235 2886 5308 δύναμις,
2915 5241 2948 5310 ή
2980 5241 3036 5293 δὲ
3073 5242 3211 5312 ὑπὲρ
3245 5241 3423 5296 πάντα
3453 5241 3616 5312 φύσις
3657 5244 3753 5296 καὶ

2165 5322 2326 5378 τοῦτο
2362 5324 2771 5398 ὑπερκείσεται,
2801 5333 3030 5403 μικροὺς
3067 5331 3126 5398 ἐξ
3155 5333 3323 5388 αὑτοῦ
3351 5334 3615 5407 δεχομένη
3642 5334 3754 5388 τῶν

2167 5411 2535 5486 θεωρημάτων
2568 5418 2692 5483 τοὺς
2721 5423 3092 5494 χαρακτῆρας.
3139 5425 3292 5479 Ἐπεὶ
3318 5424 3433 5489 πῶς
3459 5427 3751 5496 νοήσομεν,

485 5500 675 5555 ror‘?
728 5519 746 5553 ι
795 5498 913 5556 Non
982 5499 1131 5555 enim
1204 5498 1439 5554 seorsim
1499 5507 1552 5554 et
1614 5497 1796 5554 solum
1855 5497 2062 5568 aliquid

2180 5503 2264 5568 ιδ,
2329 5524 2348 5557 t
2386 5506 2444 5560 '0
2496 5509 2685 5582 Πατήρ
2738 5529 2840 5582 μου
2886 5515 2991 5577 ’ἕως
3036 5516 3161 5586 ἄρτι
3218 5517 3539 5588 ἐργάζεται,
3593 5515 3753 5584 κάγὼ

489 5589 703 5662 operari
733 5591 880 5646 eirea
905 5603 994 5646 res
1025 5587 1359 5646 exsistentes
1381 5587 1550 5644 Deum
1580 5602 1644 5644 ac
1670 5586 1888 5644 Patrem
1930 5588 2069 5644 dicit

2180 5594 2502 5666 έργάζομαις
2538 5617 2554 5648 ³
2599 5601 2672 5653 Οὔ
2705 5602 2812 5672 γὰρ
2845 5603 2948 5674 ίδῖᾳ
3005 5604 3102 5674 μὲν
3150 5586 3394 5658 καὶήκαίν
3428 5604 3623 5658 ἑαυτὸν
3658 5606 3750 5657 ὲνο

554 5785 601 5818 ⁸⁸
627 5784 774 5845 Psal.
811 5801 1007 5856 um,
1039 5788 1106 5844 Θ.

1182 5793 1226 5832 θ’
1269 5788 1434 5848 Hebr.
1471 5803 1548 5856 ll,
1583 5787 1637 5844 8.
1718 5789 1730 5820 '
1775 5786 1934 5845 Joan.
1971 5804 2036 5859 ν,
2079 5789 2162 5844 l7.
