4092 6274
1159 303 1188 312 ρ·-

334 341 398 398 8i
1391 330 1459 386 ΙΝ
1500 326 1788 386 ιοΑδΝιε
1821 325 1914 382 EV.

2011 325 2269 383 GELIUM
2301 325 2428 381 LIB.
2470 323 2520 379 L
3522 322 3594 384 αἱ

337 463 522 534 εργεῐν
557 478 606 515 τι
631 459 760 533 περὶ
786 459 854 514 τά
893 459 1021 512 ὄντα
1059 457 1150 511 τὸν
1176 456 1309 510 θεὸν
1367 455 1463 509 καὶ
1497 453 1714 524 Πατέρα
1747 449 1912 522 φησὶν

2012 447 2123 520 ω
2153 445 2347 513 Filius,
2381 457 2437 502 et
2462 447 2707 516 seipsmu
2737 443 3228 515 vicissim'operari
3259 446 3380 502 sine
3402 447 3588 514 Patre.

337 555 371 606 ὁ
410 551 560 616 Υἱὸς,
606 551 793 605 ἑαυτὸν
839 548 896 602 δὲ
942 548 1104 602 πάλιν
1147 547 1348 618 ὁμοίως
1391 538 1717 618 ἐργάζεσθαι
1760 542 1912 609 λέγει

338 642 463 713 δίχα
493 641 587 696 τοῦ
619 639 851 712 Πατρός,
895 640 988 692 καὶ
1021 637 1369 710 ἀτρεμούσης
1407 635 1605 707 τρόπον
1647 633 1768 688 τινὰ
1812 632 1914 702 τῆς

339 735 436 801 ἀφ’
548 736 692 786 ἔστιν
712 731 899 794 οὐσίας
917 745 935 762 ο
970 726 1078 784 εἶεν
1101 729 1210 799 γὰρ
1238 729 1302 781 ἂν
1321 727 1464 781 οὕτω
1481 727 1573 780 δύο
1591 725 1655 796 δὴ
1673 724 1912 789 πάντως,

306 820 316 825 ”
341 824 436 877 καὶ
463 823 560 892 οὐχ
588 815 666 885 εἷς
694 823 723 875 ό
751 819 1100 892 δημιουργὸς,
1123 819 1281 889 εἰπερ
1327 817 1431 871 sva
1466 816 1628 887 μέρος
1660 814 1916 884 ἑκάτερος

341 915 437 969 καὶ
498 911 919 984 κεχωρισμένως
971 909 1300 981 ἐργάζεται,
1368 905 1672 970 ἐπιδέξεται
1722 902 1778 956 δὶ
1822 901 1916 955 καὶ

339 1007 542 1079 ἑτέρως
567 1006 630 1059 τδ
653 1001 910 1058 δύνασθαι
943 1001 1019 1073 μὴ
1043 1000 1188 1071 ἔχειν
1210 997 1382 1053 εἰσαεὶ
1403 996 1494 1050 τὸν
1518 997 1651 1049 Υίὺν
1669 996 1698 1048 ό
1726 993 1917 1064 Πατὴρ

338 1099 398 1152 ὲν
432 1095 630 1166 ἑαυτῷ,
665 1095 761 1150 καὶ
801 1095 830 1147 ὁ
876 1091 1008 1156 Υἱὸς
1049 1089 1250 1162 ὁμοίως
1297 1089 1398 1142 οὐκ
1443 1087 1530 1140 ἀεὶ
1578 1085 1667 1139 τὸν
1699 1084 1917 1153 Πατέρα

337 1189 478 1260 ἔχων
503 1189 562 1242 ἐν
589 1185 768 1254 ἑαυτῷ
789 1184 1104 1252 ὀφθήσεται,
1140 1181 1298 1251 είπερ
1329 1179 1466 1242 ὅλως
1493 1177 1764 1247 ινδέχεται
1789 1173 1917 1242 περί

339 1293 391 1328 τι
415 1276 525 1330 τῶν
545 1275 716 1330 όντων
743 1275 987 1345 ἐνεργεῖν
1034 1271 1140 1325 ἀνά
1171 1270 1336 1342 μέρος
1375 1269 1468 1323 καὶ
1495 1264 1915 1338 κεχωρισμένως

339 1368 620 1440 ἑκάτερον,
651 1366 901 1435 καθάπερ
927 1365 1029 1435 ἤδη
1061 1363 1416 1433 προείπομεν⁶
1455 1360 1551 1413 καὶ
1590 1359 1654 1413 οὺ
1698 1357 1918 1420 πάντως

339 1457 631 1528 ἀληθεύσει
663 1458 840 1527 λέγων
859 1457 888 1508 ὸ
917 1455 1071 1518 Υἱόςο
1117 1471 1135 1505 ι
1169 1450 1308 1520 Ἐγὼ
1336 1453 1394 1503 εν
1422 1449 1502 1520 τῷ
1534 1448 1728 1520 Πατρὶ,
1762 1446 1859 1500 καὶ
1887 1447 1918 1498 ό

341 1549 532 1620 Πατὴρ
575 1549 635 1602 ιν
684 1547 829 1618 ἐμοί.
866 1564 885 1598 ι
945 1544 1018 1599 Οὐ
1052 1543 1158 1614 γὰρ
1197 1540 1369 1611 δήπου
1418 1538 1561 1594 κατά
1611 1539 1778 1608 μόνην
1816 1535 1920 1606 τὴν

339 1637 640 1706 ὁμοιότητα
691 1636 789 1706 τῆς
831 1634 1050 1698 οὐσίας,
1102 1633 1178 1695 ὡς
1208 1629 1534 1702 χαρακτῆρα
1561 1629 1654 1681 τὸν
1699 1627 1829 1681 Υίδν
1861 1628 1928 1679 ενι

343 1727 519 1796 Πατρ)⁸
563 1727 943 1796 θεωρήσομεν,
985 1722 1019 1793 ἢ
1062 1717 1127 1776 αὖ
1180 1721 1340 1775 πάλιν
1385 1721 1462 1784 ὡς
1513 1719 1818 1789 ἀρχέτυπον
1859 1717 1919 1770 ὲν

343 1791 479 1886 Υἱῷ-
503 1815 596 1870 τὸν
625 1791 865 1884 Πατέρα,
913 1791 1026 1866 an"
1071 1811 1196 1864 Υἱὸν
1230 1810 1330 1882 μὲν
1367 1811 1431 1863 ὲκ
1454 1809 1551 1879 τῆς
1584 1806 1677 1860 τοῦ
1707 1805 1915 1877 [πατρὸς
1945 1791 1992 1849 Β

339 1905 531 1970 οὐσίας
562 1903 838 1975 γεννητῶς
883 1902 1251 1972 ἑκλάμποντα,
1302 1901 1396 1955 καὶ
1436 1902 1492 1953 ὲν
1538 1901 1698 1970 αὐτῇ,
1730 1897 1831 1952 καὶ,
1855 1899 1914 1966 ἐξ

337 1996 513 2065 αὐτῆς
555 1995 934 2058 ίδιοσυστάτως
974 1994 1305 2063 ὑπάρχοντα,
1350 1992 1440 2045 καὶ
1470 1991 1754 2058 ὑφεστῶτα
1781 1989 1912 2044 Θεδν

335 2088 509 2156 Λόγον
537 2085 953 2157 παραδεξόμεθα
977 2099 991 2115 ο
1036 2083 1252 2154 Πατέρα
1277 2079 1334 2134 δὲ
1363 2081 1524 2136 πάλιν
1561 2083 1620 2134 ὲν
1660 2080 1804 2151 Υίῷ,
1835 2079 1912 2145 ὡς

333 2181 394 2232 εν
416 2177 688 2249 ὁμοουσίφ
715 2179 1034 2248 γεννήματι,
1061 2173 1325 2245 συμφυῶς
1353 2172 1469 2242 μὲν,
1494 2171 1633 2226 κατὰ
1659 2172 1716 2225 δὲ
1743 2173 1914 2242 μόνην

333 2269 433 2340 τὴν
475 2269 772 2340 ἑτερότητα
819 2262 979 2331 εἶναι,
1017 2266 1113 2319 καὶ
1155 2263 1393 2318 νοεῖσθαι
1431 2261 1578 2315 τοῦθ’
1619 2265 1756 2334 ὅπερ
1794 2263 1921 2319 ἐστὶ

338 2359 775 2431 μεμερισμένους.
821 2359 988 2413 Μένει
1028 2356 1140 2428 γάρ
1164 2361 1193 2412 ό
1223 2359 1410 2430 Πατὴρ
1435 2353 1589 2410 τοῦθ’
1609 2357 1744 2428 ὅπερ
1771 2356 1910 2422 ἐστὶ,

335 2452 437 2506 κᾶν
468 2451 692 2526 ὑπάρχῃ
730 2453 991 2522 συμφυῶς
1029 2454 1088 2504 ὲν
1120 2451 1252 2521 Υίῷ,
1283 2446 1701 2522 καθάπερηεῖναί
1729 2463 1920 2519 φαμεν

337 2546 395 2596 ὲν
421 2543 501 2614 τῷ
527 2544 920 2614 ἀπαυγάσματι
951 2543 1042 2596 τὸν
1069 2543 1242 2613 ἥλιον.
1275 2543 1381 2595 Καὶ
1412 2542 1573 2595 πάλιν
1602 2543 1630 2594 ὁ
1660 2540 1788 2603 Υίὸς
1813 2539 1911 2610 οὐχ

332 2635 521 2706 ἔτερόν
570 2653 623 2689 τι
672 2635 801 2706 παρ’
836 2636 971 2706 ὅπερ
1009 2635 1127 2687 ἐστὶ
1155 2635 1500 2703 ωηθήσεται,
1547 2631 1652 2686 κᾶν
1687 2630 1924 2706 ὑπάρχῃ

335 2727 602 2798 ωμφυῶς
635 2729 693 2780 ὲν
721 2727 919 2795 Πατρὶ,
950 2725 1200 2794 καθάπερ
1233 2726 1290 2776 ὲν
1319 2723 1459 2793 ἡλίῳ
1480 2723 1542 2775 τὸ
1571 2721 1912 2792 ἀπαύγασμα

333 2816 522 2870 αὑτοῦ.
569 2815 728 2870 Οὕτω
770 2815 900 2887 γὰρ,
935 2816 1145 2887 Πατρδς
1189 2815 1285 2885 μὲν
1329 2816 1448 2868 κατ’
1478 2813 1734 2885 ἀλήθειαν
1761 2829 1912 2867 νοου-

339 2905 524 2974 μένοῦ,
549 2906 642 2960 καὶ
669 2906 820 2970 δντος
837 2906 930 2959 τοῦ
959 2906 1193 2976 Πατρός.
1224 2903 1354 2958 Υίοῦ
1381 2905 1439 2957 δὲ
1469 2905 1638 2958 πάλιν
1653 2904 1806 2968 ὄντος
1827 2921 1891 2957 τε

339 2997 434 3051 καὶ
457 2997 743 3067 νοουμένου
769 2993 864 3051 τοῦ
899 2997 1050 3062 Υίοῦ,
1093 2995 1551 3060 συνεισϐαίνοντος
1581 2995 1784 3067 δηλαδὴ
1815 2995 1910 3050 τοῦ

335 3087 500 3155 ἁγίου
531 3088 862 3158 Πνεύματος,
902 3090 931 3141 ὁ
967 3091 1063 3157 τῆς
1099 3087 1260 3156 ἀγίας
1291 3085 1516 3158 τριάδος
1558 3086 1789 3182 ἀριθμῒξς
1831 3088 1911 3182 εἰς
1938 3123 1980 3182 C

341 3179 476 3249 μίαν
517 3179 609 3232 καὶ
635 3179 736 3246 τὴν
773 3179 940 3249 αὐτὴν
982 3179 1258 3232 ἀναϐαίνει
1325 3178 1576 3248 θεότητα.
1617 3177 1767 3230 Ἐπεὶ
1794 3176 1912 3240 πῶς

333 3273 410 3324 ἂν
434 3270 570 3334 ὅλως
600 3269 691 3322 καὶ
718 3263 799 3332 εἷς
831 3269 1090 3340 ὑπάρχειν
1117 3273 1287 3324 νοοῖτο
1311 3269 1464 3334 Θεὸς,
1487 3271 1650 3338 εῐπερ
1684 3269 1916 3322 ἕκαστον

335 3360 452 3413 τῶν
502 3360 913 3430 σημαινομένων
975 3361 1319 3432 ἀναχωρήσει
1379 3359 1479 3430 μὲν
1538 3359 1618 3422 είς
1673 3358 1912 3429 ἰδιότητα

331 3451 599 3521 παντελῆ,
627 3450 931 3522 ὁλοκλήρως
965 3451 1018 3504 δὲ
1042 3453 1140 3522 τῆς
1170 3451 1306 3522 πρὸς
1341 3451 1402 3503 τὸ
1426 3450 1610 3520 ἕτερον
1635 3450 1910 3520 συμφυΐας

326 3559 390 3595 τε
423 3543 519 3594 καὶ
546 3543 780 3612 σχέσεως
807 3541 1098 3606 οὑσιὼδους
1131 3541 1566 3613 ἀπενηνεγμένον
1594 3540 1910 3611 ὀνομάζοιτο

321 3632 502 3696 θεός;
551 3631 760 3686 Οὐκοῦν
788 3632 931 3685 κατά
963 3631 1062 3701 μὲν
1099 3632 1191 3685 τὸν
1220 3631 1376 3699 λόγον
1409 3631 1504 3685 τοῦ
1533 3629 1672 3686 εἶναι
1714 3631 1909 3684 ίδιοσυ-

320 3724 564 3787 στάτως,
592 3724 685 3777 καὶ
719 3724 808 3776 τὸν
828 3723 1070 3793 Πατέρα,
1095 3725 1186 3777 καὶ
1204 3723 1296 3777 τὸν
1319 3723 1467 3787 Υίὸν,
1493 3723 1666 3776 καὶτὸ
1683 3722 1909 3792 Πνεῦμα

314 3817 650 3887 νοήσαιμεν,
674 3815 775 3868 οὒκ
803 3814 1192 3884 ἀναμίσγοντες
1227 3817 1308 3878 εἰς
1329 3814 1426 3885 τὴν
1447 3817 1581 3886 ὅπερ
1606 3815 1750 3867 ἐστὶν
1773 3814 1904 3867 ἕκα-

311 3921 466 3962 στον
484 3906 658 3971 θέσιν,
688 3906 786 3976 τὴν
816 3907 926 3961 τῶν
968 3907 1304 3978 προσώπων,
1338 3908 1455 3977 ἦτοι
1489 3907 1598 3960 τῶν
1629 3906 1907 3976 ὀνομάτων

307 3999 632 4070 διαφοράνο
672 3998 810 4052 ἀλλά
851 4000 1144 4070 τηροῦντες
1194 4000 1292 4068 μὲν
1338 3998 1646 4062 ἰδιαζόντως
1693 3996 1910 4067 ἑκάστῳ

305 4090 375 4143 τὸ
410 4085 589 4150 εἴναι,
621 4089 716 4140 καὶ
749 4089 999 4155 λέγεσθαι
1019 4089 1164 4142 τοῦθ’
1191 4090 1329 4160 ὅπερ
1354 4087 1491 4150 ἐστὶ,
1532 4089 1624 4140 καὶ
1649 4086 1790 4140 οὕτω
1825 4103 1908 4139 πι-

302 4178 640 4239 στεύοντεςο
679 4179 759 4239 εἱς
799 4178 925 4247 μίαν
960 4179 1006 4231 δ’
1051 4177 1144 4232 οὖν
1192 4181 1337 4250 ὅμως
1386 4179 1616 4248 θεότητα
1664 4179 1909 4248 φυσικῶς

296 4269 700 4340 ἀναφέροντες
750 4270 887 4322 αὐτὰ
911 4312 926 4332 ,
991 4270 1084 4322 καὶ
1131 4271 1192 4324 τὸ
1245 4271 1423 4342 πάντη
1481 4271 1910 4341 διενηνεγμένως

296 4360 484 4426 εἶναι,
523 4361 670 4411 νοεῖν
695 4360 956 4429 παραιτοῦ
967 4378 1133 4430 μενοι,
1155 4362 1243 4416 διὰ
1263 4363 1324 4416 τὸ
1351 4365 1542 4432 Λόγον,
1569 4363 1664 4416 καὶ
1694 4362 1903 4431 σοφίαν.

296 4455 404 4509 καὶ
460 4448 838 4520 ἀπαύγασμα,
885 4452 976 4503 καὶ
1023 4456 1365 4523 χαρακτῆρα,
1418 4454 1510 4506 καὶ
1538 4451 1767 4521 δύναμιν
1805 4451 1900 4505 τοῦ

2011 4446 2209 4514 pientia
2284 4447 2490 4501 dicitur
2521 4487 2537 4512 ,

2012 546 2068 592 et
2093 553 2160 593 ea
2197 536 2610 608 quodammodo
2664 544 2927 593 cessante
2979 537 3295 593 substantia
3359 553 3428 594 ex
3475 556 3588 610 qua

2014 631 2281 702 procedit.
2311 629 2578 686 Sieenim
2619 629 2732 686 duo
2766 638 2951 697 erunt,
2984 643 3094 685 non
3127 644 3274 688 unus
3305 630 3513 701 opifex,
3543 634 3589 686 si

2015 723 2256 779 vicissim
2281 737 2346 777 ac
2374 721 2609 778 seorsim
2644 728 2906 791 operatur
2933 727 3184 792 uterque,
3231 737 3295 777 ac
3325 732 3591 792 praeterea

2016 815 2134 870 ﬁeri
2159 815 2364 886 poterit
2392 823 2451 868 ut
2483 810 2649 868 Pater
2677 811 2873 868 Filium
2915 828 3024 868 non
3065 827 3280 885 semper
3306 814 3506 870 haheat
3533 816 3588 870 in

2015 906 2219 976 seipso.
2257 914 2317 961 et
2350 902 2536 959 Filius.
2574 903 2831 959 similiter
2884 919 2998 960 non
3049 919 3267 975 semper
3308 905 3365 960 in
3407 907 3591 976 seipse

2016 995 2242 1052 Patrem
2291 995 2492 1052 habere
2545 995 2866 1062 videbitur,
2929 995 2978 1051 si
3027 997 3254 1050 omnino
3321 997 3591 1068 contingit

2015 1082 2166 1136 circa
2211 1096 2308 1138 res
2331 1084 2547 1152 operari
2603 1083 2845 1139 vicissim
2894 1098 2959 1139 ac
2990 1083 3226 1140 seorsim
3271 1093 3588 1157 utrumque,

2017 1173 2176 1228 sicui
2232 1172 2346 1243 jam
2410 1183 2580 1229 antea.
2622 1174 2916 1244 diximus;
2965 1175 3370 1248 mentieturque
3414 1176 3590 1234 Filius

2017 1260 2252 1316 dicens:
2291 1261 2459 1331 «Ego
2510 1263 2567 1318 in
2598 1261 2782 1333 Patre,
2814 1271 2870 1320 et
2913 1263 3076 1322 Pater
3125 1265 3194 1322 in
3237 1270 3378 1324 me'.
3409 1287 3442 1322 »ι
3467 1267 3588 1324 Non

2017 1353 2162 1408 enim
2215 1353 2520 1409 secundum
2572 1356 2744 1410 solam
2791 1356 3214 1413 similitudinem
3262 1360 3600 1417 substantiae

2018 1452 2279 1516 tamquam
2316 1446 2691 1503 characterem
2722 1448 2924 1504 Filium
2969 1449 3023 1504 in
3053 1449 3216 1507 Patre
3248 1452 3590 1522 contempla-

2018 1536 2249 1601 bimu'r,
2290 1546 2385 1593 aut
2437 1539 2688 1595 vicissim
2732 1540 2882 1596 velut
2929 1541 3290 1613 archetypum
3341 1543 3398 1598 in
3449 1542 3602 1599 Filio

2017 1627 2231 1686 Patrem
2258 1671 2273 1700 ,
2323 1629 2420 1687 sed
2464 1629 2660 1686 Filium
2706 1633 2924 1702 quidem
2952 1647 3019 1690 ex
3049 1631 3232 1690 Patris
3276 1635 3587 1697 substantia

2020 1733 2122 1791 per
2146 1720 2558 1790 generationem
2588 1722 2971 1794 eii‘ulgentem,
3001 1731 3056 1778 et
3097 1725 3150 1779 in
3179 1726 3295 1794 ipsa
3327 1734 3491 1796 atque
3515 1742 3588 1781 ex

2017 1811 2136 1881 ipsa
2215 1811 2560 1883 hypostatice
2655 1814 3012 1869 exsistentem
3085 1814 3599 1885 subsistentemque

2013 1899 2184 1957 Deum
2223 1902 2911 1971 Verbumconlitebimur;
2957 1902 3172 1959 Patrem
3204 1913 3385 1960 autem
3416 1905 3586 1962 vicis-

2014 1994 2119 2050 sim
2147 1995 2203 2049 in
2224 1992 2384 2062 Filio,
2416 2002 2674 2064 tanquam
2709 1997 2763 2049 in
2794 1995 3255 2051 consubstantiali
3283 1998 3584 2067 genimine,

2012 2086 2448 2142 connaturaliter
2477 2085 2718 2156 quidem,
2761 2085 2856 2140 sed
2887 2088 3004 2143 sola
3043 2089 3255 2144 ratione
3293 2103 3400 2159 qua
3427 2089 3588 2145 Pater

2011 2183 2097 2232 est
2154 2184 2210 2232 et
2241 2177 2583 2248 intelligitur,
2618 2177 2963 2232 distinctum.
3018 2177 3198 2233 Manet
3246 2180 3394 2234 enim
3427 2177 3588 2235 Pater.

2011 2269 2078 2324 id:
2116 2269 2556 2340 quod-est,.licet
2602 2271 3034 2326 connaturaliter
3061 2274 3292 2325 exsistat
3326 2273 3379 2326 in
3427 2271 3592 2340 Filia,

1992 2357 2472 2432 quemadmodum
2504 2374 2628 2415 esse
2672 2360 2910 2415 dicimus
2944 2362 2997 2414 in
3051 2360 3345 2431 splendore
3387 2364 3584 2419 solem.

2011 2449 2226 2507 Rursus
2265 2459 2446 2507 autem
2490 2451 2665 2509 Filius
2721 2468 2831 2509 non
2884 2455 3034 2509 aliud
3083 2456 3354 2526 quiddam
3398 2458 3467 2512 ab
3518 2473 3596 2513 eo

2009 2541 2158 2612 quod
2189 2549 2272 2596 est
2303 2543 2660 2611 censebitur,
2699 2545 2828 2599 licet
2873 2545 3105 2601 exsistat
3155 2548 3482 2604 naturaliter
3528 2549 3586 2604 in

2011 2629 2198 2696 Patre,
2229 2631 2691 2701 quemadmodum
2727 2637 2786 2690 in
2828 2637 2943 2691 sole
2970 2637 3247 2707 splendor.
3281 2637 3396 2695 Hoc
3427 2649 3596 2709 pacto

2010 2722 2158 2775 enim
2197 2735 2326 2776 cum
2361 2719 2522 2778 Pater
2561 2737 2753 2778 revera
2807 2725 3144 2797 intelligatur
3197 2736 3252 2782 ct
3289 2730 3360 2784 sit
3402 2728 3583 2794 Pater.

2010 2806 2295 2880 Filiusque
2343 2812 2589 2868 vicissim
2635 2814 2969 2885 intelligatur
3018 2824 3073 2872 et
3114 2819 3184 2872 sit
3219 2816 3430 2885 Filius,
3477 2837 3584 2875 una

2009 2899 2266 2956 videlicet
2307 2915 2432 2956 cum
2487 2914 2680 2958 sancto
2740 2904 2986 2974 Spiritu,
3043 2917 3247 2963 sanctae
3299 2909 3586 2968 Trinitatis

2011 3003 2275 3048 numerus
2310 2991 2366 3047 in
2411 3007 2578 3048 unam
2612 3002 2667 3049 et
2711 2996 2956 3051 eamdem
3009 2997 3266 3055 deitatem
3300 3003 3580 3060 coalescit.

2010 3081 2145 3137 Nam
2173 3085 2452 3154 quomodo
2481 3100 2623 3142 unus
2652 3101 2871 3158 quoque
2904 3087 3049 3144 Deus
3080 3091 3352 3147 exsistere
3388 3108 3584 3149 cense-

2011 3173 2192 3242 bitur,
2230 3175 2278 3230 si
2326 3191 2668 3246 unaquaeque
2714 3178 3004 3234 Trinitatis
3036 3196 3273 3250 persona
3310 3183 3378 3236 ad
3419 3200 3578 3253 pecu-

2012 3257 2202 3314 liarem
2237 3267 2293 3314 et
2321 3258 2616 3329 perlectam
2649 3263 3039 3331 proprietatem
3087 3279 3148 3319 se
3192 3267 3441 3335 recipiet,
3473 3277 3528 3321 et
3551 3284 3582 3322 a

2011 3353 2250 3408 naturali
2303 3362 2470 3424 atque
2515 3355 2864 3410 substantiali
2911 3357 3302 3426 conjunctione
3331 3370 3583 3430 separata

2011 3441 2157 3500 Deus
2221 3444 2674 3514 nuncupabitur?
2737 3445 2925 3516 Itaque
2997 3448 3142 3517 quod
3197 3449 3263 3503 ad
3315 3452 3582 3506 rationem

2011 3535 2232 3605 proprie
2260 3549 2327 3588 ac
2362 3549 2459 3605 per
2506 3551 2566 3590 se
2599 3535 2934 3592 subsistendi
2971 3539 3200 3606 attinet,
3256 3548 3311 3594 et
3340 3537 3584 3609 Patrem,

2008 3634 2064 3682 et
2099 3626 2298 3681 Filium
2324 3667 2340 3693 ,
2378 3634 2434 3683 et
2462 3625 2725 3697 Spiritum
2766 3629 3171 3700 intelligamus,
3205 3647 3314 3687 non
3347 3635 3587 3689 coniun-

2009 3715 2204 3772 dentes
2232 3732 2358 3772 cum
2380 3724 2577 3771 natura
2607 3717 2873 3789 cujusque
2901 3734 3262 3789 personarum
3285 3733 3380 3778 aut
3405 3724 3584 3778 nomi-

2010 3823 2140 3862 num
2181 3806 2564 3875 differentiam,
2599 3809 2694 3866 sed
2729 3811 3032 3867 tribuentes
3079 3814 3379 3884 unicuique
3415 3831 3582 3880 pecu-

2009 3897 2223 3954 liariter
2252 3898 2306 3953 id
2334 3899 2479 3969 quod
2513 3906 2600 3954 est
2631 3914 2694 3953 ac
2726 3899 2952 3968 dicitur,
2980 3909 3144 3973 atque
3176 3903 3249 3957 ita
3270 3905 3582 3970 credentes,

2009 3996 2390 4043 verumtamen
2459 3990 2512 4043 in
2569 4004 2734 4043 unam
2807 3991 3068 4046 deitatem
3129 3994 3459 4050 naturaliter
3519 4011 3584 4050 ea

2011 4080 2334 4144 referentes,
2367 4095 2465 4136 nec
2492 4081 2546 4136 in
2577 4082 2822 4136 animum
2863 4082 3187 4138 inducentes
3232 4100 3329 4138 eos
3357 4100 3584 4153 prorsus

2010 4168 2155 4224 inter
2221 4186 2284 4226 se
2328 4171 2631 4242 distingui,
2688 4178 2978 4242 propterea
3034 4173 3180 4242 quod
3235 4172 3472 4228 Verbum
3529 4186 3584 4229 et

2010 4263 2278 4332 sapientia
2331 4271 2385 4318 et
2422 4263 2714 4334 splendor,
2775 4275 2830 4319 et
2870 4264 3158 4319 character
3205 4273 3370 4334 atque
3405 4267 3584 4322 virtus

2009 4351 2210 4417 Patris.
2243 4352 2416 4410 Filius
2448 4355 2754 4425 appellatur
2776 4357 2818 4410 ³.
2857 4355 3094 4411 Verbum
3134 4358 3338 4427 quippe
3387 4365 3443 4412 et
3489 4374 3581 4412 sa-

2615 4456 2903 4518 propterca
2975 4450 3121 4520 quod
3221 4466 3288 4505 ex
3372 4461 3588 4514 mente.

295 4544 543 4616 [ἰατρὸς
611 4540 1000 4595 ἀποκαλεῖσθαι
1051 4542 1144 4594 τὸν
1199 4543 1346 4596 Υίόν.
1421 4545 1589 4611 Λόγος
1643 4544 1745 4614 μὲν
1801 4545 1911 4616 γὰρ

2011 4536 2112 4609 47
2155 4546 2209 4594 et
2246 4539 2299 4592 in
2327 4549 2510 4594 mente
2541 4547 2627 4594 est
2650 4541 2894 4610 proxime
2921 4548 2976 4596 et
3016 4541 3288 4597 indivulse
3310 4581 3325 4603 .
3355 4552 3409 4597 et
3439 4559 3570 4612 pro-

294 4639 400 4692 καὶ
464 4632 680 4704 σοφία,
724 4631 812 4684 διὰ
857 4632 918 4684 τὸ
958 4635 1023 4685 ὲκ
1075 4631 1199 4692 νοῦ,
1247 4635 1341 4686 καὶ
1378 4635 1437 4686 ἐν
1477 4635 1554 4703 νῷ
1605 4635 1907 4706 προσεχῶς,

2007 4639 2128 4698 pter
2167 4637 2412 4684 mutuam
2433 4671 2448 4695 ,
2475 4638 2535 4684 ut
2585 4631 2659 4684 ita
2685 4631 2865 4687 dicam
2887 4673 2901 4696 ,
2938 4648 3128 4688 eorum
3163 4635 3587 4692 inunissionem.

2008 4721 2161 4777 Mens
2191 4723 2336 4775 enim
2386 4723 2440 4776 in
2477 4724 2669 4789 verbo,
2716 4733 2770 4779 et
2815 4725 3115 4795 sapientia,
3159 4735 3214 4783 et
3255 4730 3476 4783 vet-hum
3527 4731 3582 4784 in

2009 4819 2194 4866 mente
2229 4813 2474 4867 vicissim
2507 4824 2832 4878 cernuntur,
2868 4815 3120 4886 nihilque
3174 4818 3460 4889 interjacct
3489 4830 3585 4874 aut

2010 4903 2242 4956 alterum
2276 4905 2345 4960 ab
2374 4905 2548 4960 altero
2577 4914 2815 4976 separat.
2847 4905 3034 4963 Virtus
3059 4917 3238 4965 autem
3260 4951 3275 4974 ,
3311 4921 3582 4981 quatenus

2011 4993 2283 5050 indivulse
2330 4996 2471 5052 inest
2519 4999 2584 5052 iis
2635 5015 2755 5069 qua!
2789 5009 2982 5055 natura
3038 5018 3136 5056 sua
3182 5019 3302 5057 eam
3341 5004 3577 5070 habent,

2011 5098 2112 5137 nec
2144 5083 2420 5140 ullatenus
2467 5088 2534 5140 ab
2570 5087 2638 5143 iis
2661 5088 2836 5144 instar
2863 5089 3162 5145 accidentis
3206 5093 3418 5160 absque
3451 5095 3582 5145 sul»-

2007 5174 2137 5244 jecti
2187 5176 2415 5231 interitu
2473 5181 2715 5247 separari
2776 5190 2976 5250 potest.
3033 5182 3333 5238 Character
3394 5199 3578 5251 porro,

2010 5276 2144 5338 puta
2195 5269 2340 5339 quod
2399 5271 2567 5325 simul
2615 5289 2831 5340 semper
2872 5275 3088 5330 exsistit
3115 5286 3342 5339 natura,
3397 5290 3497 5326 nec
3550 5289 3581 5326 a

291 4730 395 4783 καὶ
425 4723 788 4785 ἀδιαστάτως
807 4761 822 4784 ,
854 4725 948 4776 καὶ⁴
975 4723 1074 4794 τὴν
1101 4724 1182 4787 είς
1212 4724 1414 4794 ἄλληλα
1443 4725 1551 4778 τῶν
1577 4729 1911 4799 σημαινομέ-

288 4835 432 4882 νων,
456 4813 544 4878 ὡς
574 4811 646 4866 ἂν
669 4813 813 4865 εἴποι
840 4829 944 4876 τις,
974 4812 1334 4883 ἀντεμϐολήν.
1357 4813 1496 4876 Νοῦς
1519 4814 1624 4884 γάρ
1658 4817 1717 4869 ὲν
1745 4816 1910 4887 λόγῳ,

288 4906 393 4961 καὶ
434 4903 619 4973 σοφία
649 4902 744 4954 καὶ
791 4901 948 4970 λόγος
975 4903 1054 4966 είς
1087 4901 1212 4955 νοῦν
1233 4903 1526 4972 ἀμοιϐαδὸν
1556 4905 1904 4977 όφθήσονται,

287 5000 394 5054 καὶ
431 4997 503 5050 τὸ
543 4991 886 5065 μεσολαϐοῦν
909 4994 1081 5058 οὐδὲν,
1129 4995 1163 5065 ἢ
1192 4995 1426 5065 χωρίζον
1477 4996 1572 5049 τοῦ
1617 4999 1807 5070 ἐτέρου
1845 5000 1910 5053 τὸ

283 5095 522 5161 ἕτερον.
568 5084 814 5154 Δύναμις
847 5087 903 5140 δὲ
929 5087 1112 5151 πάλιν,
1147 5087 1225 5149 ὡς
1265 5088 1600 5153 ἀδιαστάτως
1619 5095 1729 5155 τοῖς
1761 5091 1910 5162 ἔχειν

281 5180 479 5252 αὐτὴν
503 5174 819 5242 πεφυκόσιν
841 5176 1243 5247 ἐνυπάρχουσα.
1273 5179 1368 5231 καὶ
1389 5179 1702 5250 μηδαμόθεν
1725 5181 1909 5236 αὐτῶν

279 5273 361 5337 ὡς
399 5273 466 5325 ἐν
489 5263 664 5329 τάξει
688 5262 1093 5334 συμϐεϐηκότος
1117 5266 1388 5338 δυναμένη
1420 5269 1749 5340 χωρίζεσθαι
1779 5271 1902 5343 δίχα

279 5367 387 5435 τῆς
436 5359 546 5416 τοῦ
601 5355 969 5424 ὑποκειμένου
1016 5356 1257 5428 φθορᾶς⁸
1295 5360 1577 5432 χαρακτὴρ
1615 5361 1672 5414 δὲ
1716 5363 1898 5432 πάλιν,

2011 5361 2326 5417 substantia
2362 5367 2608 5433 separari
2656 5374 2870 5434 potest,
2921 5366 3080 5435 cujus
3132 5377 3216 5421 est
3269 5367 3577 5416 character.

281 5456 361 5520 ὡς
395 5453 492 5530 ἀεὶ
525 5444 921 5520 συμπεφυκὼς
945 5487 959 5507 ,
994 5447 1088 5499 καὶ
1131 5450 1454 5520 χωρίζεσθαι
1501 5453 1575 5523 μὴ
1603 5453 1900 5524 δυνάμενος

283 5549 387 5620 τῆς
420 5543 654 5606 οὐσίας,
697 5532 767 5610 ἧς
815 5539 931 5591 ἐστι
975 5543 1284 5611 χαρακτήρ.
1326 5542 1567 5610 Οὐκοῦν,
1599 5547 1899 5620 ἐπειδήπερ

362 5721 383 5751 ²
422 5731 602 5787 Jaau.
645 5741 718 5790 ι,
753 5723 841 5778 58.
920 5724 939 5754 ³
980 5723 997 5778 l
1033 5722 1157 5778 Cor.
1199 5737 1252 5781 ι.
1290 5723 1692 5798 21,llebr.t,
1728 5730 1782 5784 3.

2007 5453 2178 5524 Igitur
2201 5472 2325 5512 cum
2353 5459 2490 5512 alter
2523 5461 2574 5512 in
2605 5461 2778 5514 altero
2820 5461 3145 5513 naturaliter
3169 5474 3232 5510 ae
3268 5472 3583 5510 necessario

2008 5546 2174 5608 insit.
2228 5550 2420 5620 utique
2479 5550 2642 5606 Patre
2693 5559 2988 5620 operante,
3058 5548 3228 5601 Filius
3299 5555 3578 5614 operatur.
