4092 6274
494 345 583 428 iis
1503 370 1560 427 s.
1603 367 1882 427 manu
1921 369 2058 426 ALE

2163 367 2396 422 NDHINI
2430 367 2764 425 ARCHIEP.
3699 375 3773 432 ει

511 493 771 554 tanquam
795 481 1066 539 naturalis
1090 489 1147 540 et
1169 482 1660 542 consubstantialis
1685 500 1750 542 ac
1771 485 2061 544 subsistens

2186 481 2448 554 ἑκάτερος
2468 485 2526 537 ἐν
2554 483 2802 554 ἐκατέρῳ
2825 483 3068 556 φυσικῶς
3089 483 3148 538 τί
3183 484 3299 539 ἐστι
3321 485 3415 540 καὶ
3437 488 3794 561 ἀναγκαίως,

510 577 687 632 virtus
712 576 864 646 ejus.
897 574 1163 632 Similiter
1191 585 1456 648 operante
1505 576 1666 646 Filio,
1701 577 1866 634 Pater
1911 579 2080 636 etiam

509 678 791 739 operatur,
847 675 908 724 ut
952 667 1236 739 operantis
1271 667 1436 725 Verbi
1469 669 1596 726 fons
1617 711 1632 737 ,
1669 672 1894 742 proprio
1922 672 2080 743 geni-

507 756 642 812 mini
682 756 1010 812 naturaliter
1048 756 1416 822 inexsistens,
1467 758 1632 813 sicuti
1678 775 1900 830 quoque
1937 760 2080 830 ignis

507 848 679 904 calori
727 863 893 920 quem
928 863 995 903 ex
1041 862 1100 903 se
1149 848 1350 904 fundit.
1399 849 1632 906 Constat
1683 851 1850 921 igitur
1881 865 2078 908 vanam

504 955 630 995 esse
687 938 1071 994 haereticorum
1131 939 1396 996 adversus
1453 941 1808 1012 Unigenitum
1866 941 2079 996 calum-

507 1030 655 1085 niam
678 1069 694 1096 ,
725 1030 821 1101 qui
851 1030 1142 1102 disciplina
1182 1032 1400 1102 quidem
1436 1031 1612 1102 ipsum
1645 1033 1928 1103 opiﬁcem,
1967 1033 2078 1085 imo

507 1135 638 1178 vero
667 1123 986 1178 ministrum
1014 1123 1203 1187 aiunt,
1229 1139 1297 1179 ex
1327 1137 1393 1178 eo
1430 1123 1574 1193 quod
1619 1123 1846 1194 scripsit
1879 1124 2077 1179 beatus

501 1215 877 1285 evangelista:
915 1232 934 1267 ι
965 1212 1162 1269 Omnia
1193 1229 1292 1286 per
1321 1215 1501 1284 ipsum
1526 1214 1670 1268 facta
1702 1221 1854 1281 sunt,
1881 1223 1936 1270 et
1957 1214 2076 1270 sine

503 1307 622 1375 ipso
669 1305 873 1360 factum
923 1314 1008 1361 est
1056 1304 1210 1359 nihil.
1253 1302 1406 1375 iEgo
1451 1313 1634 1361 autem
1688 1320 1799 1359 non
1847 1319 2072 1377 possum

500 1395 635 1451 satis
685 1395 902 1452 illorum
949 1393 1350 1465 impudentiam
1382 1394 1666 1449 admirari.
1718 1394 2073 1466 Quaecunque

497 1485 641 1540 enim
675 1485 745 1541 ad
778 1500 935 1541 suam
974 1493 1212 1542 mentem
1268 1485 1450 1540 facere
1487 1485 1766 1552 videntur,
1790 1495 1843 1541 et
1889 1486 2073 1558 digni-

497 1585 662 1632 tatem
696 1575 973 1648 Unigeniti
1007 1577 1396 1646 quoquomodo
1423 1586 1690 1642 evertere,
1722 1577 2072 1648 eumquein-

495 1667 580 1722 ira
610 1666 931 1724 Genitorem
975 1667 1274 1732 collocare,
1310 1682 1374 1721 ea
1421 1666 1712 1722 confestim
1763 1668 2067 1739 arripiunt,

493 1769 548 1814 et
592 1759 838 1830 undique
896 1773 1012 1814 sua:
1063 1757 1439 1828 improbitatis
1488 1773 1698 1814 venena
1759 1759 2065 1831 colligunt:

2189 573 2559 644 ἐργαζομένου
2593 573 2838 646 δηλονότι
2867 567 2962 626 τοῦ
2993 575 3207 646 Πατρὸς
3235 578 3266 632 ό
3291 576 3416 640 Υἱὸς
3452 579 3770 650 ἐργάζεται,

2186 661 2262 726 ὡς
2280 661 2513 734 δύναμις
2540 665 2747 734 φυσική
2775 679 2836 718 τε
2866 663 2959 716 καὶ
2989 663 3251 734 οὒσιώδης
3291 667 3384 719 καὶ
3409 668 3773 735 ἐνυπόστατος

2185 753 2352 806 αὐτοῦ
2387 771 2401 786 ο
2431 754 2798 825 ἐργαζομένου
2825 754 2883 807 δὲ
2919 754 3123 824 ὁμοίως
3153 755 3246 808 τοῦ
3282 756 3445 821 Υίοῦ,
3476 760 3572 814 καὶ
3598 764 3627 814 ό
3657 763 3769 816 Πα-

2182 844 2288 915 τὴρ
2312 845 2641 915 ἐργάζεται,
2666 845 2742 909 ὡς
2780 845 2936 916 πηγὴ
2969 845 3061 898 τοῦ
3088 845 3548 918 δημιουργοῦντος
3567 852 3766 920 Λόγου,

2182 935 2572 1006 ἐνυπάρχουσα¹
2599 937 2842 1005 φυσικῶς
2896 934 2976 1005 τῷ
3021 936 3138 1007 ἰδίῳ
3189 939 3521 1010 γεννήματι,
3548 941 3767 1012 ῶσπερ-

2180 1026 2299 1079 ανεὶ
2335 1026 2431 1078 καὶ⁵
2459 1025 2521 1078 τὸ
2556 1024 2670 1097 πῦρ
2716 1028 2782 1097 τῇ
2821 1025 2881 1090 ἐξ
2928 1025 3093 1079 αὑτοῦ
3139 1027 3402 1100 προῖούσῃ
3447 1029 3761 1101 θερμότητι.

2182 1115 2454 1186 Πρόδηλον
2487 1114 2602 1180 οὖν,
2632 1117 2715 1170 ὅτι
2762 1117 2994 1187 μάταιον
3037 1116 3381 1187 άναπέφαται
3409 1119 3469 1173 τὸ
3502 1121 3646 1176 κατὰ
3665 1123 3761 1177 τοῦ

2181 1207 2517 1276 Μονογενοῦς
2557 1208 2666 1262 τῶν
2695 1208 2762 1261 δι’
2809 1209 3059 1276 ἐναντίας
3087 1210 3471 1282 κατηγόρημα,
3496 1213 3761 1286 δημιουρ-

2179 1297 2275 1367 γδν
2314 1300 2378 1352 ἐκ
2413 1297 2724 1370 μαθήσεως,
2753 1298 2953 1368 μᾶλλον
2981 1299 3038 1354 δὲ
3064 1301 3163 1372 ήδη
3206 1303 3303 1355 καὶ
3342 1303 3615 1375 ὑπουργὸν
3647 1309 3762 1359 εισ-

2178 1387 2454 1460 φερόντων
2510 1389 2646 1458 ἡμῖν
2699 1387 2881 1453 αὐτὸν,
2922 1388 3013 1441 διὰ
3063 1387 3124 1442 τὸ
3166 1389 3330 1458 φάναι
3361 1391 3450 1446 τὸν
3489 1397 3760 1466 μακάριον

2175 1478 2594 1552 εὐαγγελιστήν·
2631 1499 2651 1532 ι
2691 1479 2878 1534 Πάντα
2902 1480 2972 1533 δι’
2992 1480 3156 1534 αὐτοῦ
3202 1482 3438 1552 ἐγένετο,
3465 1485 3556 1538 καὶ
3587 1488 3758 1558 χωρὶς

2175 1572 2340 1627 αὑτοῦ
2373 1571 2591 1640 ἐγένετο
2617 1571 2738 1625 οὐδέ
2766 1571 2846 1627 ἐν.
2895 1589 2916 1622 ι
2949 1570 3260 1642 Θαυμάζειν
3289 1573 3345 1626 δέ
3375 1593 3467 1644 μοι
3496 1577 3593 1630 καὶ
3637 1577 3757 1634 λίαν

2174 1662 2468 1734 ἐπέρχεται
2513 1663 2642 1726 τοὺς
2686 1662 2938 1727 ἀνοσίους
2982 1663 3316 1734 αἱρετικούς.
3348 1666 3430 1720 Τά
3481 1667 3581 1738 μὲν
3620 1671 3752 1742 γάρ,

2173 1754 2274 1807 ὅσα
2324 1753 2625 1825 παραλύειν
2661 1754 2810 1808 δοκεῖ
2837 1768 2954 1816 πως
2981 1753 3164 1818 αὐτοῖς
3198 1754 3294 1808 τοῦ
3323 1755 3664 1824 Μονογενοῦς
3692 1759 3756 1813 τὸ

492 1865 618 1919 qua:
651 1863 781 1906 vero
813 1858 960 1904 recte
986 1855 1043 1902 et
1077 1847 1297 1902 sincere
1340 1847 1548 1917 scripta
1581 1854 1743 1913 sunt,
1783 1855 1839 1902 et
1867 1848 1936 1903 ad
1965 1847 2061 1902 Pa-

2169 1845 2406 1917 ἀξίωμα,
2437 1847 2529 1900 καὶ
2565 1845 2816 1916 δεύτερον
2869 1844 3036 1898 αὑτὸν
3082 1846 3410 1916 ἀποφαίνειν
3439 1849 3532 1901 τοῦ
3563 1853 3754 1922 γεννή-

492 1943 598 2000 tris
628 1941 860 2015 gloriam
891 1938 1094 1995 Filium
1124 1939 1429 2006 deducunt,
1474 1954 1538 1995 ea
1587 1947 1738 1996 certe
1782 1939 1894 1994 alto
1927 1954 2069 2012 quo—

491 2034 618 2090 dam
649 2033 893 2088 obruunt
955 2030 1200 2095 silentio,
1231 2030 1434 2102 quippe
1473 2031 1570 2102 qui
1611 2047 1784 2088 unum
1827 2031 1932 2088 hoc
1959 2032 2066 2088 sibi

491 2122 836 2195 propositum
887 2120 1112 2187 habent,
1162 2120 1214 2176 ei
1262 2120 1584 2189 detrahere,
1645 2136 1809 2192 quem
1873 2137 2067 2179 omnes

487 2214 804 2272 collaudant
832 2221 1120 2270 creaturae.
1148 2213 1452 2270 Audientes
1480 2215 1628 2269 enim
1668 2214 1739 2269 ab
1764 2214 1885 2285 ipso
1918 2213 2064 2269 facta

487 2321 613 2363 esse
641 2306 847 2372 omnia,
880 2305 1312 2361 ministrationis
1336 2321 1535 2361 nomen
1563 2304 1713 2360 illico
1737 2305 2063 2375 subjiciunt,

487 2413 704 2454 servum
729 2413 830 2468 pro
859 2398 1056 2464 libero,
1091 2405 1148 2454 et
1169 2395 1436 2452 famulum
1474 2399 1660 2468 potius
1687 2413 1854 2470 quam
1882 2399 2064 2455 domi-

485 2505 617 2545 num
660 2490 834 2546 illium
883 2491 1246 2546 somniantes.
1272 2489 1487 2545 Rursus
1533 2505 1682 2557 vero,
1739 2505 1866 2546 eum
1913 2491 2064 2547 acci-

483 2582 643 2653 piunt
687 2581 827 2636 nihil
886 2581 1008 2638 sine
1052 2580 1178 2651 ipso
1225 2580 1435 2635 factum
1472 2596 1630 2649 esse,
1688 2596 1800 2638 non
1845 2583 1911 2638 ad
1952 2595 2063 2637 ma-

482 2689 654 2746 gnum
709 2672 972 2744 quiddam
1025 2681 1080 2728 et
1126 2673 1452 2729 admirabile
1505 2674 1575 2729 de
1629 2675 1752 2744 ipso
1811 2676 2061 2746 cogitan-

481 2766 615 2820 dum
665 2765 913 2820 animum
959 2762 1220 2820 evehunt.
1271 2762 1619 2835 Evangelista
1657 2764 1864 2835 quippe
1923 2765 2058 2820 nihil

481 2859 602 2914 sine
631 2858 756 2928 ipso
785 2857 991 2912 factum
1049 2855 1314 2919 esse,ait,
1356 2856 1621 2927 quoniam
1672 2857 1833 2912 aliter
1865 2871 2061 2913 creare

479 2964 592 3005 non
617 2957 802 3020 potest
839 2948 985 3006 Deus
1016 2962 1081 3003 ac
1111 2947 1273 3004 Pater
1311 2963 1478 3018 quam
1510 2962 1610 3018 per
1641 2964 1803 3004 suum
1825 2946 2056 3015 Filium,

478 3041 576 3112 qui
612 3041 884 3110 sapientia
921 3048 978 3096 et
1011 3041 1198 3097 virtus
1223 3051 1310 3097 est
1350 3039 1494 3110 ejus.
1522 3038 1736 3095 Idcirco
1764 3038 1913 3095 enim
1937 3039 2057 3109 glo-

480 3133 565 3189 ria
598 3132 692 3189 Dei
721 3149 786 3189 ac
817 3132 997 3189 Patris
1021 3140 1109 3188 est
1135 3132 1466 3203 Unigenitus
1489 3150 1504 3187 :
1529 3130 1880 3203 gloriﬁcatur
1906 3129 2054 3194 enim

479 3235 540 3282 ut
576 3235 794 3284 creator
815 3224 1002 3290 Pater,
1030 3241 1128 3296 per
1164 3226 1364 3282 Filium
1405 3226 1668 3281 universa
1699 3237 1961 3295 operans,
2001 3232 2056 3279 et

473 3335 540 3374 et
578 3318 751 3374 nihilo
790 3317 858 3373 ad
881 3331 1006 3376 esse
1037 3332 1128 3374 res
1157 3318 1497 3385 producens.
1520 3315 1632 3389 ‘8
1663 3315 1773 3372 Sed
1805 3323 1864 3372 et
1893 3314 2052 3381 illud,

480 3429 501 3464 ι
539 3410 671 3466 Sine
700 3409 826 3482 ipso
867 3409 1074 3465 factum
1107 3417 1195 3466 est
1240 3409 1396 3476 nihil,
1433 3428 1452 3462 ι
1493 3407 1562 3465 de
1595 3408 1837 3464 hominis
1877 3405 2054 3463 fabri-

482 3501 704 3556 catione
741 3509 892 3556 recte
935 3499 1206 3569 accipies,
1241 3499 1384 3570 apud
1416 3507 1470 3554 te
1510 3498 1630 3554 hac
1664 3497 2051 3569 perpendens:

482 3609 502 3642 ε
544 3589 839 3645 Faciamus
881 3588 1161 3643 hominem
1199 3587 1268 3641 ad
1315 3586 1614 3656 imaginem
1666 3595 1949 3648 nostram,
1999 3593 2057 3640 et

477 3680 900 3737 similitudinem
927 3679 1004 3734 ⁸.»
1033 3677 1133 3732 Hic
1153 3677 1301 3733 enim
1329 3677 1485 3732 clare
1503 3677 1871 3747 contemplari
1903 3676 2053 3741 licet,

475 3772 616 3827 nihil
655 3785 781 3828 esse
835 3770 890 3824 in
922 3767 1062 3824 Filio
1109 3767 1318 3823 humile
1347 3774 1614 3838 tanquam
1663 3767 1718 3821 in
1761 3766 2054 3830 ministro,

474 3873 538 3918 ut
614 3861 694 3918 illi
752 3861 946 3916 volunt
1001 3857 1164 3914 :Non
1222 3859 1371 3914 enim
1429 3858 1751 3928 imperando
1813 3859 2056 3929 loquitur

475 3953 663 4010 Verbo
739 3951 886 4008 Deus
963 3966 1030 4006 ac
1097 3950 1260 4005 Pater
1328 3969 1342 4005 :
1407 3948 1516 4004 Fac
1569 3949 1888 4016 hominem,
1957 3948 2054 4006 sed

477 4057 744 4119 tanquam
801 4045 894 4116 qui
941 4043 1247 4100 coexsistat
1300 4043 1603 4100 secundum
1658 4051 1956 4109 naturam,
1997 4050 2055 4097 et

473 4139 756 4197 indivulse
803 4138 936 4194 insit
982 4146 1337 4210 cooperator,
1378 4144 1438 4192 ut
1482 4136 1822 4207 operationis
1862 4135 1944 4190 sic
1999 4141 2054 4190 et

473 4229 890 4288 deliberationis
935 4229 1060 4285 vult
1134 4244 1261 4285 esse
1311 4227 1664 4300 participem,
1719 4226 2054 4298 cogitatione

471 4318 695 4390 quidem
753 4317 882 4374 Filii
936 4319 1306 4391 cognitionem
1369 4333 1480 4374 non
1532 4317 1909 4389 praeveniens,
1953 4318 2050 4374 sed

473 4423 734 4482 tanquam
762 4426 917 4467 mens
959 4411 1234 4466 indivulse
1265 4417 1323 4466 et
1345 4411 1414 4465 ab
1447 4417 1654 4465 aeterno
1689 4409 1960 4479 impressu
1994 4417 2050 4463 et

2167 1958 2348 2015 τορος,
2372 1943 2515 1998 κατά
2545 1958 2607 2012 γε
2627 1943 2720 1996 τὸν
2741 1940 2967 1996 ἐκείνων
2993 1939 3123 1994 ὄντα
3157 1943 3382 2008 σκοπὸν,
3409 1944 3584 1998 ταῦτα
3614 1946 3751 2016 μετὰ

2167 2033 2368 2104 πολλῆς
2404 2051 2550 2098 τινος
2596 2033 2869 2106 θηρῶνται
2898 2037 3155 2106 σπουδῆς,
3194 2035 3289 2088 καὶ
3323 2036 3656 2106 πανταχόθεν
3681 2038 3751 2092 τὰ

2164 2123 2265 2194 τῆς
2311 2123 2520 2179 ἑαυτῶν
2561 2124 2889 2196 δυστροπίας
2945 2125 3277 2199 ἐρανίξονται
3330 2127 3596 2197 φάρμακα
3637 2143 3651 2158 ·
3681 2129 3750 2182 τὰ

2164 2214 2222 2269 δὲ
2264 2216 2364 2270 ὅσα
2400 2216 2561 2270 πάλιν
2614 2217 2762 2271 ἐστὶν
2795 2218 2963 2287 ὑγιῶς
3017 2235 3076 2273 τε
3110 2219 3204 2271 καὶ
3233 2217 3410 2288 ὀρθῶς
3459 2219 3746 2289 είρημένα,

2164 2307 2258 2360 καὶ⁸
2288 2309 2369 2370 είς
2403 2307 2501 2378 τὴν
2533 2307 2627 2361 τοῦ
2673 2308 2886 2380 Πατρὸς
2908 2310 3258 2382 ἀναφέροντα
3284 2308 3465 2376 δόξαν,
3499 2311 3561 2363 τὸ
3596 2310 3745 2376 Υίδν,

2164 2397 2338 2450 ταῦτα
2366 2397 2432 2470 δὴ
2456 2398 2550 2451 καὶ
2580 2398 2729 2468 μάλα
2752 2399 2997 2468 βαθείαις
3025 2400 3462 2471 καταχωννύουσι
3490 2403 3743 2467 σιωπαῑς,

2162 2485 2350 2559 ὥσπερ
2399 2488 2496 2544 ’ἐνα
2550 2490 2644 2542 καὶ
2721 2491 2880 2560 μόνον
2928 2491 3142 2562 ἔχοντες
3188 2491 3388 2546 σκοπὸν
3436 2490 3499 2544 τὸ
3549 2491 3745 2544 διαλοι-

2160 2578 2436 2651 δορεῖσθαι
2474 2581 2651 2652 μάτην
2686 2580 2764 2651 τῷ
2797 2582 2946 2653 παρὰ
2977 2581 3156 2654 πάσης
3183 2581 3619 2652 δοξηλογουμένῳ
3645 2581 3746 2652 τῆς

2161 2671 2412 2736 κτίσεως.
2460 2671 2772 2737 Ἀκούοντες
2806 2673 2905 2744 μὲν
2946 2673 3074 2744 γὰρ,
3121 2675 3205 2728 δτι
3254 2674 3434 2728 πάντα
3483 2674 3549 2726 δι’
3576 2673 3744 2728 αὑτοῦ
3791 2704 3797 2709 -

2159 2761 2397 2831 ἐγένετο,
2415 2761 2475 2816 τὸ
2495 2763 2594 2834 τῆς
2619 2763 2924 2834 ὑπουργίας
2952 2764 3124 2835 ὄνομα
3153 2764 3375 2837 θερμῶς
3400 2765 3744 2836 ἐπιφέρουσι,

2158 2853 2346 2908 δοῦλον
2389 2856 2504 2910 ἀντ’
2528 2855 2814 2928 ἐλευθέρου
2833 2897 2846 2915 .
2872 2857 2966 2910 καὶ
2999 2857 3362 2930 θεραπευτὴν,
3394 2857 3428 2928 ἢ
3478 2857 3746 2928 δεσπότην

2159 2945 2631 3018 ὀνειροπολοῦντες
2669 2949 2763 3001 τὸν
2810 2949 2957 3002 Υίόν.
3021 2948 3402 3011 Μανθάνοντες
3449 2948 3506 3002 δὲ
3553 2948 3739 3012 πάλιν,

2157 3037 2242 3092 ὅτι
2269 3038 2437 3109 χωρὶς
2469 3038 2633 3092 αὑτοῦ
2668 3039 2886 3108 ἐγένετο
2923 3038 3044 3092 οὐδὲ
3087 3040 3166 3105 ἐν,
3193 3041 3285 3094 ἐπὶ
3326 3039 3385 3093 τὸ
3409 3041 3626 3110 φρονεῖν
3651 3037 3741 3091 ἐπ’

2159 3130 2306 3202 αὐτῷ
2335 3131 2476 3201 μέγα
2522 3148 2575 3185 τι
2611 3131 2707 3185 καὶ
2735 3131 3063 3201 άξιάγαστον
3099 3133 3199 3186 οὐκ
3227 3131 3625 3185 ἀναϐαίνουσιν.
3655 3130 3743 3195 Ὠς

2157 3221 2266 3294 γὰρ
2299 3223 2502 3295 ἑτέρως
2531 3224 2592 3278 οὑ
2626 3223 2938 3294 πεφυκότος
2959 3222 3311 3295 δημιουργεῖν
3343 3223 3436 3276 τοῦ
3465 3222 3600 3276 Θεοῦ
3643 3223 3740 3276 καὶ

2156 3315 2410 3387 Πατρός,
2439 3317 2488 3368 εί
2534 3315 2608 3387 μὴ
2641 3316 2730 3370 διὰ
2767 3315 2860 3370 τοῦ
2905 3314 3038 3373 ίδίου
3085 3317 3423 3386 γεννήματος
3444 3357 3458 3378 ,
3492 3317 3552 3379 ὃς
3595 3317 3742 3370 ἐστιν

2155 3406 2306 3478 αὐτῷ
2357 3406 2518 3477 σοφία
2565 3407 2658 3461 καὶ
2688 3407 2949 3478 δύναμις,
2977 3407 3130 3461 οὐδὲν
3181 3408 3320 3468 ὅλως
3365 3407 3537 3480 χωρὶς
3564 3405 3730 3460 αὑτοῦ

2154 3495 2479 3566 γεγενῆσθαί
2516 3513 2678 3568 φησιν
2704 3498 2732 3550 ό
2760 3497 3174 3567 εὐαγγελιστής·
3197 3496 3286 3550 διὰ
3317 3496 3602 3568 γάρτοῦτο
3632 3496 3727 3550 καὶ

2154 3587 2282 3651 δόξα
2310 3586 2405 3640 τοῦ
2431 3586 2565 3640 Θεοῦ
2608 3589 2701 3640 καὶ
2735 3588 2948 3659 Πατρός
2982 3591 3130 3642 ἐστιν
3159 3591 3187 3642 ό
3216 3589 3556 3658 Μονογενὴς·
3589 3587 3742 3653 δοξά·

2156 3675 2310 3741 ζεται
2337 3676 2446 3749 γὰρ
2469 3676 2923 3752 ὡςιδημιουργδς,
2945 3679 3012 3731 δι’
3035 3672 3096 3732 οὗ
3133 3680 3242 3751 lla.
3270 3677 3424 3752 Υἱοῦ]
3459 3679 3528 3733 τά
3563 3678 3742 3732 πάντα

2156 3768 2415 3839 ἐνεργῶν,
2447 3769 2541 3822 καὶ
2571 3769 2651 3832 είς
2695 3769 2757 3822 τὸ
2789 3763 2932 3822 εἶναι
2977 3769 3047 3822 τὰ
3080 3769 3154 3839 μὴ
3201 3769 3331 3823 ὄντα
3378 3768 3737 3841 παραφέρων.

2155 3858 2364 3930 Νοήσαι
2391 3860 2434 3912 δ’
2450 3860 2516 3914 ἄν
2542 3877 2626 3924 τις
2649 3860 2828 3922 καλῶς
2851 3861 2935 3922 τὸ,
2965 3881 2982 3914 ι
3005 3863 3185 3933 Χωρὶς
3206 3861 3369 3916 αὐτοῦ
3388 3863 3604 3931 ἐγένετο
3619 3863 3742 3916 οὐδὲ

2139 3939 2235 4019 ἓν,
2263 3971 2281 4003 ι
2315 3952 2377 4006 τὸ
2408 3953 2694 4024 εἰρημένον
2723 3953 2815 4006 ἐπὶ
2845 3957 2911 4024 τῇ
2945 3953 3040 4007 τοῦ
3080 3953 3369 4026 ἀνθρώπου
3401 3957 3738 4024 κατασκευῇ,

2155 4043 2276 4098 καθ’
2297 4043 2488 4098 ἑαυτὸν
2508 4043 2908 4114 ἐνθυμούμενος
2927 4062 2940 4076 ο
2979 4065 2998 4097 ιι
3036 4047 3360 4116 Ποιήσωμεν
3390 4045 3698 4116 ἄνθρωπον,
3715 4064 3732 4096 i

2155 4138 2339 4206 φησὶν,
2376 4157 2395 4189 ι
2426 4139 2543 4192 κατ’
2573 4137 2758 4190 είκόνα
2799 4138 3072 4208 ἡμετέραν
3124 4139 3218 4191 καὶ
3250 4139 3372 4190 καθ’
3405 4137 3683 4208 ὁμοίωσιν.
3713 4153 3732 4186 ι

2157 4229 2373 4294 Ἔξεστι
2412 4230 2522 4300 γὰρ
2553 4231 2610 4283 ὲν
2656 4230 2832 4300 τούτῳ
2875 4229 2938 4300 δὴ
2974 4228 3206 4299 μάλιστα
3240 4228 3609 4282 καταθεᾶσθαι
3641 4244 3738 4280 σα·-

2154 4319 2271 4390 φῶς
2324 4320 2476 4373 οὒδὲν
2505 4320 2565 4372 ἐν
2600 4318 2714 4389 Υίῷ
2759 4317 3047 4380 ταπεινὸν,
3081 4317 3159 4379 ὡς
3206 4317 3263 4370 ἐν
3303 4315 3564 4388 ὑπουργῷ
3595 4313 3739 4368 κατὰ

2153 4412 2245 4466 τὸν
2304 4411 2529 4466 ἐκείνων
2597 4410 2787 4478 λόγον⁸
2829 4409 2891 4462 οὐ
2939 4409 3068 4480 γὰρ,
3134 4409 3369 4477 Ποίησον
3422 4407 3735 4477 ἄνθρωπον,

471 4503 642 4556 insito
665 4498 848 4556 Verbo
903 4501 1284 4556 manifestata.
1334 4500 1551 4556 Rursus
1605 4509 1786 4555 autem
1834 4514 1956 4570 quae
1981 4499 2049 4554 de

2163 4504 2430 4557 ἐπιτάττει
2457 4501 2536 4572 τῷ
2568 4501 2725 4571 Λόγῳ
2755 4501 2783 4553 ό
2813 4500 2944 4563 Θεὸς
2993 4501 3088 4554 καὶ
3123 4500 3332 4571 Πατὴρ,
3373 4498 3490 4552 ἀλλ’
3515 4498 3589 4560 ὡς
3611 4515 3737 4550 συν-

475 4586 584 4642 Deo
632 4586 898 4645 dicuntur
951 4587 1112 4659 longe
1158 4603 1325 4657 supra
1378 4588 1628 4658 exempla
1685 4588 1865 4658 posita
1924 4603 2050 4644 esse

2163 4594 2280 4649 ivra
2328 4593 2469 4648 κατὰ
2495 4593 2674 4663 φύσιν,
2711 4593 2806 4646 καὶ
2837 4591 3174 4656 άδιαστάτως
3201 4592 3572 4663 ἐνυπάρχοντα
3607 4606 3736 4641 συν-

471 4677 752 4735 fatendum
790 4689 896 4737 est.
929 4679 1225 4751 Cooperari
1267 4686 1450 4734 tamen
1481 4677 1623 4733 Filio
1658 4677 1878 4734 Patrem
1909 4678 2049 4733 dici-

2163 4687 2406 4758 εργάτην,
2429 4685 2618 4756 ὥσπερ
2640 4687 2898 4748 ἐποιεῖτο,
2939 4685 3031 4738 καὶ
3064 4685 3164 4752 τῆς
3211 4685 3296 4737 ἐπ’
3321 4681 3589 4754 ἀνθρώπῳ
3614 4681 3737 4749 βου-

472 4786 628 4833 mus,
659 4786 771 4826 non
799 4772 1032 4828 seorsim
1064 4771 1205 4828 duos
1241 4771 1638 4842 intelligentes,
1675 4785 1743 4825 ne
1777 4769 1888 4826 duo
1911 4786 2046 4827 cen-

2163 4782 2354 4852 iﬁosw;
2399 4781 2706 4846 κοινωνεῖν,
2739 4780 2803 4833 οὐ
2848 4779 3246 4850 προλαμϐάνων
3283 4777 3380 4847 μὲν
3419 4778 3519 4846 τὴν
3553 4778 3612 4828 ἐν
3657 4775 3738 4844 τῷ

476 4868 704 4916 seanlur
729 4877 854 4918 esse
881 4861 988 4927 Dii,
1023 4878 1124 4919 nec
1153 4879 1323 4918 unum
1343 4872 1642 4934 utrumque
1662 4862 1851 4927 simul,
1885 4880 1954 4920 ne
1987 4864 2042 4919 in

2163 4871 2261 4942 Γίῷ
2293 4871 2495 4934 γνῶσιν
2525 4872 2582 4924 ἐν
2611 4871 2690 4941 τῷ
2729 4889 2788 4925 τι
2835 4875 2998 4934 νοεῖν,
3029 4871 3106 4934 ὡς
3143 4871 3200 4922 δὲ
3231 4868 3354 4931 νοῦς
3397 4866 3735 4929 ἁδιαστάτως

473 4954 694 5007 Patrem
743 4951 948 5020 Filius,
995 4962 1052 5010 et
1088 4954 1252 5010 Pater
1300 4955 1359 5010 in
1405 4954 1604 5010 Filium
1655 4957 2040 5018 contrahatur,

2163 4979 2199 5014 re
2248 4961 2342 5014 καὶ
2374 4960 2617 5029 άχρόνως
2643 4959 2721 5031 τῷ
2749 4960 3214 5031 ὲγκεχαραγμένῳ
3257 4959 3348 5010 καὶ
3376 4957 3737 5026 ἐνυπάρχ>ντι

480 5044 574 5100 sed
627 5043 722 5098 illo
760 5043 947 5114 potius
995 5045 1157 5100 modo
1195 5061 1307 5116 quo
1357 5045 1634 5116 splendori
1687 5047 1914 5102 luminis
1957 5048 2044 5100 lu-

2163 5049 2309 5118 lide
2355 5048 2777 5120 φανερούμενος.
2814 5051 2996 5104 Ἔστω
3039 5050 3097 5103 δὲ
3150 5050 3310 5102 πάλιν
3341 5049 3482 5120 ὑπὲρ
3512 5048 3612 5120 τὴν
3639 5046 3734 5100 τοῦ

459 5152 595 5191 Διηεξιι
638 5134 824 5192 inesse
861 5136 1113 5192 creditur
1158 5153 1224 5192 ex
1265 5152 1375 5208 quo
1413 5137 1677 5208 splendor
1722 5136 1950 5192 eﬂ'ulsit.
1989 5137 2043 5191 In

2163 5139 2592 5211 παραδείγματος
2626 5140 2856 5212 δύναμιν
2905 5140 2974 5194 τὰ
3023 5141 3297 5213 θεοπρεπῆ
3352 5141 3688 5213 θεωρήματα
3714 5155 3728 5168 ·

469 5231 559 5286 his
583 5228 732 5286 enim
757 5228 1089 5298 cogitatione
1113 5229 1337 5298 quidem
1369 5229 1614 5299 separari
1638 5228 2046 5298 quodammodo

469 5320 694 5376 videtur
728 5319 782 5375 id
812 5319 957 5389 quod
995 5319 1168 5390 gignit
1200 5319 1271 5375 ab
1300 5333 1368 5375 eo
1389 5319 1538 5390 quod
1565 5320 1832 5392 gignitur,
1869 5329 1923 5376 et
1955 5320 2039 5377 in-

467 5411 825 5468 clivisibiliter
864 5409 1090 5482 prodit:
1123 5409 1217 5467 sed
1245 5425 1413 5466 unum
1435 5419 1520 5466 est
1548 5425 1614 5465 ac
1654 5409 1795 5466 idem
1829 5419 2044 5466 utrum-

469 5518 578 5570 que
607 5503 772 5560 simul
802 5514 1022 5566 natura,
1058 5519 1160 5561 nec
1183 5503 1416 5559 alterum
1453 5502 1574 5560 sine
1603 5503 1777 5560 altero
1810 5519 2045 5575 usquam

471 5601 576 5648 est.
610 5593 718 5652 Sed
751 5597 866 5652 haec
891 5613 1086 5655 rursus
1106 5595 1252 5656 Deus
1276 5603 1502 5668 supcrat
1523 5637 1536 5664 ,
1573 5596 1879 5668 presertim
1915 5611 2043 5652 cum

545 5774 569 5808 δ
605 5772 740 5828 Gen.
779 5790 828 5842 l,
862 5774 948 5828 "26.

2151 5231 2576 5304 συνεργάζεσθαι
2612 5231 2672 5286 δέ
2717 5249 2899 5302 φαμεν
2941 5231 3104 5306 αἰετοῦ
3133 5233 3237 5303 lla.
3273 5231 3560 5304 αὐτὸν]τῷ
3596 5232 3731 5301 Υίῷ,

2149 5326 2248 5396 οὐχ
2276 5325 2350 5389 ὼς
2376 5324 2466 5378 δύο
2485 5323 2730 5387 νοοῦντες
2759 5325 3120 5396 διῃρημένως,
3148 5325 3231 5378 ἵνα
3269 5326 3342 5396 μὴ
3373 5324 3466 5378 δύο
3503 5325 3734 5378 νοῶνται

2148 5416 2284 5482 θεοὶ,
2319 5415 2427 5469 οὐδ’
2456 5416 2532 5479 ὡς
2572 5413 2630 5468 ἓν
2671 5414 2732 5467 τὸ
2761 5416 3188 5488 συναμφότερον.
3222 5419 3309 5470 ἵνα
3339 5417 3476 5487 μήτε
3511 5417 3591 5478 εἰς
3620 5416 3732 5468 Πα-

2147 5508 2283 5579 τέρα
2319 5507 2466 5571 Υἱὸς,
2501 5507 2638 5577 μήτε
2664 5505 2771 5577 μὴν
2799 5509 2828 5561 ό
2855 5509 3045 5579 Πατὴρ
3075 5511 3152 5572 είς
3195 5510 3322 5562 Υίὸν
3355 5508 3733 5576 συστέλληται,

2150 5599 2285 5654 ἀλλὰ
2328 5598 2528 5669 μᾶλλον
2566 5597 2810 5665 ἐκείνως,
2855 5599 2930 5664 ὡς
2973 5601 3039 5656 ἄν
3087 5619 3168 5664 τις
3210 5601 3322 5672 δοίη
3372 5602 3608 5654 συνεῖναι
3653 5597 3731 5670 τῷ
