4092 6274
331 353 404 414 ss
675 313 678 316 ’
1273 312 1288 320 ’
1402 351 1468 408 L-‘l
1499 349 1792 408 JOANNIS
1826 347 2274 406 svsucsuuu
2303 347 2434 406 un.
2471 347 2509 403 ι.
3516 341 3610 410 ‘95

328 479 394 529 ἐκ
419 473 600 546 φωτὸς
617 471 1037 543 ἁπαυγάσματι,
1056 472 1114 526 τὸ
1137 471 1197 538 ἐξ
1211 465 1382 544 οὗπερ
1407 470 1758 545 ἑξηστράφθη
1780 470 1922 539 φῶς.

2032 469 2103 526 sit
2147 485 2320 540 supra
2367 468 2781 536 substantiam,
2833 485 2940 526 nec
2972 476 3229 522 accurata
3268 469 3377 523 ulla
3420 470 3494 526 sit
3546 488 3611 527 ac

342 564 436 620 Ἑν
465 564 580 635 γὰρ
605 568 721 630 τοῖς
751 562 1014 630 τοιούτοις
1043 561 1375 635 χωρίζεσθαι
1410 563 1511 635 μέν
1543 579 1660 627 πως
1707 561 1924 633 ἐπινοίᾳ

325 654 478 708 δοκεῖ
503 654 562 708 τὺ
589 654 792 723 γεννῶν
824 654 919 708 τοῦ
950 654 1316 725 γεννωμένου,
1331 656 1426 708 καὶ
1450 652 1924 724 προεκκύπτοντος

325 743 640 817 ἀμερίστως
666 763 680 778 ·
706 745 765 801 ιν
792 746 850 800 δέ
883 749 1034 802 ἔστιν
1067 747 1163 802 καὶ
1193 747 1390 801 ταυτὸν
1426 749 1492 818 τῇ
1523 745 1682 816 φύσει
1705 743 1766 798 τὸ
1795 762 1922 798 συν-

283 891 286 894 ,
327 836 660 909 αμφότερον,
692 838 788 892 καὶ
813 838 936 910 δίχα
971 837 1068 892 τοῦ
1110 840 1300 911 ἑτέρου
1329 839 1391 892 τὸ
1417 838 1606 910 ἕτερον
1635 835 1886 907 οὐδαμῶς
1905 850 1920 866 ⁸

328 923 481 978 ἔσται
499 925 555 979 δὲ
587 924 751 980 πάλιν
771 927 867 980 καὶ⁵
894 927 1035 1000 ὑπὲρ
1058 927 1218 981 τοῦτο
1238 926 1392 992 Θεὸς,
1415 927 1512 983 ἀτε
1543 927 1609 999 δὴ
1632 927 1727 980 καὶ
1755 927 1924 997 ὑπερ-

326 1015 513 1080 ούσιος
549 1015 648 1084 ὢν,
671 1018 767 1071 καὶ
803 1019 866 1073 τὺ
895 1019 1080 1092 ἄκρως
1106 1019 1428 1093 προσεοικὸς
1459 1021 1562 1074 οὐκ
1589 1019 1729 1089 ἔχων
1749 1020 1809 1072 ὲν
1833 1035 1926 1086 γε·

325 1113 527 1179 νητοῖς,
552 1110 640 1164 ἴνα
660 1110 724 1183 δὴ
751 1113 946 1180 καὶ-είς
973 1112 1159 1167 εἰκόνα
1184 1112 1539 1185 λαμϐάνηται
1567 1129 1622 1166 τι
1642 1112 1741 1182 τῆς
1757 1110 1923 1180 ἁγίας

326 1202 575 1272 Τριάδος,
605 1204 760 1258 οὐδὲν
783 1203 1015 1276 ἔχουσαν
1043 1205 1105 1259 τὺ
1133 1205 1470 1272 διαλλάττον,
1495 1204 1571 1268 ὡς
1600 1205 1682 1269 εἰς
1713 1200 1924 1274 δογμὰ-

325 1309 434 1346 των
453 1294 759 1365 ἀκρίϐειαν.
789 1298 851 1350 Ei
878 1297 936 1350 δὲ
957 1296 1236 1368 νομίζουσι
1265 1296 1527 1352 δύνασθαι
1574 1284 1657 1361 τὸ,
1704 1295 1780 1350 δι’
1824 1289 1923 1360 οὗ,

325 1384 622 1456 λεγόμενον
654 1387 739 1458 ἐφ’
780 1387 946 1451 Υἱοῦ,
982 1388 1313 1461 καταφέρειν
1363 1387 1530 1443 αὐτοῦ
1585 1387 1686 1458 τὴν
1731 1387 1923 1441 οὐσίαν

325 1473 426 1544 τῆς
448 1475 586 1547 πρὸς
621 1475 714 1529 τδν
747 1476 964 1548 Πατέρα
990 1475 1232 1547 ἱσότητός
1259 1494 1320 1531 τε
1348 1476 1444 1531 καὶ⁵
1478 1476 1714 1546 φυσικῆς
1738 1477 1922 1547 δμοιό-

326 1583 510 1637 τητος,
535 1566 612 1632 ὡς
643 1568 918 1642 ὑπουργὸν
945 1563 1082 1625 εἶναι
1115 1569 1340 1642 μᾶλλον,
1370 1570 1404 1640 ἢ
1433 1566 1788 1641 δημιουργόν,
1808 1568 1924 1622 δια-

331 1659 761 1714 σκεπτέσθωσαν
799 1662 849 1714 οἱ
899 1660 1251 1733 παράφρονες
1274 1700 1292 1726 ,
1339 1661 1436 1714 καὶ
1479 1661 1558 1724 είς
1589 1660 1752 1730 μέσον
1793 1660 1925 1730 ἡμῖν

329 1748 580 1818 ἡκόντων
602 1749 1088 1822 ἀπολογησόμενοι,
1114 1751 1167 1805 τί
1191 1769 1324 1805 ποτε
1356 1752 1462 1823 ἀρα
1489 1753 1582 1806 καὶ
1606 1753 1735 1823 περὶ
1760 1750 1923 1805 αὐτοῦ

2033 560 2277 633 perfecta
2302 561 2359 616 in
2398 561 2565 617 rebus
2599 563 2806 618 creatis
2835 561 3144 617 similitudo
3175 575 3285 632 qua
3312 562 3379 615 ad
3421 565 3610 632 expri-

2031 652 2292 709 mendam
2342 659 2551 708 sanetat
2598 651 2888 710 Trinitatis
2933 654 3228 724 imaginem
3287 654 3370 707 uti
3432 653 3613 724 possis.

2031 759 2178 800 mus.
2215 743 2376 812 Quod
2417 745 2463 801 si
2495 746 2820 802 existiment
2850 747 3008 815 illud,
3037 763 3130 816 per
3152 763 3334 819 quem,
3375 747 3444 803 tle
3471 746 3614 802 Filio

2029 835 2276 901 dictum,
2319 835 2690 893 substantiam
2732 838 2854 908 ejus
2882 838 2951 894 de
2982 839 3296 910 aequalitate
3336 849 3392 894 et
3446 849 3611 894 uatu-

2030 928 2130 981 rali
2184 927 2552 985 similitudine
2595 945 2721 985 cum
2770 927 2936 987 Patre
2981 931 3244 1002 dejicere,
3287 931 3361 986 ita
3403 939 3463 987 ut
3509 933 3614 986 mi-

2029 1024 2214 1074 nister
2255 1018 2328 1074 sit
2369 1019 2556 1090 potius
2597 1035 2765 1091 quam
2797 1030 3036 1088 creator,
3068 1023 3135 1079 ad
3165 1039 3226 1080 se
3261 1023 3489 1080 redeant
3529 1025 3614 1079 in-

2029 1111 2178 1178 sani,
2207 1121 2262 1167 et
2310 1111 2366 1166 in
2423 1112 2664 1168 medium
2714 1113 2982 1184 prodeant
3032 1115 3193 1173 nobis
3245 1119 3610 1188 responsuri.

2028 1201 2296 1273 quidnam
2335 1203 2405 1258 de
2444 1205 2562 1274 ipso
2597 1203 2758 1261 Patre
2807 1207 3028 1262 tandem
3064 1209 3359 1280 cogitaturi
3398 1211 3611 1274 simus,

2029 1301 2085 1348 et
2127 1308 2424 1364 quemnam
2479 1295 2659 1365 ipsum
2693 1312 2816 1352 esse
2847 1301 3191 1369 suspicaturi
3240 1301 3450 1366 simus,
3483 1317 3612 1356 cum

2031 1392 2216 1456 pateat
2247 1385 2416 1441 verba
2448 1386 2564 1452 illa,
2590 1402 2680 1454 per
2714 1404 2903 1457 quem,
2949 1389 3056 1460 ipsi
3093 1391 3260 1447 etiam
3293 1407 3323 1445 α
3357 1389 3612 1463 Scriptu-

2032 1491 2090 1532 ra
2121 1476 2310 1532 divina
2369 1480 2818 1534 accommodari?
2851 1500 2869 1532 ι
2902 1479 3104 1539 Fidelis
3138 1483 3307 1548 enim,
3336 1503 3353 1535 ι
3391 1483 3569 1554 inquit
3595 1524 3608 1548 ,

2037 1585 2055 1620 ι
2094 1566 2278 1633 Deus,
2309 1584 2408 1640 per
2437 1585 2600 1640 quem
2634 1572 2818 1626 vocati
2860 1573 2998 1628 estis
3029 1573 3084 1628 in
3128 1575 3446 1630 societatem
3487 1574 3610 1630 Filii

2029 1663 2154 1733 ejus
2170 1664 2215 1719 '.
2254 1682 2274 1716 ι
2317 1662 2382 1718 Et
2412 1681 2427 1719 :
2473 1682 2495 1716 ι
2525 1662 2732 1720 Paulus
2766 1665 3051 1736 apostolus
3085 1665 3226 1723 Jesu-
3272 1668 3480 1726 Christi
3517 1686 3614 1739 per

2031 1755 2372 1811 voluntatem
2431 1755 2525 1810 Dei
2549 1757 2590 1810 ⁶.
2629 1775 2649 1806 ι
2709 1757 2872 1823 Item,
2918 1755 3128 1814 Paulus
3183 1759 3250 1814 ad
3309 1761 3612 1814 nonnullos

333 1836 430 1892 τοῦ
461 1837 674 1913 Πατρός
699 1841 1062 1910 ὲννοήσομενς
1086 1841 1206 1894 τίνα
1231 1841 1288 1895 δὲ
1320 1837 1460 1896 εἶναι
1484 1843 1576 1896 καὶ
1605 1841 1766 1895 αὐτὸν
1795 1842 1927 1895 ὕπο-

2032 1847 2233 1904 scribit
2266 1862 2280 1899 :
2319 1867 2338 1900 ι
2371 1849 2564 1917 Itaque
2609 1847 2724 1918 jam
2768 1863 2879 1903 non
2909 1865 2970 1906 es
3000 1865 3226 1914 servus,
3269 1850 3364 1906 sed
3410 1851 3557 1906 ﬁlius
3594 1871 3606 1904 :

333 1929 644 2001 ληψόμεθα,
683 1933 812 1988 ὅταν
839 1934 1092 2006 φαίνηται
1127 1932 1416 2004 δεχόμενος
1441 1933 1521 2000 τὸ,
1553 1935 1628 1987 δι’
1651 1928 1746 1997 οὗ,
1775 1932 1932 2003 παρὰ.

330 2028 398 2098 τῇ
429 2026 552 2098 θείᾳ
575 2025 802 2097 Γριφῇ;
838 2042 857 2078 ι
894 2024 1090 2088 Πιστὸς
1140 2026 1270 2096 γὰρ,
1311 2043 1329 2077 ι
1363 2025 1547 2094 φησιν,
1578 2042 1597 2077 ι
1629 2025 1659 2078 ὁ
1689 2024 1927 2088 Θεὸς,δι’

328 2108 393 2167 οὗ
416 2115 677 2186 ἐκλήθητε
693 2117 774 2180 είς
797 2115 1081 2168 κοινωνίαν
1095 2114 1187 2168 τοῦ
1212 2114 1341 2168 Υίοῦ
1363 2114 1547 2169 αὐτοῦ’
1575 2133 1594 2168 ι
1616 2115 1730 2180 καὶ,
1749 2134 1765 2166 ι
1780 2111 1927 2168 Παῦ-

328 2209 421 2273 λος
453 2207 751 2272 ἀπόστολος
785 2205 959 2279 Ἰησοῦ
989 2206 1226 2280 Χριστοῦ
1251 2207 1342 2284 διά
1375 2207 1677 2278 θελήματος
1704 2205 1863 2261 Θεοῦ.
1897 2224 1918 2258 ι

330 2300 440 2353 Καὶ
472 2298 635 2353 πάλιν
674 2297 810 2369 πρός
852 2315 1006 2362 τινας
1030 2299 1059 2351 ό
1099 2296 1310 2362 Παῦλος
1352 2296 1685 2352 ἐπιστέλλει·
1710 2314 1735 2347 ι
1763 2297 1926 2351 ’Ὥστε

326 2389 512 2444 οὐκέτι
547 2381 598 2441 εἴ
633 2387 839 2454 δοῦλος,
879 2387 1023 2442 ἀλλά
1063 2389 1180 2452 υἱός
1203 2403 1218 2418 ⁸
1246 2390 1294 2442 εί
1339 2389 1396 2443 δὲ
1435 2388 1572 2453 υίδς,
1601 2388 1698 2442 καὶ
1730 2388 1929 2460 κληρο-

330 2480 494 2554 νόμος
525 2479 613 2534 διὰ
643 2479 801 2534 Θεοῦ.
851 2479 1040 2534 Ταῦτα
1083 2479 1147 2550 δὴ
1189 2479 1484 2550 σύμπαντα
1511 2479 1612 2549 τὴν
1647 2478 1930 2549 ἀναφορὰν

328 2575 410 2638 εἰς
440 2573 502 2628 τὸ
538 2571 632 2626 τοῦ
668 2571 806 2626 Θεοῦ
837 2571 932 2624 καὶ
966 2572 1180 2644 Πατρδς
1224 2572 1340 2643 ἔχει
1402 2572 1715 2644 πρόσωπον,
1741 2570 1834 2624 καὶ
1866 2571 1929 2624 οὐ

327 2664 504 2735 δήπου
529 2664 667 2736 πρὸς
687 2662 848 2717 τοῦτο
873 2663 1068 2735 μανίας
1092 2662 1305 2718 ἔλάσειέ
1334 2681 1439 2729 τις,
1462 2665 1516 2717 si
1536 2663 1612 2736 μὴ
1639 2663 1792 2735 τύχοι
1815 2665 1931 2728 τοῖς

333 2756 759 2828 προειρημένοις
801 2755 870 2809 τά
901 2756 993 2809 ῐσα
1031 2754 1266 2827 φρονῶν,
1294 2754 1370 2819 ὥς
1392 2754 1452 2810 rb
1488 2755 1587 2825 τῆς
1621 2755 1930 2826 ὑπουργίας

330 2847 501 2918 δνομὰ
527 2863 586 2900 τε
617 2847 716 2900 καὶ
749 2847 1004 2918 πρᾶγμα,
1037 2845 1133 2899 καὶ
1167 2846 1339 2916 αὐτῆς
1370 2843 1795 2916 κατηγορεῖσθαι
1830 2844 1930 2916 τῆς

331 2939 428 2993 τοῦ
466 2939 678 3010 Πατρός
719 2939 878 3012 δόξης
916 2937 1154 3008 εὐλόγως
1207 2939 1416 3003 εἰπεῖν,
1452 2937 1680 3009 ἐπείπερ
1729 2936 1931 3008 ἠνέχθη

335 3031 431 3084 καὶ⁸
475 3029 746 3084 ιπάὒτοῦ
791 3031 872 3093 τὸ,
911 3031 990 3083 δι’
1022 3025 1119 3087 οὗ.
1179 3029 1486 3102 Ἀδιαφορεί
1522 3029 1632 3100 γὰρ
1693 3029 1807 3082 ἔσθ’
1841 3028 1931 3084 ὅτε

332 3120 467 3190 περὶ
510 3119 612 3183 τάς
658 3119 831 3185 λέξεις
859 3123 894 3192 ἡ
922 3120 1042 3176 θεία
1090 3120 1318 3192 Γραφὴ,
1358 3120 1524 3191 μηδὲν
1558 3119 1822 3175 ἀδικοῦσα
1869 3118 1931 3174 τὸ

2029 1937 2175 2009 quod
2197 1939 2245 1995 si
2276 1937 2446 2004 illius,
2471 1947 2527 1996 et
2552 1938 2732 1997 haeres
2764 1956 2860 2012 per
2883 1940 3113 1998 Deum".
3142 1940 3376 1997 t~0muia
3409 1945 3613 2014 quippe

2028 2031 2145 2086 hac
2189 2029 2508 2086 referuntur
2559 2031 2626 2086 ad
2671 2047 2964 2108 personam
3008 2031 3100 2089 Dei
3141 2048 3208 2088 ac
3257 2033 3470 2100 Patris,
3515 2052 3642 2090 nem

2027 2138 2138 2195 que
2185 2137 2322 2179 sane
2376 2138 2448 2179 eo
2503 2123 2794 2182 dementia
2850 2127 3142 2197 quisquam
3199 2127 3452 2190 venerit,
3499 2128 3622 2182 nisi-

2028 2215 2247 2272 nostris
2283 2215 2562 2272 hmreticis
2602 2215 2805 2273 forsan-
2841 2218 3195 2288 astipuletur,
3231 2227 3289 2274 ut
3321 2220 3611 2274 ministra-

2029 2308 2200 2364 tionis
2224 2322 2424 2364 nomen
2460 2316 2517 2364 et
2545 2323 2660 2364 rem
2689 2309 2852 2365 etiam
2881 2309 2950 2365 de
2977 2310 3096 2380 ipsa
3127 2309 3240 2382 59
3278 2310 3370 2368 Dei
3413 2328 3478 2369 ac
3508 2311 3612 2368 Pa-

2029 2401 2134 2458 tris
2169 2401 2466 2470 majestate
2498 2409 2874 2458 couseutanee
2919 2402 3029 2458 dici
3061 2404 3224 2470 velit,
3265 2419 3333 2460 ex
3362 2419 3430 2462 eo
3461 2407 3610 2477 quod

2029 2494 2199 2550 etiam
2247 2493 2382 2548 illud
2404 2532 2420 2558 ,
2453 2509 2548 2563 per
2580 2509 2754 2563 quem,
2793 2493 2864 2549 de
2891 2493 3014 2564 ipso
3051 2493 3258 2550 dictmu
3289 2509 3397 2553 est.
3433 2495 3610 2553 Inter-

1989 2613 1994 2619 -
2029 2586 2160 2644 dum
2189 2587 2341 2643 enim
2393 2584 2873 2658 Scriptura-sacra
2919 2587 3043 2644 sine
3079 2587 3412 2646 discrimine
3445 2607 3620 2647 voces

2030 2687 2300 2750 usurpat,
2353 2694 2535 2751 neque
2587 2687 2771 2735 tamen
2833 2680 2915 2736 rei
2963 2682 3262 2751 proposita:
3310 2683 3610 2754 quidquam

2029 2779 2226 2838 nocet,
2254 2771 2352 2827 sed
2379 2771 2615 2828 abusive
2643 2771 3056 2842 quodammodo
3087 2773 3253 2828 rebus
3291 2775 3612 2845 signiﬁcan-

2031 2865 2119 2920 dis
2151 2877 2320 2919 voces
2363 2864 2787 2929 accommodat,
2815 2869 2872 2918 et
2913 2877 2979 2918 ea
3021 2879 3123 2934 per
3141 2880 3265 2934 quae
3316 2874 3466 2921 recte
3514 2867 3612 2921 dc-

2030 2954 2334 3012 monstrari
2367 2963 2540 3026 putet.
2574 2953 2848 3011 Caeterum
2882 2957 2952 3012 de
2979 2956 3066 3013 bis
3094 2956 3230 3011 illud
3261 2957 3446 3014 dicere
3472 2973 3611 3013 cou-
3640 2995 3644 2998 -

2030 3047 2222 3114 venit,
2247 3047 2513 3104 nimirum
2565 3047 2802 3119 gloriam
2844 3048 3060 3104 Domini
3113 3049 3454 3106 abscondere
3492 3067 3612 3108 ser-

2037 3153 2281 3196 monem.
2317 3137 2488 3194 Valde
2510 3138 2655 3194 enim
2677 3138 2841 3194 exilis
2859 3147 2944 3196 est
2966 3139 3149 3196 omnis
3174 3140 3264 3194 illa
3292 3155 3611 3198 sermonum

340 3204 720 3280 ὑποκείμενον,
748 3210 1224 3282 καταχρηστικὼτε
1235 3191 1326 3283 ρον
1354 3210 1411 3264 δέ
1442 3228 1560 3275 πως
1587 3211 1927 3298 ἐπιφέρουσα

2037 3231 2123 3287 vis
2157 3237 2213 3285 et
2241 3230 2404 3297 ratio,
2435 3228 2505 3284 ad
2541 3229 2924 3298 explicandam
2977 3240 3234 3285 accurate
3277 3229 3610 3285 ineﬂ‘abilem

333 3303 450 3364 τοῖς
485 3301 903 3374 σημαινομένοις
929 3302 998 3357 τά
1036 3319 1095 3356 τε
1129 3304 1376 3374 ῥήματα,
1419 3301 1515 3355 καὶ
1549 3301 1618 3355 τά
1655 3303 1720 3356 δι’
1755 3294 1830 3355 ὧν
1861 3300 1928 3355 ἂν

340 3392 516 3464 οἴηται
551 3392 980 3464 καταδηλοῦσθαι
1013 3394 1212 3458 καλῶς.
1243 3393 1392 3465 Πλὴν
1430 3395 1607 3447 ὲκεῖνο
1654 3391 1929 3463 συμφέρον

344 3484 434 3538 ἐπὶ
479 3483 689 3548 τούτοις
733 3485 925 3550 είπεῐν,
957 3484 1038 3538 ὅτι
1070 3484 1198 3549 δόξα
1223 3483 1431 3555 Κυρίου
1467 3481 1700 3552 κρύπτει
1723 3479 1880 3548 λόγον
1910 3494 1928 3512 ο

333 3573 490 3646 ὀλίγη
533 3575 643 3648 γὰρ
698 3578 848 3631 πᾶσα
895 3576 1070 3646 λόγων
1127 3575 1418 3646 ἱσχῦς,ὼς
1473 3573 1610 3645 πρὸς
1662 3571 1927 3643 ἐξήγησιν

328 3665 534 3738 ἀκριθῆ
566 3667 670 3738 τῆς
706 3669 948 3740 ἀρρήτου
991 3667 1150 3737 δόξης
1191 3667 1286 3721 καὶ
1335 3662 1696 3737 θεοπρεποῦς.
1723 3662 1926 3734 Διόπερ

327 3757 390 3811 ού
423 3758 836 3814 σκανδαλιστέον
855 3761 948 3814 ἐπὶ
980 3762 1048 3831 τῇ
1075 3759 1185 3814 τῶν
1217 3759 1560 3830 λαλουμένων
1597 3770 1932 3828 σμικροπρε·

2035 3335 2100 3376 ac
2129 3320 2372 3375 divinam
2417 3320 2785 3388 majestatem.
2819 3319 3168 3390 Quapmpter
3201 3335 3310 3373 non
3343 3319 3612 3376 debemus

2030 3409 2343 3465 humilitate
2373 3409 2672 3464 verborum
2703 3409 2952 3476 turbari,
2982 3408 3079 3464 sed
3115 3407 3346 3464 credere
3374 3416 3610 3478 oportet,

2031 3497 2328 3553 humanam
2369 3511 2760 3567 quamcunque
2804 3494 3122 3551 facundiam
3151 3502 3210 3551 et
3242 3495 3443 3550 mentis
3479 3510 3612 3548 acu-

2031 3606 2157 3647 men
2187 3589 2374 3645 divina
2398 3598 2455 3645 et
2482 3588 2752 3645 ineffabili
2775 3599 2972 3644 natura
3004 3586 3254 3659 superari
3290 3607 3302 3643 :
3334 3587 3439 3643 hoc
3464 3588 3610 3644 enim

2029 3691 2192 3756 pacto
2221 3698 2333 3738 non
2370 3696 2568 3754 parum
2608 3681 2734 3752 pios
2766 3696 2870 3737 nos
2909 3680 3323 3753 praestabimus.

322 3849 462 3922 πείᾳ
487 3891 502 3916 ,
534 3853 962 3926 παραχωρητέον
1008 3853 1067 3907 δὲ
1121 3853 1322 3924 μᾶλλον
1361 3853 1422 3906 τὸ
1474 3852 1652 3921 νικᾷν,
1690 3849 1784 3904 κα)⁸
1828 3848 1929 3918 τὴν
1967 3845 2026 3898 ὲν
2047 3842 2261 3914 γλώττῃ
2300 3839 2553 3911 δύναμιν,
2591 3839 2686 3893 καὶ
2714 3836 2914 3902 παντὸς
2952 3835 3186 3908 ὀξύτητα
3218 3835 3312 3892 νοῦ
3374 3839 3440 3909 τῇ
3490 3837 3610 3908 θείᾳ

323 3945 424 4000 καὶ
455 3944 721 4018 ἀφράστῳ
768 3946 968 4018 φύσει·
999 3947 1095 4002 καὶ
1140 3946 1283 4002 κατά
1323 3945 1511 4001 τοῦτον
1557 3944 1667 4016 γὰρ
1705 3944 1770 4016 δὴ
1821 3937 2150 4012 τὸν-τρόπον
2181 3936 2241 3990 ού
2277 3933 2489 4009 μικρῶς
2516 3930 2909 4001 εὑσεδήσομεν.

939 4041 1190 4094 unum.
1229 4043 1320 4108 ς’.

330 4127 463 4182 Ὅτι
493 4126 608 4195 ζωὴ
639 4129 788 4182 κατὰ
813 4129 1005 4197 φύσιν
1049 4128 1220 4197 ἐστιν
1245 4132 1277 4182 ὁ
1313 4128 1464 4192 Υἱὸς,
1495 4126 1593 4197 καί
1619 4125 1717 4180 διὰ
1749 4124 1923 4197 τοῦτο

399 4200 476 4251 οὐ
509 4193 761 4265 γενητὸς
787 4193 966 4262 [ἀλλ’
996 4199 1065 4252 ἐκ
1102 4196 1209 4267 τῆς
1247 4199 1461 4264 οὐσίας
1498 4195 1602 4251 τοῦ
1633 4195 1780 4249 Θεοῦ
1824 4193 1922 4248 καὶ

401 4267 661 4335 Πατρός.

406 4358 476 4409 Ὃ
506 4355 774 4426 γέγονεν,
804 4356 874 4410 ἐν
903 4358 1064 4425 αὐτῷ
1097 4357 1206 4427 ζωὴ
1236 4355 1334 4429 ἦν.

409 4446 539 4500 Ἔτι
569 4445 670 4510 τὰς
710 4446 837 4516 περὶ
873 4447 968 4501 τοῦ
999 4448 1132 4501 Θεοῦ
1178 4449 1351 4516 Λόγου
1393 4444 1655 4512 διαλέξεις
1690 4443 1924 4496 ποιεῖται

215 4553 218 4556 ’
321 4540 476 4613 πρὸς
515 4539 665 4610 ἡμᾶς
697 4538 726 4591 ὁ
768 4539 1034 4611 μακάριος
1066 4539 1456 4610 εὐαγγελιστής
1479 4556 1492 4568 ο
1525 4537 1619 4591 καί
1657 4553 1744 4606 μοι
1781 4534 1927 4588 δοκεῖ

2675 4021 2831 4080 CAP.
2872 4019 2963 4080 Vi.

2033 4122 2188 4190 Quod
2217 4122 2325 4176 vita
2353 4117 2642 4190 secundum
2679 4126 2929 4190 naturam
2959 4119 3029 4173 sit
3067 4117 3272 4190 ξυιυς,
3309 4125 3467 4190 atque
3495 4115 3610 4171 ideo

2137 4209 2241 4247 non
2273 4200 2516 4255 creatus,
2545 4187 2636 4243 sed
2661 4202 2726 4241 ex
2751 4189 3054 4244 substantia
3077 4189 3174 4244 Dei
3203 4205 3266 4241 ac
3297 4187 3503 4244 Patris.

2103 4351 2142 4416 I,
2175 4350 2230 4413 3,
2260 4350 2314 4403 4.
2347 4349 2503 4416 Quod
2545 4349 2744 4418 factum
2779 4357 2877 4414 est,
2909 4349 2964 4403 in
2996 4349 3108 4419 ipso
3129 4351 3240 4404 vita
3268 4359 3406 4404 erat.

2104 4440 2294 4494 Adhuc
2323 4440 2391 4496 de
2425 4439 2517 4496 Dei
2551 4437 2734 4495 Verbo
2762 4441 3100 4510 evangelista
3138 4441 3330 4496 beatus
3363 4439 3607 4501 disserit.
3689 4485 3699 4496 .

2036 4533 2278 4604 mihique
2326 4532 2545 4588 videtur
2593 4531 2804 4586 utiliter
2837 4533 3024 4586 omnia
3069 4547 3416 4601 percurrere,
3457 4547 3607 4600 quat:-

323 4631 417 4685 διὰ
454 4628 676 4682 πάντων
716 4626 851 4681 ἱέναι
901 4627 1186 4698 χρησίμως
1229 4626 1336 4680 τῶν
1400 4626 1611 4695 ὅσαπέρ
1646 4627 1761 4677 ὲστι
1787 4622 1927 4676 κατὰ

2032 4643 2253 4700 cunque
2305 4628 2495 4682 insunt
2523 4628 2574 4682 ei
2609 4635 2829 4689 natura,
2863 4633 2920 4680 ut
2945 4633 3000 4679 ct
3029 4624 3414 4679 haereticorum
3454 4622 3606 4677 furo-

325 4721 500 4790 φύσιν
551 4717 725 4790 αὐτῷ,
761 4718 850 4772 ἵνα
896 4719 991 4772 καὶ
1027 4717 1126 4781 τὰς
1154 4717 1262 4770 τῶν
1305 4715 1754 4786 ὲτεροδοξούντων
1802 4713 1929 4767 δυσ-

324 4813 538 4885 ωπήσῃ
554 4811 862 4883 παροινίας,
881 4811 976 4864 καὶ
992 4811 1117 4874 τοὺς
1144 4808 1276 4881 ὀρθῇ
1302 4807 1618 4878 διαπρέπειν
1644 4807 1930 4870 ἐθέλοντας

325 4904 540 4965 πίστει,
569 4905 679 4966 τοῖς
715 4903 796 4966 είς
843 4901 1005 4956 αὐτὸν
1043 4900 1296 4972 ὀχυρὼσῃ
1328 4899 1700 4972 θεωρήμασιν,
1731 4899 1833 4954 οὐκ
1863 4900 1929 4952 ἐκ

328 4997 510 5064 λόγων
560 4995 751 5064 σοφίας
790 4995 1063 5066 κοσμικῆς
1093 4995 1155 5048 τὸ
1186 4995 1449 5049 ἀπίθανον
1487 4993 1928 5065 ὲρανιζομένους,

328 5088 448 5143 ἀλλ’
488 5086 548 5139 ἐν
600 5086 870 5154 ἀποδείξει
909 5086 1227 5159 Πνεύματος
1257 5085 1318 5139 τὸ
1366 5087 1465 5154 τῆς
1504 5084 1763 5155 ἀληθείας
1794 5083 1931 5137 θαυ-

330 5176 616 5252 μάζοντας
662 5178 872 5241 κάλλος.
911 5179 1089 5250 Ὅπερ
1129 5175 1224 5232 οὖν
1274 5176 1522 5249 βούλεται
1554 5176 1641 5229 διὰ
1669 5175 1764 5230 τοῦ
1794 5193 1932 5246 προ-

326 5269 593 5342 κειμένου
618 5269 904 5336 διδάσκειν,
921 5270 1097 5324 ὲκεϊνό
1119 5271 1255 5324 ἐστι·
1282 5267 1518 5340 Ποιητὴν
1551 5268 1684 5340 ἡμῖν
1731 5267 1934 5338 ἀρτίως

327 5364 475 5419 κατά
503 5359 672 5432 φύσιν
709 5360 839 5415 ὅντα
880 5362 977 5416 καὶ
1005 5362 1339 5435 δημιουργὸν
1373 5359 1626 5425 ἀπέδειξε
1659 5359 1751 5413 τὸν
1779 5358 1929 5423 Υἱδν,

329 5457 514 5511 πάντα
545 5453 617 5506 δι’
647 5452 816 5506 αὐτοῦ
847 5453 1178 5524 γεγενῆσθαι
1211 5453 1408 5522 λέγων,
1441 5451 1534 5505 καὶ
1562 5451 1733 5521 χωρὶς
1765 5447 1932 5504 αὐτοῦ

334 5549 470 5620 μηδὲ
499 5545 560 5599 ’ἐν
587 5545 883 5616 κεκλῆσθαι
907 5545 1040 5618 πρὸς
1077 5546 1308 5615 γένεσιν·
1359 5545 1575 5616 Ἐπειδὴ
1603 5543 1657 5597 δὲ
1683 5543 1742 5595 ού
1773 5543 1935 5613 μόνον

330 5644 398 5709 τῇ
459 5638 638 5692 κτίσει
689 5638 751 5690 τὸ
797 5642 933 5710 πρὸς
980 5639 1041 5693 τὸ
1085 5634 1221 5692 εἶναι
1277 5638 1573 5710 κεκλῆσθαι
1629 5638 1931 5708 χαρίζεται,

337 5730 554 5800 συνέχει
586 5729 643 5782 δὲ
667 5730 761 5784 καὶ
788 5730 1163 5801 γεγενημένην
1185 5730 1252 5782 δι’
1285 5729 1498 5794 ἑαυτοῦ,
1525 5731 1634 5792 τοῖς
1665 5729 1724 5782 τὸ
1747 5729 1931 5791 ἁϊδίως

405 5823 425 5855 ⁸
471 5821 651 5876 iGor.
692 5838 742 5890 ι,
782 5824 833 5879 9.
913 5827 931 5857 °
975 5823 1175 5896 Ephcs.
1215 5840 1266 5890 ι,
1308 5825 1351 5878 ι.

2035 4737 2123 4776 res
2146 4719 2463 4784 confundat,
2491 4727 2548 4774 et
2599 4727 2766 4775 recta:
2797 4718 2917 4772 ﬁdei
2941 4719 3180 4771 cultores
3206 4731 3333 4771 vera
3355 4717 3608 4770 doctrinm

2033 4813 2358 4876 conﬁrmet,
2416 4826 2526 4866 non
2601 4827 2665 4866 ex
2733 4809 2983 4865 saeculari
3055 4809 3326 4878 sapientia
3399 4808 3610 4863 fabulas

2035 4912 2334 4971 sectantes,
2386 4907 2481 4961 sed
2533 4905 2588 4958 in
2627 4901 3106 4959 demonstratione
3160 4903 3390 4972 spiritus
3437 4902 3613 4955 admi-

2033 5005 2222 5054 rantes
2246 4996 2712 5068 pulchritudinem
2744 4996 2993 5051 veritatis
3016 4995 3059 5048 ⁸.
3093 4994 3150 5049 Id
3185 5007 3365 5051 autem
3404 4996 3452 5047 ei
3488 5010 3611 5063 pro-

2035 5089 2279 5162 positum
2311 5099 2416 5145 est.
2451 5089 2764 5144 Creatorem
2809 5101 2862 5143 et
2892 5089 3143 5159 opiﬁcem
3179 5096 3375 5142 natura
3411 5084 3610 5139 Filium

2032 5182 2323 5246 exsistere,
2381 5181 2546 5252 paulo
2600 5189 2729 5234 ante
2779 5181 2935 5236 nobis
2988 5180 3256 5245 ostendit,
3282 5179 3467 5234 omnia
3519 5191 3612 5246 per

2030 5275 2211 5343 ipsum
2257 5273 2395 5328 facta
2418 5288 2544 5328 esse
2563 5273 2776 5335 dicens,
2809 5281 2864 5327 et
2886 5273 3005 5329 sine
3037 5273 3157 5344 ipso
3183 5272 3318 5327 nihil
3345 5270 3398 5323 in
3432 5280 3612 5322 ortum

2035 5365 2316 5421 eductum.
2373 5364 2509 5418 Cum
2564 5376 2746 5420 autem
2801 5374 3070 5419 creaturae
3118 5380 3227 5418 non
3279 5360 3457 5415 solum
3491 5372 3612 5411 9850

2039 5455 2328 5526 largiatur,
2357 5458 2450 5511 sed
2483 5474 2602 5512 eam
2635 5473 2853 5530 quoque
2885 5472 2914 5510 a
2943 5472 3003 5512 se
3038 5464 3280 5510 creatam
3309 5451 3613 5511 contineat,

2039 5548 2284 5616 seipsum
2336 5548 2654 5602 itnmiscens
2699 5545 3106 5617 quodammodo
3139 5543 3208 5595 iis
3247 5550 3370 5605 quae
3420 5547 3612 5591 natura

2038 5648 2296 5692 αξιοι-ηοω
2358 5638 2701 5692 duralionem
2757 5651 2864 5688 non
2923 5633 3147 5697 habent,
3183 5636 3239 5684 et
3286 5626 3397 5678 vita
3453 5628 3616 5681 rebus

2040 5728 2346 5788 exsistcus,
2377 5737 2432 5780 ut
2463 5739 2659 5782 creatae
2689 5730 2944 5779 maneant
2989 5737 3052 5774 ac
3089 5724 3380 5775 serventur
3411 5717 3466 5770 in
3505 5729 3622 5770 sum

1437 5825 1453 5855 ⁷
1498 5824 1677 5880 Galat.
1718 5839 1769 5878 IV
1803 5865 1817 5890 ,
1860 5823 1910 5875 7.
1990 5823 2008 5854 ⁸
2051 5825 2066 5876 ι
2103 5823 2230 5878 (lor.
2272 5835 2310 5872 ιι
2338 5859 2350 5882 ,
2389 5822 2440 5871 αἱ.
