4092 6274
472 326 553 394 εἳ
1477 343 1537 400 S.
1584 344 1858 401 CYBILLI
1919 343 2388 405 ALEXANDRINI
2429 352 2751 416 ARCIIIEP.
3673 375 3749 436 88

471 464 684 513 natura:
731 468 968 530 quaeque
1001 460 1240 535 ratione,
1279 462 1490 522 ideirco
1542 467 1772 538 subjicit
1813 485 2036 539 evange

2153 468 2293 528 εἶναι
2326 475 2468 531 κατὰ
2499 477 2662 546 φύσιν
2690 478 2827 534 ίδίαν
2853 482 2954 537 οὑκ
2981 471 3199 554 εχοόσιν
3219 485 3416 544 ἑαυτὸν
3435 489 3602 546 οίονεί
3627 510 3751 562 πως

469 548 598 604 lista
633 565 648 602 :
679 568 698 602 ι
730 549 890 618 Quod
923 552 1128 611 factum
1157 565 1280 623 εει,
1310 558 1364 613 in
1409 558 1533 630 ipso
1561 560 1672 615 vita
1704 569 1846 618 erat.
1887 583 1906 616 ι
1935 560 2054 624 Non

467 641 650 696 solum
701 643 809 712 ait,
847 664 865 697 ι
898 644 1002 700 Per
1049 648 1228 718 ipsum
1265 651 1451 706 omnia
1501 651 1646 708 facta
1698 663 1867 721 sunt,
1900 673 1922 710 ι
1957 669 2056 710 ve-

468 747 592 788 rum
627 735 792 790 etiam
830 738 1099 810 quidquid
1155 741 1363 797 factum
1418 753 1538 809 est,
1595 764 1615 798 ι
1655 746 1711 802 in
1767 747 1888 818 ipso
1939 749 2052 804 vita

464 834 622 892 erat,
665 846 686 880 ι
720 828 829 885 hoc
853 839 940 887 est
966 833 1312 903 unigenitum
1346 835 1441 891 Dei
1494 835 1770 906 Verbum,
1803 840 2050 896 omnium

465 918 804 992 principiqu
848 939 913 979 ac
949 923 1410 994 fundamentum,
1438 929 1738 985 visibilium
1773 937 1828 986 et
1847 930 2052 988 invisi-

462 1010 692 1077 bilium,
737 1015 1091 1084 caelestium,
1157 1021 1506 1076 terrestrium
1567 1036 1633 1076 ac
1679 1021 2048 1078 infernarum.

459 1099 586 1173 ipse
621 1105 770 1160 enim
801 1107 913 1163 vita
942 1125 1071 1164 cum
1099 1112 1173 1164 sit
1193 1112 1499 1167 secundum
1532 1123 1814 1179 naturam,
1835 1122 2046 1180 ortum,

460 1193 572 1266 50
653 1198 824 1257 vitam
899 1209 954 1257 et
1017 1211 1230 1259 motum
1302 1203 1671 1260 diversimode
1721 1207 1888 1262 rebus
1935 1207 2046 1262 lar-
2110 1229 2112 1231 ‘

457 1287 630 1357 gitur,
655 1305 764 1344 non
799 1303 896 1360 per
921 1290 1249 1350 divisionem
1273 1301 1368 1348 aut
1389 1295 1835 1351 immutationem
1858 1311 2047 1367 quam-

455 1378 584 1432 dam
637 1381 886 1452 singulas
936 1392 1133 1438 natura
1162 1383 1496 1443 dissidentes
1547 1387 1908 1457 permeando,
1945 1388 2043 1445 sed

455 1479 709 1524 creatura
740 1471 1008 1528 ineffabili
1040 1475 1312 1546 sapientia
1341 1484 1394 1532 et
1441 1479 1644 1534 virtute
1679 1479 1953 1552 creatoris
1982 1479 2042 1534 in

452 1560 637 1632 seipsa
670 1565 946 1621 variatur.
978 1564 1099 1620 Una
1138 1575 1322 1622 autem
1352 1567 1465 1624 vita
1497 1577 1583 1625 est
1610 1569 1884 1638 omnium,
1917 1571 2040 1627 sin-

452 1653 602 1722 gulis
640 1669 742 1725 pro
771 1655 1048 1728 cujusque
1067 1666 1231 1728 captu
1256 1666 1310 1714 et
1340 1659 1607 1716 facultate
1639 1677 1700 1717 se
1727 1662 2041 1717 communi-

451 1759 607 1801 cans.
645 1744 783 1802 Cum
825 1758 1011 1803 autem
1059 1748 1114 1804 id
1163 1749 1310 1819 quod
1353 1765 1385 1805 e
1432 1751 1608 1806 nihilo
1635 1751 1705 1808 ad
1742 1767 1867 1810 esse
1917 1769 2042 1824 pro-

450 1835 681 1892 ductum
747 1845 835 1892 est
905 1841 1228 1896 necessario
1292 1851 1705 1912 corrumpatur,
1761 1851 1819 1899 et
1887 1844 2035 1914 quod

453 1927 785 1998 principium
809 1929 997 1994 habet,
1025 1931 1091 1987 ad
1118 1931 1282 1988 linem
1312 1934 1500 1988 tendat
1520 1933 1639 2005 (uni
1657 1935 1804 1990 enim
1834 1935 2038 1992 divina

450 2036 517 2075 ac
545 2036 820 2091 supremae
843 2030 1059 2079 natura:
1089 2024 1350 2080 convenit
1387 2025 1549 2099 initio
1569 2034 1628 2082 et
1654 2027 1764 2082 fine
1787 2028 2032 2098 carere),

452 2113 761 2169 infirmitati
801 2123 1184 2172 creaturarum
1217 2119 1490 2185 consulit,
1523 2126 1580 2174 et
1609 2119 2033 2189 perpetuitatem

451 2205 746 2274 quamdam
781 2206 869 2262 eis
896 2207 1199 2264 artificiose
1257 2210 1504 2264 molitur.
1533 2209 1741 2266 Rerum
1771 2211 1920 2266 enim
1954 2210 2035 2267 si-

450 2299 664 2354 milium
689 2338 704 2363 ,
736 2315 970 2372 qumque
1000 2302 1228 2372 generis
1256 2312 1390 2358 sunt
1435 2302 1688 2372 ejusdem
1726 2317 1792 2357 ac
1830 2302 2034 2372 speciei

450 2390 840 2448 successiones
873 2402 929 2447 et
961 2393 1246 2449 naturales
1278 2392 1732 2459 vicissitudines,
1781 2392 2032 2448 eumdem

448 2497 665 2554 semper
686 2490 740 2540 et
769 2484 1096 2539 continuum
1134 2500 1361 2540 cursum
1393 2492 1754 2552 tenentes,.ut
1777 2493 2032 2539 creatura

451 2582 711 2644 perpetua
758 2574 1012 2632 videatur
1038 2575 1319 2643 efﬁciunt,
1350 2591 1587 2646 eamque
1629 2576 1875 2632 creatori
1922 2575 2034 2630 Deo
2099 2607 2103 2612 -

449 2666 703 2721 stabilem
730 2681 796 2722 ac
829 2675 1152 2738 perpetuam
1180 2677 1538 2725 conservant.
1564 2670 1746 2739 Atque
1781 2667 1918 2727 illud
1945 2678 2032 2724 est

447 2757 739 2826 nimirum,
765 2759 916 2829 quod
943 2758 1208 2815 ineffabili
1233 2760 1520 2818 Creatoris
1550 2775 1685 2817 voce
1709 2763 2033 2832 pronuntia-

450 2859 568 2904 tum
611 2859 734 2917 est,
777 2866 1228 2922 unamquamque
1277 2869 1392 2908 rem
1435 2853 1709 2910 seminare
1753 2855 1808 2908 in
1845 2853 2031 2924 seipsa

448 2956 635 2998 semen
656 2942 817 3010 juxta
839 2959 1014 3014 genus
1043 2959 1205 2998 suum
1228 2985 1244 3011 ,
1268 2952 1323 3000 et
1355 2944 1661 3002 secundum
1706 2943 2030 3001 similitudi-

447 3047 596 3086 nem.
635 3031 766 3088 Erat
806 3033 974 3105 igitur
1001 3033 1058 3090 in
1083 3035 1346 3092 omnibus
1377 3035 1513 3102 vita,
1550 3035 1603 3090 id
1634 3035 1780 3090 enim
1813 3035 2033 3104 imprae-

447 3125 750 3180 sentiarum
775 3126 1063 3197 quaeritur.
1089 3124 1218 3193 Sed,
1236 3141 1271 3180 ο
1295 3127 1438 3182 bone
1461 3127 1706 3196 (rursum
1738 3125 1830 3182 hic
1856 3141 2031 3197 oppo-

447 3228 542 3273 net
567 3218 844 3290 quispiam
877 3219 1131 3276 veritatis
1161 3219 1526 3291 uppugnatori
1549 3217 1856 3289 hmrctico),
1892 3218 2026 3289 quid

447 3309 516 3364 ad
549 3313 673 3375 hoc,
709 3325 923 3382 qumso,
955 3311 1346 3382 respondebis,
1371 3326 1497 3367 cum
1521 3311 1769 3366 divinum
1791 3325 2028 3383 evange-

445 3403 627 3458 listam
659 3402 934 3459 dicentem
965 3404 1158 3462 audies
1201 3404 1348 3475 quod
1409 3405 1465 3459 in
1515 3403 1776 3460 omnibus
1829 3402 2030 3458 creatis

446 3495 615 3552 rebus
647 3496 761 3551 vita
811 3506 963 3564 erat,
997 3495 1240 3553 Verbum
1297 3512 1496 3568 nempe
1532 3516 1551 3549 ι
1606 3495 1754 3566 quod
1797 3503 1918 3551 erat
1971 3496 2027 3550 in

444 3588 760 3659 principio?
785 3606 807 3641 ι
839 3589 922 3642 An
958 3589 1192 3644 audebis
1236 3590 1544 3644 etiamnum
1595 3603 1796 3660 negare
1827 3587 2025 3642 Filium

444 3694 512 3734 ex
560 3677 656 3732 llei
705 3676 886 3733 Patris
937 3678 1246 3734 substantia
1299 3680 1589 3745 exsistere,
1619 3686 1678 3733 ut
1717 3687 1939 3734 creatus
1973 3686 2030 3734 et

445 3769 627 3825 factus
656 3769 1040 3840 intelligatur?
1063 3768 1354 3840 Quomodo
1384 3783 1520 3825 vero
1546 3776 1694 3824 tuam
1725 3769 2025 3836 inscitiam,

443 3878 477 3916 ο
505 3861 759 3932 quisquis
782 3851 870 3926 es,
902 3877 1012 3916 non
1036 3862 1164 3931 jure
1210 3861 1408 3916 merito
1446 3860 1868 3918 incusabimus?
1889 3860 2026 3917 Nam

444 3956 494 4011 si
518 3954 758 4010 Verbum
795 3961 855 4008 ut
889 3969 988 4025 per
1022 3961 1302 4020 naturam,
1345 3953 1458 4009 vita
1500 3953 1557 4008 in
1613 3955 1818 4011 creatis
1854 3955 2027 4012 rebus

442 4054 585 4110 erat,
611 4045 747 4117 ipsis
772 4061 868 4117 pcr
894 4045 1372 4118 participationem
1393 4045 1635 4116 seipsum
1663 4046 1978 4104 immiscens
2008 4087 2024 4113 ,

443 4137 593 4193 aliud
645 4146 796 4194 certe
831 4143 919 4193 est
969 4135 1039 4190 ab
1088 4133 1212 4191 aliis
1261 4135 1466 4206 quibus
1524 4135 1710 4192 inesse
1759 4136 2023 4192 creditur.

441 4225 600 4292 Quod
637 4235 822 4283 autem
871 4234 1070 4281 natura
1107 4239 1208 4279 sua
1241 4234 1328 4281 est
1361 4241 1390 4278 a
1425 4233 1680 4281 creatura
1719 4226 2024 4293 diversum,

441 4317 745 4387 quomodo,
783 4332 908 4374 eum
943 4331 1065 4372 eam
1084 4316 1337 4384 excedat,
1373 4331 1480 4380 non
1515 4317 1622 4373 erit
1651 4315 1836 4374 Deus?
1863 4317 2024 4386 Quod

442 4411 490 4464 si
527 4409 878 4481 impudenter
909 4407 1062 4480 loqui
1099 4423 1456 4480 perseveras,
1497 4423 1601 4465 nec
1632 4417 1828 4480 putare
1871 4409 2022 4466 desi-

2155 565 2590 639 ἐγκαταμιγνὺς,
2622 572 2718 626 καὶ
2882 577 2993 639 τοῖς
3013 571 3455 650 οὖσιγινόμενος,
3488 583 3575 638 ἵνα
3607 586 3746 660 μένῃ

2155 660 2416 753 γεγονότα
2434 702 2450 727 ,
2477 664 2574 717 καὶ
2604 663 2845 736 σώζηται
2881 669 3024 724 κατὰ
3055 671 3151 726 τὸν
3171 674 3372 729 οίκείον
3393 676 3623 737 ἕκαστον
3644 683 3743 753 τῆς

2153 751 2371 820 φύσεως
2416 755 2578 826 ὅρον
2615 757 2935 828 ἀναγκαίως
2964 763 3164 834 φησίνο
3205 785 3225 819 ι
3285 769 3352 822 Ὀ
3405 769 3652 840 γέγονεν,
3683 751 3745 830 tv

2151 845 2300 917 αὑτῷ
2329 845 2442 920 ζωὴ
2467 845 2558 922 ἧν.
2589 869 2609 904 ι
2639 851 2714 906 οὑ
2745 854 2908 924 μόνον
2927 856 3084 927 φησι,
3121 877 3138 910 ι
3156 859 3239 912 Δι’
3268 859 3435 916 αὑτοῦ
3464 863 3536 918 τὰ
3563 865 3741 920 πάντα
3759 862 3785 922 ,’

2149 939 2388 1007 ἐγένετο,
2410 960 2431 994 ι
2463 943 2601 999 ἀλλὰ
2639 946 2736 1000 καὶ
2756 949 2810 1002 εί
2831 965 2884 1002 τι
2909 949 3131 1020 γέγονεν
3153 971 3172 1004 ι
3191 949 3258 1026 ἦν
3280 955 3340 1008 tv
3362 956 3510 1028 αὑτῷ
3532 960 3565 1030 ἡ
3601 960 3736 1032 ζωὴ,

2146 1033 2293 1088 τοῦτ’
2319 1033 2467 1089 εστιν
2497 1037 2527 1089 6
2575 1039 2873 1113 μονογενὴς
2913 1041 3007 1096 τοῦ
3050 1042 3186 1099 Θεοῦ
3218 1047 3424 1116 Λόγος,
3452 1050 3487 1121 ἠ
3518 1051 3738 1107 πάντων

2145 1125 2291 1200 ἀρχὴ
2321 1129 2418 1183 καὶ
2448 1128 2708 1197 σύστασις
2752 1134 2962 1205 ὁρατῶν
2993 1153 3053 1191 τε
3083 1136 3179 1192 καὶ
3206 1139 3474 1211 ἀοράτων,
3501 1143 3738 1217 ἐπουρα-

2145 1218 2276 1273 νίων
2303 1259 2320 1284 ,
2350 1220 2446 1275 καὶ
2496 1223 2758 1292 ἐπιγείων
2778 1267 2794 1292 ,
2823 1227 2919 1281 καὶ
2957 1230 3348 1300 καταχθονίων.
3397 1234 3572 1291 Αὐτὸς
3625 1237 3740 1309 γὰρ

2147 1309 2469 1385 ὑπάρχωνή
2503 1317 2646 1371 κατὰ
2694 1317 2858 1386 φύσιν
2903 1319 3038 1392 ζωὴ,
3064 1321 3125 1375 τὸ
3175 1320 3314 1378 εἶναι
3345 1324 3441 1380 καὶ⁸
3494 1326 3594 1398 ζῇν
3643 1331 3736 1383 καὶ

2145 1405 2411 1459 κινεῖσθαι
2458 1407 2815 1482 πολυτρόπως
2844 1413 2957 1475 τοῖς
3009 1407 3127 1468 οὖσι
3161 1414 3476 1486 χαρίζεται,
3499 1418 3561 1472 οὑ
3596 1421 3736 1475 κατὰ

2146 1496 2416 1568 μερισμόν
2463 1516 2586 1554 τινα
2635 1500 2730 1556 καὶ
2779 1501 3067 1558 ἀλλοίωσιν
3120 1505 3203 1569 είς
3252 1506 3461 1562 ἕκαστα
3498 1510 3612 1583 τῶν,
3662 1514 3730 1584 τῇ

2143 1585 2304 1654 φύσει
2356 1587 2717 1663 διεστηκότων
2759 1593 2957 1664 χωρῶν
2980 1612 2996 1626 ·
3026 1595 3141 1649 ἀλλ’
3176 1597 3212 1668 ἡ
3265 1598 3364 1669 μὲν
3406 1600 3584 1665 κτίσις
3608 1642 3623 1666 ,
3655 1602 3733 1664 ὡς

2143 1679 2282 1751 πρὸς
2333 1681 2524 1736 ἑαυτὸν
2566 1681 2678 1756 [γρ.
2736 1686 2957 1759 ἑαυτὴν]
2991 1689 3184 1762 ἀφάτῳ
3233 1694 3396 1763 σοφίᾳ
3431 1696 3526 1750 καὶ
3572 1696 3730 1753 δυνά-

2145 1791 2236 1845 μει
2285 1777 2379 1830 τοῦ
2432 1779 2776 1852 Δημιουργοῦ
2821 1784 3155 1840 ποικίλλεται
3191 1803 3206 1818 ο
3251 1789 3352 1860 μία
3411 1791 3468 1846 δὲ
3510 1793 3546 1865 ὴ
3587 1794 3731 1848 πάν-

2138 1884 2248 1923 των
2294 1869 2408 1943 ζωὴ
2446 1873 2697 1944 χωροῦσα
2727 1875 2862 1948 πρὸς
2907 1877 3167 1948 ἕκαστον,
3193 1882 3270 1945 ὡς
3320 1881 3386 1938 ἂν
3415 1885 3564 1956 αὑτῷ
3599 1888 3728 1959 πρέ·

2135 1978 2251 2034 πῃ,
2304 1964 2398 2019 καὶ
2461 1966 2686 2041 δύνηται
2773 1975 3086 2045 μετασχεῖν.
3157 1976 3372 2050 Ἐπειδὴ
3425 1981 3482 2034 δὲ
3531 1981 3594 2036 τὸ
3661 1983 3729 2037 ἐκ

2134 2054 2228 2146 τοῦ
2274 2056 2348 2128 μὴ
2403 2058 2556 2124 ὄντος
2600 2063 2680 2125 είς
2719 2065 2782 2118 τὸ
2828 2061 2967 2120 εἶναι
3016 2069 3350 2142 παρενεχθὲν
3380 2073 3592 2146 ἀνάγκη
3629 2075 3727 2130 καὶ

2135 2145 2473 2220 φθείρεσθαι,
2506 2156 2600 2210 καὶ
2655 2157 2715 2211 τὸ
2755 2158 2931 2231 ἀρχὴν
2975 2161 3110 2226 ὅλως
3147 2163 3271 2234 ἕχον
3317 2167 3397 2230 είς
3434 2145 3589 2232 τέλος
3627 2169 3725 2222 έπ-

2134 2248 2341 2318 είγεται
2397 2249 2560 2325 (μόνῃ
2609 2251 2718 2323 γὰρ
2761 2256 2826 2325 τῇ
2867 2253 2987 2325 θείᾳ
3047 2256 3188 2310 κατὰ
3239 2259 3417 2313 πάντα
3476 2260 3727 2334 ὑπερκει-

2136 2343 2278 2418 μένῃ
2321 2343 2500 2414 φύσει,
2549 2344 2611 2398 τὸ
2651 2348 2789 2419 μήτε
2821 2348 2928 2402 ἀπὸ
2962 2350 3135 2422 ἀρχῆς
3173 2346 3378 2422 ἦρχθαί
3413 2369 3559 2418 τινος
3583 2394 3598 2418 ,
3628 2354 3727 2409 καὶ

2132 2435 2506 2510 ἀτελευτήτως
2556 2434 2695 2493 εἶναι
2743 2440 3002 2512 πρέπει)·
3041 2443 3320 2514 σοφίζεται
3361 2445 3563 2516 τρόπον
3599 2447 3723 2501 τινὰ

2131 2533 2232 2605 τὴν
2263 2533 2320 2587 tv
2346 2535 2458 2594 τοῖς
2484 2533 2871 2608 πεποιημένοις
2899 2535 3184 2592 ἀσθένειαν
3211 2538 3240 2590 6
3257 2537 3610 2608 δημιουργὸς,
3627 2536 3725 2591 καὶ

2135 2631 2446 2704 μηχανᾶταί
2479 2649 2597 2695 πως
2639 2632 2702 2685 ὲκ
2733 2631 2926 2703 τέχνης
2967 2633 3149 2695 αὑτοῖς
3175 2631 3236 2686 τὸ
3269 2633 3461 2687 ἀΐδιον.
3501 2633 3570 2686 Ai
3612 2630 3724 2702 γὰρ

2132 2727 2214 2790 είς
2260 2723 2492 2778 ἕκαστον
2523 2725 2610 2778 ἀεὶ
2643 2722 2754 2777 τῶν
2795 2723 2992 2794 ὁμοίων
3030 2723 3290 2795 διαδοχαὶ,
3327 2721 3558 2778 καὶτῶν
3587 2726 3721 2794 ὁμοί

2131 2818 2307 2888 γενῶν
2358 2817 2391 2889 ἢ
2423 2818 2684 2888 ὁμοειδῶν
2705 2819 2764 2871 ai
2792 2819 2872 2882 είς
2899 2816 3104 2890 ἄλληλα
3133 2818 3464 2888 μεταϐάσεις
3495 2816 3721 2887 φυσικαὶ

2134 2906 2236 2980 [αἱ.
2266 2906 2453 2981 φύσει]
2485 2907 2625 2979 πρὸς
2665 2908 2756 2962 τὸν
2788 2908 2988 2978 ἐφεξῆς
3030 2908 3119 2962 ἀεὶ
3160 2907 3453 2978 βλέπουσαι
3496 2909 3719 2979 δρόμον,

2133 3001 2370 3071 ἀειφανῆ
2409 3001 2506 3071 μὲν
2532 3001 2632 3072 τὴν
2673 3001 2851 3056 κτίσιν
2883 3000 3239 3071 ἐργάζονται,
3270 3001 3621 3056 ἀεισὺστατον
3660 3001 3719 3054 δὲ
3747 3036 3749 3038 -

2133 3091 2214 3163 τῷ
2255 3090 2579 3164 πεποιηκότι
2621 3091 2850 3162 τηροῦσι
2882 3091 3022 3163 Θεῷ.
3057 3093 3168 3147 Καὶ
3194 3091 3355 3145 τοῦτο
3377 3092 3485 3163 ἄρα
3517 3091 3635 3145 ἐστὶ
3658 3091 3723 3144 τὸ

2061 3169 2104 3229 c
2136 3185 2244 3239 τῶν
2289 3185 2458 3238 ὄντων
2487 3184 2716 3238 ἕκαστον
2755 3184 2814 3238 tv
2842 3183 3016 3255 ἑαυτῴ
3066 3187 3289 3256 σπεῖρον
3331 3183 3551 3256 σπέρμα
3579 3183 3723 3237 κατὰ

2138 3278 2292 3347 γένος
2342 3277 2437 3332 καὶ
2479 3277 2605 3331 καθ’
2641 3276 2901 3346 ὁμοίωσιν
2922 3315 2938 3340 ,
2968 3276 3110 3332 κατὰ
3138 3276 3236 3348 τὴν
3277 3276 3483 3345 ἄφατον
3511 3275 3603 3329 τοῦ
3630 3276 3722 3346 δη-

2139 3370 2522 3443 μιουργοῦντος
2567 3367 2860 3437 ἀπόφασιν.
2894 3363 3004 3422 Ἦν
3061 3364 3154 3421 οὖν
3192 3369 3250 3421 tv
3283 3368 3489 3421 ἅπασιν
3519 3366 3552 3438 ἡ
3585 3365 3716 3438 ζωή·

2134 3465 2295 3519 τοῦτο
2325 3465 2436 3533 γὰρ
2464 3464 2527 3516 τὸ
2577 3462 2956 3534 προκείμενον.
3001 3461 3141 3514 Ἀλλ’
3168 3455 3212 3514 ῶ
3241 3459 3484 3530 βέλτιστε
3537 3459 3723 3527 (πάλιν

2135 3558 2251 3628 ὲρεῖ
2299 3573 2383 3619 τις
2413 3557 2549 3626 πρδς
2579 3555 2668 3608 τὸν
2706 3559 2772 3627 τῇ
2801 3554 3030 3626 ἀληθείᾳ
3061 3553 3371 3624 μαχόμενον
3396 3550 3718 3623 αἱρετικὸν),

2134 3649 2186 3704 τί
2219 3649 2314 3702 καὶ
2343 3648 2477 3720 πρὸς
2507 3647 2664 3702 τοῦτο
2709 3650 2875 3720 ἐρεῖς,
2908 3650 3034 3703 ὅταν
3063 3647 3303 3718 ἀκούσῃς
3344 3646 3438 3700 τοῦ
3470 3657 3720 3716 πνευμα-

2134 3741 2369 3814 τοφόρου
2390 3741 2663 3810 λέγοντος,
2699 3739 2775 3804 ὡς
2811 3743 2870 3794 tv
2913 3742 3050 3794 πᾶσι
3081 3742 3192 3805 τοῖς
3218 3737 3608 3808 γεγενημένοις
3650 3731 3722 3807 ἦν

2134 3836 2169 3907 ὴ
2202 3835 2337 3906 ζωὴ,
2366 3833 2512 3889 τοῦτ’
2541 3832 2708 3896 ἔστιν,
2732 3833 2761 3885 6
2795 3833 2967 3901 Λόγος
3005 3851 3023 3884 ι
3058 3833 3089 3885 6
3112 3829 3186 3884 ὢν
3216 3831 3275 3885 ὲν
3314 3831 3457 3902 ἀρχῇ
3484 3847 3501 3895 ;
3529 3848 3548 3880 ›
3570 3823 3720 3896 *Αρα

2133 3930 2230 3985 καὶ
2265 3929 2360 3985 νῦν
2393 3929 2798 4000 ἀποτολμήσεις
2837 3928 3031 3991 εἰπεῖν,
3055 3923 3130 3988 ὡς
3167 3925 3268 3977 οὑκ
3318 3924 3468 3976 ἐστιν
3505 3923 3572 3975 ἐκ
3617 3919 3720 3989 τῆς

2133 4025 2318 4087 οὐσίας
2348 4023 2444 4078 τοῦ
2477 4021 2613 4076 Θεοῦ
2640 4021 2850 4093 Πατρὺς
2881 4024 2908 4074 6
2938 4020 3086 4084 Υἱὸς,
3133 4019 3218 4072 ἵνα
3252 4015 3478 4087 γενητὸς
3526 4017 3717 4086 νοῆται

2134 4119 2229 4173 καὶ
2267 4117 2669 4189 πεποιημένος;
2699 4115 2810 4168 Καὶ
2841 4113 2958 4177 πῶς
3002 4112 3104 4166 οὑκ
3152 4112 3218 4166 ἄν
3264 4128 3346 4175 τις
3380 4110 3478 4181 τῆς
3510 4109 3638 4179 σῆς,
3670 4099 3717 4160 ὧ

2133 4201 2309 4275 οὗτος,
2353 4209 2597 4276 ἀμαθίας
2647 4205 2964 4277 καταὸοήσῃ
2992 4245 3006 4270 ,
3039 4204 3132 4258 καὶ
3178 4203 3323 4274 μάλα
3367 4198 3714 4265 δικαίωςςΕί

2132 4300 2241 4374 γὰρ
2268 4303 2326 4355 tv
2345 4303 2457 4365 τοῖς
2482 4299 2762 4369 γεγονόσιν
2785 4296 2812 4348 6
2833 4297 3005 4365 Λόγος
3023 4293 3112 4368 ἦν,
3129 4296 3203 4358 ὡς
3225 4295 3336 4366 ζωὴ
3357 4293 3499 4348 κατὰ
3527 4293 3712 4362 φύσιν,

2132 4394 2221 4448 διὰ
2269 4394 2503 4465 μετοχῆς
2550 4395 2665 4456 τοῖς
2704 4388 2856 4446 οὖσιν
2907 4389 3098 4444 ἑαυτὸν
3151 4387 3495 4458 ἀναμιγνύς·
3527 4386 3713 4455 ἕτερος

442 4500 530 4556 nis
563 4477 1001 4556 intellectualem
1017 4477 1141 4555 esse
1181 4496 1380 4553 Filium
1411 4499 1503 4568 qui
1539 4498 1593 4553 in
1623 4477 1828 4553 creatis
1857 4499 2023 4554 rebus

2134 4487 2240 4558 ἄρα
2286 4487 2404 4540 ἐστὶ
2457 4485 2566 4539 τῶν
2617 4485 2674 4538 tv
2725 4477 2806 4550 οἷς
2855 4477 2997 4537 εἶναι
3043 4480 3378 4534 πιστεύεται.
3423 4480 3482 4532 Ὀ
3520 4479 3576 4532 δὲ
3613 4477 3712 4549 τὴν

441 4590 668 4647 exsistit
700 4601 762 4648 ut
791 4592 924 4658 vita,
983 4591 1222 4661 primum
1251 4590 1472 4660 quidem
1499 4590 1620 4661 ipse
1652 4589 1863 4660 aliquid
1884 4589 1940 4645 in
1964 4605 2026 4646 se

2134 4580 2294 4650 φύσιν
2321 4580 2509 4650 ἕτερος
2537 4575 2632 4642 ὢν,
2672 4577 2706 4649 ἢ
2737 4576 2874 4648 ὅπερ
2908 4574 3054 4628 ἐστὶν
3088 4576 3119 4645 ἡ
3155 4573 3351 4636 κτίσις,
3383 4572 3501 4636 πῶς
3522 4571 3623 4624 οὑκ
3646 4569 3714 4624 ἂν

440 4682 715 4739 exsistere
745 4681 1086 4746 censebitur,
1120 4680 1323 4737 deinde
1357 4680 1481 4752 ipse
1534 4681 1806 4752 suiipsius
1854 4683 2028 4752 parti-

439 4782 574 4845 ceps
617 4784 671 4830 et
716 4775 855 4838 vita,
898 4773 968 4838 si,
996 4788 1121 4828 cum
1155 4773 1228 4831 sit
1275 4773 1329 4828 in
1361 4774 1660 4839 creaturis,
1707 4773 1827 4846 ipse
1855 4775 2024 4831 etiam

441 4881 630 4922 earum
661 4881 772 4920 una
801 4864 1138 4922 censebitur.
1151 4864 1259 4921 Sed
1288 4865 1514 4938 ipsemet
1533 4865 1627 4922 Dei
1641 4864 1820 4941 hostis
1842 4866 2024 4921 anim-

441 4957 680 5014 advertit
717 4959 939 5012 demum
967 4967 1233 5028 quantum
1271 4959 1326 5014 in
1366 4973 1431 5014 ea
1475 4959 1755 5015 sententia
1795 4943 1875 5015 sit
1923 4959 2025 5014 ab-

442 5049 754 5105 surditatis.
782 5048 969 5118 Itaque
1000 5049 1044 5102 si
1079 5065 1177 5118 per
1207 5049 1690 5120 participationem
1721 5051 1778 5105 in
1828 5050 2030 5105 creatis

443 5142 613 5198 rebus
669 5143 756 5196 est
807 5137 1052 5195 Verbum
1085 5139 1230 5211 quod
1282 5155 1378 5196 eas
1433 5141 1708 5210 vivilieat,
1748 5157 1860 5197 non
1919 5143 2028 5196 erit

441 5237 624 5307 ipsum
652 5248 878 5306 quoque
917 5231 1062 5288 inter
1086 5247 1150 5288 ea
1175 5247 1296 5304 quae
1334 5233 1704 5304 participant,
1734 5233 1830 5288 sed
1875 5232 2025 5288 aliud

442 5327 704 5382 nimirmn
735 5325 808 5380 ab
838 5323 966 5379 illis.
995 5321 1150 5390 Quod
1187 5322 1236 5378 si
1291 5323 1417 5386 hoc,
1445 5337 1554 5378 non
1601 5338 1736 5394 ergo
1778 5331 2022 5378 creatum

442 5421 581 5484 erit,
622 5419 718 5476 sed
761 5417 867 5489 51
904 5426 964 5471 ut
1006 5414 1114 5469 vita
1147 5429 1244 5485 per
1285 5422 1541 5468 naturam
1575 5413 1629 5469 in
1660 5414 1819 5486 ipsis.
1863 5412 2018 5480 Quod

439 5529 506 5566 ex
545 5511 813 5582 subjectis
838 5510 1153 5566 rationibus
1185 5523 1380 5564 rursus
1406 5506 1634 5577 patebit.

440 5605 554 5666 τοῖς
596 5577 914 5675 μετέχουσιν
945 5604 1098 5658 ἔσται
1150 5602 1243 5655 καὶ
1286 5601 1469 5668 αὑτὸς,
1501 5600 1616 5654 ἀλλ’
1651 5584 1837 5672 ἔτερος
1873 5598 2115 5669 δηλονότι
2148 5599 2280 5670 παρ’
2314 5598 2517 5651 ἐκεῖνα.
2556 5595 2617 5648 ΕΞ
2663 5591 2720 5644 δὲ
2755 5588 2937 5652 τοῦτο,
2967 5586 3069 5640 οὑκ
3101 5583 3208 5657 ἄρα
3273 5577 3532 5649 γενητὸς.

2123 4673 2211 4744 εἴη
2241 4670 2425 4725 λοιπὸν
2445 4671 2474 4724 ὁ
2493 4669 2634 4741 ὑπὲρ
2661 4668 2866 4739 ταύτην
2893 4666 3024 4731 Θεός
3047 4682 3062 4732 ;
3089 4666 3225 4721 Είδὲ
3253 4663 3534 4736 ὲπιμένεις
3559 4663 3710 4716 ἀναι-

2128 4762 2390 4836 σχυντῶν,
2424 4764 2518 4816 καὶ
2557 4758 2796 4831 νομίζων
2851 4752 2990 4811 εἶναι
3044 4755 3233 4827 νοητὸν
3275 4755 3336 4808 οὑ
3382 4753 3712 4822 καταλήγεις

2123 4857 2216 4913 τὸν
2238 4857 2368 4909 Υἱὺν
2390 4854 2480 4908 τὸν
2508 4853 2637 4908 ὅντα
2657 4854 2715 4905 tv
2739 4853 2853 4916 τοῖς
2885 4849 3188 4920 γεγονόσιν,
3207 4849 3282 4912 ὡς
3301 4847 3447 4918 ζωήν
3464 4863 3476 4875 ·
3497 4845 3714 4916 πρῶτον

2127 4949 2225 5022 μὲν
2255 4949 2419 5010 αὑτός
2455 4964 2508 5000 τι
2552 4944 2649 5019 [αι.
2698 4941 2829 4999 αὑτό
2871 4939 2949 5014 τι,
2993 4941 3253 5011 ὑπάρχων
3279 4941 3338 4992 tv
3382 4936 3559 5007 ἐαυτῷ
3587 4953 3714 5006 νοηο

2127 5040 2386 5110 θήσεται·
2429 5031 2547 5090 εἶτα
2593 5033 2732 5107 πρὸς
2767 5032 2962 5104 τούτῳ,
3008 5029 3101 5085 καὶ
3129 5029 3292 5093 αὑτὸς
3334 5025 3530 5081 ἑαυτοῦ
3579 5025 3712 5097 μέτ-

2126 5147 2251 5204 οχος
2283 5129 2374 5183 καὶ⁸
2425 5127 2560 5199 ζωὴ,
2596 5127 2751 5197 είπερ
2778 5123 2852 5177 ῶν
2881 5122 2938 5175 tv
2979 5122 3093 5183 τοῖς
3137 5116 3470 5188 γενομένοις,
3504 5111 3586 5178 εἷς
3618 5112 3714 5168 καὶ

2126 5225 2288 5288 αὑτὸς
2333 5223 2392 5290 ἐξ
2442 5218 2626 5276 αὑτῶν
2653 5220 2921 5290 ὑπάρχειν
2960 5213 3398 5286 ὑποληφθήσεται
3418 5226 3430 5239 ·
3464 5208 3580 5262 ἀλλ’
3610 5207 3715 5277 ὁρᾷ

2126 5333 2230 5372 που
2285 5318 2500 5380 πάντως
2557 5315 2652 5368 καὶ⁹
2699 5311 2862 5374 αὑτὸς
2900 5311 2930 5364 6
2960 5308 3227 5379 θεομάχος
3251 5349 3264 5370 ,
3291 5305 3424 5374 ὅσην
3455 5300 3568 5371 ἔχει
3614 5297 3716 5367 τὴν

2127 5409 2480 5465 ἀπαιδευσίαν
2523 5407 2584 5461 τὸ
2629 5403 2774 5459 οὕτω
2814 5403 2971 5456 νοεῖν.
3003 5399 3211 5455 Οὐκοῦν
3249 5398 3299 5450 εί
3345 5388 3622 5464 μεθεκτῶς
3655 5389 3716 5440 tv

2127 5505 2240 5566 τοῖς
2267 5505 2510 5573 γενητοῖς
2543 5503 2691 5554 ἐστιν
2721 5498 2750 5550 6
2787 5493 3069 5563 ζωογονῶν
3107 5489 3244 5544 αὑτὰ
3283 5487 3455 5554 Λόγος
3475 5524 3490 5548 ,
3517 5482 3618 5536 οὑκ
3655 5479 3715 5572 ὲν

2148 5599 2280 5627 ---ε
2316 5598 2494 5627 amr..-
2556 5595 2614 5627 Ir:
2663 5591 2720 5627 εξ
2755 5588 2914 5627 arm-wn
2967 5586 3067 5627 m'w
3101 5583 3208 5627 ἇοα
3273 5577 3532 5627 γενητὸς.
3597 5570 3696 5627 ἀλλ

3652 5588 3696 5624 ιΑ

441 5693 518 5757 ὡς
539 5692 655 5766 ζωὴ
677 5695 818 5750 κατὰ
842 5697 1000 5765 φύσιν
1031 5698 1087 5754 ἐν
1116 5695 1320 5759 αὑτοῖς.
1348 5694 1448 5749 Διὰ
1485 5693 1540 5748 δὲ
1579 5693 1686 5749 τῶν
1711 5692 2136 5765 ὑπεζευγμένων
2176 5689 2395 5750 ἐννοιῶν
2430 5688 2587 5743 τοῦτο
2620 5686 2779 5740 πάλιν
2806 5680 3086 5755 εἰσόμεθα.
