4092 6274
311 352 380 414 ω
1415 350 1483 408 ΙΝ
1522 351 1811 412 JOANNIS
1832 348 2284 414 EVANGELIUII
2316 353 2445 414 LIB.
2485 353 2526 409 I.
3518 355 3591 419 ω

657 465 946 529 "Errata.
967 463 1097 534 ἢτοι
1124 466 1554 536 συλλογισμοί.
1937 477 1985 536 Α

1937 477 1985 536 Α
2385 469 2738 539 Argumenta,
2766 470 2876 525 sive
2900 469 3231 542 syllogismi;

380 553 447 609 Ei
472 558 550 628 μὴ
576 559 643 612 hc
673 557 774 627 τῆς
801 553 988 619 οὐσίας
1020 554 1116 610 τοῦ
1138 553 1274 609 Θεοῦ
1313 557 1408 610 καὶ
1433 557 1646 628 Πατρός
1689 559 1846 613 ἐστιν
1877 559 1908 612 6

2079 558 2138 616 Si
2171 576 2239 616 ex
2276 561 2592 617 substantia
2645 560 2741 616 Dei
2792 576 2859 616 ac
2906 562 3090 618 Patris
3125 560 3301 622 Filius
3344 575 3454 617 non
3487 575 3596 631 est,

312 649 466 714 Υἱὸς,
493 647 691 714 ἔξωθεν
722 647 779 701 δὲ
816 645 978 700 αὐτὸν
1009 648 1128 701 κατ’
1151 647 1392 710 ἐκείνους
1424 647 1719 718 ὑπέστησε,
1743 664 1908 717 γενη-

2007 651 2104 709 sed
2155 652 2507 708 extrinsecus
2546 653 2749 724 ipsum,
2793 662 2853 708 ut
2910 655 2991 710 illi
3031 655 3258 720 volunt,
3309 655 3603 727 produxit,

314 741 408 806 τὸς
455 741 564 810 ἄρα
607 739 726 793 ἐστὶ
789 737 885 792 καὶ
929 738 1322 809 πεποιημένος.
1361 738 1484 802 Πῶς
1513 734 1607 793 οὖν
1635 741 1665 793 6
1707 740 1768 792 ιν
1794 742 1908 804 τοῖς

2008 755 2232 802 creatus
2261 761 2394 815 ergo
2423 754 2510 802 est
2532 761 2598 801 ac.
2632 746 2837 803 factus.
2869 747 3160 816 Quomodo
3197 749 3367 818 igitur
3398 749 3493 818 qui
3541 748 3593 802 in

317 834 598 903 γεγονόσιν
626 831 745 886 ἐστὶ
776 831 845 885 τά
876 830 1057 885 πάντα
1083 829 1368 900 ζωογονῶν
1388 849 1404 897 ;
1423 831 1488 885 Τί
1524 831 1582 885 δὲ
1609 831 1670 884 τὸ
1692 831 1908 903 ἐξαίρε-

2007 847 2390 895 creaturarum
2448 853 2680 896 numero
2730 847 2839 906 est,
2890 840 3075 895 omnia
3124 838 3404 894 vivitlcat?
3451 839 3592 906 Quid

316 940 412 978 τον
434 926 493 980 ὲν
516 925 586 995 τῇ
621 922 742 992 θείᾳ
771 921 931 993 φύσει
954 921 1139 976 λοιπὸν
1168 923 1516 994 εὐρήσομενς
1547 921 1582 993 ἢ
1604 921 1723 986 πῶς
1749 925 1779 976 6
1815 939 1910 977 σο·-

2010 942 2194 988 autem
2245 931 2302 987 in
2354 941 2548 986 natura
2603 931 2791 986 divina
2840 932 3185 1002 reperiemus
3235 930 3451 994 eximii,
3500 938 3593 984 aut

318 1013 564 1087 φὼτατος
609 1013 864 1082 Παῦλος,
894 1014 972 1078 ὡς
1009 1012 1342 1082 άξιάγαστόν
1391 1013 1445 1068 τί
1496 1031 1632 1084 φησι
1677 1015 1770 1068 ἐπὶ
1811 1015 1908 1070 τοῦ

2009 1023 2292 1093 quomodo
2332 1021 2776 1092 sapientissimus
2807 1021 3017 1079 Paulus
3066 1021 3392 1078 admirabile
3433 1021 3485 1076 id
3526 1023 3597 1076 de

316 1106 457 1162 κατὰ
489 1105 650 1176 φύσιν
682 1105 833 1170 δντος
861 1105 1020 1169 Θεοῦ,
1043 1105 1136 1159 τοῦ
1171 1104 1568 1175 ζωογονοῦντος
1595 1105 1668 1160 τά
1693 1107 1908 1174 πάντα;

2011 1112 2124 1170 Deo
2158 1113 2398 1167 naturali
2435 1111 2592 1173 dicit,
2629 1111 2777 1182 quod
2815 1111 3064 1167 viviﬂcet
3109 1111 3330 1166 omnia?
3357 1109 3415 1166 Si
3448 1111 3593 1167 enim

313 1195 382 1252 Εί
411 1196 520 1269 γὰρ
547 1196 774 1268 γενητὸς
810 1197 1074 1268 ὑπάρχων
1102 1199 1134 1251 6
1157 1197 1287 1261 Υἱὸς
1321 1196 1392 1252 τὰ
1424 1197 1603 1251 πάντα
1629 1195 1907 1264 ζωοποιεῖ,

2011 1214 2233 1263 creatus
2285 1222 2412 1262 cum
2466 1206 2542 1262 sit
2570 1203 2744 1261 Filius
2777 1205 2968 1260 omnia
3009 1203 3247 1259 viviﬁcat
3276 1205 3322 1268 ’,
3358 1203 3594 1273 seipsam

314 1288 514 1360 ἑαυτὴν
537 1292 570 1362 ἡ
595 1290 774 1354 κτίσις
791 1290 1052 1354 ζωοποιεῖ
1067 1289 1345 1361 χρῄζουσα
1367 1289 1633 1362 μηδαμῶς
1649 1293 1728 1355 είς
1754 1290 1912 1346 τοῦτο

2012 1303 2266 1352 creatura
2295 1295 2558 1361 viviﬂcat,
2587 1294 2701 1352 Deo
2739 1295 2879 1351 nihil
2910 1294 2978 1350 ad
3015 1296 3122 1350 hoc
3167 1295 3430 1368 indigens
3459 1287 3599 1366 opi-

312 1379 410 1435 τοῦ
465 1383 789 1453 ποιήσαντος
831 1380 990 1435 Θεοῦ.
1035 1380 1199 1434 Οὐδὲν
1235 1376 1330 1436 οὗν
1381 1381 1492 1453 ἄρα
1527 1383 1589 1436 τὸ
1633 1383 1818 1438 πλεῖον
1852 1385 1912 1436 ὲν

2014 1387 2115 1446 [lce
2135 1407 2153 1444 :
2185 1388 2324 1444 nihil
2351 1404 2484 1459 ergo
2517 1389 2644 1459 plus
2669 1395 2756 1444 est
2790 1389 2846 1442 in
2889 1389 3004 1443 Deo
3031 1401 3198 1458 quam
3225 1387 3281 1442 in
3312 1394 3596 1452 creatura,

315 1470 438 1543 Θεῷ
465 1473 620 1544 παρὰ
645 1473 746 1545 τὴν
775 1472 974 1530 κτίσιν.
1018 1473 1261 1545 Ἐνεργεῖ
1287 1473 1396 1545 γὰρ
1425 1473 1526 1545 οὐχ
1555 1469 1740 1547 ἦττον,
1767 1474 1802 1545 ἢ
1833 1472 1911 1538 ὡς

2013 1494 2126 1534 non
2155 1480 2302 1535 enim
2361 1481 2550 1535 minus
2597 1480 2664 1534 ad
2706 1478 3050 1550 Operandum
3087 1491 3251 1550 quam
3298 1477 3442 1533 Dens
3496 1477 3597 1531 ha-

317 1563 386 1618 ἃν
413 1561 636 1634 δύνηται
658 1562 814 1626 Θεός.
854 1561 1017 1616 Ἀλλὰ
1038 1561 1200 1617 τοῦτο
1223 1561 1424 1619 ἄτοπον
1445 1581 1459 1595 ⁸
1488 1566 1591 1619 οὐκ
1620 1565 1731 1636 ἄρα
1754 1581 1914 1635 γενη-

2012 1572 2105 1628 bet
2135 1571 2437 1628 facultatis.
2463 1573 2568 1628 Sed
2603 1573 2708 1627 hoc
2733 1570 3061 1627 absurdum.
3115 1570 3236 1626 Non
3274 1585 3408 1642 ergo
3432 1584 3598 1626 crea-

319 1653 407 1718 τὸς
427 1655 456 1708 6
477 1651 627 1720 Υίὸς,
651 1651 786 1717 Θεὸς
810 1652 868 1707 δὲ
902 1653 1124 1725 μᾶλλον,
1155 1655 1252 1708 καὶ
1279 1654 1367 1709 διὰ
1391 1653 1550 1709 τοῦτο
1575 1655 1720 1710 κατὰ
1750 1654 1912 1726 φύσιν

2013 1671 2104 1719 tus
2148 1671 2238 1720 est
2291 1663 2487 1728 Filius,
2529 1663 2626 1721 sed
2679 1665 2823 1721 Deus
2872 1663 3081 1735 potius,
3113 1672 3168 1718 et
3233 1661 3443 1718 idcirco
3485 1661 3598 1718 vita

320 1745 417 1798 καὶ
447 1743 585 1814 ζωή.

1943 1817 1983 1828 ,_
2014 1771 2234 1828 quoque
2261 1771 2358 1827 per
2384 1763 2666 1811 naturam.

275 1902 282 1910 κ
391 1837 598 1892 ΔΛΛΟ.
631 1835 746 1906 Τὴν
782 1835 935 1890 θείαν
964 1835 1376 1907 ὑπερθαυμάζει
1402 1835 1562 1907 φύσιν
1587 1872 1606 1902 ,
1638 1837 1732 1893 καὶ
1765 1837 1891 1909 μάλι

2029 1817 2049 1828 ’
2082 1817 2313 1903 ALIUD.
2341 1845 2599 1901 Divinam
2658 1861 2826 1917 supra
2877 1845 3100 1900 modum
3143 1853 3398 1899 naturam
3447 1841 3605 1899 Psal-

322 1929 551 1993 εἰκότως
585 1931 614 1984 6
641 1929 969 2000 Ψαλμῳδὸς,
999 1932 1093 1982 καὶ
1128 1929 1192 1999 δὴ
1228 1930 1321 1984 καὶ
1361 1929 1583 2000 ἀξίωμα
1629 1930 1912 1985 κάλλιστον

2012 1939 2175 1994 mista
2207 1939 2335 2008 jure
2380 1939 2638 2003 miratur,
2671 1939 2836 2008 eique
2865 1937 3204 2008 singularem
3250 1950 3314 1989 ac
3347 1934 3601 2004 pulcher-

318 2019 638 2090 ἀνατίθησιν
656 2021 816 2091 αὐτῇ,
837 2020 1031 2088 λέγων·
1059 2038 1078 2071 ι
1103 2020 1222 2074 Ὀτι
1245 2021 1396 2091 παρὰ
1422 2023 1506 2075 σοὶ
1533 2022 1684 2091 πηγὴ
1706 2021 1906 2090 ζωῆς.»

2013 2030 2215 2086 rimam
2262 2029 2682 2101 praerogativam
2741 2029 2958 2094 tribuit,
3005 2028 3200 2082 dicens
3255 2044 3274 2077 ι
3329 2025 3597 2092 Quoniam

331 2111 471 2165 Ἀλλ’
504 2111 666 2182 εἴπερ
692 2110 966 2182 ὑπέστησε
995 2110 1086 2164 τὸν
1126 2112 1255 2166 Υίὸν
1288 2115 1316 2167 6
1344 2112 1554 2183 Πατὴρ,
1591 2113 1685 2166 καὶ
1715 2113 1816 2166 οὐκ
1843 2114 1910 2168 ὲκ

2011 2123 2156 2193 apud
2211 2129 2263 2176 te
2306 2129 2394 2177 est
2441 2120 2565 2176 fons
2622 2123 2746 2176 vita:
2791 2122 2857 2174 “.
2900 2140 2919 2172 ι
2964 2121 3034 2174 At
3085 2121 3132 2175 si
3188 2117 3388 2172 Filium
3437 2115 3601 2172 Pater

312 2205 416 2275 τῆς
442 2202 636 2268 οὐσίας
677 2202 793 2273 ἔχει
824 2202 928 2272 τῆς
969 2203 1188 2267 ἑαυτοῦ,
1223 2201 1478 2268 ζωοποιεί
1507 2203 1564 2256 δὲ
1607 2204 1702 2258 καὶ
1733 2202 1910 2268 οὓτως

2011 2211 2296 2284 produxit,
2325 2227 2428 2268 nec
2469 2213 2650 2282 ipsum
2693 2212 2859 2267 habet
2888 2226 2953 2266 ex
2994 2224 3098 2265 sua
3139 2208 3474 2271 substantia,
3511 2206 3599 2262 hic

315 2293 456 2365 ἔχων
499 2293 568 2350 τά
614 2293 784 2366 νοητὰ
831 2293 942 2366 [Ian
977 2292 1230 2366 γενητὰ],
1261 2294 1356 2347 καὶ
1395 2294 1510 2365 ζωὴ
1565 2295 1705 2347 κατὰ
1748 2295 1911 2364 φύσιν

2013 2311 2197 2358 autem
2233 2305 2424 2368 etiam,
2473 2305 2602 2359 talis
2643 2318 2770 2358 cum
2832 2304 2927 2368 sit,
2957 2310 3244 2356 creaturas
3277 2299 3524 2353 viviﬁcat
3546 2306 3601 2353 et

313 2387 462 2441 ἐστὶν
499 2385 575 2451 ὡς
610 2383 877 2450 ζωοποιός
899 2400 912 2414 ο
944 2384 997 2439 τί
1035 2383 1214 2456 μάτην
1243 2385 1274 2438 6
1303 2384 1607 2456 Ψαλμῳδὸς
1651 2384 1913 2439 διατείνε-

2014 2397 2125 2452 vita
2156 2403 2236 2452 est
2279 2396 2588 2452 secundum
2627 2405 2884 2451 naturam
2919 2403 3110 2466 utpOte
3150 2393 3464 2461 viviﬁcans,
3499 2407 3601 2448 cur

213 2500 224 2512 ε
312 2495 424 2538 ται,
463 2479 618 2548 παρὰ
665 2477 814 2550 μόνῳ
843 2476 922 2549 τῷ
948 2476 1071 2548 Θεῷ
1106 2477 1292 2548 πηγὴν
1319 2477 1464 2548 ζωῆς
1509 2473 1648 2532 εἶναι
1693 2477 1829 2546 λέγω

2011 2485 2310 2541 Psalmista
2361 2487 2505 2556 apud
2561 2487 2741 2540 solum
2801 2485 2976 2541 Deum
3033 2499 3158 2541 esse
3211 2484 3421 2548 fontem
3474 2482 3602 2538 vita:

326 2570 670 2640 Ἐπιδέχεται
696 2569 811 2642 γὰρ
856 2569 992 2624 αὐτὸ
1024 2569 1117 2623 καὶ
1141 2571 1174 2636 ἡ
1209 2568 1319 2623 τῶν
1351 2570 1594 2641 γενητῶν
1633 2569 1794 2639 φύσις
1813 2609 1830 2634 ,
1861 2571 1911 2623 εί

2014 2576 2220 2635 frustra
2269 2576 2592 2634 contendit?
2634 2574 2690 2628 Id
2743 2574 2893 2630 enim
2947 2575 3001 2628 in
3042 2587 3229 2629 rerum
3281 2577 3599 2627 creatarnin

315 2661 593 2726 ζωοποιεῖ,
629 2660 808 2716 καίτοι
843 2661 944 2732 τῆς
970 2661 1120 2724 θείας
1147 2663 1246 2730 οὐχ
1279 2661 1540 2734 ὑπάρχων
1564 2664 1593 2716 6
1617 2662 1745 2726 Υίὸς
1766 2662 1910 2717 κατᾶ

2011 2677 2268 2724 naturam
2329 2681 2554 2738 quoque
2615 2666 2788 2732 cadit,
2834 2665 2880 2720 si
2942 2664 3143 2730 Filius,
3209 2680 3338 2719 cum
3400 2663 3601 2718 divina!

310 2755 415 2828 τήν
464 2771 627 2809 τινων
677 2753 958 2809 ἀϐουλίαν.
1010 2754 1174 2808 Ἀλλὰ
1224 2755 1384 2810 τοῦτο
1441 2757 1644 2811 ἄτοπον
1667 2775 1681 2788 ·
1715 2757 1910 2811 οὐκοῦν

2013 2771 2230 2815 naturae
2261 2774 2371 2814 non
2407 2759 2501 2825 sit,
2523 2765 2582 2812 ut
2613 2757 2780 2812 stulte
2804 2755 3058 2810 nonnulli
3081 2755 3304 2817 docent,
3337 2752 3598 2807 viviiicat.

314 2847 428 2918 ζωὴ
459 2845 602 2902 κατὰ
646 2846 811 2919 φύσιν
845 2848 876 2902 6
913 2847 1065 2914 Υἱὸς,
1093 2846 1169 2912 ὡς
1207 2847 1340 2911 Θεὸς
1380 2849 1446 2902 ὲκ
1473 2848 1631 2913 Θεοῦ,
1661 2849 1758 2904 καὶ
1794 2848 1908 2922 ζωὴ

2014 2850 2122 2907 Sed
2159 2853 2267 2907 hoc
2296 2851 2620 2906 absurdum.
2655 2849 2831 2920 Igitur
2860 2848 2975 2903 vita
3019 2853 3106 2901 est
3150 2845 3458 2901 secundum
3499 2856 3602 2898 na-

315 2938 382 2992 ὲκ
410 2938 577 3009 ξωῆςο
2012 2952 2190 3000 turam
2231 2942 2424 3009 Filius,
2451 2951 2511 2996 ut
2535 2941 2678 2997 Dcus
2709 2957 2776 2996 ex
2812 2939 2945 3002 Deo,
2971 2950 3024 2994 et
3055 2939 3168 2992 vita
3195 2953 3260 2992 ex
3297 2939 3430 2991 vita.

387 3031 593 3085 AAAO.
633 3030 700 3085 Ei
725 3027 840 3102 ζωὴ
861 3030 1002 3084 κατὰ
1029 3030 1195 3099 φύσιν
1219 3031 1484 3102 ὑπάρχων
1514 3033 1543 3084 ό
1574 3031 1720 3100 Υἱὸς,
1742 3050 1909 3104 γενηο

2081 3033 2311 3090 ALIUD.
2333 3033 2391 3087 Si
2413 3035 2522 3088 vita
2537 3034 2813 3088 exsistens
2839 3030 3145 3086 secundum
3171 3036 3426 3082 naturam
3444 3040 3601 3080 suam

315 3122 409 3210 τός
439 3122 554 3174 ἐστι
591 3121 689 3175 καὶ
726 3121 1127 3192 πεποιημένος,
1180 3121 1277 3176 am
1306 3123 1372 3192 δὴ
1403 3123 1463 3176 τὸ
1487 3126 1552 3178 ἐκ
1587 3125 1689 3194 τῆς
1721 3126 1909 3190 οὐσίας

2014 3125 2210 3192 Filius,
2242 3133 2462 3181 creatus
2490 3132 2548 3178 et
2583 3123 2770 3180 factus
2797 3130 2906 3184 est,
2941 3120 3178 3174 maxime
3201 3135 3327 3173 cum
3351 3134 3415 3172 ex
3439 3116 3529 3172 Dei
3549 3123 3604 3171 et

321 3207 464 3266 εἶναι
491 3212 586 3266 τοῦ
617 3212 754 3266 Θεοῦ
788 3213 881 3267 καὶ
921 3213 1132 3284 Πατρὸς
1160 3214 1261 3274 οὐκ
1301 3214 1442 3285 ἔχων
1469 3215 1612 3269 κατὰ
1645 3217 1743 3288 τὴν
1776 3218 1911 3270 ἐκεί-

2014 3219 2197 3273 Patris
2251 3217 2562 3273 substantia
2625 3231 2734 3270 nou
2802 3214 2917 3277 sit,
2981 3221 3041 3266 ut
3093 3211 3170 3265 illi
3215 3210 3601 3278 suspicantur,

321 3322 429 3358 νων
475 3304 753 3372 ὑπόνοιαν,
788 3305 1089 3372 ὲπιδέξεται
1130 3307 1244 3360 τῶν
1290 3307 1599 3379 γενητῶνή
1651 3309 1814 3376 φύσις
1851 3309 1912 3362 τὸ

2015 3325 2200 3364 rerum
2263 3316 2575 3363 creaturam
2647 3315 2845 3360 natura
2913 3304 3020 3358 erit
3079 3316 3142 3355 ac
3204 3300 3420 3354 dicetur
3473 3299 3602 3360 vita,

320 3392 461 3452 εἷναί
504 3415 566 3452 τε
614 3400 707 3452 καὶ
743 3399 1020 3454 καλεῖσθαι
1066 3401 1178 3471 ζωή
1208 3417 1224 3434 ο
1262 3399 1416 3454 ἔσται
1460 3399 1517 3453 δὲ
1567 3398 1746 3452 πάντα
1797 3398 1910 3470 ζωὴ

2014 3409 2293 3469 eruntque
2323 3399 2508 3454 omnia
2539 3398 2673 3462 vita,
2707 3402 2984 3467 potestate
3014 3393 3299 3456 nimirum,
3335 3391 3439 3446 etsi
3467 3403 3605 3444 non-

319 3489 466 3542 κατά
488 3505 551 3557 γε
575 3489 668 3544 τὸν
695 3490 752 3544 ἐν
783 3490 1008 3560 δυνάμει
1041 3489 1220 3559 λόγον,
1254 3490 1350 3544 καὶ
1385 3491 1433 3543 εί
1467 3491 1539 3562 μή
1581 3507 1667 3543 πω
1690 3488 1790 3560 τὴν
1815 3489 1910 3542 τοῦ

2014 3492 2144 3547 dum
2197 3498 2326 3546 actu
2376 3489 2430 3544 id
2477 3490 2737 3544 habeant.
2769 3487 2928 3554 Quod
2957 3487 3107 3542 enim
3135 3492 3333 3538 natura
3356 3497 3456 3539 sua
3482 3497 3605 3537 esse

319 3581 644 3653 πράγματος
691 3583 973 3654 ἐνέργειαν
1021 3582 1135 3653 ἔχει
1167 3599 1180 3612 ·
1211 3581 1274 3636 τὸ
1324 3582 1434 3654 γὰρ
1482 3583 1618 3647 ὅλως
1671 3579 1811 3636 εἷναί
1859 3599 1911 3636 τι

2017 3591 2219 3655 potest.
2250 3585 2360 3639 erit
2410 3582 2602 3652 utique
2655 3580 2816 3645 illud,
2861 3580 2990 3634 licet
3038 3577 3284 3633 nondum
3330 3576 3602 3632 exsistat:

316 3673 582 3743 πεφυκὸς,
616 3674 702 3745 εῐη
746 3674 918 3746 δήπου
948 3673 1169 3738 πάντως
1214 3674 1314 3738 ἂν,
1337 3675 1434 3728 καὶ
1469 3675 1518 3727 εί
1557 3675 1726 3746 μήπω
1750 3674 1913 3744 γέγο-

2016 3678 2179 3732 habet
2223 3677 2372 3732 enim
2423 3675 2480 3730 in
2528 3690 2628 3731 sua
2675 3683 2876 3728 natura
2923 3669 3225 3727 exsistendi
3278 3668 3601 3739 potentiam.

317 3783 408 3822 νεν
439 3783 453 3796 ·
477 3767 594 3837 ἔχει
636 3765 745 3838 γὰρ
775 3767 834 3819 ἐν
871 3769 942 3837 τῇ
975 3767 1137 3834 φύσει
1165 3766 1225 3820 τὸ
1258 3765 1540 3821 δύνασθαι.
1566 3767 1696 3822 Ὅτε
1730 3767 1914 3822 τοίνυν

2051 3772 2150 3826 tum
2191 3785 2324 3841 ergo
2366 3776 2640 3824 creatura:
2669 3781 2967 3822 commune
2999 3767 3070 3818 sit
3101 3778 3227 3819 esse
3257 3763 3450 3826 vitam,
3479 3760 3605 3814 nul-
3661 3783 3667 3790 -

316 3855 496 3912 κοινὸν
525 3857 623 3928 μὲν
659 3859 726 3928 τῇ
761 3856 937 3910 κτίσει
964 3857 1028 3910 τὸ
1062 3854 1204 3911 εἶναι
1238 3855 1372 3928 ζωὴ,
1410 3857 1540 3910 ἴδιον
1569 3857 1626 3910 δὲ
1681 3857 1776 3912 καὶ
1813 3858 1912 3929 μό-

2015 3862 2126 3918 lius
2155 3869 2338 3917 autem
2395 3863 2686 3932 proprium
2741 3875 2805 3915 ac
2847 3859 3156 3928 singulare,
3202 3871 3303 3910 cur
3349 3855 3495 3926 apud
3545 3868 3606 3908 se

317 3963 423 4009 νως
445 3946 678 4008 οὐδενός·
709 3947 764 4000 τί
805 3947 984 4017 μάτην
1008 3947 1093 4013 ἐφ’
1120 3945 1300 4015 ἐαυτῷ
1345 3946 1621 4018 κομπάζει
1667 3946 1848 4017 λέγων
1884 3948 1915 4000 6

2016 3952 2223 4009 frustra
2287 3954 2564 4025 gloriatur
2625 3951 2822 4019 Filius,
2884 3953 3080 4008 dicens
3147 3968 3162 4004 :
3233 3965 3253 4000 ι
3302 3947 3414 4018 Ego
3480 3962 3601 4002 sttm

317 4036 468 4102 Υἱὸς,
501 4056 523 4090 ι
568 4036 712 4106 Ἑγὼ
743 4039 856 4109 εἰμι
888 4041 923 4108 ὴ
948 4037 1062 4111 ζωὴ
1091 4054 1105 4103 ;
1143 4057 1161 4089 ι
1199 4037 1345 4109 χρῆν
1368 4038 1479 4110 γὰρ
1511 4038 1682 4108 δήπου
1713 4038 1914 4109 μᾶλλον

2017 4047 2128 4101 vita
2162 4046 2243 4100 “?
2282 4065 2303 4098 ι
2361 4044 2557 4102 Dicere
2611 4045 2757 4100 enim
2810 4045 3005 4115 utique
3065 4042 3254 4112 potius
3310 4038 3535 4094 deberet
3585 4055 3600 4090 :

318 4131 524 4185 εἰπεῖν·
600 4131 744 4200 Ἐγώ
787 4132 903 4202 είμι
948 4130 1066 4201 μεθ’
1132 4131 1290 4201 ἡμῶν
1324 4129 1436 4202 [ἵσ.
1487 4130 1730 4202 suam
1776 4128 1914 4202 ζωή.

2017 4139 2132 4209 Ego
2211 4152 2333 4193 sum
2411 4137 2705 4191 vobiscum
2795 4136 2931 4190 vita.
3012 4133 3128 4188 Hoc
3193 4132 3342 4187 enim
3415 4129 3605 4185 verius

318 4222 492 4278 Τοῦτο
521 4221 579 4275 δὲ
607 4217 676 4292 ἦν
705 4239 820 4285 πως
841 4223 934 4275 καὶ
957 4220 1338 4294 ἀληθέστερον,
1363 4222 1520 4292 εἴπερ
1557 4222 1726 4284 ὅντως
1753 4234 1916 4292 γενη-

2017 4237 2192 4294 esset,
2225 4227 2503 4299 siquidem
2551 4242 2740 4282 revera
2787 4233 3010 4281 creatus
3050 4231 3154 4289 est,
3189 4236 3254 4276 ac
3289 4221 3423 4275 vita.
3465 4217 3602 4274 Cum

317 4310 411 4374 τὸς
454 4309 719 4379 ὑπάρχων
757 4309 874 4362 ἐστὶ
935 4310 1029 4363 καὶ
1088 4308 1226 4381 ζωή.
1273 4311 1494 4382 Ἐπειδὴ
1547 4309 1605 4363 δὲ
1660 4308 1736 4373 ὡς
1785 4309 1918 4363 ῐδιον

2020 4329 2202 4374 autem
2237 4335 2362 4375 esse
2406 4320 2602 4384 vitam,
2649 4317 2820 4372 veluti
2874 4313 3157 4385 preprium
3212 4326 3278 4366 ac
3323 4309 3605 4381 peculiare

317 4400 525 4470 ἀγαθὸν
559 4399 738 4471 ἑαυτῷ
775 4401 1086 4473 περιτίθησι
1134 4401 1282 4472 μόνῳ
1324 4403 1386 4457 τὸ
1415 4400 1555 4456 εἶναι
1591 4399 1727 4472 ζωὴ.
1759 4399 1918 4471 δῆλος

2019 4412 2228 4466 bonum
2257 4411 2361 4467 sibi
2387 4410 2482 4465 uni
2517 4419 2758 4479 arroget,
2785 4414 2937 4477 patet
2967 4405 3161 4470 utique
3183 4403 3368 4473 ipsum
3402 4417 3462 4458 se
3491 4414 3602 4454 non

316 4491 385 4547 ἂν
414 4491 501 4562 εἴη
548 4491 736 4547 λοιπὸν
777 4493 838 4545 οὐ
869 4495 982 4556 τοῖς
1010 4496 1259 4564 γενητοῖς
1299 4493 1513 4558 ἑαυτὸν,
1538 4491 1674 4546 ἀλλὰ
1695 4495 1761 4564 τῇ
1792 4491 1914 4564 θείᾳ

2021 4505 2073 4558 in
2127 4504 2296 4558 rebus
2351 4501 2577 4566 creatis,
2627 4501 2724 4557 sed
2783 4499 2890 4570 52
2937 4498 2992 4552 in
3048 4496 3235 4552 divina
3293 4493 3605 4551 substantia

315 4578 414 4633 τοῦ
453 4578 671 4651 Πατρὸς
720 4580 1029 4633 συντάττων
1065 4576 1324 4656 οὐσίᾳ,ᾖ
1371 4583 1468 4636 καὶ
1504 4587 1565 4636 τὸ
1611 4578 1754 4637 εἶναι
1796 4582 1911 4655 ζωὴ

2019 4596 2318 4663 collocare,
2344 4595 2435 4650 cui
2463 4595 2628 4651 etiam
2663 4605 2723 4650 ut
2751 4593 2824 4649 sit
2853 4594 2964 4648 vita
3001 4589 3335 4646 naturaliter
3362 4589 3530 4643 inest.

318 4672 584 4744 πρόσεστι
618 4671 886 4742 φυσικῶς.

386 4787 595 4841 ΑΛΔΟ.
653 4786 726 4842 Τὸ
764 4787 864 4860 τῆς
905 4785 1053 4859 ζωῆς
1111 4787 1338 4860 μετέχον
1377 4787 1478 4843 οὐκ
1536 4789 1670 4843 αὐτὸ
1707 4788 1910 4860 κυρίως

2087 4791 2318 4850 ALIUD.
2352 4789 2510 4858 Quod
2553 4791 2723 4844 vitam
2773 4791 3094 4861 participat,
3143 4789 3328 4860 ipsum
3376 4802 3486 4843 non
3520 4794 3606 4842 est

317 4879 462 4934 ἐστὶν
485 4881 519 4952 ἡ
543 4879 680 4952 ζωή·
711 4880 919 4953 ἕτερον’
939 4881 1047 4955 γάρ
1079 4900 1132 4936 τι
1153 4883 1398 4954 ὑπάρχον
1431 4883 1490 4936 ὲν
1514 4881 1691 4953 ἐαυτῷ
1721 4882 1909 4952 φαίνε-

2013 4886 2236 4956 proprie
2267 4885 2398 4950 vita,
2423 4885 2574 4938 aliud
2599 4884 2745 4940 enim
2774 4883 3033 4953 quiddam
3062 4882 3116 4936 in
3171 4882 3355 4951 seipse
3387 4881 3605 4934 videtur

316 4987 428 5025 ται.
452 4971 517 5026 Ei
553 4973 736 5026 τοίνυν
772 4973 1037 5045 μεθεκτὸς
1069 4975 1098 5028 6
1138 4972 1269 5037 Υἱὸς
1318 4974 1431 5035 τοῖς
1469 4975 1748 5044 γεννητοῖς
1791 4971 1907 5045 [γρ.

2013 4991 2162 5032 esse.
2217 4975 2276 5030 Si
2325 4991 2458 5046 ergo
2509 4974 2990 5030 communicahilis
3038 4979 3125 5028 est
3180 4974 3347 5028 rebus
3398 4969 3603 5025 creatis

318 5063 591 5137 γενητοῖς]
615 5064 690 5129 ὼς
726 5063 860 5138 ζωὴ,
883 5065 1072 5138 ἕτερος
1102 5065 1170 5120 ἂν
1203 5064 1288 5137 εἴη
1323 5065 1476 5137 παρὰ
1508 5065 1578 5118 τὰ
1613 5065 1912 5136 μετέχοντα

2009 5067 2213 5133 Filius,
2261 5077 2321 5123 ut
2371 5069 2502 5134 vita,
2539 5067 2688 5122 aliud
2723 5065 2828 5122 erit
2875 5066 2944 5120 ah
2993 5066 3062 5121 iis
3096 5081 3218 5135 qua:
3254 5065 3431 5134 ipsum
3474 5075 3603 5131 par-

314 5151 488 5208 αὐτοῦ
508 5193 523 5219 ,
552 5155 646 5207 καὶ
673 5154 818 5226 ζωῆς
857 5157 1113 5229 δεόμενα.
1155 5156 1366 5212 Οὐκοῦν
1397 5157 1460 5210 οὐ
1503 5156 1754 5227 γενητὸς,
1784 5153 1910 5210 οὔτε

2003 5162 2348 5233 ticipant,ac
2381 5161 2491 5216 vita
2527 5159 2796 5230 indigent.
2820 5158 2990 5228 Igitur
3019 5174 3128 5213 non
3161 5153 3399 5215 creatus,
3426 5167 3603 5221 neque

318 5241 430 5314 μὴν
464 5242 845 5307 ζωοποιεῖσθαι
885 5247 1064 5316 ζητῶν
1093 5250 1222 5320 παρ’
1256 5247 1464 5320 ἐτέρου·
1502 5246 1636 5310 Θεὸς
1671 5242 1764 5300 οὖν
1801 5247 1912 5319 ἄρα

2014 5254 2152 5309 adeo
2184 5253 2444 5308 viviﬁcari
2492 5267 2747 5323 quaerens
2795 5249 2867 5304 ab
2918 5250 3049 5304 alio.
3096 5248 3241 5302 Deus
3291 5247 3476 5313 itaque
3518 5247 3603 5292 est

315 5333 506 5389 λοιπὸν
533 5335 562 5388 6
597 5334 877 5400 ζωοποιός.
915 5340 977 5393 Εἰ
1020 5340 1078 5394 δὲ
1104 5341 1284 5406 τοῦτο,
1312 5340 1408 5393 καὶ
1438 5337 1542 5409 τῆς
1572 5336 1669 5391 τοῦ
1694 5338 1910 5410 Πατρὸς

2012 5345 2322 5401 viviﬁcans.
2386 5343 2546 5410 Quod
2593 5342 2638 5397 si
2686 5343 2760 5396 ita
2806 5349 2909 5404 est,
2942 5355 3010 5396 ex
3037 5337 3345 5395 substantia
3381 5343 3602 5401 quoque

315 5425 509 5492 οὐσίας
554 5425 1061 5499 δμολογηθήσεται,
1114 5431 1272 5504 εἴπερ
1338 5431 1435 5484 ἕνα
1493 5429 1910 5500 προσκυνοῦμεν

2015 5435 2197 5495 Patris
2231 5453 2358 5493 esse
2389 5435 2743 5497 concedetur,
2781 5432 3051 5503 siquidem
3093 5441 3260 5482 unum
3306 5421 3599 5476 adoramus

315 5513 481 5584 Θεὸν,
509 5514 606 5571 καὶ
652 5517 751 5588 οὐχ
793 5517 967 5590 ἑτέρῳ
1005 5519 1111 5573 τινὶ
1153 5522 1304 5591 παρὰ
1343 5520 1434 5573 τὸν
1470 5519 1601 5573 ὄντα
1647 5518 1906 5592 λατρεύοο

1647 5518 1906 5592 λατρεύοο
2013 5525 2187 5582 Deum
2237 5540 2338 5582 nec
2361 5525 2527 5582 alium
2556 5525 2718 5582 abeo
2751 5522 2844 5594 qui
2867 5528 2951 5577 est
2989 5515 3247 5572 coiimus.

323 5623 446 5680 μιν.

392 5787 414 5822 ⁹
454 5785 477 5844 I
513 5786 652 5844 Tim.
689 5806 778 5860 γι,
821 5791 903 5847 15.
983 5768 1029 5825 λθ
1072 5787 1218 5849 Psal.
1261 5805 1442 5858 xxxv,
1480 5788 1567 5846 IO.
1646 5792 1686 5826 “
1731 5788 1890 5847 Joan.
1929 5801 2054 5858 XIV,
2090 5787 2146 5844 6.
