4092 6274
402 434 404 437 ,
473 365 544 440 .9!
1480 368 1540 426 s.
1581 369 1860 427 CYIllLLl
1902 366 2371 425 ALEXANDRINI
2418 359 2742 421 ARCII‘IEI‘.
3665 346 3740 408 ετ

551 483 785 543 ALIUD.
849 480 1052 540 Rerum
1122 493 1374 542 naturam
1441 486 1735 560 diligenter
1799 487 2052 543 conside-

2229 486 2432 540 AAAO.
2464 483 2576 554 Τὴν
2593 481 2701 536 τῶν
2725 479 2894 534 ὅντων
2918 474 3160 546 ἀκριῦὦς
3191 469 3535 540 ιξετάζοντες
3555 469 3740 540 φύσιν,

477 582 687 636 rantes.
731 572 900 630 Deum
938 583 992 631 et
1035 581 1372 642 creaturam,
1413 577 1661 650 nihilque
1711 587 1912 650 prater
1943 584 2058 635 hac

477 665 630 721 aliud
664 665 932 724 videmus.
965 664 1127 733 Quod
1184 668 1332 724 enim
1386 666 1530 726 Deus
1578 685 1688 726 non
1726 681 1812 727 est
1856 687 2059 728 secun-

480 756 614 811 dum
646 765 922 823 naturam,
948 759 1139 830 utique
1173 769 1414 817 creatum
1447 760 1594 819 istud
1629 770 1735 826 est,
1774 771 1830 818 et
1862 777 2059 819 rursus

480 845 748 916 quidquid
783 857 1034 904 creatura
1067 861 1300 921 negatur
1322 867 1467 918 esse,
1499 852 1555 907 id
1590 861 1741 909 certe
1777 851 1918 910 Deus
1949 861 2056 910 est.

485 933 584 991 Ilia
607 937 774 1007 igitur
802 937 880 992 ita
911 938 1016 994 rite
1052 942 1383 1020 perspectis,
1409 943 1800 1012 respondeant,
1843 958 2055 1014 quaeso,

483 1024 577 1094 qui
624 1039 657 1080 a
711 1026 1020 1084 substantia
1060 1021 1154 1086 Dei
1207 1046 1276 1086 ac
1321 1031 1498 1088 Patris
1531 1031 1732 1088 Filium
1781 1041 2057 1100 anteveni,

483 1117 759 1188 quomodo
790 1119 1065 1178 viviﬁcare
1115 1124 1290 1193 possit
1335 1132 1396 1178 ut
1437 1125 1570 1191 vita,
1598 1141 1725 1180 cum
1759 1125 1812 1181 id
1850 1134 2061 1183 natura

482 1206 686 1264 divina
723 1210 1009 1282 proprium
1054 1214 1151 1280 sit,
1181 1231 1282 1271 nec
1309 1217 1403 1270 ulli
1438 1218 1518 1272 rei
1563 1219 1722 1273 alteri
1760 1219 2058 1276 tribuatur.

483 1297 643 1365 Quod
662 1301 731 1365 si.
755 1313 978 1361 creatus
997 1319 1123 1360 cum
1141 1308 1235 1372 sit,
1262 1308 1370 1363 vita
1389 1325 1608 1380 quoque
1622 1325 1745 1366 esse
1767 1319 1969 1382 potest.
1991 1312 2059 1368 ad

483 1389 776 1449 universas
812 1402 964 1450 certe
991 1403 1282 1454 creaturas
1304 1399 1471 1455 istius
1493 1404 1869 1473 praerogativa
1881 1401 2061 1473 gratia

483 1481 798 1551 pertinebit,
854 1493 1135 1556 eruntque
1183 1489 1368 1544 omnia
1421 1491 1533 1544 vita
1600 1492 1904 1548 secundum
1960 1509 2063 1549 na-

483 1578 684 1627 turam.
709 1571 852 1641 Quid
882 1590 1018 1647 ergo
1046 1591 1188 1646 opus
1215 1579 1324 1634 erit
1352 1580 1424 1635 iis
1452 1581 1878 1652 participatione
1911 1582 2060 1649 Filii,

483 1671 578 1718 aut
614 1665 748 1736 quid
802 1666 931 1723 inde
987 1669 1126 1724 lucri
1177 1671 1434 1740 capient?
1475 1671 1598 1743 Ipsa
1651 1675 1799 1729 enim
1841 1690 2063 1747 quoque

482 1755 592 1810 vita
630 1764 759 1812 sunt
787 1759 1092 1814 secundum
1121 1771 1398 1816 naturam.
1425 1763 1531 1819 Sed
1563 1763 1668 1820 hoc
1706 1764 1902 1821 falsum
1931 1775 2060 1823 est:

2157 576 2293 633 Θεὸν
2315 575 2532 648 ὁρῶμεν
2563 573 2659 628 καὶ
2697 570 2896 637 κτίσιν,
2923 568 3020 623 καὶ
3057 568 3244 639 ἓτερον
3287 567 3381 620 ἐπὶ
3405 563 3618 624 τούτοις
3647 561 3740 616 οὐ·

2155 669 2266 723 δέν.
2291 669 2358 722 Ὃ
2389 665 2500 739 γὰρ
2527 665 2596 720 ἀν
2637 662 2891 717 ἐκπίπτει
2916 658 3014 714 τοῦ
3042 654 3180 714 εῖναι
3208 657 3341 721 Θεὸς
3381 655 3523 710 κατὰ
3553 653 3738 724 φύσιν,

2155 760 2315 817 τοῦτο
2341 761 2561 824 πάντως
2594 759 2711 812 εστὶ
2744 753 2992 827 γενητόνο
3023 753 3118 808 καὶ
3149 751 3287 820 ὅπερ
3308 749 3374 804 ἂν
3401 749 3492 802 τὸν
3521 746 3618 802 τοῦ
3647 761 3744 798 πε-

2157 849 2414 922 ποιῆσθαι
2442 847 2724 918 διαφεύγει
2750 845 2928 915 λόγον,
2960 843 3092 898 εῑσω
3119 841 3336 903 πάντως
3362 837 3478 891 ἐστὶ
3502 835 3613 888 τῶν
3639 834 3744 902 τῆς

2158 943 2408 1014 θεότητος
2427 941 2726 1013 ὅρων.⁴’οτε
2755 937 2934 992 τοίνυν
2954 933 3154 1006 ἀριστά
3177 949 3293 995 πως
3318 929 3385 984 τά
3407 927 3629 982 τοιαῦτα
3659 927 3742 979 δι-

2155 1033 2494 1104 εσκέμμεθα.
2507 1030 2817 1099 λεγέτωσαν
2828 1029 2862 1098 ἡ
2872 1030 2963 1098 μῖν
2977 1027 3027 1079 oi
3043 1025 3144 1096 τῆς
3159 1021 3254 1078 τοῦ
3271 1019 3406 1077 Θεοῦ
3425 1017 3754 1087 κα“ι11ατρὸς’

2156 1124 2344 1187 οὐσίας
2389 1120 2717 1189 ιξξωθοῦντες
2759 1120 2851 1174 τὸν
2890 1117 3038 1182 Υἱὸν,
3075 1115 3194 1180 πῶς
3234 1115 3300 1170 ἂν
3343 1112 3560 1167 δύναιτο
3603 1111 3743 1173 Cmo-

2159 1219 2336 1282 γονετν
2365 1215 2442 1280 ὡς
2468 1214 2602 1287 ζωὴ,
2627 1212 2756 1266 ἴδιον
2775 1211 3006 1282 ἐχούσης
3037 1208 3170 1262 αὐτὸ
3201 1207 3299 1278 τῆς
3324 1206 3476 1268 θείας
3504 1205 3741 1273 φύσεως,

2159 1307 2334 1379 ἑτέρῳ
2377 1305 2436 1360 δὲ
2486 1303 2925 1376 παραχωρούσης
2966 1299 3163 1354 οὐδενί.
3195 1299 3258 1352 EI
3294 1297 3352 1351 δὲ
3387 1296 3615 1366 γενητὸς
3641 1295 3746 1347 ὐπ-

2161 1397 2345 1468 ἀρχων
2363 1394 2502 1452 εῖναι
2532 1395 2754 1450 δύναται
2795 1394 2890 1448 κιιῖ⁸
2916 1392 3052 1464 ζωὴ.
3081 1389 3277 1460 φθάσει
3303 1389 3368 1458 δὴ
3398 1388 3616 1449 πάντως
3651 1385 3747 1438 ἐπὶ

2161 1488 2340 1542 πάντα
2369 1485 2438 1541 τά
2473 1485 2678 1556 γενητά
2697 1484 2792 1540 τοῦ
2814 1483 3292 1554 πλεονεκτήματος
3321 1481 3356 1550 ἡ
3382 1478 3560 1550 χάρις,
3592 1476 3745 1530 ἔσται

2161 1580 2221 1636 δὲ
2247 1579 2424 1633 πάντα
2451 1577 2593 1631 κατά
2612 1577 2773 1645 φύσιν
2793 1575 2930 1646 ζωή.
2957 1574 3053 1638 Τίς
3075 1569 3168 1627 οὖν
3196 1571 3380 1635 αὐτοῖς
3409 1568 3561 1623 ἔσται
3582 1567 3742 1639 χρεία

2160 1671 2260 1742 τῆς
2289 1669 2387 1724 τοῦ
2427 1667 2557 1722 Υἱοῢ
2591 1666 2845 1739 μετοχῆς,
2875 1665 2908 1738 ἦ
2937 1665 2992 1719 τί
3017 1665 3077 1718 τὸ
3109 1663 3274 1719 πλέον
3299 1659 3551 1716 ἐντεῦθεν
3582 1659 3747 1731 εὑρή-

2166 1779 2378 1829 σουσιν;
2414 1760 2528 1832 ἔχει
2557 1760 2667 1831 γάρ
2711 1758 2804 1812 καὶ
2831 1756 2972 1810 αύτά
2996 1756 3056 1810 τὸ
3080 1751 3220 1810 εἶναι
3247 1754 3390 1808 κατά
3410 1751 3574 1822 φύσιν
3608 1749 3746 1820 ζωή.

485 1844 822 1916 participant
872 1847 1080 1918 quippe
1131 1853 1453 1909 necessario
1507 1851 1734 1921 Filium,
1775 1866 1833 1912 ut
1892 1859 2061 1912 vitam

2174 1852 2312 1906 Ἀλλ’
2353 1851 2454 1904 οὐκ
2482 1848 2690 1922 ἀληθὴς
2719 1849 2751 1902 ὁ
2783 1846 2960 1916 λόγος,
2993 1845 3208 1916 μετέχει
3236 1843 3293 1898 δὲ
3332 1841 3646 1910 ἀναγκαίως
3670 1839 3748 1903 ὡς

483 1946 594 2002 qua
643 1922 912 2004 indigent.
962 1935 1130 1993 Solus
1156 1953 1292 2008 ergo
1330 1938 1658 2011 Unigenitus
1703 1945 1814 2001 vita
1842 1955 1931 2003 est
1974 1962 2064 2003 se-

483 2022 728 2077 cundum
779 2032 1037 2082 naturam
1087 2042 1267 2096 suam,
1300 2045 1405 2086 nec
1436 2033 1668 2102 proinde
1717 2034 1862 2092 inter
1906 2052 2065 2093 crea-

485 2122 645 2172 turas
693 2116 1081 2186 collocabitur,
1108 2121 1207 2178 sed
1259 2122 1328 2179 ad
1385 2126 1651 2194 genitoris
1680 2128 1765 2182 sui
1800 2129 2066 2186 evebetur

488 2215 762 2262 naturam.
794 2207 917 2266 Vita
969 2213 1114 2269 enim
1167 2229 1390 2288 quoque
1436 2227 1520 2273 est
1561 2218 1867 2275 secundum
1906 2235 2064 2276 suam

486 2305 739 2353 naturam
773 2299 955 2359 Pater.

555 2386 788 2446 ALIUD.
820 2389 944 2448 Vita
972 2408 1101 2449 cum
1131 2394 1206 2450 sit
1240 2394 1546 2451 secundum
1580 2405 1834 2454 naturam
1868 2397 2064 2468 Filius,

484 2479 630 2538 alius
657 2489 745 2538 est
785 2497 817 2537 a
848 2493 1127 2553 creatura,
1155 2487 1416 2543 nimirum
1451 2489 1755 2545 secundum
1787 2498 2065 2560 naturam,

485 2579 583 2627 aut
639 2574 892 2643 ejusdem
952 2592 1080 2632 cum
1129 2593 1192 2635 ea
1249 2588 1480 2635 naturae.
1527 2579 1585 2636 Si
1632 2596 1765 2652 ergo
1818 2582 2067 2652 ejusdem

487 2670 700 2717 naturae
745 2671 833 2719 est
874 2672 1044 2735 atque
1092 2670 1375 2734 essentia,
1406 2669 1694 2739 quomodo
1746 2685 1857 2725 non
1911 2686 2068 2726 men-

486 2752 658 2806 tietur
683 2753 916 2812 dicens:
948 2775 966 2808 ι
1002 2755 1117 2828 Ego
1143 2774 1264 2814 sum
1307 2760 1464 2830 panis
1501 2761 1646 2828 vitat,
1679 2760 1772 2833 qui
1814 2762 1889 2818 de
1923 2763 2070 2818 coelo

485 2843 796 2910 descendit,
845 2855 902 2902 et
938 2847 1034 2903 dat
1090 2850 1256 2905 vitam
1292 2852 1497 2906 mundo
1531 2853 1593 2906 ".
1636 2871 1658 2904 ι
1698 2851 1874 2908 liabet
1916 2854 2064 2908 enim

484 2951 554 2992 ex
596 2952 656 2993 se
697 2948 970 3007 creatura,
1002 2951 1059 2994 ut
1111 2941 1184 2998 sit
1219 2941 1330 2996 vita
1363 2959 1380 2997 :
1412 2942 1521 2997 vita
1566 2949 1750 2998 autem
1778 2943 1904 2998 vitae
1934 2957 2066 3012 par-

487 3028 665 3098 ticeps
691 3043 817 3085 esse
869 3044 980 3084 non
1019 3029 1202 3095 debet,
1251 3038 1311 3084 ut
1338 3018 1480 3084 ‘vita
1526 3029 1928 3100 conspiciatur.
1967 3029 2066 3083 Sin

487 3130 671 3176 autem
704 3119 954 3190 ejusdem
987 3129 1202 3177 natura:
1226 3137 1335 3176 non
1367 3128 1472 3185 est,
1500 3122 1666 3178 etiam
1695 3128 1911 3176 creatus
1943 3136 2073 3178 esse

487 3227 598 3268 non
633 3212 857 3284 poterit,
903 3212 1006 3268 sibi
1057 3213 1222 3268 simul
1275 3214 1555 3284 arripiens
1587 3212 1734 3285 quod
1791 3213 2068 3285 proprium

486 3315 574 3361 est
618 3314 892 3360 creatura
940 3303 1166 3360 bonum.
1197 3305 1464 3361 Creatura
1497 3306 1644 3361 enim
1676 3307 1786 3361 vita
1824 3320 1935 3362 non
1965 3305 2074 3362 erit

487 3383 790 3452 secundum
824 3410 979 3451 suam
1018 3404 1293 3464 naturam,
1330 3393 1427 3452 scd
1460 3395 1589 3451 vitae
1641 3394 1830 3467 potius
1881 3392 2072 3466 indiga

486 3498 542 3546 et
590 3488 893 3560 particeps.

561 3599 790 3656 ALIUD.
823 3600 880 3655 Si
920 3600 1034 3654 vita
1078 3613 1204 3654 cum
1240 3600 1314 3657 sit
1349 3599 1455 3670 53
1479 3598 1782 3655 secundum
1819 3607 2072 3652 naturam

491 3691 691 3754 Filius.
731 3689 980 3758 ejusdem
1035 3697 1251 3744 natura:
1304 3698 1396 3743 est
1445 3703 1570 3743 cum
1613 3688 1782 3743 rebus
1845 3688 2072 3753 creatis,

495 3789 790 3853 propterea
827 3780 974 3850 quod
1024 3795 1092 3835 ex
1137 3779 1229 3835 Dei
1278 3794 1344 3833 ac
1395 3778 1594 3842 Patris.
1625 3787 1686 3833 ut
1736 3779 1826 3834 isti
1857 3779 2072 3843 volunt,

493 3874 810 3931 substantia
847 3889 955 3928 non
985 3873 1226 3934 exsistit,
1261 3871 1393 3941 quid
1424 3886 1606 3926 causa:
1634 3880 1720 3928 est
1752 3887 1854 3926 cur
1880 3870 2076 3927 beatus

495 3964 792 4021 Psalmista
822 3963 994 4019 cados
1042 3963 1377 4017 transituros
1404 3970 1590 4026 canat,
1620 3969 1676 4017 et
1717 3961 1865 4017 sicut
1906 3960 2072 4017 vesti-

495 4065 746 4111 mentum
781 4055 1150 4109 inveteratttm
1185 4052 1275 4114 iri,
1317 4053 1366 4106 ei
1405 4059 1587 4107 autem
1620 4053 1770 4107 velut
1812 4051 2072 4106 eximium

494 4145 761 4216 quiddam
815 4161 881 4201 ac
927 4145 1208 4217 singulare
1242 4144 1470 4206 tribuat,
1519 4144 1712 4199 dicens
1746 4162 1759 4198 :
1797 4161 1817 4196 ι
1857 4142 1936 4197 Tu
1976 4157 2076 4197 au-

496 4250 606 4296 tem
646 4238 791 4295 idem
841 4240 958 4309 ipse
986 4253 1070 4304 es,
1101 4247 1157 4294 et
1191 4238 1323 4292 anni
1370 4237 1448 4291 tui
1481 4251 1590 4291 non
1643 4236 1906 4291 deﬁcient
1935 4234 1999 4287 η.
2047 4252 2068 4286 ι

495 4337 604 4388 Aut
633 4332 784 4388 enim
825 4332 949 4402 ipse
997 4330 1285 4386 nobiscum
1336 4331 1583 4386 interibit
1619 4344 1684 4384 ac
1713 4327 1952 4392 deliciet,
1982 4334 2072 4382 ut-

496 4436 622 4497 pote
658 4423 903 4495 ejusdem
941 4433 1175 4487 naturae,
1220 4439 1321 4477 nec
1352 4424 1592 4492 amplius
1625 4422 1735 4475 vita
1783 4435 1905 4476 esse
1938 4435 2072 4474 con-

2162 1941 2312 2014 ζωῆς
2352 1944 2621 2015 χρῄζοντα
2661 1941 2755 1996 τοῖ’)
2801 1939 2954 1994 Υἱοῦ.
2990 1939 3168 2002 Μόνος
3200 1936 3306 2008 ἀρα
3345 1936 3492 1989 ἐστὶν
3519 1935 3549 1987 ὁ
3575 1933 3748 1988 Μονο-

2162 2037 2326 2108 γενὴς
2358 2035 2500 2090 κατά
2532 2034 2694 2106 φύσιν
2722 2033 2857 2102 ζωὴ,
2888 2031 2982 2086 καὶ
3017 2032 3119 2085 οὒκ
3146 2030 3205 2082 ὲν
3233 2030 3346 2091 τοῖς
3374 2027 3621 2097 γενητοῖς
3661 2024 3750 2078 διά

2162 2125 2322 2180 τοῦτο
2345 2125 2649 2193 τετάξεται,
2666 2123 2874 2186 ἀλλἐίς
2906 2121 3008 2193 τὴν
3031 2120 3124 2174 τού
3151 2120 3404 2183 τεκόντος
3431 2118 3594 2173 αὐτὸν
3623 2117 3751 2170 ἀνα-

2164 2219 2393 2291 ϐήσεται
2439 2217 2632 2287 φύσιν·
2673 2214 2788 2287 ζωὴ
2816 2213 2925 2286 γάρ
2978 2212 3122 2269 κατά
3160 2213 3321 2284 φύσιν
3348 2211 3441 2268 καὶ
3468 2211 3498 2264 ὁ
3539 2210 3748 2280 Πατήρ.

2236 2396 2443 2450 ΑΛΛΟ.
2490 2393 2613 2466 Ζωὴ
2641 2393 2782 2448 κατὰ
2825 2392 2987 2463 φύσιν
3018 2389 3282 2462 ὑπάρχων
3319 2392 3348 2444 6
3387 2389 3538 2453 Υἱὸς,
3561 2386 3752 2458 ἕτερός

2164 2485 2285 2540 ἐστι
2312 2485 2467 2556 παρά
2485 2485 2584 2554 τὴν
2611 2483 2809 2550 κτίσιν,
2839 2481 2998 2553 δῆλον
3027 2480 3084 2535 δὲ
3113 2481 3194 2534 ὅτι
3225 2478 3368 2534 κατά
3385 2478 3485 2550 τὴν
3509 2476 3691 2546 φύσιν,
3714 2475 3748 2544 ἢ

2165 2575 2409 2650 ὀμοφυὴς
2451 2575 2646 2648 ταύτῃ.
2701 2575 2762 2628 EI
2827 2572 2927 2643 μὲν
2971 2567 3064 2626 οὖν
3108 2570 3354 2642 ὁμοφυής
3393 2568 3458 2623 τέ
3504 2569 3624 2621 ἐστι
3660 2565 3755 2619 καὶ

2164 2669 2448 2742 ὀμοούσιος
2473 2711 2488 2734 ,
2512 2667 2630 2730 πῶς
2669 2667 2731 2721 οὐ
2776 2664 3128 2736 διαψεύσεται
3169 2662 3363 2730 λέγων,
3400 2678 3422 2712 ι
3469 2657 3614 2728 Ἐγὼ
3635 2656 3753 2727 είμι

2164 2763 2193 2817 ὁ
2233 2763 2397 2833 ἄρτος
2423 2760 2524 2830 τῆς
2552 2759 2697 2829 ζωῆς
2724 2760 2752 2812 ὁ
2777 2755 3121 2812 κατασαίνων
3148 2755 3214 2809 ἐκ
3239 2751 3334 2807 τοῦ
3369 2750 3623 2823 ούρανοῦ.
3659 2749 3754 2802 καὶ

2166 2853 2310 2925 ζωὴν
2340 2851 2514 2915 διδοὺς
2541 2848 2619 2920 τῷ
2659 2849 2870 2919 κόσμῳς
2906 2866 2926 2900 ι
2961 2848 3117 2918 Ἔχει
3150 2847 3316 2917 γὰρὴ
3347 2845 3524 2908 κτίσις
3545 2842 3755 2898 οἴκοθεν

2165 2945 2226 2999 τὸ
2264 2939 2405 2997 εἶναι
2453 2942 2586 3014 ζωή·
2621 2941 2734 3012 ζωὴ
2766 2940 2820 2994 δὲ
2865 2937 3012 3008 ζωῆς
3052 2937 3339 3009 ἀμέτοχος,
3381 2936 3469 2989 ἶνιν⁵
3497 2935 3756 3005 φαίνηται
3861 2933 3864 2936 ’

2167 3035 2306 3108 ζωή.
2344 3035 2405 3089 EI
2434 3033 2491 3087 δὲ
2519 3034 2621 3086 οὐκ
2661 3031 2810 3085 ἔστιν
2833 3028 3099 3102 ὁμοφυὴς.
3130 3029 3226 3083 καὶ
3269 3028 3331 3082 τὸ
3367 3021 3505 3081 εἶναι
3526 3023 3756 3096 γενητὸς

2169 3125 2546 3197 διαφεύξεται,
2577 3121 2910 3188 συνεξέλκων
2956 3119 3134 3192 ἑαυτῷ
3164 3121 3266 3192 τῆς
3303 3119 3534 3183 κτίσεως
3572 3117 3668 3170 καὶ
3692 3115 3758 3168 τι

2175 3218 2305 3272 ἴδιον
2364 3215 2588 3286 ἀγαθόν.
2623 3213 2700 3268 Οὐ
2745 3212 2852 3285 γάρ
2894 3214 2928 3284 ἡ
2964 3212 3144 3276 κτίσις
3191 3211 3347 3266 ἔσται
3397 3209 3544 3265 κατά
3591 3208 3753 3280 φύσιν

2173 3311 2288 3383 ζωὴ
2305 3351 2324 3378 ,
2347 3307 2493 3381 ζωῆς
2520 3307 2579 3362 δὲ
2603 3305 2802 3378 μᾶλλον
2835 3303 3064 3375 δεομένη
3091 3303 3188 3360 καὶ
3222 3301 3472 3375 μέτοχος.

2244 3593 2448 3651 ΑΛΛΟ.
2474 3591 2539 3646 Εί
2565 3590 2679 3660 ζωὴ
2721 3587 2866 3644 κατά
2909 3586 3072 3659 φύσιν
3099 3586 3363 3658 ὑπάρχων
3389 3585 3417 3640 ὁ
3443 3583 3590 3648 Υίὺς,
3630 3583 3759 3653 ὀμο-

2175 3689 2320 3759 φυής
2345 3689 2462 3739 ἐστι
2486 3686 2598 3748 τοῖς
2631 3681 3047 3754 πεποιημένοις,
3078 3679 3166 3734 διά
3193 3679 3255 3733 τὸ
3301 3677 3375 3749 μὴ
3402 3677 3668 3748 ὑπάρχειν
3698 3676 3762 3728 ἐκ

2173 3781 2274 3850 τῆς
2321 3778 2511 3842 οὐσίας
2535 3775 2635 3830 τοῦ
2659 3775 2795 3829 Θεοῦ
2829 3774 2925 3828 καὶ
2967 3772 3200 3845 Πατρὺς,
3237 3771 3380 3825 κατά
3412 3786 3476 3838 γε
3506 3769 3600 3822 τὸν
3631 3767 3761 3838 παρ’

2177 3870 2406 3934 ἐκείνοις
2435 3869 2609 3938 λόγον·
2641 3868 2765 3921 ὅτου
2788 3867 2852 3938 δὴ
2886 3866 3046 3938 χάριν
3083 3867 3113 3918 ὁ
3144 3862 3411 3935 μακάριος
3434 3859 3762 3930 Ψαλμῳδὺς,

2173 3962 2434 4036 οὐρανοὺς
2465 3959 2566 4030 μὲν
2615 3957 2912 4014 ἀπολέσθαι
2957 3955 3122 4028 φησὶ,
3155 3955 3251 4009 καὶ
3283 3955 3360 4018 ὡς
3406 3953 3620 4024 ἱμάτιον
3653 3967 3761 4005 πα-

2173 4051 2575 4126 λαιωθήσεσθαι
2596 4068 2610 4081 ·
2639 4051 2768 4105 ῐδιον
2799 4049 2858 4105 δὲ
2899 4049 3090 4120 ὥσπερ
3120 4046 3353 4102 ἀνετίθει
3392 4045 3561 4116 γέρας
3589 4042 3759 4114 αὐτῷ,

2180 4165 2200 4199 ι
2240 4148 2312 4200 Σὺ
2339 4145 2396 4198 δὲ
2429 4147 2457 4199 ὁ
2484 4143 2651 4207 αὐτὸς
2681 4137 2761 4208 εἴ,
2794 4160 2812 4194 ι
2847 4139 3006 4211 βοῶν,
3043 4158 3062 4192 ι
3091 4139 3185 4193 καὶ
3205 4138 3274 4192 τά
3294 4138 3390 4206 ἔτη
3425 4153 3519 4191 σου
3545 4135 3644 4188 οὐκ
3675 4136 3764 4187 ὲκ-

2173 4238 2469 4309 λείψουσιν;
2505 4255 2524 4288 ι
2555 4236 2626 4289 Ἦ
2650 4235 2758 4306 γὰρ
2783 4235 3086 4294 ἀπολεῖται,
3121 4231 3216 4284 xui.
3241 4228 3482 4298 ἐκλείψει
3506 4228 3603 4280 σὺν
3632 4227 3764 4296 ἡμῖν

2172 4332 2248 4396 ὡς
2270 4329 2536 4402 ὁμοφυὴς,
2569 4329 2664 4381 καὶ
2689 4326 2872 4381 οὐκέτι
2908 4324 3230 4396 νοηθήσεται
3259 4321 3393 4392 ζωή·
3417 4320 3450 4390 ἢ
3494 4317 3590 4372 καὶ
3617 4318 3766 4388 ἡμᾶς

2174 4421 2256 4484 είς
2282 4419 2343 4473 τὸ
2380 4416 2642 4480 ὡσαύτως
2670 4415 2814 4486 ἔχειν
2843 4415 2930 4469 ἀεὶ
2949 4455 2963 4478 ,
2995 4412 3090 4466 καὶ
3117 4413 3197 4475 εἱς
3226 4409 3579 4465 ἀνέκλειπτον
3630 4406 3766 4459 ἐτῶν

497 4518 709 4573 sebitur
737 4535 751 4570 :
783 4523 882 4571 aut
911 4530 1018 4570 nos
1052 4516 1106 4570 in
1148 4523 1351 4569 statum
1395 4512 1788 4567 immutabilem
1819 4517 1875 4566 et
1914 4509 2066 4565 inde-

2176 4509 2429 4581 ἀριθμὸν,
2460 4508 2557 4561 καὶ
2598 4509 2677 4570 εἰς
2709 4507 2771 4560 τὸ
2797 4501 2937 4559 εἶναι
2967 4503 3110 4575 ζωὴν
3136 4500 3478 4569 ἀνελκύσειὴ
3510 4499 3646 4569 πρὸς
3673 4497 3768 4550 αύ-

498 4607 773 4664 ﬂcientem
837 4620 1111 4661 annorum
1181 4619 1494 4668 numerum,
1549 4609 1718 4672 atque
1773 4609 1834 4655 ut
1895 4600 2066 4656 simus

2174 4601 2266 4656 τὸν
2320 4600 2588 4668 συνάφεια
2637 4597 2859 4668 φυσική.
2923 4594 3084 4649 Ἀλλά
3139 4594 3246 4665 μὴν
3294 4591 3406 4658 ἕξει
3457 4589 3556 4660 μὲν
3602 4586 3766 4647 αὐτὸς

497 4701 630 4765 vita,
675 4699 999 4768 conjunctio
1051 4712 1176 4751 cum
1237 4698 1360 4766 ipso
1419 4694 1692 4750 naturalis
1748 4709 1851 4749 nos
1911 4693 2066 4748 simul

2180 4692 2444 4755 ὡσαύτως
2477 4692 2584 4754 ἀεὶ,
2610 4691 2773 4761 ἡμεῖς
2803 4687 2860 4742 δὲ
2895 4685 3219 4756 ἐκλείψομεν
3243 4701 3254 4712 ·
3280 4684 3382 4736 οὐκ
3406 4681 3515 4752 ἀρα
3542 4675 3767 4748 γενητὸς

498 4788 805 4859 ιιειίιυειιει.
829 4787 996 4858 Atqui
1021 4787 1075 4841 in
1100 4785 1292 4842 eodem
1325 4801 1546 4856 semper
1581 4785 1698 4855 ipse
1729 4783 2066 4854 permanebit

2178 4789 2254 4850 ὡς
2305 4786 2501 4856 ἡμεῖς·
2528 4783 2643 4836 ἀλλ’
2688 4781 2920 4853 ἐπείπερ
2979 4778 3128 4833 ἐστὶν
3177 4779 3242 4830 ὲκ
3271 4775 3369 4845 τῆς
3417 4771 3559 4826 κατὰ
3605 4769 3769 4840 φύσιν

499 4888 670 4942 statu,
699 4894 801 4934 nos
834 4887 1015 4934 autem
1053 4877 1394 4934 deﬁciemus.
1454 4879 1571 4935 Non
1610 4894 1742 4949 ergo
1773 4879 1939 4934 sicut:
1976 4893 2066 4934 not

2181 4876 2325 4945 ζωῆς
2349 4913 2366 4939 ,
2395 4872 2723 4943 ζωογονήσει
2751 4871 2846 4925 καὶ
2890 4869 3051 4934 αὐτὸς
3088 4867 3163 4932 ὡς
3207 4865 3321 4936 ζωὴ
3353 4863 3421 4918 τά
3459 4861 3606 4932 ζωῆς
3647 4859 3767 4913 δεό-

497 4980 726 5029 creatus
763 4979 845 5026 est
877 4989 890 5025 :
919 4970 1016 5027 sed
1053 4986 1180 5025 cum
1222 4987 1288 5024 ex
1319 4971 1432 5024 vita
1479 4971 1718 5026 naturali
1777 4972 1868 5036 sit,
1902 4969 2080 5024 viviﬁ-

497 5067 650 5123 cabit
674 5065 840 5119 etiam
882 5063 1017 5132 ipse,
1045 5075 1106 5119 ut
1129 5065 1260 5126 vita,
1288 5078 1352 5118 ea
1385 5079 1508 5133 quae
1539 5065 1664 5118 vitae
1699 5063 1964 5132 indigent.

575 5156 810 5214 ALIUD.
849 5156 905 5212 Si
938 5156 1027 5213 sui
1072 5156 1249 5226 ipsius
1279 5155 1419 5208 nihil
1455 5163 1540 5209 est
1572 5155 1871 5224 particeps,
1910 5152 2078 5210 Ultri-

2184 4983 2453 5113 μεΧΪΔΟ.
2495 5057 2558 5110 EI
2579 5055 2730 5110 οὐδὲν
2765 5051 2955 5108 ἑαυτοῦ
2985 5051 3232 5123 μέτοχον,
3266 5043 3558 5118 μετέχειδὲ
3589 5043 3622 5112 ἠ
3651 5041 3769 5094 κτί-

2184 5169 2265 5216 σις
2294 5152 2370 5216 ὼς
2398 5150 2565 5220 ζωῆς,
2592 5149 2686 5202 τοῦ
2720 5143 2961 5218 Χριστοῦ
2993 5160 3006 5172 ·
3039 5143 3141 5196 οὐκ
3173 5140 3283 5210 ἄρα
3315 5140 3349 5207 ἡ
3377 5134 3556 5199 κτίσις
3585 5132 3770 5198 αὐτὸς,

501 5259 649 5306 stum
677 5258 888 5310 autem,
918 5257 977 5301 ut
1012 5249 1204 5312 vitam,
1225 5252 1478 5299 creatura
1503 5244 1796 5314 patlicipal.
1816 5263 1830 5299 :
1854 5259 1961 5299 non
1996 5259 2066 5300 εει

2182 5245 2297 5301 ἀλλ’
2317 5244 2440 5298 οὐδὲ
2464 5245 2496 5314 ἡ
2527 5242 2702 5306 κτίσις
2730 5239 2864 5310 ζωὴ,
2888 5239 3024 5307 ὅπερ
3054 5233 3202 5289 ἐστὶν
3224 5233 3253 5286 ὁ
3286 5229 3436 5293 Υἱός.
3467 5309 3483 5316 -

499 5357 632 5414 ergo
673 5340 793 5413 ipse
839 5347 1116 5405 creatura,
1162 5336 1258 5393 sed
1305 5351 1480 5407 neque
1531 5344 1784 5391 creatura
1827 5337 2080 5402 estvita,

500 5433 649 5506 quod
680 5441 768 5490 est
790 5428 986 5487 Filius.

580 5524 807 5582 ALIUD.
849 5524 908 5580 Si
942 5522 1091 5580 aliud
1125 5531 1209 5578 est
1248 5520 1548 5589 vit'ilicare,
1587 5518 1735 5574 aliud
1777 5533 1908 5574 vero
1941 5517 2081 5572 vivi-

508 5619 685 5685 ﬁcari,
727 5620 871 5676 sicut
909 5634 1070 5692 agere
1126 5627 1180 5674 et
1237 5617 1371 5687 pati.
1446 5628 1501 5672 et
1562 5614 1804 5670 viviﬁcat
1855 5612 2078 5685 quidem

589 5782 631 5814 ”
665 5795 823 5856 Idan.
862 5815 912 5852 vt
937 5837 952 5864 ,
986 5799 1080 5853 '53.
1168 5799 1209 5831 ¹³
1249 5797 1394 5855 Psal.
1430 5814 1503 5867 et,
1540 5798 1608 5852 '28
1641 5813 1656 5864 ;
1694 5797 1858 5855 llebr.
1893 5815 1930 5864 I,
1973 5797 2055 5850 12.

2262 5513 2463 5566 ΛΛΛΟ.
2495 5510 2554 5564 ΕΞ
2580 5509 2637 5562 τὺ
2662 5506 2942 5572 ζωοποιεῖν
2966 5503 3051 5556 ἓτε
3062 5500 3152 5572 ρόν
3175 5498 3313 5561 ἐστι,
3339 5493 3401 5548 τὸ
3439 5492 3495 5546 δὲ
3518 5491 3774 5556 {tuomst-

2191 5607 2312 5661 σθαι
2353 5605 2568 5674 ἕτερον,
2619 5602 2694 5665 ὡς
2743 5599 2994 5672 ἐνέργεια
3034 5595 3126 5650 καὶ
3161 5589 3368 5656 πάθος,
3399 5586 3491 5641 καὶ
3521 5585 3778 5649 ζωοποιοί
