4092 6274
304 398 375 456 9:5
1355 383 1422 440 IN
1461 380 1754 440 JOA‘NNIS
1781 379 2255 441 EVANGELIUM.
2282 384 2410 442 LIB.
2451 387 2493 442 Ι.
3505 390 3580 447 94

308 517 408 590 μιν
435 509 466 567 6
495 507 646 572 Υίὸς,
681 505 1022 571 ζωοποιεῖται
1048 500 1106 554 δέ
1135 503 1170 574 ή
1196 501 1392 564 κτίσις·
1417 500 1519 554 οὑκ
1559 499 1673 573 ἄρα
1698 497 1897 554 ταυτὸν

2018 497 2199 564 Filius.
2261 511 2519 558 creatura
2577 509 2762 558 autem
2815 501 3126 557 riviﬂeatur
3170 520 3183 556 :
3232 518 3343 558 non
3407 503 3580 574 igitur

311 599 434 672 Υίὸς
481 602 574 656 καὶ
605 599 801 662 κτίσις,
833 595 956 651 ἐπεὶ
997 593 1134 666 μηδέ
1153 594 1216 648 τὸ
1247 591 1503 662 ἐνεργοῦν
1525 591 1606 664 τῷ
1637 593 1893 663 ἐνεργου-

2021 593 2145 648 dem
2200 601 2288 653 est
2340 592 2514 650 Filius
2564 603 2622 650 et
2667 603 2948 663 creatura,
2979 603 3041 650 ut
3069 609 3250 668 neque
3281 593 3430 665 quod
3465 597 3580 670 agit

307 695 476 768 μένῳ.
1996 686 2144 742 idem
2185 695 2274 742 est
2314 699 2440 742 cum
2471 700 2538 743 eo
2569 687 2715 758 quod
2748 685 2953 757 agitur.

917 775 1173 832 ΚΕΦΑΛ.
1204 778 1280 832 Z'.

2634 777 2788 834 CAP.
2832 776 2946 833 VII.

307 877 442 960 Ὀτι
468 869 771 960 escam
800 869 992 960 22.3%th-
1026 869 1200 951 ἐσείν
1224 868 1444 960 όφίός,
1464 866 1575 950 καί
1593 865 1693 960 διξὰ
1717 865 1898 960 tofm:

2018 868 2161 960 Quod
2199 869 2612 960 ίιιξερεειιιόιιιιι
2652 879 2903 960 nutunutu
3047 867 3246 960 ξξίὲριε,
3277 878 3340 960 e'tI
3357 868 3582 952 proinde

957 938 1182 1029 esse
1209 938 1435 1029 ,οὐσίας
1471 936 1766 1029 τούρεξῆ
1798 935 1896 1029 τοι

2031 935 2038 936 ί
2071 959 2177 1029 non
2225 940 2582 1029 creatusaut!
2619 955 2686 994 ea:
2730 937 3034 994 substantia
3069 938 3165 994 Dei
3207 955 3271 994 ac
3295 935 3498 1004 Putris.
3523 949 3580 993 ut

377 1005 648 1098 Παξρὸςζ
683 1011 764 1075 ὡς
811 1006 938 1078 φῶς
976 1005 1270 1079 “noti-6r
1335 1009 1406 1064 ἐκ
1450 1008 1647 1078 φωτὸς
1688 1005 1896 1062 ἅλυσιν

378 1105 513 1143 νου.

2071 1011 2167 1066 lux
2198 1029 2320 1068 vera
2355 1011 2422 1064 de
2452 1010 2566 1064 luce
2597 1026 2738 1064 uera.

378 1177 488 1235 Καὶ
520 1175 632 1246 ζωὴ
667 1170 747 1246 ἦν·
787 1172 854 1229 τὸ
884 1170 1011 1243 φῶς
1042 1168 1163 1224 τῶν
1183 1167 1528 1237 ἀνθρώπων.

377 1272 490 1325 Καὶ
539 1268 628 1323 διά
673 1267 879 1322 τούτων
931 1266 1064 1337 ήμῖν
1095 1263 1124 1317 6
1180 1261 1450 1333 μακάριος
1510 1253 1903 1326 εύαγγελιστὴς

2074 1167 2112 1226 Ι.
2147 1169 2201 1225 4.
2238 1168 2304 1224 Et
2335 1170 2444 1223 vita
2471 1175 2586 1222 erat
2619 1166 2712 1220 lux
2744 1163 3037 1220 hominum.

2075 1263 2274 1319 Beatus
2300 1262 2643 1333 evangelista
2675 1259 2838 1314 nobis
2861 1259 3027 1314 etiam
3058 1257 3147 1313 bis
3177 1255 3364 1312 verbis
3392 1263 3584 1311 osten-

309 1361 444 1416 Θεὸν
469 1360 598 1434 ὄντα
632 1356 774 1412 κατά
810 1355 972 1425 φύσιν
1018 1351 1347 1407 ἐπιδεικνύει
1374 1351 1465 1405 τὸν
1495 1349 1644 1416 Υίὸν,
1675 1345 1904 1404 καὶτῶν

309 1450 406 1504 τοῦ
440 1449 806 1519 γεννήσαντος
836 1442 1059 1514 ἀγαθῶν
1082 1439 1357 1507 οὑσιωδῶς
1386 1439 1743 1512 κληρονόμον.
1763 1439 1906 1510 Προ-

310 1541 492 1609 δείξας
521 1539 631 1612 γὰρ
676 1539 760 1592 ὅτι
799 1535 915 1604 ζωή
945 1533 1088 1589 κατά
1124 1531 1284 1602 φύσιν
1314 1531 1578 1602 ὑπάρχων
1597 1569 1612 1597 ,
1648 1529 1811 1593 αὑτὸς
1835 1524 1906 1600 ἦν

311 1636 370 1686 ἐν
391 1635 526 1688 πᾶσι
551 1633 662 1695 τοῖς
690 1629 754 1682 δι’
779 1627 944 1681 αὑτοῦ
972 1625 1307 1695 γενομένοις,
1338 1624 1582 1693 συνέχων
1634 1620 1778 1675 αὑτά
1809 1618 1906 1673 καὶ

316 1722 623 1790 ζωογονῶν,
656 1720 752 1773 καὶ
779 1719 844 1771 ἐκ
883 1717 960 1789 μὴ
1003 1716 1174 1770 όντων
1211 1716 1292 1778 είς
1330 1714 1394 1768 τὸ
1432 1712 1571 1768 εἶναι
1616 1712 1907 1785 παρελθεῖν

2001 1355 2083 1412 dit
2114 1352 2287 1410 Deum
2321 1361 2516 1408 natura
2547 1368 2647 1409 sua
2685 1350 2884 1406 Filium
2911 1349 3201 1414 exsistere,
3231 1355 3287 1404 et
3311 1347 3581 1403 bonorum

2002 1447 2184 1504 Patris
2219 1447 2662 1506 substantialiter
2703 1443 2995 1501 haeredem.
3033 1443 3172 1497 Cum
3219 1442 3368 1498 enim
3427 1440 3584 1512 prius

2005 1537 2255 1594 docuerit
2301 1537 2469 1592 vitam
2535 1534 2842 1592 secundum
2909 1543 3168 1589 naturam
3225 1533 3583 1591 exsisteutcm

2005 1628 2187 1701 ipsum
2251 1629 2308 1683 in
2377 1626 2639 1684 omnibus
2696 1641 2725 1681 a
2789 1641 2849 1683 se
2893 1627 3099 1683 creatis
3173 1640 3336 1691 esse,
3411 1633 3586 1695 eaque

2007 1721 2292 1778 continere
2350 1733 2414 1774 ac
2461 1719 2762 1782 vivitlcare,
2796 1725 2852 1772 et
2898 1733 2930 1774 e
2975 1717 3146 1772 nihilo
3183 1717 3251 1773 ad
3286 1730 3413 1773 esse
3460 1730 3587 1786 pro-

319 1816 515 1884 ἀφάτῳ
553 1811 782 1881 δυνάμει
818 1806 1183 1880 δωρούμενος,
1219 1805 1316 1860 καὶ
1341 1804 1686 1877 γεγενημένα
1709 1804 1907 1858 διασώ-

2018 1815 2230 1879 dueere,
2263 1821 2317 1868 et
2347 1809 2612 1882 producta
2658 1823 3017 1874 conservare,
3047 1809 3113 1864 ad
3137 1800 3288 1864 'alias
3332 1815 3585 1863 contem-

321 1908 451 1970 ζων,
469 1903 554 1973 ἐφ’
581 1901 775 1972 ἑτέραν
797 1899 1014 1971 ἔρχεται
1045 1898 1335 1969 νοημάτων
1365 1897 1671 1969 διασκευὴν,
1702 1912 1906 1951 παντα-

321 1994 482 2066 χόθεν
528 1994 680 2064 ήμᾶς
710 1990 803 2043 ἐπὶ
853 1988 954 2060 τὴν
987 1987 1089 2058 τῆς
1118 1987 1375 2058 ἀληθείας
1409 1987 1710 2058 κατάληψιν
1751 2002 1902 2059 χειρ-

317 2085 577 2151 αγωγεῖν,
603 2083 686 2134 ὅτι
720 2079 784 2149 δὴ
822 2079 917 2132 καὶ
950 2077 1095 2150 μάλα
1123 2077 1410 2149 προσήκοι,
1432 2076 1902 2147 διενθυμούμενος.

2006 1905 2279 1980 plationes
2331 1917 2394 1958 se
2451 1897 2692 1964 confert,
2759 1897 3006 1968 undique
3062 1913 3164 1953 nos
3215 1897 3284 1952 ad
3337 1896 3589 1952 veritatis

2005 1993 2559 2068 comprehensionem
2591 1991 2953 2063 potissimum
2997 1989 3273 2046 deducere
3310 1995 3584 2045 statuens.

2005 2089 2198 2162 Itaque
2233 2089 2290 2144 in
2337 2086 2545 2144 creatis
2593 2086 2762 2141 rebus
2813 2082 3055 2139 Verbum
3101 2085 3300 2148 inerat,
3344 2091 3405 2137 ut
3447 2081 3585 2136 vita.

319 2174 530 2230 Οὐκοῦν
579 2175 692 2236 τοῖς
743 2169 1134 2242 γεγενημένοις
1179 2169 1209 2222 6
1244 2168 1418 2236 Λόγος
1457 2168 1794 2240 ἐνυπῆρχεν,
1827 2167 1906 2232 ὡς

2018 2185 2142 2239 Cum
2176 2189 2360 2237 autem
2405 2180 2572 2235 homo
2613 2179 2761 2234 inter
2793 2193 2892 2233 eas
2939 2176 3148 2232 animal
3193 2176 3266 2232 sit
3295 2174 3586 2237 rationale,

318 2269 452 2340 ζωή.
498 2264 718 2337 Ἐπειδὴ
741 2263 799 2317 δέ
829 2262 968 2328 ζῶον
991 2262 1050 2316 ἐν
1085 2261 1271 2322 αὐτοῖς
1301 2261 1394 2314 ἐπὶ
1419 2261 1522 2330 γῆς
1546 2259 1782 2328 λογικὸν,
1810 2258 1904 2313 νοῦ

2018 2272 2209 2329 mentis
2264 2277 2323 2327 et
2374 2269 2624 2326 scientiae
2671 2282 2866 2339 capax,
2921 2281 2987 2321 ac
3035 2265 3241 2321 divina
3305 2261 3590 2334 sapientia:

321 2380 382 2416 τε
402 2362 495 2416 καὶ
522 2361 832 2430 ἐπιστήμης
855 2355 1125 2421 δεκτικὸν,
1143 2357 1173 2408 6
1199 2353 1502 2426 ἄνθρωπος,
1517 2354 1611 2408 καὶ
1634 2353 1733 2424 τῆς
1750 2353 1903 2425 παρά

2018 2365 2312 2438 particeps,
2357 2359 2675 2418 necessario
2726 2358 2886 2415 nobis
2917 2357 3002 2411 vir
3032 2357 3125 2411 ille
3166 2355 3388 2410 divinus
3440 2353 3591 2409 illius

317 2452 453 2508 θεοῦ
479 2450 670 2522 σοφίας
692 2449 938 2523 μέτοχον·
955 2447 1266 2516 ἀναγκαίως
1301 2447 1435 2518 ἡμῖν
1469 2448 1498 2499 ό
1524 2443 1906 2516 πνευματοφόεο

2018 2473 2230 2530 quoque
2261 2454 2370 2528 5‘.
2396 2454 2677 2526 sapientiae
2706 2468 2826 2524 quae
2860 2452 2914 2506 in
2946 2449 3200 2506 homines
3233 2448 3404 2512 cadit,
3424 2447 3591 2519 largi-

319 2561 434 2617 ρος,
468 2543 562 2598 καὶ
591 2543 693 2613 τῆς
717 2543 775 2596 ἐν
803 2541 1111 2613 ἀνθρώποις
1137 2539 1328 2610 σοφίας
1369 2538 1601 2610 χορηγὸν
1641 2537 1771 2592 ὄντα
1812 2538 1908 2590 τὸν

2018 2559 2181 2604 torem
2223 2561 2348 2602 esse
2384 2543 2586 2600 Filium
2636 2543 2784 2599 clare
2829 2539 3094 2604 ostendit,
3139 2546 3200 2594 ut
3249 2537 3591 2609 intelligatur

317 2637 494 2707 Λόγον
510 2633 836 2690 ἐπιδεικνύει
869 2631 1074 2702 σαφῶς,
1093 2631 1179 2684 ἵνα
1193 2630 1377 2700 νοῆται
1395 2631 1461 2683 δι’
1490 2627 1620 2684 Υίοῦ
1650 2629 1828 2684 πάντα
1850 2631 1907 2684 ἐν

2018 2641 2155 2697 Deus
2188 2655 2256 2695 ac
2271 2638 2437 2695 Pater
2469 2652 2566 2708 per
2587 2633 2786 2691 Filium
2815 2632 3002 2688 omnia
3030 2632 3296 2687 exsistere
3327 2630 3382 2684 in
3413 2630 3592 2684 omni-

321 2730 488 2783 πᾶσιν
515 2728 776 2800 ὑπάρχων
793 2726 822 2778 6
839 2725 969 2786 Θεὸς
995 2724 1089 2776 καὶ
1106 2722 1314 2794 Πατήρ,
1330 2722 1445 2793 ζωὴ
1468 2721 1567 2793 μέν
1586 2723 1644 2776 ἐν
1663 2723 1776 2784 τοῖς
1794 2720 1910 2774 δεο-

2018 2735 2114 2792 bus
2151 2754 2164 2789 :
2199 2735 2314 2788 vita
2346 2732 2568 2804 quidem
2602 2729 2659 2784 in
2687 2729 2759 2783 iis
2785 2740 2909 2798 quae
2942 2725 3053 2779 vita
3077 2731 3132 2778 et
3164 2724 3286 2778 luce
3307 2721 3588 2791 indigent;

323 2820 505 2891 μένοις
537 2819 717 2889 ζωῆςο
749 2816 867 2888 φῶς
897 2815 952 2869 δέ
985 2815 1147 2869 πάλιν
1191 2814 1286 2868 καὶ
1327 2813 1467 2885 ζωὴ,
1522 2813 1580 2866 ἐν
1619 2814 1732 2876 τοῖς
1761 2811 1910 2883 ζωῆς

2018 2828 2104 2882 lus
2143 2827 2273 2880 item
2327 2833 2384 2880 et
2435 2823 2544 2877 vita
2584 2822 2640 2876 in
2689 2820 2758 2874 iis
2798 2832 2921 2888 quae
2946 2817 3058 2869 vita
3095 2823 3150 2869 et
3203 2815 3325 2868 luce
3375 2819 3586 2868 carent.

323 2913 418 2965 καὶ
446 2909 621 2980 φωτὸς
651 2908 913 2979 δεομένης
942 2908 1059 2977 lyp.
1093 2903 1417 2976 δεομένοις].
1465 2905 1576 2958 Καὶ
1621 2903 1708 2957 διὰ
1752 2902 1912 2956 τοῦτό

2018 2917 2254 2987 Ideoque
2291 2913 2370 2968 ait
2405 2932 2418 2967 :
2452 2930 2472 2965 ι
2517 2910 2582 2965 Et
2614 2910 2726 2964 vita
2763 2914 2886 2963 erat
2937 2905 3029 2959 lux
3081 2903 3392 2966 hominum,
3431 2921 3450 2953 ι
3486 2901 3592 2956 hoc

326 3019 481 3072 φηοιο
517 3021 536 3054 ι
567 3001 678 3055 Καὶ
703 3001 739 3072 ή
769 2997 883 3071 ζωὴ
909 2994 979 3070 ἦν
1002 2999 1062 3052 τὸ
1092 2997 1209 3067 φῶς
1227 2996 1336 3050 τῶν
1361 2993 1684 3070 ἀνθρώπωνο
1724 3014 1743 3049 ι
1765 2994 1911 3050 τοῦτ’

2018 3015 2098 3063 est
2149 3004 2336 3060 omnia
2385 3000 2670 3058 viviﬁcans
2728 2996 2875 3053 Deus
2937 2993 3208 3060 Verbum,
3257 2991 3349 3046 illa
3404 3005 3589 3046 rerum

327 3095 498 3160 ἐστιν,
524 3095 554 3148 6
575 3095 752 3148 πάντα
780 3089 1060 3160 ζωογονῶν
1096 3090 1228 3154 Θεὸς
1261 3089 1522 3163 Δόγοςμή
1545 3090 1604 3142 ἐν
1635 3089 1767 3142 πᾶσι
1800 3089 1910 3150 τοῖς

2018 3096 2261 3153 omnium
2293 3093 2503 3156 vita,et
2531 3089 2737 3144 animal
2765 3086 2995 3142 rationis
3025 3098 3255 3156 compos
3289 3081 3590 3144 illuminat,

330 3182 452 3241 οὖσι
505 3183 655 3256 ζωὴ,
687 3181 783 3236 καὶ
818 3181 880 3236 τὸ
928 3181 1143 3250 λογικὸν
1177 3179 1402 3250 φωτίζει
1454 3178 1613 3244 ζῶον,
1653 3179 1748 3232 καὶ
1795 3179 1907 3242 τοῖς

2018 3198 2065 3245 et
2093 3189 2160 3244 iis
2193 3201 2316 3257 quae
2341 3181 2717 3253 intelligentiae
2755 3187 2885 3236 sunt
2913 3176 3135 3248 capacia
3171 3174 3592 3246 intelligentiam

335 3277 604 3342 συνέσεως
633 3275 900 3338 δεκτικοῖς
931 3273 1028 3345 τὴν
1062 3273 1278 3327 σύνεσιν
1317 3270 1792 3342 ἐπιδαψιλεύεταιο
1827 3269 1914 3324 ἵνα

2018 3275 2218 3330 aﬂ'atim
2241 3273 2493 3341 largitur,
2508 3277 2568 3324 ut
2591 3283 2778 3325 verum
2801 3269 2873 3324 sit
2899 3266 3033 3321 illud
3057 3264 3203 3336 quod
3236 3263 3306 3319 de
3340 3271 3592 3317 creatura

334 3366 576 3439 σώζηται
628 3367 724 3420 καὶ
755 3365 911 3439 ίσχύῃ
948 3364 1128 3428 καλῶς
1157 3363 1217 3417 τὸ
1245 3365 1339 3418 ἐπὶ
1366 3366 1433 3434 τῇ
1482 3362 1658 3417 κτίσει
1687 3362 1916 3433 λεγόμε-

331 3477 425 3515 νον
445 3475 459 3489 ⁶
483 3479 502 3512 ι
540 3458 604 3511 Τί
629 3459 738 3530 γὰρ
765 3457 907 3529 ἔχεις
935 3455 963 3510 δ
991 3456 1092 3510 οὑκ
1128 3455 1352 3520 ἐλαὸες;
1377 3474 1395 3506 ι
1425 3455 1650 3509 Πλουτεί
1676 3453 1785 3524 γὰρ
1821 3453 1915 3508 οὑ-

328 3553 419 3608 δέν
448 3549 659 3606 οἴκοθεν
697 3552 732 3623 ἡ
781 3551 984 3620 γενητὴ
1027 3549 1122 3602 καὶ⁹
1161 3547 1504 3619 πεποιημένη
1549 3546 1734 3616 φύσις,
1798 3546 1916 3601 ἀλλ’

325 3645 467 3714 ὅπερ
512 3642 579 3696 ἂν
625 3641 824 3713 ἔχουσα
869 3642 1113 3710 φαίνοιτο
1136 3682 1150 3705 ,
1178 3639 1337 3693 τοῦτο
1374 3640 1594 3704 πάντως
1621 3641 1739 3716 ἐστὶ
1766 3639 1918 3712 παρά

325 3734 462 3790 Θεοῦ
492 3733 586 3787 τοῦ
609 3733 701 3786 καὶ
733 3732 794 3786 τὸ
824 3727 984 3795 εἶναι,
1019 3731 1113 3784 καὶ
1141 3732 1288 3794 ὅπως
1319 3730 1546 3783 ἕκαστον
1576 3725 1716 3784 εἶναι
1751 3747 1918 3800 προσ-

323 3829 448 3899 ήκει
504 3824 883 3897 χαριζομένου.
925 3821 998 3876 E5
1038 3822 1097 3875 δέ
1137 3821 1299 3875 πάλιν
1337 3821 1396 3873 τὸ
1427 3816 1495 3892 ἦν
1525 3821 1617 3873 sui.
1645 3821 1744 3890 τῆς
1771 3820 1918 3889 ζωῆς

320 3917 586 3979 τέθειται,
619 3913 706 3966 ἵνα
749 3912 999 3982 πανταχῆ
1029 3911 1091 3964 τὸ
1127 3911 1312 3973 άῐδίως
1359 3903 1498 3962 εἶναι
1542 3910 1784 3982 σημαίνῃ
1828 3910 1919 3962 τὸν

320 4006 524 4075 Λόγον,
561 4005 656 4058 καὶ
683 4004 782 4067 τὰς
827 4004 936 4057 τῶν
973 4003 1216 4074 ἀνοήτων
1248 4002 1515 4074 διακόπτῃ
1550 4001 1836 4072 φλυαρίας,
1860 4002 1920 4069 ἐξ

2015 3369 2250 3424 dicitur:
2280 3385 2298 3417 ι
2325 3362 2468 3432 Quid
2494 3361 2637 3416 enim
2665 3361 2834 3414 habes
2861 3357 3010 3428 quod
3040 3373 3149 3412 non
3172 3353 3433 3424 accepisti
3462 3352 3540 3404 ⁸δῖ
3572 3371 3592 3405 ι

2018 3461 2065 3515 Δ
2094 3474 2155 3515 se
2184 3459 2332 3513 enim
2370 3462 2555 3510 creata
2589 3461 2646 3508 et
2674 3451 2818 3506 facta
2862 3457 3060 3505 natura
3098 3446 3239 3502 nihil
3270 3445 3454 3507 habet,
3503 3443 3597 3498 sed

2019 3549 2390 3623 quodcunque
2420 3545 2626 3600 habere
2655 3543 2922 3606 cernitur,
2943 3540 3048 3594 hoc
3084 3538 3275 3608 utique
3298 3545 3380 3592 est
3411 3551 3440 3589 a
3463 3533 3596 3597 Deo.

2019 3639 2111 3712 qui
2162 3647 2215 3694 et
2265 3651 2388 3693 esse
2427 3642 2482 3691 et
2522 3631 2744 3698 essendi
2791 3631 3012 3685 modum
3064 3628 3320 3698 largitur.
3384 3624 3599 3681 Rursus

2019 3740 2228 3796 autem,
2268 3729 2426 3796 illud,
2458 3736 2594 3793 erat,
2643 3724 2711 3781 de
2741 3725 2852 3780 vita
2897 3723 3105 3778 dictum
3146 3729 3256 3784 est,
3291 3728 3350 3774 ut
3397 3719 3600 3788 ubique

2025 3824 2190 3881 Verbi
2236 3822 2598 3877 aeternitatem
2633 3815 2928 3887 signiﬁcet,
2961 3825 3016 3871 et
3056 3815 3382 3869 insanorum
3427 3825 3599 3877 nugas

2019 3920 2254 3979 resecet,
2280 3927 2401 3985 quae
2428 3909 2628 3965 Filium
2680 3906 2841 3962 nobis
2877 3921 2906 3961 e
2947 3903 3120 3958 nihilo
3159 3900 3424 3960 educunt,
3457 3897 3600 3966 quod

2023 4007 2244 4079 quidem
2284 4011 2434 4075 patet
2479 4002 2751 4056 universae
2792 3997 2885 4052 Dei
2936 4006 3244 4065 repugnare
3283 3989 3598 4057 Scriptum.

319 4099 424 4152 οὑκ
453 4096 630 4150 ὄντων
664 4096 794 4166 ήμῖν
828 4096 1189 4166 εἰσφερούσας
1227 4095 1319 4148 τὸν
1349 4095 1498 4157 Υίὸν,
1531 4095 1666 4164 ὅπερ
1697 4094 1790 4165 ὅλῃ
1824 4112 1916 4164 μαι-

2025 4077 2131 4154 Sed
2156 4098 2222 4153 de
2245 4095 2546 4151 aeternitate
2562 4091 2727 4147 Verbi
2746 4105 2871 4145 cum
2905 4086 3064 4140 Patre
3094 4100 3218 4138 cum
3241 4081 3352 4150 jam
3392 4087 3517 4131 ante
3548 4077 3601 4129 in

319 4187 562 4259 χόμενον
597 4183 846 4253 φαίνεται
884 4186 949 4255 τῇ
990 4183 1110 4255 θείᾳ
1145 4184 1356 4255 Γραφῇ.
1393 4183 1529 4254 Περὶ
1565 4183 1665 4254 μὲν
1705 4180 1798 4237 οὖν
1822 4185 1920 4255 τῆς

319 4277 422 4331 τοῦ
455 4275 635 4343 Λόγου
677 4274 813 4344 μετά
863 4276 1077 4345 Πατρὸς
1109 4277 1411 4347 ἀῖδιότητος
1433 4315 1448 4340 ,
1481 4275 1793 4348 ἀρκούντως
1819 4277 1921 4348 ήδη

321 4367 698 4438 διειληφότες,
753 4367 809 4420 ἐν
858 4384 914 4420 τε
966 4367 1044 4438 τῷ
1075 4367 1422 4440 προκειμένῳ
1472 4367 1664 4440 βιϐλίῳ
1719 4367 1922 4441 καὶτῷ

325 4462 454 4517 κατ’
482 4458 718 4529 ἐπίκλην
750 4459 1058 4527 Θησαυρῷ,
1101 4462 1259 4531 σιγᾷν
1286 4460 1430 4532 ἔχειν
1465 4461 1764 4532 οἰησόμεθα
1788 4461 1917 4516 δεῖν.

2025 4191 2128 4246 hoc
2145 4190 2285 4245 libro
2312 4196 2366 4244 et
2381 4202 2446 4242 eo
2462 4185 2554 4256 qui
2577 4183 2877 4239 Thesaurus
2904 4177 3201 4246 inscriptus
3223 4179 3327 4235 est,
3342 4177 3604 4222 tractave-

2027 4284 2222 4347 rimus,
2260 4279 2531 4335 silendum
2575 4283 2850 4346 putamus.
2879 4269 3033 4336 Quod
3061 4274 3241 4321 autem
3267 4277 3447 4316 rerum
3483 4277 3604 4328 pru-

2025 4365 2328 4445 pb‘sitarum
2375 4382 2570 4424 sensus
2617 4364 2776 4419 nobis
2821 4360 3016 4422 oll‘ert,
3064 4359 3168 4411 hoc
3211 4355 3400 4423 utique
3442 4351 3604 4422 perli-

2028 4443 2219 4522 benter
2305 4461 2486 4533 quoad
2570 4459 2700 4512 licet
2781 4448 3168 4514 examinando,
3219 4462 3344 4500 cum
3442 4443 3600 4498 nobis

331 4557 400 4609 ’0
427 4552 486 4607 δὲ
537 4551 603 4622 δὴ
651 4550 762 4604 τῶν
812 4551 1186 4620 προκειμένων
1228 4554 1469 4622 εἰσφέρει
1498 4553 1699 4623 μᾶλλον
1726 4555 1856 4625 ήμῖν
1884 4555 1916 4626 ή

2025 4557 2287 4631 prodesse
2349 4549 2723 4611 studebimus,
2771 4553 2884 4598 tum
2938 4541 3192 4612 posteris.
3247 4538 3357 4592 Deo
3406 4551 3602 4590 rursus

324 4647 565 4708 διάνοια,
603 4640 763 4697 τοῦτο
807 4641 900 4698 καὶ
933 4641 1080 4712 μάλα
1130 4641 1425 4713 προθύμως
1454 4645 1530 4707 ὡς
1570 4644 1651 4698 ένι
1688 4645 1920 4716 μάλιστα

329 4735 741 4810 βασανίζοντες,
767 4733 994 4797 ἑαυτούς
1027 4751 1087 4787 τε
1111 4733 1390 4805 ὠφελῆσαι
1422 4735 1922 4809 σπουδάσομεν,καὶ

317 4831 454 4894 ’τοὺς
508 4827 742 4897 ὕστερον
795 4825 1238 4896 ἐντευξομένους,
1269 4826 1405 4880 Θεοῦ
1440 4828 1601 4883 πάλιν
1631 4831 1796 4902 ἡμῖν,
1828 4830 1924 4885 καὶ

326 4921 524 4993 θύραν,
554 4920 653 4973 καὶ
675 4917 852 4989 στόμα
885 4921 997 4982 τοῖς
1022 4917 1201 4987 λόγοις
1224 4919 1549 4989 ἀνοίγοντος.
1575 4922 1641 4974 Τί
1679 4916 1773 4976 οὗν
1813 4923 1922 4993 ἄρα

329 5016 495 5070 πάλιν
523 5014 660 5085 ήμῖν
688 5014 716 5066 ό
755 5011 1141 5084 Χριστομάχος
1173 5014 1309 5084 ἐρεῖ,
1338 5014 1399 5068 τὸ
1429 5015 1543 5084 φῶς
1573 5015 1681 5069 τῶν
1715 5016 1926 5088 ἀνθρὼ-

328 5122 450 5158 πων
493 5103 784 5175 μανθάνων
839 5104 1108 5174 ὑπάρχειν
1157 5104 1257 5175 τὴν
1307 5104 1473 5176 ζωὴν,
1497 5106 1639 5160 τοῦτ’
1665 5107 1802 5173 ἔστι,
1835 5109 1925 5162 τὸν

326 5196 419 5256 ἀεὶ
447 5194 632 5260 ζῶντα
658 5193 792 5247 Θεὸν
819 5195 1016 5263 Λόγον;
1050 5196 1224 5259 ποίοις
1261 5197 1411 5268 ήμᾶς
1437 5200 1925 5266 καταοφενδονήσει

327 5289 642 5356 λογισμοῖς,
675 5285 803 5338 ὅταν
847 5288 923 5350 είς
972 5288 1134 5357 μέσον
1167 5289 1392 5360 ἥκωμεν
1423 5289 1694 5358 λέγοντεςο
1746 5293 1806 5344 Εἰ
1848 5293 1922 5362 μὴ

327 5379 460 5442 Θεὸς
493 5375 644 5430 κατά
697 5375 856 5442 φύσιν
895 5379 1038 5431 ἐστὶν
1065 5382 1093 5432 6
1125 5380 1271 5446 Υἱὸς,
1315 5383 1410 5435 καὶ
1458 5383 1558 5452 τῆς
1606 5381 1698 5435 τοῦ
1733 5385 1923 5454 γεννή-

330 5487 524 5533 σαντος
570 5465 765 5528 οὐσίας
799 5469 1029 5538 καρπὸς,
1061 5472 1110 5523 εί
1141 5472 1216 5543 μὴ
1256 5474 1373 5542 φῶς
1414 5475 1546 5543 ἡμῖν
1576 5473 1827 5545 ἀληθινὸν
1857 5477 1917 5528 ἐκ

332 5561 508 5631 φωτὸς
543 5559 851 5629 ἐξέλαμψεν
885 5561 1164 5632 ἀληθινοῦ,
1195 5564 1394 5631 ἔξωθεν
1431 5566 1487 5620 δὲ
1517 5567 1608 5620 καὶ
1635 5567 1796 5628 αὐτὸς
1825 5569 1922 5620 ὑπο

335 5651 464 5721 έστη
499 5657 594 5702 καί
618 5647 718 5720 τὴν
745 5647 902 5718 ὑμῶν
941 5651 1216 5721 ἀμαθίαν·
1243 5656 1486 5730 ὀμοφυὴς
1521 5658 1628 5730 ἄρα
1663 5658 1779 5710 ἐστὶ
1810 5660 1918 5720 τοῖς

405 5836 452 5872 ’⁵
492 5837 513 5894 Ι
545 5837 677 5894 Cor.
713 5854 790 5908 tv,
829 5840 880 5898 7.

2023 4629 2184 4707 nobis
2206 4650 2428 4720 januam
2453 4652 2508 4700 et
2538 4657 2600 4697 os
2625 4640 2691 4694 ad
2723 4635 3108 4694 disserendum
3141 4631 3439 4702 aperiente.
3459 4629 3599 4694 Quid

2021 4757 2152 4813 ergo
2193 4717 2352 4795 nobis
2399 4735 2595 4788 iterum
2663 4739 3036 4797 responsurus
3090 4729 3176 4776 est
3229 4719 3324 4773 Dei
3387 4717 3600 4780 hostis,

2024 4809 2200 4890 lucem
2237 4830 2517 4883 hominum
2584 4821 2814 4876 audiens
2841 4819 3007 4870 vitam
3049 4809 3464 4873 exsistere,hoc
3519 4815 3601 4860 est

2025 4937 2241 4993 semper
2277 4919 2468 4974 vivens
2495 4914 2662 4968 Deum
2693 4907 2972 4962 Verbum?
2996 4904 3197 4974 quibus
3229 4916 3329 4956 nos
3378 4899 3603 4968 impctet

2027 5013 2351 5073 rationibus,
2385 5010 2513 5063 dum
2563 5006 2617 5059 in
2674 5001 2912 5056 medium
2970 4996 3250 5067 prodimus
3305 4993 3599 5048 dicentes:

2027 5107 2142 5164 Nisi
2179 5106 2320 5161 Deus
2347 5099 2648 5157 secundum
2690 5103 2943 5148 naturam
2981 5091 3050 5146 sit
3083 5088 3278 5151 Filius,
3307 5096 3362 5141 et
3389 5085 3603 5139 [ructus

2027 5198 2354 5258 substantia:
2391 5193 2586 5256 Patris,
2621 5187 2724 5243 nisi
2775 5187 2868 5240 lux
2915 5183 3075 5238 nobis
3107 5196 3232 5236 vera
3278 5195 3344 5233 ex
3373 5177 3494 5231 luce
3521 5171 3602 5228 εἷς

2026 5291 2241 5349 fulserit
2270 5303 2418 5347 vera.
2451 5282 2546 5339 sed
2583 5283 2702 5350 ipse
2717 5289 2934 5348 quoque
2956 5271 3259 5344 productus
3293 5267 3363 5322 sit
3392 5264 3601 5319 extrin-

2025 5399 2210 5448 secus,
2257 5381 2415 5450 juxta
2456 5382 2693 5431 vestram
2725 5366 3034 5427 inscitiam;
3066 5359 3312 5429 ejusdem
3342 5367 3473 5423 ergo
3505 5367 3599 5420 ge-

2025 5477 2175 5534 neris
2203 5481 2289 5530 est
2338 5485 2460 5525 cum
2512 5465 2676 5521 rebus
2730 5458 2955 5520 creatis,
2989 5467 3089 5509 nec
3140 5454 3317 5518 potest
3369 5457 3599 5511 usquam

2025 5585 2148 5627 esse
2200 5581 2306 5621 non
2356 5567 2600 5617 creatus.
2639 5548 2924 5619 Quomodo
2980 5542 3167 5610 igitur,
3213 5551 3246 5588 ο
3278 5549 3397 5597 vos,
3449 5531 3601 5586 omni

2028 5625 2260 5719 stultitia
2311 5652 2477 5725 pleni,
2509 5650 2623 5722 ipsc
2673 5641 2892 5716 quidem
2951 5629 3244 5688 illuminat,
3291 5625 3371 5679 ha:
3421 5631 3598 5676 autem
