4092 6274
461 387 585 445 95'

1487 383 1546 441 S.
1585 385 1869 443 CYRILLI
1908 381 2384 442 ALEXANDI’ANI
2435 377 2759 438 ABCIIIEP.
3645 361 3717 423 οε

459 502 844 561 Iliuminantur
905 502 976 558 ab
1032 501 1191 574 ipso!
1219 500 1497 574 Numquid
1548 505 1695 559 enim
1752 504 1901 559 aliud
1952 511 2037 558 est

2139 500 2554 573 πεποιημένοις,
2594 498 2688 552 καὶ
2731 497 2794 549 τὸ
2831 487 2970 550 δῖναι
3018 493 3240 564 γενητὸς
3265 489 3561 564 οὐδαμόθεν
3596 491 3717 544 δια-

457 593 604 666 quod
642 593 937 660 illuminat,
967 594 1118 648 aliud
1145 593 1294 665 quod
1325 595 1712 650 illuminatnr?
1739 596 1908 668 Atqui
1935 612 2036 652 ne-

465 684 598 738 mini
627 684 1083 740 obscurnmistud
1101 698 1224 740 esse
1247 692 1442 754 potest.
1477 686 1539 741 Si
1565 687 1712 741 enim
1737 687 1878 742 idem
1911 703 2036 744 esse

460 775 832 831 concedamus
856 776 1120 847 qualitate
1150 778 1471 833 substantia
1499 786 1551 834 et
1587 779 1803 834 essendi
1831 781 1992 835 modo
2016 797 2033 835 :

462 867 595 938 quid
632 867 755 937 plus
781 875 868 922 est
900 868 956 922 in
986 881 1052 922 eo
1082 869 1229 940 quod
1275 869 1568 936 illuminat,
1601 878 1656 924 et
1696 869 1828 940 quid
1853 873 2035 928 minus

460 957 708 1013 vicissim
737 957 794 1012 in
809 973 876 1013 eo
901 959 1046 1029 quod
1068 959 1208 1015 lucis
1239 959 1478 1030 indiget?
1499 960 1766 1015 eritenim
1796 962 1851 1014 In
1880 971 2030 1016 utro-

463 1065 569 1120 que
599 1052 830 1105 alterum
856 1050 1125 1113 vicissim,
1145 1059 1200 1106 et
1220 1051 1310 1104 lux
1336 1051 1556 1121 quidem
1591 1053 1696 1106 erit
1726 1051 1873 1121 qdod
1897 1052 2038 1107 lucis

463 1137 692 1209 indiget,
712 1146 766 1194 et
784 1140 874 1193 lux
892 1139 1261 1195 confundetur
1275 1155 1402 1195 eum
1420 1156 1485 1197 eo
1509 1143 1653 1212 quod
1675 1141 2035 1203 illuminatur.

462 1229 626 1299 Atqui
651 1246 904 1301 magnam
933 1230 1020 1284 liie
1042 1230 1195 1286 vides
1217 1231 1321 1302 55
1343 1231 1609 1288 doctrina:
1632 1232 2033 1290 confusionem.

461 1318 706 1376 Necesse
733 1321 881 1376 enim
912 1328 997 1376 est
1021 1336 1084 1377 ea
1117 1337 1240 1391 qua:
1279 1331 1707 1395 commemorata
1741 1332 1872 1380 sunt
1894 1324 2037 1380 invi-

461 1423 579 1465 cem
624 1408 922 1479 distingui,
972 1417 1029 1464 et
1081 1411 1138 1465 in
1178 1411 1398 1481 propria
1440 1421 1638 1466 natura
1676 1413 1940 1469 collocari
1981 1415 2038 1468 id

461 1499 609 1569 quod
634 1499 842 1570 aliquid
869 1500 1184 1570 suppeditat
1206 1502 1439 1558 seorsim
1472 1503 1540 1557 ab
1566 1519 1632 1558 eo
1661 1505 1750 1559 cui
1781 1505 2040 1576 suppedi-

462 1597 535 1644 tat
548 1590 761 1645 nr.Non
783 1600 868 1648 est
893 1610 1023 1664 ergo
1047 1595 1295 1665 ejusdem
1321 1604 1536 1653 natura:
1549 1613 1680 1652 cum
1706 1599 1869 1654 rebus
1894 1613 2042 1655 crea-

462 1682 536 1734 tis
568 1679 762 1746 Filius,
783 1683 881 1738 sed
910 1684 964 1738 in
992 1686 1172 1740 Patris
1199 1687 1510 1742 substantia
1537 1689 1918 1754 collocabitur,
1949 1691 2040 1746 lux

461 1786 592 1826 vera
629 1772 696 1828 de
735 1773 859 1828 luce
906 1789 1036 1829 vera
1070 1776 1367 1832 exsistens.
1400 1777 1509 1830 Sed
1553 1793 1664 1832 non
1708 1779 1811 1833 erit
1855 1778 2040 1834 forsan

458 1858 684 1916 dillicile
740 1864 850 1919 huc
889 1865 1160 1920 translato
1191 1881 1445 1921 sermone
1489 1884 1600 1938 quo
1645 1879 1804 1924 antea
1840 1867 1880 1922 F
1887 1871 2038 1925 ilium

463 1953 631 2007 vitam
657 1969 802 2018 esse,
825 1963 880 2013 et
896 1956 1063 2010 alium
1088 1957 1156 2011 ab
1175 1959 1244 2013 iis
1263 1959 1316 2012 in
1338 1959 1539 2029 quibus
1561 1967 1646 2016 est
1670 1961 2036 2026 ostendimus,

465 2045 632 2113 hujus
666 2045 863 2116 capitis
903 2046 1106 2100 claram
1158 2049 1574 2118 explicationem
1621 2049 1832 2106 afferre.
1865 2050 2036 2117 Quem

462 2133 707 2189 laborem
730 2149 799 2190 ne
824 2135 948 2192 aliis
973 2137 1305 2207 relinquere,
1325 2146 1414 2193 aut
1446 2139 1713 2195 desidiam
1746 2141 1929 2195 colere
1959 2141 2040 2194 vi-

462 2223 617 2288 dear,
636 2240 832 2281 rursus
857 2241 961 2299 ego
990 2227 1105 2297 ipse
1125 2229 1565 2300 syllogismorum
1596 2246 1736 2301 quos
1763 2233 1917 2300 prius
1955 2239 2039 2284 at-

465 2313 691 2367 tulimus
731 2313 984 2379 formam,
1020 2319 1197 2387 quoad
1229 2327 1439 2388 potero,
1467 2329 1838 2375 transmutare
1877 2336 2042 2374 cona-

463 2401 582 2458 bor.
605 2403 672 2458 Ut
694 2409 837 2460 enim
864 2407 978 2462 illic
996 2409 1106 2462 vita
1131 2409 1436 2462 secundum
1465 2419 1718 2464 naturam
1742 2411 2040 2478 exsistens,

463 2496 716 2554 diversus
746 2501 814 2555 ab
848 2501 918 2556 iis
942 2503 997 2555 in
1035 2503 1239 2571 quibus
1262 2512 1346 2558 est
1376 2505 1591 2558 videtur
1621 2519 1635 2556 :
1668 2506 1740 2558 ita
1778 2505 1867 2560 hic
1905 2522 2043 2576 quo-

463 2605 574 2658 que
628 2591 722 2646 lux
772 2592 1056 2647 hominum
1106 2609 1230 2648 cum
1289 2611 1410 2650 esse
1460 2596 1694 2660 dicatur,
1727 2613 1792 2652 ac
1851 2614 2042 2654 revera

462 2680 556 2743 sit.
584 2681 726 2737 alius
775 2698 899 2738 esse
940 2683 1008 2736 ab
1049 2684 1116 2739 iis
1149 2687 1520 2754 comperietnr
1548 2702 1671 2756 qua:
1721 2686 1858 2742 lucis
1894 2687 2039 2741 indi-

463 2781 614 2842 gent,
640 2787 870 2842 eamque
903 2776 1250 2844 participant.
1285 2778 1342 2832 Id
1373 2785 1554 2833 autem
1587 2795 1651 2835 ex
1684 2781 2039 2850 sequentibus

463 2865 777 2921 accuratius
806 2880 1192 2935 agnoscemns.

2136 591 2412 662 φεύξεται.
2439 589 2565 653 Πῶς
2593 584 2709 652 οὖν,
2741 589 2771 642 6
2793 585 2905 658 [ίσ.
2923 579 2993 658 ὧι
3009 585 3190 654 πάσης
3216 577 3718 655 μωρὴςάνάπλεψ,

2135 679 2360 752 φωτίζει
2416 679 2514 751 μὲν
2550 678 2734 743 αὐτὸς,
2771 676 2840 730 τά
2867 674 2926 728 δὲ
2956 675 3047 729 ὑπ’
3079 673 3246 729 αὑτοῦ
3279 670 3616 750 φωτίζεται;
3646 674 3719 725 Ἢ

2134 772 2244 841 γὰρ
2271 769 2369 841 οὑχ
2399 768 2587 840 ἕτερον
2638 767 2736 836 μὲν
2774 765 2838 819 τὸ
2872 763 3108 834 φωτίζον
3149 763 3299 816 ἑστιν
3318 800 3334 827 ,
3360 761 3546 831 ἓτερον
3574 759 3632 812 δὲ
3659 759 3723 812 τὸ
3787 763 3790 767 ’

2136 861 2540 932 φωτιζόμενονς
2573 857 2714 912 Ἀλλ’
2745 856 2861 910 εστι
2896 855 3056 926 δῆλον
3101 855 3196 908 καὶ
3224 852 3389 908 παντί
3416 868 3494 923 τῳ
3528 850 3720 919 σαφές.

2137 957 2200 1010 Εἰ
2235 954 2344 1026 γὰρ
2379 952 2576 1006 ταυτὸν
2623 946 2763 1004 εἶναι
2798 946 3023 1018 δοίημεν
3044 985 3060 1011 ,
3095 947 3220 1000 ὅσον
3246 946 3328 1009 εις
3363 943 3549 1006 οὐσίας
3581 940 3723 994 ποιό-

2134 1062 2295 1116 τητα,
2317 1044 2414 1098 καὶ
2440 1043 2531 1097 τῦν
2554 1040 2648 1096 τοῦ
2678 1037 2794 1104 πῶς
2813 1035 2954 1094 εἶναι
2985 1036 3233 1106 λόγονοτί
3263 1035 3326 1088 τὸ
3356 1034 3521 1088 πλέον
3550 1033 3614 1085 ἂν
3641 1030 3720 1101 τῷ

2137 1134 2393 1205 φωτίζειν
2425 1133 2694 1205 ίσχύοντις
2726 1131 2859 1186 τίδὲ
2885 1131 2948 1185 τὸ
2971 1129 3192 1184 ἔλαττον
3220 1123 3376 1193 αὖθις
3405 1128 3463 1180 ὲν
3493 1125 3572 1196 τῷ
3604 1141 3717 1196 φω-

2136 1227 2229 1292 τὸς
2249 1225 2524 1298 δεομένῳς
2554 1223 2674 1296 ήξει
2704 1221 2814 1295 γάρ
2843 1222 2928 1277 ἐπ’
2960 1213 3164 1291 ἀμφοῖν
3183 1256 3200 1284 ,
3228 1218 3366 1289 ὅπερ
3399 1216 3466 1270 ἀν
3498 1216 3590 1278 τοι,
3628 1214 3722 1268 καὶ

2137 1317 2242 1373 ἀνά
2289 1319 2456 1390 μέρος
2504 1317 2591 1385 ἐφ’
2619 1313 2888 1384 ἐκατέρῳ·
2925 1313 3018 1366 καὶ
3065 1309 3180 1380 φῶς
3229 1309 3328 1380 μὲν
3374 1307 3527 1360 ἔσται
3556 1305 3616 1359 τὸ
3663 1307 3722 1360 ὲν

2137 1410 2298 1482 χρείᾳ
2343 1408 2541 1479 φωτὸς,
2569 1405 2631 1462 τὸ
2677 1405 2736 1460 δὲ
2771 1402 2886 1474 φῶς
2931 1401 3291 1472 ἀδιαφορήσει
3328 1396 3719 1468 φωτιζόμενον.

2151 1500 2312 1556 Ἀλλά
2337 1498 2506 1570 πολλή
2533 1514 2615 1561 τις
2642 1496 2701 1550 ὲν
2731 1494 2942 1556 τούτοις
2979 1494 3014 1564 ή
3047 1483 3157 1558 τῶν
3191 1489 3570 1561 θεωρημάτων
3593 1487 3723 1559 δρᾶ-

2139 1611 2229 1649 ται
2280 1593 2561 1664 σύγχυσις,
2589 1589 2684 1644 καὶ
2731 1587 3025 1656 ἀναγκαῖος
3071 1585 3204 1658 ήμῖν
3243 1582 3538 1650 ἀποτέμνει
3567 1579 3724 1648 λόγος

2140 1685 2248 1738 τῶν
2273 1681 2679 1754 ὀνομασθέντων
2711 1679 2973 1747 ἑκάτερον
2995 1693 3011 1708 ·
3038 1677 3095 1729 ἐν
3129 1673 3233 1746 ίδίᾳ
3259 1690 3319 1727 τε
3349 1671 3530 1743 τίθησι
3563 1670 3722 1740 φύσει

2140 1775 2203 1829 τὸ
2229 1772 2498 1847 χορηγοῦν
2532 1774 2591 1829 έν
2623 1769 2833 1833 τούτοις
2868 1766 3018 1840 παρά
3044 1765 3106 1820 τὸ
3139 1764 3564 1837 χορηγούμενον.
3611 1762 3724 1816 Οὔκ

2075 1837 2114 1892 Β
2143 1837 2262 1937 ἄρα.
2284 1837 2529 1936 όμτοφυὴς
2563 1864 2677 1926 τοῖς
2718 1837 3112 1929 πεποιημένοις
3139 1859 3168 1910 6
3196 1855 3323 1918 Υίδς
3343 1897 3358 1918 ,
3393 1853 3509 1908 ἀλλ’
3546 1855 3605 1907 έν
3655 1853 3720 1922 τῇ

2141 1955 2237 2025 τοῦ
2269 1954 2483 2027 Πατρδς
2525 1952 2684 2023 οὐσίᾳ
2714 1951 2955 2004 κείσεται
2976 1987 2991 2012 ,
3016 1947 3128 2018 φῶς
3171 1946 3425 2016 ἀληθινὸν
3459 1946 3523 1998 ὲκ
3547 1942 3722 2014 φωτὸς

2143 2047 2404 2118 ὑπάρχων
2456 2043 2730 2116 ἀληθινοῦ.
2768 2040 3016 2096 Χαλεπὸν
3043 2041 3101 2093 δὲ
3149 2039 3320 2105 οὐδὲν,
3347 2037 3438 2091 τὸν
3489 2035 3583 2090 ἐπὶ
3613 2036 3723 2098 τοῖς

2144 2136 2473 2210 προλαῦοὖσι
2507 2133 3050 2206 μεταρρυθμίζοντας
3078 2130 3254 2200 λόγον,
3272 2129 3330 2181 ὃν
3350 2127 3444 2180 ἐπὶ
3481 2125 3559 2198 τῷ
3585 2125 3723 2178 κατὰ

2143 2232 2306 2302 φύσιν
2342 2230 2606 2300 ὑπάρχειν
2635 2226 2778 2298 ζωὴν
2809 2225 2900 2280 τὸν
2946 2223 3076 2278 mw
3122 2218 3471 2289 πεποιήμεθα
3492 2259 3506 2282 ,
3539 2215 3724 2288 ἔτερόν

2139 2338 2199 2375 τε
2233 2320 2362 2374 ὄντα
2399 2318 2549 2390 παρά
2588 2318 2656 2370 τά
2707 2317 2764 2368 ὲν
2803 2311 2884 2378 οἷς
2915 2317 3063 2368 ἐστιν
3104 2308 3470 2379 ὲδεικνύομεν,
3505 2307 3596 2360 καὶ
3626 2305 3734 2377 τὴν

2142 2413 2200 2464 ὲν
2225 2411 2360 2481 τῷδε
2406 2409 2484 2480 τῷ
2527 2407 2805 2478 κεφαλαίῳ
2840 2401 3320 2474 διευκρινήσασθαι
3345 2398 3570 2468 γνῶσιν.
3602 2397 3726 2450 Ἐπὶ

2141 2502 2198 2556 δὲ
2235 2501 2330 2554 τοῦ
2367 2501 2440 2572 μὴ
2468 2500 2673 2570 ἑτέροις
2699 2499 2791 2552 τὸν
2820 2497 2911 2552 ἐπὶ
2936 2495 3144 2558 τούτοις
3172 2491 3496 2560 καταλείψαι
3523 2488 3688 2542 πόνον
3706 2528 3722 2552 ,

2142 2594 2175 2664 ἢ
2201 2594 2296 2648 καὶ
2328 2593 2470 2662 ὄκνῳ
2496 2589 2872 2662 κεκρατῆσθαι
2901 2588 3098 2651 δοκεῖν,
3125 2585 3286 2648 αὐτὸς
3311 2582 3421 2648 ἐγὼ
3449 2581 3614 2634 πάλιν
3633 2579 3726 2632 τὸν

2145 2686 2204 2739 ὲν
2233 2688 2345 2749 τοῖς
2366 2680 2696 2754 προλαϐοῦσι
2719 2680 3096 2750 συλλογισμοῖς
3130 2674 3616 2749 μεταστοιχειῶσαι
3635 2671 3727 2725 τὸν

2144 2775 2335 2838 τύπον,
2376 2774 2451 2838 ὡς
2504 2773 2570 2827 ἂν
2617 2767 2728 2834 οἷός
2775 2787 2835 2823 τε
2891 2764 2966 2832 ὧ,
3016 2768 3368 2839 πειράσομαι.
3410 2766 3496 2826 Ὡς
3525 2763 3635 2834 γὰρ
3668 2763 3725 2814 ὲν

2144 2863 2374 2926 ἐκείνοις
2412 2863 2524 2932 ζωὴ
2578 2860 2720 2915 κατά
2751 2859 2913 2929 φύσιν
2943 2858 3225 2928 ὑπάρχων,
3254 2856 3444 2925 ἕτερος
3469 2853 3546 2906 ὢν
3577 2851 3725 2922 παρά

2142 2955 2212 3008 τά
2260 2957 2316 3008 ὲν
2350 2949 2428 3016 οἷς
2457 2949 2524 3025 ἦν
2564 2951 2916 3020 ἀναφαίνεται
2935 2988 2951 3013 ,
2981 2947 3124 3001 οὕτω
3162 2948 3265 3001 κάν
3312 2944 3488 3016 τούτῳ
3519 2944 3580 2996 τὸ
3611 2941 3723 3010 φῶς

464 3035 571 3090 τῶν
599 3038 900 3109 ἀνθρώπων
949 3035 1088 3093 εἶναι
1120 3039 1410 3111 λεγόμενός
1446 3061 1503 3096 τε
1557 3045 1651 3098 καὶ
1684 3047 1801 3100 κατ’
1835 3046 2093 3116 ἀλήθειαν
2128 3046 2225 3112 ὢν,
2247 3046 2431 3114 ἕτερος
2460 3041 2813 3114 εὑρεθήσεται
2860 3038 3010 3112 παρὰ
3031 3037 3099 3092 τά
3132 3035 3307 3107 φωτὸς
3343 3036 3570 3105 δεόμενα
3631 3025 3725 3085 καὶ

467 3127 762 3198 μετέχοντα
794 3129 958 3184 αὑτοῦ
994 3145 1008 3160 ’
1046 3131 1154 3184 ἀπὸ
1177 3133 1234 3185 δὲ
1276 3133 1384 3187 τῶν
1421 3135 1618 3205 ἐφεξῆς
1657 3137 2049 3209 ἀκριϐέστερον
2086 3136 2364 3208 εἰσόμεθα.

464 3241 948 3323 οινηοηειναιὶοιξεε
989 3259 1080 3323 per
1123 3246 1460 3323 sﬂttogisntos
1489 3249 1687 3323 :_Quod
1749 3255 2036 3307 secundum

2150 3250 2504 3323 Ἀποδείξεις
2545 3245 3137 3323 διὰ-’συλᾼ-ογισιιῶγ,
3186 3242 3274 3323 δτι
3322 3243 3507 3323 κατὰ..
3524 3241 3720 3323 φύσιν

534 3320 784 3366 naluram
833 3312 974 3368 alius
1017 3317 1088 3370 sit

533 3397 651 3450 qua:
683 3381 1044 3437 illuminatur.

1179 3317 1304 3372 ilius
1352 3318 1668 3375 illuminari:
1714 3338 1749 3374 a
1796 3333 2044 3377 creatura

536 3493 594 3549 Si
624 3493 863 3550 Verbum
910 3506 996 3552 est
1042 3499 1098 3553 in
1156 3498 1222 3554 iis
1258 3517 1378 3569 quae
1409 3503 1692 3569 dicuntur,
1729 3521 1839 3561 non
1883 3522 2043 3562 secus

465 3600 529 3638 ac
563 3585 656 3640 lux
689 3587 991 3641 secundum
1041 3598 1292 3642 naturam
1335 3607 1430 3660 per
1464 3595 1936 3663 participationem
1983 3612 2045 3651 se

466 3674 634 3730 rc-bus
680 3676 972 3739 immiscet,
1003 3679 1151 3733 aliud
1193 3696 1324 3750 ergo
1361 3690 1445 3737 est
1485 3685 1554 3736 ab
1609 3683 1679 3738 iis
1725 3685 1780 3739 in
1841 3686 2044 3754 quibus

464 3781 589 3821 esse
645 3765 912 3822 creditur.
959 3771 1115 3834 Quod
1174 3783 1357 3828 autem
1422 3776 1724 3830 secundum
1791 3785 2043 3835 naturam

464 3854 616 3909 aliud
671 3865 759 3911 est
807 3857 876 3912 ab
905 3873 969 3912 ea
1015 3875 1138 3928 qua:
1187 3862 1366 3931 ipsum
1423 3865 1714 3934 participat
1758 3875 1813 3922 et
1859 3867 1929 3922 ab
1979 3883 2044 3923 eo

467 3943 810 4000 illuminatur
842 3957 1116 4018 creatura,
1157 3953 1432 4021 quomodo
1465 3971 1575 4009 non
1614 3956 1720 4011 erit
1753 3971 2043 4028 supremus

467 4031 652 4090 Deus?

536 4122 767 4182 ALIUD.
827 4124 885 4181 Si
934 4129 1028 4184 lux

466 4215 666 4286 Filius,
703 4221 847 4277 inter
881 4230 1166 4280 creaturas
1214 4235 1272 4280 ut
1303 4237 1546 4284 creatum
1583 4229 1674 4286 Dei
1712 4232 1886 4289 hostis
1918 4250 2042 4290 esse

461 4312 558 4374 ait,
577 4311 973 4369 illuminantem
993 4330 1056 4370 ea
1081 4333 1203 4386 quae
1219 4319 1355 4374 lucis
1372 4321 1644 4392 indigent;
1667 4323 1898 4393 primum
1917 4325 2042 4395 qui-

462 4401 583 4456 dem
611 4402 728 4471 ipse
752 4402 808 4455 in
835 4403 1019 4473 seipso
1039 4405 1376 4480 intelligetur
1398 4413 1685 4480 exsistere,
1707 4413 1901 4468 deinde
1925 4417 2040 4484 ipse

463 4509 684 4564 quoque
717 4496 988 4566 suiipsins
1043 4501 1318 4570 particeps
1365 4503 1490 4567 erit,
1515 4510 1568 4557 et
1619 4504 1732 4570 lux,
1765 4505 2038 4576 siquidem

1101 4131 1406 4188 secundum
1473 4144 1724 4191 naturam
1786 4153 1910 4193 cum
1971 4139 2052 4200 sit

2213 3311 2412 3390 ἕτεροςῖ
2454 3311 2767 3390 δ’φωτίζὶον
2799 3311 2921 3382 Υἱὸς
2955 3311 3116 3383 παρὰ
3163 3315 3283 3382 τὴν
3319 3311 3725 3382 φωτιζομένην

2214 3394 2438 3445 κτίσιν.

2211 3505 2274 3558 Εἰ
2323 3505 2382 3556 ὲν
2409 3504 2523 3564 τοῖς
2553 3502 2869 3571 λεγομένοις
2903 3500 2932 3552 6
2967 3497 3139 3567 Λόγος
3179 3491 3248 3568 ἦν
3284 3496 3358 3560 ὡς
3405 3496 3541 3564 φῶς,
3586 3493 3725 3548 κατὰ

2143 3587 2306 3658 φύσιν
2341 3588 2429 3643 διὰ
2451 3589 2687 3659 μετοχῆς
2725 3590 2837 3651 τοῖς
2860 3583 3010 3641 οὖσιν
3040 3587 3233 3639 ἑαυτὸν
3256 3587 3578 3655 ἀναμιγνὺς,
3597 3584 3719 3638 ἔτεα

2146 3697 2236 3749 ρος
2256 3679 2362 3750 ἄρα
2391 3680 2514 3732 ἐστὶ
2547 3679 2651 3732 τῶν
2683 3680 2739 3730 ὲν
2763 3675 2843 3741 οἷς
2878 3676 3017 3733 εἶναι
3055 3676 3393 3731 πιστεύεται.
3443 3677 3499 3731 Ὀ
3530 3677 3587 3729 δὲ
3625 3679 3726 3749 τὴν

2143 3770 2304 3840 φύσιν
2327 3770 2512 3841 ἕτερος
2565 3768 2662 3836 ὣν,
2707 3771 2740 3840 ἢ
2787 3771 2923 3840 ὅπερ
2957 3768 3170 3838 ὲστὶνή
3219 3767 3516 3836 μετέχουσα
3559 3769 3723 3821 αὑτοῦ

2141 3863 2237 3916 καὶ
2285 3861 2628 3932 φωτιζομένη
2673 3861 2870 3927 κτίσις,
2918 3859 3035 3923 πῶς
3067 3860 3167 3912 οὑκ
3212 3857 3280 3911 ἂν
3321 3858 3406 3930 εἴη
3465 3857 3652 3912 λοιπὸν
3695 3861 3726 3912 ό

2143 3955 2281 4027 ὑπὲρ
2317 3956 2497 4008 πάντα
2522 3953 2654 4017 Θεός
2681 3971 2697 4020 ;

2210 4137 2415 4190 ᾹΛΔΟ.
2445 4135 2510 4190 Et
2549 4134 2665 4204 φῶς
2701 4134 2842 4188 κατά
2872 4132 3031 4203 φύσιν
3063 4133 3191 4189 ὄντα
3217 4135 3311 4188 τὸν
3342 4132 3493 4199 Υίὸν,
3523 4133 3581 4186 ὲν
3610 4135 3722 4194 τοῖς

2140 4228 2385 4294 γενητοῖς
2414 4224 2488 4287 ὡς
2513 4223 2739 4293 γενητὸν
2761 4224 2789 4277 6
2815 4223 3082 4294 θεομάχος
3103 4219 3243 4276 εἷναί
3276 4240 3432 4294 φησι,
3451 4223 3518 4275 τὰ
3543 4222 3724 4291 φωτὸς

2139 4314 2438 4384 δεδεημένα
2470 4311 2772 4380 φωτίζοντα
2807 4329 2820 4341 ·
2872 4313 3088 4383 πρῶτον
3114 4312 3215 4383 μὲν
3247 4312 3411 4376 αὑτὸς
3460 4313 3722 4384 ὑπάρχων

2140 4402 2197 4454 ὲν
2227 4401 2403 4473 ἑαυτῷ
2447 4401 2791 4472 νοηθήσεται,
2829 4397 2948 4456 εἶτα
2994 4400 3128 4474 πρὸς
3159 4399 3368 4471 τούτῳ,
3398 4402 3488 4453 καὶ
3547 4401 3713 4463 αὑτὸς

2142 4494 2334 4547 ἑαυτοῦ
2365 4493 2587 4564 μέτοχος
2607 4491 2780 4556 ἔσται,
2815 4494 2913 4545 καὶ
2945 4493 3081 4562 φῶς,
3117 4494 3274 4563 εἴπερ
3293 4492 3368 4545 ὢν
3406 4493 3464 4545 ὲν
3489 4495 3600 4556 τοῖς
3625 4510 3717 4562 γε-

459 4584 736 4644 exsistens
764 4587 820 4642 in
855 4587 1022 4643 rebus
1047 4591 1270 4652 creatis,
1301 4607 1442 4646 unus
1470 4609 1708 4664 quoque,
1753 4611 1818 4650 ex
1846 4612 2034 4651 earum

2144 4589 2402 4656 νομένοις,
2454 4584 2534 4650 εἷς
2568 4588 2660 4641 καὶ¹
2700 4586 2864 4650 αὑτὸς
2904 4587 2962 4654 ἐξ
3003 4586 3183 4639 αὑτῶν
3218 4584 3487 4656 ὑπάρχειν
3513 4585 3716 4654 ὑπολη-

463 4689 694 4733 numero
739 4693 863 4734 esse
913 4679 1030 4749 ipse
1063 4682 1398 4737 censebitur.
1443 4682 1549 4737 Sed
1594 4683 1743 4739 videt
1788 4687 2036 4744 eruditus

461 4765 630 4820 corde
691 4767 747 4821 in
802 4768 1093 4838 sapientia,
1132 4771 1279 4825 sicut
1316 4773 1583 4843 scriptum
1638 4783 1725 4832 est
1767 4776 1831 4841 "‘,
1871 4791 2036 4847 quam

461 4858 534 4912 sit
583 4857 882 4912 absurdum
941 4859 996 4914 id
1059 4861 1118 4917 in
1179 4866 1421 4920 animum
1487 4865 1768 4924 inducere.
1833 4867 2034 4938 Igitur,

462 4948 508 5003 si
539 4963 634 5018 per
673 4950 1149 5020 participationem
1181 4955 1237 5010 in
1267 4959 1538 5014 creaturis
1559 4969 1644 5016 est
1671 4958 1908 5016 Verbum
1939 4977 2034 5018 eas

463 5035 805 5098 illuminans.
839 5053 948 5092 non
976 5043 1082 5094 erit
1111 5041 1292 5111 ipsum
1314 5061 1536 5117 quoque
1570 5049 1624 5102 in
1657 5051 1730 5105 iis
1757 5067 1880 5120 qua:
1910 5068 2035 5121 par-

459 5126 700 5196 ticipant
750 5134 806 5181 et
863 5129 1268 5198 illuminantur,
1323 5137 1420 5191 sed
1472 5138 1620 5193 aliud
1659 5140 1920 5194 nimirum
1964 5142 2034 5196 ab

461 5219 621 5288 ipsis.
665 5217 824 5286 Quod
864 5220 910 5275 si
951 5221 1022 5275 ita
1056 5229 1164 5286 est,
1198 5239 1309 5280 non
1346 5227 1453 5282 erit
1479 5243 1611 5299 ergo
1641 5237 1908 5292 creatum,
1937 5230 2033 5286 sed

460 5319 523 5363 ut
563 5311 655 5365 lux
691 5311 998 5366 secundum
1031 5322 1307 5383 naturam,
1339 5327 1395 5372 et
1429 5317 1572 5376 Deus
1603 5320 1658 5375 in
1689 5321 1758 5376 iis
1784 5335 1905 5390 quae
1945 5321 2032 5377 Iu-

460 5401 543 5455 cis
575 5401 844 5473 indigent.

538 5489 762 5546 ALIUD.
808 5490 864 5546 Si
907 5505 1016 5546 non
1047 5507 1112 5547 ex
1147 5493 1456 5553 substantia
1485 5497 1578 5556 Dei
1618 5515 1682 5557 ac
1737 5501 1918 5558 Patris
1947 5513 2033 5561 est

465 5575 660 5645 Filius,
703 5581 797 5637 sed
844 5583 1194 5642 extrinsecus
1227 5597 1303 5653 ut,
1341 5587 1419 5645 illi
1455 5589 1564 5664 56
1613 5595 1821 5663 volunt,
1851 5596 2030 5668 ipsum

503 5753 545 5784 ""
589 5751 748 5808 I‘t'ov.
787 5771 914 5823 xvt,
946 5758 1048 5818 20.
1081 5761 1172 5816 ei.

2138 4682 2422 4752 φθήσεται.
2475 4679 2614 4734 Ἀλλ’
2668 4680 2773 4750 ὁρᾷ
2816 4695 2918 4730 που
2965 4677 3182 4739 πάντως
3219 4678 3247 4730 6
3285 4676 3716 4746 πεπαιδευμένος

2134 4776 2234 4847 τὴν
2262 4774 2485 4846 καρδίαν
2520 4774 2577 4827 ἐν
2621 4773 2802 4843 σοφίᾳ,
2848 4769 3026 4833 καθὼς
3058 4771 3409 4840 γέγραπται,
3448 4771 3581 4839 ὅσην
3605 4768 3715 4837 ἔχει

2134 4868 2234 4938 τὴν
2265 4865 2492 4921 ἀτοπίαν
2531 4864 2592 4918 τὸ
2631 4863 2774 4918 οὑτω
2811 4866 2968 4918 νοεῖν.
2999 4862 3212 4918 Οὐκοῦν
3255 4865 3304 4916 εἰ
3343 4861 3621 4927 μεθεκτῶς
3656 4862 3716 4913 ἐν

2133 4961 2248 5020 τοῖς
2271 4958 2518 5026 γενητοῖς
2557 4957 2700 5008 ἐστιν
2751 4957 2780 5009 6
2829 4952 3080 5024 φωτίζων
3117 4954 3256 5008 αὑτά
3301 4955 3490 5023 Λόγος,
3515 4955 3614 5007 οὑκ
3656 4955 3714 5005 ὲν

2138 5052 2251 5112 τοῖς
2290 5047 2571 5119 μετέχουσι
2618 5047 2709 5100 καὶ
2744 5045 3134 5116 φωτιζομένοις
3185 5043 3338 5097 ἔσται
3387 5045 3478 5098 καὶ
3531 5045 3711 5108 αὐτὸς,

2139 5141 2254 5196 ἀλλ’
2293 5140 2481 5210 ἕτερος
2517 5138 2757 5210 δηλονότι
2799 5137 2928 5207 παρ’
2958 5137 3160 5192 ἐκεῖνα.
3196 5135 3259 5188 Εἰ
3302 5137 3360 5190 δὲ
3391 5135 3582 5200 τοῦτο,
3616 5137 3716 5190 οὑκ

2138 5234 2246 5304 ἀρα
2273 5231 2517 5302 γενητὸς,
2550 5231 2664 5284 ἀλλ’
2700 5229 2776 5293 ὼς
2809 5228 2925 5299 φῶς
2963 5228 3103 5282 κατά
3146 5229 3328 5298 φύσιν,
3366 5230 3459 5282 καὶ
3496 5228 3631 5292 Θεὸς
3657 5230 3717 5281 tv

2137 5325 2248 5389 τοῖς
2277 5323 2451 5394 φωτὸς
2487 5321 2776 5391 δεομένοις.

2207 5505 2409 5559 ΔΛΛΟ.
2436 5505 2500 5560 Isi
2526 5504 2602 5576 μὴ
2631 5505 2694 5558 ἐκ
2730 5503 2832 5574 τῆς
2859 5503 3048 5566 οὐσίας
3086 5501 3180 5555 τοῦ
3217 5501 3351 5554 Θεοῦ
3384 5500 3476 5554 καὶ
3504 5498 3716 5567 Πατρός

2138 5595 2286 5651 ἐστιν
2307 5597 2335 5650 6
2358 5595 2506 5663 Υἱὸς,
2532 5595 2729 5663 ἔξωθεν
2752 5595 2808 5648 δὲ
2825 5595 2988 5651 αὑτὸν
3015 5596 3134 5648 κατ’
3155 5591 3393 5656 ἐκείνους
3414 5591 3709 5663 ὑπέστησε·
