4092 6274
369 307 438 364 91
1445 320 1516 380 IN
1538 321 1824 385 JOANNIS
1857 327 2304 392 EVANGELIUM
2336 337 2466 398 LIB.
2511 340 2548 396 I.
3566 356 3642 416 98

370 425 598 496 γενητὸς
626 426 734 498 ἄρα
762 427 882 482 ἔστι
915 429 1012 485 καὶ
1043 431 1435 506 πεποιημένος
1494 438 1611 503 πῶς
1640 433 1736 536 οὑν
1759 442 1820 496 ιν
1845 445 1928 497 τοῖ

2029 447 2341 517 produxit,
2383 460 2604 508 creatus
2659 469 2792 525 ergo
2852 469 2935 516 est
2997 475 3060 517 ac
3119 462 3318 522 factus.
3351 467 3640 536 Quomodo

369 515 655 585 γεγονόσιν
681 517 800 570 ἐστὶ
833 518 1085 585 φωτίζων
1105 521 1280 590 αὐτάς
1315 524 1369 577 τί
1393 524 1450 579 δὲ
1476 525 1540 580 τὸ
1580 527 1858 601 ἐξαίρετον
1897 534 1957 588 ἐν

367 609 440 677 τῇ
469 606 591 676 θείᾳ
617 605 778 675 φύσει
820 607 1006 661 λοιπὸν
1039 609 1379 682 εὑρήσομεν;
1409 615 1443 687 ἢ
1479 617 1598 682 πῶς
1644 618 1956 690 σοφώτατος

369 696 695 768 δινάλμῳδὸς,
747 699 824 764 ὡς
870 699 1202 770 άξιάγαστόν
1247 705 1300 758 τί
1334 724 1500 778 φησιν
1545 711 1638 764 ίπὶ
1678 713 1774 766 τοῦ
1813 714 1956 768 κατὰ

368 789 532 856 φύσιν
556 791 708 855 ὄντος
735 791 892 857 Θεοῦ,
929 812 948 845 ι
985 792 1075 849 Ἑν
1093 794 1172 868 τῷ
1197 797 1338 867 φωτί
1362 816 1456 853 σου
1481 801 1722 872 ὀψόμεθα
1744 804 1894 874 quin;
1928 826 1946 860 ι

325 877 327 879 ’
368 878 432 932 El
454 878 562 951 γὰρ
596 882 824 952 γενητδς
866 882 1130 955 ὑπάρχων
1180 886 1210 939 ὁ
1245 889 1372 953 Yth;
1393 893 1620 961 φωτίζει
1648 893 1717 948 τὰ
1749 895 1949 962 πάντα,

367 969 633 1044 ἂαυτὴνή
688 975 868 1040 κτίσις
906 981 1120 1048 φωτιεῖ,
1174 981 1453 1054 χρῄζουσα
1503 987 1771 1058 μηδαμῶς
1813 990 1953 1060 πρὸς

361 1061 520 1115 τοῦτο
553 1063 650 1118 τοῦ
684 1067 1011 1137 ποιήσαντος
1039 1071 1198 1128 Θεοῦ.
1227 1074 1398 1128 Οὐδὲν
1431 1069 1526 1131 οὗν
1558 1079 1668 1150 ἄρα
1691 1079 1755 1133 τὸ
1788 1081 1950 1135 πλέον

361 1156 421 1208 ιν
455 1155 576 1226 Θεῷ
596 1159 748 1231 παρὰ
781 1160 882 1231 τὴν
911 1163 1113 1229 κτίσιν,
1156 1167 1370 1238 ἐνεργεῖ
1395 1169 1452 1223 δὲ
1477 1171 1574 1241 οὐχ
1597 1167 1782 1246 ἦττον,
1809 1173 1842 1245 ἢ
1873 1174 1950 1240 ὡς

361 1245 429 1297 ἂν
471 1245 699 1317 δύνηται
727 1251 879 1316 Θεός.
899 1253 1058 1309 Ἀλλά
1086 1256 1247 1312 τοῦτο
1275 1261 1496 1316 ἄτοπον·
1516 1245 1746 1338 οὑκάρα
1779 1284 1943 1339 γενη-

357 1335 448 1400 τδς
470 1337 500 1389 ὁ
539 1339 686 1403 Υἱὸς.
720 1341 852 1408 Θεὸς
875 1345 1190 1416 δὲμᾶλλον,
1219 1352 1430 1408 mima
1459 1355 1617 1410 τοῦτο
1655 1335 1771 1428 ιρῶς
1794 1335 1949 1412 ἀοιέά

357 1428 543 1497 φύσιν,
583 1431 659 1497 ὡς
682 1435 710 1487 ὀ
740 1435 953 1510 Πατήρ.

429 1689 616 1744 ΑΛΛΟ
641 1691 710 1746 ἐκ
734 1692 844 1748 τοῦ
876 1696 1083 1752 αὑτοῦ.
1107 1700 1168 1753 Εί
1194 1701 1310 1770 φῶς
1335 1703 1428 1756 τοῦ
1452 1703 1586 1758 Θεοῦ
1614 1706 1708 1759 καὶ
1728 1708 1944 1779 Πατρὸς

359 1779 624 1852 ὑπάρχων
653 1785 683 1836 ὁ
718 1784 872 1851 Υίδς,
905 1791 1046 1842 κατὰ
1089 1791 1170 1855 τὸ,
1195 1792 1221 1844 ἰ
1267 1794 1354 1847 Ἐν
1392 1796 1470 1867 τῷ
1501 1798 1640 1865 φωτί
1679 1816 1771 1852 σου
1809 1801 1935 1870 ὀψό-
1969 1787 2010 1843 B
2039 1807 2100 1864 Fi

358 1870 502 1942 μεθα
545 1873 679 1942 φῶςο
721 1893 741 1929 ι
774 1879 888 1942 καὶ,
945 1900 966 1932 ‹
1014 1880 1421 1947 Ἐξαπόστειλον
1455 1888 1516 1941 τὸ
1545 1889 1660 1958 φῶς
1708 1908 1804 1945 σου
1845 1894 1936 1947 καὶ

352 1963 453 2035 τὴν
473 1966 734 2037 ἀλήθειάν
770 1988 864 2024 σου
895 1986 909 2001 ·
950 1991 970 2025 ι
1006 1975 1231 2046 γενητὸς
1261 1978 1378 2031 ἐστι
1407 1981 1501 2033 καὶ
1525 1983 1606 2044 είς
1634 1982 1934 2038 ὑπόστασιν

349 2055 613 2126 ἐνεχθεὶς,
632 2060 783 2114 οὐδὲν
810 2061 890 2116 ἔτι
921 2065 1270 2133 διακωλύσει,
1297 2071 1440 2123 κατά
1477 2073 1576 2145 τὴν
1599 2075 1720 2147 ίσην
1748 2078 1935 2133 ἀναλο-

345 2147 475 2213 γίαν
515 2149 632 2217 φῶς
665 2152 950 2209 καλεῖσθαι
985 2156 1078 2210 τοῦ
1108 2157 1245 2212 Θεοῦ
1288 2160 1384 2214 καὶ
1415 2164 1629 2234 Πατρὸς
1661 2167 1837 2221 πάντα
1865 2169 1933 2223 τά

343 2237 571 2309 γενητά.
597 2241 658 2296 Et
687 2242 796 2315 γὰρ
820 2245 958 2310 ὅλως
981 2248 1289 2320 ἐπιδέχεται
1319 2252 1476 2307 τοῦτο
1499 2255 1610 2308 τῶν
1636 2260 1933 2331 πεποιημέ-

343 2343 454 2380 νων
495 2329 529 2400 ἠ
579 2330 760 2401 φύσις,
805 2334 960 2389 ἔσται
995 2340 1108 2401 τοῖς
1148 2342 1285 2394 πᾶσι
1319 2342 1550 2415 δυνάμει
1589 2349 1785 2414 κοινὸν,
1836 2329 1932 2405 διαὶ

343 2421 440 2490 οὐχ
468 2422 586 2487 ἑνὸς
619 2424 748 2479 [διον
771 2426 866 2480 τοῦ
888 2427 1042 2482 Υίοῦ.
1059 2427 1220 2488 Ἀλλὰ
1240 2432 1398 2487 τοῦτο
1417 2436 1637 2493 ἄτοπον·
1658 2441 1805 2512 μόνῳ
1820 2441 1931 2513 γάρ

341 2513 575 2584 ἁρμόσει
605 2516 682 2586 τῷ
706 2517 840 2590 Υίῷ,
872 2520 935 2574 τὺ
970 2521 1257 2577 καλεῖσθαί
1280 2543 1341 2578 τε
1388 2529 1480 2581 καὶ
1516 2526 1654 2584 εἶναι
1688 2533 1805 2600 φῶς
1833 2534 1926 2589 τοῦ

341 2605 476 2660 Θεοῦ
521 2609 616 2662 καὶ
651 2611 884 2682 Πατρός.
917 2614 1031 2666 Οὐκ
1053 2615 1161 2685 ἄρα
1186 2618 1302 2671 ἐστὶ
1332 2623 1590 2692 γενητὸς,
1623 2623 1759 2678 ἀλλά
1789 2626 1924 2696 φῶς,

339 2694 414 2760 ὡς
458 2696 590 2762 Θεὸς
639 2699 704 2753 ἐκ
755 2699 893 2755 Θεοῦ
946 2705 1275 2773 φωτίζοντος
1315 2709 1385 2761 δι’
1431 2712 1598 2766 αὑτοῦ
1636 2714 1708 2767 τὰ
1747 2694 1926 2785 φωτὸς

337 2785 588 2856 δεόμενα.

409 2881 613 2935 AAAO.
672 2884 735 2937 El
779 2885 896 2954 φῶς
931 2889 1072 2944 κατὰ
1097 2889 1260 2959 φύσιν
1305 2891 1565 2964 ὑπάρχων
1598 2896 1627 2948 ὁ
1664 2896 1791 2961 Υἱὸς
1823 2899 1925 2954 οὐκ

339 2969 405 3023 ἐκ
433 2970 535 3041 τῆς
567 2974 755 3038 οὐσίας
788 2976 907 3030 ἐστὶ
950 2978 1046 3032 τοῦ
1075 2982 1310 3052 Πατρὺς,
1351 2984 1466 3038 ἀλλ’
1491 2984 1691 3050 ἔξωθεν
1711 2988 1920 3062 ὑπέστη

340 3063 487 3116 κατὰ
517 3064 610 3118 τὸν
635 3067 960 3138 ἀπαίδευτον
997 3071 1104 3124 τῶν
1129 3073 1412 3145 θεομάχων
1451 3075 1609 3144 λόγον
1627 3095 1643 3108 ·
1671 3079 1920 3149 ὀμοφυὴς

339 3154 452 3224 ἄρα
479 3155 596 3210 ἐστὶ
627 3159 738 3222 τοῖς
769 3162 1156 3233 πεποιημένοις
1206 3166 1302 3219 καὶ
1340 3166 1588 3236 ἀδελφὸς,
1617 3168 1712 3221 ἅτε
1733 3169 1796 3239 δὴ
1823 3171 1922 3240 τῆς

339 3243 493 3310 θείας
527 3249 810 3304 ἐκπίπτων
840 3252 1044 3316 οὐσίας’
1074 3254 1192 3318 πῶς
1221 3253 1316 3310 οὖν
1339 3255 1463 3327 ,ἄρα
1489 3258 1737 3329 φῶςλμὲν
1761 3261 1926 3325 αὐτὸς

336 3338 585 3394 καλεῖται
617 3341 711 3396 καὶ
735 3342 870 3410 ἐστι,
897 3346 1024 3417 περὶ
1049 3346 1106 3400 δὲ
1141 3346 1236 3401 τοῦ
1287 3348 1446 3417 ἁγίου
1472 3349 1691 3419 λέγεται
1723 3350 1926 3405 Βαπτι-

332 3429 487 3492 στοῦ,
527 3451 545 3482 ι
581 3433 693 3487 Οὐκ
729 3428 795 3505 ἦν
820 3437 1028 3500 ἐκεῖνος
1049 3437 1112 3491 τὸ
1137 3437 1284 3507 φῶς;
1313 3459 1330 3490 ι
1359 3440 1536 3494 καίτοι
1558 3441 1785 3512 δυνάμει
1807 3444 1924 3513 φῶς

326 3520 359 3572 ὁ
412 3521 683 3594 μακάριος
721 3523 1058 3597 Βαπτιστὴς,
1107 3529 1204 3582 καὶ
1242 3530 1304 3582 οὐ
1349 3530 1510 3600 μόνον
1549 3531 1731 3597 αὐτὸς,
1760 3535 1921 3606 εἴπερ

324 3611 470 3675 ὅλως
500 3612 756 3686 ἐνεχώρει
779 3616 1008 3688 γενητὸν
1034 3616 1175 3677 ὄντα
1193 3619 1282 3673 τὸν
1329 3621 1477 3688 Υίδν,
1514 3623 1632 3691 φῶς
1657 3620 1798 3679 εἶναι
1829 3627 1922 3681 δύο

321 3702 526 3758 νασθαι
562 3707 702 3760 κατὰ
744 3706 928 3776 φύσιν.
979 3708 1054 3762 Τὸ
1096 3710 1204 3780 γὰρ
1235 3711 1293 3763 ὲν
1338 3714 1404 3783 τῇ
1457 3713 1618 3782 φύσει
1665 3716 1920 3787 κείμενον

315 3794 498 3860 ἅπαξ.
528 3799 706 3851 κοινὸν
743 3799 914 3872 δήπου
945 3800 1110 3854 παντί
1148 3819 1226 3873 τῳ
1263 3803 1460 3870 γένοιτ’
1493 3805 1560 3859 ἂν
1605 3806 1685 3878 τῷ
1715 3809 1920 3880 ταύτης

316 3887 715 3957 μετεσχηκότι.
779 3889 922 3944 κατά
968 3907 1032 3958 γε
1062 3891 1154 3945 τὸν
1203 3895 1306 3964 τῆς
1357 3893 1680 3960 ἀκολουθίας
1737 3898 1913 3967 λόγον.

326 3975 504 4030 Ἀλλὰ
535 3979 645 4048 μὴν
683 3977 934 4052 Ἰωάννης
957 3983 1019 4036 οὺ
1050 3982 1187 4053 φῶς,
1219 3984 1337 4054 φῶς
1373 3986 1430 4040 δὲ
1452 3988 1480 4039 ὁ
1512 3988 1667 4052 Υἱός·
1699 3990 1773 4054 ὡς
1796 3992 1916 4045 ἓτε-

309 4084 416 4136 ρος
461 4067 574 4139 ἄρα
619 4070 764 4125 κατὰ
793 4072 977 4142 φύσιν,
1017 4076 1112 4128 καὶ
1155 4075 1277 4148 οὐχὶ
1321 4081 1434 4142 τοῖς
1477 4080 1756 4149 γεγονόσιν
1783 4085 1916 4155 ὁμο-

355 4176 495 4222 υης.

305 4161 590 4302 ‘PJXXAO
616 4247 686 4302 ἐκ
707 4251 814 4303 τοῦ
839 4253 1048 4311 αὑτοῦ.
1075 4257 1138 4311 El
1161 4258 1275 4328 φῶς
1300 4263 1442 4318 κατὰ
1462 4263 1624 4334 φύσιν
1652 4265 1915 4338 ὑπάρχων

298 4339 332 4392 ὁ
374 4338 523 4400 Υἱὸς
545 4341 770 4410 γενητός
799 4343 918 4396 ἐστι
957 4346 1050 4398 καὶ
1077 4353 1464 4422 πεποιημένος,
1496 4355 1592 4410 ἃτε
1640 4355 1706 4427 δὴ
1739 4356 1802 4409 τὸ
1848 4357 1914 4410 ὲκ

297 4432 418 4501 τῆς
470 4428 668 4495 οὐσίας
705 4426 846 4486 εἶναι
889 4435 982 4488 τοῦ
1024 4437 1161 4493 Θεοῦ
1207 4445 1303 4497 καὶ
1335 4445 1546 4518 Πατρδς
1590 4447 1691 4501 οὐκ
1737 4447 1911 4519 ἔχων,
1945 4463 1988 4520 ῃ

299 4523 466 4577 κατὰ
507 4521 611 4591 τήν
641 4539 804 4585 τινων
833 4524 1112 4595 ὑπόνοιαν,
1141 4532 1440 4600 ἒπιδέξεται
1471 4537 1581 4590 τῶν
1612 4539 1854 4610 γενητῶν
1879 4542 1912 4612 ἡ

298 4615 485 4684 φύσις
516 4613 580 4666 τὸ
609 4608 751 4667 εἷναί
781 4632 840 4668 τε
883 4617 978 4670 καὶ
1005 4619 1286 4676 καλεῖσθαι
1307 4623 1444 4693 φῶς·
1477 4625 1630 4682 ἔσται
1655 4627 1712 4683 δὲ
1734 4608 1912 4686 πάντα

297 4705 430 4776 φῶς
457 4704 608 4756 κατά
635 4703 728 4756 τὸν
775 4703 835 4759 ἐν
865 4705 1094 4779 δυνάμει
1141 4710 1319 4780 λόγον.
1345 4715 1417 4768 Τὸ
1443 4715 1551 4788 γάρ
1579 4718 1716 4784 ὅλως
1771 4717 1910 4776 εἷναί

293 4814 354 4851 τι
383 4793 647 4864 πεφυκὸς
669 4797 755 4869 εἴη
792 4813 897 4852 που
927 4798 1026 4872 [ιιι.
1071 4801 1159 4874 εἴη
1192 4803 1256 4876 δή
1287 4806 1414 4880 που]
1447 4810 1665 4876 πάντως
1688 4813 1776 4878 ἂν,
1814 4815 1910 4869 καὶ

294 4890 352 4942 εἰ
394 4887 481 4959 μή
522 4903 612 4940 πω
652 4887 900 4958 γέγονεν.
936 4892 1066 4976 Ὅτε
1105 4893 1289 4948 τοίνυν
1328 4897 1506 4955 κοινὸν
1547 4901 1648 4972 μὲν
1681 4905 1750 4976 τῇ
1795 4904 1908 4960 τῶν

295 4975 571 5048 γενητῶν
618 4976 779 5045 φύσει
809 4979 869 5033 τὸ
917 4975 1060 5036 εἶναι
1087 4983 1225 5052 φῶς,
1277 4985 1409 5040 [διον
1453 4987 1512 5042 δὲ
1584 4992 1682 5046 καὶ
1725 4975 1908 5063 μόνως

292 5067 563 5130 οὐδενός⁹
587 5067 641 5119 τί
667 5070 845 5141 μάτην
870 5073 954 5141 ἐφ’
976 5073 1158 5147 ἑαυτῷ
1188 5078 1464 5148 κομπάζει
1499 5080 1675 5151 λέγων
1703 5086 1733 5139 ὀ
1753 5085 1903 5152 Υἱὸς,

301 5181 320 5215 ε
383 5155 547 5228 Ἐγὼ
607 5158 723 5228 εἰμι
785 5162 845 5214 τὸ
883 5163 1037 5231 φῶς;
1086 5185 1106 5218 ι
1139 5167 1281 5239 χρῆν
1331 5171 1439 5242 γὰρ
1471 5171 1646 5243 δήπου
1708 5175 1913 5244 μᾶλλον

292 5255 513 5310 εἰπεῖν’
595 5249 738 5318 Ἐγώ
773 5254 888 5324 εἰμι
916 5254 1035 5325 μεθ’
1065 5257 1222 5328 ὑμῶν
1270 5261 1332 5315 τὺ
1375 5261 1533 5332 φῶς’
1609 5265 1798 5338 ἔπειδὴ
1851 5267 1908 5322 δὲ

291 5347 374 5410 ὡς
403 5346 554 5400 ἴδιον
584 5342 796 5411 ἀγαθὸν
836 5345 1015 5416 ἑαυτῷ
1055 5351 1368 5424 περιτίθησι
1401 5355 1549 5426 μόνῳ
1579 5355 1690 5410 τῶν
1732 5358 1909 5414 ἄλλων

290 5435 501 5490 οὐδένα
540 5433 892 5505 προσλαϐὼν,
922 5436 1080 5508 δῆλος
1110 5440 1178 5496 ἂν
1201 5442 1287 5513 εἴη
1316 5445 1521 5511 λοιπὸν,
1581 5448 1644 5501 οὐ
1669 5451 1782 5513 τοῖς
1811 5467 1903 5519 γι-

292 5528 491 5597 νητοίς
533 5525 925 5592 ἑαυτὸν,-άλλὰ
967 5532 1042 5601 τῇ
1065 5529 1186 5604 θείᾳ
1217 5533 1310 5588 τοῦ
1348 5538 1560 5610 Πατρδς
1589 5541 1901 5596 συντάττων

292 5620 488 5691 οὐσίᾳ,
590 5621 682 5670 καὶ
703 5619 763 5672 τὸ
785 5615 925 5675 εἶναι
965 5621 1080 5692 ςῶς
1114 5626 1369 5698 πρόσεστι
1396 5632 1658 5700 φυσικῶς.

375 5729 424 5760 ⁸⁸
458 5732 619 5790 Psal.
653 5750 816 5800 un,
853 5737 938 5795 ίθ.
1017 5739 1224 5799 "Psal.
1269 5759 1412 5813 λιιι,
1445 5747 1498 5803 5.
1581 5751 1622 5782 ⁸⁸⁸
1659 5748 1819 5808 Joan.
1857 5768 1904 5821 t,
1935 5756 1988 5810 8.

2055 537 2228 606 igitur
2257 539 2312 592 in
2342 542 2505 597 rebus
2538 545 2739 599 creatis
2765 555 2870 612 est,
2905 551 3000 620 qui
3028 568 3123 610 eas
3166 553 3478 614 illuminat?
3505 567 3636 634 quid

2056 628 2239 678 autem
2301 627 2564 683 eximium
2631 633 2682 686 iu
2746 643 2942 691 natura
2998 639 3184 696 divina
3233 652 3637 717 Comperietnus

2055 711 2338 786 deinceps,
2370 727 2466 772 aut
2527 725 2804 788 quomodo
2854 725 3144 786 Psalmista
3194 735 3636 806 sapientissimus

2053 807 2225 862 veluti
2262 824 2522 880 magnum
2554 821 2608 868 et
2644 815 2965 876 admirabile
2994 822 3253 892 quiddam
3291 827 3359 882 de
3399 836 3632 887 naturali

2056 896 2167 953 Deo
2191 901 2388 956 scribit
2421 904 2466 935 “
2492 925 2504 960 :
2532 925 2550 958 ι
2581 905 2635 961 In
2663 909 2866 967 lumine
2899 921 2993 967 tuo
3020 915 3330 975 videbimus
3353 920 3574 979 lumen?
3610 947 3627 976 ι

2055 987 2113 1043 Si
2169 992 2318 1047 enim
2353 1007 2576 1054 creatus
2610 1016 2735 1055 eum
2788 1008 2858 1059 sit
2901 1004 3072 1064 Filius
3102 1019 3298 1066 cuncta
3337 1013 3629 1082 illuminat.

2053 1081 2298 1150 seipsam
2361 1085 2694 1148 illuiniuabit
2741 1107 2993 1152 creatura
3044 1101 3182 1156 nihil
3241 1103 3309 1159 ad
3371 1107 3475 1163 hoc
3523 1108 3632 1165 Deo

2056 1167 2311 1241 indigens
2346 1190 2376 1228 a
2419 1193 2528 1246 quo
2580 1180 2722 1236 facta
2761 1194 2865 1240 est.
2901 1187 3047 1244 Nihil
3094 1206 3225 1263 ergo
3264 1195 3386 1264 plus
3437 1211 3523 1254 est
3575 1202 3628 1256 in

2052 1257 2162 1314 Deo
2191 1279 2354 1332 quam
2396 1279 2669 1338 creatura,
2701 1291 2800 1331 nec
2840 1279 2930 1332 illa
2975 1283 3158 1340 minus
3192 1285 3352 1342 habet
3395 1291 3465 1345 ad
3495 1307 3627 1361 epe-

2049 1354 2284 1408 randum
2336 1357 2635 1428 facultatis,
2687 1382 2850 1436 quam
2903 1369 3067 1431 Deus.
3103 1374 3210 1431 Sed
3269 1379 3372 1434 hoc
3430 1383 3628 1438 absor-

2046 1439 2178 1496 dum
2215 1463 2229 1498 :
2266 1463 2377 1502 non
2437 1451 2606 1523 igitur
2669 1467 2890 1516 creatus
2943 1473 3027 1520 est
3086 1463 3292 1534 Filius,
3335 1474 3430 1527 sed
3482 1473 3626 1530 Deus

2047 1539 2272 1608 potius,
2327 1552 2492 1613 atque
2561 1549 2768 1607 idcirco
2832 1555 2922 1610 lux
2995 1563 3297 1617 secundum
3369 1577 3623 1624 naturam

2044 1643 2224 1691 suam,
2259 1640 2318 1686 ut
2346 1631 2526 1692 Pater.

2114 1719 2324 1777 ALIUD
2352 1742 2418 1779 ex
2446 1729 2648 1786 eodem.
2685 1733 2741 1789 Si
2781 1736 2873 1792 lux
2923 1739 3016 1795 Dei
3057 1758 3120 1797 ac
3149 1744 3338 1803 Patris
3374 1768 3498 1804 cum
3551 1755 3622 1809 sit

2107 1810 2237 1875 lius,
2289 1815 2445 1884 juxta
2496 1820 2631 1876 illud
2679 1841 2693 1878 :
2743 1844 2762 1876 ι
2817 1826 2875 1882 In
2924 1831 3128 1889 lumine
3175 1844 3269 1890 tuo
3318 1839 3622 1899 videbimus

2041 1898 2224 1956 lumen
2252 1905 2320 1969 ",
2366 1925 2384 1958 ι
2427 1916 2480 1961 et
2511 1929 2523 1963 :
2566 1931 2584 1963 ι
2616 1913 2812 1971 Emitte
2847 1918 3021 1975 lucem
3049 1931 3222 1990 tuam,
3255 1935 3309 1982 et
3339 1931 3617 1986 veritatem

2047 1999 2220 2054 tuam,
2258 2011 2278 2046 ι
2317 2005 2541 2053 creatus
2569 2011 2671 2065 est,
2694 2012 2748 2057 et
2773 2006 2825 2059 in
2858 2018 3036 2065 ortum
3062 2014 3316 2083 eductus,
3340 2020 3472 2074 nihil
3493 2039 3619 2091 pro-

2039 2078 2248 2136 hibebit
2290 2090 2587 2154 quominus
2627 2095 2793 2148 simili
2828 2099 3036 2155 ratione
3066 2117 3152 2158 res
3197 2121 3391 2162 omnes
3422 2119 3619 2166 creata:

2036 2173 2122 2228 lux
2159 2174 2250 2230 Dei
2289 2193 2354 2233 ac
2393 2179 2570 2239 Patris
2597 2190 2960 2256 appellentur.
2995 2194 3050 2248 Si
3083 2197 3226 2250 enim
3261 2199 3405 2255 istud
3441 2203 3492 2256 iu
3528 2221 3614 2259 re-

2036 2281 2155 2320 rum
2179 2279 2490 2327 ercatarum
2530 2289 2781 2333 naturam
2825 2283 2992 2349 cadit,
3024 2287 3129 2342 erit
3174 2291 3429 2348 omnibus
3465 2312 3618 2350 com-

2036 2373 2198 2413 munu
2233 2365 2495 2431 polentia,
2531 2384 2638 2422 non
2673 2368 2792 2425 Filii
2817 2377 3100 2445 proprium
3127 2383 3308 2438 unius.
3366 2385 3472 2442 Sed
3509 2391 3616 2444 hoc

2032 2447 2330 2506 absurdum
2371 2468 2452 2510 est
2492 2461 2632 2515 :soli
2682 2465 2826 2517 enim
2863 2464 3002 2520 Filio
3046 2473 3301 2526 convenit
3345 2479 3525 2533 vocari
3561 2491 3611 2537 et

2029 2554 2153 2596 esse
2181 2543 2360 2598 lucem
2399 2547 2489 2602 Dei
2522 2564 2586 2604 ac
2627 2551 2831 2610 Patris.
2871 2555 2989 2612 Non
3019 2568 3102 2613 est
3151 2563 3333 2635 itaque
3367 2581 3610 2636 creatus,

2031 2632 2126 2686 sed
2180 2635 2293 2698 lux,
2328 2651 2385 2691 ut
2425 2638 2567 2697 Deus
2627 2642 2696 2698 de
2731 2645 2841 2704 Deo
2890 2632 3378 2729 illuminantdper
3430 2632 3609 2736 ipsqu

2027 2735 2092 2776 ea
2131 2739 2254 2794 quae
2281 2727 2422 2784 lucis
2463 2732 2729 2804 indigent.

2095 2901 2328 2958 ALIUD.
2388 2904 2445 2962 Si
2498 2909 2588 2965 lux
2648 2916 2952 2974 secundum
3020 2931 3276 2982 naturam
3349 2943 3473 2985 cum
3537 2934 3610 2988 sit

2025 2990 2221 3060 Filius,
2253 3013 2360 3052 non
2413 3011 2498 3056 est
2549 3019 2613 3058 ex
2662 3005 2843 3063 Patris
2885 3013 3213 3080 substantia,
3250 3019 3345 3073 scd
3393 3025 3605 3079 extrin-

2025 3100 2188 3143 secus
2210 3094 2537 3158 productus,
2576 3096 2732 3164 juxta
2757 3101 2998 3172 ineptum
3028 3107 3420 3170 haereticorum
3455 3132 3609 3171 com-

2027 3189 2271 3233 mentum
2311 3199 2328 3235 :
2375 3183 2620 3252 ejusdem
2670 3204 2804 3260 ergo
2853 3204 3065 3252 naturae
3105 3211 3189 3254 est
3243 3220 3365 3259 cum
3443 3209 3608 3266 rebus

2025 3271 2250 3337 creatis,
2285 3283 2338 3328 et
2390 3275 2581 3338 frater,
2619 3282 2860 3336 maxime
2900 3300 3022 3338 cum
3079 3291 3390 3346 substantia
3421 3295 3605 3351 divina

2024 3361 2310 3418 exciderit.
2343 3365 2634 3432 Quomodo
2665 3385 2796 3441 ergo
2838 3375 2928 3429 lux
2969 3378 3189 3447 quidem
3226 3382 3344 3452 ipse
3376 3397 3606 3441 vocatur

2023 3461 2078 3508 et
2107 3462 2210 3516 est,
2243 3456 2312 3510 de
2339 3468 2534 3514 sancto
2564 3477 2695 3516 vero
2724 3462 2968 3535 Baptista
3012 3469 3214 3526 dicitur
3239 3491 3251 3526 :
3280 3494 3300 3527 ι
3336 3473 3454 3531 Non
3484 3490 3604 3534 erat

2022 3543 2115 3599 ille
2175 3545 2264 3600 lux
2310 3548 2376 3612 ",
2419 3567 2437 3601 ι
2477 3555 2730 3621 ηιιοιιιιὶε
2779 3557 2867 3610 lux
2908 3568 3056 3614 esset
3112 3567 3354 3633 potentia
3409 3569 3602 3626 beatus

2021 3634 2287 3706 Baptista,
2324 3647 2378 3694 et
2405 3657 2514 3696 non
2549 3644 2666 3715 ipse
2701 3649 2901 3715 solum,
2928 3654 3200 3722 siquidem
3235 3660 3350 3714 fieri
3389 3673 3604 3732 poterat

2020 3737 2078 3781 ut
2115 3726 2308 3796 Filius,
2357 3732 2485 3788 licet
2535 3748 2776 3804 creatus,
2818 3744 2909 3798 lux
2941 3753 3121 3803 tamen
3158 3752 3460 3808 secundum
3509 3772 3605 3810 na-

2017 3823 2200 3870 turam
2246 3833 2401 3874 suam
2463 3834 2628 3880 esset.
2663 3827 2816 3894 Quod
2866 3835 3012 3888 enim
3073 3838 3126 3891 in
3189 3851 3382 3896 natura
3434 3844 3600 3900 situm

2017 3913 2122 3974 est,
2164 3911 2415 3979 sequitur
2451 3931 2742 3974 commune
2787 3939 2910 3981 esse
2962 3929 3151 3998 utique
3192 3934 3450 3990 omnibus
3480 3954 3608 4007 qua:

2016 4002 2371 4072 participant.
2403 4004 2509 4062 Sed
2542 4008 2784 4069 Joannes
2822 4033 2928 4072 non
2961 4032 3079 4074 erat
3113 4022 3205 4076 lux
3242 4043 3256 4079 :
3292 4027 3381 4080 lux
3414 4041 3596 4082 autem

2014 4101 2135 4148 erat
2180 4093 2397 4166 Filius;
2435 4099 2688 4160 diversus
2743 4108 2910 4175 igitur
2963 4128 2989 4163 a
3032 4113 3198 4170 rebus
3233 4119 3452 4184 creatis,
3498 4136 3600 4176 nec

2013 4183 2259 4253 ejusdem
2302 4196 2512 4246 natura:
2544 4207 2670 4248 cum
2703 4196 2855 4266 ipsis.

2085 4274 2298 4330 ALIUD
2354 4295 2419 4332 ea:
2465 4281 2666 4336 eodem.
2711 4285 2766 4339 Si
2830 4287 2918 4341 lux
2980 4292 3284 4349 secundum
3345 4309 3594 4355 naturam

2013 4379 2139 4420 cum
2171 4369 2243 4424 sit
2273 4368 2472 4439 Filius,
2503 4385 2722 4430 creams
2753 4386 2837 4430 est
2864 4388 3028 4450 atque
3062 4383 3264 4454 factus,
3289 4393 3592 4459 praesertim

2017 4473 2140 4513 cum
2173 4476 2284 4516 non
2316 4464 2390 4518 sit
2423 4481 2491 4520 ex
2538 4465 2633 4522 Dei
2666 4483 2729 4522 ac
2777 4468 2957 4529 Patris
2990 4475 3322 4548 substantia,
3346 4493 3405 4540 ut
3449 4503 3594 4542 non-

2019 4549 2154 4605 nulli
2199 4555 2588 4624 suspicantur,
2639 4576 2823 4615 rerum
2883 4576 3192 4626 creatarum
3251 4587 3446 4632 natura
3501 4581 3593 4637 lux

2016 4653 2144 4696 esse
2190 4649 2246 4698 et
2283 4647 2470 4701 vocari
2523 4653 2746 4719 poterit.
2797 4653 2975 4711 Erunt
3026 4669 3207 4716 autem
3256 4669 3440 4723 onmia
3499 4672 3590 4730 lux

2016 4733 2287 4800 potentia.
2322 4735 2426 4807 57
2463 4737 2620 4804 Quod
2654 4744 2801 4798 enim
2849 4759 3046 4804 natura
3086 4767 3183 4807 sua
3231 4757 3436 4828 aliquid
3469 4779 3594 4820 esse

2015 4831 2225 4891 potest,
2264 4826 2454 4896 utique
2517 4831 2661 4888 illud
2712 4844 2817 4901 est,
2876 4841 3093 4898 etiamsi
3153 4826 3396 4905 nondum
3464 4868 3590 4912 actu

2012 4917 2248 4974 exstitit.
2291 4920 2427 4976 Cum
2457 4940 2590 4997 ergo
2622 4944 2803 4985 rerum
2834 4942 3148 4992 creatarum
3189 4949 3400 4998 natura:
3439 4960 3592 5001 com-

2011 5018 2177 5062 mune
2223 5009 2295 5064 sit
2335 5026 2461 5069 esse
2500 5015 2701 5085 lucem,
2731 5023 3012 5094 proprium
3049 5039 3231 5084 autem
3281 5034 3492 5092 nullius
3527 5053 3592 5092 ac

2012 5097 2315 5169 singulare,
2337 5105 2466 5174 quid
2489 5109 2696 5167 frustra
2727 5130 2786 5170 se.
2808 5115 2979 5184 jactat
2999 5119 3171 5178 Filius
3196 5121 3388 5180 dicens
3411 5145 3454 5180 ει
3478 5128 3592 5198 Ego

2009 5203 2132 5245 sum
2159 5192 2286 5248 lux?
2325 5215 2344 5248 ι
2381 5197 2680 5258 Dicendum
2709 5208 2853 5261 enim
2889 5221 3033 5266 esset
3061 5215 3263 5284 potius,
3303 5215 3414 5285 Ego
3465 5192 3587 5271 smn

2007 5280 2297 5340 vobiscum
2351 5287 2464 5346 lux.
2524 5291 2662 5350 Cum
2703 5307 2890 5353 autem
2945 5280 3114 5357 veluti
3166 5280 3447 5374 proprium
3492 5307 3592 5362 bo-

2008 5385 2139 5426 num
2174 5376 2322 5434 istud
2362 5383 2456 5437 uni
2485 5385 2590 5441 sibi
2632 5401 2872 5462 arroget,
2902 5395 3060 5448 nullo
3093 5401 3352 5449 consorte.
3387 5397 3586 5461 ascite.

2010 5469 2160 5530 patet
2190 5467 2380 5538 utique
2430 5472 2614 5543 ipsmn
2651 5479 2925 5534 creaturis
2963 5494 3022 5535 se
3053 5495 3160 5532 non
3198 5491 3588 5547 ῦηιιιιηιετειτθο

2008 5556 2106 5609 sed
2139 5556 2195 5612 in
2231 5570 2426 5617 natura
2458 5563 2644 5624 Patris
2689 5583 2748 5624 se
2779 5570 3073 5635 collocare,
3109 5579 3232 5638 quae
3262 5575 3460 5623 natura
3492 5589 3588 5628 sua

2011 5645 2100 5702 lux
2137 5658 2240 5704 cst.
