4092 6274
510 401 583 461 99
1491 392 1550 450 s.
1583 344 1867 448 manu,
1894 381 2365 445 ALEXANDRINI
2400 377 2724 437 ARCIIIEP.

3650 374 3758 434 100

585 511 817 570 ALIUD.
853 508 1013 578 Quod
1042 509 1220 564 lucem
1255 506 1569 579 participat,
1599 522 1707 562 non
1736 513 1822 561 est
1867 500 2086 575 preprie

2257 494 2462 549 MAG.
2494 492 2569 546 Τὸ
2595 490 2711 560 φῶς
2748 486 2998 562 {naian
3026 485 3123 559 [αι.
3150 486 3329 557 φωτὸς
3358 486 3633 562 μετὲχονῙ,
3656 492 3760 544 οὸκ

515 609 638 675 Ius;
670 605 815 661 aliud
846 605 990 659 enim
1023 601 1300 673 quoddam
1351 600 1409 654 in
1453 599 1576 669 ipso
1607 613 1730 654 esse
1753 595 1990 653 videtur.
2026 593 2085 648 Si

514 714 645 772 ergo
677 694 1154 754 communicabilis
1203 690 1482 748 creaturis
1517 698 1602 745 est
1628 687 1820 753 Filius,
1855 696 1917 742 ut
1966 686 2087 751 lus,

515 792 768 847 diversus
794 786 899 842 erit
924 785 993 841 ab
1019 784 1091 840 iis
1117 799 1238 855 qua:
1264 781 1599 854 participant
1639 781 1844 851 ipsum,
1871 788 1926 834 et
1947 776 2089 831 lucis

516 881 781 952 indigent.
827 877 998 948 Igitur
1041 891 1151 932 non
1199 883 1287 930 est
1340 883 1596 935 creatus,
1640 885 1820 940 neque
1881 875 1945 923 ut
1997 881 2090 923 res

515 979 712 1025 creata:
743 968 814 1023 ab
847 968 957 1023 alio
990 964 1294 1022 illuminari
1325 963 1592 1036 postulat.
1625 960 1772 1017 Deus
1796 961 2002 1029 itaque,
2033 964 2091 1012 et

515 1058 828 1129 illuminare
865 1057 1028 1128 potis.
1059 1052 1217 1121 Quod
1249 1054 1295 1110 si
1343 1055 1419 1108 ita
1459 1058 1566 1120 est,
1591 1051 1752 1108 etiam
1805 1064 1871 1104 ex
1908 1047 2091 1103 Patris

516 1149 827 1207 substantia
887 1146 1106 1217 genitus
1165 1145 1528 1215 intelligetur,
1580 1139 1855 1213 siquidem
1921 1152 2092 1195 unum

517 1241 818 1296 adoramus
871 1237 1096 1311 Deum,
1140 1251 1243 1292 nec
1308 1236 1541 1291 alterum
1605 1232 1676 1289 ab
1728 1246 1794 1288 eo
1852 1231 1948 1302 qui
2009 1236 2095 1286 est

518 1332 774 1389 colimus.

587 1419 818 1477 ALIUD.
840 1420 1046 1476 Rerum
1068 1426 1323 1474 naturam
1354 1416 1673 1487 diligentius
1694 1413 2094 1476 examinantes,

521 1514 690 1568 Deum
714 1513 963 1568 videmus
989 1521 1043 1567 et
1074 1517 1409 1575 creaturam,
1440 1515 1697 1578 praeterea
1731 1505 1886 1559 nihil.
1914 1504 2099 1571 Quod-

520 1619 737 1675 cunque
764 1604 909 1657 enim
942 1601 1086 1656 Deus
1115 1615 1223 1655 non
1261 1606 1347 1655 est
1377 1606 1575 1653 natura
1607 1611 1730 1663 sua,
1758 1596 1862 1650 hoc
1906 1597 2097 1665 utique

520 1709 770 1755 creatum
810 1708 916 1764 est,
944 1705 999 1753 et
1042 1695 1189 1767 quod
1241 1695 1348 1750 sub
1379 1692 1716 1748 creationem
1760 1690 1959 1744 cadere
1989 1703 2097 1742 non

523 1798 725 1862 potest,
761 1788 988 1844 omnino
1033 1800 1260 1841 necesse
1316 1792 1401 1839 est
1451 1784 1556 1840 hoc
1605 1797 1730 1838 esse
1770 1780 1962 1836 Deum.
1997 1780 2097 1834 His

2185 585 2318 639 αὐτὸ
2349 584 2553 656 κυρίως
2584 581 2706 636 ἐστὶ
2725 580 2860 651 φῶςο
2897 579 3084 651 ἓτερον
3115 579 3226 651 γάρ
3245 598 3299 633 τι
3315 581 3562 651 ὑπάρχον
3582 583 3641 634 ὲν
3661 583 3764 637 a6-

2186 676 2262 747 τῷ
2294 675 2563 744 φαίνεται·
2589 674 2638 727 εί
2655 672 2835 727 τοίνυν
2858 670 3120 742 μεθεκτὸς
3146 673 3176 725 ὁ
3199 671 3329 735 Υίὸς
3353 673 3466 736 τοῖς
3489 673 3762 742 γενητοῖς,

2187 768 2262 831 ὡς
2295 766 2431 836 φῶς,
2456 764 2642 837 ἔτερος
2661 764 2728 820 ἂν
2751 762 2835 835 εἴη
2866 763 3018 834 παρὰ
3043 762 3114 816 τὰ
3141 762 3436 834 μετέχοντα
3457 762 3623 816 αθτοῦ
3670 765 3765 816 καὶ

2188 858 2367 929 φωτὸς
2392 856 2642 927 δεόμενα·
2676 854 2871 909 οὐκοῦν
2916 855 2977 908 οὐ
3029 854 3280 925 γενητὸς,
3321 855 3431 907 οὐδ’
3461 853 3654 925 ὥσπερ
3692 854 3766 909 τὰ

2188 950 2390 1019 γενητὰ
2423 945 2754 1018 φωτίζεσθαι
2785 947 2913 1018 παρ’
2937 944 3125 1017 ἑτέρου
3154 944 3357 1016 ζητῶν·
3402 943 3535 1010 Θεὸς
3565 945 3621 998 δὲ
3656 946 3767 1016 ἄρα

2188 1038 2394 1104 λοιπὸν,
2419 1039 2512 1093 καὶ
2541 1036 2798 1108 φωτίζειν
2832 1037 3148 1107 δυνάμενος.
3175 1037 3235 1091 Εἰ
3259 1037 3318 1091 ἃ
3346 1035 3526 1099 τοῦτο,
3554 1037 3767 1107 καὶτῆς

2191 1133 2285 1188 τοῦ
2341 1130 2553 1204 Πατρὸς
2596 1129 2785 1193 οὐσίας
2841 1126 3165 1197 ὲκπεφυκὼς
3221 1126 3565 1199 νοηθήσεται,
3609 1129 3769 1199 εἴπερ

2191 1224 2293 1279 ενα
2322 1221 2739 1296 προσκυνοῦμεν
2797 1219 2952 1287 Θεὸν,
2985 1221 3078 1275 καὶ
3130 1221 3230 1292 οὐχ
3257 1220 3430 1292 ἑτέρῳ
3478 1221 3587 1275 τινὶ
3616 1221 3770 1293 παρὰ

2193 1317 2284 1371 τὸν
2315 1315 2443 1369 εντα
2464 1315 2821 1385 λατρεύομεν.

2263 1407 2466 1459 ΑΛΛΟ.
2499 1406 2611 1476 Τὴν
2640 1404 2747 1458 τῶν
2761 1406 2929 1459 ὸντων
2962 1403 3205 1476 ἀκριϐῶς
3225 1403 3571 1472 ἐξετάζοντες
3584 1405 3770 1475 φύσιν,

2194 1495 2328 1551 Θεὸν
2374 1495 2590 1567 ὁρῶμεν
2646 1497 2739 1550 καὶ
2785 1495 2962 1550 κτίσιν
2982 1535 2998 1559 ,
3046 1495 3142 1550 καὶ
3196 1496 3384 1569 ἕτερον
3422 1497 3517 1550 επὶ
3562 1497 3773 1562 τούτοις

2196 1588 2370 1642 οὐδέν·
2407 1588 2436 1641 ὃ
2472 1587 2581 1659 γὰρ
2614 1586 2682 1642 ἂν
2722 1589 2929 1660 ἐκπέσῃ
2960 1588 3053 1642 τοῦ
3079 1582 3217 1642 εἶναι
3246 1588 3380 1653 Θεὸς
3411 1589 3555 1644 κατὰ
3588 1589 3771 1659 φύσιν,

2196 1678 2357 1732 τοῦτο
2380 1678 2597 1741 πάντως
2624 1680 2740 1732 ἐστὶ
2765 1679 3009 1750 γενητόνο
3054 1679 3147 1733 καὶ
3176 1679 3313 1751 ὅπερ
3343 1679 3411 1734 ἂν
3431 1680 3523 1733 τὸν
3548 1680 3643 1734 τοῦ
3672 1697 3774 1734 πε-

2200 1772 2458 1842 ποιῆσθαι
2499 1772 2767 1844 διαφεὺγῃ
2820 1772 3013 1840 λόγον,
3048 1771 3207 1825 τοῦτο
3238 1774 3333 1827 καὶ
3387 1773 3518 1827 εἴσω
3557 1774 3775 1838 πάντως

524 1838 599 1937 ita
650 1838 756 1936 rite
790 1878 1120 1950 perspectis,
1148 1876 1519 1946 respondeant
1567 1875 1730 1930 nobis
1757 1872 1852 1944 qui
1899 1889 1929 1927 a
1966 1872 2099 1928 sub-

2205 1838 2330 1919 ἐστὶ-
2345 1864 2452 1918 τῶν
2476 1864 2574 1934 τῆς
2869 1838 3032 1934 ὅρων.
3065 1864 3193 1917 ὀτε
3220 1864 3400 1918 τοίνυν
3437 1865 3635 1936 ἄριστὰ
3659 1883 3775 1928 πως

525 1970 729 2027 stantia
766 1968 861 2023 Dei
908 1982 971 2022 ac
1007 1967 1187 2024 Patris
1227 1965 1425 2021 Filium
1465 1972 1773 2030 removent,
1822 1961 2099 2035 quomodo

528 2061 699 2131 possit
748 2059 1064 2115 illuminare
1114 2070 1172 2114 ut
1219 2058 1335 2123 lux,
1391 2071 1516 2112 cum
1577 2057 1697 2129 ipsa
1753 2057 1976 2127 propria
2025 2054 2101 2111 sit

529 2160 739 2207 naturae
769 2150 972 2206 divina:
1002 2166 1104 2207 nec
1137 2151 1296 2206 alteri
1325 2149 1622 2206 tribuatur.
1681 2148 1840 2216 Quod
1873 2150 1921 2205 si
1948 2163 2103 2205 crea-

529 2255 619 2300 tus
655 2258 779 2298 cum
827 2243 901 2299 sit
923 2241 1117 2309 Filius,
1146 2243 1311 2298 etiam
1355 2242 1451 2297 lux
1483 2255 1607 2299 esse
1636 2247 1844 2311 potest,
1875 2238 1944 2295 ad
1975 2239 2102 2295 uni-

528 2350 719 2392 versas
749 2335 939 2406 utique
979 2350 1069 2392 res
1112 2344 1327 2390 creatas
1364 2332 1659 2404 pertinebit
1698 2332 1862 2388 istius
1894 2346 2102 2401 praero-

526 2426 722 2499 gativae
779 2426 979 2497 gratia,
1009 2434 1285 2497 eruntque
1328 2424 1514 2480 omnia
1555 2424 1649 2479 lus
1698 2438 1799 2494 per
1824 2433 2101 2478 naturam.

529 2516 674 2583 Quid
700 2532 832 2588 ergo
863 2517 947 2573 eis
999 2531 1137 2587 opus
1169 2517 1288 2572 erit
1342 2514 1766 2589 participatione
1812 2513 1963 2577 Filii,
2013 2522 2107 2569 aut

532 2610 663 2681 quid
696 2609 823 2665 inde
858 2609 941 2666 eis
970 2609 1215 2672 accedet,
1245 2623 1372 2663 cum
1401 2618 1459 2664 ut
1506 2607 1622 2664 sint
1672 2607 1765 2662 lus
1796 2605 2107 2663 secundum

500 2704 689 2757 ‘suam
739 2709 993 2755 naturam
1040 2700 1173 2772 ipsa:
1217 2714 1440 2771 quoque
1497 2698 1760 2762 habeant,
1789 2712 1902 2753 non
1948 2711 2109 2754 secus

533 2806 598 2847 ac
632 2789 844 2846 Filius?
878 2788 986 2847 Sed
1032 2790 1383 2847 illuminante
1431 2802 1572 2859 opus
1622 2787 1790 2843 habet
1830 2794 2108 2853 creatura,

531 2897 659 2938 cum
696 2880 843 2938 istud
870 2897 899 2936 a
930 2896 991 2937 se
1041 2897 1149 2937 non
1210 2881 1407 2937 habeat
1441 2897 1456 2936 :
1491 2879 1638 2936 Deus
1680 2877 1851 2951 igitur
1879 2886 1967 2935 est
2013 2891 2112 2949 per

436 3016 441 3019 -
534 2984 787 3031 naturam
822 2974 1022 3041 Filius,
1070 2984 1237 3046 atque
1286 2975 1496 3031 idcirco
1543 2973 1661 3040 lus,
1696 2980 1760 3028 ut
1807 2972 1903 3043 qui
1935 2970 2113 3042 possit

534 3065 850 3122 illuminare
876 3080 942 3123 ea
973 3082 1095 3136 qua:
1127 3065 1267 3120 lucis
1297 3065 1570 3136 indigent.

605 3241 841 3299 ALIUD.
868 3241 986 3299 Lux
1032 3242 1334 3299 secundum
1379 3250 1633 3298 naturam
1684 3255 1843 3299 suam
1875 3254 2000 3299 cum
2040 3240 2116 3298 sit

536 3331 730 3404 Filius,
774 3342 872 3391 aut
911 3335 1056 3391 alius
1097 3342 1183 3391 est
1241 3348 1272 3388 a
1320 3341 1601 3400 creatura,
1657 3348 1855 3405 nempe
1904 3332 2118 3390 ratione

531 3429 813 3495 essentia,
836 3438 932 3484 aut
975 3426 1225 3497 ejusdem
1272 3441 1398 3483 cum
1457 3426 1578 3498 ipsa
1627 3434 1861 3483 natura.
1894 3423 1953 3482 Si
1982 3440 2117 3498 ergo

535 3520 784 3588 ejusdem
855 3520 1074 3590 generis
1131 3526 1219 3575 est
1284 3534 1348 3574 ac
1402 3518 1750 3585 substantia,
1790 3516 2020 3578 frustra,
2057 3525 2119 3572 ut

539 3610 778 3673 videtur,
803 3611 962 3665 nobis
991 3610 1069 3664 ait
1103 3627 1161 3664 τι
1184 3608 1304 3680 Ego
1331 3610 1426 3663 lux
1451 3609 1510 3663 In
1544 3610 1810 3664 mundum
1837 3608 1968 3664 veni
1988 3608 2055 3664 ’⁸.
2089 3624 2111 3661 ι

542 3697 715 3752 liabet
744 3697 893 3752 enim
926 3697 1088 3752 etiam
1119 3713 1150 3751 a
1180 3712 1243 3753 se
1268 3707 1524 3752 creatura
1578 3696 1725 3764 quod
1757 3695 1847 3751 lux
1869 3697 1943 3753 sit
1975 3712 1990 3749 :
2021 3696 2117 3752 lux

542 3796 724 3843 autem
786 3786 925 3840 lucis
980 3786 1261 3857 particeps
1298 3800 1424 3842 esse
1475 3800 1587 3841 non
1642 3785 1829 3849 debet,
1872 3793 1935 3841 ut
1986 3791 2120 3842 cen-

539 3884 729 3934 seatur
781 3890 909 3931 esse
946 3875 1057 3930 lux.
1097 3874 1207 3946 58
1238 3873 1332 3930 Sin
1384 3881 1567 3930 autem
1611 3874 1858 3946 ejusdem
1907 3883 2119 3932 natura!

543 3985 651 4025 non
685 3978 792 4034 est,
821 3967 916 4023 sed
948 3974 1203 4022 creatura
1235 3965 1380 4022 lucis
1411 3964 1636 4038 indiget,
1667 3982 1792 4022 cum
1832 3967 2071 4026 audierit
2099 3985 2116 4024 :

546 4079 566 4115 ι
603 4059 747 4128 Quid
785 4060 930 4117 enim
977 4058 1149 4116 babes
1202 4058 1347 4130 quod
1392 4073 1503 4114 non
1536 4059 1798 4131 accepisti
1824 4061 1909 4115 “3
1945 4080 1966 4114 ›
2016 4074 2117 4117 ne-

541 4152 790 4209 cessario
853 4151 1022 4223 igitur
1070 4161 1290 4207 creatus
1340 4165 1467 4207 esse
1516 4166 1627 4207 non
1681 4153 1883 4224 poterit
1921 4149 2118 4219 Filius,

541 4246 649 4304 sibi
698 4241 863 4301 simul
897 4242 1175 4315 arripiens
1205 4242 1351 4314 quod
1385 4244 1672 4315 praprium
1716 4252 1806 4302 est
1849 4254 2121 4300 creatura

542 4337 766 4394 bonum.
798 4335 920 4389 Non
973 4333 1120 4390 enim
1163 4343 1415 4390 creatura
1464 4335 1555 4391 lus
1606 4334 1713 4392 erit
1761 4343 1961 4391 natura
1996 4347 2118 4398 sua,

539 4425 636 4485 sed
661 4427 804 4482 lucis
836 4426 1019 4497 potius
1053 4424 1238 4497 indiga
1272 4431 1329 4481 et
1354 4427 1656 4497 particeps.

2196 1956 2268 2011 τὰ
2310 1955 2535 2010 τοιαῦτα
2577 1955 2969 2027 διεσκέμμεθα,
3004 1955 3272 2024 λεγόντων
3320 1957 3451 2027 ἡμῖν
3482 1959 3531 2011 οἱ
3560 1960 3658 2029 τῆς
3680 1956 3775 2011 τοῦ

2199 2048 2334 2102 Θεοῦ
2363 2049 2459 2103 καὶ
2490 2048 2705 2118 Πατρὸς
2746 2048 2934 2111 οὐσίας
2972 2047 3301 2114 ἐξωθοῦντες
3329 2048 3424 2101 τὸν
3453 2048 3585 2102 Υίόν
3611 2069 3623 2082 ·
3651 2048 3776 2112 Πῶς

2202 2141 2269 2197 ἂν
2287 2141 2501 2196 δύναιτο
2532 2141 2787 2210 φωτίζειν
2812 2140 2888 2204 ὡς
2915 2141 3050 2210 φῶς,
3082 2140 3213 2194 ἴδιον
3248 2140 3481 2211 ἐχούσης
3503 2140 3640 2195 αὐτὸ
3679 2134 3777 2211 τῆς

2204 2232 2354 2296 θείας
2377 2232 2611 2302 φύσεως,
2646 2232 2818 2303 ἑτέρῳ
2847 2232 2906 2286 δὲ
2939 2232 3376 2305 παραχωρούσης
3408 2233 3613 2301 οὐδενί;
3641 2234 3689 2287 εί
3721 2233 3780 2288 δὲ

2202 2327 2428 2398 γενητὸς
2474 2326 2734 2399 ὑπάρχων
2774 2328 2805 2380 ὁ
2843 2324 2972 2390 Υίὸς
2992 2367 3008 2395 ,
3056 2329 3154 2383 καὶ
3200 2327 3318 2398 φῶς
3360 2325 3500 2384 εἶναι
3536 2327 3780 2393 δύναται,

2205 2417 2401 2489 φθάσει
2463 2418 2528 2492 δὴ
2600 2419 2819 2485 πάντως
2887 2421 2979 2475 ἰπὶ
3041 2421 3222 2477 πάντα
3291 2420 3360 2476 τὰ
3426 2427 3633 2495 γενητὰ
3685 2424 3782 2478 τοῦ

2206 2511 2683 2582 πλεονεκτήματος
2717 2513 2752 2583 ἡ
2779 2511 2963 2583 χάρις,
2998 2512 3150 2566 ἔσται
3184 2511 3243 2566 δὲ
3273 2513 3451 2568 πάντα
3484 2514 3602 2582 φῶς
3643 2515 3785 2569 κατὰ

2208 2599 2392 2672 φύσιν.
2423 2601 2520 2665 Τίς
2550 2595 2646 2654 οὖν
2680 2600 2868 2664 αὐτοῖς
2892 2602 2972 2656 lat
3002 2602 3159 2675 χρεία
3183 2602 3282 2675 τῆς
3325 2602 3421 2658 τοῦ
3460 2603 3594 2659 Υίοῦ
3627 2622 3787 2676 μετο-

2206 2693 2331 2764 χῆς,
2363 2692 2479 2765 ἢτί
2507 2692 2570 2747 τὸ
2595 2693 2758 2748 πλέον
2802 2692 3052 2748 ὲντεῦθεν
3089 2694 3402 2766 εὑρήσουσι,
3436 2696 3581 2752 κατά
3623 2697 3789 2767 φύσιν

2208 2783 2400 2855 ἔχοντα
2441 2783 2537 2839 καὶ
2556 2784 2697 2839 αὐτὰ
2744 2784 2806 2839 τὸ
2833 2779 2977 2840 εἶναι
3014 2784 3164 2855 φῶς,
3204 2784 3398 2858 ὥσπερ
3437 2781 3533 2842 οὖν
3560 2787 3787 2860 ἀμέλει,

2210 2876 2305 2929 καὶ
2331 2874 2458 2940 Υἱὸς
2485 2877 2543 2930 ὲν
2587 2877 2798 2939 ἑαυτοῖς
2828 2874 2849 2949 [
2874 2894 2963 2948 γρ.
3000 2877 3178 2949 ἑαυτῷ
3197 2876 3255 2950 ];
3299 2877 3462 2932 Ἀλλὰ
3481 2877 3673 2951 χρῄζει
3692 2879 3790 2934 τοῦ

2213 2964 2539 3037 φωτίζοντος
2555 2971 2590 3040 ἡ
2621 2968 2825 3036 κτίσις,
2880 2968 3089 3025 οῐκοθεν
3109 2970 3208 3025 οὐκ
3234 2970 3436 3043 ἔχουσα
3464 2972 3643 3029 τοῦτο.
3658 2972 3793 3038 Θεὸς

2213 3057 2321 3130 ἄρα
2346 3058 2487 3113 κατὰ
2517 3058 2679 3128 φύσιν
2706 3061 2735 3113 ὁ
2764 3059 2913 3128 Υἱὸς,
2952 3060 3047 3114 καὶ
3089 3060 3179 3116 διὰ
3223 3060 3385 3117 τοῦτο
3429 3062 3567 3133 φῶς,
3597 3063 3676 3130 ὥς
3720 3065 3792 3119 τὰ

2138 3162 2185 3223 ο
2215 3148 2393 3220 φωτὸς
2420 3148 2651 3220 δεόμενα
2678 3149 2934 3220 φωτίζειν
2960 3152 3275 3224 δυνάμενος.

2283 3241 2488 3295 ΔΔΛΟ.
2512 3240 2632 3305 Φῶς
2651 3243 2795 3296 κατά
2823 3242 2987 3312 φύσιν
3014 3245 3275 3318 ὑπάρχων
3299 3247 3329 3301 ὁ
3354 3245 3503 3311 Υίὸς,
3548 3245 3582 3318 ἢ
3606 3244 3794 3319 ῑτερός

2214 3331 2331 3388 ιστι
2361 3332 2514 3404 παρὰ
2535 3331 2634 3404 τὴν
2656 3332 2850 3400 κτίσιν,
2885 3334 3046 3406 δῆλον
3062 3336 3120 3390 δὲ
3154 3338 3240 3392 δτι
3266 3337 3409 3393 κατὰ
3434 3337 3527 3392 τὸν
3556 3338 3650 3393 τοῦ
3675 3339 3794 3403 πῶς

2214 3419 2354 3478 εἶναι
2378 3424 2559 3493 λόγον,
2596 3425 2630 3495 ἢ
2661 3425 2907 3497 ὁμοφυὴς
2938 3428 3099 3500 αὐτῇ.
3147 3429 3189 3483 Ε
3246 3430 3351 3502 μιν
3399 3426 3494 3486 οὖν
3526 3431 3796 3501 ὁμογενὴς

2215 3518 2333 3570 ἔστι
2352 3516 2446 3570 καὶ
2475 3516 2777 3586 όμοούσιος,
2798 3517 2994 3591 μάτην,
3021 3518 3097 3584 ὥς
3145 3518 3341 3591 ἔοικεν,
3391 3522 3524 3594 ημῖν
3575 3522 3797 3593 impol-

2215 3619 2348 3675 τησε
2384 3602 2556 3673 λέγων
2587 3620 2601 3635 ο
2636 3623 2657 3659 ι
2681 3603 2822 3674 Ἐγὼ
2844 3605 2960 3674 φῶς
2997 3608 3078 3671 εἰς
3122 3606 3216 3661 τὸν
3240 3608 3445 3680 κόσμον
3483 3609 3723 3681 tamtan
3771 3629 3791 3663 ι

2217 3695 2334 3766 εχει
2364 3694 2474 3768 γὰρ
2515 3699 2550 3768 ἢ
2585 3698 2766 3761 κτίσις
2806 3697 3019 3752 οτκοθεν
3056 3699 3118 3754 τὸ
3143 3700 3262 3769 φῶς
3308 3696 3450 3755 εἶναι
3479 3702 3576 3756 καὶ
3609 3702 3751 3773 αὐτῆ
3778 3719 3792 3734 ·

2218 3785 2336 3858 φῶς
2361 3787 2419 3841 δὲ
2443 3788 2623 3858 φωτὸς
2668 3787 2956 3859 ἀμέτοχον,
3004 3789 3093 3844 ἵνα
3118 3790 3307 3859 νοῆται
3339 3790 3476 3860 φῶς·
3526 3792 3576 3846 εί
3610 3792 3670 3847 δὲ
3695 3793 3800 3845 οὐκ

2217 3878 2365 3935 ιστιν
2400 3878 2668 3952 ὀμοφυὴς,
2712 3880 2884 3935 δεῖται
2909 3879 2966 3935 δὸ
2996 3879 3172 3950 φωτὸς
3206 3882 3240 3953 ἡ
3272 3882 3447 3946 κτίσις
3492 3881 3798 3947 ἀκούσασα,

2223 3991 2245 4026 ι
2283 3971 2350 4025 Τί
2385 3971 2496 4042 γὰρ
2523 3969 2689 4043 ἔχεις,
2721 3971 2755 4026 ὸ
2778 3973 2879 4027 οὐκ
2926 3972 3137 4041 ῑλασες,
3178 3991 3198 4026 ι
3241 3972 3556 4044 ἀναγκαίως
3598 3974 3700 4046 ἢδη
3736 3972 3803 4029 τὸ

2218 4055 2359 4116 εῖναι
2390 4060 2615 4132 γενητὸς
2639 4063 2670 4115 ὀ
2696 4061 2824 4125 Υίὸς
2854 4061 3218 4131 διαφεύξεται,
3253 4062 3589 4128 συνεξελκων
3612 4063 3798 4134 ἑαυτῷ

2216 4152 2318 4224 τῆς
2350 4153 2582 4218 κτίσεως
2620 4153 2683 4208 τὸ
2711 4153 2841 4209 ῐδιον
2873 4155 3095 4225 ἀγαθόν·
3122 4156 3184 4210 οὐ
3214 4156 3325 4228 γὰρ
3352 4157 3387 4228 ἠ
3419 4156 3603 4220 κτίσις
3643 4154 3800 4211 ἔσται

2218 4243 2361 4300 κατὰ
2393 4245 2555 4314 φύσιν
2602 4244 2664 4299 τὸ
2695 4244 2832 4316 φῶς,
2887 4247 3066 4317 φωτὸς
3100 4246 3158 4303 δὲ
3196 4248 3396 4318 μᾶλλον
3434 4248 3661 4321 δεομένη
3705 4250 3803 4303 καὶ

2221 4334 2464 4407 μέτοχος·

609 4492 936 4572 Αιιυιιξει
993 4514 1135 4570 nihil
1175 4492 1457 4587 vsuiips'ius
1516 4492 1606 4573 est
1654 4515 1965 4587 particeps,
2020 4513 2109 4570 sed

2289 4512 2501 4569 ΔΛΔΟ.
2540 4512 2605 4566 El
2645 4511 2801 4567 οὐδὲν
2857 4511 3051 4568 ἑαυτοῦ
3101 4512 3345 4585 μέτοχον,
3400 4514 3619 4586 μετέχει
3665 4513 3725 4569 δὲ
3764 4516 3799 4585 ἡ

537 4615 793 4663 creatura
825 4603 1024 4660 Filium
1065 4612 1125 4658 ut
1163 4603 1342 4660 lucem
1375 4605 1714 4677 participat;
1740 4620 1851 4662 non
1876 4613 1963 4661 est
1987 4618 2122 4677 ergo

540 4700 658 4769 ipse
701 4706 983 4761 creatura,
1016 4695 1116 4753 sed
1173 4706 1358 4769 neque
1405 4704 1662 4752 creatura
1708 4696 1826 4762 Ius,
1857 4693 2004 4768 quod
2037 4704 2123 4751 ta-

544 4801 665 4841 men
690 4796 776 4841 est
808 4785 1004 4843 Filius.

611 4875 842 4933 ALIUD.
875 4875 935 4933 Si
993 4874 1144 4931 aliud
1198 4885 1285 4934 est
1343 4875 1682 4941 illuminare.
1716 4875 1866 4933 aliud
1914 4876 2120 4934 illumi-

477 5042 483 5051 ρ
542 4964 691 5028 nari,
724 4963 869 5017 sicut
898 4979 1060 5035 agere
1098 4972 1155 5020 et
1184 4963 1323 5034 pati,
1351 4971 1408 5020 et
1455 4964 1731 5022 illuminat
1772 4966 1994 5039 quidem
2025 4964 2122 5023 Fi-

545 5054 674 5116 lius,
705 5051 1053 5107 illuminatur
1102 5060 1287 5108 autem
1324 5062 1580 5108 creatura
1612 5071 1627 5108 :
1658 5069 1769 5109 non
1802 5068 1938 5126 ergo
1976 5053 2124 5109 idem

514 5135 629 5201 ἐει
662 5140 839 5198 Filius
863 5149 919 5198 et
940 5151 1222 5210 creatura,
1247 5151 1311 5199 ut
1345 5157 1525 5214 neque
1551 5141 1607 5199 id
1636 5143 1784 5215 quod
1824 5143 1938 5215 agit
1978 5142 2123 5199 idem

539 5246 626 5294 est
656 5248 782 5293 cum
807 5248 875 5288 eo
909 5231 1056 5305 quod
1084 5234 1289 5306 agitur.

610 5325 655 5382 l.
699 5324 754 5379 5.
783 5325 853 5379 Et
876 5323 973 5377 ιιι-ἰ
998 5323 1052 5377 in
1081 5321 1308 5378 tenebris
1342 5322 1503 5390 tacet,
1529 5331 1580 5378 et
1623 5319 1849 5379 tenebris
1874 5338 1993 5378 eam
2022 5338 2127 5381 nos

539 5417 1068 5489 comprehenderant.
1176 5416 1181 5419 ’

612 5505 941 5563 Necessario
1015 5502 1180 5560 nobis
1263 5501 1711 5576 sapientissimus
1781 5503 2119 5577 evangelista
2168 5550 2183 5564 .

544 5599 945 5670 praecdentem
974 5596 1289 5655 doctrinam
1316 5594 1594 5667 explicare
1629 5595 1736 5653 ltoc
1769 5596 1891 5654 loco
1925 5612 2118 5676 aggre-

615 5775 663 5816 ¹⁹
697 5776 860 5843 Joan.
894 5797 1008 5851 an,
1039 5782 1131 5840 46.
1205 5783 1253 5817 ⁸⁸
1291 5779 1470 5839 ICor.
1507 5794 1600 5851 ιν,
1631 5776 1684 5833 7.

2221 4602 2398 4666 κτίσις
2432 4601 2509 4667 ὡς
2551 4602 2729 4671 φωτὸς
2771 4601 2866 4658 τοῦ
2908 4602 3059 4657 Υιοῦο
3107 4604 3208 4658 οὑκ
3234 4604 3346 4675 ἄρα
3394 4605 3573 4669 κτίσις
3603 4604 3801 4670 αὐτὸς,

2220 4694 2336 4750 ἀλλ’
2358 4694 2481 4750 οὐδὲ
2507 4697 2541 4768 ἡ
2569 4694 2750 4761 κτίσις
2778 4694 2841 4749 τὸ
2870 4695 3007 4767 φῶς,
3037 4695 3177 4767 ὅπερ
3204 4696 3354 4750 ὸστὶν
3386 4697 3416 4751 ὁ
3444 4696 3597 4761 Υιός.

2293 4872 2498 4928 ΔΑΜ).
2546 4872 2614 4927 Et
2654 4871 2717 4927 τὸ
2773 4871 3029 4942 φωτίζειν
3082 4870 3292 4942 ῑτερον,
3351 4870 3538 4942 ἕτερον
3577 4868 3638 4922 δέ
3687 4869 3806 4923 εστι

2215 4964 2279 5020 τὸ
2317 4962 2683 5033 φωτίζεσθαι,
2724 4963 2803 5028 ὡς
2848 4963 3099 5035 ἐνέργεια
3129 4961 3227 5017 καὶ
3269 4960 3473 5027 πάθος,
3505 4959 3602 5015 καὶ
3631 4960 3806 5030 φωτί-

2218 5056 2303 5122 ζει
2329 5054 2430 5127 μὶν
2455 5056 2485 5108 ὸ
2512 5055 2660 5121 Υίὸς,
2687 5056 2982 5125 φωτίζεται
3013 5054 3070 5110 δὲ
3091 5055 3127 5127 ἠ
3166 5053 3363 5118 κτίσιςο
3393 5052 3496 5108 οὐκ
3523 5051 3634 5124 ἄρα
3662 5068 3805 5105 ταυ-

2217 5144 2311 5200 τὸν
2343 5143 2473 5210 Υίὸς
2515 5145 2610 5200 καὶ
2627 5144 2826 5211 κτίσις,
2860 5145 2984 5201 ἐπεὶ
3010 5144 3146 5218 μηδὲ
3167 5144 3230 5198 τὸ
3264 5141 3526 5216 δνεργοῦν
3546 5141 3626 5213 τῷ
3651 5143 3806 5214 ἔνερ-

2220 5234 2495 5306 γουμένῳ.

2293 5327 2404 5382 Kal
2435 5328 2502 5382 τὸ
2522 5327 2650 5397 φῶς
2675 5328 2745 5383 ἐν
2773 5326 2849 5398 τῇ
2884 5329 3099 5397 σκοτίᾳ
3127 5327 3348 5399 φαίνει,
3381 5325 3481 5381 καὶ
3514 5326 3555 5394 al
3589 5327 3810 5383 σκοτία

2223 5416 2371 5472 αὐτὸ
2395 5418 2469 5472 οὑ
2493 5417 2844 5474 κατέλαϐεν.

2307 5506 2646 5577 “verum:
2678 5510 2810 5580 ἡμῖν
2846 5512 2877 5564 ὸ
2917 5508 3229 5582 σοφώτατος
3267 5504 3662 5579 εὐαγγιλιστῆς
3704 5505 3808 5577 τὴν

2225 5599 2285 5657 ιν
2312 5602 2425 5666 τοῖς
2454 5599 2786 5673 προλαϐοῦσι
2814 5600 3049 5674 θεωρίαν
3069 5600 3428 5658 εκπλατύνειν
3450 5598 3547 5655 καὶ
3564 5595 3657 5652 διὰ
3695 5596 3812 5656 τῶν
