4092 6274
775 349 785 357 _
842 322 875 346 ί

337 382 432 441 101

1406 381 1473 437 ΙΝ
1510 381 1799 438 JOANNIS
1832 381 2273 440 EVANCELIUM
2305 385 2431 441 LIB.
2476 385 2515 442 ί.

3494 384 3600 459 toi

335 497 718 573 προκειμένων
739 498 1035 569 ἐπείγεται.
1062 498 1137 554 Οὐ
1159 497 1269 573 γὰρ
1288 499 1459 571 δήπου
1481 501 1593 564 τοῖς
1622 499 1899 571 ἀκροωμέ-

2016 498 2182 555 ditur.
2215 497 2334 556 Non
2375 502 2523 556 enim
2559 499 2791 570 putabat
2820 501 3169 561 auditoribus
3212 508 3350 563 satis
3379 508 3497 566 fore
3527 514 3596 568 ad

332 610 446 657 νοις
470 593 807 662 ἀποχρήσειν
824 590 1073 661 ἐνόμιζεν
1096 592 1180 655 είς
1199 592 1262 645 τὸ
1286 590 1548 647 δύνασθαι
1578 592 1719 645 νοεῖν
1740 590 1917 645 ἀπλα-

334 685 444 747 νῶς
476 684 609 755 περὶ
650 683 745 737 τοῦ
786 682 920 736 Θεοῦ
986 682 1160 750 Λόγου
1188 720 1203 746 ,
1244 682 1437 753 ὅτιπερ
1478 682 1648 745 ὅντως
1702 684 1819 735 ἐστὶ
1854 682 1917 737 τὸ

336 775 457 844 φῶς
520 776 628 829 τῶν
664 773 966 844 ἀνθρώπων
1007 772 1201 837 αὐτὸς,
1249 773 1337 827 διά
1368 773 1465 827 τοῦ
1504 773 1671 843 φάναι
1719 774 1912 844 μόνον’

342 885 362 917 ι
409 867 572 936 Καὶή
619 864 731 936 ζωὴ
762 860 830 936 ἦν
871 864 933 918 τὸ
960 863 1075 934 φῶς
1110 864 1217 918 τῶν
1262 863 1566 936 ἀνθρώπων
1590 882 1604 897 ο
1656 885 1674 916 ι
1712 860 1780 936 ἦν
1806 866 1915 937 γὰρ

334 955 400 1027 δὴ
428 957 523 1009 καὶ
563 955 732 1020 είκὺς,
779 954 1268 1026 ἀναδειχθήσεσθαί
1322 972 1477 1020 τινας
1535 956 1916 1020 ἀϐασανίστως

334 1048 443 1101 τῶν
462 1046 768 1117 λεγομένων
790 1045 1110 1111 ἀκούονταςο
1132 1047 1226 1100 καὶ
1250 1046 1314 1119 δὴ
1337 1047 1432 1101 καὶ
1452 1047 1797 1120 πρεσϐεύειν,
1821 1046 1915 1100 καὶ

332 1139 553 1209 ἐτέρους
610 1136 884 1191 διδάσκειν
942 1137 1265 1207 ἐπιχειρεῖν,
1314 1138 1396 1192 δτι
1444 1138 1560 1208 φῶς
1601 1138 1701 1208 μὲν
1742 1138 1913 1201 ὄντως

328 1229 479 1282 ἐστὶν
507 1230 535 1282 ό
559 1228 649 1282 τοῦ
675 1226 811 1282 Θεοῦ
833 1227 1024 1297 Λόγος,
1050 1226 1190 1299 πλὴν
1210 1229 1271 1282 οὐ
1295 1230 1427 1282 πᾶσι
1452 1228 1629 1297 φωτὸς
1652 1229 1907 1300 χορηγός⁸

330 1319 445 1383 ἀλλέ
477 1314 557 1384 οἷς
587 1318 653 1374 ἂν
686 1319 847 1383 αὐτὸς
882 1318 1160 1391 βούληται,
1200 1318 1262 1372 τὸ
1290 1319 1391 1389 τῆς
1418 1320 1687 1383 συνέσεως
1735 1320 1913 1389 ἐνίησι

329 1411 467 1481 φῶς,
500 1410 811 1481 δοκιμάζων
843 1411 934 1464 τὸν
969 1411 1251 1481 ὀφείλοντα
1280 1411 1487 1477 λαϐεῖν,
1520 1414 1615 1465 καὶ
1647 1412 1749 1481 τῆς
1766 1410 1912 1464 οὕτω

328 1504 591 1575 λαμπρᾶς
627 1504 775 1570 ἀξιον
828 1503 957 1557 ὄντα
983 1504 1211 1574 δωρεᾶς*
1248 1506 1283 1576 ἡ
1309 1505 1367 1559 δέ
1400 1522 1464 1573 γε
1494 1504 1603 1559 τῶν
1628 1504 1802 1560 ἄλλων
1826 1504 1912 1557 λο-

329 1595 503 1662 γικῶν
535 1596 851 1665 κτισμάτων
897 1593 1078 1664 φύσις,
1111 1594 1144 1664 ἢ
1176 1594 1235 1660 ἐξ
1261 1594 1477 1649 οἰκείων
1509 1595 1699 1667 ὥσπερ
1746 1611 1911 1666 σπερ-

333 1683 541 1754 μάτων,
567 1683 666 1753 τὴν
702 1683 795 1737 ἐπὶ
825 1682 901 1753 τῷ
947 1683 1204 1738 δύνασθαι
1231 1686 1446 1753 φρονεῖν
1478 1684 1787 1755 ἐρανίζεται
1816 1684 1910 1738 δύο

334 1774 523 1844 ναμιν,
552 1774 587 1845 ἢ
630 1774 904 1844 ἐντίθησιν
948 1776 1087 1846 αὐτῇ
1126 1773 1249 1827 νοῦν
1296 1776 1389 1828 κα)⁸
1447 1773 1661 1828 σύνεσιν
1711 1776 1740 1827 ό
1780 1774 1908 1838 Θεὸς

2017 600 2163 649 recte
2195 594 2607 665 intelligendum
2639 594 2731 648 Dei
2756 593 2997 651 Verbum
3036 612 3228 652 revera
3260 614 3384 656 esse
3419 602 3597 659 lucem

2015 684 2327 747 hominum,
2355 685 2401 740 si
2438 685 2706 739 duntaxat
2744 682 2954 741 diceret
2992 706 3006 741 :
3057 706 3075 738 ι
3127 688 3191 741 Et
3222 690 3332 744 vita
3356 704 3477 746 erat
3506 693 3598 748 lux

2015 774 2325 828 hominum.
2364 792 2383 825 ι
2422 772 2717 828 Probabile
2762 775 2909 829 enim
2960 783 3080 830 crat
3132 779 3349 835 futuros
3380 781 3598 852 aliquos

2012 869 2108 938 qui
2136 875 2343 923 temere
2365 876 2420 921 et
2453 866 2862 922 inconsiderate
2890 883 2952 921 ea
2986 884 3107 939 quae
3138 870 3403 926 dicuntur
3437 888 3598 944 cape-

2015 966 2153 1013 rent.
2192 958 2439 1028 aliosque
2469 958 2730 1012 ducerent
2757 973 2820 1014 ac
2854 958 3136 1015 traderent
3172 961 3347 1018 lucem
3377 964 3597 1034 quidem

2014 1063 2206 1103 revera
2252 1064 2376 1104 esse
2411 1047 2505 1103 Dei
2542 1047 2815 1112 Verbum,
2864 1059 2920 1105 at
2984 1066 3093 1106 non
3143 1054 3405 1110 omnibus
3456 1056 3597 1112 lucis

2015 1137 2361 1208 largitorem,
2403 1137 2498 1193 sed
2532 1138 2737 1209 quibus
2766 1140 2895 1194 velit
2929 1141 3239 1210 prudentiae
3283 1144 3458 1199 lucem
3495 1146 3598 1198 im-

2012 1228 2256 1290 mittere,
2287 1243 2525 1299 eumque
2561 1232 2796 1301 probare
2827 1236 2920 1303 qui
2958 1235 3158 1305 dignus
3201 1238 3273 1291 sit
3310 1245 3425 1292 tam
3461 1238 3593 1292 illu-

2012 1320 2113 1377 stri
2146 1321 2292 1376 dono
2320 1340 2333 1375 :
2371 1330 2629 1378 caeterum
2662 1324 2894 1379 aliarum
2932 1337 3313 1383 creaturarum
3346 1331 3596 1385 rationa-

2012 1411 2145 1466 lium
2224 1420 2477 1467 naturam
2552 1422 2645 1468 aut
2711 1431 2779 1470 ex
2866 1420 3109 1488 prOpriis
3187 1421 3596 1489 quodammodo

2011 1502 2319 1560 seminibus
2350 1504 2658 1572 prudentiae
2685 1507 2793 1561 vim
2839 1510 3114 1579 accipere,
3144 1520 3238 1565 aut
3279 1512 3591 1583 intelligen-

2009 1596 2142 1650 tiam
2195 1596 2247 1651 ei
2290 1596 2751 1667 prudentiamque
2802 1614 2832 1653 a
2877 1599 2987 1655 Deo
3029 1616 3094 1656 ac
3149 1600 3312 1658 Patre
3350 1603 3591 1669 immitti,

2009 1687 2171 1758 quasi
2219 1702 2327 1741 non
2385 1689 2560 1757 possit
2592 1689 2741 1743 istud
2795 1700 3058 1760 praestare
3109 1693 3303 1749 Filius.
3352 1692 3422 1749 L't
3460 1711 3594 1767 ergo

2010 1774 2369 1829 manifestum
2407 1776 2584 1845 ﬁeret,
2616 1778 2794 1846 ipsum
2821 1777 2989 1833 Deum
3032 1779 3268 1836 Verbum
3305 1783 3360 1837 iu
3393 1781 3505 1839 Deo
3528 1800 3591 1839 ac

333 1866 430 1916 καὶ
456 1861 666 1936 Πατὴρ,
696 1865 771 1929 ὡς
799 1866 899 1919 οὐκ
926 1865 1269 1936 ἐξισχύοντος
1288 1866 1443 1919 τοῦτο
1468 1866 1600 1936 δρᾷν
1626 1865 1722 1919 τοῦ
1752 1864 1899 1919 Υἰοῦ.

2008 1869 2169 1925 Patre
2193 1871 2373 1925 vitam.
2392 1886 2516 1927 esse
2550 1878 2716 1942 atque
2745 1872 2946 1939 lucem,
2972 1889 3080 1928 non
3105 1875 3417 1945 aliquorum
3450 1878 3591 1932 dun-

334 1965 453 2017 ’Ὶνα
480 1959 659 2013 τοίνυν
689 1959 947 2029 φαίνηται
1000 1959 1187 2028 σαφῶς
1214 1958 1376 2024 αὐτὸς
1409 1961 1438 2013 ό
1464 1958 1595 2022 Θεὸς
1630 1958 1817 2028 Λόγος,
1846 1959 1906 2023 ὃς

330 2050 400 2125 ἦν
436 2054 494 2105 ἐν
525 2049 644 2119 Θεῷ
694 2051 789 2103 καὶ
823 2050 1020 2120 Πατρὶ,
1052 2051 1146 2103 καὶ
1191 2049 1326 2122 ζωὴ,
1358 2050 1453 2107 καὶ
1487 2050 1620 2119 φῶς.
1650 2050 1711 2104 ού
1743 2049 1905 2105 τινῶν

330 2144 431 2214 μὲν
479 2142 585 2195 ό.νά
629 2138 816 2211 μέρος,
854 2139 1059 2210 ἐτέρων
1112 2138 1170 2193 δὲ
1201 2138 1407 2198 οὐκέτι,
1439 2139 1574 2196 ἀλλά
1603 2140 1747 2195 κατά
1781 2156 1903 2196 τινα

327 2234 619 2309 μετουσίας
647 2233 886 2305 ἄρρητον
927 2231 1147 2304 τρόπον,
1185 2233 1261 2298 ὡς
1317 2233 1480 2303 σοφία
1538 2235 1633 2289 καὶ
1688 2234 1905 2299 σύνεσις

326 2329 485 2398 (ὅπερ
507 2326 655 2380 ἐστὶν
680 2326 739 2378 ἐν
765 2326 879 2388 τοῖς
908 2324 1144 2394 λογικοῖς
1167 2324 1227 2378 τὸ
1248 2324 1577 2398 καλούμενον
1595 2326 1757 2398 φῶς),
1778 2328 1905 2381 ἐαυ-

322 2420 416 2473 τὸν
442 2419 582 2482 ὅλοις
610 2420 723 2481 τοῖς
763 2413 881 2471 οὖσι
927 2417 1290 2488 καταμιγνὺς,
1322 2418 1410 2472 ἵνα
1452 2418 1803 2488 λογικεύηται
1833 2417 1905 2472 τὰ

321 2512 535 2580 λογικὰ,
566 2511 663 2567 καὶ
685 2510 946 2581 φρόνησιν
969 2510 1070 2583 ἔχῃ
1094 2511 1164 2565 τὰ
1193 2512 1509 2582 φρονήσεως
1539 2510 1783 2579 δεκτικὰ,
1803 2510 1903 2564 οὐκ

322 2604 391 2658 ἂν
420 2604 621 2675 ἑτέρως
671 2598 812 2658 εἷναι
840 2601 1002 2656 τοῦτο
1034 2601 1332 2673 δυνηθέντα
1375 2602 1538 2657 ποτέ’
1588 2600 1902 2671 ἀναγκαίως

323 2699 508 2769 φησὶν,
546 2698 630 2751 ὅτι
659 2696 753 2751 καί
788 2714 806 2747 ι
838 2694 912 2749 Τὸ
936 2695 1049 2765 φῶς
1091 2698 1150 2750 ἐν
1179 2699 1246 2768 τῇ
1287 2695 1475 2765 σκοτίᾳ
1511 2694 1711 2765 φαίνει,
1749 2692 1899 2765 καὶὴ

325 2791 511 2845 σκοτία
526 2790 656 2845 αὐτὸ
673 2790 735 2844 οὐ
753 2789 1073 2845 κατέλαϐεν.
1098 2790 1303 2843 οΜόνον
1321 2789 1431 2862 γὰρ
1449 2788 1572 2860 οὐχὶ
1590 2786 1831 2843 τοιοῦτόν
1846 2802 1901 2839 τι

323 2886 433 2947 τοῖς
452 2883 821 2955 ἀκροωμένοις
835 2884 899 2937 ἐκ
914 2881 1118 2952 πολλῆς
1141 2881 1428 2953 ἀκριϐείας
1456 2881 1681 2952 ἀναϐοᾷ⁸
1699 2880 1896 2951 Ἐφην,

323 2967 370 3026 ὦ
399 2967 564 3041 οῦτοι,
579 2973 753 3027 καίτοι
776 2973 983 3044 σφόδρα
1010 2971 1278 3026 διδάσκων
1309 2970 1379 3025 τὰ
1411 2970 1610 3043 ἀληθῆ,
1631 2966 1899 3041 τὴνιζωὴν

324 3061 464 3119 εἷναι
489 3064 600 3117 τῶν
626 3062 928 3136 ἀνθρώπων
976 3065 1037 3119 τὸ
1070 3066 1207 3134 φῶς,
1234 3065 1334 3136 οὐχ
1379 3064 1468 3118 ῑνα
1498 3065 1594 3135 νοῇ
1631 3078 1715 3126 τις
1748 3060 1806 3114 ιν
1831 3078 1899 3129 γε

322 3158 439 3219 τοῖς
463 3152 694 3225 παροῦσι
740 3153 975 3224 μάλιστα
1025 3153 1226 3222 λόγοις,
1274 3153 1335 3219 ἐξ
1387 3154 1575 3226 ἐτέρου
1622 3150 1897 3214 πολιτείας
1920 3190 1969 3254 C

318 3245 647 3317 κομίζεσθαι
675 3245 841 3317 γέρας
904 3245 995 3299 τὸν
1034 3247 1161 3317 παρ’
1205 3245 1371 3299 αὐτοῦ
1424 3249 1726 3315 φωτισμὸν,
1768 3242 1895 3308 τοὺς

318 3339 547 3408 ὅσοιπερ
583 3334 649 3391 ἂν
679 3336 948 3405 φαίνοιντο
1003 3336 1197 3391 δίκαιοί
1228 3352 1290 3389 τε
1342 3335 1436 3390 καὶ
1482 3333 1675 3403 ἀγαθοί
1718 3348 1733 3363 ⁶
1779 3332 1897 3387 ἀλλ’

322 3429 415 3482 ἵνα
477 3429 780 3500 μανθάνητε
826 3428 1007 3493 πάλιν,
1032 3430 1221 3500 ὅτιπερ
1271 3428 1333 3482 δν
1368 3426 1570 3499 τρόπον
1633 3424 1781 3479 ἐστὶν
1837 3424 1899 3478 ἐν

316 3522 457 3574 πᾶσι
478 3521 589 3583 τοῖς
618 3520 893 3589 γεγονόσιν
920 3521 950 3574 ό
979 3519 1151 3588 Λόγος
1173 3519 1307 3590 ζωὴ,
1343 3515 1625 3587 ζωογονῶν
1653 3515 1895 3584 δηλονότι

309 3612 385 3667 τὰ
408 3610 551 3682 ζωῆς
569 3610 821 3666 δεκτικά·
841 3610 1014 3674 οὕτως
1034 3610 1184 3664 ἐστὶν
1209 3611 1267 3664 ἐν
1287 3610 1472 3673 αὐτοῖς
1502 3610 1600 3664 καὶ
1641 3608 1779 3679 φῶς,
1822 3607 1894 3663 τὰ

306 3704 583 3769 συνέσεώς
613 3720 674 3757 τε
697 3704 790 3758 καὶ
824 3705 1138 3775 φρονήσεως
1166 3702 1418 3769 δεκτικά,
1444 3702 1604 3757 τοῦτο
1630 3700 1893 3756 δεικνύων

300 3800 451 3869 ὅπερ
472 3796 576 3850 είσί
593 3813 607 3827 ’
626 3796 803 3851 πάντα
826 3796 936 3867 γὰρ
962 3798 1020 3850 ἐν
1042 3795 1178 3849 πᾶσί
1200 3795 1348 3848 ἐστιν
1385 3796 1414 3848 ό
1442 3793 1632 3866 Πατὴρ
1657 3793 1723 3847 δι’
1757 3792 1890 3847 Υίοῦ

298 3892 365 3945 ἐν
406 3888 709 3959 Πνεῦματι.
750 3888 980 3943 Σκοτίαν
1011 3887 1069 3942 δὲ
1101 3888 1359 3959 ὀνομάζει
1391 3887 1493 3959 τὴν
1526 3886 1622 3940 τοῦ
1656 3883 1888 3957 φωτίζε-

292 3980 434 4034 σθαι
459 3979 724 4050 δεομένην
740 3977 905 4049 φύσιν
924 3977 1335 4041 καθόλου,τοῦτ’
1358 3978 1605 4049 ἐστι,τὴν
1631 3978 1887 4049 γενητήν.

307 4070 542 4139 Ἐπειδὴ
587 4070 697 4140 γὰρ
747 4068 908 4123 αὑτὸν
952 4068 1200 4140 ὠνόμασε
1226 4068 1291 4122 τὸ
1324 4068 1461 4138 φῶς,
1493 4069 1685 4141 ἑτέραν
1724 4064 1891 4122 οὖσαν

290 4159 668 4217 ἐπιδεικνύων
697 4159 798 4230 τὴν
826 4160 1015 4214 ἐπιδεᾶ
1048 4161 1141 4214 καὶ
1173 4161 1441 4232 ἀμέτοχον
1479 4159 1590 4232 [ισ.
1638 4158 1888 4233 μέτοχον]

285 4249 478 4307 αὑτοῦ
535 4249 714 4302 κτίσιν
743 4249 987 4321 λογικὴν,
1027 4250 1108 4314 είς
1158 4250 1221 4305 τὸ
1277 4251 1521 4305 ἐναντίον
1564 4249 1889 4322 περιτρέπει
1910 4274 1931 4285 ιη

281 4340 395 4398 τοῦ
467 4340 873 4409 σημαινομένου
925 4340 1024 4412 τὴν
1071 4341 1318 4412 δύναμιν,
1373 4342 1474 4395 οὐκ
1520 4340 1634 4395 ἀπὸ
1660 4339 1885 4405 σκοποῦ,

280 4431 448 4491 κατά
484 4446 550 4498 γε
596 4429 687 4482 τὸν
739 4430 1005 4501 ἡμέτερον
1050 4432 1195 4498 νοῦν,
1229 4434 1324 4486 καὶ
1347 4432 1508 4486 τοῦτο
1543 4430 1735 4495 ποιῶν,
1771 4430 1887 4485 ἀλλ’

2008 1968 2179 2027 taxat,
2225 1962 2459 2016 aliorum
2499 1978 2611 2017 non
2661 1964 2815 2027 item,
2868 1964 2964 2018 sed
3030 1964 3299 2021 ineﬂabili
3346 1969 3587 2036 quodam

2005 2055 2534 2110 communicationis
2582 2056 2765 2123 modo,
2802 2066 2929 2127 puta
2961 2073 3085 2113 cum
3123 2060 3197 2114 sit
3225 2062 3497 2131 sapientia
3537 2073 3590 2117 et

2005 2147 2302 2218 prudentia
2338 2148 2507 2217 (quod
2538 2149 2591 2203 in
2622 2149 2859 2205 rationis
2890 2152 3240 2220 compotibus
3282 2154 3456 2208 lucem
3492 2170 3588 2223 ap-

2004 2238 2320 2309 pellamus),
2358 2240 2603 2309 seipsum
2640 2240 2916 2296 universis
2963 2241 3129 2298 rebus
3164 2242 3497 2307 immiscere.
3531 2252 3592 2299 ut

2004 2328 2297 2383 rationalia
2361 2328 2636 2384 rationem
2706 2330 2997 2399 accipiant,
3051 2338 3107 2385 et
3167 2331 3586 2403 intelligentiam

2003 2419 2245 2476 habeant
2295 2435 2417 2491 quc
2453 2419 2577 2489 ejus
2614 2427 2745 2475 sunt
2791 2421 3038 2492 capacia,
3083 2436 3187 2478 nec
3228 2423 3390 2478 aliter
3439 2425 3585 2481 istud

2003 2520 2240 2583 possunt
2291 2512 2535 2584 assequi,
2575 2512 2893 2569 necessario
2924 2513 3112 2578 infert,
3154 2533 3174 2566 ε
3229 2521 3284 2569 et
3314 2515 3491 2571 lucem
3529 2516 3585 2571 in

2002 2604 2247 2661 tenebris
2284 2604 2491 2670 lucere,
2522 2616 2579 2662 et
2621 2605 2880 2662 tenebras
2910 2620 3032 2661 eam
3069 2620 3179 2661 non
3222 2607 3585 2677 comprehen-

2000 2695 2170 2751 disse.
2210 2714 2230 2748 ι
2259 2695 2317 2751 ld
2348 2696 2496 2751 enim
2533 2695 2928 2769 propemodum
2959 2696 3305 2754 auditoribus
3337 2698 3585 2754 studiose

2000 2788 2264 2843 inclamat
2302 2807 2315 2843 :
2346 2787 2487 2849 Dixi.
2513 2805 2548 2845 ο
2576 2790 2739 2857 boni,
2766 2791 3051 2845 veritatem
3083 2806 3209 2844 cum
3237 2791 3432 2861 primis
3458 2791 3582 2847 edo-

2000 2892 2155 2943 cens,
2181 2878 2350 2933 vitam
2381 2877 2490 2948 59
2506 2894 2630 2934 esse
2658 2879 2942 2934 hominum
2963 2878 3165 2940 lucem.
3191 2894 3300 2934 non
3336 2891 3394 2934 ut
3425 2880 3582 2951 quis-

1999 2982 2167 3040 quam
2200 2984 2269 3024 ει
2298 2967 2387 3024 his
2422 2969 2605 3025 verbis
2624 2970 2902 3025 existimet
2928 2986 3026 3027 eos
3049 2971 3145 3042 qui
3171 2971 3308 3041 justi
3340 2982 3396 3029 et
3420 2973 3578 3043 probi

1999 3074 2126 3116 esse
2142 3058 2402 3115 videntur
2426 3060 2662 3115 aliunde
2688 3063 2812 3117 vita
2840 3062 3170 3119 Christianae
3187 3064 3394 3119 donum
3424 3064 3576 3120 acci-

1997 3160 2168 3218 pere,
2212 3149 2471 3205 nimirum
2522 3150 2981 3208 illuminationem
3011 3196 3027 3217 ,
3095 3152 3193 3211 sed
3235 3163 3298 3210 ut
3349 3154 3580 3213 discetis

2000 3254 2219 3306 rursus,
2241 3242 2411 3311 quod,
2446 3257 2559 3310 quo
2586 3241 2750 3296 modo
2770 3252 2856 3297 est
2881 3244 2936 3297 in
2957 3246 3215 3302 omnibus
3233 3246 3397 3302 rebus
3425 3261 3577 3302 crea—

1998 3330 2070 3387 tis
2101 3329 2337 3385 Verbum
2392 3332 2536 3397 vita,
2568 3331 2857 3388 viviﬁcans
2910 3349 3107 3404 nempe
3166 3351 3231 3390 ea
3286 3351 3409 3405 qua
3451 3337 3579 3393 vita

1997 3428 2127 3475 sunt
2180 3422 2423 3491 capacia,
2472 3422 2548 3475 ita
2607 3437 2827 3492 quoque
2859 3437 2986 3479 esse
3027 3425 3082 3479 in
3134 3424 3202 3481 iis
3238 3426 3418 3481 lucem
3455 3442 3578 3497 quc

1997 3512 2370 3582 intelligentia
2408 3521 2465 3569 et
2508 3514 2818 3584 prudentiae
2861 3522 2994 3569 sunt
3043 3517 3288 3587 capacia,
3325 3518 3378 3573 id
3426 3521 3574 3589 quod

1993 3610 2125 3659 sunt
2153 3603 2417 3660 elﬁciens.
2456 3602 2655 3660 Omnia
2691 3605 2837 3658 enim
2882 3616 2967 3660 est
2995 3606 3049 3661 in
3090 3607 3350 3663 omnibus
3382 3607 3573 3673 Pater.

1991 3712 2090 3770 per
2121 3695 2343 3761 Filium,
2388 3697 2444 3751 in
2500 3695 2730 3766 Spiritu.
2780 3697 3065 3753 Tenebras
3107 3708 3289 3755 autem
3329 3702 3574 3757 nominat

1992 3798 2247 3846 naturam
2292 3789 2431 3843 lucis
2475 3789 2738 3859 indigam,
2774 3787 2879 3843 hoc
2926 3796 3014 3843 est
3064 3800 3282 3847 onlnem
3346 3794 3575 3847 omnino

1991 3890 2259 3938 creatam.
2287 3879 2585 3951 Postquam
2616 3881 2762 3935 enim
2793 3881 2975 3951 ipsum
3002 3881 3181 3937 lucem
3212 3884 3570 3954 nuncupavit,

1991 3975 2156 4029 aliam
2201 3988 2322 4029 esse
2361 3973 2660 4029 ostendens
2697 3971 3033 4045 indigentem
3070 3982 3124 4029 et
3173 3974 3350 4044 ipsius
3392 3977 3566 4046 parti-

1991 4067 2166 4137 cipem
2195 4073 2508 4121 creaturam
2549 4065 2902 4128 rationalem,
2940 4065 2994 4120 in
3029 4066 3367 4121 contrarium
3405 4070 3570 4121 venit

1988 4158 2098 4212 vim
2129 4165 2183 4213 et
2225 4158 2493 4212 rationem
2528 4158 2650 4225 ejus
2705 4155 2857 4227 quod
2901 4155 3266 4227 signiﬁcatur,
3316 4173 3424 4230 non
3470 4159 3570 4213 abs

1988 4264 2071 4313 re,
2101 4264 2222 4305 meo
2265 4249 2496 4321 judicio,
2533 4249 2587 4303 id
2622 4248 2854 4312 iaciens,
2892 4249 2985 4303 sed
3017 4248 3163 4317 quod
3197 4249 3337 4318 apud
3383 4265 3444 4304 se
3471 4268 3571 4304 ro-

1994 4341 2213 4411 gitat-et,
2239 4356 2425 4396 rerum
2469 4346 2782 4394 creatarum
2809 4347 3086 4403 naturam,
3116 4354 3241 4392 cum
3275 4340 3569 4397 nibilexse

1989 4448 2223 4504 prorsus
2254 4432 2521 4503 proferat,
2557 4430 2651 4485 sed
2688 4444 2852 4486 omne
2892 4444 3053 4484 stium
3090 4444 3235 4492 esse,
3270 4439 3324 4483 et
3359 4439 3567 4487 rectum

276 4528 487 4581 ἐκεῖνο
507 4521 574 4593 δὴ
596 4522 811 4585 πάντως
834 4522 1155 4578 καθ’ἐαυτδν
1184 4525 1462 4596 ἐννοήσας,
1498 4526 1580 4578 δτι
1601 4524 1711 4578 τῶν
1732 4541 1889 4596 γενη-

1998 4526 2325 4582 consistendi
2347 4523 2569 4579 modum
2596 4522 2793 4578 habeat
2819 4522 2889 4577 ab
2914 4521 3129 4592 opiﬁce,
3162 4522 3289 4592 jure
3324 4522 3516 4578 audire
3548 4544 3564 4580 :

275 4618 401 4672 τῶν
432 4615 470 4684 ἠ
513 4610 695 4681 φύσις,
723 4610 875 4665 οὐδὲν
902 4610 1039 4675 ὅλως
1072 4613 1132 4679 ἐξ
1159 4614 1328 4684 αὐτῆς
1364 4615 1705 4683 τιηγάζουσα,
1740 4613 1886 4685 σύμ-

275 4726 402 4763 παν
437 4704 503 4758 δὲ
557 4703 619 4757 τὸ
668 4697 811 4756 εἶναι
844 4704 1030 4758 καὶτὸ
1068 4698 1128 4757 εὖ
1155 4699 1296 4758 εἶναι
1329 4704 1551 4758 ωιῶσδε
1597 4705 1760 4775 τυχὸν
1799 4705 1886 4759 δε·-

272 4800 506 4872 χομένη
533 4794 686 4865 παρά
702 4794 796 4848 τοῦ
817 4795 1183 4867 Δημιουργοῦ,
1198 4795 1418 4860 δικαίως
1434 4794 1618 4849 ἀκούει
1633 4797 1753 4849 ἰΤί
1774 4796 1884 4868 γὰρ

270 4894 432 4961 ἔχεις
467 4888 500 4940 ὃ
535 4888 639 4938 ούκ
677 4885 895 4951 ἔλαϐες;
925 4905 944 4939 ι
977 4886 1196 4957 Ἐπειδὴ
1236 4887 1293 4941 δὲ
1345 4886 1481 4957 πρὸς
1537 4889 1646 4951 τοῖς
1678 4887 1880 4951 ἄλλοις.

267 4985 374 5040 καὶ
397 4978 551 5036 αὐτὸ
575 4976 850 5032 θεόσδοτον
876 4978 987 5050 ἔχει
1015 4979 1078 5032 τὸ
1116 4979 1252 5049 φῶς,
1285 4979 1386 5032 οὐκ
1414 4978 1611 5048 ἔχουσα
1637 4979 1881 5050 δηλονότι

266 5073 567 5145 λαμϐάνει
587 5087 603 5103 ο
634 5071 696 5123 τὸ
721 5070 777 5123 δὲ
805 5071 921 5141 φῶς
944 5072 1045 5126 οὑκ
1066 5071 1189 5143 ῑχον
1212 5071 1271 5137 ἐξ
1304 5070 1521 5135 ἐαυτοῦ,
1541 5071 1658 5137 πῶς
1685 5073 1785 5125 οὐκ
1812 5072 1881 5126 ἂν

264 5169 358 5239 εἴη
390 5165 461 5219 τὸ
497 5162 829 5234 ἐναντίονςῆ
857 5164 975 5227 πῶς
1004 5165 1107 5218 οὐκ
1132 5165 1198 5218 ἀν
1234 5163 1444 5233 λέγοιτο
1470 5166 1685 5231 σκοτία;
1709 5164 1882 5220 Πιθα-

260 5260 332 5330 νὴ
370 5255 521 5325 γὰρ,
564 5250 767 5319 μᾶλλον
798 5252 855 5304 δέ
894 5252 995 5324 ἢδη
1026 5253 1120 5307 καὶ
1155 5253 1557 5325 ἀναγκαιοτάτη
1597 5254 1718 5309 λίαν
1742 5256 1881 5309 ἀπό-

257 5348 466 5413 δειξις,
495 5338 605 5395 τοῦ
631 5340 733 5411 τὴν
766 5342 864 5410 μέν
896 5344 1071 5397 κτίσιν
1090 5341 1229 5398 εἶναι
1261 5345 1503 5410 σκοτίαν,
1532 5346 1648 5416 φῶς
1685 5346 1741 5400 δὲ
1775 5348 1877 5401 πά-

258 5444 349 5495 λιν
388 5439 491 5492 τὸν
543 5432 645 5487 τοῦ
698 5432 835 5487 Θεοῦ
875 5435 1063 5504 Λόγον,
1092 5438 1154 5490 τὸ
1203 5438 1414 5508 φαίνειν
1461 5439 1521 5490 ἐν
1555 5440 1621 5510 τῇ
1682 5439 1874 5509 σκοτίᾳ

258 5534 325 5588 τὸ
370 5530 524 5601 φῶς.
565 5527 633 5580 Εί
675 5525 785 5598 γὰρ
824 5525 1035 5598 δέχεται
1080 5530 1187 5584 τῶν
1226 5530 1471 5602 γενητῶν
1515 5530 1550 5602 ἡ
1590 5529 1748 5599 φύσις
1780 5529 1873 5585 τὸν

258 5626 361 5682 τοῦ
403 5620 554 5678 Θεοῦ
593 5620 766 5690 Λόγον
803 5623 942 5677 κατὰ
988 5624 1301 5695 μετουσίαν,
1352 5624 1428 5691 ὡς
1466 5623 1603 5695 φῶς,
1637 5624 1671 5697 ἢ
1702 5625 1779 5690 ὡς
1809 5627 1873 5677 ἐκ

338 5806 388 5842 ’⁸
430 5805 455 5863 ι
492 5802 615 5859 Cor
672 5816 764 5860 tv.
803 5806 853 5860 7.

1995 4636 2013 4667 ι
2050 4615 2189 4683 Quid
2214 4616 2359 4670 enim
2401 4613 2571 4668 habes
2630 4610 2777 4681 quod
2818 4625 2928 4666 non
2968 4611 3229 4680 accepisti
3256 4610 3336 4663 “‘l
3373 4630 3395 4662 ι
3429 4610 3565 4665 Cum

1985 4716 2170 4761 autem
2206 4713 2404 4777 prmter
2433 4714 2631 4759 caetera
2673 4702 2847 4770 ipsam
2896 4716 3117 4772 quoque
3155 4701 3421 4756 divinitus
3463 4702 3566 4755 da-

1984 4807 2095 4853 tam
2146 4799 2320 4853 lucem
2372 4796 2592 4862 habeat,
2628 4808 2750 4849 eam
2802 4794 2989 4865 utique
3035 4808 3161 4848 cum
3208 4809 3317 4848 non
3345 4792 3564 4858 habeat,

1985 4891 2184 4958 accipit
2228 4909 2241 4944 :
2287 4888 2431 4960 quod
2469 4902 2603 4941 vero
2656 4885 2831 4939 lucem
2874 4901 2941 4940 ex
2994 4885 3174 4955 seipso
3216 4901 3323 4940 non
3376 4885 3562 4952 habet,

1983 4982 2261 5051 quomodo
2298 4996 2407 5036 non
2466 4979 2571 5034 erit
2622 4976 3003 5031 contrarium?
3043 4984 3132 5030 aut
3175 4978 3447 5047 quomodo
3485 4988 3565 5032 te-

1981 5072 2165 5127 nebrae
2211 5084 2319 5125 non
2367 5069 2658 5124 dicentur?
2703 5065 2989 5121 Probabile
3020 5066 3191 5133 enim,
3232 5065 3343 5121 imo
3367 5082 3560 5122 neces-

1980 5165 2187 5221 sarium
2231 5172 2613 5234 argumentum
2658 5168 2744 5216 est
2779 5165 3087 5212 creaturam
3117 5172 3240 5212 esse
3284 5158 3557 5223 tenebras,

1980 5257 2073 5313 Dei
2115 5265 2296 5311 autem
2333 5255 2573 5310 Verbum
2622 5254 2825 5316 lucem,
2861 5248 3007 5321 quod
3048 5268 3067 5301 ι
3108 5251 3197 5303 lux
3230 5249 3285 5303 in
3320 5250 3562 5303 tenebris

1979 5349 2144 5403 lucet.
2179 5365 2197 5397 ι
2228 5345 2365 5400 Nam
2402 5346 2448 5399 si
2482 5358 2666 5399 rerum
2714 5351 3022 5396 creatarum
3060 5347 3255 5392 natura
3294 5336 3385 5390 Dei
3427 5336 3560 5389 Ver-

1978 5440 2108 5495 bum
2155 5453 2252 5508 per
2306 5435 2782 5507 participationem
2831 5429 3053 5498 accipit,
3110 5436 3169 5480 ut
3218 5426 3414 5486 lucem,
3467 5434 3560 5476 aut

1980 5538 2239 5600 tanquam
2267 5544 2333 5585 ex
2371 5529 2513 5590 luce,
2542 5527 2661 5597 ipsa
2691 5522 2911 5593 quidem
2942 5527 3000 5573 ut
3029 5516 3264 5571 tenebrae
3298 5510 3557 5565 nimirum

1980 5621 2217 5694 accipit;
2252 5620 2398 5675 lucet
2437 5627 2621 5673 autem
2653 5615 2709 5670 in
2752 5613 2873 5684 ipsa
2907 5608 3051 5663 velut
3082 5605 3137 5659 in
3170 5602 3411 5659 tenebris
3442 5605 3555 5666 lux,
