4092 6274
521 387 627 446 103

1529 383 1587 440 S.
1616 379 1897 440 CYBILLI
1935 373 2404 434 ALEXANDRINI
2435 373 2758 430 ARCIIIEP.

3676 377 3783 434 i0!

521 497 577 554 id
629 504 718 554 est
780 493 994 561 l-‘ilius,
1050 494 1304 567 quamvis
1365 496 1606 552 tenebrat
1664 497 1841 551 lucem
1904 495 2078 564 tttiqut

2195 489 2393 558 φωτὸς,
2416 487 2556 558 αὐτη
2581 488 2679 559 μέν
2699 489 2776 552 ὼς
2797 486 2986 542 σκοτία
3005 489 3244 561 δηλονότι
3265 489 3534 560 λαμϐάνει
3553 506 3566 521 ·
3599 493 3784 561 φαίνει

522 589 792 644 nesciant.
830 585 944 640 Hoc
974 586 1117 640 enim
1153 585 1448 656 signiﬁcat,
1483 585 1696 656 opinor,
1725 585 1861 639 illud
1898 601 1912 638 :
1941 601 1960 635 ι
1993 583 2096 638 Te-

521 677 704 732 nebrae
733 691 858 732 eam
889 691 998 730 non
1049 671 1598 745 comprehenderunt.
1637 693 1656 726 ι
1689 672 1902 729 Cuncta
1945 673 2093 728 enim

521 767 616 823 Dei
646 768 883 824 Verbum
933 769 1173 822 illustrat
1227 783 1351 838 quae
1393 776 1524 822 sunt
1570 767 1954 822 illustrationis
1997 781 2094 820 ca-

521 858 700 928 pacia,
727 867 782 914 et
817 859 872 913 in
930 859 1245 914 universum
1275 872 1338 913 ea
1382 858 1652 912 illuminat
1691 871 1812 926 qua
1839 864 2092 910 naturain

521 948 723 1004 habent
768 949 1185 1005 illuminationis
1217 963 1495 1019 capacem.
1524 947 1811 1019 lgnoratur
1844 954 2024 1001 autem
2061 961 2091 1000 a

517 1041 781 1097 tenebris.
831 1041 1137 1096 Rationalis
1185 1042 1386 1112 Quippe
1431 1049 1626 1094 natura
1675 1054 1794 1108 quae
1839 1041 1895 1092 in
1929 1039 2092 1094 terris

513 1136 621 1190 est,
663 1137 826 1182 homo
861 1131 1140 1191 nimirum,
1185 1129 1356 1184 coluit
1405 1129 1733 1199 quandoque
1779 1136 2089 1183 creaturam

517 1232 629 1286 pra:
679 1219 957 1275 Creatore.
993 1239 1011 1271 ι
1059 1218 1175 1274 Non
1209 1219 1741 1288 comprehenderunt
1797 1219 2019 1274 lucem:
2065 1234 2084 1269 ι

517 1319 626 1360 non
661 1310 804 1362 enim
835 1318 1171 1380 agnoverunt
1201 1308 1516 1363 Creatorem
1549 1307 1750 1363 fontem
1786 1309 2086 1379 sapientia},

515 1400 891 1469 intelligentia:
929 1398 1550 1469 originem,_prudentia
1585 1399 1846 1454 radicem.
1885 1399 2086 1453 Lucem

515 1501 694 1547 tamen
730 1491 934 1545 habent
962 1490 1054 1544 Dei
1088 1490 1484 1553 misericordia,
1514 1498 1568 1545 et
1612 1489 1946 1561 intelligendi
1978 1491 2086 1544 vim

512 1597 641 1638 cum
695 1582 830 1652 ipsis
893 1581 1299 1652 quodammodo
1360 1581 1652 1636 natalibus-
1692 1583 1798 1636 sibi
1861 1582 2083 1636 insitam

511 1673 677 1727 simul
707 1673 963 1727 all‘erunt.
991 1670 1092 1725 Hic
1124 1686 1319 1726 rursus
1349 1672 1673 1737 notandum,
1702 1672 1849 1724 nulla
1873 1671 2086 1727 ratione

513 1763 710 1818 Filium
770 1763 866 1817 Dei
929 1772 1178 1817 creatum
1230 1770 1326 1816 aut
1381 1761 1583 1817 factum
1644 1762 1870 1832 intelligi
1903 1777 2082 1832 posse,

2197 581 2256 633 δὲ
2283 583 2342 634 ἐν
2372 581 2531 652 αὐτῇ,
2583 581 2837 652 καθάπερ
2867 585 2924 636 ἐν
2964 584 3155 656 σκοτίᾳ
3201 585 3262 636 τὸ
3305 585 3444 654 φῶς,
3480 586 3511 638 ό
3552 585 3699 651 Υίὸς,
3731 588 3784 641 ει

2199 671 2295 724 καὶ
2321 672 2421 724 οὐκ
2465 669 2572 724 οἶδε
2621 672 2838 738 πάντως
2883 675 2918 745 ἡ
2957 676 3147 729 σκοτία
3174 675 3235 728 τὸ
3275 677 3389 745 φῶς
3415 693 3430 706 ο
3457 676 3617 732 τοῦτο
3647 677 3781 750 γὰρ,

2197 755 2372 831 οἶμαι,
2410 763 2664 833 σημαίνει
2683 764 2766 830 τὸ,
2804 782 2824 816 ι
2872 765 2938 817 Ἦ
2971 767 3160 821 σκοτία
3179 767 3311 822 αὐτὸ
3335 769 3395 821 οὐ
3419 769 3739 825 κατέλαϐεν.
3756 791 3776 824 s

2199 854 2409 908 Ἅπασι
2446 855 2546 925 μὲν
2586 855 2694 928 γὰρ
2738 857 2767 909 ό
2814 856 2908 910 τοῦ
2936 857 3072 912 Θεοῦ
3131 861 3304 930 Λόγος
3345 861 3617 932 ἐλλάμπει
3665 867 3781 929 τοῖς

2195 949 2518 1019 ἐλλάμψεως
2548 951 2836 1015 δεκτικοῖς,
2871 953 2966 1007 καὶ
2994 953 3217 1023 φωτίζει
3247 956 3479 1011 καθόλου
3517 957 3589 1012 τὰ
3613 959 3780 1028 φύσιν

2196 1033 2388 1112 ἔχοντα
2427 1042 2523 1096 τοῦ
2568 1043 2900 1112 φωτίζεσθαι
2949 1043 3232 1117 δεκτικήνο
3269 1047 3544 1116 ἀγνοεῖται
3585 1050 3641 1103 δέ
3673 1051 3780 1105 ὑπὸ

2194 1132 2294 1202 τῆς
2319 1133 2559 1198 σκοτίαςο
2587 1137 2619 1205 ἡ
2646 1133 2752 1206 γὰρ
2775 1135 2866 1186 ἐπὶ
2883 1134 2985 1205 γῆς
3007 1138 3348 1207 τυγχάνουσα
3375 1139 3567 1211 λογικὴ
3590 1139 3774 1208 φύσις,

2191 1225 2339 1279 τοῦτ’
2356 1225 2523 1291 ἐστιν,
2540 1227 2570 1280 6
2586 1227 2680 1282 άνθ
2689 1245 2886 1300 ρωπος,
2909 1230 2958 1281 ἐ)
2969 1229 3199 1301 άτρευσέ
3218 1247 3344 1283 ποτε
3357 1234 3422 1302 τῇ
3439 1232 3609 1285 κτίσει
3627 1233 3780 1305 παρά

2190 1317 2283 1371 τὸν
2304 1317 2567 1373 κτίσαντα
2593 1361 2607 1373 .
2649 1339 2669 1373 ι
2700 1321 2773 1374 Οὐ
2803 1321 3068 1375 κατέλαϐε
3097 1321 3158 1375 τὸ
3179 1321 3295 1391 φῶς
3314 1341 3326 1352 ·
3358 1341 3376 1374 ι
3410 1324 3472 1376 οὐ
3499 1323 3608 1395 γὰρ
3635 1324 3777 1392 ἔγνω

2192 1409 2285 1465 τὸν
2311 1411 2676 1482 Δημιουργὸν,
2698 1411 2796 1483 τὴν
2821 1414 3002 1484 πηγὴν
3024 1414 3124 1479 τῆς
3151 1415 3364 1482 σοφίας,
3385 1416 3488 1484 τῆς
3505 1415 3775 1481 συνέσεως

2192 1499 2292 1570 τὴν
2319 1501 2517 1572 ἀρχὴν,
2547 1501 2644 1572 τὴν
2689 1503 2786 1574 τῆς
2835 1507 3156 1576 φρονήσεως
3212 1505 3387 1576 ῥίζαν.
3427 1507 3580 1576 Ἔχει
3611 1507 3658 1559 δ’
3679 1503 3776 1560 οὖν

2190 1592 2340 1661 ὅμως
2363 1594 2425 1645 ἐκ
2450 1593 2858 1665 φιλανθρωπίας
2887 1596 2948 1648 τὸ
2993 1596 3129 1664 φῶς,
3183 1597 3277 1650 καὶ
3327 1597 3772 1666 συγκαταϐεϐλη-

2194 1682 2360 1751 μένην
2382 1681 2572 1753 ὥσπερ
2597 1685 2861 1751 ἐπάγεται
2902 1685 2998 1756 τὴν
3037 1684 3130 1738 τοῦ
3163 1689 3380 1756 φρονεῖν
3405 1686 3632 1756 δύναμιν
3653 1689 3774 1751 ταῖς

2190 1773 2270 1834 εἰς
2311 1771 2372 1824 τὸ
2403 1767 2542 1826 εἶναι
2571 1773 2828 1844 παρόδοις
2872 1776 3269 1846 συντρέχουσαν
3298 1774 3367 1828 τὰ
3396 1777 3618 1847 γενητά.
3669 1777 3774 1848 Σηο

509 1854 623 1923 θο
645 1853 742 1908 sed
775 1867 804 1905 a
835 1851 994 1906 nobis
1025 1852 1242 1921 penitus
1276 1851 1555 1913 dissitum,
1579 1859 1633 1905 et
1667 1866 1833 1920 supra
1867 1861 2078 1906 creatu-

2193 1863 2448 1931 μειωτέον
2469 1864 2525 1916 δέ
2560 1865 2721 1918 πάλιν
2754 1867 2812 1918 ἐν
2861 1865 3094 1930 τούτοις,
3129 1867 3210 1920 ὅτι
3253 1867 3410 1934 λόγος
3448 1868 3624 1932 οὐδεὶς
3652 1870 3771 1922 ἐπι-

515 1958 704 1998 rarum
737 1952 992 1997 naturam
1023 1943 1407 2006 constitutum,
1434 1942 1714 2012 aliumque
1742 1941 1900 1998 abiis
1927 1958 2085 2013 pror-

511 2049 610 2090 sus
663 2047 809 2096 esse,
871 2041 926 2087 et
976 2033 1298 2089 substantia:
1353 2034 1565 2088 ratione
1614 2041 1908 2100 semotum,
1971 2049 2082 2089 non

511 2141 674 2182 secus
720 2126 978 2181 nimirum
1021 2140 1086 2180 ac
1134 2126 1224 2180 lux
1257 2126 1444 2180 eadem
1485 2135 1594 2180 no‘n
1626 2133 1711 2181 est
1755 2134 1882 2180 cum
1925 2134 2083 2180 tene-

511 2218 650 2284 bris,
701 2219 797 2274 sed
864 2217 1138 2274 contraria
1179 2225 1234 2273 et
1284 2218 1602 2274 diversitate
1658 2227 1866 2272 naturae
1921 2218 2082 2287 plane

509 2309 794 2366 distincta.
838 2313 944 2367 Sed
973 2327 1095 2366 cum
1131 2311 1234 2366 liae
1262 2311 1330 2367 de
1361 2327 1419 2366 re
1457 2313 1593 2367 satis
1624 2319 1783 2367 antea
1811 2320 2082 2369 tractave—

510 2401 704 2468 rimus,
742 2402 993 2458 addenda
1029 2413 1161 2458 sunt
1191 2403 1348 2460 nobis
1365 2404 1572 2474 reliqua
1601 2419 1724 2474 quae
1750 2413 2074 2474 sequuntur.

2185 1953 2375 2026 τρέψει
2407 1956 2631 2025 γενητὸν
2661 1952 2800 2010 εἶναι
2829 1961 2991 2022 νοεῖν,
3045 1957 3078 2028 ἦ
3107 1961 3474 2030 πεποιημένον
3501 1961 3770 2032 ὑπάρχειν

2184 2045 2390 2098 οἴεσθαι
2447 2047 2538 2098 τὸν
2575 2047 2703 2101 Υἰδν
2733 2048 2827 2101 τοῦ
2861 2047 3018 2112 Θεοῦ,
3046 2049 3160 2105 ἀλλ’
3217 2050 3560 2120 ἀφεστηκότα
3591 2053 3764 2122 πάντη

2183 2136 2292 2189 τῶν
2316 2137 2440 2190 καθ’
2479 2139 2643 2209 ἡμᾶς,
2675 2139 2770 2192 καὶ
2795 2139 2893 2210 τὴν
2918 2140 3029 2195 τῶν
3063 2143 3377 2212 κτισμάτων
3410 2143 3767 2198 ἀναϐαίνοντα

2183 2226 2370 2295 φύσιν,
2411 2229 2593 2299 ἕτερόν
2641 2247 2700 2284 τε
2748 2233 3043 2299 παντελῶς,
3075 2233 3107 2304 ἢ
3140 2235 3276 2306 ὅπερ
3323 2235 3459 2288 είσὶν
3488 2235 3648 2294 αὐτὰ.
3673 2237 3767 2290 καὶ⁸

2182 2319 2316 2372 πολὺ
2372 2319 2689 2390 διεστηκότα
2739 2322 2881 2377 κατά
2928 2323 3026 2394 τὴν
3070 2325 3170 2396 τῆς
3211 2326 3398 2390 οὐσίας
3447 2327 3712 2396 ποιότητα
3747 2345 3763 2359 ο

2185 2407 2373 2480 ὥσπερ
2403 2406 2496 2463 οὖν
2518 2411 2708 2480 ἀμέλει
2737 2413 2798 2465 τὸ
2830 2413 2943 2482 φῶς
2971 2415 3104 2486 πρὸς
3136 2417 3234 2488 τὴν
3271 2417 3489 2470 σκοτίαν
3533 2418 3679 2470 ἐστὶν
3704 2415 3765 2470 οὐ

507 2494 722 2558 ταυτὸν,
761 2493 877 2547 ἀλλ’
906 2495 1008 2564 ήδη
1044 2494 1140 2548 καὶ
1212 2495 1471 2556 ἐναντίον.
1539 2496 1637 2548 καὶ
1673 2496 2019 2567 ἀσυγκρίτως
2055 2499 2177 2562 ταῖς
2214 2499 2498 2572 διαφοραῖς
2542 2503 2624 2565 είς
2681 2503 3065 2576 ἀλλοτριότητα
3095 2509 3328 2578 φυσικὴν
3370 2507 3760 2579 χωριζόμενον,

522 2587 910 2658 ’Δποχρώντως
963 2588 1022 2642 δὲ
1076 2589 1303 2669 ήδημτὸν
1350 2589 1479 2662 περὶ
1523 2589 1712 2643 τούτου
1741 2591 2088 2658 διαλαϐόντες
2124 2593 2281 2665 λόγον
2313 2596 2372 2649 ἐν
2395 2599 2506 2660 τοῖς
2535 2596 3050 2670 προεξητασμένοις,
3072 2601 3140 2654 τὰ
3181 2601 3342 2656 λοιπά
3393 2601 3502 2655 τῶν
3565 2599 3766 2675 ἐφεξῆς

509 2677 912 2750 προσθήσομεν.

581 2771 624 2835 1,
655 2769 711 2832 6,
743 2771 792 2823 7.
827 2767 957 2822 Fuit
987 2769 1142 2824 homo
1176 2771 1368 2825 missus
1414 2787 1447 2824 α
1486 2770 1609 2834 Deo,
1635 2772 1722 2825 cui
1751 2787 1937 2827 nomen
1965 2780 2080 2827 erat

507 2859 763 2916 Joannes.
819 2861 923 2916 Hic
956 2863 1091 2917 venit
1124 2865 1178 2917 in
1211 2864 1593 2928 testimonium,
1624 2873 1682 2919 ut
1717 2866 2074 2921 testimonium

507 2953 798 3024 perhiberet
821 2953 886 3007 de
913 2954 1130 3008 lumine.

579 3044 768 3100 Multis
795 3047 954 3099 antea
985 3045 1055 3099 de
1082 3043 1191 3099 Deo
1228 3043 1408 3101 Verbo
1451 3045 1742 3116 diligenter
1789 3044 2074 3116 expositis,

509 3135 710 3206 quibus
756 3143 904 3202 patet
950 3135 1129 3204 ipsum
1173 3135 1472 3191 secundum
1526 3143 1779 3191 naturam
1817 3151 1940 3191 esse
1980 3135 2074 3192 Dei

508 3239 575 3280 ac
613 3224 792 3280 Patris
839 3223 1061 3287 Filium,
1090 3225 1252 3280 ﬁdem
1300 3227 1464 3282 dictis
1495 3227 1753 3298 deinceps
1791 3227 2070 3282 conciliat.

2267 2771 2530 2842 Ἐγένετο
2555 2773 2866 2844 ἄνθρωπος
2905 2776 3364 2847 ἀπεσταλμένος
3395 2779 3557 2847 παρὰ
3582 2779 3758 2847 Θεοῦ,

2182 2861 2371 2932 ὄνομα
2400 2863 2562 2931 αὐτῲ
2596 2866 2898 2934 Ἰωάννης·
2917 2864 3095 2933 οὗτος
3111 2865 3298 2939 ἦλθεν
3321 2871 3410 2936 εις
3431 2872 3762 2940 μαρτυρίαν

2184 2952 2287 3008 ἵνα
2317 2955 2677 3027 μαρτυρήσῃ
2705 2959 2838 3027 περὶ
2863 2960 2967 3014 τοῦ
2999 2961 3211 3029 φωτός.

2251 3043 2430 3100 Πολλά
2462 3045 2977 3117 προεξηγησάμενος
3011 3050 3139 3120 περὶ
3165 3049 3258 3103 τοῦ
3283 3049 3417 3104 Θεοῦ
3442 3052 3636 3119 Λόγου,
3664 3052 3760 3108 καὶ

2181 3129 2250 3184 δι’
2275 3123 2352 3187 ὧν
2397 3135 2748 3203 ἀναφαίνοιτο
2790 3136 2930 3190 κατά
2963 3137 3123 3206 φύσιν
3178 3139 3436 3210 ὑπάρχων
3492 3141 3616 3206 Υἱὸς
3658 3143 3752 3196 τοῦ

2178 3221 2312 3277 Θεοῦ
2360 3225 2453 3279 καὶ
2485 3227 2716 3298 Πατρὸς,
2761 3228 3125 3299 ἀκριϐέστατα
3149 3229 3369 3286 διειπὼν
3403 3233 3499 3304 τὴν
3545 3236 3609 3289 ἐκ
3643 3234 3752 3302 τῶν

506 3315 644 3372 Cum
679 3326 861 3374 autem
893 3333 990 3388 per
1010 3317 1234 3390 Moysen
1266 3320 1470 3374 dictum
1502 3321 1574 3376 sit
1601 3334 1630 3374 a
1661 3321 1788 3386 Deo,
1852 3340 1872 3372 ι
1905 3320 1959 3374 in
1986 3334 2078 3375 ore

2184 3313 2550 3386 ἀκροωμένων
2575 3317 2757 3370 πίστιν
2796 3321 2909 3380 τοῖς
2957 3319 3268 3389 εἰρημένοις
3303 3324 3753 3396 ἐκπραγματεύε-

506 3408 742 3462 duorum
772 3416 866 3461 aut
901 3409 1065 3464 trium
1103 3411 1322 3466 testium
1354 3419 1501 3466 stare
1526 3426 1688 3466 omne
1717 3412 1939 3466 verbum
1959 3412 2026 3476 “,
2055 3429 2074 3464 ι

508 3512 720 3567 magnai
754 3502 1103 3556 auctoritatis
1132 3502 1240 3556 sibi
1288 3511 1482 3556 testem
1531 3503 1749 3558 beatum
1782 3503 2078 3573 Baptistam

510 3586 809 3657 prudenter
843 3589 1112 3659 adjungit.
1141 3591 1264 3645 Non
1311 3594 1456 3646 enim
1507 3594 1756 3662 putabat,
1788 3594 2080 3663 quantavis

509 3687 656 3732 esset
690 3678 1015 3734 auctoritate
1052 3680 1334 3749 praeditus,
1367 3681 1438 3735 ab
1481 3681 1552 3736 iis
1579 3685 1670 3751 qui
1707 3683 1761 3736 in
1794 3683 2082 3738 historiam

510 3769 686 3824 nostri
765 3769 1096 3826 Salvatoris‘
1132 3771 1438 3826 inciderent
1494 3772 1656 3827 ﬁdem
1709 3773 1851 3827 ultra
1908 3774 2079 3845 legem

509 3875 634 3915 esse
662 3859 1008 3929 exigendam,
1045 3862 1211 3916 ctuni
1250 3862 1354 3916 sibi
1389 3861 1740 3926 credendum,
1772 3879 1864 3920 res
1898 3873 2079 3919 mente

508 3959 564 4005 et
597 3949 954 4020 intelligentia
988 3959 1176 4006 nostra
1209 3953 1526 4022 superiores
1562 3955 1862 4009 enarranti.
1897 3956 2080 4026 Itaque

510 4048 747 4096 testatur
809 4042 1032 4112 quidem
1097 4043 1214 4114 ipse
1277 4044 1470 4100 beatus
1527 4046 1858 4120 evangelista
1931 4046 2077 4116 quod

512 4147 534 4182 s
578 4129 813 4186 Verbum
855 4141 976 4187 erat
1001 4131 1056 4186 in
1084 4132 1380 4202 principio,
1399 4140 1456 4186 et
1490 4131 1634 4189 Deus
1665 4142 1784 4189 erat
1815 4132 2076 4202 Verbum,

503 4231 560 4278 et
581 4230 701 4279 erat
732 4223 786 4278 in
812 4224 1084 4295 principio
1107 4224 1255 4294 apud
1287 4223 1479 4291 Deum,
1519 4244 1539 4278 ι
1573 4233 1628 4280 et
1663 4225 1808 4296 quod
1839 4242 1860 4277 ι
1893 4226 2076 4280 omnia

503 4331 601 4386 per
641 4318 816 4387 ipsum
865 4317 1013 4373 facta
1059 4326 1215 4384 sunt,
1255 4337 1276 4371 ι
1311 4327 1368 4373 et
1419 4318 1566 4389 quod
1599 4327 1718 4374 erat
1768 4319 1824 4373 in
1872 4319 2076 4375 creatis

504 4409 690 4472 rebus,
725 4416 786 4462 ut
830 4410 964 4469 vita.
995 4417 1050 4464 et
1092 4409 1241 4479 quod
1303 4411 1396 4464 lux
1447 4410 1728 4465 hominum
1777 4419 1896 4466 erat
1940 4410 2072 4473 vita,

504 4513 564 4556 ut
612 4518 680 4557 ex
734 4501 821 4558 his
861 4501 1120 4557 omnibus
1177 4501 1432 4556 ostendat
1483 4499 1680 4555 Filium
1726 4515 1851 4556 esse
1901 4500 2070 4555 Deum

504 4593 804 4649 secundum
851 4600 1131 4648 naturam.
1162 4592 1222 4646 Ei
1275 4605 1405 4646 vero
1459 4592 1790 4662 astipulatur
1829 4589 2073 4659 Baptista

501 4683 744 4749 divinus,
783 4685 1079 4741 clamans:
1117 4703 1137 4736 ι
1177 4681 1375 4738 Parate
1422 4682 1567 4736 viam
1611 4679 1848 4747 Domini,
1891 4691 2072 4738 rectas

503 4772 668 4829 facile
725 4775 952 4830 semitas
998 4774 1092 4830 Dei
1150 4775 1324 4830 nostri
1371 4773 1437 4827 ⁸³.
1497 4790 1517 4824 ι
1574 4771 1731 4828 Hunc
1773 4772 1919 4827 enim
1953 4787 2074 4829 esse

504 4863 674 4918 Deum
712 4880 899 4920 verum
935 4880 1099 4920 nemo
1132 4881 1241 4921 non
1291 4866 1480 4937 utique
1523 4864 1798 4928 fatebitur,
1839 4863 1926 4918 cui
1973 4864 2076 4918 do-

501 4952 820 5008 minationis
871 4953 1109 5022 dignitas
1142 4952 1444 5008 secundum
1495 4961 1748 5007 naturam
1783 4950 1936 5014 insit,
1970 4964 2074 5005 nec

498 5041 657 5098 alteri
688 5042 869 5099 inesse
897 5043 1272 5114 conspiciatur
1301 5044 1522 5116 proprie
1539 5058 1604 5098 ac
1629 5058 1777 5108 vere,
1801 5041 2071 5112 siquidem

504 5155 525 5187 ι
564 5135 724 5190 nobis
773 5143 859 5190 est
901 5151 1048 5192 unus
1079 5133 1223 5190 Deus
1256 5150 1321 5189 ac
1353 5134 1532 5199 Pater,
1563 5149 1704 5188 unus
1745 5141 1927 5188 autem
1959 5132 2069 5186 Do-

498 5228 683 5284 minus
743 5223 905 5282 Jesus
944 5226 1220 5292 Christus,
1264 5245 1283 5280 ι
1323 5236 1382 5281 ιιι
1425 5224 1634 5281 Paulus
1693 5225 1923 5290 scribit;
1967 5241 1987 5276 ι
2014 5232 2072 5279 et

498 5318 620 5374 licet
654 5319 767 5374 sint
813 5317 907 5389 qui
953 5315 1211 5372 dicantur
1245 5315 1320 5370 dii
1364 5329 1460 5385 per
1497 5312 1752 5385 gratiam,
1783 5321 1838 5368 et
1865 5311 2070 5367 domini

497 5409 678 5472 multi,
709 5410 827 5466 sive
871 5409 934 5464 in
964 5407 1131 5470 catlo,
1156 5408 1273 5462 sive
1315 5405 1370 5460 in
1396 5414 1564 5467 terra.
1602 5419 1746 5459 unus
1773 5409 1956 5458 tamen
1983 5409 2068 5457 est

497 5515 623 5554 eum
658 5501 768 5558 beo
785 5500 946 5556 Patre
975 5514 1142 5556 verus
1169 5496 1421 5554 Filius”.
1466 5514 1486 5548 ι
1519 5495 1686 5566 Igitur
1708 5494 1956 5550 maxime
1983 5494 2068 5550 di-

500 5592 781 5660 gnationis
802 5603 886 5648 est
905 5608 1006 5664 par
1036 5592 1172 5648 illud
1192 5598 1507 5647 sanctorum
1533 5586 1777 5650 testium,
1803 5586 1936 5641 ﬁdes
1964 5600 2064 5640 au-

500 5687 611 5734 tem
646 5682 792 5734 nulla
841 5698 949 5737 non
980 5698 1046 5738 ex
1093 5689 1248 5753 parte
1282 5680 1576 5750 -inculpata
1611 5676 1774 5732 dictis
1811 5675 2062 5739 debetur,

578 5789 622 5820 "
658 5798 814 5854 Deut.
857 5815 976 5866 xix,
1015 5800 1098 5857 ιδ.
1166 5800 1387 5858 “toan.
1417 5815 1453 5867 ι,
1487 5798 1722 5867 23,15...
1756 5809 1854 5864 XL,
1885 5796 1935 5851 5.

2180 3422 2270 3458 ται
2299 3424 2312 3437 ·
2340 3407 2527 3476 ἐπειδὴ
2554 3408 2612 3460 δὲ
2646 3409 2788 3462 κατὰ
2805 3409 2865 3463 τὸ
2894 3411 3180 3480 εἰρημένον
3210 3413 3296 3466 διὰ
3336 3417 3578 3481 Μωσέως
3605 3421 3756 3490 παρά

2179 3495 2336 3561 Θεοῦ,
2374 3515 2393 3547 ι
2439 3499 2562 3550 Ἐπὶ
2615 3500 2878 3570 στόματος
2925 3501 3020 3556 δύο
3091 3504 3182 3557 καὶ
3228 3507 3396 3576 τριῶν
3464 3511 3756 3583 μαρτύρων

2182 3587 2509 3657 σταθήσεται
2537 3590 2644 3642 πᾶν
2675 3593 2854 3661 ῥῆμα·
2893 3611 2910 3644 ι
2943 3593 3162 3663 συνάγει
3190 3596 3466 3667 φρονίμως
3481 3600 3757 3672 ἐφ’ἐαυτῷ

2179 3675 2270 3728 τὸν
2296 3677 2581 3746 Μακάριον
2621 3679 2950 3752 Βαπτιστὴν,
2997 3683 3090 3736 καὶ
3133 3682 3564 3753 ἀξιολογώτατον
3588 3690 3755 3753 ϐντως

2182 3766 2520 3835 συνεισφέρει
2551 3767 2644 3820 τὸν
2682 3767 2952 3839 μάρτυρα.
2991 3770 3065 3823 Οὐ
3114 3770 3220 3842 γὰρ
3257 3771 3394 3841 ᾠετο
3417 3773 3548 3837 δεῖν,
3585 3775 3634 3828 εί
3664 3777 3758 3829 καὶ

2179 3853 2298 3908 λίαν
2330 3856 2561 3928 ὑπάρχει
2590 3859 2804 3928 σεμνὸς,
2840 3859 2938 3930 τὴν
2975 3860 3116 3932 ὑπὲρ
3145 3862 3307 3932 νόμον
3333 3865 3630 3935 ἀπαιτῆσαι
3663 3867 3752 3919 πί·

2180 3963 2295 3999 στιν
2312 3947 2438 4010 τούς
2469 3949 2882 4019 ἐντευξομένους
2913 3953 2980 4022 τῇ
3028 3952 3156 4021 περὶ
3192 3952 3286 4006 τοῦ
3319 3956 3567 4027 Σωτῆρος
3594 3956 3753 4027 ἡμῶν

2179 4040 2488 4108 συγγραφῇ,
2528 4040 2624 4092 καὶ
2675 4040 2821 4110 μόνῳ
2866 4044 3143 4096 πιστεύειν
3165 4045 3312 4114 αὐτῷ
3345 4045 3413 4098 τὰ
3442 4047 3582 4117 ὑπὲρ
3605 4049 3750 4109 νοῦν,

2175 4130 2272 4182 καὶ
2331 4131 2590 4202 φρόνησιν
2643 4131 2990 4206 ἐξηγουμὲνῳ
3035 4136 3133 4207 τὴν
3181 4139 3302 4192 καθ’
3325 4140 3490 4209 ἡμᾶς.
3542 4140 3754 4194 Οὐκοῦν

2179 4224 2444 4292 μαρτυρεῖ
2495 4222 2594 4292 μὲν
2626 4223 2783 4286 αὐτὸς
2834 4225 2863 4276 ὁ
2898 4227 3163 4297 μακάριος
3202 4230 3609 4302 εὐαγγελιστὴς,
3639 4233 3720 4286 ὃτι

2175 4327 2280 4381 περ
2314 4329 2333 4362 ‹
2374 4307 2480 4364 Ἦν
2507 4313 2535 4364 ὁ
2572 4313 2744 4380 Λόγος
2779 4315 2837 4367 ἐν
2889 4315 3055 4387 ἀρχῇ,
3082 4318 3177 4370 καὶ
3225 4319 3356 4384 Θεὸς
3387 4315 3454 4392 ἧν
3487 4325 3517 4375 ὁ
3554 4323 3747 4390 Λόγος,

2175 4401 2268 4453 καὶ
2305 4396 2372 4468 ἦν
2428 4403 2487 4455 ἐν
2535 4403 2677 4474 ἀρχῇ
2735 4403 2869 4475 πρὸς
2895 4406 2984 4458 τὸν
3026 4407 3179 4472 Θεὸν,
3219 4427 3238 4461 ι
3275 4410 3370 4462 καὶ
3401 4410 3484 4464 ὃτι
3522 4429 3542 4463 ι
3574 4413 3750 4467 πάντα

2172 4489 2239 4542 δι’
2283 4490 2447 4544 αὐτοῦ
2497 4491 2735 4560 ἐγένετο,
2768 4512 2786 4546 i
2824 4495 2918 4549 καὶ
2965 4492 3032 4568 ἦν
3059 4499 3118 4552 ἐν
3159 4502 3272 4563 τοῖς
3310 4502 3642 4571 γενομένοις,
3672 4504 3748 4568 ὡς

2175 4579 2307 4652 ζωὴ,
2335 4583 2429 4636 καὶ
2452 4583 2535 4636 ὅτι
2563 4583 2622 4636 τὸ
2647 4585 2760 4651 φῶς
2817 4586 2927 4639 τῶν
2977 4588 3278 4658 ἀνθρώπων
3305 4587 3372 4662 ἦν
3402 4594 3435 4662 ὴ
3485 4593 3621 4663 ζωὴ,
3660 4594 3748 4648 ἵνα

2171 4669 2258 4722 διὰ
2275 4670 2479 4724 τούτων
2504 4672 2757 4727 ἀπάντων
2785 4675 2917 4729 Θεὸν
2961 4676 3091 4732 ὄντα
3127 4681 3267 4732 κατὰ
3299 4681 3458 4750 φύσιν
3491 4683 3747 4755 ἀποδείξῃ

2171 4761 2262 4814 τὸν
2292 4763 2434 4816 my.
2470 4765 2862 4838 Ἐπιμαρτυρεῖ
2884 4768 2939 4821 δέ
2968 4769 3221 4839 αὐτῷκαὶ
3240 4771 3523 4838 θεσπέσιος
3544 4775 3747 4828 Βαπτι-

2173 4853 2324 4921 στήςο
2356 4870 2376 4903 s
2423 4853 2779 4923 Ἑτοιμάσατε
2810 4858 2909 4926 τὴν
2949 4860 3068 4913 ὁδὸν
3109 4862 3316 4932 Κυρίου
3360 4883 3379 4916 ι
3416 4863 3576 4933 βοῶν,
3603 4883 3622 4915 ι
3656 4867 3745 4920 εὑ-

2175 4941 2324 5005 θείας
2355 4945 2553 4996 ποιεῖτε
2570 4945 2666 5007 τὰς
2692 4946 2913 5016 τρίϐους
2943 4947 3036 5002 τοῦ
3063 4949 3198 5004 Θεοῦ
3223 4953 3434 5022 ἡμῶν.»
3463 4949 3612 5007 Εἶναι
3637 4955 3747 5024 γὰρ

2172 5032 2237 5103 δὴ
2264 5033 2477 5096 πάντως
2513 5035 2628 5104 ἐρεῖ
2664 5054 2746 5101 τις
2774 5037 2908 5091 Θεὸν
2932 5039 3203 5112 ἀληθινὸν,
3230 5043 3320 5096 τὸν
3340 5037 3385 5112 ᾧ
3418 5043 3557 5098 κατά
3584 5045 3747 5113 φύσιν

2171 5125 2465 5198 ἐνυπάρχοι
2517 5127 2578 5181 τὸ
2623 5129 2723 5200 τῆς
2777 5131 3094 5205 κυριότητος
3137 5134 3374 5206 ἀξίωμα,
3410 5138 3505 5190 καὶ
3543 5136 3645 5190 οὐκ
3677 5137 3745 5190 ἂν

2170 5217 2340 5288 ἑτέρῳ
2381 5217 2625 5286 φαίνοιτο
2657 5221 2859 5291 προσὸν
2903 5224 3107 5294 κυρίως
3133 5242 3192 5278 τε
3220 5227 3314 5279 καὶ
3337 5225 3573 5297 ἀληθῶς,
3595 5225 3746 5278 ἐπεί-

2171 5325 2296 5379 περ,
2323 5327 2340 5356 e
2365 5304 2456 5371 Εἷς
2481 5310 2578 5378 μὲν
2598 5311 2730 5380 ἡμῖν
2756 5312 2785 5364 ὁ
2808 5311 2941 5376 Θεὸς
2975 5315 3070 5367 καὶ
3109 5316 3317 5387 Πατὴρ,
3348 5310 3426 5379 εἷς
3447 5316 3505 5369 δὲ
3542 5317 3744 5386 Κύριος

2180 5399 2382 5469 Ἰησοῦς
2408 5399 2692 5472 Χριστὸς,ι
2728 5403 2870 5457 κατὰ
2893 5405 2992 5476 τὴν
3018 5405 3228 5460 Παύλου
3261 5411 3443 5478 φωνήν
3469 5424 3484 5440 ι
3524 5425 3543 5456 ι
3577 5407 3672 5460 καὶ
3693 5408 3743 5459 εί

2173 5490 2284 5544 θεοὶ
2322 5494 2461 5546 κατὰ
2513 5493 2672 5565 χάριν
2723 5499 2815 5551 καὶ
2847 5497 3024 5570 κύριοι
3061 5498 3347 5554 καλοῦνται
3381 5500 3565 5553 πολλοὶ
3601 5499 3656 5552 ἐν
3682 5515 3743 5552 τε

2170 5581 2250 5658 τῷ
2277 5583 2492 5653 οὐρανῷ
2523 5587 2613 5638 καὶ
2640 5589 2731 5640 ἐπὶ
2777 5591 2874 5660 τῆς
2914 5593 3038 5663 γῆς,
3067 5591 3181 5644 ἀλλ’
3206 5586 3287 5664 εἷς
3319 5591 3456 5661 μετὰ
3498 5590 3597 5642 ’τοῦ
3631 5588 3742 5641 Πα-

2169 5677 2294 5747 τρὸς
2323 5677 2453 5739 θεὸς
2491 5678 2738 5750 ἀληθινὸς
2782 5684 2808 5736 ό
2843 5683 2986 5750 Υἱός.
3022 5705 3040 5740 ι
3074 5684 3302 5753 Οὐκοῦν,
3343 5682 3739 5753 ἀξιολογωτάτη

2016 5799 2055 5829 ²³
2095 5794 2114 5849 l
2149 5795 2270 5852 Cor.
2309 5811 2438 5864 vm,
2470 5795 2520 5863 5,
2550 5795 2600 5852 6.
