4092 6274
324 337 428 393 105

1409 321 1474 376 ΙΝ
1512 313 1797 375 JOANNIS
1819 307 2262 368 EVANGELIUM
2296 312 2424 368 LIB.
2464 312 2504 368 Ι.

3472 305 3570 366 I06

325 453 422 524 μὲν
442 449 552 503 τῶν
570 446 740 516 ἀγίων
775 442 1116 517 μαρτύρωνὴ
1142 439 1392 511 ξυνωρὶς,
1420 437 1615 524 ,πίστις
1637 428 1898 524 δὲῌλοιπὸν

2013 441 2122 496 quae
2171 445 2296 484 cum
2346 413 2684 500 plenitudine
2729 427 2880 498 legis,
2916 435 3030 483 tum
3066 442 3427 499 personarum
3462 434 3567 504 61

321 521 621 608 οὐδαμόθεν
648 532 1092 606 κατηγορουμένη
1121 532 1233 594 τοῖς
1260 527 1569 597 λεγομένοις
1599 521 1895 592 ὀφείλεται,

324 630 418 684 καὶ
449 629 510 681 τὸ
543 630 608 682 ὲκ
631 627 794 698 νόμου
816 623 1053 678 λαϐοῦσα
1075 623 1366 692 πλήρωμα,
1385 619 1478 672 καὶ
1505 619 1569 688 τῇ
1596 614 1708 668 τῶν
1730 630 1897 684 προσ-

323 719 490 773 ώπων
548 717 871 788 περιφανείᾳ
937 713 1319 786 βεϐαιουμένη.
1372 710 1443 763 Τὸ
1492 710 1588 779 μὲν
1629 703 1720 761 οὖν
1771 705 1900 775 περὶ

326 811 520 865 ἑαυτοῦ
547 828 599 863 τι
629 809 792 876 φάναι
823 807 916 861 τὸν
942 807 1209 877 μακάριον
1237 799 1648 871 εὐαγγελιστὴν,
1667 798 1760 851 καὶ
1791 797 1898 849 τῶν

329 905 474 958 ίδίων
498 900 783 972 ἐγκωμίων
813 897 1144 969 ἐφάψασθαι,
1186 895 1439 968 φορτικὸν
1483 890 1552 964 ἦν
1583 892 1769 954 ὅντως,
1807 889 1900 943 καὶ

325 993 498 1056 ἄλλως
547 990 868 1045 ἀπαίδευτον
891 1005 904 1018 ’
957 983 992 1059 ἧ
1020 986 1129 1058 γὰρ
1161 985 1226 1038 ἂν
1264 985 1462 1056 ηκουσε
1512 979 1754 1044 δικαίως,
1788 997 1804 1029 ι
1827 978 1898 1030 Συ

325 1085 453 1156 περὶ
480 1082 705 1137 σεαυτοῦ
765 1081 1081 1153 μαρτυρεῖς,
1121 1081 1154 1149 ή
1207 1073 1480 1148 μαρτυρία
1509 1090 1598 1127 σου
1625 1071 1726 1124 οὑκ
1753 1068 1900 1122 ἐστιν

324 1177 549 1247 ἀληθής.
573 1195 591 1228 ι
615 1175 714 1228 Διά
731 1191 812 1226 τοι
831 1172 988 1226 τοῦτο
1007 1173 1120 1235 τοῖς
1143 1168 1338 1223 εἰδόσιν
1368 1166 1528 1220 αὑτὸν
1554 1161 1890 1218 τάκαθ’ὲαυ-

323 1267 415 1322 τδν
439 1269 578 1321 νοεῖν
614 1266 920 1336 ἐπιτρέπει,
968 1264 1060 1318 ἐπὶ
1097 1262 1152 1316 δὲ
1201 1261 1295 1314 τὸν
1331 1257 1616 1330 ὁμώνυμον
1658 1255 1898 1327 ἔρχεται,

325 1357 508 1420 καλῶς
539 1373 600 1426 γε
632 1355 837 1425 σφόδρα
862 1353 1022 1408 τοῦτο
1055 1351 1240 1418 ποιῶν,
1259 1351 1352 1404 καὶ
1376 1346 1708 1404 ἀπεστάλθαι
1740 1344 1903 1415 φησὶν

325 1449 488 1503 αὑτὸν
543 1447 694 1520 παρά
754 1445 912 1499 Θεοῦ.
953 1443 1097 1497 Ἔδει
1144 1442 1251 1513 γὰρ
1292 1441 1392 1494 οὑκ
1435 1438 1749 1509 αὐτόμολον,
1781 1435 1902 1492 οὑδὲ

327 1543 643 1613 αὑτοκλήτῳ
664 1539 865 1609 σπουδῇ
895 1536 1030 1607 προς
1057 1535 1152 1606 τὴν
1184 1533 1326 1605 ὑπὲρ
1351 1531 1443 1586 τοῦ
1475 1531 1722 1602 Σωτῆρος
1745 1527 1904 1598 ήμῶν

331 1637 478 1690 ἰόντα
503 1632 804 1704 μαρτυρίαν
829 1628 1090 1682 δεικνύειν
1111 1627 1202 1680 τὸν
1233 1627 1385 1694 ἆγιον
1416 1623 1747 1692 Βαπτιστὴν,
1770 1620 1904 1676 ἀλλὰ

2000 518 2250 574 cla-ritate
2296 522 2679 575 conﬁrmatur.
2725 518 2802 574 De
2849 534 2908 575 se
2955 527 3138 575 autem
3174 521 3323 590 loqui
3351 523 3569 578 beatum

2000 611 2414 682 evangelistam,
2439 626 2676 682 suasque
2715 610 2904 667 laudes
2937 612 3226 683 attingere,
3253 628 3417 684 grave
3439 629 3572 670 sane

2001 698 2231 767 fuisset,
2271 715 2336 755 ac
2389 701 2724 772 caateroquin
2786 702 3122 772 imperitum.
3172 704 3393 775 Alioqui
3449 705 3572 775 jure

2002 789 2306 846 audiisset:
2341 809 2359 842 ι
2381 791 2463 845 Tu
2511 793 2578 847 de
2606 792 2780 863 teipso
2827 793 3163 860 testiﬁcaris,
3196 797 3569 851 testimonium

2004 890 2156 938 tuum
2189 898 2298 938 non
2331 895 2413 938 est
2441 887 2732 940 verum”.
2773 904 2790 938 ι
2815 885 3024 941 Idcirco
3059 887 3128 944 iis
3173 889 3375 959 quibus
3408 898 3573 947 notus

2002 979 2141 1036 erat,
2159 974 2396 1043 seipsum
2421 976 2687 1047 permittit
2706 977 3137 1047 agnoscendum,
3156 980 3573 1052 ethomonymia
3641 965 3660 972 ’

2004 1062 2195 1126 utitur,
2229 1079 2329 1118 nec
2390 1065 2489 1122 abs
2544 1083 2622 1134 re,
2671 1077 2722 1122 et
2755 1068 2984 1141 missum
3032 1083 3156 1125 esse
3202 1072 3276 1124 ait
3320 1072 3500 1141 ipsum
3541 1089 3575 1127 a

2004 1152 2136 1210 Deo.
2171 1152 2407 1210 Decebat
2447 1157 2591 1211 enim
2648 1137 2938 1214 ostendere
2988 1170 3240 1216 sanctum
3273 1137 3572 1232 Baptistam

2004 1262 2112 1302 non
2151 1263 2250 1317 per
2288 1264 2368 1313 se,
2405 1264 2506 1305 nec
2559 1266 2657 1305 sua
2710 1260 2907 1321 sponte
2953 1253 3023 1308 ad
3078 1256 3454 1311 testimonium
3507 1256 3575 1312 de

2005 1341 2292 1400 Salvatore
2323 1356 2516 1400 nostro
2543 1345 2826 1402 ferendum
2859 1350 3179 1415 accessisse,
3205 1351 3298 1406 sed
3323 1351 3576 1420 supernis

2005 1435 2276 1492 mandatis
2307 1435 2736 1508 obtemperasse,
2768 1455 2832 1494 ac
2867 1442 3070 1497 divinis
3121 1437 3301 1499 Patris
3349 1443 3574 1498 nutibus

2005 1540 2212 1581 morem
2261 1531 2522 1596 gessisse.
2565 1529 2838 1596 Quocirca
2887 1532 3110 1602 inquit:
3153 1552 3172 1586 ι
3225 1533 3349 1588 Fuit
3411 1534 3575 1589 homo

2008 1614 2212 1670 missus
2254 1630 2284 1669 a
2320 1615 2452 1681 Deo,
2486 1619 2572 1672 cui
2614 1633 2813 1674 nomen
2861 1628 2980 1674 erat
3013 1618 3271 1675 Joannes.
3318 1639 3335 1672 ι
3373 1619 3576 1676 Οὺεεῐο

327 1730 442 1789 τοῖς
465 1725 669 1780 ἀνωθεν
691 1720 1130 1791 διατεταγμένοις
1158 1717 1468 1782 ὑπείκοντα,
1492 1716 1586 1769 καὶ
1611 1716 1722 1778 τοῖς
1745 1713 1908 1776 θείοις

2013 1707 2245 1762 randum
2275 1716 2454 1764 autem
2482 1717 2588 1776 est,
2635 1725 2744 1780 quo
2779 1719 2937 1781 pacto
2970 1719 3141 1774 certa,
3174 1713 3369 1767 idonea
3399 1723 3453 1766 et
3489 1728 3577 1768 re-

332 1817 426 1872 τοῦ
454 1817 667 1888 [ἰατρὸς
696 1812 1070 1885 ὑπηρετοῦντα
1096 1810 1382 1882 θελήμασι.
1415 1807 1512 1862 Διά
1543 1806 1699 1860 τοῦτό
1721 1822 1902 1875 φησιν·

339 1929 356 1961 ι
417 1907 664 1976 Ἐγένετο
745 1904 1028 1974 ἄνθρωπος
1084 1900 1490 1971 ἀπεσταλμένος
1553 1898 1700 1968 παρὰ
1746 1895 1903 1961 Θεοῦ,

331 2001 502 2070 ὄνομα
566 1995 714 2067 αὑτῷ
783 1993 1054 2063 Ἰωάννης.
1116 2010 1135 2046 ι
1208 1989 1591 2062 Ἐπιτηρητέον
1639 1988 1696 2040 δὲ
1759 1987 1906 2049 ὅπως

331 2089 548 2160 ἀσφαλῆ
593 2105 652 2140 τε
695 2086 789 2140 καὶ
847 2085 1123 2155 πρέποντα
1159 2082 1248 2136 τὸν
1287 2082 1414 2152 περὶ
1458 2080 1688 2133 ἑκάστου
1750 2077 1905 2147 λόγον

260 2241 267 2246 _
330 2181 644 2251 ἐποιήσατο,
684 2176 779 2231 καὶ
812 2177 877 2247 τῇ
908 2175 1016 2228 τῶν
1040 2172 1455 2245 σημαινομένων
1483 2170 1641 2241 φύσει
1669 2171 1906 2242 ἐπάλλη-

329 2276 438 2329 λον.
479 2275 603 2328 Ἐπ“ι
638 2271 736 2344 μὲν
762 2271 869 2344 γὰρ
903 2269 995 2324 τοῦ
1025 2268 1158 2323 Θεοῦ
1188 2269 1382 2338 Λόγου,
1413 2268 1472 2322 τὸ
1499 2287 1517 2320 ι
1545 2263 1614 2340 ἦν
1634 2286 1653 2321 ι
1675 2267 1904 2322 ἀκολού-

331 2366 437 2429 θως
487 2363 800 2434 εἰσφέρεται
853 2358 1104 2429 πανταχῆ
1157 2357 1256 2428 τὴν
1313 2355 1593 2426 ἀῖδιότητα
1640 2357 1906 2427 σημαῖνον

332 2455 516 2521 αὑτοῦ,
549 2454 643 2508 καὶ
670 2453 730 2506 τὺ
765 2452 943 2523 πάσης
975 2449 1150 2520 ἀρχῆς
1181 2447 1279 2518 τῆς
1309 2448 1366 2502 ὲν
1398 2445 1575 2518 χρόνῳ
1601 2444 1906 2516 πρεσϐύτε-

337 2562 448 2617 ρον,
499 2545 590 2598 καὶ
626 2542 686 2596 τὸ
743 2538 1071 2609 πεποιῆσθαι
1129 2536 1366 2608 νομίζειν
1423 2534 1584 2588 αὑτὸν
1623 2532 1903 2606 ἀναιροῦν.

333 2639 407 2692 Τὸ
436 2639 543 2708 γὰρ
565 2636 622 2690 ὃν
653 2633 738 2688 ἀεὶ
774 2633 890 2695 πῶς
924 2629 990 2685 ἂν
1027 2630 1196 2682 νοοῖτο
1229 2627 1322 2680 καὶ
1363 2624 1591 2695 γενητόν
1619 2640 1634 2690 ;
1687 2623 1808 2677 Ἐπὶ
1851 2622 1907 2676 δὲ

333 2729 425 2784 τοῦ
457 2727 720 2801 μακαρίου
749 2720 1077 2788 Βαπτιστοῦ,
1120 2719 1433 2792 πρεπόντως
1463 2717 1649 2788 φησιν’
1681 2734 1700 2768 ι
1754 2715 1906 2784 Ἐγέ-

283 2815 291 2822 ’
337 2837 457 2875 νετο
481 2819 766 2890 ἄνθρωπος
815 2811 1224 2882 ἀπεσταλμένος
1263 2807 1415 2880 παρὰ
1467 2807 1624 2874 Θεοῦ,
1661 2826 1680 2860 υ
1716 2807 1791 2870 ὡς
1820 2806 1905 2859 ἐπ’

338 2913 622 2985 ἀνθρώπου
665 2908 898 2981 γενητὴν
945 2907 1158 2978 ἔχοντος
1199 2903 1295 2974 τὴν
1322 2902 1501 2973 φύσιν.
1544 2902 1700 2954 Δοκεῖ
1721 2899 1778 2953 δέ
1817 2916 1908 2970 μοι

340 3007 437 3059 καὶ
485 3005 606 3058 λίαν
647 3000 1062 3072 ἡσφαλισμένως
1109 3000 1166 3051 ὲν
1198 2995 1406 3058 τούτοις
1446 2997 1473 3048 ὁ
1520 2991 1909 3066 εὑαγγελιστὴς

2008 1813 2128 1853 rum
2159 1806 2370 1856 natura;
2400 1803 2811 1857 accommodata
2843 1804 3093 1859 oratione
3126 1810 3330 1859 utatur.
3362 1802 3576 1859 Etenim

2007 1889 2160 1954 illud,
2195 1909 2212 1942 ι
2253 1902 2394 1957 erat,
2436 1912 2454 1943 ι
2490 1893 2558 1948 de
2587 1892 2695 1948 Deo
2727 1893 2908 1950 Verbo
2940 1903 3307 1950 consentanee
3347 1894 3574 1960 dicitur,

2006 1985 2366 2038 aeternitatem
2403 1984 2545 2054 ejus,
2596 1993 2649 2040 et
2689 1986 3066 2055 antiquitatem
3118 1987 3269 2041 omni
3308 1987 3578 2057 principio

2007 2075 2267 2146 temporis
2312 2077 2550 2147 priorem
2580 2078 2782 2147 ubique
2814 2079 3156 2148 signiﬁcans,
3181 2088 3234 2134 et
3262 2081 3577 2151 opinionem

2007 2168 2154 2239 quod
2180 2178 2394 2226 creatus
2426 2170 2517 2234 sit,
2546 2185 2614 2224 ex.
2653 2171 2835 2226 animo
2865 2185 3093 2242 prorsus
3125 2171 3386 2227 evellens.
3423 2171 3580 2238 Quod

2007 2260 2151 2314 enim
2177 2275 2393 2330 semper
2438 2271 2542 2326 est,
2582 2262 2858 2332 quomodo
2883 2270 3129 2318 creatum
3164 2263 3302 2318 erit?
3321 2263 3398 2318 De
3419 2264 3580 2320 beato

2007 2363 2137 2404 vero
2181 2349 2426 2420 Baptista
2475 2353 2866 2408 convenienter
2901 2353 2997 2418 ait,
3035 2371 3054 2405 ι
3093 2352 3217 2408 Fuit
3247 2355 3410 2410 homo
3447 2356 3582 2413 mis-

2009 2453 2104 2493 sus
2162 2452 2194 2491 a
2247 2439 2380 2503 Deo,
2419 2458 2439 2493 ι
2487 2447 2677 2511 utpote
2729 2443 2798 2498 de
2858 2442 3082 2498 homine
3143 2453 3322 2500 creata
3384 2452 3580 2500 natura

2008 2529 2258 2600 praedito.
2293 2529 2422 2585 Mihi
2458 2541 2640 2587 autem
2686 2533 2904 2589 videtur
2933 2534 3022 2589 hic
3053 2521 3393 2606 evangelista
3425 2546 3583 2592 caute

2010 2621 2305 2677 admodum
2358 2623 2562 2691 dicere,
2611 2641 2720 2682 non
2779 2626 3102 2698 simpliciter
3149 2645 3168 2679 ι
3204 2627 3352 2692 Fuit,
3409 2647 3429 2680 ι
3485 2630 3582 2685 sed

2010 2713 2218 2778 addito,
2261 2733 2280 2767 ι
2318 2715 2499 2780 homo,
2535 2736 2554 2768 ι
2591 2719 2935 2773 temerariam
2962 2719 3329 2790 quorumdam
3363 2731 3585 2777 senten-

2011 2804 2144 2858 tiam
2205 2815 2466 2862 evertere.
2501 2805 2620 2861 Jam
2669 2808 2816 2864 enim
2869 2809 2924 2864 in
2976 2810 3172 2881 vulgus
3226 2811 3382 2866 multi
3427 2827 3586 2882 spar-

2010 2903 2220 2965 serant,
2257 2911 2388 2954 vere
2423 2897 2703 2955 hominem
2751 2913 2863 2954 non
2918 2914 3042 2956 esse
3104 2908 3360 2955 sanctum
3398 2899 3587 2971 Bapti-

2011 3003 2175 3061 stam,
2221 2990 2316 3047 sed
2375 3004 2545 3072 unum
2600 3005 2632 3047 e
2685 2991 2890 3047 sanctis
2945 2992 3154 3063 angelis
3205 2992 3331 3048 creli
3363 2992 3584 3056 incolis,

340 3097 442 3166 οὑχ
468 3095 649 3158 ἁπλῶς
679 3094 761 3146 ὅτι
783 3111 802 3144 ι
822 3091 1039 3161 γέγονεν
1075 3110 1092 3144 ι
1123 3091 1318 3151 εἰπεῖν,
1346 3088 1478 3142 ἀλλὰ
1512 3088 1599 3140 διὰ
1627 3087 1718 3140 τοῦ
1740 3104 1909 3157 προσ-

2015 3084 2255 3138 humano
2299 3083 2517 3155 quidem
2578 3097 2808 3156 corpore
2852 3091 3117 3151 utentem,
3159 3092 3213 3141 et
3268 3085 3497 3142 missum
3553 3100 3589 3142 ι

241 3204 248 3210 ·
342 3189 516 3243 θεῖναι
547 3183 639 3240 καὶ
671 3205 687 3237 ι
715 3184 1018 3254 ἄνθρωπος.
1054 3201 1072 3234 ι
1111 3181 1478 3248 ἀϐουλοτὰτην
1504 3179 1662 3232 τινῶν
1691 3178 1915 3247 ἀνατρέ-

340 3297 466 3333 πειν
492 3278 761 3332 ὑπόνοιαν.
798 3275 933 3346 Ἤδη
958 3274 1063 3346 γάρ
1081 3292 1164 3338 τις
1187 3272 1337 3344 παρά
1353 3271 1565 3334 πολλοῖς
1586 3269 1916 3342 περιηνέχθη

339 3371 521 3439 λόγος,
555 3371 653 3423 οὐκ
684 3367 961 3439 ἄνθρωπον
986 3366 1150 3429 ὄντως
1174 3365 1437 3434 ὑπάρχειν
1470 3361 1628 3431 φύσει
1651 3361 1740 3414 τὸν
1765 3359 1917 3428 ἅγιον

337 3460 653 3532 Βαπτιστὴν
681 3457 1030 3531 διαθρυλλῶν,
1091 3455 1204 3510 ἀλλ’
1243 3456 1340 3508 ’ἐνα
1389 3453 1498 3507 τῶν
1528 3452 1696 3506 ὄντων
1727 3452 1784 3505 ὲν
1805 3453 1918 3514 τοῖς

333 3552 586 3622 οὐρανοῖς
630 3550 802 3619 ἁγίων
867 3547 1114 3616 ἀγγέλων
1137 3585 1151 3612 ,
1201 3544 1528 3616 ἀνθρωπίνῳ
1574 3542 1916 3615 χρησάμενον

333 3641 575 3713 σώματι,
606 3643 700 3696 καὶ
728 3640 866 3713 πρὸς
901 3639 961 3692 τὸ
1013 3637 1304 3708 κηρύττειν
1335 3634 1740 3706 ἀπεσταλμένον
1766 3633 1918 3703 παρά

329 3732 497 3789 Θεοῦ.
540 3732 858 3805 Ἐξεύρηται
894 3730 952 3784 δὲ
993 3729 1155 3783 πάλιν
1183 3729 1368 3792 αὐτοῖς
1404 3728 1504 3799 τῆς
1537 3726 1790 3790 ὑπονοίας
1819 3727 1918 3797 τῆς

325 3830 431 3882 ἐπὶ
461 3825 634 3897 τούτῳ
669 3824 963 3897 πρόφασις,
996 3821 1057 3875 τὸ
1085 3819 1338 3892 εἰρῆσθαι
1366 3818 1516 3890 παρά
1544 3817 1700 3871 Θεοῦ·
1732 3835 1750 3869 ι
1787 3816 1916 3870 Ἰδοὺ

323 3917 450 3986 ἐγὼ
477 3915 790 3970 ἀποστέλλω
816 3913 907 3966 τὸν
946 3909 1175 3980 ἄγγελόν
1215 3927 1316 3982 μου
1340 3909 1447 3981 πρὸ
1479 3907 1771 3981 προσώπου
1799 3925 1916 3972 σου,

318 4011 387 4075 ὃς
448 4006 851 4062 κατασκευάσει
901 4005 998 4075 τὴν
1051 4004 1168 4058 ὁδόν
1242 4019 1336 4056 σου
1389 4000 1697 4072 ἔμπροσθέν
1747 4017 1859 4055 σου.
1894 4018 1912 4051 ι

333 4094 817 4166 Ἀποσφάλλονται
848 4093 905 4147 δὲ
943 4093 1040 4163 τῆς
1067 4091 1324 4162 ἀληθείας
1356 4093 1404 4144 οἱ
1428 4091 1554 4162 τῇδε
1585 4089 1918 4154 δοξάζοντες,

313 4189 386 4244 οὑ
429 4185 684 4247 νοοῦντες
706 4225 720 4248 ,
748 4185 829 4236 ὅτι
856 4183 918 4236 τὸ
946 4183 1197 4252 ἄγγελος
1223 4181 1392 4250 δνομα
1414 4179 1755 4250 λειτουργίας
1784 4179 1922 4249 μᾶλ-

313 4279 422 4334 λόν
465 4279 639 4341 ἐστιν,
674 4274 819 4343 ἢπερ
849 4273 1034 4336 οὐσίας
1068 4271 1417 4342 σημαντικὸν,
1446 4269 1634 4341 ὥσπερ
1659 4264 1752 4322 οὑν
1788 4267 1922 4339 ἀμέ-

313 4374 438 4436 λει,
473 4367 571 4421 καὶ
599 4366 658 4418 ὲν
701 4365 813 4426 τοῖς
867 4364 1006 4418 κατά
1063 4364 1155 4417 τὸν
1192 4364 1458 4434 μακάριον
1501 4361 1620 4415 ’1ὼὸ
1644 4360 1802 4425 ἀλλος
1832 4361 1920 4416 ἐπ’

312 4464 492 4532 ἄλλῳ
535 4456 819 4528 τρέχουσιν
845 4454 1063 4524 ἄγγελοι
1121 4454 1190 4508 τά
1213 4439 1526 4509 πολύπλοκα
1559 4453 1920 4525 κηρύττοντες

312 4552 528 4622 πάθη,
552 4551 648 4603 καὶ
685 4549 804 4610 ταῖς
862 4546 1178 4616 ἀνηκέστοις
1231 4546 1465 4608 ἐκείναις
1515 4545 1917 4616 διακονούμενοι

313 4643 677 4718 συμφοραῖς.
694 4636 896 4709 Ὀρίζει
927 4637 984 4690 δέ
1005 4655 1056 4690 τι
1077 4635 1315 4690 τοιοῦτον
1332 4637 1425 4690 ἐπὶ
1449 4637 1557 4692 τῶν
1567 4637 1738 4706 ἁγίων
1752 4639 1919 4708 ἀγγέ-

308 4742 434 4794 λων
474 4733 577 4790 καὶ⁸
609 4730 769 4794 αὐτὸς
802 4731 934 4800 ἡμῖν
967 4730 995 4782 ό
1025 4728 1332 4798 σοφώτατος
1356 4728 1566 4794 Παῦλος
1594 4730 1918 4786 ἐπιστέλλων

269 4854 277 4896 ;
310 4832 423 4887 ὡδί
455 4846 468 4861 ·
515 4845 536 4878 ‹
574 4824 708 4894 υὺχὶ
742 4823 942 4884 πάντες
976 4820 1082 4874 εἰσὶ
1125 4821 1470 4892 λειτουργικὰ
1515 4822 1798 4894 πνεύματα
1841 4826 1920 4888 είς

270 4899 276 4910 ’
309 4916 621 4979 διακονίαν
647 4912 1212 4982 ἀποστελλόμενα,διὰ
1246 4914 1371 4975 τοὺς
1402 4913 1688 4982 μέλλοντας
1721 4915 1921 4986 κληρο-

2017 3172 2129 3230 Deo
2158 3175 2226 3232 ad
2256 3174 2687 3246 praedicandum.
2711 3175 2882 3246 Cujus
2916 3177 2994 3232 rei
3017 3191 3237 3232 causam
3267 3177 3410 3232 hanc
3437 3193 3590 3232 com-

2017 3266 2187 3321 menti
2241 3274 2369 3321 sunt
2424 3264 2572 3336 quod
2622 3281 2652 3320 a
2694 3266 2806 3322 Deo
2838 3267 3046 3322 dictum
3099 3269 3170 3322 sit
3212 3287 3226 3322 :
3266 3286 3285 3321 ι
3316 3268 3456 3324 Ecce
3487 3284 3590 3340 ego

2019 3358 2175 3411 mitto
2203 3357 2455 3427 angelum
2500 3371 2683 3413 meum
2724 3365 2851 3412 ante
2892 3356 3085 3413 faciem
3119 3366 3290 3424 tuam,
3315 3359 3410 3430 qui
3449 3375 3592 3431 prae-

2017 3448 2234 3519 parabit
2289 3448 2430 3503 viam
2487 3455 2638 3504 tuam
2690 3456 2818 3505 ante
2864 3457 2919 3505 te
2942 3450 3007 3522 ⁸⁵..
3053 3469 3074 3504 ι
3113 3450 3220 3508 Sed
3251 3453 3510 3508 aberrant
3557 3469 3590 3510 a

2018 3554 2147 3596 vero
2185 3540 2277 3610 qui
2313 3540 2370 3594 in
2398 3539 2501 3594 hac
2551 3548 2680 3596 sunt
2717 3541 3012 3606 sententia,
3043 3540 3176 3596 dum
3233 3557 3344 3598 non
3399 3544 3592 3600 adver-

2018 3638 2142 3686 tunt
2167 3646 2363 3687 nomen
2391 3631 2547 3698 illud,
2571 3633 2820 3703 angelus,
2851 3632 3010 3688 olIicii
3041 3649 3240 3690 nomen
3258 3649 3382 3691 esse
3409 3637 3592 3706 potius

2018 3737 2187 3794 quam
2239 3723 2582 3790 substantiae,
2633 3724 3094 3796 quemadmodum
3149 3741 3344 3797 nempe
3371 3727 3440 3782 ad
3489 3727 3593 3782 Job

2019 3815 2160 3871 alius
2203 3821 2329 3885 post
2358 3814 2525 3870 alium
2572 3814 2752 3886 angeli
2787 3822 3109 3881 accurrunt,
3155 3816 3487 3887 multiplices
3540 3820 3590 3872 ei

2018 3923 2295 3965 aerumnas
2356 3910 2768 3976 annunliantes,
2821 3919 2876 3964 et
2934 3910 3320 3965 insanabilium
3375 3910 3592 3965 illarum

2020 3997 2390 4053 calamitatum
2421 3999 2726 4056 ministerio
2743 4001 2988 4072 deputati
3007 4004 3097 4056 η’.
3128 4000 3260 4058 Tale
3277 4003 3406 4073 quid
3432 4005 3592 4059 nobis

2020 4087 2089 4144 de
2147 4090 2349 4145 sanctis
2404 4090 2614 4161 angelis
2679 4090 2799 4160 ipse
2864 4106 3085 4162 quoque
3152 4093 3593 4161 sapientissimus

2018 4178 2226 4236 Paulus
2271 4180 2464 4236 scribit
2513 4181 2569 4235 in
2600 4181 2749 4235 hunc
2794 4181 3015 4236 modum
3054 4203 3065 4236 :
3104 4199 3123 4232 ι
3159 4181 3353 4238 Nonne
3405 4197 3596 4240 omnes

2022 4277 2153 4326 sunt
2180 4270 2639 4326 administratorii
2666 4271 2913 4340 spiritus,
2936 4272 2991 4325 in
3021 4271 3384 4327 ministerium
3414 4273 3593 4337 missi,

2023 4363 2131 4434 62
2165 4371 2390 4434 propter
2437 4377 2533 4420 eos
2585 4363 2680 4433 qui
2739 4362 3112 4419 hereditatem
3167 4365 3391 4434 capiunt
3446 4366 3597 4420 salu-

2026 4458 2097 4514 tis
2127 4457 2208 4512 ³⁸2
2246 4476 2266 4510 ι
2322 4456 2494 4528 Igitur
2531 4458 2725 4514 beatus
2778 4456 3026 4528 Baptista
3084 4457 3326 4514 Joannes
3378 4457 3595 4513 Domini

2028 4564 2164 4606 voce
2217 4550 2446 4621 angelus
2502 4556 2853 4620 nuncupatus
2901 4557 3022 4617 est,
3066 4565 3190 4605 cum
3275 4565 3384 4606 non
3453 4558 3598 4607 esset

2028 4643 2254 4714 angelus
2288 4651 2506 4707 natura,
2533 4644 2628 4699 sed
2669 4643 2874 4700 missus
2907 4644 2972 4697 ad
3002 4643 3368 4700 nuntiandum
3396 4652 3452 4699 et
3482 4643 3601 4698 cla-

2029 4733 2290 4788 mandum
2329 4751 2342 4788 :
2379 4752 2397 4785 ‹
2439 4732 2639 4789 Parate
2682 4734 2826 4788 viam
2880 4732 3098 4788 Domini
3148 4734 3214 4788 ³⁷.
3260 4751 3280 4786 ι
3332 4733 3599 4791 Caeterum

2029 4825 2235 4880 utiliter
2290 4824 2582 4880 admodum
2637 4839 2668 4878 a
2707 4823 2819 4880 Deo
2869 4824 3099 4881 missum
3162 4839 3288 4881 esse
3347 4826 3599 4881 nuntium

2031 4917 2402 4984 confirmavit,
2461 4915 2756 4971 ostendens
2787 4915 3164 4971 ﬁrmissimum
3211 4915 3333 4986 ejus
3373 4932 3496 4972 esse
3524 4925 3606 4970 te-

2031 5008 2370 5062 stimonium.
2408 5005 2518 5061 Nec
2541 5007 2686 5062 enim
2721 5007 2767 5060 is
2786 5007 2880 5076 qui
2910 5005 2977 5062 ad
3002 5004 3411 5076 praedicandum
3435 5021 3465 5060 a
3492 5005 3605 5060 Deo

2031 5101 2234 5157 missus
2272 5108 2414 5166 erat,
2439 5100 2586 5155 aliud
2616 5099 2876 5169 quiddam
2917 5099 3229 5169 protulerit,
3265 5113 3431 5171 quam
3460 5099 3605 5168 quod

2030 5207 2060 5247 a
2090 5193 2344 5248 mittente
2392 5192 2588 5262 jussus
2613 5201 2746 5246 erat.
2773 5190 2963 5260 Itaque
2989 5206 3156 5247 verax
3184 5197 3270 5246 est
3303 5189 3480 5251 testis,
3513 5188 3608 5256 qui

312 5012 534 5083 νομεῖν
584 5005 883 5076 σωτηρίαν;
949 5023 967 5055 ι
1027 5003 1236 5057 Οὐκοῦν
1308 5004 1536 5073 ἅγγελος
1585 5006 1613 5057 ὁ
1657 5007 1924 5078 μακάριος

311 5095 666 5165 Βαπτιστὴς
703 5096 953 5165 Ἰωάννης
975 5094 1062 5148 διὰ
1087 5095 1185 5165 τῆς
1207 5095 1300 5147 τοῦ
1325 5095 1594 5148 Δεσπότου
1618 5099 1926 5168 κατωνόμα·

311 5213 458 5253 σται
497 5187 715 5261 φωνῆς.
741 5189 840 5240 οὑκ
865 5188 1022 5252 αὑτὸς
1057 5188 1199 5243 κατά
1233 5187 1392 5256 φύσιν
1436 5187 1664 5256 ἄγγελος
1691 5186 1784 5256 ὣν,
1809 5189 1925 5242 ἀλλ’

308 5293 395 5356 ὡς
427 5287 524 5350 είς
559 5261 626 5334 τδ
656 5280 936 5348 ἀγγέλλειν
986 5280 1410 5351 ἀπεσταλμένος,
1461 5280 1577 5346 καὶ,
1622 5299 1639 5332 ι
1668 5281 1776 5352 Τὴν
1809 5282 1909 5333 δδὸπ

2031 5285 2102 5342 sit
2134 5299 2162 5338 a
2197 5284 2308 5340 Deo
2353 5261 2605 5340 edoctus.
2649 5283 2765 5338 lloc
2814 5283 2959 5338 enim
3009 5282 3319 5353 signiﬁcare
3370 5278 3610 5333 arbitror

312 5380 551 5451 Κυρίου
614 5371 962 5440 ἑτοιμάσατε,
1007 5389 1025 5422 ι
1068 5372 1214 5442 βοᾷν.
1246 5373 1546 5444 Χρησίμως
1585 5371 1642 5425 δὲ
1680 5372 1798 5425 λίαν
1837 5373 1909 5426 κα.

2036 5379 2195 5443 illud,
2241 5396 2259 5430 ι
2299 5377 2501 5434 missus
2549 5392 2578 5430 a
2629 5376 2759 5432 Deo.
2808 5395 2826 5427 ι
2864 5374 3000 5428 Nam
3041 5382 3095 5428 et
3134 5373 3339 5425 Paulus
3387 5367 3609 5437 sapien-

313 5471 484 5546 ,παρὰ
523 5465 670 5522 Θεοῦ
725 5464 812 5518 τὸν
867 5462 1097 5532 ἄγγελον
1153 5465 1484 5520 ἀπεστάλθαι
1539 5465 1907 5540 διῖσχυρίσατο

2037 5468 2308 5534 tissimus,
2331 5468 2458 5522 dum
2486 5469 2560 5521 ait
2588 5468 2632 5500 ³⁸
2653 5483 2710 5523 se
2728 5466 2956 5521 missum
2979 5479 3075 5533 per
3091 5461 3278 5516 Jesum
3301 5457 3604 5522 Christum,

394 5656 469 5688 εν
510 5649 826 5714 Joan.vm,
860 5649 944 5703 I3.
1022 5646 1314 5706 "Malach.
1355 5669 1431 5721 Ill,
1489 5657 1538 5712 I.

313 5751 375 5805 δ,
461 5744 513 5777 ιε
570 5737 756 5793 Calai.
795 5741 922 5803 1,1.

714 5830 986 5894 PATROL.
1023 5836 1136 5896 Gn.
1178 5836 1439 5896 LXXIII.
3233 5838 3266 5878 ⁴

2841 5648 2882 5678 ¹⁷
2927 5645 3031 5698 Isa.
3068 5658 3134 5695 xx.
3159 5677 3172 5702 ,
3203 5641 3273 5705 ὃς
3302 5639 3492 5694 Matth.
3527 5645 3610 5696 tu,

1637 5660 1702 5694 ²⁵⁴
1729 5656 1833 5714 Job
1880 5655 2010 5723 [,14
2039 5673 2160 5728 sqq.
2265 5654 2500 5709 "Hebr.
2538 5667 2589 5718 I,
2653 5650 2736 5704 Η.
