4092 6274
548 416 646 474 107

1541 409 1596 464 S.
1623 407 1898 465 CYIilLlJ
1930 406 2395 464 ALEXANDRlNl
2422 408 2736 463 AitClllEP.

3690 412 3796 467 108

553 526 799 602 mysterii
847 525 955 581 vim
992 539 1102 579 non
1146 525 1213 579 ab
1241 524 1348 578 alio
1402 524 1663 579 didicisse
1697 525 2120 589 conlirmat,scd

2228 524 2580 593 βεϐαιοτάτην
2644 522 2810 577 αὑτοῦ
2868 523 2967 594 τὴν
3032 523 3336 595 μαρτυρίαν
3403 517 3792 581 ἀποδεικνύων.

547 619 616 653 ’⁸⁸
645 634 746 691 per
784 616 1165 673 revelatiouem
1215 614 1332 685 ejus
1366 628 1395 668 a
1437 629 1545 685 quo
1601 617 1803 671 missus
1841 624 1945 683 est,
1983 617 2119 672 mis-

549 712 692 766 sioni
722 709 1107 766 revelationem
1157 706 1518 777 coniungens,
1544 717 1598 762 et
1627 706 1768 761 hanc
1798 706 1891 761 illa
1928 707 2118 761 subin-

547 800 756 854 dicans.
786 797 955 869 Igitur
984 796 1130 867 quod
1164 796 1366 851 missus
1402 804 1487 851 est
1535 809 1569 848 a
1625 794 1758 858 Deo,
1800 795 2048 865 sequitur
2087 808 2118 848 a

550 889 662 945 Deo
711 888 966 943 edoctum
1007 901 1150 941 esse.
1194 885 1463 940 Caatcrum
1516 885 1765 940 veritatis
1812 886 2049 939 cultores
2088 898 2118 936 a

480 975 492 985 ’
551 978 835 1033 mendacio
872 977 1033 1046 longe
1062 977 1271 1030 alienos
1309 990 1430 1030 esse
1468 989 1632 1029 nemo
1660 973 1893 1029 dubitat;
1932 991 1951 1025 ι
1990 971 2145 1053 Erat‘

550 1078 731 1132 autem
775 1083 972 1124 nomen
1026 1066 1254 1131 homini,
1304 1085 1322 1118 ι
1362 1067 1558 1136 inquit,
1599 1084 1619 1117 ι
1662 1063 1923 1119 Joannes.
1967 1081 1987 1114 ι
2030 1062 2119 1117 ln-

551 1171 833 1218 notescere
863 1160 1096 1216 debebat
1122 1160 1170 1214 is
1202 1158 1295 1229 qui
1322 1159 1525 1213 missus
1554 1165 1696 1223 erat,
1725 1156 2121 1226 signiﬁcatione

548 1265 766 1320 quoque
807 1249 1071 1312 nominis,
1118 1246 1275 1301 ﬁdem
1316 1253 1371 1300 et
1413 1247 1794 1301 auctoritatem
1830 1245 2117 1299 maximam

548 1340 709 1394 dictis
740 1338 1042 1394 aﬂ‘erentis.
1063 1337 1301 1408 Angelus
1330 1336 1474 1391 enim
1509 1334 1755 1401 Gabriel,
1784 1336 1830 1391 is
1860 1336 2116 1390 nimirum

546 1428 639 1500 qui
670 1437 812 1486 astat
842 1436 970 1483 ante
1008 1428 1198 1487 Deum.
1237 1435 1294 1481 ut
1323 1428 1439 1497 ipse
1487 1427 1564 1480 ait
1598 1428 1664 1491 ’⁸,
1694 1441 1820 1480 cum
1844 1425 2118 1480 Zacharias

547 1522 715 1576 lilium
790 1536 857 1576 ex
922 1519 1200 1574 Elisabeth
1267 1517 1674 1587 suscipiendum
1742 1518 2114 1583 annuntiaret,

546 1612 750 1668 addidit
783 1630 797 1667 :
837 1630 856 1664 ι
901 1610 967 1664 Ει
995 1609 1238 1665 Joannes
1273 1609 1373 1663 erit
1410 1622 1608 1663 nomen
1652 1608 1773 1677 ejus
1801 1609 1923 1661 εν.»
1972 1606 2119 1662 Con-

545 1710 652 1760 stat
691 1711 874 1758 autem
910 1701 1053 1772 apud
1088 1715 1303 1766 omnes,
1336 1700 1411 1753 ita
1470 1709 1840 1769 nuncupatum
1885 1714 2008 1755 esse
2049 1699 2118 1754 ab

546 1795 763 1864 angelo,
806 1793 990 1847 divina
1045 1793 1331 1847 voluntate
1365 1805 1428 1846 ac
1479 1789 1783 1858 jussu.'At
1836 1789 1936 1858 qui
1968 1797 2119 1844 tanto

2223 617 2356 671 Ούδέ
2378 616 2484 687 γὰρ
2501 614 2565 668 ἂν
2589 617 2616 667 6
2639 613 2790 685 παρά
2822 613 2955 667 Θεοῦ
2977 615 3108 684 πρὸς
3132 614 3190 667 τὸ
3220 613 3508 686 κηρύττειν
3527 616 3796 672 ἀπεσταλ-

2224 708 2404 778 μένος,
2434 707 2622 776 ἕτερόν
2651 723 2701 759 τι
2727 705 3142 777 παρεφθέγξατο
3167 705 3448 770 διδάσκων,
3478 706 3507 760 6
3540 707 3614 780 μή
3656 710 3793 765 πάν-

2221 815 2331 861 τως
2352 794 2421 868 ἦν
2443 796 2581 849 κατὰ
2606 795 2856 866 βούλησιν
2895 796 2987 849 τοῦ
3036 797 3136 868 τὴν
3179 796 3479 867 ἀποστολήν
3516 798 3793 867 ἐπιθέντος

2221 885 2389 956 αὐτῷ.
2447 885 2656 939 Οὐκοῦν
2714 885 2921 956 ἀληθὴς
2961 887 2989 939 6
3043 886 3250 956 μάρτυς
3299 886 3634 952 θεοδίδακτος
3675 887 3791 941 ὢν·

2220 978 2376 1029 τοῦτο
2400 975 2509 1047 γὰρ
2530 970 2680 1047 οἶμαι
2723 976 3008 1047 σημαίνειν
3037 976 3097 1030 τὸ
3132 994 3151 1027 ι
3187 977 3598 1047 ἀπεσταλμένος
3641 978 3795 1050 παρά

2219 1065 2354 1119 Θεοῦ
2379 1084 2392 1100 ·
2430 1085 2449 1118 ι
2484 1067 2607 1120 ἐπεὶ
2636 1067 2729 1121 καὶ
2749 1066 2958 1130 Παῦλος
2988 1069 3117 1138 ἡμῖν
3138 1068 3165 1120 6
3193 1066 3504 1137 σοφώτατος
3525 1069 3794 1124 ἀπεστάλ-

2221 1156 2312 1211 θαι
2339 1157 2512 1225 λέγων
2535 1157 2623 1211 διὰ
2659 1156 2833 1228 Ἰησοῦ
2891 1156 3151 1227 Χριστοῦ,
3207 1157 3301 1210 τοῦ
3356 1160 3656 1231 μυστηρίου
3693 1160 3793 1232 τὴν

2218 1247 2445 1318 δύναμιν
2464 1249 2525 1302 οὐ
2553 1248 2885 1320 παρ’ἐτέρου
2921 1248 3064 1312 τινὸς
3096 1248 3375 1318 ἐκμαθεῖν,
3406 1250 3542 1304 ἀλλά
3572 1251 3639 1304 δι’
3659 1251 3795 1304 ἀπο-

2218 1338 2502 1409 καλύψεως
2512 1339 2603 1393 τοῦ
2626 1340 2968 1409 πεπομφότος
2985 1338 3420 1403 διεϐεὸαιώσατο,
3436 1340 3794 1412 συνημμένως

2218 1429 2372 1498 ἡμῖν,
2398 1427 2584 1499 ὥσπερ
2611 1428 2705 1480 καὶ
2732 1427 3085 1495 ἀδιαστάτως,
3119 1430 3175 1481 ἐν
3202 1428 3279 1499 τῷ
3342 1428 3673 1483 ἀπεστάλθαι
3700 1429 3792 1481 λέ-

2218 1536 2356 1589 γειν,
2390 1521 2489 1590 τὴν
2548 1517 2889 1587 ἀποκάλυψιν
2939 1517 3313 1588 ὑπεμφαίνων.
3367 1516 3576 1571 Οὐκοῦν
3609 1519 3667 1571 ἐν
3713 1516 3793 1587 τῷ

2219 1609 2554 1665 ἀπεστάλθαι
2584 1609 2738 1679 παρὰ
2765 1608 2923 1675 Θεοῦ,
2941 1608 3005 1661 τὸ
3035 1607 3375 1661 θεοδίδακτον
3406 1605 3547 1662 εἶναι
3574 1610 3794 1671 πάντως

2218 1702 2518 1756 ἀκολουθεῖ.
2540 1701 2612 1754 Τδ
2643 1700 2700 1755 δέ
2733 1700 2979 1771 ἀψευδεῖν
3016 1701 3099 1754 ὅτι
3136 1700 3256 1755 λίαν
3288 1700 3647 1754 ἐσπούδασται
3679 1702 3793 1763 τοῖς

2218 1794 2318 1865 τῆς
2362 1793 2615 1865 ἀληθείας
2659 1792 3009 1864 λειτουργοῖς,
3043 1792 3143 1845 οὐκ
3193 1791 3515 1862 ἀμφίλογον.
3549 1811 3569 1844 ι
3596 1788 3704 1847 Ἦν
3732 1793 3792 1847 δὲ

549 1886 759 1940 honore
800 1894 888 1939 est
947 1890 1182 1938 ornatus
1226 1897 1255 1935 a
1307 1882 1438 1946 Deo,
1489 1881 1766 1951 quomodo
1816 1898 1926 1937 non
1971 1882 2118 1937 omni

2221 1887 2316 1940 καὶ
2370 1886 2538 1955 ὅνομα
2586 1882 2665 1954 τῷ
2724 1882 3014 1954 ἀνθρώπῳ,
3058 1902 3077 1935 ι
3138 1883 3324 1953 φησὶν,
3382 1900 3402 1934 ι
3453 1883 3725 1954 Ἰωάννης.
3765 1901 3787 1937 ε

548 1976 712 2031 laude
744 1982 800 2028 et
829 1974 1306 2031 commendatione
1352 1973 1531 2043 major
1559 1972 1678 2027 est?
1709 1972 1980 2039 Quocirca
2011 1973 2120 2027 uti-

549 2067 674 2122 liter
724 2080 790 2120 ac
836 2063 1152 2120 necessario
1192 2063 1396 2118 mentio
1424 2064 1665 2119 nominis
1694 2062 1835 2118 facta
1867 2072 1969 2120 est.
1999 2064 2118 2119 Jam

549 2169 678 2210 vero
719 2168 845 2208 cum
895 2152 1166 2207 addiderit
1216 2151 1576 2222 evangelista,
1617 2151 1849 2206 missum
1891 2167 2015 2209 esse
2063 2152 2120 2207 in

547 2243 924 2303 testimonium
949 2257 980 2297 a
1008 2241 1121 2299 Deo
1160 2250 1413 2299 sanctum
1454 2242 1778 2312 Baptistam,
1810 2249 1908 2297 «ut
1931 2257 2119 2299 omnes

545 2336 835 2394 crederent
864 2349 964 2405 per
1006 2334 1184 2406 ipsum
1211 2333 1279 2397 ³ο,
1324 2351 1343 2385 ι
1384 2332 1520 2386 illud
1572 2347 1796 2387 rursum
1850 2333 2119 2399 dicemus,

546 2429 594 2484 si
652 2442 755 2484 nos
810 2426 1115 2482 adversarii
1175 2425 1264 2480 his
1323 2424 1510 2479 verbis
1578 2431 1870 2495 urgeant-z
1919 2422 2119 2491 Quidni

544 2530 741 2570 omnes
786 2515 838 2569 ei
888 2513 985 2584 qui
1031 2511 1296 2568 divinitus
1325 2512 1528 2567 missus
1572 2521 1690 2567 erat
1737 2511 2122 2567 crediderunt?

547 2614 643 2661 aut
675 2604 950 2677 quomodo
1001 2609 1262 2674 gravatus
1305 2610 1390 2658 est
1428 2603 1722 2658 nonnullos
1772 2602 1841 2657 ad
1892 2601 2122 2657 creden-

547 2704 677 2759 dum
711 2700 1001 2763 adducere,
1043 2698 1136 2769 qui
1177 2696 1243 2753 ad
1297 2697 1350 2752 id
1404 2712 1642 2767 superno
1691 2696 1910 2752 decreto
1945 2695 2120 2752 fuerat

548 2794 903 2865 assumptus?
956 2792 1076 2847 Non
1136 2805 1352 2861 aequum
1411 2798 1516 2853 est,
1564 2805 1597 2846 ο
1647 2792 1961 2861 quicunque
2021 2803 2119 2844 vos

548 2890 705 2955 estis,
735 2887 902 2944 ullam
935 2886 992 2940 in
1028 2884 1133 2939 hoc
1196 2881 1393 2938 Joanni
1443 2883 1657 2953 culpam
1690 2883 1987 2948 ascribere,
2020 2880 2119 2936 sed

546 2979 957 3038 incredulorum
988 2990 1276 3047 perversos
1308 2989 1371 3029 ac
1402 2970 1718 3046 praefractas
1756 2989 1936 3029 mores
1962 2971 2120 3028 decet

542 3076 824 3131 incusare.
857 3069 1071 3126 Etenim
1099 3067 1246 3138 quod
1284 3065 1350 3121 ad
1379 3065 1650 3136 praeconis
1681 3079 1910 3136 scopum
1941 3071 1995 3120 et
2025 3080 2121 3120 su-

2222 1976 2369 2030 Ἔδει
2418 1975 2779 2045 γνωρίζεσθαι
2816 1974 2907 2028 τὸν
2959 1974 3386 2044 ἀπεσταλμένον,
3439 1974 3534 2027 καὶ
3575 1977 3642 2046 τῇ
3694 1972 3789 2028 τοῦ
3848 2044 3863 2054 .

2217 2068 2479 2139 ὀνόματος
2504 2069 2768 2139 σημασίᾳ,
2805 2066 3026 2137 πολλὴν,
3067 2066 3140 2129 ὡς
3171 2062 3347 2137 οἴμαι,
3395 2067 3474 2138 τῷ
3523 2067 3664 2139 λόγῳ
3691 2068 3792 2140 τήν

2217 2157 2556 2225 ἀξιοπιστίαν
2595 2158 2971 2229 εἰσφέροντος·
3008 2157 3238 2227 ἄγγελος
3275 2157 3405 2229 γὰρ,
3451 2156 3685 2230 Γαϐριὴλ
3731 2159 3790 2213 δὲ

2218 2247 2375 2316 οὗτος
2411 2253 2441 2304 6
2464 2248 2825 2321 παρεστηκὼς
2855 2250 3084 2302 ἐνώπιον
3132 2246 3225 2301 τοῦ
3252 2247 3410 2313 Θεοῦ,
3449 2248 3595 2303 καθά
3625 2266 3792 2320 φησιν

2218 2344 2398 2407 αὐτὸς,
2449 2343 2537 2395 ὅτε
2579 2340 2658 2411 τῷ
2702 2340 2948 2412 Ζαχαρία
2993 2341 3090 2412 τήν
3128 2340 3382 2411 γέννησιν
3406 2340 3572 2394 αὐτοῦ
3603 2342 3701 2412 τὴν
3727 2343 3791 2395 ἐκ

2216 2434 2315 2505 τῆς
2355 2432 2635 2487 Ἐλισάϐετ
2694 2430 3094 2504 εὐηγγελίζετο,
3162 2431 3297 2502 πρὸς
3359 2426 3442 2495 οἷς
3480 2431 3793 2504 εὑρίσκεται

2217 2525 2410 2596 λέγων,
2432 2525 2538 2578 ικαὶ
2582 2524 2740 2578 τοῦτο
2805 2522 3211 2595 προστέθεικεν,
3235 2524 3316 2577 ὅτι
3354 2525 3501 2578 «Καὶ
3537 2524 3790 2595 Ἰωάννης

2218 2618 2371 2672 ἐσται
2404 2618 2466 2671 τδ
2508 2615 2680 2686 θνομα
2721 2614 2906 2669 αὐτοῦ.
2935 2634 2954 2667 ι
2990 2615 3157 2687 Δῆλον
3188 2615 3245 2669 δὲ
3277 2616 3469 2686 δήπου,
3498 2617 3592 2671 καὶ
3624 2619 3791 2671 πᾶσιν

2217 2705 2669 2778 ὁμολογούμενον,
2699 2704 2773 2768 ὡς
2804 2705 2912 2776 ἀρα
2947 2704 3089 2759 κατά
3116 2704 3213 2775 τὴν
3240 2704 3389 2760 θείαν
3434 2706 3686 2778 βούλησίν
3728 2724 3790 2760 τε

2218 2800 2312 2854 καὶ
2336 2798 2651 2870 πρόσταξιν,
2684 2796 2830 2852 οὕτω
2865 2796 3013 2869 παρά
3059 2796 3153 2850 τοῦ
3191 2798 3423 2867 ἀγγέλου
3478 2800 3792 2870 κατωνομά-

2219 2891 2363 2956 ζετο.
2385 2888 2519 2944 Εἶτα
2544 2892 2662 2954 πῶς
2682 2889 2783 2944 οὐκ
2802 2890 2868 2944 ἂν
2891 2889 3110 2961 νοηθείη
3129 2889 3312 2944 λοιπὸν
3341 2891 3541 2955 παντὸς
3568 2891 3788 2945 ἐπαίνου

2219 2980 2484 3055 κρείττων
2546 2982 2663 3052 ἅμα
2712 2981 2805 3035 καὶ
2861 2980 3277 3052 ἀξιολογώτερος
3306 2983 3335 3035 6
3366 2981 3600 3057 τοσαύτῃ
3640 2984 3791 3054 παρά

2193 3066 2354 3122 ’Θεοῦ
2382 3068 2824 3139 κατεστεμμένος
2855 3071 3018 3140 uitii;
3048 3068 3128 3122 διὸ
3152 3068 3216 3141 δὴ
3245 3070 3338 3123 καὶ
3363 3070 3502 3141 ήτοῦ
3530 3072 3793 3143 ὀνόματος

549 3177 732 3237 ρει-πω
754 3160 1038 3217 missionis
1068 3159 1337 3214 rationem
1393 3158 1500 3229 63
1542 3157 1756 3223 attinet,
1784 3157 1990 3213 nemini
2021 3157 2118 3213 do-

2224 3161 2410 3230 μνήμη
2442 3159 2725 3231 χρησίμως
2741 3175 2822 3226 τε,
2838 3160 2933 3213 καὶ
2952 3159 3262 3229 ἀναγκαίως
3285 3161 3787 3234 παραλαμϐάνεται.

548 3257 722 3315 ctrina
752 3253 945 3318 defuit,
968 3252 1055 3308 vel
1092 3248 1261 3318 lides;
1296 3249 1392 3305 sed
1421 3264 1547 3304 cum
1571 3248 1720 3303 varia
1762 3249 1874 3305 sint
1897 3248 2115 3304 audito-

547 3363 666 3405 rum
722 3344 965 3418 ingenia,
1011 3350 1068 3399 et
1106 3342 1485 3412 unusquisque
1535 3346 1863 3411 potestatem
1915 3340 2114 3396 habeat

545 3455 658 3496 sua:
687 3437 1006 3505 voluntatis,
1029 3451 1060 3490 a
1098 3444 1247 3491 recta
1268 3434 1480 3490 ratione
1510 3433 1732 3503 quidam
1759 3434 2110 3498 aberrarunt,

549 3529 653 3585 lide
688 3528 997 3599 repudiata.
1044 3525 1259 3581 Idcirco
1303 3524 1684 3594 propheticum
1732 3524 1867 3578 illud
1918 3523 1988 3580 de
2037 3525 2111 3580 iis

2234 3249 2450 3319 Ἐπειδὴ
2482 3248 2540 3302 δέ
2569 3248 2958 3319 προστέθεικεν
2997 3251 3026 3302 6
3060 3249 3446 3323 εύαγγελιστὴς
3474 3254 3555 3315 είς
3594 3269 3792 3324 μαρτυ·

2221 3340 2344 3412 ρίαν
2384 3339 2719 3395 ἀπεστάλθαι
2756 3340 2904 3414 παρά
2930 3339 3064 3395 Θεοῦ
3111 3340 3202 3395 τὸν
3248 3341 3402 3411 ἀγιον
3455 3342 3788 3414 Βαπτιστὴν,

2224 3449 2245 3484 ι
2283 3431 2371 3485 ῖνα
2400 3432 2599 3495 πάντες
2629 3431 2964 3485 πιστεύσωσι
3026 3432 3093 3485 δι’
3132 3434 3319 3497 αὐτοῦ,
3357 3452 3377 3485 ι
3430 3434 3595 3488 πάλιν
3618 3437 3792 3489 ἐκεῖνο

2215 3520 2471 3594 ἐροῦμεν,
2495 3522 2623 3575 ὅταν
2646 3523 2778 3593 ἡμῖν
2801 3523 2850 3575 οἱ
2866 3522 2934 3576 δι’
2951 3523 3199 3588 ἐναντίας
3214 3525 3577 3579 ἀντιπίπτωσι
3607 3526 3794 3596 λέγον-

549 3618 927 3688 usurpandum
967 3623 1053 3671 est
1095 3633 1110 3669 :
1155 3634 1174 3665 ι
1206 3614 1310 3679 Qui
1356 3614 1516 3667 audit
1558 3613 1764 3677 audiat,
1803 3621 1857 3668 et
1886 3614 1982 3684 qui
2023 3622 2110 3671 est

2221 3628 2326 3676 τες,
2361 3611 2514 3665 Διατί
2537 3614 2611 3684 μή
2645 3613 2845 3677 πάντες
2867 3612 2945 3683 τῷ
2976 3613 3158 3668 θεόθεν
3206 3615 3598 3689 ἀπεσταλμένῳ
3633 3634 3794 3672 πεπι-

548 3707 869 3765 inobediens
896 3720 1009 3760 non
1022 3702 1246 3760 obediat
1269 3702 1333 3756 “.
1383 3720 1403 3753 ι

2215 3703 2506 3772 στεύκασι;
2545 3705 2661 3769 πῶς
2713 3706 2770 3759 δὲ
2828 3706 3088 3777 ήτόνησεν
3129 3706 3208 3771 είς
3264 3706 3324 3760 τὸ
3367 3708 3551 3761 πεῖσαί
3581 3723 3732 3769 τινας
3764 3725 3794 3778 ο

544 3801 686 3873 πρὸς
712 3798 871 3853 τοῦτο
897 3796 988 3852 διὰ
1009 3796 1110 3867 τῆς
1130 3793 1332 3850 ἀνωθεν
1364 3793 1543 3865 ψήφου
1563 3794 2108 3866 προκεχειρισμένος;
2147 3798 2219 3852 Οὺ
2286 3801 2384 3870 τῆς
2421 3798 2667 3854 Ἰωάννου
2723 3799 3015 3871 ῥᾳθυμίας,
3081 3793 3125 3854 ὧ
3167 3791 3333 3865 οὗτοι,
3394 3801 3600 3857 δίκαιον
3653 3803 3796 3874 ἡμᾶς

540 3906 608 3958 τιν
640 3891 848 3953 τούτοις
896 3889 1239 3961 κατηγορεῖν,
1300 3884 1435 3939 ἀλλὰ
1463 3885 1563 3955 τῆς
1597 3885 1706 3939 τῶν
1746 3884 2114 3942 ἀπειθούντων
2151 3889 2478 3961 δυσιροπίας
2531 3891 2824 3965 κατασοᾷν.
2883 3894 3049 3947 Ὅσον
3100 3894 3196 3965 μὲν
3252 3894 3356 3964 γὰρ
3396 3895 3477 3957 είς
3546 3877 3637 3950 τὸν
3702 3893 3793 3949 τοῦ

553 3981 1017 4055 προκηρύττοντος
1054 3977 1269 4041 σκοπὸν,
1308 3976 1402 4030 καὶ
1442 3975 1535 4029 τὸν
1571 3976 1671 4047 τῆς
1733 3976 2035 4048 ἀποστολῆς
2082 3979 2183 4050 τῆς
2219 3979 2426 4034 ἀνωθεν
2474 3984 2695 4053 τρόπον,
2744 3984 2919 4046 οὐδεὶς
2964 3983 3030 4038 ἂν
3070 3984 3278 4056 ηὑρέθη
3317 3984 3418 4054 τῆς
3449 3985 3796 4052 διδασκαλίας

552 4072 836 4147 ἀμέτοχος,
886 4068 993 4123 οὐδ’
1022 4069 1087 4123 ἂν
1124 4067 1395 4138 ἐνέμεινεν
1437 4066 1690 4136 ἀπειθής.
1745 4067 1962 4139 Ἐπειδὴ
1997 4067 2056 4121 δὲ
2091 4068 2356 4141 διάφοροςξ
2382 4072 2443 4124 ἐν
2477 4073 2592 4136 τοῖς
2631 4073 2999 4145 ἀκροωμένοις
3028 4076 3062 4146 ἡ
3094 4074 3309 4146 γνώμη,
3347 4076 3563 4147 καὶτῆς
3592 4077 3796 4143 οἰκείας

551 4164 922 4241 προαιρέσεως
951 4162 1176 4225 ἕκαστος
1199 4159 1312 4231 ἔχει
1339 4158 1438 4231 τὴν
1474 4158 1740 4225 ἐξουσίαν,
1778 4159 2169 4231 ἀπεσφάλησάν
2201 4180 2344 4228 τινες
2360 4163 2455 4216 τοῦ
2490 4164 2882 4235 συμφέροντος,
2904 4166 2966 4219 οὐ
2989 4166 3422 4240 παραδεξάμενοι
3462 4167 3560 4241 τὴν
3590 4170 3792 4226 πίστιν.

546 4262 641 4317 Διὸ
661 4262 841 4323 αὐτοῖς
866 4255 1057 4329 ῥητέον
1078 4254 1318 4326 δηλονότι
1345 4252 1486 4308 κατά
1506 4253 1567 4307 τὸ
1591 4255 1649 4307 ἐν
1667 4253 1744 4325 τῷ
1763 4257 2015 4328 προφήτῃ
2042 4254 2344 4327 κείμενον-ι
2366 4258 2425 4311 ⁸0
2461 4258 2674 4313 ἀκούων
2694 4260 2961 4325 ἀκουέτω,
2991 4263 3085 4316 καὶ
3100 4263 3129 4315 6
3151 4262 3390 4317 ἀπειθῶν
3420 4264 3731 4320 ἀπειθείτω.
3768 4283 3788 4317 ι

621 4358 667 4418 Ι,
698 4354 752 4407 7.
791 4350 894 4405 Hic
945 4349 1082 4404 venit
1137 4348 1191 4401 in
1222 4345 1600 4412 testimonium,
1644 4355 1704 4399 ut
1755 4347 2112 4401 testimonium

2294 4344 2485 4416 Οὗτος
2513 4347 2701 4422 ἦλθεν
2748 4355 2835 4421 είς
2878 4357 3244 4425 μαρτυρίαν,
3304 4357 3405 4410 ἵνα
3435 4357 3796 4427 μαρτιφήσῃ

538 4442 836 4514 perhiberet
870 4440 934 4495 de
958 4439 1177 4492 lumine.

624 4532 936 4604 Emphasim
969 4530 1134 4585 habet
1161 4528 1315 4591 illud,
1345 4545 1365 4579 ι
1396 4525 1515 4588 Hic,
1542 4544 1562 4579 ι
1591 4533 1648 4581 et
1673 4528 1926 4582 virtutem
1959 4534 2124 4597 atque

546 4636 799 4693 personae
830 4620 1136 4677 claritatem
1165 4617 1460 4688 signiﬁcat.
1486 4613 1537 4670 Is
1564 4616 1733 4679 enim,
1771 4634 1789 4668 ι
1821 4617 1914 4686 qui
1942 4632 1975 4671 a
2015 4617 2125 4672 Deo

550 4712 757 4769 missus
789 4721 893 4775 est,
943 4728 962 4762 ι
1002 4707 1201 4779 inquit,
1250 4706 1343 4777 qui
1378 4704 1690 4761 universam
1723 4703 1970 4760 Iudaeam
2001 4721 2123 4761 cum

556 4800 848 4857 sanctitate
873 4798 995 4853 vita:
1038 4807 1153 4852 tum
1200 4795 1425 4867 pietatis
1475 4784 1786 4850 incredibili
1833 4796 2127 4866 splendore

558 4890 616 4944 in
650 4886 1069 4943 admirationem
1119 4887 1205 4942 sui
1250 4887 1462 4958 rapuit,
1495 4885 1590 4956 qui
1643 4894 1962 4942 sanctorum
2002 4902 2128 4957 pro-

557 4982 847 5052 phetarum
879 4978 1118 5034 oraculis
1144 4978 1544 5047 praenuntiatus
1566 4976 1694 5043 fuit,
1743 4978 1887 5049 apud
1928 4979 2124 5035 Isaiam

557 5071 816 5142 quidem:
856 5087 875 5122 ι
918 5068 1035 5125 Vox
1083 5070 1372 5126 clamantis
1418 5071 1477 5124 in
1514 5070 1734 5126 deserto
1768 5072 1812 5103 ³¹
1854 5089 1871 5137 ;
1919 5089 1939 5125 ι
1978 5071 2125 5142 apud

554 5163 781 5220 beatum
818 5175 949 5216 vero
986 5158 1249 5215 Davidem
1288 5177 1303 5214 :
1342 5178 1362 5212 ι
1424 5158 1674 5214 Lucerna
1717 5159 1942 5215 Christo
1989 5175 2127 5230 pra:-

526 5236 751 5327 Iparata
780 5252 829 5286 ³³
862 5270 884 5304 ι
930 5258 1317 5321 nuncupatus:
1353 5267 1373 5302 ι
1418 5248 1519 5305 llic
1568 5249 1719 5306 venit
1773 5248 1831 5304 in
1880 5252 2127 5307 testimo-

558 5351 735 5416 nium,
761 5353 822 5402 ut
862 5342 1238 5401 testimonium
1271 5342 1581 5412 perhiberet
1625 5339 1695 5397 de
1726 5340 1955 5396 lumine.
2003 5360 2023 5395 ι
2060 5341 2128 5397 Et

560 5443 738 5497 lucem
765 5437 988 5512 quidem
1028 5434 1119 5490 hic
1159 5432 1326 5490 Deum
1357 5432 1595 5488 Verbum
1621 5433 1889 5501 nominat,
1927 5449 2126 5488 unum-

554 5546 668 5602 que
722 5544 847 5588 esse
895 5526 1163 5591 ostendit,
1220 5532 1276 5581 et
1334 5524 1623 5593 ipsammet
1673 5522 1847 5580 lucem
1902 5524 2125 5595 proprie

558 5620 847 5685 exsistere,
886 5629 1013 5691 post
1064 5631 1231 5689 quam
1286 5615 1393 5669 alia
1443 5613 1592 5669 nulla
1629 5623 1713 5671 est
1755 5623 1968 5680 natura,
1999 5617 2123 5670 illu-

639 5772 710 5805 "‘
736 5775 854 5829 Gal.
885 5793 923 5841 I,
956 5779 1041 5831 i2.

559 5840 703 5897 Psal.
741 5861 897 5900 cum
912 5840 935 5910 ,
983 5847 1067 5899 Π.

2221 4442 2352 4509 περὶ
2380 4442 2485 4496 τοῦ
2513 4444 2727 4512 φωτός.

2295 4529 2572 4600 Ἐμφασιν
2605 4532 2823 4603 ἀρετῆς,
2858 4534 2953 4589 καὶ⁴
2983 4534 3085 4605 τῆς
3113 4534 3207 4588 τοῦ
3244 4534 3537 4608 προσώπου
3568 4553 3798 4609 περιφα-

2221 4617 2368 4682 νείας
2391 4619 2567 4674 ώδίνει
2592 4621 2672 4685 τὸ,
2706 4640 2727 4673 ι
2760 4617 2932 4687 οὗτος.
2972 4642 2991 4676 ι
3020 4643 3041 4676 ‹
3083 4626 3139 4679 '0
3156 4627 3263 4699 γὰρ
3293 4628 3356 4680 ἐκ
3372 4626 3530 4691 Θεοῦ,
3564 4646 3582 4680 ι
3609 4630 3794 4699 φησὶν,

2228 4726 2247 4760 ι
2279 4708 2705 4781 ἀπεσταλμένος,
2744 4731 2763 4764 ι
2797 4715 2825 4766 6
2857 4717 3036 4769 πᾶσαν
3066 4717 3288 4781 εἰκότως
3316 4718 3667 4789 καταπλήξας
3696 4719 3795 4790 τὴν

2240 4800 2520 4867 Ἰουδαίαν,
2583 4806 2648 4874 τῇ
2707 4821 2765 4858 τε
2796 4806 2889 4859 τοῦ
2943 4806 3057 4877 βίου
3094 4810 3403 4881 σεμνότητι,
3437 4810 3533 4864 καὶ
3567 4813 3686 4875 ταῖς
3716 4812 3799 4875 είς

2228 4888 2459 4960 ἄσκησιν
2488 4891 2832 4963 ὑπερσολαῖς,
2869 4897 2897 4949 ὁ
2925 4897 3013 4950 διὰ
3051 4898 3234 4969 φωνῆς
3281 4900 3452 4967 ἁγίων
3479 4917 3796 4972 προκηρύτ-

2226 4978 2451 5049 τόμενος
2500 4984 2831 5054 προφητῶν·
2905 4988 3000 5040 καὶ
3058 4990 3210 5059 παρά
3267 4989 3366 5061 μὲν
3410 4991 3489 5062 τῷ
3554 4992 3795 5063 Ἠσαίᾳ’

2233 5087 2251 5121 ι
2284 5069 2439 5141 Φωνὴ
2480 5070 2707 5140 βοῶντος
2751 5077 2809 5130 ἐν
2835 5080 2900 5147 τῇ
2932 5079 3121 5149 ἐρήμῳ
3141 5097 3154 5110 ·
3189 5099 3208 5132 ι
3246 5081 3393 5152 παρά
3423 5083 3481 5136 δὲ
3505 5081 3583 5153 τῷ
3619 5100 3800 5155 μακαο

2231 5161 2329 5232 ρίῳ
2354 5164 2533 5216 Δαϐίδο
2570 5181 2590 5216 ι
2611 5165 2816 5237 Λύχνος
2840 5168 3060 5239 Χριστῷ
3089 5171 3596 5242 προητοιμασμένος
3625 5191 3645 5225 ι
3679 5174 3797 5227 όνο-

2230 5253 2455 5321 μασθείς
2470 5270 2483 5284 ·
2513 5272 2530 5305 ι
2552 5249 2719 5319 Οὗτος
2733 5253 2896 5327 ἦλθεν
2914 5260 2993 5322 είς
3015 5261 3341 5333 μαρτυρίαν,
3364 5262 3451 5315 ῐνα
3471 5258 3798 5336 μαρτυρήσῃ

2228 5344 2352 5414 περὶ
2398 5344 2490 5398 τοῦ
2538 5346 2739 5415 φωτός·
2784 5366 2803 5399 ι
2842 5350 2935 5402 καὶ
2967 5350 3083 5419 φῶς
3114 5353 3212 5422 μέν
3235 5354 3305 5422 ,ἐν
3346 5354 3519 5426 τούτῳ
3544 5355 3637 5411 τὸν
3666 5356 3800 5411 Θεὸν

2226 5435 2397 5503 Λόγον
2444 5435 2725 5503 ἀποκαλεῖ,
2755 5438 2852 5494 ἕνα
2876 5439 2932 5493 δὲ
2974 5440 3103 5495 ὄντα
3153 5442 3410 5510 δεικνύει,
3441 5448 3537 5501 καὶ
3579 5447 3713 5501 αὐτὸ
3735 5448 3799 5521 δὴ

2225 5524 2384 5578 τοῦτο
2438 5526 2640 5597 κυρίως
2689 5528 3001 5600 ὑπάρχοντα
3043 5533 3179 5601 φῶς,
3232 5534 3353 5606 μεθ’
3395 5535 3425 5591 6
3458 5537 3602 5591 κατά
3640 5538 3800 5608 φύσιν

2229 5612 2412 5685 ἕτερον
2440 5616 2610 5681 οὐδὲν,
2652 5617 2753 5687 τὴν
2798 5618 2892 5671 τοῦ
2940 5618 3199 5677 δύνασθαι
3231 5624 3485 5693 φωτίζειν
3514 5627 3800 5700 ἐνέργειαν

1142 5779 1186 5810 ¹⁹
1224 5777 1356 5833 Luc.
1390 5793 1444 5844 ι,
1476 5777 1559 5846 Η,
1601 5778 1688 5832 21.
1769 5778 1986 5839 "‘ibid.
2022 5779 2105 5833 1'5.

2221 5782 2230 5812 ’
2266 5783 2421 5841 Joan.
2454 5803 2492 5851 ι,
2528 5787 2579 5845 7.
2656 5790 2696 5823 ³¹
2740 5787 2936 5847 Ezech.
2971 5809 3063 5857 ιιι,
3097 5790 3186 5844 27.
3267 5792 3310 5825 ³¹
3354 5791 3458 5845 lsa.
3492 5806 3591 5856 ιι..
3621 5791 3677 5848 ὅ.
3756 5785 3802 5818 ³³
