4092 6274
275 378 376 435 I09

1345 373 1407 422 ΙΝ
1447 372 1727 424 δΟΑΝλΙδ
1782 372 2225 425 EVAMJILLIUM
2266 372 2392 423 LIII.
2436 373 2481 426 I.’

3412 275 3444 300 ο

3419 379 3515 434 III)

274 489 416 559 ἔχον,
459 487 553 540 καὶ
574 484 752 556 φωτὸς
783 485 844 539 οὺ
864 484 1068 555 δεηθέν.
1101 482 1308 537 Ούκοῦν
1338 482 1571 550 ἐκφυλός
1605 498 1685 546 τε,
1729 482 1845 546 καὶ,

1954 483 2194 537 minandi
2238 484 2288 535 vi
2324 482 2627 552 praeditam,
2660 490 2715 539 et
2745 481 2968 538 minimc
2996 481 3134 539 lucis
3160 483 3516 556 indigentem.

277 579 341 632 ἵν’
363 574 538 641 οὕτως
581 574 843 645 εἴπωμεν,
892 573 1188 646 ἑτεροφυὴς
1216 573 1292 637 ὡς
1335 573 1469 644 πρὸς
1497 572 1595 645 τήν
1623 574 1799 626 κτίσιν
1818 575 1848 626 6

273 666 367 721 τοῦ
395 664 532 720 Θεοῦ
558 665 745 733 Λόγος,
780 666 937 735 εἰπερ
972 664 1141 728 ὅντως
1174 681 1234 718 τε
1286 664 1380 718 καὶ
1422 663 1638 735 ἀληθῶς
1686 665 1848 728 αὐτὸς

278 757 376 827 μέν
404 758 519 809 ἐστι
560 755 761 825 κυρίως
791 755 852 808 τὸ
874 755 1009 823 φῶς,
1033 756 1209 825 φωτὸς
1233 756 1290 808 δὲ
1320 756 1354 825 ή
1386 756 1563 818 κτίσις
1599 754 1841 825 μέτοχος.

286 849 344 901 '0
364 847 420 901 δὲ
454 849 565 908 τοῖς
589 846 979 915 πεποιημένοις
1024 845 1358 909 ἀσύντακτος
1389 846 1512 917 ἤδη,
1543 846 1637 899 καὶ
1667 847 1847 915 ἑτερο-

274 938 414 1008 φυὴς
448 936 535 990 διὰ
588 933 745 989 τοῦτο
781 936 1089 1006 νοούμενος,
1143 936 1262 999 πῶς
1310 936 1411 989 οὐκ
1445 934 1511 989 ἂν
1542 934 1630 1006 εἴη
1663 935 1846 989 λοιπὸν

274 1029 405 1082 εῑσω
432 1027 543 1082 τῶν
572 1028 671 1099 τῆς
724 1025 980 1099 θεότητος
1025 1028 1189 1100 ὅρων,
1215 1028 1309 1082 καὶ
1334 1027 1435 1099 τῆς
1474 1026 1568 1081 τοῦ
1595 1027 1845 1091 τεκόντος

273 1120 499 1190 εὐφυΐας
529 1121 811 1184 ἀνάπλεως
833 1138 848 1187 ;

348 1324 469 1377 Οὐκ
490 1319 569 1393 ἦν
604 1322 835 1388 ἐκεῖνος
862 1320 931 1375 τὸ
981 1320 1130 1390 φῶς,
1175 1323 1313 1377 ἀλλ’
1349 1323 1449 1377 ἳνα
1486 1321 1843 1393 μαρτυρήσῃ

274 1414 405 1482 περὶ
424 1413 531 1467 τοῦ
562 1416 773 1483 φωτός.

345 1506 456 1568 Τὰς
479 1506 536 1557 ὲν
570 1507 635 1575 τῇ
666 1506 859 1574 ἐρήμῳ
888 1502 1167 1575 διατριϐὰς
1184 1502 1288 1556 τῶν
1320 1505 1376 1556 ὲν
1399 1503 1613 1557 πόλεσιν
1645 1502 1845 1556 ἐνδιαι-

274 1595 534 1666 τημάτων
586 1597 932 1665 προτιμήσας
977 1597 1007 1649 6
1058 1594 1389 1664 Βαπτιστὴς,
1446 1595 1539 1647 καὶ
1587 1592 1744 1662 ξένην
1790 1594 1847 1646 ὲν

278 1686 510 1753 ἀσκήσει
538 1683 635 1754 τὴν
676 1685 974 1755 καρτερίαν
1024 1683 1451 1753 ἐπιδειξάμενος,
1489 1685 1585 1736 καὶ
1617 1685 1697 1746 εἰς
1718 1681 1851 1735 αὐτὸ

279 1777 380 1847 τῆς
412 1778 471 1828 ὲν
501 1775 808 1845 άνθρὼποις
831 1774 1175 1845 δικαιοσύνης
1205 1774 1265 1826 τὸ
1296 1774 1592 1844 ἀκρότατον
1616 1774 1848 1844 ἀναδρα-

287 1832 425 1937 μων,
452 1864 548 1919 καὶ
588 1832 731 1936 μάλα
772 1832 995 1929 δικαίως
1041 1832 1479 1934 ἀπέθαυμόιςέτο,
1517 1864 1613 1917 καὶ
1649 1864 1713 1935 δὴ
1751 1832 1849 1918 καὶ
1882 1832 1922 1888 Β

284 1960 586 2031 ὑπείληπτο
642 1958 791 2029 παρά
845 1974 985 2011 τισιν
1036 1957 1200 2020 αὐτὸς
1245 1953 1709 2028 εῖναιόΧριστός.
1740 1955 1849 2008 Καὶ

284 2051 413 2118 γοῦν
432 2052 478 2103 οί
506 2049 616 2103 τῶν
652 2047 953 2102 Ἰουδαϊκῶν
978 2048 1268 2119 ἡγούμενοι
1309 2048 1599 2118 ταγμάτων
1629 2046 1716 2101 διά
1740 2046 1847 2100 τῶν

279 2141 588 2212 προσόντων
632 2139 781 2210 αὐτῷ
821 2138 961 2193 κατὰ
1001 2140 1205 2212 ἀρετήν
1249 2138 1735 2209 πλεονεκτημάτων
1767 2140 1849 2201 είς

276 2230 532 2301 τοιαύτην
571 2229 878 2300 ἐνεχθέντες
917 2229 1206 2295 ὑπόνοιαν,
1262 2228 1648 2283 ἀποστέλλουσι
1694 2245 1848 2292 τινας

277 2320 414 2392 πρὸς
462 2320 624 2375 αὑτὸν
676 2318 1049 2373 ἀναπυθέσθαι
1115 2320 1537 2391 προστάξαντες,
1594 2321 1642 2373 εί
1683 2320 1848 2383 αὐτός

276 2416 425 2466 ἐστιν
457 2413 485 2465 6
516 2411 767 2483 Χριστός.
802 2412 917 2465 Οὐκ
966 2412 1236 2483 ἀγνοήσας
1289 2411 1469 2466 τοίνυν
1514 2412 1543 2464 6
1580 2411 1850 2482 μακάριος

273 2503 667 2575 εὐαγγελιστής
698 2503 768 2557 τά
793 2503 945 2574 παρὰ
969 2503 1183 2566 πολλοῖς
1199 2502 1378 2557 διατεθ
1388 2502 1695 2573 ρυλλημένα
1722 2502 1850 2572 περὶ

272 2593 463 2655 αὐτοῦ,
488 2592 701 2664 τίθησιν
736 2594 1047 2661 ἀναγκαίως
1082 2593 1166 2657 τὸ,
1210 2611 1229 2643 ι
1264 2593 1378 2646 Ούκ
1402 2587 1470 2663 ἦν
1533 2592 1739 2654 ἐκεῖνος
1789 2588 1853 2644 τὸ

273 2684 415 2754 φῶς,
455 2705 473 2736 ι
509 2685 595 2737 ἵνα
623 2686 717 2738 καὶ
754 2686 963 2756 πλάνην
1013 2683 1368 2757 ἀπορῤιζὼσῃ
1400 2685 1496 2755 τὴν
1533 2685 1628 2737 ἐπὶ
1654 2684 1850 2754 τούτῳ,

272 2777 373 2829 καὶ
433 2776 592 2829 πάλιν
646 2776 986 2843 ἀξιοπιστίαν
1033 2773 1376 2847 ὲπισωρεύσῃ
1429 2773 1551 2827 τινά
1600 2772 1680 2845 τῷ
1717 2773 1854 2844 πρὸς

277 2867 586 2938 μαρτυρίαν
615 2867 1010 2939 ἀπεσταλμένῳ
1022 2867 1171 2939 παρὰ
1196 2865 1353 2920 Θεοῦ.
1377 2865 1497 2930 Πῶς
1517 2866 1625 2940 γάρ
1651 2866 1711 2918 ού
1734 2865 1854 2920 λίαν

275 2959 616 3031 ὑπερφερής,
641 2959 758 3023 πῶς
784 2958 841 3012 δὲ
869 2960 987 3031 ούχὶ
1008 2960 1150 3014 κατά
1176 2960 1349 3015 πάντα
1367 2960 1567 3030 τρόπον
1599 2957 1854 3023 ἀξιοθαύ-

279 3065 515 3120 μαστος,
566 3049 596 3101 6
649 3049 888 3121 μεγάλην
940 3050 1082 3105 οὔτω
1118 3050 1601 3122 κατημφιεσμένος
1631 3049 1853 3120 ἀρετὴν,

1948 571 2137 643 Itaque
2169 571 2262 627 Dei
2294 571 2532 628 Verbum
2559 573 2797 629 alienum
2834 583 2937 640 est,
2957 583 3144 645 atque,
3169 583 3229 631 ut
3262 576 3339 632 ita
3368 576 3518 633 diea-

1948 679 2094 727 mus,
2129 664 2355 719 alterius
2384 666 2601 735 generis
2634 679 2664 719 a
2690 672 2965 730 creatura,
2992 666 3263 737 siquidem
3301 682 3517 740 reapse,

1947 761 2003 808 et
2033 769 2182 821 vere,
2216 769 2281 809 ac
2329 757 2549 827 prOprie
2590 757 2681 813 lux
2719 765 2825 822 est,
2865 765 3119 813 creatura
3152 765 3334 814 autem
3380 760 3520 816 lucis

1949 846 2245 915 particeps.
2276 843 2378 911 Qui
2432 856 2612 902 autem
2648 849 2702 903 in
2757 848 2950 904 ordine
2982 856 3361 904 creaturarum
3409 866 3520 907 non

1947 944 2055 1001 est,
2090 944 2257 1009 atque
2289 939 2493 994 idcirco
2520 940 2721 995 diversi
2758 942 2978 1011 generis
3006 956 3132 998 esse
3166 948 3427 997 censetur
3453 944 3522 999 ab

1948 1028 2387 1099 illis,‘quomodo
2420 1031 2698 1087 increatus
2737 1047 2849 1087 non
2887 1033 3028 1089 erit?
3066 1034 3179 1089 imo
3219 1048 3352 1089 vero
3383 1049 3523 1104 quo-

1948 1119 2114 1175 modo
2150 1123 2393 1179 rationes
2424 1137 2618 1180 omnes
2656 1123 2877 1182 deitatis
2928 1126 2985 1181 in
3023 1141 3085 1183 se
3115 1141 3229 1183 non
3271 1126 3520 1190 habebit,

1947 1225 2003 1269 et
2028 1212 2174 1270 Patri
2213 1230 2321 1269 non
2351 1215 2459 1272 erit
2485 1219 3016 1277 consubstantialis?

2018 1330 2059 1396 I,
2100 1329 2154 1385 8.
2186 1322 2315 1385 Non
2356 1341 2469 1386 erat
2494 1333 2584 1388 ille
2612 1334 2725 1398 lux,
2755 1334 2845 1389 sed
2872 1343 2930 1389 ut
2960 1336 3318 1391 testimonium
3347 1333 3520 1406 perhi-

1950 1423 2089 1479 beret
2126 1423 2189 1478 de
2215 1425 2429 1479 lumine.

2018 1513 2176 1579 Cum,
2202 1517 2408 1572 relictis
2440 1519 2692 1587 urbibus,
2729 1518 2784 1573 in
2820 1519 3169 1576 solitudinem
3190 1520 3431 1591 Baptista
3466 1535 3525 1576 se

1950 1610 2269 1679 recepisset,
2313 1615 2368 1664 et
2397 1609 2659 1665 inauditis
2691 1611 2914 1680 pietatis
2956 1613 3238 1669 laboribus
3275 1623 3333 1669 se
3368 1626 3525 1668 exer-

1951 1708 2120 1764 ceret,
2156 1708 2321 1768 atque
2353 1700 2606 1756 humana":
2640 1701 2871 1771 justitize
2923 1718 3197 1759 summum
3245 1702 3524 1774 fastigium

1953 1789 2250 1860 attigisset,
2285 1790 2633 1845 admirationi
2681 1794 2877 1847 merito
2926 1793 3145 1848 cunctis
3191 1792 3526 1857 erat,adeo-

1951 1891 2058 1946 que
2110 1886 2168 1931 ut
2221 1879 2476 1934 nonnulli
2520 1879 2800 1937 Christum
2852 1890 3109 1952 putarent
3155 1882 3336 1953 ipsum
3379 1897 3520 1939 esse.

1950 1952 2221 2032 Quocirca
2267 1966 2581 2025 Judzeorum
2616 1971 2903 2051 principes
2942 1973 3014 2028 ob
3062 1952 3371 2044 singulares
3401 1972 3525 2045 ejus

1949 2059 2187 2114 virtutes
2237 2060 2292 2114 in
2336 2075 2454 2115 eam
2502 2062 2723 2116 adducti
2777 2063 3128 2131 sententiam,
3173 2064 3405 2119 mittunt
3456 2067 3522 2120 ad

1949 2161 2076 2201 eum
2133 2164 2258 2203 cum
2316 2151 2593 2206 mandatis
2624 2159 2806 2209 certos
2840 2153 3113 2221 homines,
3141 2156 3235 2227 qui
3265 2165 3525 2228 rogarent

1951 2246 2136 2293 utrum
2161 2239 2421 2296 Christus
2443 2251 2608 2298 esset.
2640 2242 2775 2297 Cum
2806 2258 2937 2315 ergo
2967 2244 3166 2301 beatus
3186 2247 3524 2316 evangelista

1950 2330 2136 2386 varios
2174 2329 2243 2386 de
2273 2332 2367 2386 illo
2393 2348 2644 2390 rumores
2680 2350 2910 2407 sparsos
2945 2351 3053 2391 non
3087 2335 3197 2408 64
3224 2337 3523 2408 ignoraret,

1949 2423 2272 2479 necessario
2324 2425 2630 2497 subjungit,
2696 2444 2714 2477 ι
2753 2422 2874 2481 Non
2915 2434 3035 2483 erat
3083 2427 3179 2483 ille
3231 2429 3353 2495 lux,
3397 2447 3418 2482 ι
3470 2441 3528 2486 ιιι

1951 2526 2198 2568 errorem
2240 2516 2515 2583 evelleret,
2544 2518 2820 2589 simulque
2853 2516 3169 2575 ostenderet
3194 2526 3417 2592 quantae
3453 2521 3528 2579 sit

1953 2604 2303 2661 auctoritatis
2365 2607 2413 2662 is
2459 2608 2555 2678 qui
2589 2622 2619 2660 a
2654 2606 2766 2663 Deo
2805 2609 2862 2663 in
2909 2610 3290 2665 testimonium
3320 2611 3527 2667 missus

1952 2702 2092 2789 erat.
2128 2696 2233 2761 Qui
2275 2696 2423 2751 enim
2461 2697 2579 2752 ﬂeri
2621 2706 2804 2769 potest
2848 2708 2909 2755 ut
2949 2700 3040 2756 ille
3083 2717 3190 2757 non
3227 2703 3526 2773 praecellat,

1952 2787 2008 2842 et
2063 2788 2213 2841 omni
2270 2787 2637 2845 admiratione
2684 2790 2886 2863 dignus
2929 2793 3201 2859 videatur,
3228 2795 3325 2866 qui
3376 2802 3526 2851 tanta

1954 2878 2162 2934 virtute
2223 2878 2487 2950 praeditus
2535 2880 2868 2952 justitiaque
2932 2884 3005 2939 sit
3063 2885 3421 2956 conspicuus,
3469 2896 3530 2941 ut

1956 2968 2136 3039 ipsum
2176 2968 2460 3025 Christum
2496 2970 2762 3038 imitetur,
2805 2980 2861 3028 et
2907 2973 2979 3030 ob
3016 2974 3274 3030 eximiam
3314 2976 3530 3046 pietatis

1956 3059 2421 3129 pulchritudinem
2481 3063 2602 3132 ipsa
2662 3063 2884 3120 demum
2944 3064 3036 3119 lux
3093 3079 3218 3121 esse
3275 3067 3533 3137 putetur!

275 3142 383 3197 καὶ
407 3141 711 3212 διαπρεπὴς
741 3144 821 3205 είς
874 3141 1235 3213 δικαιοσύνην,
1267 3143 1341 3211 ᾡς
1387 3143 1550 3196 αὐτὸν
1575 3143 1854 3212 ἀπομιμή-

1961 3149 2082 3207 Νοη
2115 3160 2234 3207 erat
2286 3153 2455 3224 igitur
2502 3155 2593 3210 ille
2635 3155 2753 3220 lux,
2798 3156 2998 3227 inquit,
3044 3156 3141 3213 sed
3184 3157 3251 3213 ad
3283 3161 3532 3216 testimo-

275 3232 486 3288 σασθαι
511 3233 603 3287 τὸν
632 3234 884 3305 Χριστὸν,
914 3232 1060 3289 διάτε
1080 3235 1139 3288 τὸ
1166 3234 1442 3306 ἐξαίρετον
1459 3234 1559 3302 τῆς
1578 3232 1859 3297 εὐλαϐείας

271 3324 505 3388 κάλλος,
536 3324 667 3379 αὐτὸ
682 3326 745 3397 δή
774 3318 955 3381 λοιπὸν
981 3327 1246 3398 ὑπάρχειν
1266 3325 1612 3379 ὑπονοεῖσθαι
1627 3325 1689 3377 τὸ
1710 3323 1857 3394 φῶς;

269 3418 395 3472 Οὐκ
420 3412 490 3489 ἦν
514 3412 627 3484 οὖν,
658 3418 838 3489 φησιν,
864 3418 1137 3484 ὲκείνοςτὺ
1159 3418 1293 3489 φῶς,
1314 3417 1429 3472 ἀλλ’
1450 3419 1529 3481 είς
1552 3417 1860 3489 μαρτυρίαν

263 3509 377 3582 τὴν
407 3509 540 3580 περὶ
568 3508 661 3563 τοῦ
695 3510 869 3580 φωτὸς
899 3511 1324 3583 ἀπεσταλμένος.
1346 3508 1556 3579 Τόφῶς
1579 3509 1635 3563 δὲ
1665 3509 1856 3579 λέγων,

265 3603 422 3674 μετὰ
456 3603 556 3674 τῆς
590 3604 684 3657 τοῦ
718 3604 924 3675 ἄρθρου
958 3604 1277 3676 προσθήκης
1299 3646 1312 3668 ,
1349 3604 1406 3658 ἓν
1456 3603 1587 3657 αὐτὸ
1626 3600 1859 3656 δεικνύει

262 3694 470 3765 σαφῶς
498 3710 515 3724 υ
548 3694 662 3766 ἔχει
683 3695 792 3766 γάρ
824 3695 966 3750 οὕτω
990 3694 1133 3749 κατά
1167 3694 1442 3766 ἀλήθειαν.
1475 3695 1596 3747 Ὅτι
1629 3694 1727 3764 μὲν
1751 3693 1859 3764 γάρ

258 3786 387 3855 φῶς
421 3785 495 3840 ἂν
521 3785 741 3838 καλοῖτο
764 3784 1006 3850 δικαίως,
1037 3786 1131 3838 καὶ
1151 3786 1182 3839 6
1218 3785 1487 3856 μακάριος
1528 3784 1857 3857 Βαπτιστής,

253 3878 290 3948 ἢ
336 3880 443 3931 καὶ
487 3876 722 3941 ἕκαστος
762 3876 869 3931 τῶν
902 3877 1093 3946 άγίων,
1137 3878 1235 3930 οὐκ
1266 3876 1636 3949 ἀρνησόμεθα,
1667 3876 1757 3931 διὰ
1799 3876 1860 3930 τὸ

252 3968 350 4020 ἐπ’
416 3968 616 4030 αὐτοῖς
669 3965 822 4037 ποιρά
872 3965 967 4020 τοῦ
1023 3967 1274 4037 Σωτῆρος
1320 3967 1476 4037 ἡμῶν
1548 3966 1857 4039 εἰρημένον,

254 4079 275 4112 ι
302 4059 516 4130 Ὑμεῖς
557 4059 680 4109 ἐστε
701 4056 761 4108 τὸ
786 4057 900 4125 φῶς
929 4056 1022 4110 τοῦ
1053 4057 1282 4129 κόσμου.
1315 4076 1334 4109 ι
1363 4056 1590 4129 Εἴρηται
1624 4058 1677 4110 δὲ
1701 4058 1860 4111 πάλιν

245 4150 392 4223 περὶ
430 4147 541 4202 τοῦ
586 4148 746 4223 ἀγίου
782 4147 1109 4213 Βαπτιστοῦ,
1149 4166 1167 4199 ι
1214 4148 1519 4219 Ἥτοίμασα
1558 4148 1749 4217 λύχνον
1784 4147 1860 4219 τῷ

243 4237 501 4312 Χριστῷ
544 4250 668 4303 μου.
712 4252 729 4283 ι
754 4233 885 4299 Καὶ,
910 4251 928 4285 ι
953 4234 1189 4297 Ἐκεῖνος
1210 4231 1279 4306 ἦν
1310 4236 1338 4288 6
1359 4234 1550 4304 λύχνος
1579 4235 1607 4286 6
1638 4232 1861 4303 καιόμε-

1962 3241 2115 3296 nium
2149 3241 2215 3297 de
2249 3242 2455 3298 lumine
2491 3243 2891 3314 perhibendum
2932 3245 3159 3301 missus.
3180 3245 3315 3301 Cum
3348 3254 3531 3302 autem

1961 3332 2022 3385 τὸ
2052 3330 2169 3401 φῶς
2203 3331 2300 3397 ait,
2324 3332 2562 3389 articulo
2590 3333 2799 3398 addito,
2830 3349 2995 3389 uuam
3031 3335 3209 3390 lucem
3242 3350 3365 3391 esse
3388 3337 3534 3392 clare

1962 3423 2224 3490 ostendit,
2266 3421 2419 3493 quod
2474 3437 2607 3479 sane
2652 3438 2841 3479 verum
2900 3431 3006 3480 est.
3049 3423 3266 3480 Etenim
3313 3425 3531 3482 beatum

1962 3512 2286 3584 Baptistam,
2319 3520 2415 3568 aut
2450 3519 2703 3568 sanctum
2727 3512 3053 3584 quemlibet,
3098 3512 3275 3567 lucem
3313 3527 3533 3583 quoque

1962 3603 2161 3657 merito
2194 3601 2379 3657 vocari
2417 3616 2526 3657 non
2570 3600 2786 3657 inﬁcias
2815 3602 3042 3667 ibimus,
3072 3615 3197 3656 cum
3236 3601 3305 3687 de
3332 3601 3468 3672 ipsis
3503 3616 3533 3654 ιι

1963 3693 2250 3750 Salvatore
2298 3699 2496 3749 nostro
2548 3692 2757 3748 dictum
2818 3693 2893 3749 sit
2941 3709 2958 3748 :
3020 3710 3040 3746 ι
3081 3691 3193 3749 Vos
3248 3693 3382 3749 estis
3437 3691 3532 3747 lux

1960 3785 2151 3839 mundi
2191 3782 2257 3838 “.
2297 3801 2317 3836 ι
2352 3781 2418 3837 Et
2437 3781 2730 3839 choanne
2752 3782 3021 3854 Baptista,
3060 3801 3079 3835 ι
3115 3784 3303 3841 Paravi
3350 3784 3533 3841 lucer-
3638 3804 3647 3813 -

1962 3887 2087 3927 nam
2117 3868 2344 3926 Christo
2376 3885 2500 3926 meo
2529 3870 2596 3925 ³⁸.
2621 3889 2641 3923 ι
2679 3869 2834 3936 Item,
2859 3890 2877 3922 ι
2930 3870 3026 3926 Ille
3051 3877 3170 3926 erat
3195 3869 3421 3926 lucerna
3444 3883 3536 3923 ar-

1961 3964 2097 4019 dens
2114 3969 2167 4019 et
2185 3962 2404 4018 lucens:
2425 3976 2523 4017 vos
2554 3967 2735 4016 autem
2755 3960 3007 4016 voluistis
3040 3960 3107 4016 ad
3137 3960 3329 4016 horam
3353 3962 3539 4016 exsul-

1960 4063 2079 4110 tare
2124 4055 2180 4109 in
2208 4054 2330 4109 luce
2372 4052 2494 4123 ejus
2528 4052 2594 4109 ³⁸.
2645 4070 2664 4105 ι
2706 4051 3093 4107 Verumtamen
3136 4053 3389 4122 quamvis
3440 4052 3535 4106 lux

1962 4147 2137 4203 sancti
2191 4154 2245 4201 et
2290 4144 2514 4201 lucerna
2552 4142 2797 4213 Baptista
2835 4126 3125 4203 dicantur,
3167 4155 3283 4194 non
3314 4140 3537 4210 ignora-

1962 4255 2084 4294 mus
2107 4249 2294 4294 tamen
2312 4253 2407 4294 eos
2429 4236 2659 4309 gratiam
2678 4249 2742 4288 ac
2764 4233 2965 4288 donum
2990 4232 3213 4286 luminis
3234 4231 3535 4300 accepisse.

240 4353 344 4399 νος
403 4330 519 4385 καὶ
585 4326 825 4394 φαίνωνο
882 4326 1039 4396 ὑμεῖς
1082 4325 1138 4379 δὲ
1174 4325 1473 4397 ἠθελήσατε
1518 4323 1655 4396 πρὸς
1710 4322 1854 4394 ὥραν

1963 4326 2149 4398 Neque
2170 4328 2318 4382 enim
2348 4327 2442 4381 lux
2474 4324 2699 4396 propria
2726 4329 2813 4378 est
2843 4322 3105 4383 lucernae,
3125 4335 3303 4390 neque
3326 4320 3538 4375 sanctis

241 4417 728 4496 ἀγαλλιασθῆναι
786 4419 846 4471 ὲν
880 4417 957 4487 τῷ
1012 4419 1151 4485 φωτὶ
1208 4416 1394 4473 αὑτοῦ.
1430 4435 1449 4469 ι
1494 4415 1638 4470 Ἀλλ’
1686 4416 1735 4468 εί
1767 4416 1854 4468 καὶ

1963 4414 2317 4477 illuminatio,
2355 4413 2451 4469 sed
2482 4411 2736 4467 veritatis
2788 4411 3193 4466 illuminatione
3242 4408 3535 4478 splenden-

239 4495 373 4589 ιρῶς
411 4514 471 4567 οἱ
514 4510 690 4578 ἅγιοι,
721 4507 813 4561 καὶ
828 4507 1018 4577 λύχνος
1042 4510 1070 4560 6
1092 4507 1418 4579 Βαπτιστὴς,
1447 4508 1545 4577 τὴν
1569 4508 1655 4560 ἐπ’
1678 4507 1854 4570 αὐτοῖς

1967 4515 2069 4570 tes,
2102 4516 2155 4562 et
2199 4506 2484 4577 conspicui
2534 4505 2662 4560 facti
2705 4511 2854 4569 sunt,
2885 4510 2939 4559 et
2974 4501 3271 4557 luminaria
3319 4510 3450 4557 sunt
3482 4503 3534 4557 in

237 4613 351 4665 οὐκ
386 4603 762 4675 ἀγνοήσομεν
797 4598 976 4670 χάριν,
1009 4599 1102 4651 καὶ
1130 4598 1226 4667 τήν
1249 4599 1355 4651 ἀπὸ
1381 4597 1475 4651 τοῦ
1501 4598 1675 4667 φωτὸς
1699 4614 1854 4670 χορη.

1967 4597 2169 4652 mundo
2189 4600 2312 4652 vitae
2334 4612 2642 4653 sermonem
2670 4597 2993 4652 retinentes.
3019 4592 3142 4649 Vita
3170 4600 3354 4648 autem
3378 4593 3539 4664 cujus

235 4703 399 4773 γίαν.
434 4695 595 4752 Οὔτε
631 4693 740 4765 γὰρ
769 4693 898 4745 ἴδιον
928 4691 986 4744 ὲν
1024 4689 1100 4760 τῷ
1142 4690 1318 4761 λύχνῳ
1350 4689 1412 4743 τὸ
1436 4690 1569 4758 φῶς,
1598 4689 1719 4743 οὔτε
1755 4691 1862 4762 μὴν

235 4797 299 4847 ὲν
367 4791 502 4851 τοῖς
570 4783 750 4852 ἁγίοις
804 4782 834 4835 6
880 4780 1178 4852 φωτισμὸς,
1212 4778 1347 4832 ἀλλά
1379 4782 1445 4852 τῇ
1482 4780 1581 4852 τῆς
1604 4779 1862 4851 ἀληθείας

235 4877 543 4951 ἐλλάμψει
603 4872 840 4943 φαιδροὶ,
900 4871 995 4924 καὶ
1026 4869 1308 4940 διαφανεῖς
1349 4870 1737 4935 ἀνεδείκνυντο,
1768 4872 1854 4925 καὶ

1967 4873 2065 4938 ait,
2102 4891 2121 4924 ι
2153 4871 2266 4943 Ego
2302 4888 2421 4926 sum
2470 4873 2580 4927 vita
2624 4871 2710 4923 "‘i
2758 4890 2777 4923 ι
2821 4870 2992 4942 Igitur
3046 4886 3154 4925 una
3192 4870 3413 4942 quidem
3453 4878 3539 4927 est

236 4967 571 5045 φωπῆρές
610 4965 746 5016 εἰσιν
770 4964 828 5015 ὲν
862 4962 1053 5033 κόσμῳ
1071 4960 1231 5030 λόγον
1258 4961 1403 5031 ζωῆς
1433 4960 1854 5032 ἐπέχοντες.Καῖ

1968 4981 2160 5036 reapse
2219 4982 2350 5021 vera
2416 4966 2531 5030 lux,
2602 4966 2937 5029 illuminans,
3005 4980 3115 5020 non
3174 4965 3534 5019 illuminata:

235 5066 329 5126 τίς
367 5064 405 5132 ἡ
440 5056 597 5126 ζωὴ,
631 5048 700 5126 ἧς
730 5052 819 5106 τὸν
847 5052 1004 5122 λόγον
1032 5052 1318 5122 ἐπέχοντες
1340 5048 1701 5121 ἐχρημάτιζον
1722 5051 1854 5119 φῶς,

1970 5054 2132 5110 unius
2162 5063 2342 5110 autem
2373 5055 2789 5125 participatione
2806 5052 3072 5125 quidquid
3100 5054 3194 5109 lux
3211 5053 3534 5120 dicitur,lux

234 5160 270 5229 ἣ
300 5156 553 5213 πάντως
586 5145 752 5208 αὐτὸς
776 5146 805 5197 ὁ
829 5145 1157 5218 Μονογενὴς,
1188 5145 1215 5197 6
1248 5143 1439 5213 λέγων·
1481 5163 1497 5194 ι
1522 5141 1663 5211 Ἐγὼ
1691 5144 1803 5213 είμι
1828 5144 1854 5214 ἡ

1976 5161 2071 5215 per
2103 5146 2459 5201 imitationem
2490 5147 2638 5204 illius
2676 5164 2802 5204 esse
2833 5147 3170 5202 censebitur.

236 5249 359 5317 ζωή
397 5262 411 5310 ς
465 5260 488 5294 ι
527 5235 772 5299 Οὐκοῦν,
806 5235 863 5288 ἓν
892 5239 985 5309 μὲν
1011 5237 1177 5300 ὅντως
1198 5236 1313 5290 ἐστὶ
1341 5237 1400 5288 τὸ
1435 5235 1576 5289 κατὰ
1602 5234 1857 5306 ἀλήθειαν
1895 5238 2031 5306 φῶς,
2053 5238 2304 5308 φωτίζον,
2328 5239 2387 5292 ού
2413 5241 2796 5312 φωτιζόμενοψ
2834 5242 2899 5312 τῇ
2938 5239 2993 5293 δὲ
3022 5236 3117 5291 τοῦ
3156 5237 3271 5301 ἑνὸς
3310 5234 3557 5305 μεττικῆι’

239 5349 356 5402 πᾶν
422 5336 541 5393 εἴτι
602 5330 832 5399 λέγεται
864 5330 995 5399 φῶς,
1049 5329 1187 5385 κατὰ
1215 5330 1447 5401 μίμησιν
1478 5328 1577 5401 τὴν
1613 5328 1689 5392 ὡς
1719 5329 1855 5400 πρὸς
1893 5332 2067 5385 ἐκεῖνο
2093 5331 2432 5403 νοηθήσεται.

1967 4690 2023 4743 in
2078 4705 2136 4745 se
2168 4689 2428 4744 dicuntur
2487 4688 2689 4744 habere
2746 4703 3080 4752 sermonem,
3129 4702 3381 4757 quaenam
3432 4687 3538 4741 alia

1966 4797 2091 4838 esse
2123 4790 2326 4852 potest,
2353 4794 2514 4852 quam
2541 4779 2869 4850 Uuigenitus
2899 4788 3048 4835 certe
3082 4780 3221 4851 ipse,
3255 4780 3348 4850 qui
3382 4778 3451 4834 de
3478 4794 3539 4834 se

318 5505 366 5539 ³⁸
409 5501 623 5560 Matth.
656 5513 715 5565 γ,
752 5496 835 5553 Η.
916 5496 963 5528 ³⁵
1000 5495 1337 5554 Psal.-cxxxt
1366 5536 1381 5563 ,
1419 5497 1505 5553 I7.
1586 5495 1646 5529 ”
1684 5493 1850 5551 Joan.

1966 5496 2055 5549 53.
2135 5497 2176 5527 ³⁷
2224 5495 2386 5549 Joan.
2419 5510 2529 5559 xw,
2558 5494 2609 5546 6.
