4092 6274
619 387 712 447 lH
1649 388 1707 444 S.
1744 388 2023 444 CYRILH
2065 391 2531 450 ALEXANDRINI
2573 394 2867 452 ARCIIIEP
3764 399 3871 454 ΗΞ

1238 501 1390 556 car.
1437 491 1573 554 \‘lll.
2219 515 2264 568 Α

2219 515 2264 568 Α
2893 511 3140 566 ΚΕΦΔΛ.
3177 513 3258 567 H’.

616 615 772 694 Quod
818 613 961 668 solus
1012 612 1120 694 Dei
1155 613 1327 694 ilius
1375 613 1445 666 sit
1471 629 1606 694 .vera
1658 616 1772 679 lux,
1797 625 2040 668 creatura
2079 632 2186 670 non

2293 613 2420 694 “ori
2435 621 2622 694 χιόνος
2649 624 2684 694 ό
2720 622 2852 686 Υἱὸς
2880 623 2988 694 τοῦ
3016 625 3162 678 Θεοῦ
3192 624 3317 694 φῶς
3342 623 3511 694 ἐστιν
3548 624 3864 692 ἀληθινὸν,

755 687 899 748 item,
934 700 1049 738 cum
1075 685 1142 740 sit
1173 684 1306 739 lucis
1343 684 1622 753 particeps,
1652 693 1826 753 utpole
1849 695 2046 738 creata.
2359 707 2371 742 τ

2365 807 2371 827 ι

2359 689 2398 756 ἠ
2435 684 2519 742 ’δὲ
2542 684 2760 830 ⁷Ξιτίσις
2813 684 3033 759 οὐκέτι,
3077 684 3270 763 φωιῖὸς
3297 684 3754 764 ρῦιναμέτοχός,
3784 684 3868 762 ὡς

2357 775 2538 827 τενητ
2587 801 2601 814 .

684 857 722 925 1,
756 857 809 914 9.
845 856 978 912 Erat
1005 847 1096 912 (ua:
1128 875 1266 914 vera.

2356 865 2468 924 Ἦν
2488 871 2554 924 τὸ
2584 871 2710 942 φῶς
2742 873 2808 927 τὸ
2839 874 3151 941 ἀληθινόν.

682 949 914 1006 Divinus
959 952 1295 1022 evangelista
1336 950 1424 1006 hic
1464 949 1672 1005 utiliter
1726 955 1988 1005 retractat
2037 951 2184 1020 quod

2370 961 2826 1034 Ἐπεξεργάζεται
2886 967 3050 1021 πάλιν
3095 967 3378 1038 χρησίμως
3405 967 3468 1020 rb
3515 967 3803 1040 εἰρημένον
3833 968 3865 1020 ὁ
3933 999 3940 1013 ι

614 1047 778 1094 antea
828 1039 1040 1094 dictum
1091 1048 1196 1096 est.
1230 1042 1390 1096 Clare
1425 1039 1716 1112 distinguit
1747 1055 1933 1096 veram
1977 1041 2180 1106 lucem,

2286 1051 2569 1118 Θεσπέσιος
2599 1057 3010 1129 εὑαγγελιστής.
3037 1059 3392 1130 Ἀποδιορίζει
3422 1060 3608 1130 σαφῶς
3628 1039 3698 1113 rb
3721 1062 3865 1114 κατὰ

613 1131 716 1185 hoc
748 1140 834 1186 est
873 1129 1251 1202 Unigenitum,
1289 1131 1359 1186 ab
1409 1132 1477 1187 iis
1504 1147 1624 1204 qua:
1653 1147 1761 1186 non
1821 1139 1952 1188 sunt
1990 1133 2182 1188 istius-

2285 1144 2537 1216 ἀλήθειαν
2554 1148 2688 1216 φῶς,
2721 1150 2862 1203 τοῦτ’
2897 1151 3030 1216 ἐστι,
3051 1151 3140 1205 τὸν
3164 1153 3440 1222 Μονογενῆ
3464 1151 3570 1205 τῶν
3596 1152 3670 1222 μὴ
3689 1151 3865 1216 οὓτως

609 1224 778 1289 modi,
805 1225 1066 1280 nimirum
1107 1224 1398 1280 creaturis.
1422 1224 1718 1295 Distinguit
1746 1233 1930 1293 aperte
1958 1225 2009 1280 id
2036 1225 2179 1295 quod

2285 1237 2537 1307 ἐχόντων,
2569 1238 2712 1293 τοῦτ’
2727 1241 2864 1304 ἔστι,
2890 1241 2998 1294 τῶν
3014 1243 3256 1313 γενητῶν
3275 1260 3288 1274 ο
3311 1242 3684 1313 ἀποδιίστησιν
3698 1245 3860 1313 ἐναρ-

607 1323 693 1369 est
730 1324 929 1369 natura
981 1316 1048 1371 ab
1079 1331 1145 1371 eo
1195 1315 1340 1386 quod
1378 1331 1473 1386 per
1520 1316 1754 1386 gratiam
1791 1316 1974 1384 :quod
2011 1317 2183 1384 parti-

2283 1329 2395 1398 γῶς
2413 1331 2472 1383 rb
2488 1330 2763 1400 φύσειτῶν
2777 1334 2916 1386 κατὰ
2934 1334 3112 1405 χάριν,
3132 1335 3241 1387 τῶν
3259 1337 3314 1388 ἐν
3331 1335 3542 1405 μεθέξει
3559 1334 3620 1387 rb
3638 1334 3863 1405 μετεχόη

606 1405 821 1476 cipatur
849 1406 958 1477 65
992 1407 1060 1462 ab
1105 1421 1170 1460 eo
1203 1407 1353 1478 quod
1383 1406 1679 1477 participat
1710 1425 1722 1460 :
1754 1405 1901 1475 quod
1937 1407 2182 1476 seipsum

2287 1442 2466 1494 μενον,
2494 1424 2601 1478 τῶν
2635 1428 2691 1479 ἐν
2713 1429 2945 1499 χορηγίᾳ
2994 1429 3055 1482 rb
3082 1431 3193 1493 τοῖς
3222 1429 3496 1499 δεομένοις
3515 1428 3675 1482 ἑαυτὸ
3691 1445 3860 1500 χορη-

607 1498 983 1569 indigentibus
1060 1499 1332 1569 largitur,
1401 1498 1472 1552 ah
1539 1498 1608 1554 iis
1695 1498 1896 1568 quibus
1960 1498 2181 1568 largitio

2283 1515 2433 1584 γοῦν.
2449 1516 2557 1569 Καὶ
2574 1519 2621 1569 εί
2639 1517 2751 1585 φῶς
2776 1498 3226 1590 ὲστιννάληθινδνό
3241 1498 3389 1584 Υἰδς,
3415 1519 3568 1574 οὐδὲν
3588 1498 3701 1591 ἄρα.
3717 1498 3861 1591 παρ’

607 1589 688 1644 tit.
743 1588 900 1655 Quod
953 1589 1000 1645 si
1062 1590 1158 1643 lux
1231 1605 1362 1644 vera
1417 1595 1502 1644 est
1553 1587 1783 1655 Filius,
1827 1589 1980 1643 nulla
2051 1603 2181 1660 ergo

2283 1608 2444 1666 αὑτὸν
2470 1610 2591 1662 κατ’
2618 1609 2874 1680 ἀλήθειαν
2907 1587 3042 1679 φῶς,
3084 1612 3203 1665 οὐδὲ
3245 1611 3454 1666 οἴκοθεν
3485 1612 3598 1682 ἔχει
3627 1587 3862 1682 δυνάμει

605 1691 803 1750 prater
847 1680 1030 1751 ipsum
1083 1688 1168 1735 est
1210 1694 1338 1735 vera
1405 1681 1497 1734 lux
1554 1697 1567 1734 :
1617 1696 1800 1750 neque
1856 1680 2062 1734 habent
2113 1694 2180 1735 ex

2284 1700 2346 1753 rb
2401 1696 2539 1755 εἶναι
2593 1703 2684 1755 κα)⁸
2709 1703 2986 1760 καλεῖσθαι
3032 1703 3174 1774 φῶς·
3217 1705 3330 1757 ἀλλ’
3360 1705 3481 1757 οὑδὲ
3516 1705 3732 1773 φύσεως
3762 1704 3860 1772 τῆς

606 1789 665 1828 se
702 1780 972 1827 creaturae
1001 1781 1059 1826 ut
1088 1771 1299 1841 possint
1330 1786 1454 1826 esse
1479 1779 1531 1826 et
1570 1772 1760 1825 vocari
1790 1772 1904 1835 lux,
1941 1771 2035 1825 sed
2079 1785 2180 1826 nec

2243 1863 2248 1866 ἱ
2285 1792 2418 1856 ἰδίας
2434 1793 2657 1846 ἐκδώσει
2675 1794 2885 1863 καρπὸν
2899 1793 2965 1846 τὰ
2985 1771 3184 1864 γενητὰ
3202 1794 3291 1848 τὸν
3303 1795 3462 1866 δηλού
3471 1771 3650 1865 μενον,
3673 1771 3859 1865 ὥσπερ

608 1879 675 1918 ex
703 1877 802 1918 sua
835 1871 1034 1916 natura
1064 1860 1303 1916 fructum
1337 1861 1560 1917 luminis
1596 1876 1834 1933 unquam
1862 1862 2134 1918 ediderint
2164 1882 2176 1919 :
2212 1859 2224 1914 l

2241 1862 2254 1913 ι
2281 1884 2339 1938 δὲ
2367 1883 2426 1948 ἐξ
2460 1885 2559 1937 οὐκ
2591 1884 2759 1938 ὄντων
2784 1885 2952 1945 ἐστὶν,
2984 1884 3152 1948 οὕτως
3185 1887 3248 1939 ὲκ
3292 1885 3384 1938 τοῦ
3417 1886 3493 1956 μὴ
3535 1879 3674 1938 εἶναι
3719 1883 3857 1952 φῶς,

605 1954 707 2010 sed
751 1954 1216 2024 quemadmodum
1270 1961 1401 2009 sunt
1439 1968 1505 2008 ex
1544 1953 1740 2020 nihilo,
1771 1955 1853 2010 sic
1905 1969 2029 2010 cum
2068 1969 2180 2010 non

2282 1974 2374 2027 ἐπὶ
2401 1973 2462 2028 rb
2486 1970 2624 2028 εἶναι
2643 1974 2757 2044 φῶς
2780 1975 3129 2046 ἀναϐήσεται,
3147 1974 3241 2028 τοῦ
3274 1976 3453 2044 φωτὸς
3481 1975 3575 2028 τοῦ
3604 1974 3857 2044 ἀληθινοῦ

611 2047 724 2102 sint
753 2047 866 2113 lux,
889 2062 1014 2103 esse
1049 2047 1324 2119 incipiunt
1357 2054 1584 2116 accepto
1613 2046 1729 2102 veri
1763 2047 2056 2118 splendore
2095 2049 2180 2102 lu-

2282 2064 2550 2135 δεξάμενα
2578 2064 2674 2135 τὴν
2699 2065 2892 2135 αὐγὴν,
2921 2066 3013 2118 καὶ⁵
3043 2067 3107 2136 τῇ
3135 2064 3344 2134 μεθέξει
3379 2065 3479 2134 τῆς
3508 2064 3662 2127 θείας
3692 2081 3859 2121 κατα-

609 2138 796 2203 minis,
846 2147 902 2194 et
953 2139 1372 2210 participatione
1425 2137 1625 2194 divinae
1693 2148 1905 2194 natura:
1947 2139 2014 2194 ad
2061 2139 2180 2210 ejus

2281 2153 2713 2226 λαμπρυνόμενα
2779 2153 3011 2224 φύσεως,
3060 2154 3196 2226 πρὸς
3235 2155 3333 2224 τὴν
3365 2153 3576 2223 ὲκείνηι,
3600 2153 3856 2224 μίμησιν,

607 2229 971 2286 imitationem
1013 2231 1308 2295 illustrata,
1345 2230 1622 2302 simulque
1675 2231 1766 2286 lux
1822 2232 2080 2287 dicuntur
2126 2241 2180 2289 et

2282 2263 2386 2316 χρη
2397 2247 2578 2316 ματιεῖ
2599 2262 2657 2297 τε
2681 2244 2814 2315 ἅμα,
2834 2245 2927 2298 καὶ
2947 2243 3097 2297 ἔσται
3137 2243 3271 2314 φῶς.
3290 2243 3404 2297 Καὶ
3429 2245 3458 2296 ό
3493 2242 3592 2314 μὲν
3608 2241 3702 2295 τοῦ
3722 2240 3858 2295 Θεοῦ

597 2331 755 2377 sunt.
775 2321 854 2376 ‘Et
895 2321 991 2378 Dei
1043 2323 1264 2394 quidem
1295 2321 1537 2378 Verbum
1591 2323 2030 2380 subSIantialiter
2085 2324 2178 2380 lux

2281 2337 2451 2405 Λόγος
2481 2337 2754 2400 οὐσιωδῶς
2783 2337 2900 2389 ἐστι
2924 2335 3057 2405 φῶς,
3087 2334 3148 2388 οὐ
3179 2333 3393 2406 μεθέξει
3428 2337 3495 2406 τῇ
3529 2333 3671 2388 κατά
3699 2333 3859 2404 χάριν

603 2420 710 2480 est,
740 2428 850 2469 non
876 2413 1429 2486 participationeper
1457 2414 1718 2486 gratiam,
1750 2431 1931 2485 neque
1970 2415 2180 2471 adven-

2280 2427 2437 2482 τοῦτο
2459 2427 2741 2498 ὑπάρχων,
2789 2427 2909 2480 οὑδὲ
2944 2425 3291 2497 σιῑμϐεϐηκὸς
3321 2425 3459 2497 ἔχων
3490 2427 3550 2479 ὲν
3590 2423 3772 2494 έαυτῷ
3798 2422 3860 2478 r5

607 2505 782 2560 titiam
808 2506 957 2560 illam
981 2506 1036 2560 in
1066 2520 1124 2562 se
1146 2505 1364 2562 habens
1389 2506 1708 2578 dignitatem
1734 2515 1828 2562 aut
1860 2508 2175 2575 ascititiam,

2281 2521 2519 2592 ἀξίωμα,
2548 2521 2661 2575 ἀλλ’
2681 2519 2803 2574 οὑδὲ
2827 2519 3168 2580 ἐπείσακτον,
3192 2517 3266 2581 ὼς
3282 2517 3462 2588 χάριν,
3494 2514 3629 2569 ἀλλά
3644 2513 3859 2584 φύσεως

606 2604 669 2653 ιιι
707 2598 1087 2670 gratiam,sed
1123 2605 1341 2662 natura:
1388 2597 1746 2653 immutabilis
1789 2597 2029 2654 fructum
2078 2599 2180 2653 im-

2280 2614 2695 2686 ἀπαραποιήτον
2751 2611 2960 2683 καρπὸν
3011 2611 3297 2682 ἄτρεπτον,
3352 2610 3447 2662 καὶ
3501 2605 3859 2662 ἀναλλοίωτον

606 2689 947 2754 mutabilem,
991 2697 1048 2744 et
1084 2689 1478 2745 inconcussum
1535 2687 1740 2743 bonum
1785 2703 1854 2745 ex
1901 2687 2066 2745 Patre
2109 2687 2177 2743 ad

2279 2705 2503 2772 ἀγαθὸν,
2533 2705 2596 2757 ὲκ
2626 2703 2842 2775 Πατρὸς
2882 2702 3067 2772 διῆκον
3110 2703 3191 2765 εἰς
3222 2701 3312 2754 τὸν
3343 2701 3444 2768 τῆς
3475 2699 3663 2762 οὐσίας
3693 2697 3856 2751 αὑτοῦ

608 2780 933 2837 substantia:
989 2779 1171 2836 Patris
1228 2781 1501 2836 haeredem
1559 2781 1864 2852 pertinens.
1913 2779 2179 2836 Creatura

2280 2797 2636 2868 κληρονόμον.
2679 2797 2744 2850 Ἥ
2785 2795 2843 2850 δὲ
2880 2795 3054 2859 κτίσις
3084 2795 3182 2865 οὑχ
3212 2793 3356 2847 οὕτω
3385 2793 3605 2864 φορέσει
3635 2792 3695 2844 rb
3721 2787 3858 2844 εἶναι

604 2886 736 2928 vero
767 2872 1086 2944 neutiquam
1127 2888 1192 2928 eo
1220 2873 1385 2928 modo
1427 2873 1522 2927 lux
1558 2873 1700 2928 erit:
1728 2881 1787 2928 ut
1818 2887 1929 2928 non
1969 2871 2178 2928 habens

2281 2888 2397 2959 φῶς
2423 2905 2437 2918 ο
2469 2888 2544 2951 ὡς
2566 2887 2666 2940 οὑκ
2692 2886 2892 2957 ἔχουσα
2919 2885 3211 2957 λαμϐάνει,
3229 2883 3304 2948 ὼς
3335 2884 3522 2936 σκοτία
3543 2881 3855 2952 φωτίζεται,

601 2965 827 3035 accipit,
874 2964 1222 3020 illuminatur
1282 2971 1344 3018 ut
1393 2963 1655 3028 tenebrae,
1723 2963 1953 3018 ascitam
2014 2964 2180 3018 habet

2280 2979 2570 3050 ἐπίκτητον
2597 2979 2708 3049 ἔχει
2735 2977 2834 3050 τὴν
2872 2977 3051 3048 χάριν,
3086 2980 3150 3030 ὲκ
3189 2973 3599 3046 φιλανθρωπίας
3625 2973 3728 3043 τῆς
3762 2971 3855 3026 τοῦ

604 3056 858 3127 gratiam,
923 3070 988 3110 ex
1045 3052 1390 3109 humanitate
1451 3053 1762 3124 largientis,
1830 3053 2174 3125 dignitatem.

2279 3071 2529 3137 διδόντος,
2563 3071 2622 3122 rb
2646 3069 2878 3140 ἀξίωμα.
2915 3069 3122 3122 Οὐκοῦν
3162 3070 3191 3123 ό
3235 3069 3334 3139 μὲν
3361 3067 3476 3137 φῶς
3515 3065 3790 3139 ἀληθινὸν,
3823 3069 3855 3138 ἡ

602 3147 776 3218 Igitur
794 3144 949 3249 illud
1004 3146 1224 3217 quidem
1259 3153 1344 3202 est
1393 3146 1504 3248 lux.
1540 3159 1690 3211 vera,
1731 3145 1846 3202 haec
1891 3161 2023 3202 vero
2066 3163 2176 3202 non
2205 3193 2218 3246 ε

2244 3192 2246 3247 ί
2280 3161 2337 3214 δὲ
2364 3159 2567 3213 οὐκέτι.
2593 3159 2874 3228 Τοσαύτης
2897 3141 3187 3230 τοιγαροῦν
3222 3157 3426 3229 μεταξὺ
3462 3156 3723 3227 κειμένης
3743 3155 3860 3209 δια-

594 3241 753 3294 item.
794 3235 1030 3293 Tantum
1084 3252 1214 3308 ergo
1259 3235 1600 3293 discriminis
1649 3243 1704 3291 et
1738 3237 2010 3292 intervalli
2052 3235 2210 3293 cum

2243 3235 2246 3248 ’
2285 3255 2477 3326 φορᾶς,
2513 3254 2608 3307 καὶ
2640 3251 2784 3306 οὓτω
2835 3251 3047 3323 μακροῦ
3101 3249 3514 3321 διατειχίζοντος
3563 3249 3720 3315 λόγου
3761 3248 3859 3318 τῆς

600 3331 674 3386 sit
702 3330 844 3386 inter
866 3337 1178 3386 creaturam
1207 3343 1271 3384 ac
1304 3327 1398 3384 Dei
1427 3327 1652 3393 Filium,
1678 3335 1949 3400 quantum
1979 3337 2178 3385 natura

2282 3346 2512 3408 κτίσεως
2543 3345 2636 3398 τὸν
2670 3344 2797 3397 Υίὸν
2843 3343 2937 3396 τοῦ
2969 3342 3129 3406 Θεοῦ,
3162 3340 3402 3404 ὄσονέἰς
3431 3341 3738 3411 ταυτότητα
3759 3338 3857 3409 φύ-

599 3423 745 3478 inter
773 3437 834 3478 se
851 3421 1098 3486 .distant,
1123 3421 1250 3492 quis
1291 3437 1407 3477 non
1441 3435 1539 3477 eos
1564 3420 1803 3477 delirare
1833 3421 1961 3492 jure
1991 3422 2184 3478 existi-

2283 3453 2440 3500 σεως,
2501 3435 2621 3498 πῶς
2681 3435 2782 3489 οὑκ
2827 3435 2891 3488 ἀν
2935 3452 3020 3498 τις
3050 3431 3144 3488 καὶ
3169 3433 3314 3505 μάλα
3351 3433 3574 3497 εἰκότως
3597 3431 3853 3488 ὑπολάϐοι

601 3521 734 3578 inet,
753 3528 819 3567 ac
843 3527 1074 3583 prorsus
1102 3512 1369 3579 insanire,
1393 3513 1712 3584 quicunque
1729 3521 1978 3588 creatum
1999 3515 2180 3583 ipsum

2283 3529 2641 3601 παραληρεῖν,
2695 3529 2892 3600 μᾶλλον
2946 3529 3004 3582 δὲ
3040 3529 3219 3599 πάσης
3246 3526 3350 3592 ἔξω
3380 3526 3638 3596 γενέσθαι
3665 3524 3855 3597 φρενὸς

601 3605 902 3669 dicunt,et
936 3605 990 3658 in
1037 3613 1414 3659 creaturarum
1450 3604 1645 3660 ordine
1693 3605 1940 3659 universi
1980 3620 2180 3675 paren-

2282 3619 2490 3690 ἀγαθῆς
2516 3621 2659 3686 τοὺς,
2687 3621 2910 3690 ὅσοιπερ
2927 3619 2991 3673 ἂν
3015 3619 3240 3690 γενητὸν
3264 3616 3402 3672 εἶναι
3422 3618 3653 3687 λέγωσιν
3672 3617 3853 3684 αὑτὸν,

603 3705 713 3751 tem
749 3700 804 3750 et
824 3695 1131 3749 fauctorem
1174 3693 1542 3761 constituunt,
1574 3709 1683 3749 non
1737 3693 2178 3750 animadverten-

2281 3711 2373 3764 καὶ
2394 3713 2504 3775 τοῖς
2528 3712 2918 3783 πεποιημένοις
2941 3711 3305 3765 συντάττωσιν
3321 3710 3412 3765 rbv
3428 3711 3686 3765 ἀπάντων
3708 3727 3858 3780 γενε-
3887 3750 3889 3753 -

603 3797 710 3850 tes,
739 3795 800 3842 ut
823 3801 970 3850 reor,
1000 3801 1112 3856 quo
1142 3793 1538 3856 prorupturum
1572 3786 1645 3842 sit
1667 3786 1962 3856 impietatis
1997 3787 2179 3842 audax

2283 3800 2554 3874 σιουργδν,
2606 3803 2701 3873 οὑχ
2746 3801 2998 3873 ὁρῶντες,
3054 3800 3128 3866 ὥς
3157 3801 3220 3870 γέ
3283 3819 3372 3870 μοι
3407 3801 3676 3870 φαίνεται,
3723 3800 3857 3872 πρὸς

605 3876 740 3931 illud
789 3875 1030 3941 facinus,
1074 3875 1204 3930 dum
1256 3884 1312 3930 et
1357 3875 1490 3946 quid
1537 3875 1744 3940 dicant,
1776 3884 1830 3931 et
1866 3876 1932 3932 de
1975 3877 2177 3946 quibus

2280 3893 2411 3963 ὅσην
2434 3894 2614 3958 αὑτοῖς
2633 3893 2889 3948 ἀσέϐειαν
2915 3893 3354 3948 ἀποκινδυνεύσει
3379 3893 3438 3947 rb
3465 3895 3744 3965 τόλμημα,
3784 3892 3859 3964 μὴ

603 3967 878 4024 aﬂirment
923 3967 1176 4023 nesciunt
1211 3967 1300 4022 3".
1348 3966 1503 4033 Quod
1545 3968 1688 4024 enim
1737 3967 2050 4037 diligentius
2081 3983 2176 4024 ve-

2280 3984 2458 4038 νοοῢσι
2492 3985 2628 4056 μήτε
2651 3984 2686 4038 ἀ.
2713 3984 2955 4053 λέγουσι,
2983 3987 3120 4056 μήτε
3149 3985 3278 4055 περὶ
3301 3984 3462 4039 τίνων
3483 3985 3857 4040 διαϐεϐαιοῦν-

603 4059 824 4114 ritatem
863 4059 1138 4122 dictorum
1191 4067 1506 4114 nostrorum
1553 4057 2007 4126 inquirentibus,
2059 4074 2178 4114 ma-

2279 4091 2391 4130 ται.
2433 4075 2555 4128 Ὅτι
2582 4075 2691 4146 γὰρ
2716 4078 2828 4139 τοῖς
2859 4075 3248 4146 ἀκριϐέστερον
3288 4075 3600 4146 βασανίζειν
3639 4076 3857 4131 εἰωθόσι

589 4149 864 4207 .nil‘estum
903 4149 1149 4205 futurum
1195 4149 1268 4206 sit
1307 4150 1628 4206 nullatenus
1654 4146 2036 4220 Unigenitum,
2073 4149 2180 4206 hoc

2279 4166 2376 4236 τὴν
2402 4166 2459 4219 ὲν
2490 4168 2604 4230 τοῖς
2645 4166 3026 4238 προκειμένοις
3065 4166 3340 4237 ἀλήθειαν,
3393 4167 3687 4238 οὐδαμόθεν
3723 4171 3859 4239 ἡμῖν

600 4250 687 4300 est
734 4243 912 4299 lucem
965 4258 1177 4309 veram,
1237 4250 1480 4299 creatum
1531 4249 1627 4297 aut
1672 4242 1917 4308 factum,
1974 4251 2071 4298 aut
2122 4242 2178 4297 in

2279 4257 2308 4309 ὁ
2326 4257 2660 4326 Μονογενὴς,
2684 4257 2828 4310 τοῦτ’
2857 4256 2992 4322 ἔστι,
3021 4256 3080 4309 rb
3091 4257 3206 4326 φῶς
3229 4257 3292 4309 rb
3321 4256 3590 4329 ἀληθινὸν,
3609 4259 3859 4329 γενητὸς,

601 4332 920 4389 universum
939 4331 1190 4401 ejusdem
1216 4341 1428 4390 naturae
1455 4347 1581 4387 eum
1603 4338 1857 4387 creatura
1885 4329 2174 4395 exsistere,

2280 4347 2313 4418 ἢ
2349 4347 2736 4418 πεποιημένος,
2767 4348 2800 4419 ἢ
2832 4349 2926 4402 καὶ
2952 4349 3087 4411 ὅλως
3105 4350 3170 4419 τῇ
3202 4347 3376 4402 κτίσει
3409 4349 3664 4420 συμφυὴς
3691 4351 3864 4422 ὑπάρ-

599 4424 784 4494 quivis
841 4424 998 4477 nullo
1045 4422 1265 4494 negotio
1299 4423 1486 4478 videre
1519 4423 1761 4494 undique
1809 4423 2037 4493 poterit,
2082 4421 2178 4477 sed

2280 4455 2390 4509 χων
2406 4438 2548 4492 κατὰ
2573 4455 2623 4491 τι
2649 4437 2780 4506 γοῦν
2806 4438 3280 4510 ἀποδειχθήσεται,
3314 4439 3646 4509 πανταχόθεν
3669 4440 3770 4510 μὲν
3795 4421 3862 4494 ἀν

599 4529 668 4570 ex
717 4513 1078 4584 sequentibus
1129 4513 1472 4583 argumentis
1529 4527 1637 4568 non
1686 4513 1894 4578 minus,
1944 4527 2066 4582 quae
2111 4513 2215 4584 ad,

2245 4535 2256 4580 ι
2283 4543 2367 4590 τις
2395 4524 2626 4591 κατίδοι,
2651 4527 2745 4580 καὶ
2777 4527 2921 4597 μάλα
2945 4528 3162 4599 ῥᾳδίως,
3199 4528 3298 4598 οὐχ
3322 4527 3522 4597 ἥκιστα
3544 4528 3600 4581 δὲ
3622 4529 3710 4582 διά
3747 4530 3861 4583 τῶν

601 4604 924 4674 ampliorem
958 4619 1140 4658 rerum
1168 4604 1577 4675 propositarum
1609 4604 2028 4674 explicationem
2062 4605 2176 4660 col-

2281 4617 2476 4689 ἐφεξῆς
2495 4617 2949 4688 ὑποτεταγμένων
2977 4619 3216 4683 ἐννοιῶν,
3237 4617 3326 4672 διὰ
3359 4617 3456 4690 τὴν
3496 4622 3554 4673 ἐν
3584 4622 3695 4684 τοῖς
3726 4637 3863 4694 προ-

599 4695 855 4764 legimus.
1567 4755 1584 4768 .

2282 4711 2553 4782 κειμένοις
2579 4709 2814 4781 θεωρίαν
2850 4709 3300 4781 συνειλεγμένων.

604 4782 852 4877 Rationes
870 4785 1020 4877 ,lsive
1036 4786 1322 4877 ¹ζριιίοηιιῃι
1339 4785 1596 4851 collectio,
1664 4800 1730 4839 ex
1756 4786 1942 4853 quibus
1968 4785 2172 4877 discere

2285 4755 2720 4877 'Et;0ta:_ﬂt0:
2731 4755 3254 4877 ᾳιζέᾼογισμρῐιδί
3276 4791 3365 4854 ὧν
3381 4799 3606 4877 ’ἔξεστι-
3623 4801 3862 4877 μαᾷεῖγ,

675 4855 793 4908 licet
813 4855 998 4934 solum
1029 4853 1233 4939 Filium
1265 4856 1443 4937 ulucem.
1459 4872 1572 4939 esse
1613 4872 1821 4938 rerum,
1871 4867 2173 4910 creaturam

2311 4853 2440 4922 δήὸτι
2487 4853 2675 4938 μόῦος
2703 4871 2748 4939 ,ὁ
2797 4853 2952 4939 ἴως’
2976 4853 3101 4937 φῶς
3138 4853 3335 4939 ἶέστινν
3361 4853 3673 4937 ἀλὴθινύἶθ,

676 4940 780 4977 non
807 4924 955 4990 item,
982 4941 1142 4995 neque
1171 4926 1368 4979 idcirco
1394 4925 1631 4994 eiusdem
1650 4943 1768 4980 cum
1795 4927 1908 4995 ipso
1942 4937 2168 4982 naturai.

2099 4942 2168 4980 ἰε-
2350 4924 2546 5004 κτίσῖς
2575 4924 2790 5004 οὐκέτι,
2822 4924 3026 5006 διόπέρ
3055 4924 3196 4992 οὐδὲ
3230 4924 3502 5008 όμοφυὴξν
3535 4924 3715 5005 αὐτῷ.

677 5014 733 5070 Si
763 5013 932 5070 Filius
964 5017 1097 5086 quia
1145 5015 1405 5086 splendor
1431 5017 1619 5086 gloria:
1647 5015 1740 5071 Dei
1788 5032 1852 5070 ac
1881 5015 2057 5073 Patris
2081 5032 2175 5072 ex-

2350 5031 2414 5083 Εἰ
2461 5030 2800 5102 ἀπαύγασμα
2841 5030 2939 5101 τῆς
2985 5029 3143 5101 δόξης
3186 5029 3279 5084 τοῦ
3335 5029 3470 5096 Θεοῦ
3505 5031 3597 5084 καὶ
3647 5032 3861 5104 Πατρδς

602 5105 770 5174 sistit,
795 5104 1000 5161 idcirco
1024 5121 1152 5160 vera
1175 5105 1266 5160 lux
1288 5113 1392 5171 est,
1423 5121 1531 5160 non
1559 5105 1666 5160 erit
1691 5106 1936 5176 ejusdem
1964 5112 2176 5161 naturae

2282 5123 2541 5194 ὑπάρχων
2567 5125 2596 5176 ό
2625 5122 2774 5188 Υἱὸς,
2807 5121 2922 5192 φῶς
2964 5121 3214 5193 ἀληθινὸν
3241 5122 3329 5176 διά
3353 5121 3512 5175 τοῦτό
3556 5124 3726 5190 ἐστιν,
3759 5125 3862 5178 οὐκ

601 5212 727 5252 cum
760 5204 1036 5261 creatura,
1072 5211 1152 5252 .ne
1181 5204 1436 5252 creatura
1493 5209 1716 5266 quoque
1769 5195 2024 5266 splendor
2055 5211 2176 5253 esse

2281 5214 2431 5269 ἔσται
2460 5218 2524 5286 τῇ
2564 5215 2739 5268 κτίσει
2784 5213 3048 5284 όμοφυὴς,
3080 5214 3167 5267 ἵνα
3209 5213 3285 5285 μὴ
3330 5212 3427 5266 καὶ
3459 5215 3492 5284 ή
3529 5213 3709 5278 κτίσις
3753 5215 3863 5270 άπ-

600 5295 893 5344 censeatur
925 5287 1115 5359 gloria:
1153 5284 1427 5343 acPatris
1451 5325 1466 5353 ,
1497 5287 1552 5342 id
1581 5301 1704 5343 esse
1744 5287 1890 5357 potis
1938 5303 2033 5358 per
2076 5303 2176 5342 na-

2279 5284 2536 5378 αὐγασμά
2580 5307 2766 5376 νοῆται
2816 5306 2914 5376 τῆς
2959 5305 3118 5376 δόξης
3162 5284 3433 5359 τοῦίΘεοῦ
3482 5306 3576 5359 καὶ
3622 5307 3859 5380 Πατρὸς,

600 5391 780 5436 turam
813 5376 962 5450 quod
996 5386 1082 5434 est
1114 5376 1310 5433 Filius.

2278 5376 2475 5466 ἔχουσα
2500 5396 2725 5466 δυνάμει
2745 5391 2971 5449 τὸ-εῐναι
2996 5396 3152 5450 τοῦτο
3177 5395 3318 5451 κατά
3340 5395 3520 5465 φύσιν,
3547 5397 3688 5471 ὅπερ
3714 5376 3862 5452 ἐστὶν

667 5559 778 5630 66
795 5555 1016 5612 ALIUD.
1038 5555 1096 5612 Si
1113 5555 1295 5612 omnis
1308 5565 1561 5610 creatura
1579 5569 1705 5611 vera
1727 5555 1820 5611 lux
1837 5571 1958 5612 esse
1973 5562 2171 5626 potest,
2277 5507 2283 5535 ε

2277 5487 2306 5539 ὁ
2337 5486 2548 5610 ξιιξῗο.
2607 5555 2672 5609 Εἰ
2735 5557 2885 5611 πᾶσα
2939 5557 2972 5628 ἠ
3023 5557 3200 5620 κτίσις
3251 5556 3504 5626 ἀληθινὸν
3560 5551 3705 5612 εἶναι
3758 5559 3866 5611 δύ·-

602 5664 764 5718 quam
800 5648 872 5702 ob
923 5663 1150 5706 causam
1181 5648 1328 5707 istud
1363 5648 1429 5705 de
1465 5647 1580 5706 solo
1604 5644 1745 5704 Filio
1799 5645 2037 5702 dicitur?
2065 5647 2172 5702 Ne-

2277 5666 2432 5704 ναται
2470 5647 2606 5718 φῶς,
2639 5650 2726 5704 διὰ
2746 5652 2902 5705 ποίαν
2921 5651 3097 5706 αἰτίαν
3124 5650 3215 5704 ἐπὶ
3247 5651 3411 5722 μόνον
3437 5649 3675 5705 τέθειται
3705 5651 3869 5707 τοῦτο

661 5803 749 5837 ⁸⁷⁸
790 5802 974 5860 lTim.
1018 5822 1055 5871 ι,
1087 5809 1136 5864 7.
