4092 6274
303 303 408 361 “3

1352 295 1417 350 IN
1451 296 1732 352 JUARNIS
1770 295 2220 354 EVANGELIUM
2266 296 2393 354 LIB.
2424 296 2468 352 I.

3460 286 3567 355 tit

300 417 397 472 τοῦ
438 411 609 480 Υίοῦ;
645 410 798 483 Χρῆν
829 408 936 483 γὰρ
963 407 1134 480 δήπου
1168 407 1310 463 κατά
1342 425 1404 477 γε
1443 409 1533 462 τὸν
1579 409 1681 480 τῆς
1717 404 1897 479 ίσότη-

2020 425 2160 467 :esse
2189 410 2334 467 enim
2365 416 2450 467 est
2478 407 2672 479 aequali
2704 422 2933 478 prorsus
2963 406 3175 463 ratione
3201 407 3269 463 de
3295 415 3565 471 creaturis

304 525 396 572 τος
426 506 608 574 λόγον,
649 503 742 557 καὶ⁵
790 504 900 565 τοῖς
946 498 1332 569 πεποιημένοις
1378 499 1804 570 ἐπιφημίζεσθαι
1827 500 1889 553 τὸ

307 597 565 668 ἀληθινὸν
609 591 750 649 εῖναι
799 591 934 662 φῶς.
972 591 1109 644 Ἀλλ’
1152 591 1327 645 οὐδενὶ
1370 591 1466 661 μὲν
1500 590 1728 662 ἁρμόζει
1779 589 1890 644 τῶν

312 686 576 756 γενητῶν,
590 685 969 754 κατηγορεῖται
998 682 1053 736 δὲ
1079 682 1243 754 μόνης
1264 682 1361 753 τῆς
1389 681 1577 744 οὐσίας
1606 680 1700 734 τοῦ
1728 680 1885 735 Υίοῦ.

314 777 535 848 κυρίως
568 767 699 847 ἄρα’
728 774 821 828 καὶ
876 771 1088 844 άληθῶς
1135 772 1376 826 κείσεται
1423 771 1522 841 μὲν
1566 773 1652 825 ἐπ’
1700 770 1888 836 αὐτοῦ,

312 867 410 921 ἐπὶ
436 867 494 920 δὲ
519 864 626 918 τῶν
648 864 971 945 ’ποιημάτων
994 862 1197 917 οὐκέτι.
1228 862 1353 927 Πῶς
1377 859 1474 916 οῦν
1505 861 1586 916 ἐτι
1612 864 1678 932 τῇ
1714 861 1889 915 κτίσει

316 956 589 1029 συμφυὴς,
621 956 716 1010 καὶ
742 956 863 1025 οὐχὶ
897 954 1093 1025 μᾶλλον
1118 953 1226 1008 τῶν
1269 954 1409 1026 ὑπὲρ
1451 954 1552 1025 τὴν
1592 952 1791 1020 κτίσιν,
1814 950 1891 1015 ὡς

316 1052 456 1123 ὑπὲρ
485 1049 656 1120 αὐτὴν
689 1048 952 1118 ὑπάρχων
985 1045 1123 1116 μετὰ
1155 1045 1404 1116 Πατρός;
1458 1101 1465 1108 ,

383 1146 586 1200 AAAO.
624 1140 689 1195 Et
717 1138 856 1209 φωτὶ
883 1138 962 1209 τῷ
991 1138 1133 1192 κατὰ
1165 1137 1423 1207 ἀλήθειαν
1447 1135 1507 1190 ού
1549 1135 1745 1191 ταυτόν
1773 1136 1891 1189 ἐστι

312 1236 377 1289 τὸ
408 1233 483 1305 μὴ
511 1230 651 1287 κατὰ
675 1227 931 1299 ἀλήθειαν
960 1226 1102 1296 φῶς’
1131 1225 1244 1296 ἔχει
1272 1224 1382 1297 γάρ
1412 1242 1465 1278 τι
1502 1223 1565 1277 τὸ
1597 1225 1829 1294 ἑτεροῖον
1857 1225 1891 1294 ἡ

316 1323 579 1395 ἐκατέρου
622 1319 854 1390 δήλωσις
875 1335 891 1350 ο
919 1316 1035 1386 φῶς
1056 1316 1114 1370 δὲ
1141 1315 1389 1387 ἀληθινὸν
1428 1316 1458 1369 6
1495 1314 1622 1379 Υἱὸς
1654 1313 1895 1369 κατωνό-

321 1430 544 1486 μασται,
575 1410 672 1466 καὶ
708 1408 865 1464 τοῦτό
892 1410 1008 1461 ἐστι
1037 1406 1177 1461 κατὰ
1214 1405 1373 1476 φύσιν
1398 1423 1413 1438 ο
1440 1405 1542 1459 οὑκ
1564 1405 1675 1476 ἄρα
1706 1406 1740 1476 ἡ
1773 1404 1892 1457 κτί-

322 1521 406 1569 σις
442 1501 692 1573 ἀληθινὸν
722 1499 875 1553 ἔσται
910 1496 1042 1567 φῶς.
1079 1495 1288 1552 Οὐκοῦν
1318 1495 1439 1550 οὐδὲ
1482 1494 1733 1566 ἀλλήλοις
1754 1494 1896 1566 ’ὁμο-

322 1593 434 1664 φυῆ
464 1592 533 1645 τὰ
563 1588 736 1652 οὕτως
766 1586 1158 1657 ἐξηλλαγμένα.

395 1681 603 1736 ΔΛΛΟ.
634 1678 700 1733 Εἰ
729 1678 804 1749 μὴ
857 1676 1014 1747 μόνος
1054 1677 1084 1730 6
1125 1675 1437 1746 Μονογενὴς
1461 1675 1524 1730 τδ
1550 1675 1665 1746 φῶς
1698 1676 1813 1729 ἐστι
1838 1671 1899 1726 τὸ

1996 503 2127 567 dici,
2165 516 2261 559 eas
2291 516 2416 557 esse
2441 513 2625 555 veram
2664 498 2870 553 lucem.
2901 496 3065 567 Atqui
3097 497 3232 551 nulli
3258 507 3455 555 creatae
3484 504 3564 558 rei

1993 595 2271 661 convenit,
2307 595 2402 650 sed
2436 593 2505 649 de
2552 592 2668 648 sola
2692 589 2815 646 Filii
2842 590 3152 646 substantia
3183 590 3405 647 dicitur.
3431 592 3568 650 Pro-

1993 689 2112 761 prie
2137 702 2268 759 ergo
2298 701 2364 742 ae
2414 700 2542 741 vere
2577 685 2646 741 de
2687 684 2809 755 ipso
2857 683 3071 740 dicetur
3096 722 3112 749 ,
3163 682 3232 738 de
3292 687 3568 742 creaturis

1992 791 2105 833 non
2143 776 2297 833 item.
2332 775 2620 843 Quomodo
2665 774 2833 845 igitur
2889 770 3138 844 ejusdem
3193 772 3305 828 erit
3355 766 3589 829 naturae‘

1992 884 2118 926 cum
2148 876 2423 936 creatura,
2480 882 2547 923 ac
2578 881 2688 923 non
2713 865 2898 938 potius
2927 874 3238 922 creaturam
3297 879 3406 920 una
3440 879 3570 920 cum

1992 959 2154 1016 Patre
2192 958 2515 1030 superabit?

2062 1137 2291 1195 ALIUD.
2329 1138 2387 1193 Si
2422 1151 2552 1193 vera
2580 1136 2675 1192 lux
2705 1134 2895 1191 eadem
2925 1151 3033 1191 non
3086 1144 3172 1192 est
3236 1144 3404 1206 atque
3471 1135 3566 1191 lux

1993 1243 2103 1284 non
2130 1242 2257 1283 vera
2287 1227 2528 1299 (diversa
2555 1226 2703 1283 enim
2731 1231 2814 1282 est
2835 1225 3242 1296 quodammodo
3274 1225 3571 1296 utriusque

1995 1317 2366 1390 signiﬁcatio),
2393 1318 2487 1373 lux
2515 1323 2697 1373 autem
2712 1331 2844 1373 vera
2877 1323 3228 1386 nuncupatus
3256 1323 3341 1371 est
3371 1314 3597 1389 Filius,“

1995 1420 2050 1467 et
2098 1409 2413 1467 istiusmodi
2464 1416 2548 1464 est
2599 1407 2902 1464 secundum
2962 1416 3214 1462 naturam
3255 1423 3269 1462 :
3312 1414 3570 1463 creatura

1994 1503 2186 1573 utique
2216 1515 2348 1557 vera
2399 1500 2494 1555 lux
2522 1513 2633 1555 non
2664 1499 2792 1555 erit.
2870 1498 3038 1570 Igitur
3090 1513 3268 1569 neque
3322 1498 3568 1570 ejusdem

1997 1601 2208 1650 natura:
2233 1593 2378 1647 inter
2400 1605 2460 1647 se
2487 1606 2552 1646 ea
2584 1605 2707 1661 quae
2757 1597 3039 1659 tantopere
3067 1589 3355 1645 dissident.

2069 1683 2305 1743 ALIUD.
2346 1684 2404 1739 Si
2437 1698 2558 1738 non-
2583 1681 2737 1739 solus
2794 1680 3127 1752 Unigenitus
3154 1696 3285 1736 vera
3341 1680 3435 1737 lux
3461 1686 3569 1747 est,

327 1769 604 1842 ἀληθινὸν,
629 1767 743 1839 ἔχει
769 1766 827 1820 δὲ
855 1766 949 1820 καλ⁸
973 1767 1008 1836 ἡ
1035 1765 1212 1830 κτίσις
1236 1765 1298 1818 τὸ
1320 1761 1460 1819 εἷναι
1487 1765 1602 1834 φῶς
1626 1764 1896 1837 ἀληθινὸν,

2020 1777 2095 1835 ted
2134 1783 2391 1832 creatura
2427 1788 2558 1830 vera
2584 1786 2805 1844 quoque
2847 1772 2944 1827 Iu-x
2972 1786 3095 1827 esse
3127 1778 3308 1841 potest
3357 1789 3373 1827 :
3404 1787 3570 1843 quam

327 1863 419 1919 διὰ
462 1861 621 1915 ποίαν
666 1858 845 1913 αἰτίαν
883 1857 1045 1921 αὐτὸς
1093 1873 1114 1907 ι
1155 1856 1377 1926 φωτίζει
1409 1856 1584 1912 πάντα
1621 1856 1903 1929 ἄνθρωπον

330 1953 626 2024 ἐρχόμενον
656 1949 736 2013 είς
774 1947 866 2001 τὸν
902 1946 1142 2016 κόσμον;
1177 1944 1497 2018 ι”Εχούσης
1538 1944 1646 2017 γὰρ
1695 1942 1904 1999 οἴκοθεν

327 2044 489 2097 τοῦτο
539 2041 633 2095 καὶ
680 2041 778 2110 τῆς
813 2037 1076 2108 γεννητῆς
1145 2037 1354 2100 οὐσίας,
1404 2037 1659 2108 περιττὸν
1700 2031 1770 2106 ἦν
1822 2034 1902 2088 ἔτι

327 2131 663 2207 φωτίζεσθαι
695 2130 764 2183 δι’
794 2127 953 2181 Υίοῦ·
993 2125 1130 2181 ἀλλὰ
1169 2126 1276 2198 μὴν
1306 2126 1530 2196 φωτίζει
1580 2126 1678 2198 μὲν
1718 2124 1900 2190 αὐτὸς,

330 2223 549 2296 μέτοχοι
578 2221 635 2274 δὲ
662 2217 825 2273 αὐτοῦ
861 2217 1058 2280 πάντες
1094 2217 1283 2287 ἡμεῖς·
1320 2216 1422 2270 ούκ
1461 2216 1570 2287 ἄρα
1602 2216 1797 2270 ταυτὸν
1824 2217 1904 2279 είς

326 2314 513 2378 οὐσίας
539 2310 801 2383 ποιότητα
835 2308 983 2374 Υἱὸς,
1029 2306 1125 2362 καὶ
1172 2305 1382 2373 κτίσις·
1411 2304 1601 2380 ὥσπερ
1637 2301 1733 2363 οὖν
1783 2305 1906 2362 οὐδὲ

329 2404 408 2477 τιῖ)
435 2401 714 2476 μετέχοντι
740 2400 803 2453 τδ
835 2394 1221 2470 μετεχόμενον.

398 2576 606 2633 ΔΛΛΟ.
662 2574 726 2629 Εί
787 2571 864 2645 μὴ
918 2570 1063 2643 μόνῳ
1116 2570 1380 2642 πρόσεστι
1432 2566 1577 2624 κατὰ
1626 2566 1790 2639 φύσιν
1831 2566 1909 2640 τῷ

332 2670 449 2741 Υίῷ
475 2669 537 2724 τὸ
565 2667 832 2739 ὑπάρχειν
859 2663 975 2735 φῶς
1007 2662 1278 2735 ἀληθινὸν,
1320 2651 1435 2733 ἔχει
1472 2660 1530 2715 δὲ
1572 2660 1705 2714 αὐτὸ
1747 2659 1841 2714 καὶ
1874 2661 1908 2731 ἡ

330 2762 531 2826 κτίσις,
561 2758 833 2832 περιττὸς,
872 2755 949 2820 ὡς
980 2751 1152 2825 οἴμαι,
1179 2755 1428 2824 φανεῖται
1469 2749 1607 2823 πρός
1642 2766 1794 2822 τινας
1824 2749 1912 2803 λέ-

331 2849 825 2924 γωνόΨαλμῳδόςο
853 2846 1216 2918 ιῐῙροσέλθετε
1244 2843 1382 2915 πρὸς
1410 2840 1592 2907 αὑτὸν,
1628 2841 1724 2896 καὶ
1747 2840 1912 2911 φωτί-

337 2947 555 3019 σθητεοι
580 2944 640 2998 τὸ
666 2942 775 3014 γὰρ
798 2941 935 3003 ὅλως
963 2938 1082 2993 κατ’
1127 2936 1391 3009 ἀλήθειαν
1426 2933 1562 3005 φῶς,
1591 2932 1691 2987 οὐκ
1731 2931 1798 2986 ἂν
1823 2930 1907 3000 γέν

335 3055 485 3094 νοιτο
539 3034 750 3108 μεθέξει
794 3036 863 3105 τῇ
905 3031 1039 3103 πρὸς
1082 3029 1266 3098 ἕτερόν
1308 3045 1431 3082 τινα
1476 3025 1613 3098 φῶς,
1643 3024 1757 3079 ἀλλ’
1794 3024 1913 3079 οὐδὲ

2001 1871 2079 1927 ob
2108 1882 2337 1925 causam
2379 1866 2499 1938 ipse
2553 1883 2572 1918 ι
2613 1863 2891 1918 illuminat
2914 1876 3136 1918 omnem
3166 1862 3442 1917 hominem
3477 1876 3574 1917 ve-

2002 1961 2242 2016 nientem
2276 1957 2334 2013 in
2373 1953 2739 2011 mundum'h
2776 1950 2916 2007 Nam
2965 1952 3012 2008 si
3062 1966 3094 2006 a
3142 1965 3205 2007 se
3249 1948 3309 2005 id
3353 1949 3575 2006 haberet

2002 2065 2221 2125 quoque
2250 2055 2433 2107 creata
2465 2038 2794 2110 substantia,
2854 2040 3191 2113 superﬂuum
3224 2047 3371 2097 esset
3400 2039 3577 2112 ipsam

2004 2139 2300 2198 illuminari
2335 2152 2433 2209 per
2474 2134 2696 2190 Filium.
2733 2134 2803 2187 At
2849 2133 3123 2187 illuminat
3172 2131 3392 2202 quidem
3438 2131 3578 2201 ipse,

2004 2249 2109 2290 nos
2158 2240 2343 2287 autem
2387 2243 2581 2285 omnes
2622 2226 2743 2299 ejus
2790 2224 3093 2296 participes
3143 2239 3335 2280 sumus
3385 2238 3400 2276 :
3458 2239 3572 2279 non

1998 2308 2136 2400 ergo
2172 2324 2318 2382 idem
2344 2331 2477 2380 sunt
2520 2319 2702 2393 quoad
2733 2317 3103 2375 substantiam
3139 2313 3315 2371 Filius
3341 2322 3397 2371 et
3426 2329 3582 2370 crea-

2004 2429 2152 2486 tura,
2179 2417 2348 2476 sicuti
2378 2429 2557 2487 neque
2582 2413 2637 2469 id
2669 2409 2816 2483 quod
2846 2408 3142 2481 participat
3169 2405 3316 2464 idem
3344 2411 3434 2463 est
3454 2418 3577 2464 cum

2006 2528 2072 2570 eo
2102 2510 2248 2579 quod
2281 2507 2665 2580 participatur.

2083 2598 2315 2657 ALIUD.
2368 2595 2426 2653 Si
2467 2610 2581 2651 non
2630 2594 2779 2649 inest
2825 2596 3025 2646 natura
3062 2586 3167 2643 soli
3214 2582 3357 2640 Filio
3401 2590 3463 2639 ut
3511 2582 3585 2638 sit

2010 2708 2139 2751 vera
2166 2692 2286 2755 lux,
2322 2688 2417 2746 sed
2443 2687 2685 2758 idlpsum
2718 2683 2775 2738 in
2821 2686 3135 2738 creaturam
3171 2681 3390 2749 quoque
3415 2675 3583 2740 cadit,

2009 2785 2213 2850 inanis,
2232 2789 2308 2847 ,ut
2328 2794 2474 2844 reor,
2509 2776 2615 2834 erit
2642 2774 2935 2832 Psalmista
2963 2773 3158 2827 dicens
3214 2788 3230 2826 ι
3266 2788 3287 2822 ι
3327 2768 3590 2824 Accedite

2011 2877 2080 2934 ad
2105 2892 2254 2940 eum,
2281 2880 2341 2931 et
2362 2865 2839 2927 illuminamini”.
2873 2883 2892 2917 ι
2929 2861 3086 2931 Quod
3120 2861 3267 2918 enim
3310 2874 3441 2916 vera
3497 2859 3588 2914 lux

2012 2975 2119 3032 est,
2152 2976 2434 3034 nunquam
2461 2973 2599 3016 sane
2626 2955 2855 3012 alterius
2889 2952 3311 3023 participatione
3337 2949 3428 3003 lux
3463 2948 3588 3012 erit,
3664 3011 3669 3015 ι

2012 3072 2192 3130 neque
2216 3055 2444 3111 alterius
2493 3050 2789 3123 splendore
2839 3043 3286 3110 collustrabitur,
3330 3039 3427 3097 sed
3474 3053 3593 3130 per.

337 3128 609 3198 ἐλλάμψει
630 3128 697 3196 τῇ
725 3124 853 3195 παρ’
887 3122 1069 3194 ἐτέρου
1099 3119 1573 3191 φαιδρυνθήσεται,
1600 3115 1810 3170 τελείαν
1852 3115 1909 3170 δὲ

2020 3115 2220 3205 lectum
2246 3162 2315 3201 ex
2344 3158 2405 3201 se
2435 3115 2617 3213 potius
2656 3146 2710 3194 et
2740 3144 2939 3192 natura
2973 3149 3075 3191 sua
3108 3130 3461 3204 splendorem
3487 3127 3591 3182 ha-

340 3218 552 3292 μᾶλλον
579 3215 684 3270 ἀπὺ
710 3215 811 3285 τῆς
841 3213 976 3277 ίδίας
1004 3212 1218 3283 φύσεως
1249 3211 1346 3283 τὴν
1382 3209 1730 3282 καθαρότητα
1756 3224 1922 3279 χορη-

336 3309 668 3382 γηθὴσεται.
699 3305 836 3361 Ἀλλ’
865 3304 1079 3378 ὁρῶμεν
1105 3304 1187 3357 ὅτι
1214 3301 1392 3372 φωτὸς
1422 3301 1641 3372 ἐπιδεὴς
1667 3301 1697 3353 6
1723 3298 1924 3370 ἄνθρω-

334 3400 715 3471 πος,,κτιστῆς
746 3397 1003 3469 ὑπάρχων
1032 3396 1275 3467 φύσεως·
1308 3393 1403 3447 καὶ
1450 3390 1705 3463 ἀληθεύει
1731 3388 1868 3460 βοῶν
1896 3390 1925 3443 6

334 3490 667 3562 Ψαλμοῶς.
694 3489 770 3553 ὡς
806 3489 943 3561 πρὸς
964 3475 1056 3541 τόν
1102 3485 1197 3540 τοῦ
1229 3483 1363 3540 Θεοῦ
1405 3482 1599 3553 Λόγον,
1648 3499 1668 3535 ι
1698 3481 1820 3536 Ὅτι
1859 3481 1925 3534 σὺ

331 3585 566 3656 φωτιεῐς
604 3580 795 3653 λύχνον
836 3596 961 3651 μου,
981 3577 1174 3649 Κύριε·
1215 3578 1245 3631 6
1294 3575 1425 3639 Θεός
1466 3591 1591 3646 μου,
1622 3574 1840 3642 (Fontei;
1864 3572 1926 3625 τὺ

328 3674 541 3738 σκότος
585 3691 709 3745 μου.
746 3692 767 3725 ι
795 3672 911 3726 Οὐκ
943 3671 1050 3741 ἄρα
1084 3668 1201 3737 φῶς
1249 3666 1390 3721 κατὰ
1438 3666 1695 3737 άλὴθειαν
1741 3664 1926 3735 ἡμεῖς,

327 3748 568 3841 μέτοχοι
600 3765 667 3819 δὲ
688 3764 887 3835 μᾶλλον
916 3763 1008 3816 τοῦ
1040 3760 1367 3831 φωτίζοντος
1409 3758 1603 3829 Λόγου,
1638 3758 1733 3813 καὶ
1765 3758 1925 3813 ἀλλό-

320 3878 488 3935 τριοι
515 3856 659 3914 κατὰ
688 3855 849 3927 φύσιν
877 3852 971 3908 τοῦ
996 3852 1172 3923 φωτὸς
1195 3849 1291 3905 τοῦ
1316 3848 1592 3921 ἀληθινοῦ,
1620 3850 1755 3923 ὅπερ
1779 3850 1928 3905 ἐστὶν

320 3955 356 4007 6
395 3951 559 4015 Υἱός.

400 4042 605 4098 ΑΛΛο
653 4039 725 4094 ἐκ
776 4037 884 4093 τοῦ
936 4034 1143 4092 αὑτοῦ.
1183 4033 1248 4089 Ei
1297 4032 1488 4106 λύχνος
1526 4035 1555 4088 ό
1598 4029 1932 4102 ἀνθρώπινος

316 4134 773 4205 κατωνόμασται
815 4129 961 4194 νοῦς,
1004 4127 1145 4183 κατὰ
1182 4127 1242 4180 τὺ
1279 4127 1338 4181 ὲν
1367 4125 1617 4197 Ψαλμοῖς
1650 4123 1931 4195 ᾀδόμενον,

322 4253 348 4288 ‹
382 4232 533 4284 ’Ότι
561 4226 627 4278 σὺ
656 4224 875 4293 φωτιεῖς
897 4222 1088 4291 λύχνον
1112 4236 1235 4286 μου,
1265 4218 1459 4289 Κύριε,
1490 4235 1510 4269 ι
1539 4215 1656 4280 πῶς
1697 4211 1934 4283 ἐσόμεθα

316 4319 497 4378 κατὰ
540 4313 795 4383 ἀλήθειαν
822 4310 969 4380 φῶς;
1016 4309 1373 4367 Ἐπείσακτον
1412 4307 1522 4378 γὰρ
1548 4305 1643 4360 καὶ
1681 4304 1830 4359 δοτὸν
1855 4303 1936 4374 τῷ

312 4414 539 4483 λύχνῳ
568 4405 631 4458 τὸ
664 4401 800 4471 φῶς.
834 4402 944 4456 Καὶ
977 4402 1026 4454 εί
1052 4400 1115 4453 τὸ
1156 4400 1344 4463 σκότος
1367 4398 1429 4452 τὸ
1470 4399 1529 4451 ὲν
1556 4398 1688 4469 ἡμῖν
1712 4393 1937 4466 φωτίζει

2020 3240 2266 3295 biturum
2288 3244 2392 3292 est.
2434 3232 2603 3302 Atqui
2634 3229 2883 3283 videmus
2915 3225 3194 3280 hominem
3246 3221 3387 3276 lucis
3445 3217 3594 3273 indi-

2022 3342 2171 3399 gere,
2211 3339 2336 3379 cum
2373 3329 2583 3377 naturae
2626 3317 2699 3375 sit
2727 3324 2949 3395 creatae.
2998 3313 3064 3368 Et
3096 3326 3288 3368 verum
3324 3319 3409 3367 est
3447 3308 3595 3379 quod

2024 3414 2175 3471 canit
2201 3410 2518 3476 Psalmista,
2546 3416 2812 3479 tanquam
2841 3405 2909 3461 ad
2941 3402 3037 3462 Dei
3060 3401 3301 3461 Verbum
3332 3419 3348 3458 :
3391 3420 3411 3456 ι
3448 3402 3596 3468 Quo-

2026 3504 2173 3559 niam
2202 3508 2258 3556 tu
2285 3500 2565 3556 illuminas
2604 3499 2887 3553 lucernam
2923 3509 3125 3560 meam,
3163 3492 3422 3549 Domine:
3451 3491 3597 3547 Deus

2024 3609 2204 3661 meus,
2236 3592 2487 3648 illumina
2518 3589 2776 3647 tenebras
2808 3602 2959 3643 meas
2980 3586 3045 3642 ⁸³.
3078 3605 3098 3641 ι
3131 3586 3255 3642 Νοη
3312 3599 3443 3657 ergo
3470 3599 3599 3640 vera

2026 3689 2122 3743 lux
2151 3701 2255 3742 nos
2283 3699 2499 3748 sumus,
2532 3682 2628 3739 sed
2660 3678 3027 3737 illuminantis
3061 3676 3229 3735 Verbi
3260 3677 3446 3748 potius
3473 3692 3599 3748 par-

2026 3779 2243 3850 ticipes,
2278 3784 2333 3834 et
2359 3774 2564 3832 diversi
2594 3779 2793 3829 natura
2823 3784 2855 3825 a
2879 3784 3009 3827 vera
3058 3769 3204 3837 luce,
3245 3767 3384 3825 Filio
3432 3769 3599 3823 nimi-

2028 3883 2173 3924 rum.

2101 4041 2319 4100 ALIUD
2342 4057 2406 4098 ex
2434 4041 2636 4098 eodem.
2664 4038 2725 4097 Si
2751 4055 2907 4097 mens
2931 4036 3178 4097 hominis
3214 4036 3439 4093 lucerna
3458 4049 3603 4091 nun-
3644 4040 3647 4045 ‘

2034 4144 2232 4208 cupata
2261 4143 2347 4194 est
2374 4135 2535 4208 juxta
2575 4133 2714 4190 illud
2763 4132 3072 4191 Psalmistae
3103 4147 3118 4187 :
3166 4148 3187 4182 ι
3224 4129 3493 4196 Quoniam
3541 4136 3601 4182 tu

2034 4228 2316 4284 illuminas
2353 4227 2640 4283 lucernam
2677 4238 2877 4289 meam,
2928 4220 3162 4279 Domine
3196 4237 3210 4274 :
3254 4237 3273 4271 ι
3329 4218 3606 4288 quomodo

2035 4336 2168 4376 vera
2195 4319 2290 4375 lux
2343 4316 2591 4373 erimus?
2616 4314 2927 4370 Adventitia
2952 4312 3107 4368 enim
3150 4317 3207 4366 et
3253 4309 3473 4363 aliunde
3506 4323 3607 4362 ac-

2041 4420 2196 4480 cepta
2224 4409 2463 4465 lucernae
2496 4405 2589 4461 lux
2611 4411 2717 4461 est.
2750 4404 2860 4475 67
2893 4402 3054 4469 Quod
3108 4401 3155 4457 si
3196 4400 3453 4455 tenebras
3502 4414 3607 4454 no-

319 4479 521 4572 p.690;
575 4490 605 4543 6
645 4488 975 4557 Μονογενὴς,
1016 4486 1133 4550 πῶς
1179 4487 1299 4556 οὐχὶ
1352 4485 1548 4556 μᾶλλον
1593 4483 1756 4547 αὐτὸς
1796 4482 1917 4537 κατὲ

2041 4479 2188 4557 stras
2239 4500 2513 4556 illuminat
2553 4496 2706 4554 solus
2758 4494 3087 4566 Unigenitus
3114 4531 3131 4559 ,
3177 4489 3455 4561 quomodo
3496 4502 3606 4543 non

313 4569 619 4657 ἀλήθειαν
643 4575 778 4648 φῶς,
813 4576 973 4647 ἡμεῖς
1013 4574 1069 4627 δὲ
1100 4573 1320 4640 ούκέτι;
1353 4574 1417 4626 Et
1446 4572 1504 4626 δὲ
1535 4569 1936 4657 τοῦτοῗάληθὲς,

313 4656 460 4739 πῶς
505 4670 583 4725 ἂν
617 4667 703 4739 εἴη
734 4664 923 4719 λοιπὸν
956 4660 1202 4735 όμοφυὴς
1231 4662 1296 4731 τῇ
1343 4657 1537 4728 κτίσει,
1564 4656 1815 4712 τοσοῦτον
1842 4657 1940 4711 αύ-

313 4772 435 4842 τῆς
475 4758 892 4832 ὑπερκείμενος
915 4772 930 4823 ;

281 4890 303 4927 ει
394 4875 637 4934 AAAO.
676 4872 743 4925 Ei
776 4869 1063 4940 προσεῖναι
1103 4862 1323 4918 δύναται
1367 4864 1434 4934 τῇ
1481 4863 1655 4916 κτίσει
1706 4862 1770 4917 τὸ
1804 4857 1941 4915 εἶναι

313 4972 453 5042 φῶς
493 4961 784 5033 ἀληθινὸν,
818 4959 1005 5029 ὥσπερ
1037 4951 1129 5010 οὖν
1156 4953 1348 5025 ἀμέλει
1381 4951 1475 5008 καὶ
1502 4952 1579 5023 τῷ
1615 4950 1752 5021 Υίῷ,
1785 4950 1940 5004 ἔσται

311 5037 608 5131 ἑηλονότι
638 5048 751 5117 φῶς
788 5045 1036 5117 ἀληθινὸν
1080 5045 1110 5097 6
1158 5042 1463 5114 ἄνθρωπος,
1495 5040 1656 5110 μέρος
1685 5037 1941 5110 ὑπάρχων

312 5129 549 5219 αὑτῆς.
591 5139 749 5193 Τίσιν
782 5135 873 5192 οὖν
906 5140 1012 5209 ἄρα
1060 5134 1150 5190 διὰ
1196 5133 1307 5187 τῶν
1364 5131 1533 5200 ἁγίων
1585 5129 1874 5201 προφητῶν
1913 5132 1942 5184 ὁ

309 5234 473 5308 Θεὸς
528 5232 645 5292 καὶ
691 5230 879 5301 Πατὴρ
928 5226 1311 5299 ἐπηγγέλλετο,
1359 5224 1532 5293 λέγων
1560 5238 1574 5253 ·
1613 5241 1634 5274 ι
1664 5224 1783 5306 ,Καὶ
1812 5224 1941 5276 ἀνα.

313 5296 493 5399 ἐέάέτ
552 5327 700 5400 ὑμῖν
746 5296 863 5386 eor;
905 5296 1254 5392 φοϐουμένοις
1304 5320 1365 5374 τὺ
1413 5317 1586 5390 ὖνομά
1634 5296 1735 5388 ρίου
1758 5316 1942 5387 ,ἥλιος

315 5415 738 5484 δικαιοσύνης.
781 5428 801 5462 ι
834 5407 900 5463 Τί
936 5408 1045 5480 γὰρ
1089 5409 1155 5463 ἂν
1185 5408 1319 5473 ὅλως
1351 5408 1501 5479 ἡλίου
1535 5406 1627 5459 τοῦ
1673 5405 1945 5473 καταυγα-

316 5521 536 5590 (more;
557 5505 632 5565 τὸ
676 5501 800 5559 κατ’
828 5500 1081 5573 ἀλήθειαν
1114 5500 1303 5572 ἐδεήθη
1357 5499 1508 5571 φῶς;
1545 5496 1700 5552 Ἀλλὰ
1733 5497 1837 5568 μὴν
1870 5496 1947 5560 ὡς

402 5696 456 5731 ﬂ
496 5684 668 5751 Psal.
705 5698 912 5749 xxxttt,
938 5673 996 5737 ’6.
1076 5681 1117 5713 ³⁹
1154 5679 1295 5737 I‘sal.
1328 5696 1473 5749 x-vn,
1505 5681 1593 5736 29.

2040 4592 2193 4650 solus
2224 4592 2341 4663 ipse
2377 4606 2510 4646 vera
2541 4588 2637 4643 lux
2688 4586 2816 4654 erit,
2850 4599 2954 4641 nos
2983 4591 3165 4639 autem
3228 4579 3611 4652 nequaquam?

2041 4682 2195 4749 Quod
2215 4683 2260 4738 si
2282 4696 2469 4737 verum
2491 4693 2596 4744 est,
2614 4676 2891 4749 quomodo
2906 4674 3150 4745 ejusdem
3165 4680 3376 4730 natura:
3391 4672 3609 4727 demum

2041 4773 2145 4829 erit
2166 4787 2290 4827 eum
2308 4780 2584 4835 creatura,
2609 4770 2706 4841 qui
2728 4777 2880 4824 tanto
2900 4767 3190 4824 intervallo
3209 4778 3328 4820 eam
3354 4761 3617 4833 superat?

2113 4862 2342 4919 ALIUD.
2391 4862 2447 4918 Si
2476 4870 2727 4917 creatura
2775 4874 2904 4915 vera
2952 4859 3043 4913 lux
3101 4872 3223 4913 esse
3266 4863 3445 4927 potest
3503 4869 3609 4908 non

2047 4969 2212 5010 secus
2248 4967 2312 5008 ac
2345 4951 2516 5009 Filius
2538 4993 2551 5015 ,
2581 4952 2688 5007 erit
2720 4966 2917 5021 nempe
2947 4951 3041 5005 lux
3074 4964 3204 5004 vera
3259 4948 3443 5012 homo,
3489 4960 3614 4999 cum

2048 5041 2119 5096 sit
2157 5055 2284 5111 pars
2314 5040 2479 5095 illius.
2517 5037 2857 5106 Quibusnam
2898 5053 3027 5109 ergo
3074 5052 3171 5108 per
3218 5048 3442 5091 sanctos
3493 5049 3617 5103 pm-

2046 5131 2245 5201 phetas
2260 5130 2613 5201 promittebat
2641 5128 2782 5185 Deus
2806 5145 2869 5184 ac
2888 5128 3050 5182 Pater
3068 5127 3259 5182 dicens
3284 5145 3297 5180 :
3325 5145 3343 5178 ι
3382 5124 3448 5177 Et
3473 5123 3618 5176 orie-

2050 5232 2137 5277 tur
2157 5224 2314 5278 vobis
2347 5223 2662 5277 timentibus
2688 5236 2883 5274 nomen
2910 5235 3089 5274 meum
3130 5219 3209 5273 sol
3230 5216 3454 5286 iustitia:
3469 5212 3557 5263 δοῖ
3592 5228 3611 5261 ι

2050 5313 2199 5380 Quid
2230 5314 2398 5380 enim,
2442 5327 2653 5382 quaeso,
2676 5327 2819 5366 vet-aa
2854 5310 2968 5364 luci
2995 5309 3308 5363 illustrante
3336 5304 3448 5357 sole
3480 5314 3617 5366 Opus

2052 5406 2189 5461 fuit?
2219 5406 2382 5476 Atqui
2414 5398 2556 5460 De'us
2583 5418 2647 5458 ac
2676 5400 2838 5456 Pater
2869 5399 3040 5454 solem
3083 5412 3143 5451 se
3185 5396 3437 5448 daturum
3488 5402 3616 5455 pro-

2054 5497 2305 5553 mittebat
2340 5494 2498 5549 nobis
2534 5493 2626 5563 qui
2658 5491 2778 5562 ejus
2815 5488 3231 5559 indigebantus,
3267 5491 3438 5546 eoque
3467 5489 3619 5529 acce-

1672 5678 1713 5713 5°
1752 5678 1983 5734 Maiaclt.
2018 5693 2088 5742 tv,
2120 5677 2173 5727 '2.
