4092 6274
572 330 672 387 115

1595 328 1653 384 S.
1692 325 1961 383 CYRILLI
2002 323 2468 382 ALEXANDRINI
2508 327 2823 383 ARCIIIEP.

3709 327 3814 382 116

568 458 661 520 pto
707 445 1000 501 illuminati
1031 460 1242 501 sumus.
1296 443 1451 500 Alius
1496 445 1662 515 igitur
1715 458 1746 498 a
1799 444 1959 499 nobis
2008 451 2064 498 et
2104 458 2134 497 a

2240 444 2296 496 ὲν
2349 445 2505 516 χρείᾳ
2539 447 2928 518 καθεστηκόσιν
2956 451 2984 502 6
3025 448 3157 511 Θεὸς
3199 448 3293 504 καὶ
3322 447 3510 518 Πατὴρ
3543 446 3817 518 ὲπηγγέλο

568 546 817 594 creatura
860 543 945 593 est
992 533 1171 607 quoad
1217 536 1519 590 naturalem
1561 534 1902 591 identitatem
1935 533 2140 606 Unige-

569 628 739 695 nitus,
770 642 895 683 cum
932 628 1003 683 sit
1048 627 1144 683 lux
1176 644 1326 695 vera,
1371 637 1427 685 et
1475 637 1671 684 natura
1718 644 1819 685 sua
1865 629 2137 684 illuminet

513 738 519 743 ·
566 732 630 772 ea
649 733 769 789 qua:
793 717 931 773 lucis
965 719 1229 790 indigent.

638 893 869 951 ALIUD.
897 895 952 951 Si
982 894 1154 954 Filius
1184 897 1336 954 solus
1380 913 1490 954 non
1518 907 1596 953 est
1627 898 1719 952 lux
1750 912 1900 961 vera,
1930 897 2026 953 sed
2083 896 2136 953 in

570 998 876 1043 creaturam
901 988 1134 1057 idipsum
1163 989 1345 1053 cadit,
1370 991 1425 1043 in
1454 991 1613 1045 nobis
1634 990 1800 1045 etiam
1826 988 1953 1043 erit.
1977 988 2137 1054 Quae-

571 1093 697 1133 nam
731 1093 863 1150 ergo
885 1080 1027 1134 ratio
1066 1089 1285 1137 sanctos
1320 1080 1508 1137 Patres
1536 1081 1750 1136 induxit
1790 1088 1848 1133 ut
1876 1080 1943 1134 ad
1969 1079 2139 1134 Deum

572 1168 878 1224 clamarent
935 1188 949 1226 :
1005 1189 1024 1223 ι
1065 1171 1265 1227 Emitte
1317 1172 1495 1226 lucem
1548 1180 1693 1226 tuam
1764 1180 1819 1226 et
1858 1173 2140 1226 veritatem

572 1258 821 1314 tuam"?
853 1280 872 1313 ι
910 1259 1050 1327 Quid
1102 1278 1231 1318 vero
1266 1263 1522 1319 utilitatis
1567 1263 1671 1318 sibi
1695 1262 1816 1318 fore
1852 1263 2139 1333 putabant,

571 1349 700 1417 dum
732 1366 823 1406 eas
854 1367 1016 1409 voces
1056 1353 1351 1409 identidem
1383 1356 1730 1424 repeterent?
1766 1354 1902 1408 Nam
1948 1354 1998 1409 si
2037 1368 2140 1409 no-

570 1450 692 1495 rant
722 1440 965 1513 indigere
998 1444 1134 1500 lucis
1170 1445 1442 1500 hominem
1470 1483 1486 1508 ,
1537 1452 1591 1501 et
1623 1444 1844 1500 aliunde
1872 1444 1929 1499 id
1969 1444 2020 1500 ei
2047 1458 2140 1498 ac-

569 1531 759 1588 cedere
789 1540 1044 1603 oportere
1079 1551 1092 1588 :
1138 1534 1415 1604 quomodo
1446 1550 1574 1590 vere
1613 1535 1757 1590 dicet
1801 1535 2023 1605 aliquis,
2060 1536 2143 1603 ip-

569 1638 689 1679 sum
718 1638 843 1680 esse
887 1640 1106 1695 quoque
1138 1638 1321 1681 veram
1359 1626 1585 1681 lucem?
1629 1624 1782 1692 Quod
1824 1626 1870 1681 si
1907 1625 2043 1680 nihil
2090 1624 2141 1680 ei

566 1732 706 1787 opus
726 1725 847 1772 erat
873 1717 1217 1771 illuminante
1246 1716 1442 1783 Verbo,
1493 1731 1593 1772 cur
1633 1717 1834 1771 frustra
1877 1716 2146 1772 vocabant

2242 534 2363 587 λετο
2390 534 2580 590 δώσειν
2611 539 2790 603 αὑτὸν,
2822 540 2915 592 καὶ
2944 540 3195 603 λαϐόντες
3224 538 3627 609 πεφωτίσμεθα.
3655 539 3815 591 Ἕτε-

2244 645 2337 700 ρος
2363 630 2472 701 ἇρα
2498 630 2632 701 πρός
2659 648 2717 684 τε
2744 633 2913 703 ἡμᾶς,
2941 633 3035 685 καὶ
3069 631 3167 703 τὴν
3195 631 3393 693 κτίσιν,
3420 632 3545 684 ὅσον
3575 632 3654 692 είς
3682 646 3814 683 ταυ-

2240 719 2439 790 τότητά
2471 723 2723 793 φυσικὴν,
2755 724 2783 776 6
2809 723 3136 793 Μονογενὴς,
3172 722 3287 791 φῶς
3324 723 3582 792 ὑπάρχων
3622 720 3813 792 ἀληθι-

2243 808 2349 873 νὸν,
2380 811 2474 862 καὶ
2505 812 2757 879 φωτίζειν
2785 812 3026 880 πεφρυκὸς
3054 809 3122 885 τά
3153 809 3328 880 φωτὸς
3353 810 3603 880 δεόμενα.

2310 900 2510 953 ΑΛΛΟ.
2545 902 2605 954 Et
2642 902 2715 973 μὴ
2755 902 2913 973 μόνος
2956 904 2984 955 6
3030 902 3149 965 Υίδς
3188 900 3301 970 φῶς
3350 904 3495 955 ἐστιν
3539 900 3812 972 ἀληθινὸν,

2242 989 2354 1061 ἔχει
2377 991 2432 1044 δὲ
2456 993 2587 1047 αὐτὸ
2605 994 2698 1047 καὶ
2722 995 2755 1065 ἡ
2790 994 2982 1057 κτίσις.
3012 994 3162 1048 ἔσται
3193 994 3432 1064 δηλονότι
3458 994 3552 1048 καὶ
3576 998 3633 1047 ὲν
3659 997 3812 1064 ἡμῖν.

2243 1083 2403 1161 Ποῖος
2430 1077 2521 1135 οὖν
2548 1082 2654 1155 ἄρα
2676 1085 2802 1146 τοὺς
2832 1084 3018 1151 ἁγίους
3051 1082 3304 1135 ἀνέπεισε
3332 1082 3489 1151 λόγος
3522 1082 3654 1153 πρὸς
3684 1083 3815 1134 Θεὸν

2242 1173 2498 1245 άναϐοᾷψ
2526 1192 2546 1226 ι
2597 1175 3004 1238 Ἐξαπόστειλον
3036 1175 3099 1228 τὸ
3131 1174 3244 1243 φῶς
3289 1191 3401 1237 σου,
3428 1176 3521 1228 καὶ
3553 1173 3650 1246 τὴν
3680 1175 3814 1245 ἀλή-

2244 1263 2393 1317 θειάν
2423 1281 2514 1317 σου
2537 1280 2551 1329 ;
2575 1284 2591 1315 I
2614 1265 2678 1317 Τί
2708 1265 2765 1317 δὲ
2792 1267 2941 1335 ἡμᾶς
2974 1264 3221 1318 ἐντεῦθεν
3251 1265 3554 1335 ὠφελήσειν
3582 1264 3816 1332 οἰόμενοι

2242 1353 2341 1417 τὰς
2383 1353 2631 1419 τοιαύτας
2676 1355 2935 1419 πολλάκις
2978 1357 3228 1427 ἠφίεσαν,
3278 1356 3396 1409 εἰπέ
3437 1374 3545 1426 μοι,
3595 1357 3814 1424 φωνάςς

2245 1445 2309 1498 Et
2366 1445 2464 1514 μὲν
2497 1445 2605 1516 γάρ
2650 1445 2845 1517 ᾔδεσαν
2887 1449 2945 1500 ὲν
2985 1449 3142 1520 χρείᾳ
3193 1449 3369 1517 φωτὸς
3418 1448 3683 1519 ὑπάρχειν
3729 1445 3821 1501 τὶν

2245 1532 2550 1605 ἄνθρωπον,
2585 1536 2679 1589 καὶ
2718 1536 2817 1605 τῆς
2854 1537 2985 1608 παρ’
3023 1537 3211 1607 ἑτέρου
3256 1536 3572 1608 προσθήκης
3608 1535 3815 1599 ἐπιδεᾶ,

2247 1623 2363 1686 πῶς
2394 1626 2511 1695 ἐρεῖ
2549 1642 2634 1689 τις
2663 1625 2957 1696 ἀληθεύων,
2993 1628 3074 1679 ὅτι
3109 1627 3224 1695 φῶς
3254 1627 3487 1697 ὑπάρχει
3529 1626 3622 1680 καὶ
3656 1625 3816 1688 αὐτὸς

2247 1716 2527 1786 άληθινόν;
2575 1718 2624 1771 εί
2666 1718 2724 1772 δὲ
2766 1717 2865 1771 οὐκ
2911 1718 3078 1771 ἐδεῖτο
3122 1716 3216 1770 τοῦ
3249 1717 3574 1787 φωτίζοντος
3618 1716 3814 1785 Λόγου,

569 1808 749 1878 ipsum
804 1821 834 1860 a
875 1822 982 1877 quo
1033 1807 1166 1860 nihil
1193 1807 1373 1876 juvari
1419 1807 1704 1877 poterant?
1751 1806 1819 1860 At
1868 1807 1975 1861 diei
2023 1823 2135 1862 non

2240 1806 2291 1859 τί
2324 1805 2500 1877 μάτην
2550 1806 2777 1861 ἐκάλουν
2825 1807 2916 1861 τὸν
2961 1807 3113 1862 οὐδὲν
3151 1807 3432 1877 ὠφελῆσαι
3480 1807 3815 1877 δυνάμενον;

571 1904 751 1969 potest
802 1906 1117 1953 sanctorum
1183 1906 1417 1955 mentem
1487 1898 1768 1969 deceptam
1834 1898 2042 1969 fuisse,
2088 1910 2143 1957 et

572 1994 831 2056 praeterea
882 1988 996 2058 ipse
1029 1986 1171 2043 Deus
1220 1996 1274 2043 et
1322 1987 1479 2042 Pater
1521 1989 1839 2059 hominibus
1879 1997 2142 2061 tanquam

572 2079 713 2136 lucis
770 2079 973 2152 indigis
1023 2079 1190 2134 mittit
1246 2078 1465 2136 Filium.
1516 2081 1673 2137 Alius
1729 2079 1900 2152 igitur
1945 2097 2143 2137 secun-

572 2169 700 2224 dum
725 2177 980 2225 naturam
1007 2179 1093 2226 est
1130 2168 1459 2242 Unigenitus
1482 2185 1512 2225 a
1549 2177 1827 2235 creatura,
1863 2178 1923 2224 ut
1959 2170 2051 2241 qui
2075 2185 2141 2226 ea

572 2276 693 2332 qua:
721 2260 864 2317 lucis
902 2262 1147 2334 indigent
1172 2262 1469 2318 illuminat.

636 2351 869 2409 ALIUD.
918 2352 976 2408 Si
1007 2364 1314 2409 creaturam
1366 2353 1508 2409 lucis
1555 2352 1801 2425 indigere
1848 2354 2139 2421 videmus,

568 2461 686 2502 eam
717 2454 897 2504 autem
946 2445 1271 2517 Unigenitus
1300 2447 1607 2515 illuminat,
1642 2464 1753 2505 nou
1790 2448 2030 2522 seipsam
2069 2449 2140 2506 ad

569 2538 745 2594 lucem
784 2537 894 2608 agit
925 2545 1182 2593 creatura
1240 2554 1255 2594 :
1294 2553 1399 2593 n0n
1429 2554 1562 2611 ergo
1588 2548 1672 2596 est
1702 2540 1795 2596 lux
1820 2555 1971 2607 vera,
2031 2540 2141 2597 sic-

572 2630 651 2684 uti
682 2627 878 2684 Filius.

642 2719 871 2776 ALlUD.
902 2720 960 2776 Si
987 2721 1259 2778 naturalis
1300 2731 1355 2779 et
1388 2739 1513 2780 vera
1543 2724 1637 2780 lux
1672 2739 1781 2780 non
1812 2724 2139 2781 obtenebra-

571 2818 683 2875 tur,
715 2824 842 2865 vera
871 2802 1054 2867 autem
1097 2812 1188 2866 lux
1234 2822 1319 2870 est
1375 2812 1724 2885 Unigenitus,
1791 2825 1848 2872 et
1886 2816 2140 2873 similiter

569 2916 697 2957 vera
730 2902 823 2961 lux
860 2911 944 2960 est
985 2913 1258 2972 creatura,
1309 2908 1664 2975 quamobrem
1725 2909 1794 2963 de
1840 2904 1982 2965 Filio
2011 2908 2137 2978 qui-

568 2988 692 3045 dem
732 2988 1015 3062 Scriptura
1038 2993 1209 3050 dicit:
1259 3013 1280 3047 ι
1316 2994 1579 3052 Tenebrae
1607 3013 1726 3053 eam
1755 3013 1864 3053 non
1885 3014 2137 3069 compre-

568 3080 913 3152 benderunt;
949 3102 970 3137 ι
1005 3088 1076 3141 dc
1122 3088 1286 3143 nobis
1310 3097 1493 3143 autem
1527 3088 1729 3144 Paulus
1760 3090 1948 3144 scribit
1979 3108 1993 3145 :
2024 3109 2044 3142 ε
2077 3090 2136 3144 in

571 3172 773 3242 quibus
801 3173 945 3231 Deus
966 3174 1132 3247 hujus
1153 3177 1340 3244 saeculi
1371 3179 1672 3234 excaecavit
1702 3189 1911 3236 mentes
1944 3180 2137 3237 inﬁde—
2165 3154 2207 3213 ο

567 3262 703 3319 lium
726 3264 771 3298 "
797 3280 815 3333 ;
840 3283 861 3319 ι
903 3273 956 3321 et
983 3283 1179 3326 rursus
1199 3267 1452 3325 Salvator
1481 3270 1599 3341 ipse
1630 3289 1644 3326 :
1677 3291 1696 3324 ι
1742 3271 1926 3329 Donec
1959 3273 2138 3328 lucem

569 3353 802 3421 habetis,
838 3356 1118 3413 ambulate
1145 3358 1200 3413 in
1229 3358 1382 3425 luce,,
1415 3367 1473 3415 ut
1497 3375 1608 3416 non
1638 3376 1738 3418 vos
1762 3363 2001 3418 tenebrae
2027 3363 2140 3434 68

567 3446 1037 3516 comprehendant
1079 3448 1169 3504 ’⁸⁸⁸1
1199 3449 1427 3507 Cunctis
1507 3453 1655 3509 enim
1735 3463 1884 3524 patet
1955 3454 2132 3525 quod,

569 3535 677 3590 nisi
710 3536 933 3605 quidam
984 3548 1233 3595 nostrum
1265 3543 1508 3598 tenebris
1540 3544 1772 3600 involuti
1808 3556 2015 3610 essent,
2048 3547 2138 3600 ni-

571 3627 648 3682 hil
682 3628 787 3683 tale
813 3626 1065 3684 Salvator
1113 3630 1364 3687 dixisset.
1428 3633 1716 3699 Quomodo
1764 3652 1894 3707 ergo
1942 3645 2138 3692 natura

572 3717 715 3773 idem
766 3726 896 3775 sunt
957 3720 1286 3792 Unigenitus
1340 3731 1395 3778 et
1445 3733 1721 3788 creatura,
1783 3726 2140 3783 immutabilis

570 3825 696 3865 cum
735 3811 1004 3877 mutabili,
1055 3812 1372 3884 impatibilis
1406 3830 1530 3870 cum
1583 3816 1822 3872 tenebris
1856 3819 2055 3888 obsita,
2085 3828 2140 3875 et

571 3914 693 3969 quae
723 3901 899 3957 lucem
933 3902 1182 3959 amittere
1214 3912 1422 3973 potest,
1456 3906 1750 3961 ascititiam
1775 3910 2031 3966 videlicet
2052 3912 2137 3966 lu-

574 4002 694 4042 cem
727 3990 955 4055 habens,
982 4005 1089 4046 non
1110 4002 1308 4048 natura
1346 3995 1447 4051 sibi
1478 3996 1732 4050 insitam?

643 4248 873 4307 ALIUD.
908 4250 962 4307 Si
1007 4251 1326 4326 Unigenitus
1360 4258 1452 4314 lux
1488 4274 1617 4315 vera
1675 4262 1829 4319 solus
1868 4278 1979 4320 non
2024 4273 2131 4333 est,

568 4341 663 4399 sed
688 4344 849 4399 habet
873 4343 928 4399 id
954 4360 1172 4419 quoque
1199 4356 1450 4406 creatura
1475 4391 1491 4415 ,
1518 4360 1704 4424 utpote
1736 4355 1983 4424 ejusdem
2007 4371 2133 4413 cum

2259 1898 2396 1952 Ἀλλ’
2424 1900 2523 1953 οὑκ
2561 1901 2707 1955 ἐστιν
2741 1902 2933 1964 εἰπεῖν,
2978 1901 3060 1953 ὅτι
3109 1900 3208 1969 τῆς
3251 1898 3506 1968 ἀληθείας
3540 1898 3814 1967 ἀπεσφάλ-

2245 1987 2366 2044 λετο
2389 1991 2497 2045 τῶν
2533 1993 2700 2061 ἁγίων
2749 1995 2777 2046 6
2822 1992 2963 2057 νοῦς,
2998 1992 3093 2046 καὶ
3136 1992 3298 2055 αὐτὸς
3328 1991 3385 2044 δὲ
3431 1990 3591 2044 πάλιν
3626 1993 3655 2045 6
3686 1989 3817 2052 Θεὸς

2246 2080 2341 2133 καὶ
2391 2082 2599 2153 Πατὴρ,
2649 2076 2725 2144 ὡς
2759 2083 2933 2152 φωτὸς
2972 2081 3243 2153 δεομένοις
3292 2081 3501 2150 πέμπει
3550 2079 3641 2133 τὸν
3668 2079 3812 2132 Υίόν.

2248 2169 2473 2241 Ἕτερος
2499 2171 2607 2243 ἄρα
2635 2171 2777 2224 κατά
2806 2171 2984 2240 φύσιν,
3014 2172 3089 2236 ὡς
3113 2172 3247 2241 πρὸς
3271 2172 3371 2243 τὴν
3400 2170 3577 2225 κτίσιν
3596 2173 3624 2224 6
3648 2171 3818 2226 Movo-
3934 2240 3937 2241 ν

2246 2261 2429 2333 γενὴς,
2451 2261 2527 2327 ὡς
2556 2262 2805 2331 φωτίζων
2829 2263 2897 2316 τά
2921 2263 3096 2331 φωτὸς
3123 2263 3373 2333 δεόμενα.

2314 2353 2516 2406 ΔΛΛΟ.
2549 2353 2611 2405 El
2641 2352 2817 2421 φωτὸς
2846 2352 3061 2424 ὁρῶμεν
3090 2353 3189 2425 τὴν
3218 2353 3394 2406 κτίσιν
3416 2351 3623 2415 ἐπιδεᾶ,
3652 2350 3789 2421 φωτί
3800 2380 3818 2391 -

2246 2441 2328 2507 ζει
2356 2441 2413 2497 δὲ
2457 2441 2618 2497 αὑτὸν
2664 2443 2776 2515 [πο.
2817 2441 3009 2515 αὐτὴν]
3059 2445 3087 2497 6
3130 2442 3459 2514 Μονογενὴς,
3489 2444 3587 2513 οὐχ
3620 2441 3816 2512 ἑαυτὴν

2244 2535 2276 2602 ὴ
2310 2532 2487 2596 κτίσις
2519 2533 2641 2602 άγει
2677 2534 2812 2605 πρὸς
2844 2533 2904 2587 τὸ
2942 2533 3089 2604 φῶςο
3126 2533 3319 2588 οὐκοῦν
3342 2534 3461 2587 οὐδὲ
3488 2533 3602 2603 φῶς
3628 2533 3817 2604 ἀληθι-

2244 2624 2332 2678 νὸν
2361 2623 2549 2696 ὥσπερ
2575 2625 2603 2677 6
2632 2620 2778 2689 Υἱός.

2313 2715 2514 2769 ΔΛΛΟ.
2543 2716 2606 2768 Ei
2648 2716 2708 2769 τὸ
2747 2716 2907 2785 φύσει
2950 2716 3043 2770 καὶ
3093 2715 3235 2770 κατὰ
3286 2714 3542 2787 ἀλήθειαν
3591 2716 3704 2785 φῶς
3753 2715 3814 2768 οὐ

2245 2805 2570 2871 σκοτίζεται,
2604 2806 2720 2877 φῶς
2760 2807 2819 2860 δὲ
2854 2807 3102 2876 ἀληθινὸν
3142 2809 3170 2860 6
3198 2806 3526 2876 Μονογενὴς,
3570 2807 3664 2860 καὶ
3701 2805 3815 2875 φῶς

2242 2894 2441 2965 ὁμοίως
2465 2896 2713 2967 ἀληθινὸν
2739 2898 2771 2967 ἡ
2802 2898 2998 2964 κτίσις,
3027 2897 3148 2950 ὅτου
3179 2897 3243 2968 δὴ
3276 2897 3435 2967 χάριν
3466 2898 3557 2949 ἐπὶ
3592 2896 3689 2966 μὲν
3717 2895 3812 2951 τοῦ

2244 2983 2375 3038 Υίοῦ
2401 2985 2612 3055 τίθησιν
2640 2988 2672 3056 ή
2702 2985 2912 3056 Γραφὴ,
2940 2987 3020 3039 τό·
3058 3004 3076 3038 ι
3128 2987 3195 3040 Ἠ
3224 2987 3407 3040 σκοτία
3434 2985 3564 3040 αὐτὸ
3590 2986 3651 3039 οὐ
3684 3003 3813 3040 κατ-

2244 3074 2469 3129 έλαϐεν’
2508 3095 2529 3128 ι
2562 3078 2648 3146 ἐφ’
2674 3080 2804 3148 ἡμῖν
2856 3077 2911 3130 δὲ
2958 3080 2986 3131 6
3038 3078 3263 3142 Παῦλος*
3299 3097 3317 3130 t
3364 3079 3452 3132 Ἐν
3492 3073 3571 3142 οἷς
3613 3082 3641 3133 6
3684 3079 3812 3144 Θεὸς

2240 3164 2334 3220 τοῦ
2377 3166 2570 3230 αίῶνος
2610 3167 2797 3221 τούτου
2844 3167 3120 3237 ἐτύφλωσε
3162 3170 3230 3221 τά
3259 3170 3504 3239 νοήματα
3545 3169 3653 3222 τῶν
3685 3169 3810 3222 ἀπί-

2242 3274 2381 3313 στων
2404 3275 2418 3291 ’
2455 3277 2473 3310 ι
2525 3260 2620 3312 καί⁸
2665 3259 2826 3313 πάλιν
2859 3260 3017 3324 αὐτὸς
3053 3263 3080 3314 6
3125 3261 3316 3330 Σωτήρ
3340 3277 3352 3289 ·
3387 3278 3406 3311 ι
3440 3261 3584 3325 Ἕως
3609 3261 3670 3314 τὸ
3699 3261 3811 3330 φῶς

2239 3346 2413 3418 ἔχετε,
2436 3353 2789 3420 περιπατεῖτε
2815 3353 2871 3404 ὲν
2891 3349 2966 3421 τῷ
2997 3351 3155 3420 φωτὶ,
3179 3350 3264 3404 ἵνα
3295 3350 3369 3421 μὴ
3394 3352 3427 3422 ὴ
3454 3351 3641 3406 σκοτία
3670 3352 3809 3422 ὑμᾶς

2238 3441 2555 3514 καταλάϐῃς
2595 3461 2613 3494 υ
2647 3442 2917 3518 Πρόδηλον
2942 3442 3050 3513 γὰρ
3081 3442 3250 3512 δήπου
3276 3443 3439 3496 πᾶσίν
3465 3445 3633 3507 ἐστιν,
3665 3446 3739 3508 ὡς
3762 3447 3809 3498 εί

2243 3529 2318 3598 μή
2349 3545 2499 3591 τινας
2524 3530 2626 3581 ὑπὸ
2652 3531 2750 3601 τῆς
2780 3531 2995 3594 σκοτίας
3019 3531 3274 3603 ἐνεχώρει
3300 3534 3807 3605 καταλαμβάνεσθαι

2237 3619 2345 3672 τῶν
2379 3620 2500 3674 καθ’
2533 3623 2699 3692 ἡμᾶς,
2727 3622 2876 3676 οὐδὲν
2915 3622 3018 3693 ἔφη
3045 3641 3097 3677 τι
3124 3623 3360 3678 τοιοῦτον
3390 3628 3417 3680 6
3447 3626 3659 3699 Σωτήρ.
3689 3628 3809 3691 Πῶς

2238 3708 2333 3764 οὖν
2365 3711 2447 3764 ἔτι
2475 3713 2666 3765 ταυτὸν
2695 3716 2774 3780 είς
2801 3713 2960 3783 φύσιν
2990 3716 3018 3767 6
3062 3716 3366 3786 Μονογενὴς
3408 3716 3501 3769 καὶ
3526 3719 3568 3787 ,ἡ
3612 3719 3808 3784 κτίσις,

2237 3805 2267 3856 6
2300 3800 2653 3865 ἀναλλοίωτος
2675 3805 2737 3873 τῇ
2758 3802 3131 3877 άλλοιουμὲνῃ,
3162 3807 3351 3858 παθεῖν
3376 3807 3526 3861 οὐδὲν
3553 3808 3659 3861 τῶν
3692 3808 3819 3862 ἀδι-

2238 3896 2476 3950 κούντων
2507 3894 2829 3965 ἀνεχόμενος
2860 3897 2927 3965 τῇ
2969 3895 3320 3969 σκοτιζομένῃ
3371 3898 3464 3951 καὶ
3497 3900 3811 3969 άποκτήσαο

2239 3986 2363 4041 σθαι
2394 3985 2659 4058 δυναμένῃ
2682 3986 2772 4039 τὸν
2797 3987 3108 4059 φωτισμὸν,
3150 3989 3223 4054 ὡς
3262 3990 3318 4042 ὲν
3357 3991 3674 4062 προσθήκης
3714 3992 3808 4062 μὲ-

2239 4096 2322 4151 ρει
2353 4079 2622 4151 προσόντα
2644 4078 2906 4151 δηλονότι,
2941 4080 3032 4134 καὶ
3068 4082 3187 4152 οὐχὶ
3216 4082 3356 4135 κατά
3381 4084 3541 4152 φύσιν
3578 4085 3807 4156 ιρριςω-

2236 4173 2405 4244 μένην
2437 4173 2495 4226 ὲν
2521 4172 2687 4244 αὐτῇς
2734 4194 2740 4199 ’

2302 4264 2504 4317 ΑΛΛΟ.
2536 4262 2601 4317 Εί
2648 4263 2721 4335 μὴ
2767 4262 2923 4333 μόνος
2961 4264 2991 4315 6
3024 4264 3332 4336 Μονογενὴς
3359 4265 3419 4318 τὸ
3459 4266 3575 4335 φῶς
3603 4268 3718 4321 ἐστι
3745 4268 3808 4321 τὸ

2233 4350 2504 4422 ἀληθινὸν,
2544 4350 2656 4421 εχει
2702 4351 2759 4405 δὲ
2816 4351 2909 4405 καὶ
2956 4353 3086 4405 αὐτὸ
3125 4355 3158 4424 ἡ
3197 4354 3390 4421 κτίσις,
3438 4357 3515 4419 ὡς
3560 4359 3807 4428 ὁμοφυὴς

567 4437 687 4539 ipso
716 4443 956 4504 naturae,
1001 4452 1111 4508 quo
1145 4448 1305 4510 pacto
1326 4457 1428 4497 nos
1461 4450 1723 4515 tanquam
1766 4449 1834 4504 ad
1866 4448 2035 4506 Deum
2066 4466 2131 4506 ac

2240 4444 2402 4517 αὐτῷ,
2437 4444 2578 4498 κατά
2609 4443 2728 4498 τίνα
2756 4444 2955 4515 τρόπον
2992 4446 3306 4518 ἀναόοῶμεν
3335 4451 3516 4518 ἡμεῖς,
3563 4451 3638 4515 ὠς
3669 4452 3807 4521 πρὸς

566 4521 782 4580 Patrem
804 4526 1109 4584 clamamus
1143 4547 1157 4583 :
1183 4548 1218 4599 ἰ
1253 4529 1311 4582 In
1342 4529 1550 4587 lumine
1580 4542 1673 4588 tuo
1706 4536 2013 4597 videbimus
2035 4543 2129 4597 Iu-

564 4632 690 4674 men
709 4617 792 4673 “1
830 4637 848 4670 ›
889 4617 945 4672 Si
974 4617 1118 4673 enim
1155 4631 1350 4673 sumus
1383 4620 1475 4675 lux
1522 4638 1671 4690 vera,
1694 4629 1969 4696 quomodo
2004 4631 2132 4684 illu-

564 4708 898 4763 minabimur
942 4707 1000 4762 in
1041 4707 1189 4762 alio?
1238 4707 1336 4764 Sin
1367 4718 1549 4767 autem
1598 4722 1659 4769 ut
1694 4716 1874 4775 alieno
1927 4721 2135 4776 lumine

564 4797 901 4867 indigentes,
935 4797 1050 4855 hac
1069 4797 1337 4866 dicimus,
1386 4805 1591 4874 patebit
1621 4807 1810 4879 utique
1864 4825 1966 4866 nos
2002 4827 2131 4869 vere

532 4885 741 4940 'lucem
773 4901 883 4941 non
912 4901 1055 4944 esse.
1114 4887 1289 4960 Igitur
1320 4908 1499 4965 neque
1517 4896 1763 4967 ejusdem
1788 4914 1915 4957 cum
1950 4902 2126 4960 Verbo

565 4983 795 5043 naturae,
820 4977 967 5049 quod
996 4993 1100 5037 nos
1126 4987 1277 5039 tanto
1312 4999 1410 5055 per
1435 4994 1691 5045 naturam
1724 4992 2017 5052 intervallo
2045 5008 2131 5050 su-

633 5074 735 5122 rat.

633 5082 735 5122 rat.

563 5082 840 5213 peALIUD
867 5158 1204 5229 explicatius.
1243 5159 1507 5222 Dominus
1550 5176 1738 5224 noster
1772 5168 1934 5227 Jcsus
1961 5171 2124 5228 Chri-

560 5261 677 5307 stus
706 5250 761 5304 in
797 5250 1089 5322 Evangelio
1113 5254 1387 5323 reperitur
1414 5255 1604 5313 dicens
1637 5276 1650 5312 :
1683 5277 1704 5312 ‹
1748 5259 1862 5315 Hoc
1911 5272 1996 5318 est
2030 5278 2126 5318 au-

559 5353 666 5399 tem
690 5341 981 5414 judicium,
1012 5343 1140 5413 quia
1168 5344 1259 5399 lux
1291 5347 1443 5401 venit
1490 5348 1546 5403 in
1598 5351 1885 5416 mundum,
1943 5361 1997 5408 et
2042 5355 2125 5408 di-

558 5437 806 5496 lexerunt
855 5440 1104 5499 homines
1164 5441 1338 5509 magis
1400 5441 1653 5497 tenebras
1705 5459 1871 5514 quam
1922 5446 2123 5502 lucem.

560 5526 726 5587 Erant
750 5534 897 5591 enim
930 5549 1123 5591 eorum
1159 5535 1302 5590 mala
1346 5548 1533 5604 opera.
1587 5533 1776 5592 Omnis
1830 5538 1977 5593 enim
2028 5540 2124 5609 qui

2234 4536 2364 4590 Θεὸν
2404 4535 2498 4588 καί⁷
2523 4536 2758 4606 Πατέρα·
2789 4556 2807 4587 t
2831 4537 2918 4589 Ἐν
2938 4537 3016 4607 τῷ
3042 4539 3179 4607 φωτί
3209 4556 3300 4592 σου
3327 4540 3567 4610 ὀψόμεθα
3597 4542 3747 4612 φῶς;
3781 4562 3799 4594 ι

2233 4626 2295 4679 El
2337 4625 2445 4696 γὰρ
2486 4625 2603 4695 φῶς
2647 4628 2810 4696 ἐσμεν
2848 4626 3117 4698 ἀληθινὸν,
3163 4628 3279 4693 πῶς
3330 4631 3388 4683 ὲν
3431 4632 3600 4703 ἑτέρῳ
3640 4651 3800 4702 φωτι-

2234 4717 2576 4787 σθησόμεθα;
2607 4719 2669 4770 Εί
2703 4719 2759 4771 δὲ
2804 4718 2879 4782 ὡς
2913 4720 3203 4791 χρῄζοντες
3250 4723 3575 4777 ἐπεισάκτου
3604 4728 3802 4795 φωτὸς,

2230 4806 2298 4861 τά
2327 4807 2547 4861 τοιαῦτά
2572 4826 2772 4879 φαμεν,
2801 4810 2900 4862 οὐκ
2928 4811 3078 4874 ὄντες
3114 4811 3352 4881 δηλονότι
3379 4815 3518 4869 κατὰ
3547 4815 3805 4885 ἀλήθειαν

2231 4899 2345 4968 φῶς
2376 4899 2715 4971 άλωσόμεθα.
2762 4901 2968 4955 Οὐκοῦν
2995 4903 3113 4957 οὐδὲ
3146 4907 3402 4975 ὁμοφυεῖς
3438 4906 3516 4975 τῷ
3552 4907 3804 4961 τοσοῦτον

2233 4993 2373 5047 κατὰ
2406 4991 2566 5063 φύσιν
2594 4992 2734 5064 ὑπὲρ
2766 4994 2914 5065 ἡμᾶς
2947 4995 3243 5067 ὑπάρχοντι
3278 4997 3455 5066 Λόγῳ.

2298 5170 2483 5235 ΑΛΑΟ
2539 5171 2988 5242 διηγηματικῶς.
3034 5173 3091 5225 '0
3143 5174 3348 5246 Κύριος
3397 5174 3552 5246 ἡμῶν
3595 5177 3804 5247 Ἰησοῦς

2227 5264 2460 5335 Χριστὸς
2510 5266 2566 5318 ἐν
2632 5268 2743 5328 τοῖς
2794 5265 3143 5333 Εὐαγγελίοις
3208 5268 3517 5338 εὑρίσκεται
3585 5270 3799 5338 λέγων·

2233 5374 2250 5408 ι
2285 5356 2433 5428 Αὕτη
2458 5338 2514 5410 δέ
2542 5358 2687 5410 ἐστιν
2712 5357 2744 5426 ἡ
2771 5356 2970 5426 κρίσις,
2993 5358 3073 5411 ὅτι
3096 5357 3155 5410 τὸ
3183 5358 3298 5429 φῶς
3321 5360 3572 5429 ἐλήλυθεν
3601 5362 3681 5425 είς
3709 5362 3802 5417 τὸν

2230 5447 2450 5518 κόσμον,
2475 5449 2568 5501 καὶ
2590 5447 2881 5517 ἠγάπησαν
2905 5449 2953 5500 οἱ
2982 5447 3254 5520 ἄνθρωποι
3278 5450 3475 5520 μᾶλλον
3496 5450 3556 5505 τὸ
3585 5451 3798 5516 σκότος,

2228 5540 2262 5611 ἢ
2289 5539 2348 5593 τὸ
2377 5538 2512 5609 φῶς.
2543 5534 2652 5592 Ἦν
2684 5538 2793 5610 γάρ
2817 5538 2995 5593 αὐτῶν
3019 5540 3228 5611 πονηρὰ
3255 5541 3323 5595 τὰ
3356 5542 3511 5613 ἔργα.
3543 5544 3657 5609 Πᾶς
3688 5544 3799 5619 γάρ

639 5712 854 5790 δ’,Ρεαιο
892 5730 1019 5784 nu,
1058 5720 1112 5775 '5-
1186 5722 1228 5754 “
1266 5719 1307 5774 ll
1335 5721 1461 5779 Cor.
1497 5737 1569 5790 tv,
1604 5725 1655 5779 4.
1733 5724 1777 5758 ⁸³
1816 5724 1974 5791 Joan.
2006 5741 2113 5782 ιιι,

2311 5727 2355 5759 ⁸³
2392 5726 2538 5784 Psal.
2577 5743 2750 5795 xxxv,
2787 5731 2869 5788 l0.
