4092 6274
319 324 423 383 117

1390 335 1460 392 ΙΝ
1485 335 1773 393 JOANNIS
1821 335 2261 394 EVANGELIUM
2303 337 2432 393 LIB.

3478 343 3579 401 118

318 445 349 497 6
375 444 443 498 τὰ
470 443 649 513 φαῦλα
678 448 956 520 πράσσων,
991 454 1141 520 μισεῖ
1165 451 1225 506 τὸ
1254 451 1401 521 φῶς,
1421 454 1517 521 xa‘t
1545 455 1644 508 οὐκ
1674 453 1899 526 ἔρχεται

2004 454 2144 509 male
2189 454 2322 525 agit,
2354 454 2470 510 odit
2497 452 2912 519 lucem,et.non
2942 453 3088 509 venit
3132 454 3198 508 ad
3248 455 3422 512 lucem
3441 458 3506 514 ".
3554 477 3574 508 ι

322 532 459 603 πρὸς
485 531 546 586 τὸ
579 532 714 603 φῶς.
746 553 765 586 ι
804 534 940 588 Ἀλλ’
966 537 1123 608 εἴπερ
1164 538 1282 592 ἐστὶ
1319 538 1377 593 τὸ
1403 538 1518 608 φῶς
1551 539 1612 593 τὸ
1646 539 1898 609 ἀληθινὸν

319 624 350 674 6
379 623 705 696 Μονογενὴς,
730 626 844 694 φῶς
872 627 929 681 δὲ
956 628 1156 699 ὁμοίως
1201 630 1451 701 ἀληθινὸν
1493 626 1634 685 εἶναι
1677 629 1899 686 δύναται

299 713 479 791 τκαὶή
516 717 720 780 κτίσις·
754 717 870 782 πῶς
913 721 941 773 6
989 719 1089 789 μὲν
1137 720 1355 792 ἔρχεται
1394 723 1610 790 φωτιῶν
1638 722 1830 794 αὐτὴν,
1864 723 1897 792 ή

321 801 380 855 δὲ
409 803 600 873 ήγόιπα
621 805 683 859 τὸ
710 807 900 871 σκότος
924 826 947 875 ',
973 808 1099 872 Πῶς
1124 809 1181 862 δὲ
1217 809 1353 874 ὅλως
1385 811 1486 864 οὐκ
1512 811 1729 883 ἔρχεται
1764 811 1900 881 πρὸς

321 891 386 944 τὸ
413 892 730 967 φῶς,εἱ¹περ
758 898 904 951 ἐστὶν
936 897 1076 970 αὕτη
1120 901 1180 953 τὸ
1224 899 1339 969 φῶς
1380 901 1444 955 τὸ
1487 901 1776 973 ἀληθινόν;
1819 902 1900 954 Τὰ

327 982 425 1052 μὲν
458 983 564 1056 γὰρ
590 985 747 1054 φύσει
777 990 1047 1059 προσόντα
1076 992 1214 1044 τισὶν
1253 992 1629 1064 ἐρριζωμένην
1652 990 1765 1061 ἔχει
1799 990 1898 1062 τὴν

323 1072 482 1142 φύσιν
506 1091 519 1104 ⁸
549 1075 619 1130 τὰ
640 1076 697 1129 δὲ
727 1079 918 1150 αίρετὰ
958 1081 1095 1135 κατὰ
1134 1082 1369 1154 θέλησιν,
1402 1083 1464 1136 οὐ
1509 1083 1764 1153 τοιαύτην
1785 1081 1897 1153 ἔχει

320 1162 417 1233 τήν
467 1163 672 1231 στάσιν,
723 1161 833 1220 οἷον
886 1168 1021 1240 φέρε
1078 1173 1280 1226 εἰπεῖν’
1322 1175 1420 1226 οὐκ
1472 1174 1537 1225 ἐκ
1593 1172 1896 1242 βουλήσεως

320 1251 420 1322 τῆς
450 1252 582 1317 ιδίας
606 1254 665 1308 τὸ
699 1254 981 1326 ἄνθρωπος
1009 1256 1148 1315 εἶναι
1177 1262 1390 1331 λογικὸς
1415 1264 1581 1333 κεκτή
1592 1262 1738 1316 σεται
1775 1279 1856 1327 τις
1880 1279 1893 1292 ·

320 1339 433 1411 ἔχει
467 1342 575 1412 γὰρ
615 1344 747 1398 αὐτὸ
783 1348 933 1419 παρὰ
957 1350 1058 1420 τῆς
1086 1351 1327 1421 φύσεωςο
1374 1351 1485 1416 ἔξει
1530 1352 1574 1405 δ’
1616 1349 1708 1407 οὖν
1747 1354 1894 1423 ὅμως

321 1432 462 1486 κατὰ
485 1433 707 1505 ’θέλησιν
746 1437 844 1508 τὴν
878 1440 1093 1505 ἑαυτοῦ,
1127 1442 1187 1495 τὸ
1222 1437 1359 1496 εἶναι
1409 1444 1660 1515 πονηρὸς,
1690 1442 1723 1514 ἢ
1752 1444 1890 1511 ἀγα-

1970 545 2069 621 _At
2096 545 2141 600 si
2177 545 2269 599 lux
2296 560 2423 600 vera
2454 554 2539 599 est
2574 543 2919 616 Unigenitus,
2955 553 3011 601 et
3041 546 3132 600 lux
3167 560 3295 600 vera
3320 547 3580 604 similiter

1999 650 2120 691 esse
2147 641 2324 704 potest
2363 644 2614 690 creatura
2648 653 2660 687 :
2696 635 2974 705 quomodo
3006 636 3098 691 ille
3150 637 3371 707 quidem
3431 639 3579 693 venit

2002 726 2413 781 illuminaturus
2447 740 2588 790 eam,
2641 725 2753 781 haec
2804 733 2987 781 autem
3046 728 3301 783 tenebras
3346 728 3582 783 dilexit?

2000 817 2109 870 Aut
2135 816 2413 886 quomodo
2445 816 2491 872 si
2519 817 2611 871 lux
2652 832 2778 871 vera
2806 825 2891 874 est
2918 817 2984 872 ad
3026 819 3205 873 lucem
3247 834 3361 873 non
3392 819 3581 876 venit?

1998 904 2131 959 Nam
2152 920 2274 977 quae
2296 915 2494 961 natura
2524 908 2808 965 nonnullis
2868 909 3080 976 insunt,
3112 916 3371 964 naturam
3428 909 3580 965 radi-

1998 999 2145 1053 citus
2176 998 2401 1053 iulixam
2438 998 2672 1063 habent;
2704 1014 2827 1069 qua:
2866 1009 3045 1055 autem
3078 1016 3108 1054 a
3136 1001 3423 1057 voluntate
3453 1016 3583 1071 pro-

1997 1086 2358 1153 ticiscuntur,
2397 1104 2506 1143 non
2531 1097 2638 1143 tam
2673 1091 2828 1145 ﬁrma
2855 1107 2920 1144 ac
2952 1091 3175 1145 stabilia
3205 1099 3355 1147 sunt.
3382 1090 3576 1145 Exem—

1997 1179 2065 1246 pli
2095 1178 2269 1248 gratia
2311 1197 2324 1233 :
2375 1194 2536 1235 nemo
2585 1181 2747 1235 habet
2781 1197 2810 1235 a
2862 1182 3151 1236 voluntate
3190 1191 3248 1236 ut
3280 1184 3355 1236 sit
3415 1183 3581 1237 homo

1995 1266 2237 1323 rationis
2265 1282 2526 1338 compos;
2560 1268 2611 1323 id
2639 1270 2787 1323 enim
2828 1270 2990 1325 habet
3031 1284 3060 1323 a
3085 1279 3283 1324 natura
3336 1286 3350 1323 :
3410 1269 3577 1323 habet

2003 1362 2191 1411 tamen
2216 1372 2244 1410 a
2269 1357 2549 1413 voluntate
2589 1359 2734 1428 quod
2759 1360 2827 1414 sit
2856 1374 3060 1429 pravus
3112 1366 3208 1413 aut
3260 1358 3470 1429 probus
3523 1366 3579 1414 et

2001 1447 2058 1501 in
2085 1447 2206 1516 ejus
2240 1454 2511 1518 potestate
2560 1456 2643 1504 est
2675 1450 2932 1519 amplecti
2963 1450 3199 1520 justum,
3225 1457 3319 1503 aut
3346 1456 3563 1503 contra.

323 1519 433 1587 θὸς,
459 1523 732 1594 ἀγαπήσει
761 1543 819 1579 τε
857 1529 1055 1597 ὁμοίως
1083 1531 1169 1583 ἐπ’
1210 1530 1455 1597 ἔξουσίας
1497 1532 1558 1586 τὸ
1601 1531 1888 1603 δίκαιον,ἢ

2000 1535 2052 1591 Si
2101 1553 2231 1608 ergo
2283 1545 2537 1594 creatura
2586 1538 2677 1592 lux
2734 1546 2819 1595 est
2852 1519 3152 1595 secundum
3197 1553 3351 1594 suam
3408 1548 3569 1591 natu-

321 1613 383 1667 τὸ
405 1616 668 1672 ἐναντίον.
704 1617 874 1690 Εἴπερ
909 1614 1001 1674 οὖν
1037 1621 1185 1675 ἐστιν
1215 1625 1249 1693 ή
1279 1623 1453 1687 κτίσις
1480 1624 1621 1677 κατὰ
1651 1623 1811 1693 φύσιν
1831 1623 1892 1677 τὸ

2000 1644 2132 1697 ram,
2169 1630 2223 1683 id
2251 1636 2336 1685 est
2375 1644 2521 1693 vera,
2550 1629 2843 1699 quomodo_
2875 1630 2941 1685 ad
2991 1630 3169 1685 lucem
3216 1644 3325 1684 non
3393 1628 3573 1694 venit,

325 1703 442 1772 φῶς
460 1719 473 1733 °
504 1705 662 1758 τοῦτο
687 1707 796 1778 γὰρ
826 1710 1076 1780 σημαίνει
1100 1712 1162 1765 τὸ
1184 1705 1503 1780 ὰῖληθινόνυ
1541 1713 1657 1776 πῶς
1681 1712 1781 1767 οὐκ
1804 1712 1893 1782 ἔρ-

2000 1726 2087 1773 aut
2135 1718 2411 1789 quomodo
2472 1719 2728 1773 tenebras
2773 1719 2986 1789 diligit,
3036 1719 3198 1790 quasi
3242 1726 3439 1775 natura
3481 1719 3575 1774 lux

327 1809 484 1861 χεται
518 1794 651 1866 πρὸς
673 1794 734 1848 τὸ
765 1796 880 1866 φῶς
899 1836 914 1860 ,
951 1797 985 1868 ἢ
1014 1798 1131 1861 πῶς
1155 1801 1341 1870 ἀγαπᾷ
1369 1801 1429 1855 τὸ
1462 1800 1669 1865 σκότος,
1698 1801 1774 1865 ὡς
1802 1802 1899 1855 οὐκ

2004 1823 2127 1865 vera
2157 1817 2553 1879 essenequeat,
2617 1808 2711 1864 sed
2742 1805 2974 1865 arbitrio
3026 1825 3129 1865 suo
3183 1825 3249 1864 ac
3287 1811 3575 1865 voluntate

328 1883 530 1954 ἔχουσα
553 1885 794 1955 δηλονότι
836 1889 975 1943 κατὰ
1005 1887 1167 1958 φύσιν
1207 1890 1268 1944 τὸ
1311 1887 1448 1945 εἶναι
1479 1890 1595 1960 φῶς
1626 1887 1897 1961 ἀληθινὸν,

2000 1898 2156 1954 modo
2182 1899 2237 1952 in
2268 1898 2485 1965 melius,
2523 1900 2689 1954 modo
2713 1901 2771 1955 in
2807 1901 2961 1970 pejus
2988 1899 3243 1956 feratur?
3291 1900 3402 1953 Aut
3476 1901 3575 1969 igi-

330 1976 720 2049 προαιρετικὴν
746 1979 802 2033 δὲ
838 1980 1038 2049 μᾶλλον
1068 1981 1362 2052 ποιουμένη
1390 1980 1488 2053 τήν
1513 1982 1605 2035 ἐπὶ
1645 1980 1708 2034 τὸ
1734 1980 1895 2051 ἄμει-

2000 1999 2087 2045 tur
2110 1985 2412 2044 adversarii
2440 1991 2887 2059 supernaturales
2917 1990 3075 2047 dotes
3122 1992 3177 2045 in
3211 1990 3349 2044 Filio
3407 1997 3576 2043 natu-

327 2083 438 2131 νον,
477 2066 510 2137 ἢ
551 2068 617 2121 τὰ
657 2069 826 2141 χείρω
871 2072 1082 2143 ροπήν;
1111 2073 1181 2126 Ἣ
1216 2072 1394 2127 τοίνυν
1435 2073 1894 2142 ἁποτολμάτωσαν

2000 2077 2189 2132 raliter
2215 2078 2489 2135 exsistere
2535 2079 2799 2135 audacter
2834 2090 3057 2152 negent,
3093 2091 3154 2136 ut
3181 2080 3404 2150 cOguita
3454 2079 3575 2134 illo-

323 2158 373 2211 οί
404 2156 473 2210 δι’
496 2159 745 2223 ἐναντίας
785 2159 859 2232 μὴ
905 2163 1148 2229 φυσικῶς
1186 2163 1510 2235 ἐνυπάρχειν
1552 2163 1629 2235 τῷ
1670 2163 1782 2234 Υίῷ
1826 2164 1893 2217 τὰ

2000 2182 2113 2222 rum
2144 2169 2481 2239 blasphemia
2512 2170 2580 2225 ab
2602 2171 2864 2227 omnbus
2894 2173 3125 2226 audiant
3165 2190 3179 2228 :
3221 2190 3240 2224 ι
3281 2171 3576 2243 Disperdat

323 2247 463 2319 ὑπὲρ
486 2248 584 2320 τήν
613 2249 789 2304 κτίσιν
829 2251 1270 2324 πλεονεκτήματα
1294 2253 1491 2322 λέγειν,
1523 2254 1609 2308 ἵνα
1627 2254 1891 2325 γυμνότε-

2000 2257 2267 2316 Dominus
2294 2261 2552 2317 universa
2597 2261 2740 2317 labia
2798 2262 3013 2329 dolosa,
3044 2270 3100 2318 et
3155 2264 3396 2334 linguam
3454 2279 3573 2316 ma-

325 2355 415 2410 ρον
468 2339 876 2412 δυσφημοῦντες
925 2344 1287 2415 ἐλέγχωνται,
1338 2346 1431 2399 καὶ
1478 2345 1629 2418 παρὰ
1673 2346 1892 2401 πάντων

2000 2348 2352 2421 guiloquam“
2379 2351 2492 2423 69
2534 2371 2547 2407 :
2596 2359 2690 2406 aut
2720 2352 2767 2407 si
2819 2351 3061 2409 fatentur
3127 2354 3571 2426 supernaturalia

322 2430 645 2497 ἀκούσωσιν,
673 2451 692 2484 ι
735 2433 1141 2505 Ἐξολοθρεύσαι
1184 2435 1390 2507 Κύριος
1418 2435 1594 2490 πάντα
1631 2436 1699 2491 τὰ
1737 2437 1888 2509 χείλη

2000 2439 2136 2496 bona
2173 2440 2223 2496 ei
2264 2442 2707 2497 substantialiter
2748 2442 2967 2510 inesse,
3028 2458 3095 2500 ne
3132 2446 3473 2515 conjungant
3520 2443 3572 2497 ei

315 2519 390 2574 τὰ
431 2520 596 2587 δόλια,
628 2521 879 2590 γλῶσσαν
921 2526 1500 2597 μεταλοῤῥήμονα,ῆ
1557 2526 1714 2597 εἴπερ
1758 2528 1888 2596 ὁμο-

2000 2530 2227 2584 naturali
2248 2530 2461 2586 unitate
2481 2538 2812 2598 creaturam,
2846 2546 2965 2603 qua:
2987 2532 3296 2589 istiusmodi
3331 2547 3440 2589 non
3466 2538 3570 2595 est,

323 2611 539 2680 λογοῦσι
565 2613 750 2682 σαφῶς
768 2614 1039 2678 οὐσιωδῶς
1067 2616 1393 2686 ἐνυπάρχειν
1416 2616 1564 2689 αὐτῷ
1588 2616 1655 2670 τὰ
1684 2616 1885 2685 ἀγαθὰ,

2000 2627 2056 2674 ut
2079 2626 2239 2676 antea
2265 2621 2794 2678 demonstravimus.

324 2702 399 2773 μή
433 2704 848 2760 συναπτέτωσαν
878 2705 1027 2776 αὐτῷ
1056 2706 1190 2778 πρὸς
1221 2707 1446 2779 ἑνότητα
1484 2708 1585 2779 τήν
1614 2707 1755 2761 κατὰ
1779 2706 1958 2776 φύσιν,
1994 2710 2091 2782 τήν
2119 2712 2217 2781 οὐχ
2277 2709 2449 2777 οὕτως
2517 2712 2744 2784 ἔχουσαν
2793 2712 3004 2781 κτίσιν,
3065 2714 3140 2777 ὡς
3207 2712 3408 2787 ἀρτίως
3443 2710 3573 2781 ήμῖν

322 2793 710 2849 ἀποδέδεικται.

390 2886 591 2940 AAAO.
628 2886 689 2939 Εί
737 2886 812 2959 μή
860 2888 1019 2959 μόνος
1066 2891 1095 2944 ό
1140 2889 1234 2943 τοῦ
1280 2889 1418 2944 Θεοῦ
1462 2890 1632 2960 Λόγος
1676 2892 1737 2945 τὸ
1778 2890 1893 2961 φῶς

325 2972 443 3026 ἐστι
472 2973 531 3027 τὸ
558 2974 829 3044 ἀληθινὸν,
852 2977 986 3031 ἀλλὰ
1014 2979 1108 3032 καὶ
1135 2980 1169 3050 ή
1202 2979 1398 3044 κτίσις,
1429 2979 1677 3052 καθάπερ
1706 2980 1887 3043 αὐτὸς,

325 3063 412 3117 διὰ
448 3063 604 3118 ποίαν
644 3065 820 3121 αἰτίαν
848 3086 868 3119 ι
909 3069 1048 3137 Ἐγὼ
1076 3071 1211 3139 είμι,
1247 3089 1266 3123 ι
1297 3071 1448 3141 φησὶ,
1487 3090 1506 3123 ι
1544 3071 1607 3124 τὸ
1653 3070 1766 3140 φῶς
1796 3071 1889 3125 τοῦ

324 3155 569 3225 ⁴ιιόσι.ι.ου;
605 3174 622 3206 ι
669 3158 721 3228 ἢ·
747 3158 863 3222 πῶς
907 3159 1201 3232 ἀνεξόμεθα
1248 3162 1342 3215 τοῦ
1390 3163 1671 3216 καλλίστου
1706 3163 1899 3227 πλεον-νν

325 3248 635 3317 εκτήματος
685 3249 1118 3321 ἀπογυμνοῦντες
1164 3253 1262 3325 τὴν
1311 3252 1471 3322 φύσιν
1493 3291 1508 3316 ,
1561 3252 1719 3323 εἴπερ
1761 3253 1897 3317 ὅλως

325 3339 595 3410 ἐνδέχεται
626 3341 720 3395 καὶ
745 3344 891 3412 ἡμᾶς
922 3343 1173 3414 ἀληθινὸν
1220 3341 1359 3398 εἶναι
1402 3344 1534 3414 φῶς,
1567 3344 1644 3408 ὡς
1673 3342 1900 3412 ἐχούσης

325 3429 464 3484 αὐτὸ
490 3429 581 3483 καὶ
608 3431 702 3501 τῆς
730 3432 961 3502 γενητῆς
987 3433 1169 3497 οὐσίας
1193 3450 1207 3499 ;
1260 3433 1324 3487 El
1354 3433 1411 3486 δὲ
1441 3431 1695 3504 ἀληθεύει
1727 3431 1899 3501 λέγων

323 3521 355 3573 6
404 3520 730 3593 Μονογενὴς,
779 3540 798 3573 ι
840 3522 978 3591 Ἐγώ
1038 3525 1154 3593 είμι
1201 3523 1262 3576 τὸ
1309 3522 1424 3592 φῶς
1469 3522 1563 3576 τοῦ
1608 3522 1833 3593 κόσμου,
1876 3541 1893 3574 ι

325 3610 515 3682 σχέσει
550 3612 787 3683 δηλονότι
836 3615 901 3684 τῇ
948 3614 1083 3685 πρὸς
1128 3613 1290 3669 αὐτὸν
1340 3616 1373 3686 ή
1428 3614 1622 3679 κτίσις,
1667 3614 1761 3668 καὶ
1801 3615 1898 3684 οὐχ

320 3701 529 3774 ἑτέρως
562 3702 713 3756 ἔσται
757 3703 891 3773 φῶς,
919 3706 983 3758 El
1024 3705 1080 3758 δὲ
1123 3705 1301 3772 τοῦτο,
1331 3707 1430 3776 οὐχ
1465 3705 1708 3777 όμοςρυὴς
1730 3705 1895 3776 αὐτῷ.

391 3794 602 3850 ΔΛΛΟ.
655 3796 718 3851 Εἰ
766 3795 839 3866 μὴ
888 3795 1044 3864 μόνος
1087 3796 1227 3850 κατὰ
1266 3796 1521 3867 ἀλήθειαν
1553 3795 1669 3864 φῶς
1698 3797 1844 3848 ἐστιν
1870 3796 1899 3849 6

320 3885 478 3949 Υἱὸς,
505 3889 680 3940 κεῖται
710 3887 767 3940 δὲ
794 3888 953 3941 τοῦτο
996 3888 1090 3941 καὶ
1137 3889 1194 3957 ἐν
1231 3889 1342 3951 τοῖς
1385 3889 1657 3958 γενητοῖς·
1688 3888 1738 3939 τί
1769 3903 1898 3939 ποτε

317 3976 439 4049 ἄρα
465 3978 715 4047 ἐροῦμεν,
745 3979 872 4031 ὅταν
905 3980 1033 4049 ἡμῖν
1072 3980 1100 4032 6
1134 3976 1439 4046 σοφώτατος
1471 3976 1755 4048 ἐπιστέλλῃ
1794 3975 1901 4030 Πε-

313 4080 475 4138 τροςο
496 4082 515 4116 ι
538 4065 726 4136 Ὑμεῖς
745 4065 801 4118 δὲ
820 4066 974 4134 γένος
1003 4065 1275 4132 ἐκλεκτὸν,
1296 4064 1559 4136 βασίλειον
1582 4064 1899 4135 ἱεράτευμα,

312 4157 482 4220 ἔθνος
510 4155 685 4224 ἅγιον,
725 4156 850 4221 λαὸς
888 4159 966 4220 είς
1000 4156 1365 4229 περιποίησιν,
1396 4157 1541 4221 ὅπως
1577 4156 1678 4219 τὰς
1698 4156 1901 4226 ἀρετὰς

311 4247 684 4316 ἐξαγγείλητε
720 4247 811 4300 τοῦ
839 4250 902 4300 ὲκ
932 4250 1154 4312 σκότους
1180 4250 1323 4319 ὑμᾶς
1368 4247 1692 4311 καλέσαντος
1722 4250 1802 4311 είς
1844 4248 1903 4301 τὸ

315 4337 647 4408 θαυμαστὸν
699 4336 862 4391 αὐτοῦ
904 4339 1052 4409 φῶς;
1114 4341 1271 4395 Ποῖον
1327 4340 1433 4412 γὰρ
1491 4340 1628 4404 ὅλως
1673 4341 1731 4393 ὲν
1775 4342 1902 4410 ήμῖν

316 4435 449 4486 ἔστι
486 4427 697 4494 σκότος,
729 4429 762 4499 ἦ
796 4432 853 4483 ὲν
883 4431 1019 4502 ποίῳ
1053 4433 1352 4502 γεγόναμεν
1387 4433 1583 4503 σκότῳ,
1632 4431 1726 4485 καὶ
1753 4430 1904 4484 αὐτοὶ

2068 2885 2299 2942 ALIUD.
2337 2885 2394 2943 Si
2424 2900 2533 2942 non
2563 2889 2743 2944 solum
2773 2887 2873 2943 Dei.
2914 2887 3153 2944 Verbum
3184 2904 3312 2944 vera
3340 2889 3432 2944 lux
3461 2897 3568 2952 est.

1997 2975 2097 3033 sed
2167 2985 2418 3033 creatura
2470 2987 2737 3048 praeterea-
2787 2977 2929 3032 sicut
2996 2978 3219 3047 ipsum:
3287 2991 3449 3046 quam
3503 2977 3573 3030 ob

1996 3082 2215 3122 causam
2245 3068 2362 3122 ait:
2402 3085 2421 3119 ι
2454 3066 2566 3138 Ego
2593 3084 2715 3124 sum
2764 3068 2855 3123 lux
2904 3067 3094 3123 mundi
3124 3067 3208 3121 ⁵⁷2
3252 3086 3272 3120 ι
3308 3074 3400 3121 aut
3437 3082 3574 3137 quo-

1995 3158 2158 3213 modo
2173 3159 2589 3229 praeclarissima
2599 3159 2729 3214 dote
2746 3159 2969 3229 spoliari
2987 3160 3231 3215 sinemus
3241 3166 3571 3219 creaturam,

1997 3249 2042 3304 si
2071 3248 2186 3304 ﬁeri
2230 3257 2405 3320 potest
2441 3256 2499 3304 ut
2528 3250 2700 3305 simus
2742 3266 2869 3305 vera
2909 3251 3023 3315 lux,
3068 3257 3257 3320 utpote
3284 3263 3409 3302 cum
3453 3262 3571 3301 eam

1999 3335 2196 3417 habeat
2250 3352 2468 3407 quoque
2520 3348 2702 3393 creata
2757 3339 3104 3395 substantia?
3159 3337 3319 3403 Quod
3356 3337 3402 3391 si
3449 3352 3576 3391 vere

1998 3425 2242 3497 loquitur
2285 3426 2633 3498 Unigenitus,
2689 3446 2818 3485 cum
2878 3430 3008 3484 ait:
3070 3447 3089 3481 ι
3132 3429 3244 3500 Ego
3300 3444 3422 3484 sum
3482 3430 3572 3483 lux

1999 3518 2212 3583 mundi,
2258 3538 2276 3572 ι
2312 3519 2577 3576 relatione
2630 3522 2794 3590 igitur
2826 3520 2893 3576 ad
2936 3521 3114 3592 ipsum
3162 3526 3437 3584 creatura,
3474 3532 3574 3574 nec

1999 3609 2107 3664 alio
2131 3608 2293 3664 modo
2314 3610 2420 3665 erit
2446 3610 2562 3664 lux.
2586 3610 2741 3678 Quod
2775 3612 2819 3667 si
2845 3610 2923 3666 ita
2946 3618 3052 3678 est,
3080 3625 3189 3666 nou
3216 3620 3301 3666 est
3325 3609 3571 3681 ejusdem

1998 3715 2123 3755 cum
2160 3701 2279 3770 ipso
2308 3707 2537 3756 naturae.

2067 3790 2297 3847 ALIUD.
2360 3790 2417 3845 Si
2457 3807 2567 3847 non
2609 3792 2759 3849 solus
2808 3792 3109 3849 secundum
3158 3792 3442 3849 veritatem
3482 3792 3573 3847 lux

1998 3890 2084 3937 est
2111 3882 2305 3949 Filius,
2337 3883 2432 3938 sed
2464 3883 2579 3939 haec
2616 3884 2780 3940 etiam
2825 3884 2992 3940 rebus
3044 3886 3247 3940 creatis
3298 3885 3572 3950 convenit,

1999 3973 2130 4042 quid
2171 3973 2626 4044 respondebimus
2656 3972 2822 4029 Petro
2857 3974 3118 4030 scribenti
3152 3992 3165 4029 :
3202 3993 3222 4029 ι
3258 3973 3364 4030 Vos
3391 3984 3574 4030 autem

2001 4080 2174 4134 genus
2198 4065 2458 4130 electum,
2486 4064 2668 4135 regale
2718 4064 3109 4129 sacerdotium,
3162 4079 3294 4133 gens
3348 4071 3533 4118 saneta
3556 4104 3571 4128 ,

2001 4155 2233 4225 populus
2258 4155 2663 4225 acquisitionis,
2715 4163 2777 4210 ut
2817 4155 3049 4209 virtutes
3088 4152 3424 4209 annuntietis
3457 4152 3576 4221 ejus

2001 4247 2095 4316 qui
2138 4245 2206 4301 de
2235 4245 2473 4301 tenebris
2508 4261 2604 4301 vos
2654 4246 2873 4300 vocavit
2927 4246 2982 4299 in
3021 4243 3343 4298 admirabile
3393 4245 3577 4297 lumen

2004 4355 2164 4396 suum
2192 4338 2272 4393 ‘3?
2308 4357 2326 4392 ι
2358 4338 2492 4405 Quae
2520 4336 2663 4392 enim
2718 4335 2772 4389 in
2808 4336 2990 4401 nobis,
3015 4350 3222 4405 quaeso,
3259 4344 3398 4390 sunt,
3421 4344 3577 4392 tene-

2005 4432 2133 4498 brae,
2176 4439 2269 4485 aut
2299 4430 2500 4500 quibus
2531 4427 2856 4483 intenebris
2889 4426 3116 4492 fuimus,
3148 4442 3270 4481 cum
3302 4427 3407 4497 ipsi
3444 4443 3579 4498 quo-

316 4521 478 4579 κατὰ
507 4520 762 4591 ἀλήθειαν
798 4519 949 4582 ὄντες
972 4521 1083 4589 φῶς
1111 4538 1126 4588 ;
1157 4522 1298 4575 κατὰ
1326 4522 1447 4576 τίνα
1475 4521 1533 4574 δὲ
1557 4521 1753 4591 τρόπον
1781 4519 1899 4573 ἀνα-

2006 4537 2110 4592 que
2136 4520 2228 4576 Iuv
2256 4521 2428 4576 simus
2464 4518 2766 4575 secundum
2800 4517 3091 4572 naturam?
3116 4517 3364 4582 Quonam
3399 4526 3575 4573 autem

311 4609 651 4683 κεκλήμεθα
690 4611 825 4683 πρὸς
859 4610 922 4664 τὸ
970 4610 1085 4679 φῶς
1109 4652 1125 4678 ,
1183 4614 1230 4664 οἱ
1272 4611 1347 4683 μὴ
1397 4612 1546 4675 ὄντες
1589 4614 1646 4665 ὲν
1690 4611 1901 4682 σκότῳ;

326 4702 486 4760 Ἀλλ’
514 4702 573 4755 οὐ
604 4700 856 4771 ψεύδεται
883 4701 984 4772 τῆς
1017 4700 1269 4773 ἀληθείας
1300 4702 1329 4754 6
1368 4700 1542 4773 κήρυξ
1573 4702 1601 4754 6
1633 4702 1904 4774 θαρσήσας

317 4797 531 4852 εἰπεῖν’
567 4813 585 4846 ι
611 4795 674 4848 El
696 4792 858 4866 [vulg.
887 4793 1033 4866 ἐπεὶ]
1063 4792 1288 4865 δοκιμὴν
1325 4794 1534 4866 ζητεῖτε
1563 4793 1657 4847 τοῦ
1699 4795 1757 4847 ἐν
1780 4796 1906 4865 ἐμοὶ

318 4887 624 4950 λαλοῦντος
670 4886 945 4959 Χριστοῦ;
998 4905 1017 4939 ι
1067 4887 1177 4940 Καὶ
1231 4885 1540 4956 κεκλήμεθα
1590 4904 1609 4938 ι
1659 4885 1795 4958 πρὸς
1846 4886 1905 4939 τὸ

322 4979 651 5050 θαυμαστὸν
694 4979 859 5034 αὐτοῦ
894 4980 1030 5049 φῶς,
1066 4999 1086 5033 ι
1118 4979 1192 5042 ὼς
1228 4979 1335 5033 ἀπὸ
1374 4977 1594 5042 σκότους
1640 4979 1767 5049 ἄρα,
1812 4979 1907 5032 καὶ

319 5072 430 5141 οὐχ
458 5068 690 5138 ἑτέρως·
729 5073 777 5123 εἰ
814 5070 871 5123 δὲ
915 5069 1073 5124 τοῦτο
1118 5069 1334 5141 ἀληθὲς,
1375 5070 1473 5122 οὐκ
1514 5069 1621 5140 ἄρα
1656 5069 1688 5139 ἡ
1734 5068 1910 5132 κτίσις

319 5150 481 5217 κατὰ
515 5159 764 5229 ἀλήθειαν
797 5161 929 5229 φῶς,
959 5162 1093 5216 ἀλλὰ
1137 5162 1295 5232 μόνος
1335 5160 1433 5231 μὲν
1462 5159 1665 5230 κυρίως
1700 5176 1782 5224 τε,
1819 5159 1911 5213 καὶ

317 5246 558 5321 ἀληθῶς
583 5247 612 5299 ό
641 5247 785 5311 Υἱὸς,
813 5249 953 5303 κατὰ
986 5249 1200 5320 μέθεξιν
1236 5249 1293 5304 δὲ
1316 5249 1415 5320 τὴν
1453 5248 1588 5320 πρὸς
1621 5249 1821 5303 ἐκεῖνον
1843 5248 1913 5301 τὰ

317 5339 564 5414 γενητὰ,
597 5339 692 5393 καὶ
723 5339 809 5392 διὰ
838 5342 991 5394 τοῦτο
1017 5342 1116 5412 οὐχ
1139 5343 1374 5412 ὁμοφυᾶ.

322 5435 531 5491 Ἀλλα
552 5430 705 5501 μετὰ
730 5428 1119 5500 παραθέσεωξ
1134 5432 1355 5501 ῥητῶν,
1385 5432 1455 5497 ἐξ
1483 5432 1910 5500 ἁπλουστέρων

395 5500 657 5572 ἐννοιῶν
686 5503 788 5572 είς
812 5500 1145 5572 ὁμολογίαν-⁷
1176 5502 1519 5572 συνάγοντα
1549 5501 1688 5572 τοὺς
1719 5503 1912 5572 ἐντερ-

399 5569 721 5642 ξομένους,
755 5569 856 5624 ὅτι
884 5569 1071 5640 μόνος
1108 5572 1310 5639 ό-Υιὸς
1346 5569 1465 5627 ’τοῦ
1511 5570 1657 5625 Θεοῦ
1691 5570 1755 5625 τὸ
1784 5570 1911 5641 φῶς

404 5713 455 5745 ⁸⁸
489 5712 627 5771 Joan
687 5731 781 5784 ιιι,
819 5714 916 5782 19,
947 5717 1035 5771 9-0.
1116 5718 1162 5749 ⁵⁸
1197 5716 1339 5773 Psal.
1378 5733 1461 5780 xx,
1504 5717 1548 5772 1.
1628 5719 1669 5749 ⁸⁷
1709 5715 1867 5772 Joau.

2025 5756 2037 5781 ,
2076 5716 2159 5770 12.
2241 5716 2282 5747 ⁸⁸
2321 5717 2336 5767 l
2372 5714 2515 5767 l‘etr.
2553 5728 2627 5776 ιι,
2656 5713 2705 5765 9.

2004 4613 2167 4668 modo
2197 4611 2432 4668 revocati
2462 4625 2651 4666 sumus
2694 4609 2761 4664 ad
2801 4609 3000 4675 lucem,
3030 4608 3124 4679 qui
3155 4624 3267 4662 non
3298 4624 3488 4663 sumus
3522 4610 3577 4663 in

2004 4703 2285 4758 tenebris?
2311 4703 2381 4755 At
2412 4718 2523 4756 non
2552 4701 2759 4756 fallitur
2784 4714 2960 4771 praeco
2978 4698 3248 4763 veritatis,
3277 4699 3368 4769 qui
3398 4699 3579 4754 dicere

2006 4808 2172 4848 ausus
2200 4799 2285 4848 est
2314 4810 2328 4845 :
2377 4810 2397 4845 ι
2432 4793 2516 4847 An
2548 4792 2980 4863 experimentum
3027 4791 3273 4859 quaeritis
3311 4791 3431 4861 ejus
3483 4792 3577 4861 qui

2008 4886 2063 4940 in
2102 4900 2189 4940 me
2224 4885 2470 4955 loquitur
2494 4884 2749 4940 Christus
2777 4884 2865 4937 “?
2895 4902 2915 4936 ι
2944 4882 3010 4937 Ει
3035 4883 3216 4938 vocati
3243 4898 3434 4939 sumus
3458 4902 3478 4935 ι
3512 4883 3578 4935 ad

2009 4977 2193 5031 lumen
2228 4976 2347 5045 ejus
2395 4976 2735 5042 admirabile,
2783 4996 2803 5029 ι
2853 4991 2883 5030 a
2916 4975 3163 5031 tenebris
3208 4976 3417 5046 utique,
3468 4990 3576 5030 non

2007 5075 2217 5121 eontra.
2248 5065 2403 5133 Quod
2433 5066 2479 5121 si
2504 5082 2693 5121 verum
2726 5075 2833 5131 est,
2867 5080 2975 5121 non
3005 5072 3091 5120 est
3117 5065 3300 5134 itaque
3326 5072 3577 5119 creatura

2006 5171 2134 5212 vera
2181 5157 2296 5220 lux,
2346 5157 2441 5212 sed
2478 5158 2628 5213 solus
2676 5157 2896 5227 preprie
2950 5172 3015 5211 ac
3068 5170 3195 5210 vere
3238 5154 3434 5220 Filius,
3484 5169 3579 5222 per

2006 5248 2487 5318 participationem
2520 5257 2703 5303 autem
2727 5263 2850 5302 cum
2884 5248 2978 5302 illo
3032 5262 3122 5301 res
3150 5253 3369 5301 creatag.
3424 5243 3576 5297 Ideo-

2007 5354 2113 5410 que
2142 5354 2243 5395 nec
2274 5340 2518 5409 ejusdem
2550 5348 2760 5394 naturae
2787 5354 2911 5393 cum
2945 5339 3085 5407 ipso.

2013 5433 2171 5494 Alia,
2206 5439 2320 5485 cum
2352 5431 2755 5501 simplicioribus
2796 5432 3135 5499 argumentis,
3165 5429 3349 5496 quibus
3385 5419 3578 5487 proba-

2087 5513 2172 5555 tur
2223 5503 2392 5556 solum
2443 5503 2539 5554 Dei
2588 5500 2791 5554 Filium
2819 5516 2933 5554 esse
2962 5515 3132 5551 veram
3169 5500 3354 5565 (ur-em.
3392 5505 3577 5565 rerum

2087 5580 2261 5625 autem
2311 5581 2607 5625 creaturam
2657 5579 2905 5623 naturam
2954 5575 3162 5631 accepto
3192 5563 3254 5614 ab
3295 5578 3353 5615 eo
3386 5558 3580 5615 lumine

2789 5710 2843 5775 "7
2872 5705 2915 5759 ll
2943 5705 3067 5756 (Lor.
3102 5718 3228 5764 .\'lli,
3262 5702 3310 5756 5.
