4092 6274
535 354 636 411 H9

1526 358 1584 414 S.
1625 356 1900 414 CYRILLI
1939 355 2410 412 ALEXANDRINI
2443 355 2764 414 ABCIIIEP.

3689 351 3790 407 120

595 471 924 544 collustrari,
956 487 1073 525 cum
1122 471 1548 527 substantialiter
1578 473 1672 528 lux
1697 490 1814 530 esse
1855 482 2096 544 nequeat,

2273 475 2402 528 ἐστι
2432 474 2498 528 τό
2528 475 2837 544 ἀληθινὸν,
2866 470 2904 544 ᾐ
2934 469 3001 544 δὲ
3034 467 3151 544 τῶν
3182 466 3445 544 γενητῶν
3474 464 3692 544 ςρύρίς·ζ
3719 465 3788 518 ἐκ

595 542 730 595 sicut
760 540 869 595 ille.

594 694 886 752 Psalmista
931 714 944 750 :
1001 716 1021 748 ι
1083 695 1368 767 Signatum
1411 707 1494 753 est
1544 715 1713 769 super
1764 715 1864 755 nos
1916 702 2098 755 lumen

527 785 712 840 vultus
741 785 842 850 tui,
873 785 1099 841 Domine
1129 786 1198 839 '°.
1223 805 1242 838 ι
1271 787 1554 856 Atqualis,
1588 790 1837 855 obsecro,
1875 800 1957 844 est
1983 791 2102 844 vul-

525 885 618 932 tus
644 876 736 932 ille
782 875 880 932 Dei
931 891 997 932 ac
1037 875 1240 942 Patris,
1277 878 1436 948 cujus
1470 893 1634 948 super
1684 894 1782 935 nos
1826 882 2100 950 signatum

524 977 610 1024 est
637 968 858 1024 lumen?
906 966 1049 1022 Num
1102 967 1199 1023 Dei
1245 966 1420 1024 Filius
1477 969 1814 1040 unigenitus,
1868 972 1959 1025 illa
2006 988 2104 1043 per

524 1057 707 1111 omnia
732 1057 934 1118 similis
963 1057 1163 1126 imago,
1190 1063 1248 1112 et
1276 1057 1369 1126 qui
1404 1058 1635 1128 proinde
1675 1059 1753 1114 ait
1778 1074 1792 1113 :
1823 1079 1841 1112 ι
1887 1060 1992 1126 Qui
2014 1062 2100 1116 vi-

525 1145 607 1200 dit
635 1160 746 1211 me,
777 1145 912 1201 vidit
942 1153 995 1201 et
1023 1145 1241 1201 Patrem
1269 1146 1360 1200 “‘2
1395 1166 1414 1199 ›
1447 1148 1712 1219 Signatus
1750 1150 1896 1205 enim
1928 1160 2013 1206 est
2046 1153 2102 1210 in

491 1235 686 1291 'nobis
721 1234 814 1305 qui
847 1233 1160 1290 conformes
1183 1249 1285 1290 nos
1318 1235 1424 1292 sibi
1450 1235 1711 1299 reddidit,
1743 1244 1797 1292 et
1828 1252 1924 1308 per
1941 1252 2100 1292 suum

527 1325 793 1396 Spiritum
830 1324 1292 1381 illuminationem
1340 1327 1620 1395 impressit
1651 1327 1818 1382 veluti
1862 1327 2102 1384 divinam

525 1417 634 1488 70
666 1416 959 1488 imaginem
986 1416 1338 1472 credentibus
1367 1417 1420 1470 in
1454 1415 1631 1486 ipsum
1667 1425 1727 1471 ut
1752 1425 1807 1472 et
1839 1417 1944 1488 ipsi
1971 1434 2104 1474 nun-

530 1515 809 1578 cupentur
852 1505 921 1561 ad
969 1505 1090 1576 ejus
1132 1503 1559 1561 similitudinem
1591 1504 1690 1570 dii,
1732 1504 1939 1577 Deique
1981 1506 2098 1563 lilii.

526 1597 635 1654 Sed
667 1597 712 1653 si
734 1604 919 1652 creata
942 1611 1030 1652 res
1063 1595 1135 1651 sit
1161 1610 1289 1651 vera
1322 1595 1414 1650 illa
1441 1595 1558 1659 lux,
1585 1597 1860 1666 quomodo
1888 1596 2104 1668 signata

525 1697 612 1747 est
643 1691 703 1745 in
741 1689 946 1745 nobis?
992 1688 1109 1742 Lux
1167 1688 1370 1759 quippe
1414 1687 1470 1741 in
1529 1687 1774 1744 tenebris
1824 1689 1994 1755 lucet,
2047 1698 2106 1745 ut

2275 545 2561 614 χορηγίας
2590 533 2706 614 τῆς
2749 533 3097 614 παρίαρτοὗ
3145 533 3487 614 φωτίζεται,
3515 536 3580 614 τό
3635 533 3789 614 εἶναι

2272 605 2752 684 ᾇῶς”οὐὸἰωδῶς
2797 605 2907 665 οὒκ
2941 605 3192 678 ἔχουσα,
3237 606 3502 674 καθάπερ
3535 605 3785 671 ἐκεῖνος.

2285 702 2342 757 Ὀ
2397 701 2726 774 Ψαλμῳδός·
2782 719 2804 752 ‹
2855 697 3194 769 Ἐσημειώθη
3244 696 3328 764 ἐφ’
3362 696 3512 766 ἡμᾶς
3559 694 3620 747 τὸ
3668 694 3783 763 φῶς

2203 792 2296 846 τοῦ
2328 791 2620 862 προσώπου
2655 807 2770 852 σου,
2808 788 3002 859 Κύριε.
3041 806 3059 840 ι
3092 787 3202 840 Καὶ
3240 787 3390 838 ποῖον
3429 785 3534 854 ἄρα
3581 783 3698 835 ἐστὶ
3728 781 3787 835 τὸ

2203 884 2494 955 πρόσωπον
2520 881 2615 935 τοῦ
2650 879 2784 934 Θεοῦ
2813 881 2905 933 καὶ
2937 877 3170 948 Πατρὸς,
3197 870 3258 929 οὗ
3285 875 3345 928 τὸ
3376 874 3491 944 φῶς
3524 875 3608 943 ἐφ’
3639 875 3786 944 ἡμᾶς

2205 973 2608 1045 σεσημείωται;
2651 968 2733 1023 Ἥ
2775 969 2991 1031 πάντως
3044 968 3073 1020 6
3141 962 3436 1036 μονογενὴς
3495 960 3590 1014 τοῦ
3653 958 3788 1012 Θεοῦ

2202 1065 2350 1129 Υἱὸς.
2385 1067 2419 1136 ή
2453 1063 2874 1135 ἀπαράλλακτος
2912 1058 3096 1124 εἰκὼν,
3131 1057 3228 1111 καὶ
3275 1055 3361 1108 διὰ
3395 1053 3550 1107 τοῦτο
3590 1053 3786 1120 λέγων,

2208 1175 2228 1209 ι
2272 1158 2331 1211 Ὁ
2363 1155 2622 1226 ἑωρακὼς
2665 1154 2785 1225 ἐμὲ,
2831 1150 3045 1223 ἑώρακε
3083 1149 3174 1202 τὸν
3206 1146 3468 1217 Πατέρας
3506 1163 3525 1196 ι
3571 1144 3788 1213 Ἑνεση-

2206 1243 2382 1316 μάνθη
2420 1243 2475 1296 δὲ
2517 1244 2668 1313 ἡμῖν,
2698 1239 3061 1311 συμμόρφους
3093 1238 3241 1307 ἡμᾶς
3268 1234 3554 1300 ἀποδείξας
3587 1231 3786 1302 ἐαυτῷ,

2203 1336 2299 1390 καὶ
2326 1335 2416 1388 τὸν
2445 1333 2534 1388 διὰ
2565 1332 2658 1386 τοῦ
2681 1332 2821 1386 Πνεύ
2831 1348 2998 1402 ματος
3023 1329 3117 1384 τοῦ
3155 1329 3284 1382 ἰδίου
3313 1326 3591 1397 φωτισμὸν
3625 1327 3791 1395 ἐγχα-

2205 1425 2372 1499 ράξας
2409 1425 2485 1489 ὡς
2517 1424 2664 1478 θείαν
2703 1423 2886 1478 εἰκόνα
2931 1423 3046 1484 τοῖς
3088 1418 3442 1474 πιστεύσασιν
3490 1419 3572 1480 εἰς
3602 1417 3785 1484 αὐτὸν,

2205 1517 2294 1572 ἵνα
2336 1517 2429 1571 καὶ
2479 1515 2632 1570 αὐτοὶ
2677 1512 3067 1585 χρηματίζοιεν
3106 1511 3206 1583 ἤδη
3253 1510 3372 1564 κατ’
3394 1508 3555 1562 αὑτὸν
3585 1507 3695 1561 θεοί
3727 1524 3788 1560 τε

2207 1609 2300 1664 καὶ
2326 1607 2460 1661 Θεοῦ
2493 1607 2598 1661 υίοί
2616 1624 2629 1638 ·
2677 1606 2793 1661 ἀλλ’
2826 1605 2984 1675 εἰπερ
3009 1599 3077 1675 ἦν
3101 1621 3153 1657 τι
3182 1603 3291 1656 τῶν
3316 1600 3559 1670 γενητῶν
3586 1599 3646 1652 τὸ
3672 1598 3789 1668 φῶς

2205 1697 2266 1751 τὸ
2294 1697 2562 1769 ἀληθινὸν,
2593 1697 2709 1760 πῶς
2736 1697 2878 1767 ἡμῖν
2918 1692 3258 1764 ὲνεσημάνθςι
3285 1708 3299 1758 ;
3337 1691 3411 1744 Τὸ
3441 1691 3551 1761 γὰρ
3583 1689 3698 1758 φῶς
3729 1689 3788 1742 ἐν

523 1784 722 1841 scribit
760 1782 1024 1838 Joannes.
1062 1781 1183 1836 Lux
1232 1779 1381 1835 enim
1427 1778 1483 1833 in
1511 1778 1634 1834 luce
1661 1779 1938 1849 quomodo
1967 1795 2102 1837 con-

2210 1792 2271 1862 τῇ
2304 1789 2491 1860 σκοτίᾳ
2524 1788 2723 1858 φαίνει,
2755 1786 2892 1840 κατὰ
2924 1785 3022 1855 τὴν
3065 1785 3157 1838 τοῦ
3196 1782 3646 1853 Πνευματοφόρου
3678 1798 3789 1850 φω-

527 1875 716 1946 spicua
748 1873 950 1928 fuerit?

593 1965 824 2022 ALIUD.
867 1963 1160 2020 Psalmista
1201 1979 1265 2016 ιι
1309 1961 1425 2018 Lux
1470 1970 1590 2018 orta
1619 1970 1703 2019 est
1744 1962 1913 2034 justo,
1956 1985 1975 2018 ι
2013 1967 2098 2021 in-

527 2059 647 2133 quit
678 2059 744 2114 ⁸².
791 2057 848 2113 Si
881 2058 1059 2112 lucem
1093 2057 1337 2121 habenti,
1372 2066 1427 2113 et
1456 2057 1604 2112 illius
1637 2071 1747 2111 non
1779 2057 1982 2128 indigo,
2009 2073 2102 2114 su-

529 2163 805 2222 pervacua
831 2153 932 2204 est.
969 2145 1065 2201 Sin
1095 2153 1275 2202 autem
1305 2153 1366 2201 ut
1396 2161 1503 2201 non
1531 2146 1751 2202 habenti
1779 2146 1872 2200 lux
1902 2147 2096 2216 oritur,

529 2244 623 2298 lux
655 2256 786 2313 ergo
804 2240 956 2298 solus
983 2247 1067 2296 est
1098 2237 1446 2310 Unigenitus,
1479 2237 1618 2293 lucis
1642 2245 1822 2292 autem
1853 2246 2102 2294 creatura

527 2341 613 2389 est
637 2332 932 2403 particeps,
964 2337 1129 2400 atque
1155 2329 1364 2384 idcirco
1393 2328 1624 2384 alterius
1657 2335 1887 2383 naturm.

597 2421 829 2480 ALIUD.
866 2421 1163 2477 Psalmista
1212 2420 1362 2477 canit
1391 2439 1404 2476 :
1446 2438 1464 2472 ι
1507 2419 1625 2476 Νοη
1656 2420 1805 2477 enim
1835 2421 1889 2476 in
1921 2421 2104 2493 gladio

528 2531 630 2571 suo
671 2515 1038 2587 possederunt
1073 2520 1295 2580 terram,
1347 2521 1403 2569 et
1443 2513 1725 2569 brachium
1771 2528 1960 2571 eorum
1991 2530 2102 2571 non

529 2606 766 2663 salvavit
795 2620 918 2671 eos,
949 2604 1049 2663 sed
1088 2605 1310 2661 dextera
1341 2611 1458 2671 tua,
1500 2614 1555 2662 et
1592 2605 1879 2662 brachium
1925 2615 2103 2675 tuum,

527 2705 586 2752 et
621 2696 952 2752 illuminatio
999 2696 1185 2754 vultus
1221 2697 1300 2752 tui
1342 2697 1406 2753 ⁵³.
1453 2717 1472 2750 ι
1521 2697 1980 2755 llluminationem
2009 2700 2106 2756 Dei

531 2804 596 2844 ac
617 2786 800 2844 Patris
836 2789 926 2844 hic
968 2805 1164 2845 rursus
1197 2789 1448 2845 nominat
1491 2792 1881 2848 revelationem
1917 2808 2038 2862 quae
2075 2809 2106 2848 a

529 2877 672 2934 Filio
697 2887 784 2935 est
817 2893 915 2950 per
948 2877 1238 2951 Spiritum,
1277 2888 1332 2936 et
1354 2881 1696 2954 singularum
1733 2899 1917 2939 rerum
1949 2885 2108 2956 quasi

530 2968 1040 3036 manuductionem,
1070 2985 1102 3026 a
1133 2985 1248 3043 quo
1278 2987 1387 3027 uno
1430 2974 1636 3029 servati
1683 2982 1813 3030 sunt
1842 2973 2135 3032 Israelitae‘

530 3067 586 3116 et
612 3057 998 3130 IEgyptiorum
1025 3061 1319 3131 tyrannide
1349 3064 1584 3120 liberati.
1621 3064 1678 3120 Si
1711 3079 1842 3136 ergo
1877 3083 1985 3122 non
2021 3083 2112 3124 so-

2206 1885 2322 1955 νήν.
2361 1882 2480 1944 Φῶς
2508 1881 2616 1950 γὰρ
2647 1882 2705 1933 ὲν
2741 1878 2880 1949 φωτὶ
2919 1877 3037 1940 πῶς
3078 1877 3144 1930 ἂν
3181 1877 3390 1945 γένοιτο
3439 1873 3787 1944 καταφανές;

2275 1977 2478 2029 ΑΛΛΟ.
2506 1973 2563 2027 '0
2593 1971 2928 2043 Ψαλμῳδός’
2960 1988 2978 2021 ι
3011 1969 3129 2031 Φῶς
3157 1967 3396 2022 ἀνέτειλε
3420 1966 3496 2036 τῷ
3517 1963 3729 2033 δικαίῳ,
3763 1981 3782 2014 ι

2207 2067 2392 2140 φησιν’
2421 2068 2468 2119 εἰ
2517 2064 2613 2135 μὲν
2652 2063 2828 2134 ἔχοντι
2855 2061 2952 2116 καὶ
2997 2059 3071 2132 μὴ
3118 2058 3374 2130 δεομένῳ,
3426 2055 3696 2128 περιττόν.
3725 2054 3790 2108 Εἰ

2206 2158 2262 2212 δὲ
2294 2157 2368 2221 ὡς
2395 2157 2494 2209 οὐκ
2527 2154 2701 2224 ἔχοντι
2743 2153 2806 2206 τὸ
2843 2151 2956 2222 φῶς
2995 2151 3293 2216 ἀνατέλλει,
3335 2148 3452 2220 φῶς
3489 2149 3599 2219 ἄρα
3631 2147 3789 2218 μόνος

2207 2250 2237 2302 6
2263 2246 2590 2318 Μονογενὴς,
2635 2245 2814 2315 φωτὸς
2861 2243 2918 2298 δὲ
2960 2244 2996 2314 ἡ
3052 2242 3229 2307 κτίσις
3281 2241 3525 2314 μέτοχος,
3562 2239 3658 2293 καὶ
3701 2236 3791 2291 διὰ

2207 2340 2365 2394 τοῦτο
2391 2337 2682 2408 ἀλλοφυής.

2279 2427 2478 2482 ΑΛΛΟ.
2522 2426 2578 2478 '0
2613 2423 2912 2495 Ψαλμῳδός
2949 2438 3140 2494 φησιν·
3178 2439 3197 2473 ι
3229 2420 3302 2476 Οὐ
3330 2420 3437 2493 γὰρ
3468 2422 3524 2476 ὲν
3556 2421 3620 2490 τῇ
3657 2419 3790 2489 ρομ⁹

2211 2519 2346 2591 φαίᾳ
2375 2517 2553 2572 αὐτῶν
2587 2516 3032 2588 ἐκληρονόμησαν
3057 2516 3183 2585 γῆν,
3225 2515 3318 2568 καὶ
3352 2513 3382 2567 6
3428 2512 3662 2585 βραχίων
3695 2512 3792 2564 αὑ-

2209 2612 2318 2665 τῶν
2347 2611 2446 2664 οὐκ
2478 2608 2679 2662 ἔσωσεν
2713 2609 2930 2672 αὐτοὺς,
2961 2607 3077 2661 ἀλλ’
3103 2609 3135 2678 ἡ
3169 2607 3318 2673 δεξιά
3341 2623 3456 2670 σου,
3482 2604 3575 2658 καὶ
3601 2606 3629 2658 6
3659 2602 3790 2675 βρα-

2211 2701 2342 2772 χίων
2374 2716 2490 2764 σου,
2516 2698 2610 2752 acati.
2634 2699 2662 2751 6
2691 2695 2966 2767 φωτισμὺς
3011 2694 3106 2748 τοῦ
3146 2695 3438 2767 προσώπου
3476 2709 3592 2746 σου.
3629 2711 3647 2744 ι
3677 2693 3791 2743 Φω-

2211 2789 2402 2860 τισμὺν
2427 2786 2521 2840 τοῦ
2555 2784 2689 2840 Θεοῦ
2731 2785 2825 2838 καὶ⁴
2854 2783 3066 2854 Πατρὸς
3099 2781 3353 2853 ὀνομάζει
3389 2782 3550 2836 πάλιν
3578 2780 3636 2833 ὲν
3665 2776 3790 2832 τού-

2211 2892 2346 2940 τοις,
2379 2875 2478 2945 τὴν
2523 2873 2583 2939 ἐξ
2627 2871 2758 2926 Υἰοῦ
2801 2871 2890 2925 διὰ
2931 2871 3026 2924 τοῦ
3073 2870 3389 2942 Πνεύματος
3426 2867 3790 2937 ἀποκάλυψιν,

2215 2967 2311 3022 καὶ
2337 2965 2433 3033 τὴν
2466 2965 2548 3028 είς
2572 2963 2778 3019 ἕκαστα
2805 2963 2910 3017 τῶν
2939 2963 3106 3016 ὄντων
3132 2961 3518 3032 χειραγωγίαν,
3547 2961 3573 3012 ὃ
3601 2959 3666 3032 δὴ
3696 2958 3792 3012 καὶ

2221 3058 2377 3128 μόνον
2397 3057 2621 3110 διέσωσε
2644 3054 2737 3108 τὸν
2764 3053 3001 3124 Ἰσραὴλ,
3027 3055 3240 3124 καὶτῆς
3266 3053 3582 3120 Αἰγυπτίων
3607 3047 3794 3106 πλεον-

532 3148 618 3203 lus
655 3147 990 3220 Unigenitus
1038 3158 1123 3212 est
1156 3152 1250 3207 lux
1285 3167 1440 3219 vera,
1487 3155 1583 3211 sed
1636 3154 1876 3225 dignitas
1923 3159 2108 3215 eadem

2215 3149 2362 3216 εξίας
2387 3146 2726 3220 ἀπήλλαξενο
2760 3147 2914 3216 εἰπερ
2939 3138 3034 3199 οὗν
3080 3145 3139 3198 οὐ
3181 3146 3340 3216 μόνος
3387 3143 3534 3198 ἐστὶν
3561 3147 3588 3198 6
3621 3145 3798 3198 Μονο-

529 3247 614 3295 est
641 3241 697 3295 in
725 3243 1014 3310 creaturis,
1041 3243 1232 3315 quidni
1259 3247 1485 3318 proprio
1518 3248 1724 3305 lumine
1751 3251 1955 3306 servati
1984 3261 2111 3308 sunt

531 3331 810 3398 Israelita),
857 3334 958 3390 sed
993 3343 1219 3409 accepto
1263 3339 1444 3395 alieno
1492 3355 1594 3396 nec
1649 3342 1968 3398 necessario
2024 3343 2111 3398 lu-

531 3423 717 3480 mine?
763 3425 927 3496 Atqui
978 3429 1330 3486 manil‘estum
1363 3438 1446 3487 est
1483 3429 1838 3502 Unigenitum
1869 3442 1929 3489 ut
1970 3435 2112 3492 lucis

532 3516 907 3587 indigentibus
946 3519 1242 3578 illuxisse:
1293 3523 1466 3592 Igitur
1527 3524 1644 3593 ipse
1702 3541 1847 3580 unus
1893 3533 1979 3581 est
2017 3528 2112 3580 lux

535 3622 687 3673 vera,
716 3623 834 3662 eam
867 3616 1050 3664 autem
1085 3612 1154 3666 ab
1185 3611 1305 3680 ipso
1341 3621 1597 3667 creatura
1628 3616 1986 3684 consequitur
2016 3632 2114 3687 per

533 3698 787 3768 gratiam.
841 3700 999 3767 Quod
1035 3702 1083 3757 si
1113 3705 1188 3757 ita
1236 3713 1345 3771 est,
1393 3705 1668 3774 quomodo
1719 3705 1968 3777 ejusdem
2006 3709 2112 3764 erit

535 3805 659 3846 cum
692 3791 812 3863 ipso
845 3793 1098 3848 naturae?

605 4048 839 4111 ALIUD.
891 4054 1188 4112 Psalmista
1221 4075 1234 4112 :
1275 4074 1293 4108 ι
1325 4057 1544 4126 Beatus,
1585 4077 1603 4111 ι
1642 4059 1844 4132 inquit,
1875 4080 1894 4114 ι
1932 4078 2111 4135 popu-

534 4136 621 4194 lus
657 4140 753 4211 qui
779 4140 1318 4212 scitjubilationem:
1347 4144 1596 4212 Domine,
1615 4147 1894 4205 inlumine
1926 4152 2110 4208 vultus

531 4231 611 4285 tui
644 4232 1004 4289 ambulabunt
1044 4233 1112 4290 “.
1153 4252 1174 4286 ι
1212 4235 1412 4303 Quidni
1447 4238 1631 4309 potius
1668 4239 1774 4310 ipsi
1813 4241 1867 4295 in
1897 4257 1998 4297 suo
2029 4242 2113 4296 lu-

533 4321 681 4377 mine
713 4323 1226 4380 ambulabunt?aut
1253 4341 1375 4396 cur,
1409 4342 1618 4397 quaeso,
1647 4329 1866 4385 aliunde
1887 4340 2110 4400 accepta

2213 3241 2374 3314 γενὴς
2398 3241 2458 3295 τὸ
2486 3241 2601 3311 φῶς
2630 3239 2690 3294 τό
2715 3239 2988 3312 ἀληθινὸν,
3014 3239 3309 3310 ἐνυπάρχει
3347 3240 3405 3293 δὲ
3445 3239 3538 3292 καὶ
3560 3239 3673 3300 τοῖς
3698 3253 3794 3306 γε-

2213 3338 2392 3407 νητοῖς
2429 3334 2489 3388 τὸ
2519 3335 2631 3388 ἴσον
2660 3331 2895 3402 ἀξίωμα,
2936 3330 2988 3384 τί
3032 3329 3107 3401 μὴ
3141 3328 3220 3400 τῷ
3257 3330 3440 3399 οἰκείῳ
3481 3326 3795 3387 διεσώζοντο

2214 3428 2353 3498 φωτὶ
2411 3427 2460 3479 οἰ
2516 3424 2644 3496 περὶ
2685 3417 2759 3476 ὧν
2809 3425 2838 3476 6
2880 3423 3066 3492 λόγος,
3129 3421 3466 3493 προσθήκαις
3509 3420 3566 3473 δὲ
3606 3417 3792 3489 ὥσπερ

2213 3513 2494 3584 ἀλλοτρίου
2555 3512 2651 3566 καὶ
2686 3511 2789 3565 οὐκ
2832 3511 3130 3580 ἀναγκαίου
3169 3511 3346 3581 φωτὸς
3391 3507 3793 3580 ἐφοδιαζόμενοι

2214 3606 2526 3677 φαίνονται;
2579 3603 2716 3657 Ἀλλ’
2772 3602 2887 3656 ἔστι
2937 3601 3117 3672 δῆλον,
3176 3602 3252 3665 ὡς
3297 3601 3571 3672 δεομένοις
3617 3599 3794 3669 φωτὸς

2214 3697 2524 3768 ἐπέλαμψεν
2555 3698 2582 3750 ὁ
2613 3697 2959 3767 Μονογενής·
2988 3692 3184 3747 οὐκοῦν
3223 3692 3383 3755 αὐτὸς
3429 3695 3526 3762 μὲν
3571 3693 3667 3745 καὶ
3700 3690 3797 3761 μό·

2214 3807 2302 3853 νος
2323 3789 2384 3842 τὸ
2413 3788 2528 3856 φῶς
2552 3790 2668 3841 ἐστι
2697 3787 2756 3841 τὸ
2785 3785 3056 3857 ἀληθινὸν,
3083 3783 3383 3849 δανείζεται
3403 3782 3457 3836 δὲ
3480 3782 3610 3852 παρ’
3631 3779 3794 3835 αὐτοῦ

2212 3880 2310 3952 τὴν
2337 3879 2494 3949 χάριν
2538 3879 2572 3948 ἡ
2611 3876 2810 3940 κτίσις.
2844 3877 2909 3929 Εἰ
2943 3874 2998 3927 δὲ
3026 3873 3204 3940 τοῦτο,
3245 3873 3362 3938 πῶς
3397 3874 3462 3928 ἂν
3490 3873 3575 3945 εἴη
3613 3872 3795 3926 λοιπὸν

2214 3972 2308 4026 καὶ
2336 3970 2582 4041 όμοφυὴς
2617 3968 2766 4040 αὐτῷ
2789 3986 2802 4035 ;

2280 4064 2482 4117 AAAO.
2517 4063 2576 4114 '0
2610 4060 2948 4130 Ψαλμῳδός·
2999 4077 3016 4110 ι
3063 4058 3367 4130 Μακάριος,
3423 4075 3440 4108 ι
3484 4056 3672 4126 φησὶν,
3708 4074 3728 4107 ι
3769 4059 3795 4108 ὀ

2212 4156 2338 4221 λαὸς
2372 4157 2401 4209 6
2425 4153 2705 4227 γινώσκων
2732 4152 3065 4222 ἀλαλαγμόν·
3090 4150 3282 4222 Κύριε,
3319 4153 3376 4203 ὲν
3423 4148 3502 4220 τῷ
3525 4149 3664 4218 φωτὶ
3702 4146 3795 4201 τοῦ

2214 4248 2506 4318 προσώπου
2547 4263 2641 4298 σου
2675 4243 3048 4316 πορεύσονται.
3083 4261 3101 4293 ι
3127 4241 3276 4294 Διατί
3304 4241 3378 4312 μὴ
3407 4240 3606 4311 μᾶλλον
3634 4240 3693 4293 ὲν
3719 4237 3796 4309 τῷ

2217 4344 2332 4415 ἰδίῳ
2360 4342 2455 4396 καὶ
2481 4341 2635 4396 αὐτοὶ
2675 4338 2978 4410 βαδιοῦνται
3004 4337 3175 4406 φωτί;
3215 4337 3267 4388 τί
3311 4335 3390 4400 δὲ,
3416 4335 3538 4388 εἰπέ
3571 4350 3683 4404 μοι,
3707 4332 3797 4384 τδν

532 4412 934 4471 illuminatione
966 4416 1070 4472 sibi
1099 4417 1188 4472 vix
1215 4419 1446 4474 salutem
1489 4421 1808 4486 conciliant,
1843 4422 1891 4477 si
1921 4437 2108 4492 reapse

2215 4412 2344 4507 παρ’
2383 4434 2570 4506 ἐτέρου
2629 4431 2975 4500 συλλέγοντες
3023 4427 3337 4500 φωτισμὸν,
3393 4427 3544 4498 μόλις
3588 4427 3798 4487 ἑαυτοῖς

531 4520 661 4561 vera
691 4515 818 4562 sunt
858 4508 963 4579 ipsi
1004 4509 1116 4574 lux,
1155 4526 1266 4566 non
1301 4527 1466 4568 secus
1493 4526 1557 4568 ac
1583 4514 1673 4570 ille
1706 4512 1802 4570 Dei
1833 4528 1900 4568 ac
1933 4513 2108 4572 Patris

2215 4527 2540 4599 κατορθοῦσι
2569 4525 2665 4596 τὴν
2696 4523 2989 4594 σωτηρίαν,
3032 4522 3189 4590 εἴπερ
3220 4520 3390 4581 ὅντως
3430 4518 3539 4572 είσί.
3567 4517 3662 4571 καὶ
3695 4516 3796 4569 αὺ-

531 4598 738 4664 vultus,
771 4599 877 4655 hoc
915 4609 1001 4658 est
1038 4600 1247 4659 Filius?
1297 4603 1465 4674 Atqui
1512 4605 1716 4660 nemini
1772 4605 1996 4661 dubium
2028 4613 2113 4662 est

533 4687 772 4745 Verbum
803 4701 1072 4748 creaturae
1114 4693 1577 4751 illuminationem
1619 4696 1829 4768 largiri,
1864 4705 1923 4751 ut
1970 4696 2113 4752 indi-

496 4847 514 4860 η
533 4783 706 4852 genti,
733 4778 885 4839 hanc'
907 4794 1096 4845 autem
1125 4796 1351 4858 accepto
1383 4803 1450 4844 eo
1482 4789 1628 4860 quod
1659 4804 1769 4844 non
1796 4791 1981 4855 habet,
2012 4792 2114 4846 sal-

497 4851 514 4922 Ψ
538 4873 675 4927 vari.
705 4873 989 4939 Quomodo
1008 4892 1139 4949 ergo
1168 4879 1308 4934 idem
1336 4891 1498 4936 erunt
1525 4882 1708 4952 quoad
1741 4883 2110 4940 substantiam

497 4975 502 4981 '
539 4963 884 5036 Unigcnitus,
917 4975 972 5023 et
1010 4984 1130 5040 qua:
1153 4986 1250 5041 per
1280 4972 1461 5043 ipsum
1490 4972 1633 5029 facta
1667 4976 1834 5031 sunt?

607 5235 839 5292 ALIUD.
880 5237 1216 5298 Psalmista:
1280 5262 1300 5296 ι
1348 5243 1608 5300 Exortum
1653 5257 1737 5302 est
1772 5249 1824 5304 in
1875 5251 2116 5309 tenebris

541 5331 725 5386 lumen
756 5331 943 5400 rectis,
985 5350 1003 5384 ι
1057 5333 1234 5404 inquit
1283 5336 1349 5390 ⁵⁵.
1397 5336 1682 5404 Quomodo
1728 5341 1894 5406 enim,
1931 5359 2118 5413 quaeso

540 5432 611 5490 te,
645 5425 753 5482 erit
776 5434 962 5482 reetus
1006 5424 1060 5479 in
1094 5426 1356 5494 tenebris,
1401 5443 1528 5484 cum
1557 5431 1628 5487 sit
1670 5432 1836 5487 etiam
1878 5433 1994 5505 ipse
2025 5436 2116 5492 lux

543 5529 692 5581 vera,
725 5515 1168 5587 quandoquidem
1206 5518 1259 5574 id
1291 5519 1455 5576 habet
1499 5537 1718 5593 quoque
1748 5539 1928 5580 rerum
1959 5542 2116 5583 crea-

546 5613 728 5661 tarum
759 5617 957 5666 natura
992 5625 1104 5667 non
1135 5626 1297 5669 secus
1327 5627 1392 5668 ac
1439 5612 1807 5687 Unigenitus?
1859 5619 2016 5686 Quod
2065 5623 2112 5677 si

2216 4622 2298 4674 τοι
2338 4619 2479 4674 κατά
2519 4617 2774 4689 ἀλήθειαν
2808 4614 2944 4684 φῶς,
2994 4613 3182 4683 ὥσπερ
3226 4608 3322 4664 οὖν
3369 4610 3584 4681 ἀμέλει,
3615 4608 3709 4662 καί
3741 4607 3801 4661 τὸ

2214 4713 2505 4783 πρόσωπον
2553 4706 2646 4762 τοῦ
2705 4706 2840 4761 Θεοῦ
2923 4706 3016 4759 καὶ
3073 4704 3306 4774 Πατρὸς,
3355 4701 3497 4755 τοῦτ’
3549 4701 3715 4765 ἐστιν,
3775 4702 3802 4753 6

2215 4803 2374 4866 Υἱός;
2419 4800 2533 4854 ἀλλ’
2582 4799 2747 4861 ἐστιν,
2778 4795 2951 4867 οἶμαι,
2990 4795 3152 4848 παντί
3207 4811 3285 4864 τῳ
3337 4791 3667 4861 καταφανὲς,
3720 4791 3802 4844 ὃτι

2217 4893 2446 4966 χορηγεῖ
2500 4889 2597 4960 μὲν
2635 4891 2662 4942 ὁ
2688 4889 2858 4956 Λόγος
2888 4885 2963 4948 ὡς
3001 4884 3230 4954 δεομένῃ
3267 4885 3332 4953 τῇ
3369 4881 3542 4935 κτίσει
3570 4881 3661 4935 τὸν
3691 4898 3803 4950 φω-

2220 4982 2492 5056 τισμὸν,ὴ
2528 4980 2585 5034 δὲ
2623 4981 2758 5050 ὅπερ
2787 4979 2887 5033 οὐκ
2940 4976 3051 5048 ἕχει
3096 4974 3334 5028 λαϐοῦσα
3383 4973 3636 5037 σώζεται.
3680 4971 3805 5035 Πῶς

2223 5069 2315 5129 οῦν
2354 5073 2434 5127 ἔτι
2477 5071 2666 5126 ταυτὸν
2696 5072 2776 5134 εἰς
2817 5069 3007 5122 οὐσίαν
3052 5068 3080 5120 6
3113 5065 3441 5137 Μονογενὴς,
3488 5065 3584 5118 καὶ
3631 5065 3700 5118 τὰ

2224 5166 2387 5223 αὐτοῦ
2422 5165 2682 5235 γεγονότα
2707 5180 2722 5228 ;

2292 5259 2492 5312 AAAO.
2534 5257 2593 5311 Ὀ
2640 5239 2944 5324 Ψαλμῳδός
2981 5268 2994 5280 -
3039 5270 3058 5304 ι
3099 5250 3464 5316 Ἐξανέτειλεν
3509 5251 3568 5303 ὲν
3625 5249 3807 5302 σκότει

2224 5350 2340 5420 φῶς
2366 5352 2479 5412 τοῖς
2501 5346 2706 5408 εὐθέσι,
2744 5363 2762 5396 ι
2798 5344 2982 5414 φησίν.
3028 5344 3153 5407 Πῶς
3181 5343 3289 5413 γὰρ
3315 5342 3452 5405 ὅλως
3485 5337 3553 5412 ἦν
3579 5341 3607 5392 ὁ
3645 5338 3809 5403 εὐθὺς

2223 5443 2280 5496 ὲν
2309 5443 2487 5495 σκότει
2514 5438 2629 5508 φῶς
2651 5435 2911 5506 ὑπάρχων
2936 5435 3026 5488 καὶ
3055 5434 3216 5497 αὐτὸς
3256 5434 3316 5486 τὸ
3344 5431 3618 5502 ἀληθινὸν,
3647 5431 3808 5500 εἴπερ

2149 5572 2160 5583 .
2221 5531 2334 5603 ἔχει
2364 5531 2520 5585 τοῦτο
2550 5528 2644 5582 καὶ
2674 5525 2782 5580 τῶν
2812 5523 3056 5596 γενητῶν
3088 5525 3122 5595 ἡ
3151 5522 3333 5592 φύσις,
3362 5522 3551 5603 ὥσπερ
3577 5520 3606 5572 6
3639 5519 3810 5572 Μονο-

2220 5626 2411 5696 γενής;
2467 5623 2533 5676 Εἰ
2585 5620 2641 5674 δὲ
2682 5618 2780 5671 οὐκ
2833 5617 3013 5687 ἔχουσι
3058 5618 3169 5679 τοῖς
3211 5614 3390 5668 εὑοέσι
3431 5610 3492 5664 τὸ
3522 5610 3637 5680 φῶς
3667 5610 3808 5664 ἀπο-

620 5721 680 5806 '1
706 5720 850 5806 Psal.
883 5741 954 5789 ιν,
986 5726 1041 5806 7.
1120 5729 1161 5763 "
1206 5729 1364 5786 Joan.
1436 5750 1546 5802 xlv,
1575 5737 1628 5792 9.
1706 5736 1752 5769 "
1792 5733 1935 5793 Psal.
2000 5754 2162 5806 xcvi,
2208 5737 2294 5793 11.
2373 5736 2418 5771 ⁸³
2457 5735 2606 5794 Psal.
2664 5746 2834 5799 mu,
2894 5730 2946 5787 4.
3026 5729 3070 5761 ⁸⁸
3139 5726 3285 5782 Psal.
3345 5737 3629 5790 uxxvm,
3714 5719 3802 5779 i6.

559 5791 604 5824 "
641 5788 784 5848 I’sal.
819 5809 902 5850 cxi
924 5788 949 5864 ,⁷
974 5798 1024 5852 ἰ.
