4092 6274
314 303 410 363 £2!

1349 320 1420 377 IN
1440 285 1725 383 JOANNIS
1761 326 2205 393 EVANGELIUM
2234 336 2364 396 LIB.
2406 339 2452 398 ι.

3475 347 3580 408 {22

320 425 625 530 στέλλεται,
662 429 869 487 πολλῶν
895 433 1025 506 ἡμῖν
1055 435 1115 490 οὐ
1147 437 1325 510 δεήσει
1363 440 1564 513 λόγωνο
1617 447 1755 520 αὑτὴ
1792 449 1887 521 γὰρ

2000 452 2186 511 lumen
2215 459 2383 514 rectis
2411 458 2668 525 mittitur,
2698 464 2959 530 tanquam
3000 459 3104 530 τι
3141 474 3205 515 ea
3239 463 3578 533 carentibus,

319 517 355 584 ἠ
384 516 495 611 τῶν
523 521 866 592 πραγμάτων
909 524 1196 599 ἀναδοήσει
1242 529 1422 602 φύσις,
1453 533 1530 598 ὡς
1571 536 1671 590 οὐκ
1705 516 1770 592 ἂν
1803 516 1896 611 εἴη

316 609 513 700 ταυτὸν
541 612 621 675 είς
651 611 836 668 οὐσίαν
861 613 940 685 τῷ
966 615 1157 688 τελείῳ
1184 619 1246 674 τὺ
1288 622 1517 691 ὲπιδεὲς,
1552 623 1632 697 τῷ
1662 609 1900 700 δεομένῴ

319 697 382 753 τὸ
419 701 689 773 χορηγοῦν
719 705 784 758 ὲκ
812 704 1173 779 πλεονασμοῦ.

392 880 593 974 AAAO.
630 901 650 934 ι
677 883 938 951 Φωτίζου,
967 889 1614 969 φωτίζου,Ἰερουσαλὴμ,
1643 898 1767 971 ἥκει
1791 901 1900 974 γάρ

323 984 417 1024 σου
447 972 508 1025 τὸ
532 974 665 1043 φῶς,
694 977 789 1030 καλ⁵
813 978 845 1047 ἡ
874 978 999 1046 δόξα
1028 983 1233 1053 Κυρίου
1266 987 1358 1039 ἐπὶ
1382 988 1441 1041 σὲ
1466 990 1846 1050 ἀνατέταλκεν.

317 1060 382 1116 Εί
426 1064 530 1154 μὲν
569 1065 782 1119 οίκοθεν
824 1067 937 1139 ἔχει
969 1071 1030 1125 τὸ
1056 1073 1172 1141 φῶς
1209 1079 1242 1147 ή
1292 1078 1400 1131 τῶν
1444 1084 1687 1153 γενητῶν
1716 1084 1897 1154 φύσις,

319 1155 413 1208 καὶ
439 1153 598 1209 τοῦτό
629 1158 744 1211 ἐστι
772 1160 997 1231 κυρίως,
1035 1164 1172 1237 ὅπερ
1204 1161 1344 1221 εἷναί
1382 1187 1562 1242 φαμεν
1602 1174 1694 1229 τὸν
1722 1153 1899 1232 Μονο-

318 1248 450 1345 γενῆ
481 1249 625 1303 κατά
654 1266 718 1320 γε
758 1252 821 1306 τὸ
858 1250 998 1309 εῖναι
1029 1257 1147 1327 φῶς
1178 1260 1450 1332 ἀληθινὸν,
1493 1266 1610 1331 πῶς
1640 1269 1706 1323 ἂν
1731 1270 1897 1345 δεηθῇ

317 1338 411 1392 τοῦ
459 1341 784 1434 φωτίζοντος
831 1347 996 1403 αὐτὸν
1044 1349 1152 1422 [Ian
1181 1353 1371 1427 αὐτὴν]
1417 1358 1450 1428 ή
1502 1338 1897 1434 Ἰερουσαλήμ-ξ

330 1431 548 1527 ἶῌπειδὴ
578 1434 635 1488 δὲ
664 1434 740 1501 ὡς
783 1437 842 1492 ὲν
871 1438 1095 1510 χάριτος
1123 1443 1277 1516 μέρει
1310 1446 1371 1500 τὸ
1398 1450 1726 1518 φωτίζεσθαι
1755 1431 1897 1527 λᾶμ-

318 1521 493 1617 δάνει,
535 1526 692 1617 μόνος
720 1528 831 1601 ἄρα
866 1531 928 1584 τδ
965 1532 1081 1602 φῶς
1108 1536 1169 1589 τὸ
1195 1536 1445 1609 ἀληθινὸν
1469 1544 1498 1596 6
1525 1543 1653 1609 Υίδς
1678 1545 1706 1598 6
1734 1521 1901 1617 φωτί-

320 1612 429 1677 ζων
457 1615 652 1687 αὐτὴν,
698 1619 792 1672 καὶ
833 1619 968 1691 ὅπερ
998 1625 1098 1677 οὐκ
1129 1623 1244 1697 ἔχει
1280 1627 1476 1695 διδούς.
1518 1632 1581 1685 Εί
1624 1634 1681 1687 δὲ
1719 1612 1898 1704 τοῦτο,

321 1706 444 1770 πῶς
492 1707 556 1761 οὐ
599 1707 813 1775 πάντως
858 1713 953 1766 καὶ¹
995 1713 1183 1788 ἔτερος
1232 1719 1377 1774 κατὰ
1421 1721 1618 1792 φύσιν,
1655 1725 1732 1791 ὡς
1764 1730 1901 1801 πρὸς

324 1797 490 1851 αὐτόν
509 1816 524 1866 ;

394 1889 603 1945 AAAO.
649 1908 669 1942 ι
709 1889 837 1945 Ἰδοὺ
866 1892 1073 1949 δέδωκά
1099 1912 1158 1949 σε
1184 1898 1265 1962 είς
1291 1899 1552 1975 διαθήκην
1580 1903 1789 1974 γένους,
1817 1909 1896 1973 είς

323 1983 443 2071 φῌῶς
466 1980 654 2055 ἐθνῶν.
687 2001 705 2033 ι
745 1982 870 2047 Πῶς
901 1983 1009 2054 γὰρ
1037 1986 1174 2050 ὅλως
1200 1989 1592 2063 ὲδεήθηφωτὸς
1616 1998 1648 2068 ή
1677 1998 1770 2051 ἐπὶ
1794 1999 1898 2071 γῆς

317 2066 451 2124 οὖσα
477 2071 668 2144 λογικὴ
705 2073 912 2141 κτίσις,
959 2076 1120 2150 είπερ
1151 2079 1268 2133 ἐστὶ
1300 2084 1437 2137 κατά
1468 2066 1815 2162 φύσινῗαύτῇῖ

313 2156 455 2215 εἶναι
484 2161 601 2232 φῶς
626 2162 686 2217 τὸ
718 2164 1004 2235 ἁληθινόν;
1052 2167 1137 2233 Ὠς
1176 2171 1283 2243 γὰρ
1309 2173 1409 2227 οὐκ
1438 2176 1635 2252 ἐχούσῃ
1678 2156 1893 2252 ﬁmi-6i-

311 2253 476 2306 δωσιν
517 2257 547 2308 6
578 2255 710 2321 Θεὸς
736 2259 828 2312 καὶ
844 2259 1032 2333 Πατὴρ
1055 2262 1145 2316 τὸν
1167 2261 1294 2318 ἴδιον
1317 2266 1462 2321 Υἱόν·
1508 2271 1540 2340 ἡ
1565 2271 1620 2324 δὲ
1640 2273 1780 2328 οὕτω
1799 2274 1897 2330 λα-

313 2344 482 2399 δοῦσα
517 2346 586 2400 δι’
622 2348 787 2403 αὐτοῦ
816 2350 1002 2423 βοήσει
1041 2352 1137 2407 τοῦ
1172 2357 1513 2428 πράγματος,
1559 2365 1781 2437 καὶτῆς
1811 2370 1892 2421 οἶα

316 2437 468 2502 κείας
490 2437 714 2530 φύσεως
748 2441 848 2513 τὴν
880 2444 1094 2513 πενίαν,
1127 2448 1218 2501 καὶ
1243 2450 1333 2504 τοῦ
1364 2453 1686 2522 φωτίζοντος
1717 2460 1892 2530 Λόγου

311 2528 374 2581 τὸ
408 2528 661 2586 πλούσιον
692 2532 928 2605 ἀξίωμα.

380 2624 583 2681 ΑΛΛΟ.
633 2646 652 2680 ι
681 2628 793 2683 Καὶ
811 2629 905 2684 νῦν
925 2633 953 2685 6
973 2626 1120 2697 οἶκος
1144 2634 1238 2688 τοῦ
1276 2636 1487 2704 Ἰακὼϐ,
1513 2641 1665 2695 δεῦτε
1693 2661 1893 2717 πορευ-

312 2713 496 2786 θῶμεν
526 2716 605 2789 τῷ
634 2720 775 2789 φωτὶ
824 2721 1049 2794 Κυρίου.
1081 2743 1102 2778 ι
1157 2725 1257 2780 Διὰ
1287 2727 1340 2781 τί
1374 2732 1468 2783 καὶ
1507 2725 1652 2786 οὗτοι
1702 2713 1778 2805 μή
1812 2736 1891 2808 τῷ

309 2808 494 2879 οἰκείῳ
524 2810 845 2882 πορεύονται
887 2815 1045 2884 φωτὶ,
1087 2816 1336 2889 δᾳδουχεί
1368 2820 1424 2874 δὲ
1452 2823 1634 2887 αὐτοῖς
1659 2825 1687 2877 6
1716 2828 1890 2881 Μονο-

310 2900 473 2969 γενὴς
504 2900 565 2954 τὸ
610 2902 740 2958 ἴδιον
785 2904 951 2960 αὐτοῦ
993 2908 1096 2978 τῆς
1143 2910 1330 2977 οὐσίας
1375 2915 1603 2979 ἐντιθεὶς
1647 2919 1885 2987 ἀγαθόν;

324 2990 461 3045 Ἀλλ’
495 2994 558 3047 οὐ
603 2993 682 3065 τῷ
712 2996 894 3069 οἰκείῳ
926 2998 1298 3072 θαρρήσαντες
1332 3005 1665 3071 δανείζονται
1698 3010 1759 3063 τὸ
1788 3011 1887 3064 ἀλ-

1999 559 2109 600 non
2144 546 2334 603 multis
2359 548 2542 603 verbis
2571 547 2732 604 nobis
2767 562 2905 619 opus
2929 556 3013 605 est
3045 569 3059 605 :
3107 552 3229 621 ipsa
3256 552 3459 624 quippe
3488 570 3581 613 re-

1998 651 2120 692 rum
2147 644 2348 693 natura
2402 639 2661 694 clamabit
2712 654 2821 694 non
2856 655 2982 697 esse
3032 640 3177 698 idem
3216 644 3401 714 quoad
3449 646 3583 704 sub-

2000 727 2258 783 stantiam
2284 743 2410 785 cum
2464 728 2709 800 perfecto
2738 729 2796 785 id
2841 730 2988 800 quod
3026 740 3170 803 eget,
3230 750 3411 806 neque
3454 752 3579 793 cum

2000 818 2191 890 indigo
2222 819 2276 875 id
2308 820 2458 892 quod
2488 820 2692 876 aﬂ‘atim
2725 822 2977 893 largitur.

2070 908 2304 968 ALIUD.
2361 930 2381 964 ι
2430 913 2783 979 llluminare,
2832 914 3166 984 illuminare,
3205 916 3513 976 Jerusalem
3564 941 3577 978 :

2001 1003 2153 1057 venit
2206 1004 2352 1059 enim
2388 1005 2575 1061 lumen
2610 1013 2786 1070 tuum,
2831 1016 2886 1062 et
2932 1007 3106 1078 gloria
3147 1007 3361 1065 Domini
3410 1026 3581 1083 super

2001 1102 2055 1151 te
2083 1105 2204 1151 orta
2228 1106 2313 1153 est
2336 1098 2402 1153 ⁸⁸.
2439 1117 2459 1151 ι
2492 1098 2562 1152 At
2595 1099 2641 1154 si
2674 1114 2782 1156 ase
2808 1099 2995 1155 lumen
3025 1100 3189 1157 habet
3215 1117 3397 1157 rerum
3421 1119 3579 1160 crea-

2000 1195 2183 1243 tarum
2222 1196 2446 1255 natura,
2489 1198 2654 1261 atque
2701 1191 2755 1247 id
2786 1193 3011 1263 proprie
3049 1201 3164 1260 est,
3195 1194 3342 1263 quod
3375 1193 3580 1266 Unige-

1998 1280 2175 1335 nitum
2208 1296 2334 1337 esse
2369 1281 2642 1351 dicimus,
2678 1285 2942 1341 nimirum
2971 1287 3064 1342 lux
3112 1302 3265 1352 vera,
3301 1288 3578 1358 quomodo

2000 1368 2126 1426 luce
2165 1369 2433 1442 indigebit
2481 1370 2785 1431 Jerusalem
2817 1391 2848 1430 a
2875 1391 2985 1446 qua
3032 1377 3413 1433 illuminctur‘l
3437 1376 3576 1433 Cum

2000 1466 2183 1515 autem
2239 1462 2425 1531 gratiae
2454 1462 2577 1519 loco
2610 1464 3075 1524 illuminationem
3108 1469 3377 1540 accipiat,
3421 1470 3575 1526 solus

1999 1564 2133 1623 ergo
2161 1567 2292 1608 vera
2320 1554 2414 1609 lux
2451 1564 2537 1613 est
2569 1554 2743 1612 Filius
2780 1558 2873 1631 qui
2909 1557 3211 1616 Jerusalem
3262 1561 3572 1627 illuminat,

1999 1641 2160 1712 eique
2204 1642 2381 1699 lucem
2422 1660 2533 1716 qua
2572 1653 2726 1701 caret
2768 1647 3030 1717 impertit.
3073 1647 3230 1715 Quod
3290 1650 3337 1706 si
3385 1665 3576 1705 verum

1999 1743 2114 1800 est,
2153 1737 2249 1807 qui
2282 1736 2400 1793 ﬁeri
2434 1746 2623 1809 potest
2660 1748 2719 1795 ut
2779 1754 2887 1795 non
2925 1741 2998 1796 sit
3041 1742 3296 1800 diversus
3343 1743 3415 1800 ab
3454 1745 3577 1816 ipso

2000 1829 2307 1885 secundum
2337 1833 2635 1888 naturam?

2070 1919 2303 1977 ALIUD.
2334 1940 2353 1974 ι
2386 1922 2528 1979 Ecce
2561 1925 2686 1981 dedi
2721 1936 2774 1983 te
2802 1927 2859 1983 in
2900 1933 3297 1983 testamentum
3333 1928 3573 2000 generis,
3688 1920 3695 1927 ’

1997 2010 2053 2065 in
2084 2011 2264 2068 lucem
2297 2014 2539 2085 gentium
2571 2016 2638 2071 ".
2678 2035 2696 2068 ι
2732 2016 3022 2084 Quomodo
3049 2018 3223 2083 enim,
3251 2034 3456 2089 quaeso,
3487 2018 3573 2072 lu-

1996 2103 2077 2160 cis
2108 2103 2347 2176 indiguit
2391 2107 2676 2165 rationalis
2707 2124 2771 2163 ac
2794 2118 3015 2165 terrena
3049 2119 3327 2174 creatura,
3364 2112 3410 2166 si
3446 2110 3575 2182 qui-

1995 2196 2119 2252 dem
2150 2198 2243 2253 lux
2266 2214 2394 2254 vera
2427 2207 2513 2255 est
2542 2216 2638 2271 per
2672 2203 2973 2256 naturam?
2998 2203 3058 2257 Ei
3099 2203 3306 2273 quippe
3337 2201 3483 2258 Deus
3509 2217 3574 2258 ac

1995 2288 2158 2345 Pater
2195 2305 2293 2346 ceu
2330 2307 2441 2347 non
2481 2292 2706 2347 habenti
2738 2308 2900 2347 suum
2936 2292 3029 2347 dat
3078 2292 3300 2349 Filium.
3335 2294 3454 2361 Quo
3497 2295 3573 2348 ita

1996 2391 2273 2453 suscepto,
2316 2383 2437 2454 ipso
2477 2381 2624 2437 facto
2663 2381 2928 2452 prmdicat
2964 2393 3018 2438 et
3069 2399 3184 2439 suae
3219 2393 3430 2438 natura:
3471 2398 3570 2454 pe-

1994 2474 2242 2540 nuriam,
2296 2483 2351 2531 et
2413 2475 2783 2531 illuminantis
2851 2475 3017 2532 Verbi
3075 2475 3569 2547 locupletissimam

1994 2565 2338 2635 dignitatem.

2061 2655 2293 2711 ALIUD.
2328 2676 2347 2710 ι
2390 2657 2456 2712 Et
2487 2674 2659 2726 nunc,
2692 2659 2889 2714 domus
2923 2656 3115 2723 Jacob,
3139 2657 3343 2719 venite,
3376 2655 3572 2711 ambu-

1992 2746 2167 2803 lemus
2191 2749 2248 2802 in
2267 2749 2390 2814 luce
2414 2750 2623 2804 Domini
2642 2751 2707 2804 ⁸⁸.
2735 2768 2753 2801 ι
2772 2749 2976 2816 Quidni
3001 2764 3102 2804 sua
3126 2749 3248 2804 luce
3276 2749 3327 2802 hi
3353 2762 3571 2819 quoque

1991 2840 2294 2904 ambulant,
2338 2841 2432 2895 sed
2471 2858 2566 2898 eos
2613 2843 2852 2897 illustrat
2882 2840 3228 2912 Unigenitus,
3283 2841 3568 2911 proprium

1990 2933 2245 2986 essentia:
2271 2948 2384 2987 suae
2409 2932 2610 2987 bunum
2647 2933 2785 3003 ipsis
2817 2932 3113 2988 inserens?
3146 2935 3214 2985 At
3249 2932 3570 3000 quicunque

1991 3038 2091 3078 suo
2116 3024 2433 3088 conﬁdunt,
2465 3024 2706 3079 alienum
2751 3040 2862 3078 non
2897 3023 3220 3095 quaeritant.
3251 3020 3405 3078 Istud
3432 3036 3569 3093 ergo

310 3081 543 3153 λάτριον.
599 3085 688 3149 Ὠς
726 3086 827 3141 οὑκ
874 3087 1088 3161 ἔχοντες
1135 3092 1264 3165 ἄρα,
1306 3096 1463 3150 τοῦτο
1517 3102 1689 3154 ποιεῖν
1721 3102 1887 3170 ἐγνώ-

1991 3112 2231 3181 facinnt,
2265 3115 2423 3185 quasi
2446 3129 2557 3170 non
2591 3114 2888 3170 habentes.

310 3191 496 3230 κασιν.

380 3262 584 3353 ΑᾼΛο.
624 3265 682 3319 ’0
704 3267 919 3342 Σωτήρ·
951 3290 969 3324 ι
990 3271 1131 3343 Ἐγὼ
1152 3277 1266 3348 είμι
1285 3276 1345 3331 τὸ
1370 3277 1486 3347 φῶς
1504 3279 1597 3332 τοῦ
1621 3281 1846 3353 κόσμου,
1861 3304 1881 3337 ι

310 3352 512 3446 φησίν·
546 3372 565 3406 t
603 3357 632 3409 6
653 3357 955 3415 ἀκολουθῶν
990 3364 1133 3434 ἐμοὶ,
1164 3366 1225 3419 οὑ
1260 3366 1335 3438 μὴ
1360 3372 1708 3445 περιπατήσῃ
1729 3352 1790 3427 γὲν
1815 3377 1882 3446 τῇ

310 3445 521 3536 σκοτίᾳ,
551 3448 664 3502 ἀλλ’
691 3449 800 3515 ἕξει
843 3451 902 3506 τὺ
945 3454 1062 3524 φῶς
1097 3458 1198 3528 τῆς
1241 3458 1406 3531 ζωῆς.
1438 3480 1458 3513 ι
1501 3445 1885 3536 ’Ἀποτολμάτω

308 3535 403 3628 καὶ
454 3538 486 3608 ή
539 3539 715 3628 κτίσις
761 3541 861 3613 τὴν
909 3544 1165 3617 τοιαύτην
1204 3547 1644 3619 ἀναφθέγξασθαι
1679 3535 1879 3628 φωνὴν,

306 3620 463 3693 εἴπερ
490 3625 605 3680 ἐστὶ
633 3629 727 3682 καὶ
752 3630 889 3702 αὐτὴ
921 3633 1064 3686 κατὰ
1092 3634 1349 3705 ἀλήθειαν
1376 3639 1492 3707 φῶς
1515 3656 1530 3672 ο
1578 3643 1625 3696 εί
1659 3620 1716 3697 δὲ

305 3712 515 3809 φρίττει
542 3715 605 3809 τδ
635 3718 810 3790 ῥῆμα,
843 3723 937 3778 καὶ
970 3723 1032 3777 τὸ
1065 3727 1297 3801 πρᾶγμα
1326 3728 1615 3799 φθέγξεται
1648 3734 1709 3788 τὸ
1747 3736 1875 3809 ἀλη-

304 3801 446 3858 θινὸν
473 3805 850 3880 ὁμολογήσασα
863 3812 999 3882 φῶς,
1030 3815 1174 3871 τοῦτ’
1204 3818 1340 3887 ἐστι,
1368 3821 1459 3876 τὸν
1491 3823 1636 3879 Υίόν.

369 3895 573 3955 ΔΛΛΟ.
620 3917 640 3952 ‹
675 3900 732 3956 '0
768 3902 1005 3973 Κύριος,
1051 3924 1071 3958 ι
1099 3908 1244 3972 Ἕως
1280 3910 1343 3965 τὸ
1387 3913 1503 3982 φῶς
1551 3915 1734 3986 ἔχετε,
1788 3937 1882 3973 πι-

305 3986 524 4043 στεύετε
550 3992 632 4055 είς
656 3993 717 4046 τὸ
745 3993 882 4063 φῶς,
913 3996 1000 4051 ἵνα
1026 3999 1133 4052 υίοὶ
1164 4001 1340 4070 φωτὸς
1367 4005 1620 4076 γένησθε,
1643 4027 1662 4060 ι
1692 4011 1877 4082 φησίν.

306 4077 450 4171 ’ᾼρα
478 4081 588 4153 γὰρ
617 4082 840 4153 ἔμελλον
879 4087 940 4141 οὐ
971 4091 1319 4157 πιστεύοντες
1348 4094 1606 4152 ἀπολέσαι
1646 4077 1714 4153 τὸγ
1740 4077 1877 4171 φῶς,

300 4170 352 4263 οί
375 4173 493 4242 φῶς
514 4173 657 4227 κατὰ
685 4176 846 4244 φύσιν
869 4179 1227 4253 ὑπάρχοντες·
1261 4187 1419 4259 εῐπερ
1446 4188 1583 4254 ὅλως
1609 4170 1881 4263 ἐνδέχεται

300 4259 402 4332 τὴν
433 4264 668 4334 γενητὴν
696 4268 883 4322 οὐσίαν
911 4271 971 4325 τὸ
1016 4273 1129 4344 φῶς
1164 4272 1304 4352 είίναι
1349 4278 1410 4332 τὸ
1451 4259 1880 4352 ἀληθινόνξ-Καὶ

300 4353 425 4418 πῶς
455 4353 523 4407 ἂν
550 4355 758 4423 γένοιτο
786 4361 941 4415 τοῦτό
964 4381 1096 4419 ποτε
1122 4385 1137 4435 ;
1181 4348 1255 4423 ὒὺ
1284 4372 1391 4443 γὰρ
1430 4373 1522 4426 ἐπὶ
1543 4348 1660 4429 ⁷τῶν
1687 4377 1881 4431 06mm-

299 4446 409 4511 δῶς
438 4449 749 4519 προσόντων
776 4454 917 4507 τισὶν
952 4459 1008 4510 αἱ
1042 4462 1326 4537 στερήσεις
1359 4465 1503 4521 κατὰ
1528 4466 1589 4519 τὸ
1619 4470 1878 4535 παντελὲς

300 4541 367 4592 ἐκ
400 4537 677 4612 ῥᾳθυμίας
704 4543 1108 4615 συμϐαίνουσιν,
1150 4553 1264 4606 ἀλλ’
1293 4555 1378 4623 ἐφ’
1404 4549 1478 4611 ὧν
1503 4557 1568 4611 ἂν
1591 4561 1624 4629 ή
1662 4560 1879 4633 θέλησις

298 4629 401 4700 τὴν
433 4632 627 4704 κτῆσιν
659 4634 982 4707 ἐργάζηται,
1029 4641 1124 4694 καὶ
1161 4643 1254 4696 ἐπὶ
1295 4645 1406 4700 τῶν
1445 4648 1546 4702 ὅσα
1576 4650 1640 4723 δὴ
1674 4629 1880 4722 πέφυκε

181 4727 189 4735 ’
301 4724 691 4792 προσγίνεσθαί
734 4744 832 4793 τε,
874 4731 967 4784 καὶ
1002 4733 1357 4802 ἁπογίνεσθαι
1411 4741 1580 4812 χωρὶς
1630 4746 1730 4816 τῆς
1783 4746 1879 4801 τοῦ

301 4817 660 4907 ὑποκειμένου
692 4820 918 4893 φθορᾶς.
948 4819 1095 4878 Ὀίόν⁸
1130 4826 1345 4896 λογικὸς
1375 4832 1473 4902 μὲν
1499 4835 1639 4890 κατὰ
1668 4837 1828 4907 φύσιν
1853 4841 1882 4894 6

299 4906 605 4980 ἄνθρωπος,
638 4914 920 4984 ναυπηγὸς
949 4916 1008 4970 δὲ
1036 4918 1179 4972 κατὰ
1211 4919 1502 4995 θέλησιν,ἥ
1530 4929 1624 4981 καὶ
1643 4930 1879 5005 ἀσθενὴς

302 4998 362 5052 τὸ
389 4999 549 5070 σῶμα
576 5004 719 5058 κατὰ
750 5006 1117 5079 συμϐεϐηκός.
1162 5011 1389 5081 Ἀλογος
1422 5016 1520 5087 μὲν
1547 5013 1640 5073 οὖν
1682 5022 1782 5076 οὐκ
1810 4998 1877 5077 ἀν

299 5088 387 5183 εἴη
418 5093 709 5161 παντελῶς,
736 5096 835 5169 τὴν
859 5098 917 5152 δέ
945 5116 1010 5168 γε
1038 5106 1388 5176 ναυπηγικὴν
1418 5109 1710 5183 ἐμπειρίαν
1742 5115 1880 5169 ἀπο-

301 5182 470 5248 λέσει,
503 5184 820 5280 ῥᾳθυμήσας
844 5192 1027 5264 τυχὸν,
1058 5195 1154 5250 καὶ
1185 5197 1246 5251 τὸ
1273 5199 1338 5253 ὲκ
1364 5200 1571 5267 πάθους
1601 5194 1878 5280 συμδεδη-

299 5276 397 5340 κὸς
426 5277 850 5348 ἀποκρούσεται,
889 5285 1206 5359 θεραπείαις
1249 5293 1391 5347 τισὶν
1423 5294 1517 5348 ἐπὶ
1560 5295 1621 5349 τὸ
1659 5276 1878 5369 ἄμεινον

298 5368 631 5441 ἀνατρέχων.
654 5371 873 5464 νρύκοῢν
897 5377 965 5431 τὰ
993 5381 1263 5448 οὑσιωδῶς
1292 5387 1566 5456 προσόντα
1590 5368 1752 5457 τισὶν,
1787 5393 1879 5464 ιρ-

298 5460 605 5534 ριζωμένην
648 5461 761 5535 ἔχει
809 5466 910 5538 τὴν
958 5469 1138 5539 φύσιν.
1196 5472 1367 5548 Εἴπερ
1394 5475 1487 5532 οὖν
1530 5479 1667 5544 ὅλως
1704 5483 1736 5552 ή
1768 5460 1878 5537 τῶν

300 5555 537 5627 γενητῶν
581 5558 744 5629 φύσις
790 5561 852 5616 τὸ
903 5564 1018 5635 φῶς
1065 5562 1205 5624 εἶναι
1241 5570 1463 5628 δύναται
1508 5573 1569 5628 τὸ
1608 5574 1881 5647 ἀληθινὸν,

2059 3289 2285 3345 ALIUD.
2334 3288 2603 3353 Salvator,
2640 3309 2658 3342 ι
2691 3290 2805 3361 Ego
2855 3306 2975 3346 sum
3014 3291 3111 3345 lux
3160 3288 3372 3349 mundi,
3411 3307 3430 3339 ι
3481 3287 3566 3341 ἰη-

1987 3381 2141 3452 quit;
2171 3401 2190 3433 ‹
2217 3383 2309 3451 qui
2352 3382 2603 3451 sequitur
2674 3398 2781 3448 me,
2820 3397 2930 3436 non
2982 3380 3285 3435 ambulabit
3320 3380 3374 3432 in
3408 3387 3563 3433 tene-

1985 3473 2122 3537 bris,
2151 3473 2248 3527 sed
2283 3472 2503 3527 habebit
2528 3473 2714 3526 lumen
2745 3471 2989 3525 vitat“.r
3024 3467 3339 3524 Istiusmodi
3374 3481 3565 3521 vocem

1984 3570 2237 3618 creatura
2267 3563 2531 3618 audacter
2559 3564 2792 3628 emittat,
2829 3564 2875 3619 si
2914 3572 2998 3618 est
3030 3562 3147 3632 ipsa
3178 3574 3401 3630 quoque
3436 3573 3565 3613 vera

1978 3655 2097 3711 lux.
2131 3652 2227 3708 Sin
2259 3660 2442 3710 autem
2489 3655 2545 3709 id
2580 3653 2830 3724 proferre
2872 3654 3268 3717 exhorrescat,
3319 3667 3408 3707 res
3445 3650 3565 3720 ipsa

1982 3743 2299 3814 praedicabit
2330 3758 2516 3799 veram
2548 3744 2728 3799 lucem
2765 3758 2889 3800 esse
2911 3742 3134 3798 Filium.

2052 3922 2281 3978 ALIUD.
2316 3941 2336 3977 ι
2368 3921 2553 3979 Donec
2577 3924 2757 3981 lucem
2781 3923 3021 3986 habetis,
3046 3920 3253 3976 credite
3276 3918 3561 3981 inlucem,

1985 4025 2043 4073 ut
2071 4018 2324 4075 liliilucis
2342 4018 2466 4075 sitis
2493 4020 2635 4086 "°"°,
2662 4039 2681 4073 ι
2701 4018 2882 4090 inquit
2917 4016 3206 4072 Dominus.
3231 4013 3396 4070 Certe
3415 4012 3562 4067 enim

1982 4107 2159 4164 lucem
2201 4108 2459 4163 amissuri
2497 4116 2680 4173 erant,
2724 4109 2771 4163 si
2820 4123 2929 4161 non
2960 4106 3280 4165 crederent,
3338 4102 3432 4171 qui
3467 4101 3559 4153 lux

1982 4206 2112 4255 sunt
2143 4198 2442 4253 secundum
2477 4206 2763 4261 naturam,
2795 4199 2842 4253 si
2884 4198 3002 4252 ﬁeri
3041 4205 3221 4266 potest
3269 4204 3327 4247 ut
3367 4206 3557 4245 verum

1980 4291 2171 4345 lumen
2214 4290 2287 4345 sit
2332 4297 2518 4345 creata
2578 4291 2908 4344 substantia.
2968 4289 3036 4342 At
3091 4285 3373 4357 quomodo
3407 4280 3559 4337 istud

1982 4381 2101 4437 ﬁeri
2127 4398 2367 4453 unquam
2407 4381 2628 4453 posset?
2649 4379 2993 4435 Privationes
3014 4379 3162 4434 enim
3186 4378 3241 4431 in
3271 4377 3341 4429 iis
3392 4375 3561 4428 rebus

1909 4501 1954 4558 ο
1984 4491 2105 4547 quae
2148 4476 2591 4533 substantialiter
2636 4473 2828 4528 insunt
2890 4473 3170 4542 aliquibus
3222 4470 3453 4523 omnino
3491 4482 3560 4521 ex

1982 4567 2202 4638 pigritia
2257 4583 2367 4622 non
2417 4567 2779 4636 contingunt.
2818 4564 2914 4618 sed
2948 4563 3006 4617 in
3036 4562 3106 4617 iis
3153 4574 3389 4632 quarum
3429 4572 3560 4628 pos-

1979 4658 2156 4715 sessio
2210 4659 2501 4714 voluntate
2557 4658 2889 4728 acquiritur,
2947 4662 3003 4711 et
3069 4666 3416 4724 quaecunque
3486 4650 3560 4703 ita

1977 4758 2309 4820 comparata;
2360 4756 2522 4814 sunt,
2575 4755 2637 4802 ut
2715 4749 2911 4803 adesse
2985 4757 3039 4803 et
3101 4747 3297 4801 abesse
3358 4748 3562 4827 queant

1981 4842 2187 4912 absque
2218 4840 2452 4910 subjecti
2489 4841 2736 4896 interitu.
2770 4839 3015 4909 Exempli
3045 4839 3219 4910 gratia
3270 4855 3283 4892 :
3318 4837 3559 4890 rationa-

1980 4934 2048 4991 lis
2087 4934 2307 5005 quidem
2354 4935 2459 5004 72
2504 4942 2590 4991 est
2626 4934 2792 4989 homo
2831 4944 3070 4998 natura,
3129 4930 3427 4986 fabricator
3462 4942 3559 4982 na-

1984 5027 2133 5082 vium
2161 5027 2462 5093 voluntate,
2496 5040 2728 5098 corpore
2769 5041 2933 5097 aeger,
2965 5041 3029 5081 ex
3062 5022 3358 5079 accidenti.
3390 5018 3555 5088 Atqui

1984 5118 2104 5174 fieri
2145 5134 2253 5174 non
2294 5126 2474 5189 potest
2516 5126 2576 5173 ut
2621 5120 2710 5176 ille
2770 5120 2843 5175 sit
2877 5116 3246 5181 irrationalis,
3308 5114 3401 5168 hic
3462 5125 3559 5163 au-

1985 5217 2093 5266 tem
2126 5211 2574 5269 fabricandarum
2631 5213 2855 5268 navium
2890 5221 3065 5267 artem
3099 5210 3344 5271 amittet,
3387 5202 3559 5273 pigri-

1987 5303 2062 5357 tia
2089 5304 2395 5369 nimirum,
2422 5314 2476 5360 et
2503 5305 2682 5360 morbi
2727 5318 2917 5359 casum
2964 5299 3197 5372 depellet
3245 5303 3347 5355 iste
3401 5305 3558 5348 cura-

1984 5393 2157 5450 tione.
2188 5393 2381 5464 Itaque
2410 5410 2535 5464 quaa
2566 5394 3012 5449 substantialiter
3039 5395 3226 5446 insunt
3255 5380 3558 5452 aliquibus,

1988 5485 2255 5541 radicitus
2286 5484 2511 5540 inﬁxam
2548 5486 2757 5540 habent
2788 5491 3068 5538 naturam.
3102 5478 3159 5530 Si
3203 5486 3334 5543 ergo
3374 5482 3557 5523 rerum

1993 5588 2303 5636 creatarum
2341 5588 2541 5634 natura
2591 5592 2723 5634 vera
2771 5577 2863 5631 lux
2901 5588 3022 5629 esse
3051 5572 3254 5640 potest,
3282 5558 3559 5634 quomodo

363 5733 412 5768 ⁵⁶
448 5732 556 5795 Isa.
589 5751 689 5817 ιι,
726 5740 771 5795 l.
849 5743 893 5777 ⁸⁷
925 5746 1034 5802 Isa.
1069 5764 1215 5819 XLII,
1247 5751 1298 5807 6.
1376 5754 1420 5788 ⁵³
1461 5753 1562 5814 lsa.
1597 5771 1671 5828 ιι,
1703 5756 1757 5816 3.
1836 5757 1880 5791 °’

1990 5774 2063 5814 tn.
2099 5775 2229 5824 vm,
2271 5760 2351 5812 I'l.
2435 5758 2551 5789 ’τ⁰’⁷⁰
2592 5754 2746 5810 Joan.
2785 5766 2896 5813 xu,
2932 5746 3018 5801 56.
