4092 6274
538 342 642 399 123

1518 334 1577 392 5.
1622 329 1895 389 CYlilLLf
1928 324 2400 383 ALEXANDRINI
2437 322 2755 380 ARCHIEP.

3678 307 3778 363 ιει

535 466 717 522 lucem
768 461 1031 518 amittunt
1080 461 1175 535 qui
1213 460 1440 518 credere
1486 468 1769 522 recusant,
1828 462 1922 537 aut
1966 464 2105 520 quo-

2212 447 2325 512 πῶς
2355 444 2679 501 ἀπολλύουσι
2711 442 2772 495 τὸ
2801 439 2916 511 φῶς
2953 438 3002 492 οί
3033 435 3310 491 πιστεύειν
3337 433 3440 487 οὐκ
3479 428 3785 492 ἐθέλοντες,

2580 536 2583 537 ν
2739 533 2749 537 Δ
2869 531 2880 537 ”
3141 529 3152 537 ⁸
3358 524 3371 537 ⁸
3591 520 3648 537 Β)
3678 536 3703 537 η
3717 517 3739 537 Α
3760 535 3776 537 _

536 554 701 609 modo
728 553 823 608 lilii
862 561 993 608 sunt
1046 553 1191 609 lucis
1235 551 1275 607 ii
1305 550 1401 621 qui
1449 548 1710 606 credunt?
1737 545 1873 601 Nam
1927 546 1974 600 si
2012 545 2102 599 lux

537 646 644 716 ipsi
675 660 895 716 quoque
932 653 1061 700 sunt
1095 659 1193 714 per
1248 651 1534 703 naturam,
1595 639 1930 709 suiipsorum
1973 652 2104 706 ergo

537 737 635 793 lilii
658 738 1020 792 vocabuntur.
1053 737 1311 804 Quaenam
1343 750 1474 806 ergo
1503 749 1717 790 merces
1742 732 1847 788 erit
1872 731 2102 788 creden-

538 827 897 884 tibus‘lSunt
928 828 1078 883 enim
1129 828 1469 899 sniipsorum
1526 828 1709 898 potius
1760 824 1881 889 lilii,
1934 826 2106 880 etiam

540 921 648 977 fide
683 937 794 978 non
849 929 1129 992 suscepta.
1184 920 1283 977 His
1337 936 1466 990 ergo
1518 920 1838 975 rationibus
1869 917 2104 973 veritate

538 1013 816 1080 discussa,
848 1013 1097 1069 dicemus
1138 1011 1492 1084 Unigenitum
1539 1013 1714 1066 solum
1757 1025 1884 1066 esse
1918 1024 2103 1066 veram

540 1106 743 1169 lucem,
764 1113 1071 1160 creaturam
1103 1115 1285 1161 autem
1324 1105 1467 1160 lucis
1501 1104 1776 1176 indigam,
1809 1112 1978 1174 atque
2021 1101 2105 1157 id-

539 1198 694 1253 circo
722 1199 952 1254 alterius
981 1208 1213 1253 naturae.

610 1287 844 1344 ALIUD.
890 1308 910 1341 ι
960 1288 1109 1344 Dixit
1147 1303 1276 1359 ergo
1303 1289 1413 1346 illis
1452 1287 1654 1346 Jesus:
1689 1287 1882 1344 Adhuc
1929 1287 2106 1343 modi-

472 1388 477 1391 '
540 1394 664 1436 cum
724 1381 906 1434 lumen
964 1380 1020 1434 in
1065 1381 1223 1435 vobis
1269 1387 1374 1445 est,
1424 1381 1704 1435 ambulate
1742 1381 1871 1436 dum
1923 1380 2103 1435 lucem

540 1471 791 1533 habetis,
824 1481 885 1525 ut
919 1486 1029 1525 non
1063 1486 1160 1527 vos
1199 1471 1437 1526 tenebrae
1471 1472 1947 1538 comprehendant
1968 1473 2036 1528 ".
2079 1492 2097 1525 ι

548 1562 763 1630 Quibus
792 1563 955 1619 dictis
978 1564 1244 1619 rationem
1275 1578 1439 1635 quam
1456 1565 1610 1634 prius
1624 1566 1940 1628 attulimus,
1969 1565 2107 1620 scite

538 1655 995 1710 accommodatus.
1014 1655 1144 1721 Qua:
1165 1655 1308 1712 enim
1337 1666 1422 1711 est
1448 1665 1645 1711 natura
1671 1657 1787 1724 lux,
1807 1673 1836 1711 a
1865 1657 2106 1713 tenebris

547 1760 660 1802 non
692 1747 1187 1816 comprehendetur
1214 1763 1476 1817 unquam.

612 1895 843 1951 ALIUD.
880 1894 1163 1953 Joannes:
1205 1915 1226 1950 ι
1259 1898 1364 1965 Qui
1405 1898 1539 1956 dicit
1565 1916 1624 1957 se
1654 1900 1710 1957 in
1743 1901 1867 1958 luce
1894 1917 2037 1968 esse,
2082 1924 2101 1959 ι

542 1983 749 2055 inquit,
778 2003 797 2036 ι
834 1992 885 2039 et
927 1984 1154 2041 fratrem
1213 2001 1375 2043 suum
1437 1990 1578 2054 odit,
1622 1990 1676 2045 in
1725 1992 1971 2050 tenebris
2020 2002 2108 2052 est

543 2090 723 2147 usque
744 2077 922 2132 adhuc
942 2078 1011 2131 τ’.
1044 2096 1064 2130 ι
1094 2077 1140 2132 Α
1163 2082 1450 2150 proposito
1486 2082 1657 2152 igitur
1686 2083 1779 2139 lux
1805 2093 1890 2141 est
1922 2085 1976 2141 in
2009 2100 2109 2141 no-

542 2165 653 2231 bis,
701 2174 757 2221 et
801 2168 1086 2224 voluntate
1117 2171 1305 2239 petius
1353 2187 1518 2241 quam
1576 2174 1892 2229 substantia
1941 2177 2109 2233 rebus

543 2257 744 2312 creatis
789 2258 955 2324 inest,
989 2258 1036 2313 si
1069 2258 1166 2330 qui
1215 2258 1333 2314 odit
1364 2261 1596 2316 fratrem
1633 2262 1691 2317 in
1725 2264 1971 2321 tenebris
2000 2274 2107 2322 est.

542 2345 664 2401 Lux
702 2355 887 2403 autem
943 2351 1251 2406 secundum
1295 2352 1666 2408 substantiam
1699 2363 1784 2409 est
1844 2355 2111 2426 Unigeni-

540 2445 652 2503 tus,
682 2454 793 2493 non
816 2440 963 2494 enim
995 2442 1351 2495 arbitrariam
1384 2442 1550 2497 habet
1584 2443 1735 2497 illam
1761 2444 2105 2515 dignitatem.

542 2526 716 2600 igitur
742 2546 923 2600 neque
954 2531 1202 2601 ejusdem
1240 2542 1325 2588 est
1354 2542 1565 2589 naturae
1588 2550 1713 2590 cum
1762 2537 1928 2593 rebus
1956 2552 2111 2593 crea-

545 2625 638 2684 tis,
666 2621 756 2691 qui
795 2630 948 2677 tanto
976 2637 1070 2677 eas
1096 2623 1383 2678 intervallo
1428 2636 1682 2695 superat.

612 2710 860 2777 ALIUD,
892 2712 1013 2767 huic
1047 2713 1216 2784 aﬁine.
1255 2734 1273 2767 ι
1305 2714 1408 2781 Qui
1455 2714 1679 2771 fratrem
1713 2733 1874 2774 suum
1907 2718 2109 2790 diligit,

544 2799 603 2854 in
630 2801 753 2857 luce
792 2812 974 2858 manet
998 2805 1063 2859 ".
1102 2823 1121 2857 ›
1154 2805 1409 2863 Charitas
1440 2809 1715 2864 creaturis
1756 2825 1818 2866 ea
1845 2826 1968 2881 quae
1999 2828 2108 2867 non

546 2887 753 2944 habent
787 2892 1080 2960 conciliat,
1114 2892 1294 2948 lucem
1328 2893 1615 2950 nimirum.
1664 2893 1780 2950 Lux
1814 2906 1994 2951 autem
2026 2906 2111 2953 est

549 2978 916 3052 Unigenitus:
944 2984 1086 3040 alius
1132 2985 1300 3057 igitur
1331 2997 1417 3042 est
1447 2987 1613 3042 abiis
1664 2988 1719 3042 in
1761 2990 1963 3061 quibus
2013 3005 2111 3061 per

546 3072 877 3128 cbaritatem
915 3086 1022 3129 est.

1177 3166 1329 3221 CAP.
1371 3166 1463 3221 IX.

548 3252 702 3331 Quod
722 3254 948 3331 hominis
966 3255 1146 3331 anima
1185 3268 1304 3311 ante
1334 3273 1523 3325 corpus
1554 3276 1655 3312 non
1684 3261 1923 3324 exsistat,
1953 3278 2115 3331 neque

616 3325 678 3376 ob
739 3324 1085 3398 prgrcedenlia
1152 3338 1367 3395 peccata
1419 3324 1635 3397 corpore
1689 3324 2113 3398 includatur,'ut

616 3395 861 3449 nonnulli
897 3407 1163 3452 asserunt.

616 3484 667 3550 l,
706 3485 760 3541 9'.
795 3485 927 3550 Quae
960 3488 1234 3543 illuminat
1272 3505 1476 3544 omnem
1515 3488 1777 3545 hominem
1826 3495 2114 3549 venientem

546 3576 604 3631 in
634 3575 771 3629 hunc
800 3576 1070 3632 mundum.

621 3662 796 3719 Recte
846 3665 1130 3737 theologus
1185 3683 1294 3723 non
1322 3670 1501 3724 solum
1541 3671 1822 3727 existimat
1860 3688 2115 3732 asseren-

553 3752 682 3808 dum
714 3754 1067 3826 Unigenitum
1099 3759 1203 3829 '73
1233 3750 1417 3814 veram
1449 3776 1571 3816 esse
1595 3763 1769 3817 lucem
1790 3804 1804 3826 ,
1838 3766 1933 3820 sed
1967 3765 2116 3822 dicta

504 3910 507 3913 ς
552 3860 652 3901 sua
682 3847 865 3901 statim
898 3847 1180 3914 declarat,
1211 3864 1405 3919 magna
1449 3867 1583 3906 voce
1626 3860 1837 3909 tantum
1865 3874 1971 3913 non
2000 3860 2112 3915 cla-

549 3950 711 3991 mans
742 3954 755 3988 :
794 3935 996 3992 Lucem
1040 3939 1190 3994 illam
1218 3955 1343 3997 esse
1371 3941 1499 3995 dico
1528 3958 1747 4013 veram,
1788 3964 1807 3997 ι
1836 3962 1957 4017 quae
1986 3948 2110 4006 illu-

549 4027 723 4081 minat
757 4043 973 4083 omnem
1018 4029 1296 4088 hominem
1322 4034 1631 4090 venientem
1668 4036 1724 4091 in
1766 4038 1913 4095 hunc
1953 4059 2116 4099 mun-

2204 539 2236 611 ἢ
2262 538 2378 602 πῶς
2404 538 2470 592 ἂν
2494 536 2600 589 ulol
2620 533 2797 605 φωτὸς
2819 531 3079 601 γένωνται
3107 529 3157 581 oi
3184 524 3554 588 πιστεύοντες;
3590 520 3651 573 El
3671 517 3785 590 γάρ
3883 555 3889 559 ρ

2203 633 2311 685 είσι
2340 630 2433 684 καὶ
2452 627 2606 682 αὐτοὶ
2626 626 2768 681 κατά
2791 623 2949 694 φύσιν
2973 621 3032 676 τὸ
3052 618 3200 690 φῶς,“
3216 614 3423 671 ἑαυτῶν
3446 615 3551 683 ἄρα
3572 629 3675 683 χρη
3685 627 3781 680 μα·

2202 719 2407 773 τιοῠσιν
2445 709 2578 773 ὐίοί.
2643 716 2754 770 Kal
2808 712 2959 775 ποῖός
3011 713 3127 764 ἐστι
3174 710 3287 771 τοῖς
3346 704 3695 758 πιστεύουσιν
3748 700 3782 754 6

2206 810 2430 880 μισθός;
2460 808 2580 861 Εἰσὶ
2599 807 2707 878 γὰρ
2736 803 2932 876 μᾶλλον
2964 799 3172 855 έαυτῶν
3198 798 3324 860 υίοὶ,
3353 795 3449 849 καὶ
3477 793 3576 864 τὴν
3599 791 3783 844 πίστιν

2203 900 2263 954 ού
2310 897 2762 971 παραδεξάμενοι.
2800 893 2930 948 Ἀπὸ
2954 893 3019 963 δὴ
3041 889 3150 945 τῶν
3172 887 3430 942 τοιούτων
3470 882 3687 938 ἐννοιῶν
3717 882 3781 934 τὸ

2203 991 2402 1063 ἀληθὲς
2436 990 2801 1058 λογιζόμενοι,
2855 986 3011 1057 μόνον
3040 982 3270 1056 ἐροῦμεν
3296 976 3435 1032 εἶναι
3479 976 3541 1029 τὸ
3578 973 3694 1042 φῶς
3719 972 3781 1024 τὸ

2203 1081 2453 1154 ἀληθινὸν
2484 1081 2574 1135 τὸν
2603 1078 2903 1149 Μονογενῆ,
2939 1074 3115 1147 φωτὸς
3146 1072 3204 1126 δέ
3236 1069 3333 1140 τὴν
3362 1067 3536 1123 κτίσιν
3568 1063 3777 1127 ἐπιδεᾶ,

2204 1176 2298 1228 καὶ
2321 1174 2407 1227 διὰ
2430 1172 2584 1225 τοῦτο
2602 1170 2862 1235 ἀλλος)υῶ

2273 1266 2475 1319 ΑΛΛΟ.
2515 1281 2532 1314 ι
2566 1256 2731 1315 Εἶπεν
2762 1255 2852 1313 οὖν
2882 1258 3064 1319 αὐτοῖς
3097 1256 3125 1309 ό
3159 1249 3381 1323 Ἰησοῦς·
3415 1249 3536 1302 Ἔτι
3583 1243 3777 1317 μικρὸν

2204 1354 2391 1426 χρόνον
2420 1353 2480 1407 τὸ
2508 1353 2621 1423 φῶς
2655 1353 2713 1405 ἐν
2746 1352 2874 1421 ὑμῖν
2899 1352 3034 1411 ἐστι,
3066 1344 3438 1415 περιπατεῖτε,
3467 1339 3543 1402 ὡς
3570 1338 3631 1391 τὸ
3661 1336 3777 1405 φῶς

2205 1447 2378 1518 ἔχετε,
2426 1446 2513 1499 ἵνα
2556 1445 2629 1516 μὴ
2659 1447 2693 1515 ἡ
2725 1444 2913 1497 σκοτία
2947 1441 3090 1511 ὑμᾶς
3121 1434 3423 1507 καταλάϐῃ.
3454 1450 3472 1484 ι
3522 1431 3634 1484 Kal
3664 1430 3776 1492 τοῖς

2206 1537 2583 1610 προκειμένοις
2618 1535 2948 1607 ἐφαρμόσεις
2977 1533 3240 1602 ἐντέχνως
3259 1528 3349 1581 τὸν
3384 1528 3442 1579 ἐν
3467 1527 3581 1587 τοῖς
3606 1539 3778 1593 προα-

2206 1628 2577 1700 ποδεδομένοις
2605 1627 2782 1696 λόγον.
2827 1626 2901 1679 T6
2937 1624 3045 1696 γὰρ
3081 1622 3195 1692 φῶς
3238 1617 3379 1674 κατά
3409 1617 3569 1687 φύσιν
3602 1613 3779 1685 ὑπάρ-

2206 1738 2321 1793 χον,
2352 1722 2452 1776 οὐκ
2476 1720 2542 1775 ἂν
2574 1719 2678 1774 ὑπὸ
2712 1717 2936 1781 σκότους
2972 1711 3340 1784 καταληφθείη
3373 1709 3527 1764 ποτέ.

2275 1895 2480 1951 ΑΛΛΟ.
2530 1893 2589 1948 Ὀ
2633 1891 2883 1960 Ἰωάννης
2908 1906 2922 1922 ο
2977 1908 2996 1942 ι
3026 1888 3084 1942 '0
3124 1886 3300 1955 λέγων
3339 1884 3398 1937 ἐν
3438 1880 3518 1952 τῷ
3557 1878 3716 1950 φωτὶ,
3751 1895 3771 1929 ι

2207 1983 2391 2055 φησὶν,
2429 2002 2448 2035 ι
2479 1976 2637 2047 εἶναι,
2685 1981 2779 2035 καὶ
2819 1980 2911 2033 τὸν
2950 1977 3174 2045 ἀδελφὸν
3206 1972 3370 2029 αύτοῦ
3398 1970 3594 2043 μισῶν,
3621 1970 3678 2022 ἐν
3707 1969 3773 2037 τῇ
3836 2020 3847 2027 ,

2210 2077 2396 2149 σκοτίᾳ
2425 2075 2572 2129 ἐστὶν
2627 2074 2732 2137 ἕως
2762 2071 2906 2143 ἄρτι.
2940 2089 2959 2123 ι
3007 2064 3392 2140 Προαιρετικὸν
3423 2063 3530 2132 ἄρα
3568 2060 3629 2114 τὸ
3660 2057 3778 2128 φῶς

2207 2166 2264 2221 ἐν
2295 2166 2445 2236 ἡμῖν,
2489 2163 2584 2217 καὶ
2630 2160 2771 2216 κατὰ
2809 2159 3026 2229 θέλησιν
3068 2156 3288 2227 μᾶλλον,
3338 2154 3374 2225 ἢ
3420 2152 3540 2214 κατ’
3588 2149 3776 2204 οὐσίαν

2207 2258 2561 2330 προσπέφυκε
2589 2257 2700 2319 τοῖς
2727 2254 2996 2323 γενητοῖς,
3044 2252 3200 2321 εἴπερ
3227 2250 3255 2301 6
3296 2246 3466 2318 μισῶν
3498 2244 3588 2297 τὸν
3628 2242 3780 2296 ἀδελ-

2207 2348 2305 2418 φὸν
2335 2349 2392 2401 ἐν
2424 2349 2488 2418 τῇ
2520 2345 2708 2416 σκοτίᾳ
2739 2344 2855 2396 ἐστί
2880 2359 2894 2373 ο
2945 2340 3060 2411 φῶς
3093 2339 3150 2392 δὲ
3177 2339 3296 2391 κατ’
3328 2332 3517 2388 οὐσίαν
3548 2333 3577 2384 6
3602 2332 3779 2384 Μονο-

2205 2442 2370 2510 γενής
2394 2456 2408 2470 ·
2444 2437 2505 2492 οὐ
2536 2436 2643 2508 γὰρ
2672 2437 3044 2508 προαιρέσεως
3070 2430 3183 2501 ἔχει
3209 2425 3421 2499 καρπὸν
3451 2424 3513 2478 τὸ
3538 2422 3777 2491 ἀξίωμα.

2207 2532 2443 2596 Οὐκοῦν,
2504 2530 2624 2585 οὐδὲ
2684 2527 2931 2600 όμοφυὴς
2987 2526 3098 2589 τοῖς
3158 2522 3404 2593 γενητοῖς
3452 2519 3482 2572 6
3525 2515 3781 2607 τοσοῦτον

2208 2623 2619 2696 ὑπερκείμενος.

2277 2695 2481 2778 ΑΛΛΟ,
2520 2712 2709 2777 τούτῳ
2734 2706 3026 2779 συγγενές
3048 2722 3062 2737 ·
3110 2723 3129 2757 ι
3170 2703 3229 2756 '0
3258 2699 3485 2770 ἀγαπῶν
3511 2697 3602 2752 τὸν
3628 2695 3783 2751 ἀδελ·

2207 2810 2307 2881 φὺν
2335 2806 2521 2874 αὐτοῦ,
2548 2807 2604 2859 ἐν
2637 2803 2713 2876 τῷ
2747 2802 2885 2872 φωτὶ
2920 2801 3092 2872 μένει.
3123 2817 3143 2851 ι
3171 2796 3235 2851 Ἦ
3267 2796 3452 2865 ἀγάπη
3482 2794 3593 2855 τοῖς
3617 2807 3781 2860 γενηο

2206 2905 2340 2967 τοῖς,
2387 2899 2532 2969 άπερ
2573 2895 2673 2950 οὐκ
2715 2894 2894 2965 ἔχουσι
2928 2890 3194 2963 προξενεῖ,
3245 2887 3307 2942 τὸ
3353 2885 3468 2957 φῶς
3515 2882 3778 2955 δηλονότι.

2206 2992 2325 3054 Φῶς
2356 2991 2413 3044 δέ
2440 2992 2467 3042 6
2500 2986 2802 3056 Μονογενής
2827 3001 2841 3015 ·
2887 2984 3072 3053 ἕτερος
3117 2979 3209 3037 οὖν
3237 2980 3345 3052 ἄρα
3378 2978 3494 3033 ἐστὶ
3532 2972 3681 3046 παρὰ
3708 2971 3781 3027 τὰ

2214 3086 2270 3140 ἐν
2294 3078 2375 3147 οἷς
2408 3079 2467 3147 ἐξ
2497 3080 2715 3149 ἀγάπης
2743 3076 2969 3146 γίνεται.

2818 3167 3067 3220 ΚΕΦΑΛ.
3107 3165 3183 3219 ϐ’.

2215 3263 2343 3316 Ὀτι
2369 3262 2440 3314 οὐ
2463 3255 2829 3326 προϋπάρχει
2850 3254 2956 3307 τοῦ
2981 3252 3251 3326 σώματος
3270 3251 3308 3317 ἡ
3336 3250 3529 3326 ψυχὴ.
3552 3245 3693 3303 οὐδὲ
3714 3244 3781 3326 ἐλε

2284 3314 3148 3399 σῴεσϐιῖτέρωίᾶλιαρτημάτὼν
3170 3322 3209 3391 ἠ
3228 3314 3605 3389 νσωιὶάῑίωσις,
3634 3314 3785 3370 κατά

2282 3417 2472 3465 τινας.

2289 3495 2361 3545 '0
2389 3486 2616 3567 φωτίζει
2650 3484 2846 3541 πάντα
2881 3483 3192 3553 ἄνθρωπον
3217 3482 3542 3551 ἐρχόμενον
3562 3480 3649 3545 είς
3678 3475 3787 3531 τὸν

2215 3585 2464 3651 κόσμον.

2297 3673 2577 3744 Ἀσφαλῶς
2614 3672 2644 3725 6
2671 3669 2913 3737 θεολόγος
2940 3667 3001 3721 οὐ
3035 3666 3191 3736 μόνον
3232 3662 3401 3716 οἴεται
3441 3660 3573 3725 δεῖν,
3610 3658 3693 3712 δτι
3720 3653 3785 3724 δὴ

2218 3767 2332 3838 φῶς
2361 3765 2595 3836 ὑπάρχοι
2621 3763 2679 3816 τὸ
2701 3760 2947 3831 ἀληθινὸν
2983 3761 3011 3812 6
3040 3755 3345 3826 Μονογενὴς
3379 3752 3632 3819 ἐξειπεῖν,
3665 3746 3784 3813 ἀλλ’

2218 3858 2411 3926 ἐπάγει
2456 3856 2568 3917 τοῖς
2613 3850 2923 3924 εἰρημένοις
2967 3847 3307 3918 παραχρῆμα
3349 3844 3446 3914 τὴν
3489 3838 3783 3905 ἀπόδειξιν,

2222 3925 2503 4020 μονονουχὶ
2530 3943 2624 4000 καὶ
2660 3941 2893 4012 συντόνῳ
2917 3939 3038 3993 λίαν
3073 3933 3461 4008 ἀνακεκραγὼς
3485 3934 3550 4003 τῇ
3590 3925 3740 4001 φωνῇ
3766 3946 3781 3961 ο

2217 4040 2334 4104 Φῶς
2360 4034 2499 4093 εῖναί
2525 4053 2665 4107 φημι
2715 4033 2776 4087 τὸ
2828 4029 3098 4101 ἀληθινὸν,
3151 4047 3171 4079 ι
3199 4028 3227 4081 ὃ
3252 4025 3472 4095 φωτίζει
3497 4024 3673 4078 πάντα
3697 4020 3791 4074 άν-

549 4115 702 4172 dum.
734 4137 753 4170 ι
793 4118 985 4175 Nonne
1023 4137 1176 4194 ergo,
1217 4124 1432 4195 inquiet
1477 4123 1660 4182 forsan
1695 4129 1896 4200 aliquis
1932 4131 2109 4189 divina

2221 4129 2436 4200 θρωπον
2466 4127 2756 4199 ἐρχόμενον
2787 4123 2866 4185 εἰς
2902 4119 2992 4173 τὸν
3017 4118 3239 4187 κόσμον.
3272 4136 3292 4169 ι
3339 4110 3466 4186 ’Ἆρ’
3503 4109 3617 4177 οὖν,
3646 4111 3788 4166 εἴποι

547 4210 802 4281 dogmata
834 4215 1154 4270 examinare
1182 4217 1400 4280 solitus,
1437 4219 1617 4288 angeli
1652 4218 1933 4277 hominum
1966 4241 2119 4280 men-

546 4309 656 4356 tem
693 4301 1372 4372 illuminant?Cornelius,
1398 4309 1653 4375 obsecro,
1694 4326 1724 4365 a
1758 4328 1997 4383 quonam
2037 4315 2121 4369 di-

546 4394 682 4448 dicit
712 4410 837 4449 eum
869 4397 961 4466 qui
997 4398 1069 4453 sit
1098 4399 1405 4469 baptizatus
1436 4417 1467 4456 a
1500 4402 1608 4458 Deo
1642 4404 1846 4461 salvari
1873 4406 1967 4460 7‘?
2006 4405 2117 4460 Ma-

2218 4238 2300 4283 τις
2342 4218 2407 4273 ἃν
2453 4219 2559 4286 ὅτῳ
2601 4214 2666 4285 δὴ
2716 4211 2866 4281 φίλον
2909 4211 3008 4264 οὐκ
3067 4208 3440 4270 ἀϐασανίστως
3481 4205 3589 4258 τῶν
3630 4203 3789 4257 θείων
3828 4223 3835 4231 ·

2219 4303 2590 4381 ἐπακροᾶσθαι
2619 4305 2931 4385 δογμάτων,
2983 4303 3043 4355 ού
3075 4299 3400 4368 φωτίζουσιν
3430 4296 3650 4367 ἄγγελοι
3679 4290 3788 4348 τῶν

2220 4401 2520 4473 ἀνθρώπων
2540 4397 2631 4451 τὸν
2654 4394 2811 4459 νοῦν;
2836 4392 3134 4473 Κορνηλίος
3161 4392 3238 4454 δὲ,
3259 4390 3380 4443 εἰπέ
3408 4404 3516 4459 μοι,
3540 4386 3631 4441 διὰ
3648 4385 3790 4449 τίνος

545 4501 656 4541 nue
678 4501 812 4541 vero
836 4487 929 4541 ille
961 4497 1115 4556 pater
1142 4488 1451 4555 Gedeonis,
1486 4492 1735 4561 nunquid
1782 4509 1881 4562 per
1921 4511 2109 4550 vocem

2220 4464 2538 4563 ἐμάνθανεν,
2589 4486 2672 4539 ὅτι
2702 4483 2806 4555 χρὴ
2852 4464 3213 4553 βαπτισθέντα
3248 4477 3606 4541 διασώζεσθαι
3640 4474 3789 4546 παρὰ

548 4576 728 4647 angeli
763 4590 853 4631 res
883 4576 1101 4632 futuras
1130 4578 1363 4634 edoctus
1408 4591 1493 4634 est
1512 4582 1600 4636 ⁷⁸2
1639 4581 1939 4640 Zacharias
1982 4584 2113 4640 item

548 4668 840 4736 prepheta,
879 4666 1130 4736 nunquid
1175 4678 1364 4738 aperte
1408 4670 1655 4729 clamat:
1695 4693 1714 4725 ι
1752 4675 1818 4729 Et
1845 4675 1986 4729 dixit
2019 4692 2115 4731 an—

551 4759 705 4826 gelus
755 4759 850 4830 qui
887 4760 1218 4828 loquebatur
1248 4762 1303 4816 in
1350 4778 1477 4816 me:
1525 4763 1636 4835 Ego
1676 4765 1777 4820 tibi
1825 4767 2112 4823 ostendam

548 4849 683 4920 quid
731 4859 861 4907 sunt
891 4851 1123 4907 haec’h
1165 4851 1379 4911 Rursus
1415 4855 1609 4911 iisdem
1649 4859 1934 4929 repetitis,
1970 4874 2116 4915 nun-

548 4940 681 5010 quid
721 4942 870 4996 clare
909 4942 1149 4999 ostendit
1178 4946 1404 5015 angelos
1437 4948 1620 5002 animo
1655 4964 1756 5004 suo
1800 4966 1983 5006 rerum
2017 4966 2112 5007 oc-

550 5033 824 5089 cultarum
877 5037 1243 5107 cognitionem
1292 5040 1582 5095 revelare?
1618 5061 1636 5095 ι
1677 5042 1816 5098 Ecce
1871 5043 2044 5109 enim,
2090 5062 2109 5095 ι

551 5125 766 5196 inquit,
794 5144 813 5177 ι
858 5129 1086 5198 angelus
1123 5131 1218 5199 qui
1259 5132 1585 5200 loquebatur
1634 5134 1689 5188 in
1742 5149 1849 5198 me,
1890 5134 2110 5199 stabat,

551 5224 605 5272 et
655 5216 797 5272 alius
829 5220 1060 5289 angelus
1103 5220 1489 5289 egrediebatur
1522 5224 1580 5277 in
1626 5238 1921 5279 occursum
1968 5224 2110 5295 ejus.

551 5308 619 5363 Et
648 5308 785 5363 dixit
819 5309 886 5363 ad
919 5325 1042 5365 eum
1075 5329 1088 5365 :
1125 5311 1297 5368 Curre
1328 5319 1383 5368 et
1430 5312 1657 5383 loquere
1700 5315 2112 5371 adolescentulo

549 5401 665 5465 illi,
698 5401 894 5458 dicens
931 5422 943 5459 :
977 5401 1265 5474 Frugil‘era
1314 5405 1657 5461 habitabitur
1693 5407 2031 5477 Jerusalem,
2079 5428 2110 5466 a

550 5499 900 5555 multitudine
954 5501 1235 5557 hominum
1288 5508 1341 5557 et
1392 5501 1767 5572 iumentorum
1818 5504 1872 5559 in
1932 5504 2110 5561 medio

622 5654 666 5726 ζξ
722 5651 875 5726 J_oan.
916 5672 1038 5726 an,
1089 5660 1178 5715 53.

643 5657 666 5726 ξ
722 5657 875 5726 .loan.
916 5672 1038 5726 an,
1089 5660 1178 5715 53.
1282 5660 1327 5691 τ’
1367 5657 1524 5714 Joan.
1583 5674 1657 5726 ιι,
1718 5663 1771 5715 ι).

556 5723 599 5756 ⁷⁸
631 5720 797 5779 Zacb.
829 5739 875 5788 I,
906 5724 958 5780 9.

1850 5662 1893 5693 ⁷³
1936 5660 2067 5716 ibid.
2126 5659 2205 5716 10.
2297 5658 2343 5691 ⁷⁸
2414 5656 2534 5709 Act.
2569 5666 2640 5716 Χ,
2697 5648 2721 5704 Ι
2781 5662 2902 5719 sqq.

2219 4580 2388 4645 Θεοῧ;
2437 4575 2637 4632 Μανωέ
2664 4575 2719 4628 δὲ
2747 4574 2840 4627 τοῦ
2866 4572 3070 4627 Γεδεὼν
3095 4573 3123 4625 6
3157 4571 3359 4643 πατὴρ,
3406 4570 3466 4623 ού
3495 4568 3583 4621 διὰ
3607 4566 3789 4636 φωνῆς

2219 4672 2449 4742 ἀγγέλου
2502 4667 2571 4721 τά
2621 4665 2853 4736 ἐσόμενα
2904 4661 3365 4736 προεπαιδεύετο;
3413 4657 3688 4729 Ζαχαρίας
3731 4656 3789 4711 δὲ

2219 4766 2417 4837 ὁμοίως
2439 4762 2570 4832 ἡμῖν
2603 4759 2632 4810 6
2672 4756 2954 4828 προφήτης
2988 4756 3108 4825 οὐχὶ
3138 4752 3324 4823 σαφῶς
3349 4749 3752 4819 ἀναφθέγγεται
3773 4764 3788 4778 ·

2224 4874 2242 4907 ι
2272 4854 2380 4907 Kal
2406 4848 2555 4905 εἶπεν
2584 4850 2612 4902 ό
2638 4848 2867 4917 ἄγγελος
2893 4849 2922 4900 6
2960 4845 3135 4899 λαλῶν
3163 4846 3219 4898 ἐν
3253 4843 3410 4916 ἐμοί·
3464 4840 3607 4908 Ἐγὼ
3634 4839 3791 4905 δείξω

2222 4964 2303 5002 σοι
2331 4945 2383 4999 τί
2412 4946 2526 4997 ἐστι
2558 4940 2749 4997 ταῦτα.
2783 4960 2802 4993 ι
2862 4938 2970 4994 Kal
3002 4939 3162 4992 πάλιν
3190 4937 3278 4991 διά
3312 4936 3421 4990 τῶν
3455 4932 3635 4988 αὐτῶν
3659 4933 3793 5002 ἡμῖν

2221 5036 2510 5110 ἐρχόμενος
2546 5035 2675 5106 ἡμῖν
2701 5033 2859 5101 λόγον
2904 5029 3017 5102 [πφ.
3062 5027 3289 5101 λόγων],
3331 5027 3431 5081 οὐκ
3468 5021 3791 5078 ἐπιδεικνύει

2225 5127 2445 5199 σαφῶς,
2490 5127 2571 5181 ὅτι
2611 5125 2719 5179 τῶν
2747 5121 3144 5194 κεκρυμμένων
3174 5120 3275 5190 τὴν
3307 5117 3506 5188 γνῶσιν
3533 5112 3792 5181 ἐξεκάλο-

2220 5239 2353 5277 πτον
2398 5219 2617 5289 ἄγγελοι
2664 5216 2805 5271 κατά
2846 5213 2973 5269 νοῦν
3012 5212 3198 5283 αύτῷ;
3238 5229 3257 5262 ‹
3289 5209 3399 5264 Kal
3444 5208 3554 5261 ίδοὺ
3601 5205 3733 5276 γὰρ,
3767 5221 3785 5256 ι

2220 5313 2414 5385 φησὶν,
2462 5330 2481 5363 ι
2510 5312 2539 5364 6
2579 5307 2806 5377 ἄγγελος
2849 5307 2881 5359 6
2920 5303 3096 5358 λαλῶν
3145 5304 3202 5356 ἐν
3240 5301 3363 5371 ἐμοὶ
3398 5298 3660 5368 εἱστήκει,
3702 5294 3793 5349 καὶ

2219 5407 2448 5476 ἄγγελος
2494 5404 2679 5473 ἐτερος
2727 5397 3078 5469 ἐξεπορεύετο
3126 5396 3205 5460 είς
3252 5393 3557 5461 ἀπάντησιν
3617 5387 3790 5457 αὐτῷ.

2218 5498 2328 5554 Kal
2349 5492 2470 5552 εἷπε
2488 5494 2621 5564 πρὸς
2647 5489 2809 5544 αὐτὸν
2836 5488 3010 5556 λέγων
3032 5504 3045 5518 ·
3078 5485 3261 5558 Δράμε
3286 5483 3381 5536 καὶ
3402 5480 3633 5551 λάλησον
3658 5477 3794 5550 πρὸς

2996 5646 3042 5680 ⁷⁸
3104 5642 3283 5701 Judic.
3340 5656 3474 5708 xm,
3555 5638 3592 5694 5
3664 5628 3790 5708 sqq.
