4092 6274
350 316 449 376 125

1404 318 1470 374 ΙΝ
1488 319 1771 376 «ΙΟΑΝΝΙΒ
1809 319 2260 381 EVANGELIUM
2297 327 2427 384 LIB.
2463 325 2503 382 1.

3487 340 3593 399 126

343 434 436 488 τὸν
471 432 692 487 νεανίαν
721 434 950 499 ἐκεῖνον,
992 432 1167 502 λέγων
1191 452 1205 467 ·
1254 435 1622 511 Κατάκαρπος
1657 456 1909 511 κατοικη-

2015 442 2221 511 ejus".
2253 464 2271 496 ι
2311 443 2453 512 Quid
2503 447 2680 502 vero?
2720 444 2908 503 Daniel
2946 450 3061 522 ipse
3094 455 3184 508 cui
3232 457 3587 521 admirabiles

345 524 570 597 θήσεται
613 525 983 597 Ἰερουσαλὴμ,
1031 525 1139 579 ἀπὸ
1184 526 1422 598 πλήθους
1465 529 1784 600 ἀνθρώπων,
1822 531 1917 585 καὶ

345 615 561 689 κτηνῶν
585 616 695 670 τῶν
719 618 776 669 tv
810 614 958 687 μέσῳ
985 617 1170 687 αὐτῆς.
1201 636 1219 668 ι
1242 619 1306 671 Τί
1338 618 1429 685 θές
1460 620 1581 673 sint
1614 638 1731 689 μοι·
1766 622 1858 676 καὶ
1886 622 1916 675 6

348 708 657 777 σοφώτατος
688 707 882 779 Δανιὴλ
905 711 1026 770 ταῖς
1052 706 1399 777 ἁξιαγάστοις
1434 709 1720 774 ὀπτασίαις
1746 729 1915 783 προσο

345 800 525 854 ϐαλὼν
555 802 669 871 οὐχὶ
710 800 815 854 τῶν
842 800 1131 872 ὁρωμένων
1160 800 1256 871 τὴν
1302 800 1640 871 ἀποκάλυψιν
1682 802 1769 856 διὰ
1819 805 1915 874 τῆς

345 891 590 960 ἀγγέλων
635 889 935 962 ἐρανίζεται
980 891 1197 959 φωνῆςς
1235 892 1434 944 Ἀκουε
1470 892 1576 963 γὰρ
1621 892 1871 961 λέγοντος
1897 909 1912 922 .

350 1000 370 1032 ι
398 983 505 1035 Καὶ
523 977 735 1049 ἐγένετο
755 982 812 1035 tv
832 982 910 1051 τῷ
937 981 1065 1035 ἰδεῖν
1099 1000 1187 1053 με,
1209 981 1319 1050 ἐγὼ
1341 983 1560 1053 Δανιὴλ,
1586 984 1681 1053 τὴν
1704 985 1909 1054 ὅρασιν,

344 1073 434 1126 καὶ
488 1074 711 1143 ἐζήτουν
766 1072 977 1124 σύνεσιν
1005 1088 1018 1101 ⁸
1071 1073 1163 1126 καὶ
1206 1074 1315 1126 ἰδοὺ
1365 1072 1494 1144 ἔστη
1534 1074 1759 1127 ἐνώπιόν
1812 1091 1913 1143 μου

340 1165 415 1228 ὡς
459 1166 646 1237 ὅρασις
690 1164 913 1233 ἀνδρὸς,
962 1165 1054 1218 καὶ
1097 1166 1305 1235 ηκουσα
1351 1164 1532 1235 φωνὴν
1577 1163 1766 1233 ἀνδρὸς
1812 1163 1914 1217 άνά

343 1255 502 1323 μέσον
531 1254 625 1309 τοῦ
658 1254 859 1320 Οὐϐἀλ,
907 1256 1002 1308 καὶ
1048 1256 1293 1321 ἐκάλεσε,
1328 1255 1421 1308 καὶ
1461 1250 1579 1306 εἷπε
1607 1270 1620 1284 ⁸
1650 1253 1910 1325 Γαϐριὴλ,

339 1347 614 1400 συνέτισον
658 1349 864 1399 ἐκεῖνον
912 1346 1011 1416 τὴν
1058 1346 1264 1416 ὅρασιν.
1304 1366 1323 1398 ι
1383 1346 1589 1399 Οὐκοῦν
1636 1345 1809 1398 ἔνεστι
1852 1345 1913 1398 τὸ

336 1437 595 1492 δύνασθαι
645 1437 899 1506 φωτίζειν
944 1437 1214 1505 ἀγγέλοις,
1264 1437 1357 1489 καὶ
1403 1438 1461 1490 οὐ
1514 1437 1673 1507 μόνον
1706 1437 1910 1501 αὐτοῖς,

335 1532 453 1587 ἀλλ’
487 1531 587 1602 ήδη
633 1529 728 1583 καὶ
760 1528 1045 1596 ἄνθρωπος
1077 1528 1165 1582 τὸν
1205 1527 1265 1593 ἐξ
1288 1526 1579 1599 ἀνθρώπου
1609 1527 1911 1592 δανείζεται

337 1620 639 1692 φωτισμόν.
685 1620 796 1672 Καὶ
829 1616 958 1685 γοῦν
996 1620 1025 1671 6
1069 1617 1371 1688 φιλομαθὴς
1412 1620 1615 1681 ἐκεῖνος
1659 1616 1912 1686 εὐνοῦχος

2020 532 2259 589 visiones
2296 535 2492 589 oblatat
2525 544 2685 601 sunt,
2738 553 2920 595 nonne
2967 557 3156 597 earum
3193 548 3584 607 ret-elationem

2017 624 2335 693 angelorum
2387 640 2522 680 voce
2578 627 2819 707 accipit?
2864 630 3003 684 Audi
3060 633 3207 687 enim
3273 636 3585 707 loquentem

2016 711 2216 781 ipsum.
2244 731 2262 763 ι
2305 711 2369 767 Ει
2397 705 2603 769 factum
2643 724 2757 783 est,
2796 736 2815 770 ι
2874 720 3075 787 inquit,
3103 740 3121 773 ι
3162 739 3288 779 cum
3342 705 3586 784 viderem

2015 818 2115 876 ego
2138 803 2326 860 Daniel
2357 805 2622 861 visionem
2644 851 2659 873 ,
2688 818 2741 863 et
2769 812 3083 879 quaerebam
3121 815 3542 886 intelligentiam
3568 840 3583 886 ;

2014 902 2068 951 et
2105 896 2259 950 stetit
2313 895 2370 951 in
2421 909 2723 967 conspectu
2762 916 2882 955 nteo
2913 903 3073 971 quasi
3113 907 3328 973 species
3361 909 3498 975 viri,
3534 920 3587 965 et

2015 985 2199 1038 audivi
2239 1000 2429 1040 vocem
2489 987 2633 1040 inter
2672 987 2842 1051 Uhal,
2892 996 2947 1043 et
2993 992 3243 1056 vocavit,
3293 1002 3348 1048 et
3396 994 3583 1049 dixit:

2013 1072 2255 1137 Gabriel,
2301 1075 2385 1129 fac
2440 1076 2737 1146 intelligere
2764 1078 2927 1132 istum
2966 1079 3232 1134 visionem
3256 1082 3320 1132 ".
3357 1101 3374 1133 ι
3419 1082 3587 1153 igitur

2015 1165 2324 1220 illuminare
2350 1176 2581 1237 possunt
2604 1170 2804 1237 angeli,
2840 1186 3015 1239 neque
3041 1188 3171 1225 vero
3202 1172 3306 1241 ipsi
3345 1180 3582 1235 tantum,

2014 1256 2108 1311 scd
2140 1265 2193 1311 et
2222 1259 2383 1313 homo
2409 1259 2684 1313 hominem
2716 1260 3012 1316 illuminat.
3040 1261 3312 1329 Quocirca
3339 1266 3587 1321 discendi

2013 1347 2292 1404 studiosus
2340 1350 2427 1404 ille
2477 1352 2787 1413 eunuchus,
2823 1367 2946 1406 cum
2985 1354 3290 1411 Salvatoris
3345 1358 3588 1427 prophe-

2015 1438 2118 1491 tias
2142 1454 2251 1492 non
2285 1440 2636 1509 intelligeret,
2664 1440 2979 1512 Philippum
3008 1446 3332 1513 compellat:
3363 1464 3380 1496 ι
3412 1444 3586 1501 Obse-

2013 1543 2111 1583 cro
2150 1537 2220 1592 te,
2251 1530 2318 1585 de
2357 1547 2465 1599 quo
2500 1534 2768 1603 propheta
2819 1535 2950 1589 dicit
2986 1536 3143 1591 bare?
3176 1538 3243 1593 de
3290 1554 3372 1600 se,
3413 1554 3481 1593 an
3516 1538 3584 1595 de

2012 1617 2124 1670 alio
2162 1618 2350 1687 aliquo
2381 1619 2467 1673 ⁷⁸2
2504 1637 2524 1672 ›
2562 1619 2827 1677 Doctores
2857 1624 2983 1678 item
3032 1636 3085 1681 et
3118 1627 3366 1698 magistri
3404 1644 3585 1683 rerum

337 1711 435 1774 τὰς
487 1710 616 1779 περὶ
656 1707 749 1761 τοῦ
792 1708 1044 1779 Σωτῆρος
1077 1707 1234 1777 ἡμῶν
1273 1707 1605 1779 προφητείας
1637 1707 1698 1758 οὐ
1734 1707 1909 1770 συνεὶς

2010 1709 2136 1763 vita:
2190 1710 2438 1773 utilium,
2490 1726 2600 1764 non
2656 1712 2820 1765 aliam
2889 1715 2960 1769 ob
3018 1730 3241 1770 causam
3299 1734 3463 1788 quam
3511 1719 3584 1774 ob

338 1767 684 1870 zt‘pvtbtkiimm
706 1798 858 1868 φησί·
876 1767 1244 1868 «Statuit-“ceu,
1268 1767 1556 1868 πέριτίνος
1632 1767 1909 1868 προφήτης

2425 1767 2435 1773 _
2932 1767 2950 1769 -
3029 1767 3080 1769 ρ
3126 1767 3240 1770 η---
3302 1767 3463 1788 -,------
3515 1767 3580 1774 η

2014 1802 2175 1856 istam
2207 1800 2293 1856 sui
2332 1803 2545 1871 copiam
2581 1802 2814 1859 faciunt.
2843 1801 2949 1859 Sed
2990 1821 3090 1859 cur
3119 1807 3172 1860 in
3204 1808 3291 1862 his
3320 1809 3583 1864 immora-

338 1889 511 1959 λέγει,
556 1890 685 1965 περὶ
727 1886 947 1950 ἑαυτοῦ,
979 1887 1012 1958 ἢ
1045 1888 1173 1958 περὶ
1214 1886 1400 1957 ἐτέρου
1436 1886 1616 1951 τινός;
1653 1905 1672 1939 ι
1720 1886 1829 1938 Καὶ⁸
1860 1887 1909 1939 οί

2010 1906 2152 1957 mur,
2206 1906 2330 1945 cum
2369 1890 2436 1944 ad
2481 1892 2583 1946 hoc
2614 1893 2958 1962 probandum
3003 1892 3310 1950 Salvatoris
3341 1900 3583 1954 auctori-

336 1985 453 2048 τοῖς
494 1982 637 2037 κατά
680 1982 771 2035 τὸν
813 1981 927 2051 βίον
968 1979 1276 2033 διδάσκαλοι
1322 1978 1765 2050 προστρέχοντες,
1813 1980 1909 2049 οὐχ

2010 1989 2122 2037 tate
2168 1982 2334 2036 liceat
2365 1983 2442 2036 uti
2470 1982 2564 2053 qui
2614 1984 2732 2039 suis
2776 1986 3041 2055 apostolis
3089 1987 3164 2040 ait
3198 2007 3209 2041 :
3242 2007 3261 2038 ι
3292 1966 3583 2046 νοεεειίε

336 2076 528 2147 ἑτέρου
571 2073 751 2136 τινὸς,
804 2069 981 2141 οἶμαι,
1029 2071 1218 2141 χάριν,
1262 2069 1452 2123 τούτου
1501 2069 1559 2122 δὲ
1610 2069 1703 2122 καὶ
1746 2069 1906 2138 μόνου

284 2237 296 2247 ς
334 2168 641 2238 προσίασιν.
686 2163 844 2217 Ἀλλά
882 2163 936 2215 τί
973 2162 1038 2231 δὴ
1068 2161 1276 2224 τούτοις
1318 2161 1739 2232 ἐνδιατρίῦομεν,
1786 2159 1905 2225 ἐξὸν

333 2254 763 2312 ἀπαλλάττεσθαι
802 2252 1019 2325 ῥᾳδίως,
1059 2253 1233 2305 έκεῖνο
1269 2250 1611 2323 παραθέντας
1645 2253 1725 2315 είς
1766 2250 1906 2304 ἀπό-

329 2350 493 2416 δειξιν
520 2348 581 2403 τὺ
625 2345 775 2418 παρά
803 2345 899 2400 τοῦ
930 2345 1179 2415 Σωτῆρος
1207 2344 1361 2414 ἡμῶν
1392 2343 1528 2414 πρὸς
1560 2344 1688 2413 τοὺς
1718 2343 1907 2412 ἁγίους

329 2440 618 2513 εἰρημένον
662 2438 989 2501 ἀποστόλους
1014 2453 1028 2469 ·
1087 2454 1106 2488 ι
1144 2436 1329 2506 Ὑμεῖς
1380 2438 1504 2489 ὲστε
1544 2434 1605 2489 τὸ
1648 2434 1762 2504 φῶς
1810 2432 1906 2487 τοῦ

330 2532 567 2603 κόσμους
603 2547 623 2583 ι
654 2529 893 2584 Τοιαῦτα
926 2531 1023 2600 μὲν
1064 2528 1128 2600 δή
1175 2545 1258 2591 τις
1299 2528 1440 2601 κοιτά
1479 2528 1540 2581 τὸ
1580 2527 1727 2591 εἰκὸς
1773 2529 1940 2581 ὲπα-”

329 2626 575 2697 πορήσας
598 2624 731 2693 ἐρεῖ,
762 2622 909 2692 παρά
930 2620 991 2674 δὲ
1023 2619 1179 2691 ἡμῶν
1203 2619 1618 2674 ἀντακούσεται·
1668 2620 1754 2671 Ἐν
1786 2636 1909 2672 συν-

332 2716 478 2770 θέσει
507 2716 575 2768 τά
606 2712 749 2767 κατὰ
774 2713 872 2784 τὴν
900 2712 1074 2766 κτίσιν
1103 2711 1337 2781 ὁρῶμεν,
1362 2705 1407 2767 ὧ
1436 2706 1606 2775 οὗτος,
1636 2710 1732 2763 καὶ⁹
1755 2710 1908 2764 οὐδὲν

329 2810 387 2861 tv
420 2807 556 2878 αὐτῇ
591 2806 652 2860 τὸ
686 2804 890 2859 ἀπλοῦν
913 2821 926 2833 ·
978 2802 1175 2857 οὐκοῦν
1207 2807 1235 2857 6
1268 2802 1462 2872 σοφοῦν
1493 2802 1709 2873 ἑτέρους
1752 2802 1907 2856 δυνά-

333 2916 513 2972 μενος,
538 2898 695 2968 είπερ
740 2896 825 2967 εἴη
875 2896 1120 2965 γενητὸς,
1168 2895 1268 2948 οὐκ
1341 2892 1665 2964 αὐτόχρημά
1697 2894 1842 2946 ἐστιν
1871 2896 1904 2964 ἡ

332 2992 516 3062 σοφίαν
559 2990 693 3044 ἀλλά
720 2989 820 3058 τῆς
866 2988 1094 3058 ἐνούσης
1121 2988 1180 3041 ὲν
1220 2984 1369 3056 αὖτῷ
1402 2986 1591 3054 σοφίας
1619 2986 1863 3049 διάκονος
1886 3001 1899 3014 ⁸

2008 2071 2101 2125 lux
2138 2071 2435 2125 mundi"?
2472 2091 2490 2124 ι
2525 2064 2679 2125 Talia
2731 2073 2985 2142 quidem,
3024 2080 3084 2127 ut
3130 2073 3369 2140 videtur,
3422 2074 3585 2129 dubi-

2006 2163 2173 2217 tando
2201 2170 2407 2233 quaeret
2449 2162 2667 2233 aliquis.
2705 2163 2811 2218 Sed
2844 2179 2872 2217 a
2907 2164 3067 2219 nobis
3099 2166 3341 2221 vicissim
3375 2166 3528 2220 audit
3558 2184 3573 2220 :

2006 2253 2193 2320 Nihil,
2230 2270 2262 2309 ο
2292 2254 2548 2325 quisquis
2580 2270 2672 2317 es,
2719 2255 2775 2309 in
2819 2256 3095 2311 creaturis
3138 2256 3405 2326 reperitur
3441 2256 3579 2312 sim—

2007 2346 2130 2417 plex
2176 2354 2273 2399 aut
2323 2346 2747 2415 compositionis
2781 2362 2976 2416 expers
3008 2363 3022 2400 :
3052 2347 3219 2417 igitur
3263 2347 3579 2417 quicunque

2008 2439 2174 2492 alium
2203 2437 2425 2492 erudire
2459 2446 2637 2507 potest
2667 2438 2732 2491 ad
2768 2440 3116 2507 sapientiam,
3151 2438 3195 2493 si
3228 2448 3445 2493 creatus
3470 2444 3578 2502 est,

2006 2543 2119 2582 non
2145 2537 2230 2583 est
2271 2528 2503 2598 ipsamet
2528 2529 2818 2598 sapientia,
2848 2529 2942 2583 sed
2977 2528 3264 2594 sapientia:
3291 2543 3397 2596 qua
3438 2543 3582 2600 prae-

2006 2619 2156 2675 ditus
2191 2629 2276 2674 est
2309 2620 2582 2674 minister.
2635 2619 2743 2690 74
2779 2621 2835 2683 lu
2870 2620 3144 2689 sapientia
3175 2618 3320 2674 enim
3359 2619 3585 2688 sapiens

2006 2720 2105 2781 est.
2134 2708 2382 2780 sapiens,
2440 2720 2494 2765 et
2534 2712 2628 2780 qui
2680 2712 3031 2781 prudentiam
3076 2714 3291 2777 edocet,
3335 2727 3444 2766 non
3491 2721 3582 2767 est

2007 2801 2244 2872 ipsamet
2298 2803 2614 2870 prudentia,
2664 2803 2758 2856 sed
2813 2802 3119 2873 prudentiae
3169 2819 3274 2873 qua
3318 2804 3581 2873 prazditus

2005 2901 2089 2950 est
2122 2894 2391 2949 minister.
2423 2893 2481 2947 In
2525 2894 2812 2963 prudentia
2846 2896 3049 2964 quippe
3079 2907 3207 2949 sunt
3239 2897 3579 2965 prudentes;

2006 2987 2088 3041 sic
2126 2986 2443 3056 quicunque
2497 2986 2638 3040 alios
2694 2985 3008 3040 illuminare
3066 2996 3282 3056 potest,
3340 3004 3447 3041 non
3499 2995 3583 3042 est

333 3089 390 3140 tv
418 3085 581 3153 σοφίᾳ
606 3084 712 3153 γὰρ
744 3083 771 3134 ὁ
800 3080 960 3149 σοφός
992 3081 1107 3132 ἐστι
1137 3078 1322 3153 σοφὸς,
1354 3077 1448 3130 καὶ
1478 3079 1505 3129 6
1532 3078 1785 3139 συνετοὺς
1813 3077 1900 3128 ὲκο

2010 3080 2127 3149 ipsa
2156 3079 2376 3148 proprie
2407 3080 2518 3143 lux,
2554 3078 2652 3133 sed
2701 3077 2841 3131 lucis
2870 3093 2976 3148 qua
3014 3079 3277 3148 praeditus
3310 3086 3394 3133 est
3426 3093 3581 3133 com-

331 3174 620 3238 διδάσκων,
644 3173 742 3224 οὐκ
774 3170 1092 3242 αὐτόχρημά
1118 3174 1265 3222 ἐστιν
1322 3168 1355 3239 ὴ
1390 3167 1619 3231 σύνεσις,
1649 3166 1782 3219 ἀλλά
1808 3166 1905 3235 τῆς

334 3264 749 3334 ἐνυπαρχούσης
774 3261 923 3333 αὐτῷ
956 3260 1219 3323 συνέσεως
1253 3258 1545 3329 ὑπουργός.
1583 3258 1671 3309 Ἐν
1696 3256 1906 3309 συνέσει

335 3356 446 3426 γάρ
474 3355 579 3407 εισι
604 3353 698 3406 καὶ
724 3347 864 3406 οὗτοι
901 3352 1129 3413 συνετοὶ,
1162 3351 1255 3404 καὶ
1282 3350 1309 3401 6
1344 3347 1598 3418 φωτίζειν
1631 3342 1698 3400 αὖ
1746 3345 1907 3399 πάλιν

336 3445 557 3515 ἑτέρους
602 3441 773 3506 εἰδὼς,
828 3442 929 3496 οὐκ
972 3440 1102 3493 αὐτὸ
1149 3439 1351 3509 κυρίως
1384 3437 1450 3490 ἂν
1481 3438 1651 3489 νοοῖτο
1679 3434 1738 3487 τὸ
1768 3433 1903 3501 φῶς,

336 3539 471 3594 ἀλλὰ
502 3535 676 3606 φωτὸς
696 3534 788 3588 τοῦ
822 3536 878 3588 ἐν
912 3532 1060 3603 αὐτῷ
1082 3532 1402 3601 δανειστής.·
1434 3531 1513 3592 είς
1537 3528 1752 3599 ἑτέρους
1776 3525 1906 3579 αὐτὸ

335 3630 718 3702 παραπέμπων
769 3625 1032 3689 διδακτῶς
1056 3665 1070 3688 ,
1124 3625 1217 3677 καὶ
1276 3620 1745 3690 κοινοποιούμενος
1793 3619 1905 3681 τοῖς

333 3722 508 3786 ἄλλοις
539 3723 675 3793 ὅπερ
718 3720 941 3789 εἴληφεν
970 3715 1194 3785 ἀγαθόν.
1247 3715 1427 3767 Διάτοι
1454 3710 1609 3764 τοῦτο
1642 3711 1734 3763 καὶ
1768 3708 1904 3778 πρὸς

332 3816 455 3878 τοὺς
484 3815 672 3881 ἁγίους
704 3812 1035 3872 ἀποστόλους
1066 3807 1281 3874 ἐλέγετο
1307 3821 1319 3832 ·
1359 3822 1377 3855 ι
1410 3803 1626 3874 Δωρεάν
1659 3802 1900 3865 ἐλάϐετε,

330 3905 534 3978 δωρεὰν
561 3906 699 3959 δότε.
734 3924 753 3957 ι
785 3905 928 3957 Ὅσα
954 3901 1059 3970 γάρ
1088 3894 1155 3969 ἦν
1184 3898 1365 3959 αὐτοῖς
1400 3896 1602 3965 ἀγαθὰ,
1629 3894 1799 3950 ταῦτα
1839 3893 1903 3965 δὴ

332 3999 547 4062 πάντως
595 3997 712 4050 ἐστὶ
757 3996 852 4049 καὶ
901 3992 1170 4046 θεόσδοτα.
1207 3989 1316 4043 Καὶ
1343 3988 1444 4040 οὐκ
1487 3986 1551 4040 ἂν
1584 3986 1717 4049 ὅλως
1755 3984 1906 4047 ἰδίοις

331 4090 555 4161 ἀγαθοῖς
598 4092 631 4159 ἠ
668 4087 775 4140 τῶν
806 4080 1109 4154 ἀνθρώπων
1156 4075 1530 4147 ὲναγλαῖζοιτο
1561 4076 1741 4143 φύσις,
1789 4073 1904 4126 ἀλλ’

331 4182 454 4234 οὐδὲ
482 4182 517 4250 ἡ
544 4178 653 4230 τῶν
680 4176 848 4244 ἁγίων
872 4173 1139 4241 ἀγγέλων.
1172 4170 1327 4224 Μετά
1360 4168 1469 4237 γὰρ
1490 4165 1583 4219 τοῦ
1606 4163 1906 4234 κεκλῆσθαι

2008 3170 2277 3235 modator,
2310 3170 2438 3222 dum
2467 3168 2591 3223 aliis
2621 3168 2866 3223 infundit
2894 3170 3253 3239 docendoque
3272 3170 3580 3223 communi-

2008 3270 2098 3316 cat
2127 3264 2274 3330 quod
2325 3262 2544 3330 accepit
2591 3262 2821 3315 bonum.
2866 3261 3216 3331 Proindeque
3245 3261 3457 3315 dictum
3498 3270 3585 3317 est

2006 3353 2169 3405 etiam
2203 3352 2410 3404 sanctis
2446 3352 2751 3419 apostolis:
2791 3370 2810 3402 ι
2848 3350 3032 3406 Gratis
3084 3352 3414 3419 accepistis,
3459 3367 3584 3421 gra-

2007 3444 2078 3498 tis
2131 3442 2336 3496 date".
2376 3461 2394 3494 ι
2441 3441 2718 3510 Quidquid
2767 3442 2911 3496 enim
2948 3445 3215 3495 bonorum
3270 3442 3576 3509 habebant,

2008 3533 2139 3587 illud
2165 3532 2429 3587 divinitus
2457 3535 2744 3587 consecuti
2786 3516 2965 3588 erant.
2996 3532 3183 3603 Neque
3216 3549 3349 3588 vero
3384 3542 3582 3589 natura

2008 3626 2287 3682 hominum
2348 3625 2402 3678 in
2457 3625 2777 3695 universum
2845 3625 3087 3694 propriis
3143 3625 3304 3680 bonis
3359 3625 3583 3695 gloriari

2004 3725 2214 3788 potest,
2270 3733 2339 3771 ne
2400 3689 2519 3787 ipsa
2588 3717 2806 3786 quidem
2869 3726 3195 3772 sanctorum
3254 3719 3579 3788 angelorum

2004 3820 2222 3867 natura.
2270 3809 2404 3862 Nam
2444 3817 2639 3879 prmter
2670 3824 2833 3878 quam
2865 3811 3012 3879 quod
3055 3811 3120 3865 ad
3151 3826 3277 3865 esse
3312 3811 3582 3879 producta

2005 3911 2132 3959 sunt
2153 3904 2356 3967 omnia,
2387 3901 2817 3971 unumquodque
2843 3903 3148 3958 exsisteudi
3177 3903 3397 3957 modum
3418 3903 3581 3956 habet

2006 4009 2035 4048 a
2084 3994 2213 4056 Deo,
2264 4008 2366 4048 nec
2397 3994 2451 4047 in
2485 3993 2552 4048 iis
2597 3994 2899 4064 quidquam
2967 3995 3419 4049 subslantialiter
3454 4010 3580 4051 esse

2006 4085 2341 4155 putabimus,
2373 4084 2515 4153 quod
2538 4098 2564 4138 a
2596 4084 2936 4155 benignitate
2969 4084 3255 4140 Creatoris
3279 4101 3384 4139 non
3414 4083 3580 4153 proti-

2005 4176 2266 4239 ciscatur,
2319 4183 2371 4230 et
2420 4174 2637 4244 opilieis
2687 4175 2881 4245 gratiae
2947 4174 3219 4229 radicitus
3284 4175 3579 4227 innitatur.

336 4272 471 4342 πρὸς
501 4268 733 4336 γένεσιν,
768 4265 861 4318 καὶ
894 4264 984 4317 τὸν
1012 4261 1104 4316 τοῦ
1139 4260 1257 4323 πῶς
1300 4256 1438 4312 εἶναι
1480 4257 1636 4325 λόγον
1680 4254 1906 4307 ἕκαστον

2010 4267 2190 4337 Itaque
2207 4283 2329 4321 cum
2353 4283 2441 4322 res
2464 4275 2660 4320 creatae
2693 4264 3019 4333 composita:
3057 4266 3168 4317 sint
3188 4307 3203 4330 ,
3240 4266 3331 4317 lux
3358 4264 3578 4332 quidem

332 4362 445 4415 τῶν
499 4359 665 4412 ὄντων
709 4356 821 4423 ἔχει
876 4354 1024 4425 παρά
1067 4350 1233 4415 Θεοῦ,
1281 4350 1373 4404 καὶ
1421 4348 1571 4402 οὐδὲν
1619 4348 1675 4400 tv
1725 4346 1908 4410 αὐτοῖς

2010 4362 2151 4414 inter
2180 4372 2274 4414 eas
2304 4358 2440 4412 nihil
2479 4355 2704 4426 proprie
2723 4371 2783 4408 ac
2809 4355 3139 4424 simpliciter
3169 4356 3297 4419 erit,
3330 4356 3580 4410 autcitra

332 4449 609 4510 οὐσιωδῶς
642 4447 963 4514 ἐνυπάρχειν
992 4441 1398 4512 διακεισὸμεθα,
1432 4439 1460 4491 6
1492 4438 1565 4508 μὴ
1596 4435 1765 4504 δῶρόν
1793 4438 1906 4488 ἐστι

2011 4450 2509 4521 compositionem,
2574 4446 2668 4501 sed
2739 4462 2836 4517 per
2898 4446 3373 4516 participationem
3435 4448 3580 4500 istud

332 4547 435 4615 τῆς
458 4540 555 4595 τοῦ
581 4538 863 4599 κτίσαντος
893 4534 1217 4605 φιλοτιμίας,
1264 4534 1358 4585 καὶ
1383 4531 1534 4603 ῥίζαν
1563 4528 1674 4598 ἔχει
1697 4529 1796 4598 τὴν
1818 4526 1908 4580 τοῦ

2010 4545 2171 4599 etiam
2217 4559 2340 4597 cum
2405 4541 2619 4596 caeteris
2672 4555 2702 4593 a
2757 4538 2866 4593 Deo
2904 4539 3189 4608 suscipiet.
3249 4537 3363 4591 Lux
3402 4547 3583 4592 autem

333 4632 843 4705 δημιουργήσαντος
884 4626 1062 4697 χάριν.
1097 4623 1303 4676 Οὐκοῦν
1348 4620 1643 4692 ἐπειδήπερ
1689 4621 1744 4670 ὲν
1786 4634 1909 4671 συν-

337 4729 483 4782 θέσει
530 4727 600 4779 τὰ
646 4720 870 4793 γενητὰ,
919 4717 1035 4787 φῶς
1080 4716 1177 4787 μὲν
1227 4717 1283 4767 ὲν
1329 4714 1513 4775 αὐτοῖς
1558 4712 1708 4765 οὐδὲν
1757 4710 1909 4763 ἔσται

337 4819 538 4888 κυρίως
569 4833 628 4869 τε
679 4814 771 4867 καὶ
802 4810 1026 4875 ἁπλῶς,
1082 4808 1203 4879 ἦτοι
1251 4804 1590 4868 ἀσυνθέτως,
1631 4803 1910 4873 μεθεκτῶς

336 4911 393 4963 δὲ
423 4910 514 4962 καὶ
542 4906 700 4961 τοῦτο
729 4905 950 4974 φορέσει
998 4900 1137 4972 μετά
1168 4899 1277 4953 τῶν
1303 4898 1475 4952 ἄλλων
1501 4898 1730 4951 λαϐόντα
1758 4897 1911 4968 παρά

339 4998 494 5051 Θεοῦ.
520 4997 637 5061 Φῶς
663 4995 720 5050 δὲ
742 4992 810 5049 αὖ
836 4995 895 5048 τὸ
917 4992 1192 5065 ἀληθινὸν,
1222 4990 1284 5043 τὸ
1311 4986 1541 5058 φωτίζον
1571 4990 1734 5054 ἐστὶν,
1762 4991 1823 5042 οὐ
1851 4989 1912 5042 τὸ

341 5089 469 5160 παρ’
495 5090 677 5160 ἐτέρου
708 5090 1093 5159 φωτιζόμενον,
1124 5085 1261 5154 ὅπερ
1291 5083 1437 5159 εστὶν
1461 5083 1489 5133 ὁ
1521 5082 1828 5150 Μονογενὴς
1860 5084 1916 5135 ἐν

341 5181 488 5254 ἁπλῇ
545 5184 639 5236 καὶ
670 5183 947 5253 ἀσυνθέτῳ
987 5180 1276 5250 νοούμενος
1321 5176 1503 5246 φύσει,
1550 5175 1771 5244 διπλόης
1801 5176 1910 5246 γὰρ

335 5274 561 5346 ἀπάσης
602 5274 661 5326 τὸ
699 5273 838 5327 θεῖον
890 5273 1173 5343 ἀποφοιτᾷ.
1228 5271 1341 5323 Καὶ
1390 5266 1565 5320 ταετα
1615 5267 1712 5336 μὲν
1744 5267 1908 5337 τῇδε·

337 5366 504 5422 πάλιν
534 5365 592 5419 δὲ
626 5367 760 5436 ἡμῖν
800 5366 914 5432 ἐρεῖ
943 5365 1102 5433 τυχὸν
1131 5365 1158 5416 ὸ
1186 5363 1252 5415 δι’
1282 5360 1552 5421 ἐναντίας·
1600 5356 1662 5410 Εἰ
1692 5358 1765 5429 μὴ
1796 5358 1911 5426 φῶς

339 5460 585 5531 ὑπῆρχον
606 5458 745 5512 κατά
772 5455 933 5526 φύσιν
959 5457 1007 5509 ei
1036 5455 1199 5524 ἀγιοι,
1223 5453 1312 5506 διὰ
1332 5452 1490 5507 ποίαν
1517 5449 1693 5504 αἰτίαν
1716 5451 1912 5515 αὐτοὺς

339 5551 461 5621 οὐχὶ
486 5549 661 5621 φωτὸς
689 5548 958 5604 ἀπεκάλει
996 5547 1276 5618 μετόχους,
1310 5543 1441 5598 ἀλλά
1488 5542 1602 5611 φῶς
1636 5542 1916 5615 ὠνόμαζεν

415 5731 457 5765 ⁷⁷
495 5728 656 5785 Zach.
694 5745 770 5799 ιι,
805 5730 857 5796 5,
891 5730 943 5787 4.
1022 5731 1065 5762 ⁷⁸
1105 5730 1234 5785 Dan.
1272 5746 1397 5796 vut,
1438 5733 1533 5797 lii,
1579 5734 1655 5789 l6.
1732 5736 1775 5766 ⁷³
1816 5733 1934 5789 Act.
1970 5748 2103 5795 νιιι,
2141 5732 2231 5786 3i.

2012 4649 2140 4688 vera
2171 4641 2253 4687 est
2285 4647 2403 4702 quae
2439 4630 2744 4694 illuminat,
2793 4643 2905 4682 non
2944 4644 3066 4697 qua:
3121 4628 3462 4681 illuminatur
3514 4629 3584 4681 ab

2011 4729 2142 4789 alio,
2186 4723 2496 4795 cujusmodi
2547 4731 2630 4777 cst
2657 4720 3012 4789 Unigenitus,
3046 4720 3139 4790 qui
3190 4720 3243 4773 in
3276 4719 3508 4789 simplici
3533 4726 3585 4774 et

2011 4816 2378 4884 incomposita
2408 4820 2605 4866 natura
2636 4826 2760 4865 esse
2795 4810 3144 4880 intelligitur,
3165 4825 3291 4863 cum
3325 4810 3379 4863 iu
3409 4808 3576 4863 Deum

2011 4909 2156 4963 nulla
2196 4907 2395 4961 cadere
2450 4904 2627 4975 possit
2658 4903 3008 4972 compositio-
3040 4902 3219 4971 Atque
3250 4903 3363 4957 haec
3405 4902 3475 4956 ita
3527 4915 3588 4955 se

2012 5002 2229 5071 quidem
2265 4998 2502 5063 habent;
2533 4997 2629 5052 sed
2680 5011 2911 5051 rursum
2948 4994 3107 5049 nobis
3140 4993 3330 5048 forsan
3360 4993 3585 5063 objiciet

2015 5087 2407 5143 adversarius:
2446 5083 2502 5140 Si
2558 5087 2733 5141 sancti
2790 5086 2883 5139 lux
2936 5101 3044 5139 non
3098 5092 3227 5139 sunt
3282 5082 3587 5138 secundum

2016 5188 2299 5241 naturam,
2332 5194 2496 5249 quam
2546 5178 2617 5232 ob
2650 5193 2874 5232 causam
2913 5194 3019 5231 non
3063 5175 3203 5230 lucis
3253 5175 3587 5245 participes,

2016 5271 2110 5326 sed
2132 5272 2307 5325 lucent
2337 5286 2432 5324 eos
2464 5270 2719 5325 Salvator
2759 5269 3139 5338 nuncupavit?
3167 5267 3275 5319 Aut
3311 5262 3587 5335 quomodo

2015 5365 2242 5419 alterius
2279 5363 2384 5416 erit
2407 5361 2476 5415 ab
2508 5362 2629 5432 ipso
2659 5371 2871 5419 natura;
2916 5367 3195 5418 creatura,
3236 5356 3282 5410 si
3323 5348 3583 5423 quemad-

2017 5455 2240 5509 modum
2277 5455 2394 5523 ipse
2436 5454 2527 5507 lux
2561 5460 2913 5522 nuncupatus
2943 5460 3055 5511 est,
3091 5450 3166 5501 ita
3198 5447 3360 5498 etiam
3409 5439 3583 5494 homi-

2030 5548 2241 5603 neslux
2269 5546 2526 5617 appellati
2563 5546 2771 5600 suut‘h
2812 5543 2921 5598 \‘os
2951 5543 3097 5596 enim
3131 5533 3269 5588 estis
3305 5533 3393 5585 lux
3429 5545 3585 5584 Inuu-

2313 5731 2356 5761 ⁸ο
2401 5727 2590 5781 Matth.
2629 5744 2676 5791 ν,
2716 5726 2798 5778 Η.
2877 5723 2915 5754 ⁸¹
2964 5716 3151 5771 Matth.
3188 5727 3215 5761 δέ
3241 5749 3254 5774 ,
3291 5713 3343 5765 8.
