  <div class='ocr_page' id='page_1' title='image "/cluster/home/n/w/nwhite01/storage/ocr_20150623/73/mdp.39015078384479/071.png"; bbox 0 0 4092 6274; ppageno 0'>
   <div class='ocr_carea' id='block_1_1' title="bbox 500 353 606 414">
    <p class='ocr_par' dir='ltr' id='par_1_1' title="bbox 500 353 606 414">
     <span class='ocr_line' id='line_1_1' title="bbox 500 353 606 414; baseline -0.019 0"><span class='ocrx_word' id='word_1_1' title='bbox 500 353 606 414; x_wconf 72' lang='grc'><strong>127</strong></span> 
     </span>
    </p>
   </div>
   <div class='ocr_carea' id='block_1_2' title="bbox 1523 338 2748 408">
    <p class='ocr_par' dir='ltr' id='par_1_2' title="bbox 1523 338 2748 408">
     <span class='ocr_line' id='line_1_2' title="bbox 1523 338 2748 408; baseline -0.011 -2"><span class='ocrx_word' id='word_1_2' title='bbox 1523 350 1580 406; x_wconf 90' lang='lat' dir='ltr'><strong>S.</strong></span> <span class='ocrx_word' id='word_1_3' title='bbox 1613 338 1892 408; x_wconf 77' lang='lat' dir='ltr'><strong>CYRILLI</strong></span> <span class='ocrx_word' id='word_1_4' title='bbox 1921 341 2387 400; x_wconf 75' lang='lat' dir='ltr'><strong>ALEXANDRINI</strong></span> <span class='ocrx_word' id='word_1_5' title='bbox 2429 340 2748 397; x_wconf 75' lang='lat' dir='ltr'><strong>ARCIIIEP.</strong></span> 
     </span>
    </p>
   </div>
   <div class='ocr_carea' id='block_1_3' title="bbox 3653 332 3757 387">
    <p class='ocr_par' dir='ltr' id='par_1_3' title="bbox 3653 332 3757 387">
     <span class='ocr_line' id='line_1_3' title="bbox 3653 332 3757 387; baseline -0.01 0"><span class='ocrx_word' id='word_1_6' title='bbox 3653 332 3757 387; x_wconf 66' lang='lat' dir='ltr'><strong>tea</strong></span> 
     </span>
    </p>
   </div>
   <div class='ocr_carea' id='block_1_4' title="bbox 512 447 2089 543">
    <p class='ocr_par' dir='ltr' id='par_1_4' title="bbox 512 469 2066 543">
     <span class='ocr_line' id='line_1_4' title="bbox 512 469 2066 543; baseline -0.008 -10"><span class='ocrx_word' id='word_1_7' title='bbox 512 478 569 533; x_wconf 91' lang='lat' dir='ltr'><strong>di</strong></span> <span class='ocrx_word' id='word_1_8' title='bbox 590 476 660 542; x_wconf 82' lang='grc'>⁸¹,</span> <span class='ocrx_word' id='word_1_9' title='bbox 694 495 711 527; x_wconf 74' lang='grc' dir='ltr'><strong>ι</strong></span> <span class='ocrx_word' id='word_1_10' title='bbox 736 472 993 543; x_wconf 80' lang='lat' dir='ltr'><strong>discipuli</strong></span> <span class='ocrx_word' id='word_1_11' title='bbox 1039 470 1354 528; x_wconf 87' lang='lat' dir='ltr'><strong>audierunt.</strong></span> <span class='ocrx_word' id='word_1_12' title='bbox 1386 469 1486 525; x_wconf 90' lang='lat' dir='ltr'><strong>Cui</strong></span> <span class='ocrx_word' id='word_1_13' title='bbox 1523 470 1604 526; x_wconf 90' lang='lat' dir='ltr'><strong>sic</strong></span> <span class='ocrx_word' id='word_1_14' title='bbox 1639 469 2066 539; x_wconf 84' lang='lat' dir='ltr'><strong>respondemus:</strong></span> 
     </span>
    </p>
   </div>
   <div class='ocr_carea' id='block_1_5' title="bbox 2190 447 3758 543">
    <p class='ocr_par' dir='ltr' id='par_1_5' title="bbox 2190 447 3758 543">
     <span class='ocr_line' id='line_1_5' title="bbox 2190 447 3758 543; baseline -0.008 -29"><span class='ocrx_word' id='word_1_15' title='bbox 2190 463 2200 513; x_wconf 74' lang='lat' dir='ltr'><strong>i</strong></span> <span class='ocrx_word' id='word_1_16' title='bbox 2230 457 2457 531; x_wconf 85' lang='grc' dir='ltr'>Σωτήρ;</span> <span class='ocrx_word' id='word_1_17' title='bbox 2518 457 2641 520; x_wconf 85' lang='grc' dir='ltr'>Πῶς</span> <span class='ocrx_word' id='word_1_18' title='bbox 2690 455 2744 508; x_wconf 79' lang='grc' dir='ltr'>δὲ</span> <span class='ocrx_word' id='word_1_19' title='bbox 2779 451 3074 525; x_wconf 80' lang='grc' dir='ltr'>ἐτεροφυὴς</span> <span class='ocrx_word' id='word_1_20' title='bbox 3109 450 3344 521; x_wconf 81' lang='grc' dir='ltr'>ὴκτίσις</span> <span class='ocrx_word' id='word_1_21' title='bbox 3375 449 3450 513; x_wconf 83' lang='grc' dir='ltr'><strong>ὡς</strong></span> <span class='ocrx_word' id='word_1_22' title='bbox 3486 447 3620 520; x_wconf 81' lang='grc' dir='ltr'>πρδς</span> <span class='ocrx_word' id='word_1_23' title='bbox 3643 451 3758 543; x_wconf 32' lang='grc' dir='ltr'>αὐ.-</span> 
     </span>
    </p>
   </div>
   <div class='ocr_carea' id='block_1_6' title="bbox 499 563 2074 639">
    <p class='ocr_par' dir='ltr' id='par_1_6' title="bbox 499 563 2074 639">
     <span class='ocr_line' id='line_1_6' title="bbox 499 563 2074 639; baseline -0.006 -14"><span class='ocrx_word' id='word_1_24' title='bbox 499 569 614 625; x_wconf 88' lang='lat' dir='ltr'><strong>Cur</strong></span> <span class='ocrx_word' id='word_1_25' title='bbox 653 582 804 639; x_wconf 88' lang='lat' dir='ltr'><strong>ergo,</strong></span> <span class='ocrx_word' id='word_1_26' title='bbox 827 567 969 622; x_wconf 92' lang='lat' dir='ltr'><strong>bone</strong></span> <span class='ocrx_word' id='word_1_27' title='bbox 996 566 1101 630; x_wconf 88' lang='lat' dir='ltr'><strong>vir,</strong></span> <span class='ocrx_word' id='word_1_28' title='bbox 1126 565 1201 620; x_wconf 88' lang='lat' dir='ltr'><strong>dii</strong></span> <span class='ocrx_word' id='word_1_29' title='bbox 1233 564 1440 635; x_wconf 87' lang='lat' dir='ltr'><strong>Deique</strong></span> <span class='ocrx_word' id='word_1_30' title='bbox 1472 564 1568 619; x_wconf 79' lang='lat' dir='ltr'><strong>filii</strong></span> <span class='ocrx_word' id='word_1_31' title='bbox 1594 565 1738 634; x_wconf 90' lang='lat' dir='ltr'><strong>apud</strong></span> <span class='ocrx_word' id='word_1_32' title='bbox 1762 563 2074 633; x_wconf 88' lang='lat' dir='ltr'><strong>Scripturas</strong></span> 
     </span>
    </p>
   </div>
   <div class='ocr_carea' id='block_1_7' title="bbox 501 653 2071 727">
    <p class='ocr_par' dir='ltr' id='par_1_7' title="bbox 501 653 2071 727">
     <span class='ocr_line' id='line_1_7' title="bbox 501 653 2071 727; baseline -0.005 -13"><span class='ocrx_word' id='word_1_33' title='bbox 501 658 717 714; x_wconf 87' lang='lat' dir='ltr'><strong>divinas</strong></span> <span class='ocrx_word' id='word_1_34' title='bbox 758 657 1056 727; x_wconf 87' lang='lat' dir='ltr'><strong>nuncupati</strong></span> <span class='ocrx_word' id='word_1_35' title='bbox 1085 655 1478 726; x_wconf 78' lang='lat' dir='ltr'><strong>sumus,juxta</strong></span> <span class='ocrx_word' id='word_1_36' title='bbox 1514 656 1685 710; x_wconf 87' lang='lat' dir='ltr'><strong>illud:</strong></span> <span class='ocrx_word' id='word_1_37' title='bbox 1715 675 1733 707; x_wconf 76' lang='grc' dir='ltr'><strong>ι</strong></span> <span class='ocrx_word' id='word_1_38' title='bbox 1776 653 1888 726; x_wconf 89' lang='lat' dir='ltr'><strong>Ego</strong></span> <span class='ocrx_word' id='word_1_39' title='bbox 1927 654 2071 718; x_wconf 86' lang='lat' dir='ltr'><strong>dixi,</strong></span> 
     </span>
    </p>
   </div>
   <div class='ocr_carea' id='block_1_8' title="bbox 504 747 2075 819">
    <p class='ocr_par' dir='ltr' id='par_1_8' title="bbox 504 747 2075 819">
     <span class='ocr_line' id='line_1_8' title="bbox 504 747 2075 819; baseline -0.002 -14"><span class='ocrx_word' id='word_1_40' title='bbox 504 750 588 805; x_wconf 89' lang='lat' dir='ltr'><strong>Dii</strong></span> <span class='ocrx_word' id='word_1_41' title='bbox 619 751 776 813; x_wconf 90' lang='lat' dir='ltr'><strong>estis,</strong></span> <span class='ocrx_word' id='word_1_42' title='bbox 807 760 860 805; x_wconf 90' lang='lat' dir='ltr'><strong>et</strong></span> <span class='ocrx_word' id='word_1_43' title='bbox 894 748 989 804; x_wconf 81' lang='lat' dir='ltr'><strong>ﬁlii</strong></span> <span class='ocrx_word' id='word_1_44' title='bbox 1017 748 1232 805; x_wconf 80' lang='lat' dir='ltr'><strong>Excelsi</strong></span> <span class='ocrx_word' id='word_1_45' title='bbox 1251 765 1443 806; x_wconf 90' lang='lat' dir='ltr'><strong>omnes</strong></span> <span class='ocrx_word' id='word_1_46' title='bbox 1457 751 1542 803; x_wconf 67' lang='lat'><strong>3’?</strong></span> <span class='ocrx_word' id='word_1_47' title='bbox 1572 769 1590 802; x_wconf 70' lang='grc' dir='ltr'><strong>ι</strong></span> <span class='ocrx_word' id='word_1_48' title='bbox 1627 753 1709 803; x_wconf 87' lang='lat' dir='ltr'><strong>An</strong></span> <span class='ocrx_word' id='word_1_49' title='bbox 1733 749 1900 819; x_wconf 83' lang='lat' dir='ltr'><strong>igitur</strong></span> <span class='ocrx_word' id='word_1_50' title='bbox 1930 747 2075 804; x_wconf 90' lang='lat' dir='ltr'><strong>desi-</strong></span> 
     </span>
    </p>
   </div>
   <div class='ocr_carea' id='block_1_9' title="bbox 503 827 2075 912">
    <p class='ocr_par' dir='ltr' id='par_1_9' title="bbox 503 827 2075 912">
     <span class='ocr_line' id='line_1_9' title="bbox 503 827 2075 912; baseline 0.002 -16"><span class='ocrx_word' id='word_1_51' title='bbox 503 853 697 898; x_wconf 89' lang='lat' dir='ltr'><strong>nentes</strong></span> <span class='ocrx_word' id='word_1_52' title='bbox 725 858 847 898; x_wconf 90' lang='lat' dir='ltr'><strong>esse</strong></span> <span class='ocrx_word' id='word_1_53' title='bbox 878 851 1073 897; x_wconf 90' lang='lat' dir='ltr'><strong>natura</strong></span> <span class='ocrx_word' id='word_1_54' title='bbox 1108 843 1158 897; x_wconf 91' lang='lat' dir='ltr'><strong>id</strong></span> <span class='ocrx_word' id='word_1_55' title='bbox 1191 843 1339 912; x_wconf 86' lang='lat' dir='ltr'><strong>quod</strong></span> <span class='ocrx_word' id='word_1_56' title='bbox 1376 827 1600 908; x_wconf 74' lang='lat' dir='ltr'><strong>sumus,</strong></span> <span class='ocrx_word' id='word_1_57' title='bbox 1634 844 1700 897; x_wconf 92' lang='lat' dir='ltr'><strong>ad</strong></span> <span class='ocrx_word' id='word_1_58' title='bbox 1755 845 1995 898; x_wconf 84' lang='lat' dir='ltr'><strong>divinam</strong></span> <span class='ocrx_word' id='word_1_59' title='bbox 2021 853 2075 899; x_wconf 92' lang='lat' dir='ltr'><strong>et</strong></span> 
     </span>
    </p>
   </div>
   <div class='ocr_carea' id='block_1_10' title="bbox 506 933 2070 1000">
    <p class='ocr_par' dir='ltr' id='par_1_10' title="bbox 506 933 2070 1000">
     <span class='ocr_line' id='line_1_10' title="bbox 506 933 2070 1000; baseline 0.001 -12"><span class='ocrx_word' id='word_1_60' title='bbox 506 933 835 989; x_wconf 73' lang='lat' dir='ltr'><strong>ineﬂabilem</strong></span> <span class='ocrx_word' id='word_1_61' title='bbox 863 934 1232 990; x_wconf 88' lang='lat' dir='ltr'><strong>substantiam</strong></span> <span class='ocrx_word' id='word_1_62' title='bbox 1264 936 1583 1000; x_wconf 84' lang='lat' dir='ltr'><strong>evehemur,</strong></span> <span class='ocrx_word' id='word_1_63' title='bbox 1611 944 1666 991; x_wconf 90' lang='lat' dir='ltr'><strong>et</strong></span> <span class='ocrx_word' id='word_1_64' title='bbox 1704 935 1944 991; x_wconf 79' lang='lat' dir='ltr'><strong>Verbum</strong></span> <span class='ocrx_word' id='word_1_65' title='bbox 1977 935 2070 990; x_wconf 87' lang='lat' dir='ltr'><strong>Dei</strong></span> 
     </span>
    </p>
   </div>
   <div class='ocr_carea' id='block_1_11' title="bbox 504 1023 2074 1092">
    <p class='ocr_par' dir='ltr' id='par_1_11' title="bbox 504 1023 2074 1092">
     <span class='ocr_line' id='line_1_11' title="bbox 504 1023 2074 1092; baseline 0.001 -12"><span class='ocrx_word' id='word_1_66' title='bbox 504 1034 774 1092; x_wconf 76' lang='lat' dir='ltr'><strong>negantes</strong></span> <span class='ocrx_word' id='word_1_67' title='bbox 835 1042 960 1081; x_wconf 88' lang='lat' dir='ltr'><strong>esse</strong></span> <span class='ocrx_word' id='word_1_68' title='bbox 1011 1043 1140 1082; x_wconf 86' lang='lat' dir='ltr'><strong>vere</strong></span> <span class='ocrx_word' id='word_1_69' title='bbox 1212 1023 1452 1091; x_wconf 88' lang='lat' dir='ltr'><strong>Filium,</strong></span> <span class='ocrx_word' id='word_1_70' title='bbox 1515 1027 1665 1081; x_wconf 84' lang='lat' dir='ltr'><strong>illius</strong></span> <span class='ocrx_word' id='word_1_71' title='bbox 1724 1027 1846 1081; x_wconf 88' lang='lat' dir='ltr'><strong>loco</strong></span> <span class='ocrx_word' id='word_1_72' title='bbox 1929 1025 2074 1081; x_wconf 85' lang='lat' dir='ltr'><strong>Patri</strong></span> 
     </span>
    </p>
   </div>
   <div class='ocr_carea' id='block_1_12' title="bbox 503 1118 2075 1189">
    <p class='ocr_par' dir='ltr' id='par_1_12' title="bbox 503 1118 2075 1189">
     <span class='ocr_line' id='line_1_12' title="bbox 503 1118 2075 1189; baseline -0.001 -16"><span class='ocrx_word' id='word_1_73' title='bbox 503 1118 909 1185; x_wconf 88' lang='lat' dir='ltr'><strong>assidebimus,</strong></span> <span class='ocrx_word' id='word_1_74' title='bbox 961 1127 1016 1172; x_wconf 90' lang='lat' dir='ltr'><strong>et</strong></span> <span class='ocrx_word' id='word_1_75' title='bbox 1084 1119 1317 1189; x_wconf 75' lang='lat' dir='ltr'><strong>gratiam</strong></span> <span class='ocrx_word' id='word_1_76' title='bbox 1390 1135 1498 1188; x_wconf 89' lang='lat' dir='ltr'><strong>qua</strong></span> <span class='ocrx_word' id='word_1_77' title='bbox 1560 1135 1663 1174; x_wconf 90' lang='lat' dir='ltr'><strong>nos</strong></span> <span class='ocrx_word' id='word_1_78' title='bbox 1730 1127 1918 1183; x_wconf 91' lang='lat' dir='ltr'><strong>ornat,</strong></span> <span class='ocrx_word' id='word_1_79' title='bbox 1972 1120 2075 1173; x_wconf 87' lang='lat' dir='ltr'><strong>im-</strong></span> 
     </span>
    </p>
   </div>
   <div class='ocr_carea' id='block_1_13' title="bbox 501 1208 2074 1279">
    <p class='ocr_par' dir='ltr' id='par_1_13' title="bbox 501 1208 2074 1279">
     <span class='ocr_line' id='line_1_13' title="bbox 501 1208 2074 1279; baseline 0.003 -17"><span class='ocrx_word' id='word_1_80' title='bbox 501 1208 725 1279; x_wconf 85' lang='lat' dir='ltr'><strong>pietatis</strong></span> <span class='ocrx_word' id='word_1_81' title='bbox 773 1208 1060 1264; x_wconf 87' lang='lat' dir='ltr'><strong>materiam</strong></span> <span class='ocrx_word' id='word_1_82' title='bbox 1116 1209 1419 1265; x_wconf 81' lang='lat' dir='ltr'><strong>faciemus?</strong></span> <span class='ocrx_word' id='word_1_83' title='bbox 1461 1211 1640 1266; x_wconf 82' lang='lat' dir='ltr'><strong>Absit.</strong></span> <span class='ocrx_word' id='word_1_84' title='bbox 1696 1210 1802 1266; x_wconf 87' lang='lat' dir='ltr'><strong>Sed</strong></span> <span class='ocrx_word' id='word_1_85' title='bbox 1861 1211 1914 1265; x_wconf 88' lang='lat' dir='ltr'><strong>in</strong></span> <span class='ocrx_word' id='word_1_86' title='bbox 1958 1212 2074 1267; x_wconf 85' lang='lat' dir='ltr'><strong>suis</strong></span> 
     </span>
    </p>
   </div>
   <div class='ocr_carea' id='block_1_14' title="bbox 503 1299 2075 1359">
    <p class='ocr_par' dir='ltr' id='par_1_14' title="bbox 503 1299 2075 1359">
     <span class='ocr_line' id='line_1_14' title="bbox 503 1299 2075 1359; baseline 0.004 -7"><span class='ocrx_word' id='word_1_87' title='bbox 503 1299 666 1354; x_wconf 89' lang='lat' dir='ltr'><strong>bonis</strong></span> <span class='ocrx_word' id='word_1_88' title='bbox 713 1300 1132 1357; x_wconf 87' lang='lat' dir='ltr'><strong>immutabiliter</strong></span> <span class='ocrx_word' id='word_1_89' title='bbox 1186 1311 1365 1358; x_wconf 86' lang='lat' dir='ltr'><strong>manet</strong></span> <span class='ocrx_word' id='word_1_90' title='bbox 1395 1302 1488 1357; x_wconf 90' lang='lat' dir='ltr'><strong>Dei</strong></span> <span class='ocrx_word' id='word_1_91' title='bbox 1541 1303 1714 1359; x_wconf 90' lang='lat' dir='ltr'><strong>Filius</strong></span> <span class='ocrx_word' id='word_1_92' title='bbox 1756 1323 1769 1359; x_wconf 90' lang='lat'><strong>:</strong></span> <span class='ocrx_word' id='word_1_93' title='bbox 1814 1319 1919 1358; x_wconf 89' lang='lat' dir='ltr'><strong>nos</strong></span> <span class='ocrx_word' id='word_1_94' title='bbox 1975 1319 2075 1358; x_wconf 90' lang='lat' dir='ltr'><strong>au-</strong></span> 
     </span>
    </p>
   </div>
   <div class='ocr_carea' id='block_1_15' title="bbox 501 1389 2070 1465">
    <p class='ocr_par' dir='ltr' id='par_1_15' title="bbox 501 1389 2070 1465">
     <span class='ocr_line' id='line_1_15' title="bbox 501 1389 2070 1465; baseline 0.004 -23"><span class='ocrx_word' id='word_1_95' title='bbox 501 1397 611 1443; x_wconf 88' lang='lat' dir='ltr'><strong>tem</strong></span> <span class='ocrx_word' id='word_1_96' title='bbox 666 1389 960 1460; x_wconf 88' lang='lat' dir='ltr'><strong>adoptione</strong></span> <span class='ocrx_word' id='word_1_97' title='bbox 1009 1391 1102 1446; x_wconf 77' lang='lat' dir='ltr'><strong>lilii</strong></span> <span class='ocrx_word' id='word_1_98' title='bbox 1156 1408 1368 1458; x_wconf 87' lang='lat' dir='ltr'><strong>sumus,</strong></span> <span class='ocrx_word' id='word_1_99' title='bbox 1425 1401 1480 1447; x_wconf 91' lang='lat' dir='ltr'><strong>et</strong></span> <span class='ocrx_word' id='word_1_100' title='bbox 1531 1393 1608 1448; x_wconf 90' lang='lat' dir='ltr'><strong>dii</strong></span> <span class='ocrx_word' id='word_1_101' title='bbox 1669 1410 1766 1464; x_wconf 92' lang='lat' dir='ltr'><strong>per</strong></span> <span class='ocrx_word' id='word_1_102' title='bbox 1818 1395 2070 1465; x_wconf 81' lang='lat' dir='ltr'><strong>gratiam,</strong></span> 
     </span>
    </p>
   </div>
   <div class='ocr_carea' id='block_1_16' title="bbox 500 1479 2072 1558">
    <p class='ocr_par' dir='ltr' id='par_1_16' title="bbox 500 1479 2072 1558">
     <span class='ocr_line' id='line_1_16' title="bbox 500 1479 2072 1558; baseline 0.006 -24"><span class='ocrx_word' id='word_1_103' title='bbox 500 1495 612 1534; x_wconf 85' lang='lat' dir='ltr'><strong>non</strong></span> <span class='ocrx_word' id='word_1_104' title='bbox 671 1479 991 1550; x_wconf 89' lang='lat' dir='ltr'><strong>ignorantes</strong></span> <span class='ocrx_word' id='word_1_105' title='bbox 1038 1481 1093 1535; x_wconf 89' lang='lat' dir='ltr'><strong>id</strong></span> <span class='ocrx_word' id='word_1_106' title='bbox 1147 1484 1296 1551; x_wconf 92' lang='lat' dir='ltr'><strong>quod</strong></span> <span class='ocrx_word' id='word_1_107' title='bbox 1355 1499 1578 1546; x_wconf 82' lang='lat' dir='ltr'><strong>sumus,</strong></span> <span class='ocrx_word' id='word_1_108' title='bbox 1631 1492 1685 1541; x_wconf 90' lang='lat' dir='ltr'><strong>et</strong></span> <span class='ocrx_word' id='word_1_109' title='bbox 1753 1486 1858 1541; x_wconf 90' lang='lat' dir='ltr'><strong>hoc</strong></span> <span class='ocrx_word' id='word_1_110' title='bbox 1912 1498 2072 1558; x_wconf 90' lang='lat' dir='ltr'><strong>pacto</strong></span> 
     </span>
    </p>
   </div>
   <div class='ocr_carea' id='block_1_17' title="bbox 500 1572 2072 1641">
    <p class='ocr_par' dir='ltr' id='par_1_17' title="bbox 500 1572 2072 1641">
     <span class='ocr_line' id='line_1_17' title="bbox 500 1572 2072 1641; baseline 0.006 -18"><span class='ocrx_word' id='word_1_111' title='bbox 500 1585 722 1641; x_wconf 90' lang='lat' dir='ltr'><strong>quoque</strong></span> <span class='ocrx_word' id='word_1_112' title='bbox 766 1581 986 1627; x_wconf 90' lang='lat' dir='ltr'><strong>sanctos</strong></span> <span class='ocrx_word' id='word_1_113' title='bbox 1045 1572 1222 1626; x_wconf 90' lang='lat' dir='ltr'><strong>lucem</strong></span> <span class='ocrx_word' id='word_1_114' title='bbox 1257 1588 1379 1629; x_wconf 91' lang='lat' dir='ltr'><strong>esse</strong></span> <span class='ocrx_word' id='word_1_115' title='bbox 1433 1574 1734 1632; x_wconf 87' lang='lat' dir='ltr'><strong>credimus.</strong></span> <span class='ocrx_word' id='word_1_116' title='bbox 1770 1575 1877 1633; x_wconf 87' lang='lat' dir='ltr'><strong>Sed</strong></span> <span class='ocrx_word' id='word_1_117' title='bbox 1936 1579 2072 1633; x_wconf 91' lang='lat' dir='ltr'><strong>illud</strong></span> 
     </span>
    </p>
   </div>
   <div class='ocr_carea' id='block_1_18' title="bbox 502 1663 2074 1736">
    <p class='ocr_par' dir='ltr' id='par_1_18' title="bbox 502 1663 2074 1736">
     <span class='ocr_line' id='line_1_18' title="bbox 502 1663 2074 1736; baseline 0.005 -20"><span class='ocrx_word' id='word_1_118' title='bbox 502 1663 1050 1720; x_wconf 83' lang='lat' dir='ltr'><strong>animadvertendum</strong></span> <span class='ocrx_word' id='word_1_119' title='bbox 1136 1664 1361 1736; x_wconf 87' lang='lat' dir='ltr'><strong>insuper</strong></span> <span class='ocrx_word' id='word_1_120' title='bbox 1472 1667 1755 1723; x_wconf 79' lang='lat' dir='ltr'><strong>existimo.</strong></span> <span class='ocrx_word' id='word_1_121' title='bbox 1841 1668 2074 1724; x_wconf 89' lang='lat' dir='ltr'><strong>Creatu-</strong></span> 
     </span>
    </p>
   </div>
   <div class='ocr_carea' id='block_1_19' title="bbox 504 1754 2070 1826">
    <p class='ocr_par' dir='ltr' id='par_1_19' title="bbox 504 1754 2070 1826">
     <span class='ocr_line' id='line_1_19' title="bbox 504 1754 2070 1826; baseline 0.006 -20"><span class='ocrx_word' id='word_1_122' title='bbox 504 1768 578 1806; x_wconf 69' lang='lat' dir='ltr'><strong>rae</strong></span> <span class='ocrx_word' id='word_1_123' title='bbox 651 1754 882 1809; x_wconf 84' lang='lat' dir='ltr'><strong>rationis</strong></span> <span class='ocrx_word' id='word_1_124' title='bbox 953 1762 1234 1823; x_wconf 86' lang='lat' dir='ltr'><strong>compotes</strong></span> <span class='ocrx_word' id='word_1_125' title='bbox 1309 1764 1536 1826; x_wconf 86' lang='lat' dir='ltr'><strong>accepto</strong></span> <span class='ocrx_word' id='word_1_126' title='bbox 1583 1759 1792 1814; x_wconf 90' lang='lat' dir='ltr'><strong>lumine</strong></span> <span class='ocrx_word' id='word_1_127' title='bbox 1864 1761 2070 1816; x_wconf 90' lang='lat' dir='ltr'><strong>illumi-</strong></span> 
     </span>
    </p>
   </div>
   <div class='ocr_carea' id='block_1_20' title="bbox 2179 540 3759 619">
    <p class='ocr_par' dir='ltr' id='par_1_20' title="bbox 2179 540 3759 619">
     <span class='ocr_line' id='line_1_20' title="bbox 2179 540 3759 619; baseline -0.007 -14"><span class='ocrx_word' id='word_1_128' title='bbox 2179 553 2288 617; x_wconf 75' lang='grc' dir='ltr'>τὸν,</span> <span class='ocrx_word' id='word_1_129' title='bbox 2319 553 2367 604; x_wconf 87' lang='grc' dir='ltr'><strong>εἰ</strong></span> <span class='ocrx_word' id='word_1_130' title='bbox 2403 549 2653 619; x_wconf 88' lang='grc' dir='ltr'>καθάπερ</span> <span class='ocrx_word' id='word_1_131' title='bbox 2683 546 2843 610; x_wconf 78' lang='grc' dir='ltr'>αὐτὸς</span> <span class='ocrx_word' id='word_1_132' title='bbox 2883 545 3196 615; x_wconf 85' lang='grc' dir='ltr'>ὠνόμασται</span> <span class='ocrx_word' id='word_1_133' title='bbox 3226 542 3362 613; x_wconf 83' lang='grc' dir='ltr'>φῶς,</span> <span class='ocrx_word' id='word_1_134' title='bbox 3393 541 3534 595; x_wconf 72' lang='grc' dir='ltr'>οὕτω</span> <span class='ocrx_word' id='word_1_135' title='bbox 3569 542 3664 594; x_wconf 70' lang='grc' dir='ltr'><strong>καὶ</strong></span> <span class='ocrx_word' id='word_1_136' title='bbox 3687 540 3759 595; x_wconf 79' lang='grc' dir='ltr'>τὰ</span> 
     </span>
    </p>
   </div>
   <div class='ocr_carea' id='block_1_21' title="bbox 2177 633 3753 711">
    <p class='ocr_par' dir='ltr' id='par_1_21' title="bbox 2177 633 3753 711">
     <span class='ocr_line' id='line_1_21' title="bbox 2177 633 3753 711; baseline -0.007 -17"><span class='ocrx_word' id='word_1_137' title='bbox 2177 643 2396 711; x_wconf 84' lang='grc' dir='ltr'>λογικά;</span> <span class='ocrx_word' id='word_1_138' title='bbox 2457 661 2475 692; x_wconf 78' lang='grc' dir='ltr'><strong>ι</strong></span> <span class='ocrx_word' id='word_1_139' title='bbox 2510 641 2697 711; x_wconf 86' lang='grc' dir='ltr'>Ὑμεῖς</span> <span class='ocrx_word' id='word_1_140' title='bbox 2742 637 2852 709; x_wconf 91' lang='grc' dir='ltr'><strong>γάρ</strong></span> <span class='ocrx_word' id='word_1_141' title='bbox 2899 637 3019 689; x_wconf 82' lang='grc' dir='ltr'>ὲστε</span> <span class='ocrx_word' id='word_1_142' title='bbox 3060 634 3153 688; x_wconf 79' lang='grc' dir='ltr'>τοῦ</span> <span class='ocrx_word' id='word_1_143' title='bbox 3201 633 3409 704; x_wconf 84' lang='grc' dir='ltr'>κόσμου</span> <span class='ocrx_word' id='word_1_144' title='bbox 3457 633 3518 686; x_wconf 76' lang='grc' dir='ltr'>τὸ</span> <span class='ocrx_word' id='word_1_145' title='bbox 3564 633 3698 701; x_wconf 82' lang='grc' dir='ltr'>φῶς,</span> <span class='ocrx_word' id='word_1_146' title='bbox 3735 651 3753 683; x_wconf 69' lang='grc' dir='ltr'><strong>ι</strong></span> 
     </span>
    </p>
   </div>
   <div class='ocr_carea' id='block_1_22' title="bbox 2179 720 3758 806">
    <p class='ocr_par' dir='ltr' id='par_1_22' title="bbox 2179 720 3758 806">
     <span class='ocr_line' id='line_1_22' title="bbox 2179 720 3758 806; baseline -0.008 -18"><span class='ocrx_word' id='word_1_147' title='bbox 2179 736 2375 806; x_wconf 79' lang='grc' dir='ltr'>ἧκουον</span> <span class='ocrx_word' id='word_1_148' title='bbox 2403 733 2451 787; x_wconf 87' lang='grc' dir='ltr'><strong>οἰ</strong></span> <span class='ocrx_word' id='word_1_149' title='bbox 2485 730 2742 802; x_wconf 88' lang='grc' dir='ltr'>μαθηταί.</span> <span class='ocrx_word' id='word_1_150' title='bbox 2776 729 2840 781; x_wconf 85' lang='grc' dir='ltr'>Τί</span> <span class='ocrx_word' id='word_1_151' title='bbox 2870 723 2961 782; x_wconf 78' lang='grc' dir='ltr'><strong>οὖν</strong></span> <span class='ocrx_word' id='word_1_152' title='bbox 2984 745 2997 790; x_wconf 87' lang='lat'><strong>;</strong></span> <span class='ocrx_word' id='word_1_153' title='bbox 3023 720 3067 780; x_wconf 78' lang='grc' dir='ltr'><strong>ὦ</strong></span> <span class='ocrx_word' id='word_1_154' title='bbox 3094 726 3357 798; x_wconf 81' lang='grc' dir='ltr'>βέλτιστε,</span> <span class='ocrx_word' id='word_1_155' title='bbox 3395 724 3556 778; x_wconf 83' lang='grc' dir='ltr'>πάλιν</span> <span class='ocrx_word' id='word_1_156' title='bbox 3598 721 3758 794; x_wconf 73' lang='grc' dir='ltr'>ἐροῦ-</span> 
     </span>
    </p>
   </div>
   <div class='ocr_carea' id='block_1_23' title="bbox 2180 815 3759 898">
    <p class='ocr_par' dir='ltr' id='par_1_23' title="bbox 2180 815 3759 898">
     <span class='ocr_line' id='line_1_23' title="bbox 2180 815 3759 898; baseline -0.01 -16"><span class='ocrx_word' id='word_1_157' title='bbox 2180 845 2278 898; x_wconf 88' lang='grc' dir='ltr'>μεν</span> <span class='ocrx_word' id='word_1_158' title='bbox 2320 827 2470 896; x_wconf 80' lang='grc' dir='ltr'>αύτῷ</span> <span class='ocrx_word' id='word_1_159' title='bbox 2491 842 2502 854; x_wconf 90' lang='grc'>·</span> <span class='ocrx_word' id='word_1_160' title='bbox 2550 824 2661 878; x_wconf 76' lang='grc' dir='ltr'>θεοὶ</span> <span class='ocrx_word' id='word_1_161' title='bbox 2691 823 2785 877; x_wconf 77' lang='grc' dir='ltr'><strong>καί</strong></span> <span class='ocrx_word' id='word_1_162' title='bbox 2809 820 2943 874; x_wconf 88' lang='grc' dir='ltr'><strong>Θεοῦ</strong></span> <span class='ocrx_word' id='word_1_163' title='bbox 2976 819 3083 872; x_wconf 75' lang='grc' dir='ltr'>υἰοὶ</span> <span class='ocrx_word' id='word_1_164' title='bbox 3117 817 3269 888; x_wconf 71' lang='grc' dir='ltr'>παρὰ</span> <span class='ocrx_word' id='word_1_165' title='bbox 3299 818 3420 879; x_wconf 88' lang='grc' dir='ltr'>ταῖς</span> <span class='ocrx_word' id='word_1_166' title='bbox 3459 815 3634 878; x_wconf 86' lang='grc' dir='ltr'>θείαις</span> <span class='ocrx_word' id='word_1_167' title='bbox 3669 831 3759 867; x_wconf 87' lang='grc' dir='ltr'>κε-</span> 
     </span>
    </p>
   </div>
   <div class='ocr_carea' id='block_1_24' title="bbox 2177 904 3756 991">
    <p class='ocr_par' dir='ltr' id='par_1_24' title="bbox 2177 904 3756 991">
     <span class='ocr_line' id='line_1_24' title="bbox 2177 904 3756 991; baseline -0.011 -17"><span class='ocrx_word' id='word_1_168' title='bbox 2177 919 2422 991; x_wconf 84' lang='grc' dir='ltr'>κλήμεθα</span> <span class='ocrx_word' id='word_1_169' title='bbox 2451 919 2712 986; x_wconf 82' lang='grc' dir='ltr'>Γραφαῖς,</span> <span class='ocrx_word' id='word_1_170' title='bbox 2745 913 2886 968; x_wconf 86' lang='grc' dir='ltr'>κατὰ</span> <span class='ocrx_word' id='word_1_171' title='bbox 2923 912 2984 964; x_wconf 89' lang='grc' dir='ltr'><strong>τό</strong></span> <span class='ocrx_word' id='word_1_172' title='bbox 3010 929 3022 941; x_wconf 91' lang='grc'><strong>·</strong></span> <span class='ocrx_word' id='word_1_173' title='bbox 3056 929 3074 962; x_wconf 83' lang='grc' dir='ltr'><strong>ι</strong></span> <span class='ocrx_word' id='word_1_174' title='bbox 3106 907 3246 978; x_wconf 86' lang='grc' dir='ltr'>Ἐγὼ</span> <span class='ocrx_word' id='word_1_175' title='bbox 3278 904 3429 971; x_wconf 79' lang='grc' dir='ltr'>είπα,</span> <span class='ocrx_word' id='word_1_176' title='bbox 3453 905 3578 960; x_wconf 83' lang='grc' dir='ltr'>Θεοί</span> <span class='ocrx_word' id='word_1_177' title='bbox 3610 909 3756 972; x_wconf 75' lang='grc' dir='ltr'>ἐστε,</span> 
     </span>
    </p>
   </div>
   <div class='ocr_carea' id='block_1_25' title="bbox 2177 993 3758 1078">
    <p class='ocr_par' dir='ltr' id='par_1_25' title="bbox 2177 993 3758 1078">
     <span class='ocr_line' id='line_1_25' title="bbox 2177 993 3758 1078; baseline -0.009 -14"><span class='ocrx_word' id='word_1_178' title='bbox 2177 1012 2268 1064; x_wconf 75' lang='grc' dir='ltr'><strong>καὶ</strong></span> <span class='ocrx_word' id='word_1_179' title='bbox 2289 1013 2394 1064; x_wconf 86' lang='grc' dir='ltr'><strong>υἰοί</strong></span> <span class='ocrx_word' id='word_1_180' title='bbox 2434 1009 2686 1078; x_wconf 70' lang='grc' dir='ltr'>Ὑψίστου</span> <span class='ocrx_word' id='word_1_181' title='bbox 2714 1007 2944 1071; x_wconf 87' lang='grc' dir='ltr'>πάντες;</span> <span class='ocrx_word' id='word_1_182' title='bbox 2978 1023 2994 1054; x_wconf 76' lang='grc' dir='ltr'><strong>ι</strong></span> <span class='ocrx_word' id='word_1_183' title='bbox 3015 999 3139 1072; x_wconf 66' lang='grc' dir='ltr'><strong>’Ἆρ’</strong></span> <span class='ocrx_word' id='word_1_184' title='bbox 3165 996 3257 1054; x_wconf 77' lang='grc' dir='ltr'><strong>οὖν</strong></span> <span class='ocrx_word' id='word_1_185' title='bbox 3284 1000 3510 1069; x_wconf 65' lang='grc' dir='ltr'>ἀφέντες</span> <span class='ocrx_word' id='word_1_186' title='bbox 3535 997 3596 1050; x_wconf 82' lang='grc' dir='ltr'><strong>τὸ</strong></span> <span class='ocrx_word' id='word_1_187' title='bbox 3619 993 3758 1050; x_wconf 80' lang='grc' dir='ltr'>εἶναι</span> 
     </span>
    </p>
   </div>
   <div class='ocr_carea' id='block_1_26' title="bbox 2177 1088 3760 1171">
    <p class='ocr_par' dir='ltr' id='par_1_26' title="bbox 2177 1088 3760 1171">
     <span class='ocr_line' id='line_1_26' title="bbox 2177 1088 3760 1171; baseline -0.011 -14"><span class='ocrx_word' id='word_1_188' title='bbox 2177 1103 2316 1156; x_wconf 83' lang='grc' dir='ltr'><strong>κατά</strong></span> <span class='ocrx_word' id='word_1_189' title='bbox 2345 1102 2524 1171; x_wconf 83' lang='grc' dir='ltr'>φύσιν,</span> <span class='ocrx_word' id='word_1_190' title='bbox 2560 1101 2697 1168; x_wconf 76' lang='grc' dir='ltr'>ὅπερ</span> <span class='ocrx_word' id='word_1_191' title='bbox 2735 1097 2923 1166; x_wconf 77' lang='grc' dir='ltr'>ἐσμὲν,</span> <span class='ocrx_word' id='word_1_192' title='bbox 2967 1094 3058 1146; x_wconf 78' lang='grc' dir='ltr'>ὲπί</span> <span class='ocrx_word' id='word_1_193' title='bbox 3091 1092 3188 1164; x_wconf 83' lang='grc' dir='ltr'>τὴν</span> <span class='ocrx_word' id='word_1_194' title='bbox 3215 1091 3365 1144; x_wconf 83' lang='grc' dir='ltr'>θείαν</span> <span class='ocrx_word' id='word_1_195' title='bbox 3395 1107 3477 1150; x_wconf 85' lang='grc' dir='ltr'><strong>τε,</strong></span> <span class='ocrx_word' id='word_1_196' title='bbox 3523 1088 3618 1142; x_wconf 71' lang='grc' dir='ltr'>καὶ</span> <span class='ocrx_word' id='word_1_197' title='bbox 3661 1088 3760 1159; x_wconf 77' lang='grc' dir='ltr'><strong>ἆρ-</strong></span> 
     </span>
    </p>
   </div>
   <div class='ocr_carea' id='block_1_27' title="bbox 2178 1179 3759 1263">
    <p class='ocr_par' dir='ltr' id='par_1_27' title="bbox 2178 1179 3759 1263">
     <span class='ocr_line' id='line_1_27' title="bbox 2178 1179 3759 1263; baseline -0.008 -18"><span class='ocrx_word' id='word_1_198' title='bbox 2178 1194 2340 1263; x_wconf 81' lang='grc' dir='ltr'>ρητον</span> <span class='ocrx_word' id='word_1_199' title='bbox 2366 1191 2553 1244; x_wconf 74' lang='grc' dir='ltr'>οὐσίαν</span> <span class='ocrx_word' id='word_1_200' title='bbox 2600 1185 3003 1256; x_wconf 86' lang='grc' dir='ltr'>ἀναϐησόμεθα,</span> <span class='ocrx_word' id='word_1_201' title='bbox 3053 1183 3146 1237; x_wconf 73' lang='grc' dir='ltr'><strong>καὶ</strong></span> <span class='ocrx_word' id='word_1_202' title='bbox 3173 1183 3266 1235; x_wconf 82' lang='grc' dir='ltr'><strong>τὸν</strong></span> <span class='ocrx_word' id='word_1_203' title='bbox 3302 1181 3395 1234; x_wconf 83' lang='grc' dir='ltr'>τοῦ</span> <span class='ocrx_word' id='word_1_204' title='bbox 3423 1179 3559 1233; x_wconf 82' lang='grc' dir='ltr'>Θεοῦ</span> <span class='ocrx_word' id='word_1_205' title='bbox 3585 1179 3759 1246; x_wconf 86' lang='grc' dir='ltr'>Λόγον</span> 
     </span>
    </p>
   </div>
   <div class='ocr_carea' id='block_1_28' title="bbox 2174 1270 3758 1354">
    <p class='ocr_par' dir='ltr' id='par_1_28' title="bbox 2174 1270 3758 1354">
     <span class='ocr_line' id='line_1_28' title="bbox 2174 1270 3758 1354; baseline -0.009 -20"><span class='ocrx_word' id='word_1_206' title='bbox 2174 1283 2273 1354; x_wconf 86' lang='grc' dir='ltr'>τῆς</span> <span class='ocrx_word' id='word_1_207' title='bbox 2303 1283 2422 1334; x_wconf 71' lang='grc' dir='ltr'>κατ’</span> <span class='ocrx_word' id='word_1_208' title='bbox 2451 1280 2708 1352; x_wconf 84' lang='grc' dir='ltr'>ἀλήθειαν</span> <span class='ocrx_word' id='word_1_209' title='bbox 2737 1277 3092 1338; x_wconf 75' lang='grc' dir='ltr'>ἐκϐάλλοντες</span> <span class='ocrx_word' id='word_1_210' title='bbox 3137 1273 3385 1341; x_wconf 80' lang='grc' dir='ltr'>υίότητος</span> <span class='ocrx_word' id='word_1_211' title='bbox 3405 1313 3419 1338; x_wconf 90' lang='grc'><strong>,</strong></span> <span class='ocrx_word' id='word_1_212' title='bbox 3463 1272 3576 1324; x_wconf 86' lang='grc' dir='ltr'>ἀντ’</span> <span class='ocrx_word' id='word_1_213' title='bbox 3610 1270 3758 1322; x_wconf 79' lang='grc' dir='ltr'>ὲκεί-</span> 
     </span>
    </p>
   </div>
   <div class='ocr_carea' id='block_1_29' title="bbox 2175 1361 3761 1444">
    <p class='ocr_par' dir='ltr' id='par_1_29' title="bbox 2175 1361 3761 1444">
     <span class='ocr_line' id='line_1_29' title="bbox 2175 1361 3761 1444; baseline -0.009 -17"><span class='ocrx_word' id='word_1_214' title='bbox 2175 1389 2266 1429; x_wconf 91' lang='grc' dir='ltr'><strong>νου</strong></span> <span class='ocrx_word' id='word_1_215' title='bbox 2293 1373 2370 1444; x_wconf 83' lang='grc' dir='ltr'>τῷ</span> <span class='ocrx_word' id='word_1_216' title='bbox 2398 1373 2575 1444; x_wconf 74' lang='grc' dir='ltr'>Πατρὶ</span> <span class='ocrx_word' id='word_1_217' title='bbox 2615 1368 3059 1441; x_wconf 86' lang='grc' dir='ltr'>συνεδρεύσομεν,</span> <span class='ocrx_word' id='word_1_218' title='bbox 3087 1366 3182 1419; x_wconf 76' lang='grc' dir='ltr'><strong>καὶ</strong></span> <span class='ocrx_word' id='word_1_219' title='bbox 3215 1364 3472 1418; x_wconf 80' lang='grc' dir='ltr'>ὑπόθεσιν</span> <span class='ocrx_word' id='word_1_220' title='bbox 3505 1361 3761 1424; x_wconf 89' lang='grc' dir='ltr'>ἀσεϐείας</span> 
     </span>
    </p>
   </div>
   <div class='ocr_carea' id='block_1_30' title="bbox 2174 1453 3754 1534">
    <p class='ocr_par' dir='ltr' id='par_1_30' title="bbox 2174 1453 3754 1534">
     <span class='ocr_line' id='line_1_30' title="bbox 2174 1453 3754 1534; baseline -0.008 -17"><span class='ocrx_word' id='word_1_221' title='bbox 2174 1464 2272 1534; x_wconf 83' lang='grc' dir='ltr'><strong>τὴν</strong></span> <span class='ocrx_word' id='word_1_222' title='bbox 2316 1464 2408 1516; x_wconf 83' lang='grc' dir='ltr'>τοῦ</span> <span class='ocrx_word' id='word_1_223' title='bbox 2455 1462 2724 1534; x_wconf 82' lang='grc' dir='ltr'><strong>τιμῶντος</strong></span> <span class='ocrx_word' id='word_1_224' title='bbox 2759 1457 3098 1531; x_wconf 74' lang='grc' dir='ltr'>ποιησόμεθα</span> <span class='ocrx_word' id='word_1_225' title='bbox 3139 1456 3336 1528; x_wconf 87' lang='grc' dir='ltr'>χάριν;</span> <span class='ocrx_word' id='word_1_226' title='bbox 3388 1455 3482 1524; x_wconf 84' lang='grc' dir='ltr'><strong>Μὴ</strong></span> <span class='ocrx_word' id='word_1_227' title='bbox 3522 1453 3754 1524; x_wconf 78' lang='grc' dir='ltr'>γένοιτο·</span> 
     </span>
    </p>
   </div>
   <div class='ocr_carea' id='block_1_31' title="bbox 2174 1545 3761 1622">
    <p class='ocr_par' dir='ltr' id='par_1_31' title="bbox 2174 1545 3761 1622">
     <span class='ocr_line' id='line_1_31' title="bbox 2174 1545 3761 1622; baseline -0.006 -15"><span class='ocrx_word' id='word_1_228' title='bbox 2174 1553 2290 1608; x_wconf 85' lang='grc' dir='ltr'>ἀλλ’</span> <span class='ocrx_word' id='word_1_229' title='bbox 2338 1553 2491 1606; x_wconf 84' lang='grc' dir='ltr'>ἕσται</span> <span class='ocrx_word' id='word_1_230' title='bbox 2541 1553 2638 1622; x_wconf 83' lang='grc' dir='ltr'>μὲν</span> <span class='ocrx_word' id='word_1_231' title='bbox 2696 1553 2754 1606; x_wconf 83' lang='grc' dir='ltr'>ὲν</span> <span class='ocrx_word' id='word_1_232' title='bbox 2812 1547 3004 1621; x_wconf 73' lang='grc' dir='ltr'>οἷσπερ</span> <span class='ocrx_word' id='word_1_233' title='bbox 3051 1548 3198 1600; x_wconf 71' lang='grc' dir='ltr'>ἐστὶν</span> <span class='ocrx_word' id='word_1_234' title='bbox 3253 1547 3688 1618; x_wconf 83' lang='grc' dir='ltr'>ἀπαραποιήτως</span> <span class='ocrx_word' id='word_1_235' title='bbox 3731 1545 3761 1597; x_wconf 88' lang='grc' dir='ltr'><strong>ό</strong></span> 
     </span>
    </p>
   </div>
   <div class='ocr_carea' id='block_1_32' title="bbox 2176 1635 3761 1713">
    <p class='ocr_par' dir='ltr' id='par_1_32' title="bbox 2176 1635 3761 1713">
     <span class='ocr_line' id='line_1_32' title="bbox 2176 1635 3761 1713; baseline -0.007 -14"><span class='ocrx_word' id='word_1_236' title='bbox 2176 1646 2302 1708; x_wconf 88' lang='grc' dir='ltr'>Υἰός</span> <span class='ocrx_word' id='word_1_237' title='bbox 2335 1662 2349 1676; x_wconf 83' lang='lat'><strong><em>°</em></strong></span> <span class='ocrx_word' id='word_1_238' title='bbox 2410 1644 2551 1697; x_wconf 65' lang='grc' dir='ltr'>θετολ.</span> <span class='ocrx_word' id='word_1_239' title='bbox 2592 1643 2647 1696; x_wconf 82' lang='grc' dir='ltr'>δὲ</span> <span class='ocrx_word' id='word_1_240' title='bbox 2688 1643 2847 1713; x_wconf 84' lang='grc' dir='ltr'>ἡμεῖς</span> <span class='ocrx_word' id='word_1_241' title='bbox 2895 1643 2972 1704; x_wconf 91' lang='grc' dir='ltr'><strong>εἰς</strong></span> <span class='ocrx_word' id='word_1_242' title='bbox 3021 1640 3263 1710; x_wconf 82' lang='grc' dir='ltr'>υἱότητα,</span> <span class='ocrx_word' id='word_1_243' title='bbox 3317 1637 3412 1692; x_wconf 75' lang='grc' dir='ltr'><strong>καὶ</strong></span> <span class='ocrx_word' id='word_1_244' title='bbox 3451 1637 3564 1690; x_wconf 78' lang='grc' dir='ltr'>θεοῖ</span> <span class='ocrx_word' id='word_1_245' title='bbox 3619 1635 3761 1689; x_wconf 86' lang='grc' dir='ltr'><strong>κατά</strong></span> 
     </span>
    </p>
   </div>
   <div class='ocr_carea' id='block_1_33' title="bbox 2175 1725 3758 1818">
    <p class='ocr_par' dir='ltr' id='par_1_33' title="bbox 2175 1725 3758 1818">
     <span class='ocr_line' id='line_1_33' title="bbox 2175 1725 3758 1818; baseline -0.008 -26"><span class='ocrx_word' id='word_1_246' title='bbox 2175 1739 2355 1810; x_wconf 83' lang='grc' dir='ltr'>χάριν,</span> <span class='ocrx_word' id='word_1_247' title='bbox 2397 1737 2497 1790; x_wconf 84' lang='grc' dir='ltr'>οὐκ</span> <span class='ocrx_word' id='word_1_248' title='bbox 2533 1734 2852 1818; x_wconf 77' lang='grc' dir='ltr'><strong>ἀγνοοῦντες</strong></span> <span class='ocrx_word' id='word_1_249' title='bbox 2891 1734 3028 1804; x_wconf 81' lang='grc' dir='ltr'>ὅπερ</span> <span class='ocrx_word' id='word_1_250' title='bbox 3070 1731 3268 1802; x_wconf 79' lang='grc' dir='ltr'>ἐσμέν·</span> <span class='ocrx_word' id='word_1_251' title='bbox 3323 1730 3466 1784; x_wconf 75' lang='grc' dir='ltr'>οὕτω</span> <span class='ocrx_word' id='word_1_252' title='bbox 3512 1729 3569 1781; x_wconf 87' lang='grc' dir='ltr'>δὲ</span> <span class='ocrx_word' id='word_1_253' title='bbox 3617 1725 3758 1781; x_wconf 75' lang='grc' dir='ltr'>εἶναι</span> 
     </span>
    </p>
   </div>
   <div class='ocr_carea' id='block_1_34' title="bbox 504 1819 2089 1920">
    <p class='ocr_par' dir='ltr' id='par_1_34' title="bbox 504 1841 2078 1920">
     <span class='ocr_line' id='line_1_34' title="bbox 504 1841 2078 1920; baseline 0.007 -24"><span class='ocrx_word' id='word_1_254' title='bbox 504 1849 678 1906; x_wconf 89' lang='lat' dir='ltr'><strong>nant,</strong></span> <span class='ocrx_word' id='word_1_255' title='bbox 719 1841 825 1911; x_wconf 82' lang='lat'><strong>75</strong></span> <span class='ocrx_word' id='word_1_256' title='bbox 869 1845 1368 1902; x_wconf 87' lang='lat' dir='ltr'><strong>communicatione</strong></span> <span class='ocrx_word' id='word_1_257' title='bbox 1401 1846 1782 1903; x_wconf 87' lang='lat' dir='ltr'><strong>doctrinarum</strong></span> <span class='ocrx_word' id='word_1_258' title='bbox 1834 1865 1973 1920; x_wconf 90' lang='lat' dir='ltr'><strong>quas</strong></span> <span class='ocrx_word' id='word_1_259' title='bbox 2009 1867 2078 1906; x_wconf 80' lang='lat' dir='ltr'><strong>ex</strong></span> 
     </span>
    </p>
   </div>
   <div class='ocr_carea' id='block_1_35' title="bbox 2190 1819 3761 1920">
    <p class='ocr_par' dir='ltr' id='par_1_35' title="bbox 2190 1820 3761 1920">
     <span class='ocr_line' id='line_1_35' title="bbox 2190 1820 3761 1920; baseline -0.007 -37"><span class='ocrx_word' id='word_1_260' title='bbox 2190 1831 2278 1884; x_wconf 76' lang='grc' dir='ltr'>καὶ</span> <span class='ocrx_word' id='word_1_261' title='bbox 2344 1829 2457 1898; x_wconf 78' lang='grc' dir='ltr'><strong>φῶς</strong></span> <span class='ocrx_word' id='word_1_262' title='bbox 2542 1828 2667 1890; x_wconf 80' lang='grc' dir='ltr'>τοὺς</span> <span class='ocrx_word' id='word_1_263' title='bbox 2734 1826 2921 1895; x_wconf 82' lang='grc' dir='ltr'>ἁγίους</span> <span class='ocrx_word' id='word_1_264' title='bbox 2993 1825 3345 1894; x_wconf 81' lang='grc' dir='ltr'>πιστεύομεν.</span> <span class='ocrx_word' id='word_1_265' title='bbox 3423 1821 3635 1894; x_wconf 82' lang='grc' dir='ltr'>Χρῆναι</span> <span class='ocrx_word' id='word_1_266' title='bbox 3699 1820 3761 1920; x_wconf 70' lang='grc' dir='ltr'>δὲ</span> 
     </span>
    </p>
   </div>
   <div class='ocr_carea' id='block_1_36' title="bbox 506 1934 2080 2013">
    <p class='ocr_par' dir='ltr' id='par_1_36' title="bbox 506 1934 2080 2013">
     <span class='ocr_line' id='line_1_36' title="bbox 506 1934 2080 2013; baseline 0.008 -25"><span class='ocrx_word' id='word_1_267' title='bbox 506 1948 607 1988; x_wconf 89' lang='lat' dir='ltr'><strong>sua</strong></span> <span class='ocrx_word' id='word_1_268' title='bbox 641 1942 819 1989; x_wconf 89' lang='lat' dir='ltr'><strong>mente</strong></span> <span class='ocrx_word' id='word_1_269' title='bbox 839 1934 894 1988; x_wconf 91' lang='lat' dir='ltr'><strong>in</strong></span> <span class='ocrx_word' id='word_1_270' title='bbox 921 1935 1150 1990; x_wconf 90' lang='lat' dir='ltr'><strong>aliorum</strong></span> <span class='ocrx_word' id='word_1_271' title='bbox 1179 1945 1412 1993; x_wconf 88' lang='lat' dir='ltr'><strong>mentem</strong></span> <span class='ocrx_word' id='word_1_272' title='bbox 1439 1940 1773 1997; x_wconf 80' lang='lat' dir='ltr'><strong>infundunt:</strong></span> <span class='ocrx_word' id='word_1_273' title='bbox 1799 1959 1922 2013; x_wconf 72' lang='lat' dir='ltr'><strong>qua:</strong></span> <span class='ocrx_word' id='word_1_274' title='bbox 1954 1945 2080 2001; x_wconf 77' lang='lat' dir='ltr'><strong>illu-</strong></span> 
     </span>
    </p>
   </div>
   <div class='ocr_carea' id='block_1_37' title="bbox 506 2025 2080 2108">
    <p class='ocr_par' dir='ltr' id='par_1_37' title="bbox 506 2025 2080 2108">
     <span class='ocr_line' id='line_1_37' title="bbox 506 2025 2080 2108; baseline 0.009 -28"><span class='ocrx_word' id='word_1_275' title='bbox 506 2025 736 2080; x_wconf 85' lang='lat' dir='ltr'><strong>minatio</strong></span> <span class='ocrx_word' id='word_1_276' title='bbox 774 2027 1021 2082; x_wconf 88' lang='lat' dir='ltr'><strong>doctrina</strong></span> <span class='ocrx_word' id='word_1_277' title='bbox 1060 2027 1188 2097; x_wconf 87' lang='lat' dir='ltr'><strong>jure</strong></span> <span class='ocrx_word' id='word_1_278' title='bbox 1219 2031 1400 2100; x_wconf 87' lang='lat' dir='ltr'><strong>potius</strong></span> <span class='ocrx_word' id='word_1_279' title='bbox 1439 2034 1759 2102; x_wconf 89' lang='lat' dir='ltr'><strong>appellanda</strong></span> <span class='ocrx_word' id='word_1_280' title='bbox 1793 2045 1878 2093; x_wconf 91' lang='lat' dir='ltr'><strong>est</strong></span> <span class='ocrx_word' id='word_1_281' title='bbox 1916 2054 2080 2108; x_wconf 91' lang='lat' dir='ltr'><strong>quam</strong></span> 
     </span>
    </p>
   </div>
   <div class='ocr_carea' id='block_1_38' title="bbox 505 2118 2083 2187">
    <p class='ocr_par' dir='ltr' id='par_1_38' title="bbox 505 2118 2083 2187">
     <span class='ocr_line' id='line_1_38' title="bbox 505 2118 2083 2187; baseline 0.011 -16"><span class='ocrx_word' id='word_1_282' title='bbox 505 2118 787 2173; x_wconf 85' lang='lat' dir='ltr'><strong>revelatio.</strong></span> <span class='ocrx_word' id='word_1_283' title='bbox 820 2118 926 2174; x_wconf 90' lang='lat' dir='ltr'><strong>Sed</strong></span> <span class='ocrx_word' id='word_1_284' title='bbox 949 2118 1044 2174; x_wconf 88' lang='lat' dir='ltr'><strong>Dei</strong></span> <span class='ocrx_word' id='word_1_285' title='bbox 1062 2119 1299 2177; x_wconf 82' lang='lat' dir='ltr'><strong>Verbum</strong></span> <span class='ocrx_word' id='word_1_286' title='bbox 1333 2143 1352 2177; x_wconf 77' lang='grc' dir='ltr'><strong>ι</strong></span> <span class='ocrx_word' id='word_1_287' title='bbox 1380 2126 1653 2183; x_wconf 88' lang='lat' dir='ltr'><strong>illuminat</strong></span> <span class='ocrx_word' id='word_1_288' title='bbox 1677 2145 1891 2186; x_wconf 84' lang='lat' dir='ltr'><strong>omnem</strong></span> <span class='ocrx_word' id='word_1_289' title='bbox 1914 2132 2083 2187; x_wconf 89' lang='lat' dir='ltr'><strong>homi-</strong></span> 
     </span>
    </p>
   </div>
   <div class='ocr_carea' id='block_1_39' title="bbox 505 2210 2080 2282">
    <p class='ocr_par' dir='ltr' id='par_1_39' title="bbox 505 2210 2080 2282">
     <span class='ocr_line' id='line_1_39' title="bbox 505 2210 2080 2282; baseline 0.011 -19"><span class='ocrx_word' id='word_1_290' title='bbox 505 2223 634 2264; x_wconf 82' lang='lat' dir='ltr'><strong>nem</strong></span> <span class='ocrx_word' id='word_1_291' title='bbox 658 2210 963 2265; x_wconf 89' lang='lat' dir='ltr'><strong>venientem</strong></span> <span class='ocrx_word' id='word_1_292' title='bbox 991 2212 1045 2266; x_wconf 94' lang='lat' dir='ltr'><strong>in</strong></span> <span class='ocrx_word' id='word_1_293' title='bbox 1079 2214 1342 2270; x_wconf 89' lang='lat' dir='ltr'><strong>mundum</strong></span> <span class='ocrx_word' id='word_1_294' title='bbox 1370 2259 1384 2282; x_wconf 89' lang='lat'><strong>,</strong></span> <span class='ocrx_word' id='word_1_295' title='bbox 1423 2237 1442 2270; x_wconf 72' lang='grc' dir='ltr'><strong>ι</strong></span> <span class='ocrx_word' id='word_1_296' title='bbox 1487 2235 1598 2274; x_wconf 94' lang='lat' dir='ltr'><strong>non</strong></span> <span class='ocrx_word' id='word_1_297' title='bbox 1651 2221 1902 2277; x_wconf 91' lang='lat' dir='ltr'><strong>docendo</strong></span> <span class='ocrx_word' id='word_1_298' title='bbox 1935 2225 2080 2280; x_wconf 91' lang='lat' dir='ltr'><strong>sicut</strong></span> 
     </span>
    </p>
   </div>
   <div class='ocr_carea' id='block_1_40' title="bbox 509 2301 2084 2383">
    <p class='ocr_par' dir='ltr' id='par_1_40' title="bbox 509 2301 2084 2383">
     <span class='ocr_line' id='line_1_40' title="bbox 509 2301 2084 2383; baseline 0.012 -30"><span class='ocrx_word' id='word_1_299' title='bbox 509 2301 726 2372; x_wconf 89' lang='lat' dir='ltr'><strong>angeli,</strong></span> <span class='ocrx_word' id='word_1_300' title='bbox 763 2303 913 2357; x_wconf 83' lang='lat' dir='ltr'><strong>verbi</strong></span> <span class='ocrx_word' id='word_1_301' title='bbox 953 2305 1162 2374; x_wconf 89' lang='lat' dir='ltr'><strong>gratia,</strong></span> <span class='ocrx_word' id='word_1_302' title='bbox 1201 2307 1285 2362; x_wconf 88' lang='lat' dir='ltr'><strong>vel</strong></span> <span class='ocrx_word' id='word_1_303' title='bbox 1314 2308 1601 2366; x_wconf 82' lang='lat' dir='ltr'><strong>homines:</strong></span> <span class='ocrx_word' id='word_1_304' title='bbox 1652 2313 1746 2366; x_wconf 88' lang='lat' dir='ltr'><strong>sed</strong></span> <span class='ocrx_word' id='word_1_305' title='bbox 1793 2315 1976 2383; x_wconf 91' lang='lat' dir='ltr'><strong>potius</strong></span> <span class='ocrx_word' id='word_1_306' title='bbox 2023 2325 2084 2372; x_wconf 88' lang='lat' dir='ltr'><strong>ut</strong></span> 
     </span>
    </p>
   </div>
   <div class='ocr_carea' id='block_1_41' title="bbox 509 2392 2082 2468">
    <p class='ocr_par' dir='ltr' id='par_1_41' title="bbox 509 2392 2082 2468">
     <span class='ocr_line' id='line_1_41' title="bbox 509 2392 2082 2468; baseline 0.011 -23"><span class='ocrx_word' id='word_1_307' title='bbox 509 2392 672 2458; x_wconf 90' lang='lat' dir='ltr'><strong>Deus,</strong></span> <span class='ocrx_word' id='word_1_308' title='bbox 703 2395 975 2461; x_wconf 90' lang='lat' dir='ltr'><strong>creando,</strong></span> <span class='ocrx_word' id='word_1_309' title='bbox 1011 2398 1310 2468; x_wconf 90' lang='lat' dir='ltr'><strong>unicuique</strong></span> <span class='ocrx_word' id='word_1_310' title='bbox 1337 2401 1413 2455; x_wconf 90' lang='lat' dir='ltr'><strong>rei</strong></span> <span class='ocrx_word' id='word_1_311' title='bbox 1448 2400 1502 2455; x_wconf 91' lang='lat' dir='ltr'><strong>in</strong></span> <span class='ocrx_word' id='word_1_312' title='bbox 1531 2409 1712 2458; x_wconf 91' lang='lat' dir='ltr'><strong>ortum</strong></span> <span class='ocrx_word' id='word_1_313' title='bbox 1746 2405 1962 2462; x_wconf 71' lang='lat' dir='ltr'><strong>educta:</strong></span> <span class='ocrx_word' id='word_1_314' title='bbox 1995 2423 2082 2464; x_wconf 88' lang='lat' dir='ltr'><strong>sa-</strong></span> 
     </span>
    </p>
   </div>
   <div class='ocr_carea' id='block_1_42' title="bbox 508 2484 2082 2562">
    <p class='ocr_par' dir='ltr' id='par_1_42' title="bbox 508 2484 2082 2562">
     <span class='ocr_line' id='line_1_42' title="bbox 508 2484 2082 2562; baseline 0.011 -27"><span class='ocrx_word' id='word_1_315' title='bbox 508 2484 726 2552; x_wconf 75' lang='lat' dir='ltr'><strong>pientia:</strong></span> <span class='ocrx_word' id='word_1_316' title='bbox 753 2485 867 2540; x_wconf 90' lang='lat' dir='ltr'><strong>sive</strong></span> <span class='ocrx_word' id='word_1_317' title='bbox 896 2486 1232 2556; x_wconf 82' lang='lat' dir='ltr'><strong>cognitionis</strong></span> <span class='ocrx_word' id='word_1_318' title='bbox 1263 2488 1462 2545; x_wconf 78' lang='lat' dir='ltr'><strong>divina:</strong></span> <span class='ocrx_word' id='word_1_319' title='bbox 1489 2506 1676 2548; x_wconf 91' lang='lat' dir='ltr'><strong>semen</strong></span> <span class='ocrx_word' id='word_1_320' title='bbox 1700 2495 1841 2549; x_wconf 89' lang='lat' dir='ltr'><strong>indit</strong></span> <span class='ocrx_word' id='word_1_321' title='bbox 1865 2538 1880 2562; x_wconf 91' lang='lat'><strong>,</strong></span> <span class='ocrx_word' id='word_1_322' title='bbox 1916 2505 1971 2551; x_wconf 89' lang='lat' dir='ltr'><strong>et</strong></span> <span class='ocrx_word' id='word_1_323' title='bbox 2000 2498 2082 2553; x_wconf 89' lang='lat' dir='ltr'><strong>in-</strong></span> 
     </span>
    </p>
   </div>
   <div class='ocr_carea' id='block_1_43' title="bbox 510 2575 2086 2654">
    <p class='ocr_par' dir='ltr' id='par_1_43' title="bbox 510 2575 2086 2654">
     <span class='ocr_line' id='line_1_43' title="bbox 510 2575 2086 2654; baseline 0.01 -25"><span class='ocrx_word' id='word_1_324' title='bbox 510 2575 825 2645; x_wconf 71' lang='lat' dir='ltr'><strong>telligentia:</strong></span> <span class='ocrx_word' id='word_1_325' title='bbox 869 2577 1112 2635; x_wconf 88' lang='lat' dir='ltr'><strong>radicem</strong></span> <span class='ocrx_word' id='word_1_326' title='bbox 1172 2581 1405 2647; x_wconf 90' lang='lat' dir='ltr'><strong>inserit,</strong></span> <span class='ocrx_word' id='word_1_327' title='bbox 1462 2591 1629 2654; x_wconf 89' lang='lat' dir='ltr'><strong>atque</strong></span> <span class='ocrx_word' id='word_1_328' title='bbox 1684 2588 1758 2642; x_wconf 91' lang='lat' dir='ltr'><strong>ita</strong></span> <span class='ocrx_word' id='word_1_329' title='bbox 1815 2590 2086 2647; x_wconf 87' lang='lat' dir='ltr'><strong>rationale</strong></span> 
     </span>
    </p>
   </div>
   <div class='ocr_carea' id='block_1_44' title="bbox 511 2668 2082 2749">
    <p class='ocr_par' dir='ltr' id='par_1_44' title="bbox 511 2668 2082 2749">
     <span class='ocr_line' id='line_1_44' title="bbox 511 2668 2082 2749; baseline 0.011 -27"><span class='ocrx_word' id='word_1_330' title='bbox 511 2668 715 2722; x_wconf 89' lang='lat' dir='ltr'><strong>animal</strong></span> <span class='ocrx_word' id='word_1_331' title='bbox 742 2668 922 2735; x_wconf 71' lang='lat' dir='ltr'><strong>edicit,</strong></span> <span class='ocrx_word' id='word_1_332' title='bbox 957 2681 1166 2726; x_wconf 76' lang='lat' dir='ltr'><strong>naturzc</strong></span> <span class='ocrx_word' id='word_1_333' title='bbox 1205 2673 1339 2727; x_wconf 90' lang='lat' dir='ltr'><strong>illud</strong></span> <span class='ocrx_word' id='word_1_334' title='bbox 1368 2691 1481 2729; x_wconf 71' lang='lat' dir='ltr'><strong>sua:</strong></span> <span class='ocrx_word' id='word_1_335' title='bbox 1509 2677 1782 2747; x_wconf 88' lang='lat' dir='ltr'><strong>particeps</strong></span> <span class='ocrx_word' id='word_1_336' title='bbox 1808 2681 2045 2738; x_wconf 89' lang='lat' dir='ltr'><strong>reddens</strong></span> <span class='ocrx_word' id='word_1_337' title='bbox 2067 2724 2082 2749; x_wconf 91' lang='lat'><strong>,</strong></span> 
     </span>
    </p>
   </div>
   <div class='ocr_carea' id='block_1_45' title="bbox 510 2760 2084 2842">
    <p class='ocr_par' dir='ltr' id='par_1_45' title="bbox 510 2760 2084 2842">
     <span class='ocr_line' id='line_1_45' title="bbox 510 2760 2084 2842; baseline 0.008 -27"><span class='ocrx_word' id='word_1_338' title='bbox 510 2769 567 2815; x_wconf 90' lang='lat' dir='ltr'><strong>et</strong></span> <span class='ocrx_word' id='word_1_339' title='bbox 600 2760 889 2818; x_wconf 79' lang='lat' dir='ltr'><strong>inetl&#39;abilis</strong></span> <span class='ocrx_word' id='word_1_340' title='bbox 915 2761 999 2818; x_wconf 92' lang='lat' dir='ltr'><strong>sui</strong></span> <span class='ocrx_word' id='word_1_341' title='bbox 1025 2766 1335 2834; x_wconf 85' lang='lat' dir='ltr'><strong>splendoris</strong></span> <span class='ocrx_word' id='word_1_342' title='bbox 1368 2767 1582 2822; x_wconf 89' lang='lat' dir='ltr'><strong>lucidos</strong></span> <span class='ocrx_word' id='word_1_343' title='bbox 1617 2770 1781 2824; x_wconf 87' lang='lat' dir='ltr'><strong>veluti</strong></span> <span class='ocrx_word' id='word_1_344' title='bbox 1817 2773 2084 2842; x_wconf 91' lang='lat' dir='ltr'><strong>quosdam</strong></span> 
     </span>
    </p>
   </div>
   <div class='ocr_carea' id='block_1_46' title="bbox 509 2855 2088 2924">
    <p class='ocr_par' dir='ltr' id='par_1_46' title="bbox 509 2855 2088 2924">
     <span class='ocr_line' id='line_1_46' title="bbox 509 2855 2088 2924; baseline 0.008 -16"><span class='ocrx_word' id='word_1_345' title='bbox 509 2869 742 2924; x_wconf 82' lang='lat' dir='ltr'><strong>vapores</strong></span> <span class='ocrx_word' id='word_1_346' title='bbox 771 2855 892 2923; x_wconf 89' lang='lat' dir='ltr'><strong>ejus</strong></span> <span class='ocrx_word' id='word_1_347' title='bbox 929 2857 1114 2911; x_wconf 88' lang='lat' dir='ltr'><strong>animo</strong></span> <span class='ocrx_word' id='word_1_348' title='bbox 1142 2857 1460 2924; x_wconf 88' lang='lat' dir='ltr'><strong>immittens,</strong></span> <span class='ocrx_word' id='word_1_349' title='bbox 1502 2875 1563 2914; x_wconf 92' lang='lat' dir='ltr'><strong>ea</strong></span> <span class='ocrx_word' id='word_1_350' title='bbox 1592 2863 1804 2918; x_wconf 88' lang='lat' dir='ltr'><strong>ratione</strong></span> <span class='ocrx_word' id='word_1_351' title='bbox 1830 2878 1897 2918; x_wconf 90' lang='lat' dir='ltr'><strong>ac</strong></span> <span class='ocrx_word' id='word_1_352' title='bbox 1925 2867 2088 2921; x_wconf 92' lang='lat' dir='ltr'><strong>modo</strong></span> 
     </span>
    </p>
   </div>
   <div class='ocr_carea' id='block_1_47' title="bbox 510 2944 2089 3020">
    <p class='ocr_par' dir='ltr' id='par_1_47' title="bbox 510 2944 2089 3020">
     <span class='ocr_line' id='line_1_47' title="bbox 510 2944 2089 3020; baseline 0.009 -23"><span class='ocrx_word' id='word_1_353' title='bbox 510 2959 620 3012; x_wconf 92' lang='lat' dir='ltr'><strong>quo</strong></span> <span class='ocrx_word' id='word_1_354' title='bbox 652 2944 769 3015; x_wconf 90' lang='lat' dir='ltr'><strong>ipse</strong></span> <span class='ocrx_word' id='word_1_355' title='bbox 798 2947 969 3010; x_wconf 86' lang='lat' dir='ltr'><strong>novit,</strong></span> <span class='ocrx_word' id='word_1_356' title='bbox 1007 2949 1143 3002; x_wconf 89' lang='lat' dir='ltr'><strong>nihil</strong></span> <span class='ocrx_word' id='word_1_357' title='bbox 1170 2950 1314 3004; x_wconf 88' lang='lat' dir='ltr'><strong>enim</strong></span> <span class='ocrx_word' id='word_1_358' title='bbox 1344 2966 1813 3020; x_wconf 89' lang='lat' dir='ltr'><strong>supervacaneum</strong></span> <span class='ocrx_word' id='word_1_359' title='bbox 1843 2955 1934 3010; x_wconf 89' lang='lat' dir='ltr'><strong>hic</strong></span> <span class='ocrx_word' id='word_1_360' title='bbox 1962 2956 2089 3012; x_wconf 76' lang='lat' dir='ltr'><strong>aﬂ‘e-</strong></span> 
     </span>
    </p>
   </div>
   <div class='ocr_carea' id='block_1_48' title="bbox 510 3035 2088 3116">
    <p class='ocr_par' dir='ltr' id='par_1_48' title="bbox 510 3035 2088 3116">
     <span class='ocr_line' id='line_1_48' title="bbox 510 3035 2088 3116; baseline 0.011 -29"><span class='ocrx_word' id='word_1_361' title='bbox 510 3035 739 3089; x_wconf 88' lang='lat' dir='ltr'><strong>rendum</strong></span> <span class='ocrx_word' id='word_1_362' title='bbox 792 3046 947 3106; x_wconf 90' lang='lat' dir='ltr'><strong>puto.</strong></span> <span class='ocrx_word' id='word_1_363' title='bbox 975 3039 1248 3104; x_wconf 85' lang='lat' dir='ltr'><strong>Quocirca</strong></span> <span class='ocrx_word' id='word_1_364' title='bbox 1288 3049 1481 3096; x_wconf 89' lang='lat' dir='ltr'><strong>auctor</strong></span> <span class='ocrx_word' id='word_1_365' title='bbox 1523 3044 1613 3098; x_wconf 88' lang='lat' dir='ltr'><strong>ille</strong></span> <span class='ocrx_word' id='word_1_366' title='bbox 1656 3039 1831 3101; x_wconf 84' lang='lat' dir='ltr'><strong>noStri</strong></span> <span class='ocrx_word' id='word_1_367' title='bbox 1870 3048 2088 3116; x_wconf 79' lang='lat' dir='ltr'><strong>generis</strong></span> 
     </span>
    </p>
   </div>
   <div class='ocr_carea' id='block_1_49' title="bbox 511 3124 2157 3212">
    <p class='ocr_par' dir='ltr' id='par_1_49' title="bbox 511 3124 2157 3212">
     <span class='ocr_line' id='line_1_49' title="bbox 511 3124 2157 3212; baseline 0.01 -36"><span class='ocrx_word' id='word_1_368' title='bbox 511 3124 721 3190; x_wconf 81' lang='lat' dir='ltr'><strong>Adam,</strong></span> <span class='ocrx_word' id='word_1_369' title='bbox 773 3142 882 3182; x_wconf 93' lang='lat' dir='ltr'><strong>non</strong></span> <span class='ocrx_word' id='word_1_370' title='bbox 925 3127 978 3181; x_wconf 91' lang='lat' dir='ltr'><strong>in</strong></span> <span class='ocrx_word' id='word_1_371' title='bbox 1017 3136 1262 3198; x_wconf 83' lang='lat' dir='ltr'><strong>tempore</strong></span> <span class='ocrx_word' id='word_1_372' title='bbox 1288 3169 1302 3194; x_wconf 90' lang='lat'><strong>,</strong></span> <span class='ocrx_word' id='word_1_373' title='bbox 1351 3132 1514 3186; x_wconf 90' lang='lat' dir='ltr'><strong>sicuti</strong></span> <span class='ocrx_word' id='word_1_374' title='bbox 1566 3147 1668 3190; x_wconf 92' lang='lat' dir='ltr'><strong>nos</strong></span> <span class='ocrx_word' id='word_1_375' title='bbox 1697 3175 1710 3196; x_wconf 85' lang='lat'><strong>,</strong></span> <span class='ocrx_word' id='word_1_376' title='bbox 1763 3137 2085 3205; x_wconf 87' lang='lat' dir='ltr'><strong>sapientiam</strong></span> <span class='ocrx_word' id='word_1_377' title='bbox 2114 3155 2157 3212; x_wconf 73' lang='grc' dir='ltr'>ο</span> 
     </span>
    </p>
   </div>
   <div class='ocr_carea' id='block_1_50' title="bbox 511 3215 2090 3294">
    <p class='ocr_par' dir='ltr' id='par_1_50' title="bbox 511 3215 2090 3294">
     <span class='ocr_line' id='line_1_50' title="bbox 511 3215 2090 3294; baseline 0.009 -24"><span class='ocrx_word' id='word_1_378' title='bbox 511 3215 733 3270; x_wconf 88' lang='lat' dir='ltr'><strong>videtur</strong></span> <span class='ocrx_word' id='word_1_379' title='bbox 767 3232 891 3274; x_wconf 90' lang='lat' dir='ltr'><strong>esse</strong></span> <span class='ocrx_word' id='word_1_380' title='bbox 914 3229 1245 3277; x_wconf 90' lang='lat' dir='ltr'><strong>consecutus</strong></span> <span class='ocrx_word' id='word_1_381' title='bbox 1269 3262 1282 3284; x_wconf 86' lang='lat'><strong>,</strong></span> <span class='ocrx_word' id='word_1_382' title='bbox 1319 3224 1413 3278; x_wconf 91' lang='lat' dir='ltr'><strong>sed</strong></span> <span class='ocrx_word' id='word_1_383' title='bbox 1445 3239 1473 3277; x_wconf 91' lang='lat' dir='ltr'><strong>a</strong></span> <span class='ocrx_word' id='word_1_384' title='bbox 1510 3225 1687 3294; x_wconf 91' lang='lat' dir='ltr'><strong>primo</strong></span> <span class='ocrx_word' id='word_1_385' title='bbox 1717 3228 1901 3282; x_wconf 86' lang='lat' dir='ltr'><strong>statim</strong></span> <span class='ocrx_word' id='word_1_386' title='bbox 1934 3237 2090 3284; x_wconf 90' lang='lat' dir='ltr'><strong>ortus</strong></span> 
     </span>
    </p>
   </div>
   <div class='ocr_carea' id='block_1_51' title="bbox 513 3305 2086 3383">
    <p class='ocr_par' dir='ltr' id='par_1_51' title="bbox 513 3305 2086 3383">
     <span class='ocr_line' id='line_1_51' title="bbox 513 3305 2086 3383; baseline 0.008 -22"><span class='ocrx_word' id='word_1_387' title='bbox 513 3307 596 3361; x_wconf 85' lang='lat' dir='ltr'><strong>sui</strong></span> <span class='ocrx_word' id='word_1_388' title='bbox 641 3305 797 3362; x_wconf 88' lang='lat' dir='ltr'><strong>initio</strong></span> <span class='ocrx_word' id='word_1_389' title='bbox 827 3307 1068 3378; x_wconf 82' lang='lat' dir='ltr'><strong>perfecta</strong></span> <span class='ocrx_word' id='word_1_390' title='bbox 1112 3310 1469 3381; x_wconf 84' lang='lat' dir='ltr'><strong>intelligentia</strong></span> <span class='ocrx_word' id='word_1_391' title='bbox 1509 3315 1776 3383; x_wconf 72' lang='lat' dir='ltr'><strong>praeditus</strong></span> <span class='ocrx_word' id='word_1_392' title='bbox 1801 3319 2086 3383; x_wconf 90' lang='lat' dir='ltr'><strong>cernitur,</strong></span> 
     </span>
    </p>
   </div>
   <div class='ocr_carea' id='block_1_52' title="bbox 513 3395 2088 3470">
    <p class='ocr_par' dir='ltr' id='par_1_52' title="bbox 513 3395 2088 3470">
     <span class='ocr_line' id='line_1_52' title="bbox 513 3395 2088 3470; baseline 0.01 -20"><span class='ocrx_word' id='word_1_393' title='bbox 513 3395 643 3450; x_wconf 90' lang='lat' dir='ltr'><strong>dum</strong></span> <span class='ocrx_word' id='word_1_394' title='bbox 683 3406 961 3470; x_wconf 90' lang='lat' dir='ltr'><strong>acceptam</strong></span> <span class='ocrx_word' id='word_1_395' title='bbox 999 3399 1266 3458; x_wconf 89' lang='lat' dir='ltr'><strong>divinitus</strong></span> <span class='ocrx_word' id='word_1_396' title='bbox 1307 3403 1760 3461; x_wconf 89' lang='lat' dir='ltr'><strong>illuminationem</strong></span> <span class='ocrx_word' id='word_1_397' title='bbox 1820 3409 2088 3465; x_wconf 87' lang='lat' dir='ltr'><strong>illibatam</strong></span> 
     </span>
    </p>
   </div>
   <div class='ocr_carea' id='block_1_53' title="bbox 512 3489 2093 3567">
    <p class='ocr_par' dir='ltr' id='par_1_53' title="bbox 512 3489 2093 3567">
     <span class='ocr_line' id='line_1_53' title="bbox 512 3489 2093 3567; baseline 0.008 -23"><span class='ocrx_word' id='word_1_398' title='bbox 512 3489 568 3544; x_wconf 79' lang='lat' dir='ltr'><strong>in</strong></span> <span class='ocrx_word' id='word_1_399' title='bbox 616 3490 798 3558; x_wconf 82' lang='lat' dir='ltr'><strong>seipso</strong></span> <span class='ocrx_word' id='word_1_400' title='bbox 849 3503 1246 3560; x_wconf 91' lang='lat' dir='ltr'><strong>conservaret,</strong></span> <span class='ocrx_word' id='word_1_401' title='bbox 1291 3504 1345 3549; x_wconf 93' lang='lat' dir='ltr'><strong>et</strong></span> <span class='ocrx_word' id='word_1_402' title='bbox 1398 3495 1669 3567; x_wconf 82' lang='lat' dir='ltr'><strong>integram</strong></span> <span class='ocrx_word' id='word_1_403' title='bbox 1716 3507 1931 3555; x_wconf 73' lang='lat' dir='ltr'><strong>natura:</strong></span> <span class='ocrx_word' id='word_1_404' title='bbox 1979 3516 2093 3556; x_wconf 70' lang='lat' dir='ltr'><strong>sua:</strong></span> 
     </span>
    </p>
   </div>
   <div class='ocr_carea' id='block_1_54' title="bbox 515 3581 2093 3662">
    <p class='ocr_par' dir='ltr' id='par_1_54' title="bbox 515 3581 2093 3662">
     <span class='ocr_line' id='line_1_54' title="bbox 515 3581 2093 3662; baseline 0.008 -27"><span class='ocrx_word' id='word_1_405' title='bbox 515 3581 778 3638; x_wconf 89' lang='lat' dir='ltr'><strong>retineret</strong></span> <span class='ocrx_word' id='word_1_406' title='bbox 830 3582 1176 3653; x_wconf 84' lang='lat' dir='ltr'><strong>dignitatem.</strong></span> <span class='ocrx_word' id='word_1_407' title='bbox 1224 3587 1501 3642; x_wconf 89' lang='lat' dir='ltr'><strong>llluminat</strong></span> <span class='ocrx_word' id='word_1_408' title='bbox 1540 3589 1746 3657; x_wconf 85' lang='lat' dir='ltr'><strong>igitur,</strong></span> <span class='ocrx_word' id='word_1_409' title='bbox 1800 3598 1860 3644; x_wconf 90' lang='lat' dir='ltr'><strong>ut</strong></span> <span class='ocrx_word' id='word_1_410' title='bbox 1909 3593 2093 3662; x_wconf 80' lang='lat' dir='ltr'><strong>opifex</strong></span> 
     </span>
    </p>
   </div>
   <div class='ocr_carea' id='block_1_55' title="bbox 519 3671 2091 3748">
    <p class='ocr_par' dir='ltr' id='par_1_55' title="bbox 519 3671 2091 3748">
     <span class='ocr_line' id='line_1_55' title="bbox 519 3671 2091 3748; baseline 0.01 -25"><span class='ocrx_word' id='word_1_411' title='bbox 519 3671 740 3742; x_wconf 85' lang='lat' dir='ltr'><strong>quidem</strong></span> <span class='ocrx_word' id='word_1_412' title='bbox 780 3671 985 3737; x_wconf 86' lang='lat' dir='ltr'><strong>Filius,</strong></span> <span class='ocrx_word' id='word_1_413' title='bbox 1021 3675 1257 3729; x_wconf 74' lang='lat' dir='ltr'><strong>maxime</strong></span> <span class='ocrx_word' id='word_1_414' title='bbox 1284 3690 1407 3730; x_wconf 90' lang='lat' dir='ltr'><strong>cum</strong></span> <span class='ocrx_word' id='word_1_415' title='bbox 1437 3677 1508 3732; x_wconf 91' lang='lat' dir='ltr'><strong>sit</strong></span> <span class='ocrx_word' id='word_1_416' title='bbox 1539 3677 1656 3747; x_wconf 90' lang='lat' dir='ltr'><strong>ipse</strong></span> <span class='ocrx_word' id='word_1_417' title='bbox 1689 3679 1782 3732; x_wconf 83' lang='lat' dir='ltr'><strong>lux</strong></span> <span class='ocrx_word' id='word_1_418' title='bbox 1809 3679 1899 3733; x_wconf 90' lang='lat' dir='ltr'><strong>illa</strong></span> <span class='ocrx_word' id='word_1_419' title='bbox 1931 3698 2091 3748; x_wconf 90' lang='lat' dir='ltr'><strong>vera,</strong></span> 
     </span>
    </p>
   </div>
   <div class='ocr_carea' id='block_1_56' title="bbox 517 3766 2093 3836">
    <p class='ocr_par' dir='ltr' id='par_1_56' title="bbox 517 3766 2093 3836">
     <span class='ocr_line' id='line_1_56' title="bbox 517 3766 2093 3836; baseline 0.007 -18"><span class='ocrx_word' id='word_1_420' title='bbox 517 3772 770 3818; x_wconf 89' lang='lat' dir='ltr'><strong>creatura</strong></span> <span class='ocrx_word' id='word_1_421' title='bbox 801 3775 981 3820; x_wconf 90' lang='lat' dir='ltr'><strong>autem</strong></span> <span class='ocrx_word' id='word_1_422' title='bbox 1009 3766 1426 3836; x_wconf 80' lang='lat' dir='ltr'><strong>participatione</strong></span> <span class='ocrx_word' id='word_1_423' title='bbox 1457 3785 1580 3824; x_wconf 87' lang='lat' dir='ltr'><strong>cum</strong></span> <span class='ocrx_word' id='word_1_424' title='bbox 1612 3772 1734 3827; x_wconf 87' lang='lat' dir='ltr'><strong>luce</strong></span> <span class='ocrx_word' id='word_1_425' title='bbox 1757 3811 1771 3835; x_wconf 89' lang='lat'><strong>,</strong></span> <span class='ocrx_word' id='word_1_426' title='bbox 1812 3773 2093 3829; x_wconf 88' lang='lat' dir='ltr'><strong>illumina-</strong></span> 
     </span>
    </p>
   </div>
   <div class='ocr_carea' id='block_1_57' title="bbox 520 3857 2095 3936">
    <p class='ocr_par' dir='ltr' id='par_1_57' title="bbox 520 3857 2095 3936">
     <span class='ocr_line' id='line_1_57' title="bbox 520 3857 2095 3936; baseline 0.008 -26"><span class='ocrx_word' id='word_1_427' title='bbox 520 3863 650 3920; x_wconf 89' lang='lat' dir='ltr'><strong>tur,</strong></span> <span class='ocrx_word' id='word_1_428' title='bbox 677 3865 731 3911; x_wconf 91' lang='lat' dir='ltr'><strong>et</strong></span> <span class='ocrx_word' id='word_1_429' title='bbox 763 3857 969 3911; x_wconf 89' lang='lat' dir='ltr'><strong>idcirco</strong></span> <span class='ocrx_word' id='word_1_430' title='bbox 1001 3858 1094 3915; x_wconf 82' lang='lat' dir='ltr'><strong>lux</strong></span> <span class='ocrx_word' id='word_1_431' title='bbox 1129 3859 1334 3913; x_wconf 88' lang='lat' dir='ltr'><strong>dicitur</strong></span> <span class='ocrx_word' id='word_1_432' title='bbox 1366 3868 1420 3916; x_wconf 89' lang='lat' dir='ltr'><strong>et</strong></span> <span class='ocrx_word' id='word_1_433' title='bbox 1457 3869 1572 3926; x_wconf 88' lang='lat' dir='ltr'><strong>est,</strong></span> <span class='ocrx_word' id='word_1_434' title='bbox 1601 3863 1668 3918; x_wconf 90' lang='lat' dir='ltr'><strong>ad</strong></span> <span class='ocrx_word' id='word_1_435' title='bbox 1710 3879 1798 3920; x_wconf 80' lang='lat' dir='ltr'><strong>res</strong></span> <span class='ocrx_word' id='word_1_436' title='bbox 1825 3880 2095 3936; x_wconf 89' lang='lat' dir='ltr'><strong>superna-</strong></span> 
     </span>
    </p>
   </div>
   <div class='ocr_carea' id='block_1_58' title="bbox 519 3949 2093 4028">
    <p class='ocr_par' dir='ltr' id='par_1_58' title="bbox 519 3949 2093 4028">
     <span class='ocr_line' id='line_1_58' title="bbox 519 3949 2093 4028; baseline 0.007 -25"><span class='ocrx_word' id='word_1_437' title='bbox 519 3949 733 4003; x_wconf 90' lang='lat' dir='ltr'><strong>turales</strong></span> <span class='ocrx_word' id='word_1_438' title='bbox 776 3956 999 4015; x_wconf 90' lang='lat' dir='ltr'><strong>evecta,</strong></span> <span class='ocrx_word' id='word_1_439' title='bbox 1042 3950 1400 4020; x_wconf 84' lang='lat' dir='ltr'><strong>gloriﬁcantis</strong></span> <span class='ocrx_word' id='word_1_440' title='bbox 1441 3952 1568 4018; x_wconf 91' lang='lat' dir='ltr'><strong>Dei,</strong></span> <span class='ocrx_word' id='word_1_441' title='bbox 1619 3962 1675 4009; x_wconf 90' lang='lat' dir='ltr'><strong>et</strong></span> <span class='ocrx_word' id='word_1_442' title='bbox 1717 3957 1886 4012; x_wconf 88' lang='lat' dir='ltr'><strong>variis</strong></span> <span class='ocrx_word' id='word_1_443' title='bbox 1922 3958 2093 4028; x_wconf 88' lang='lat' dir='ltr'><strong>ipsam</strong></span> 
     </span>
    </p>
   </div>
   <div class='ocr_carea' id='block_1_59' title="bbox 521 4039 2098 4119">
    <p class='ocr_par' dir='ltr' id='par_1_59' title="bbox 521 4039 2098 4119">
     <span class='ocr_line' id='line_1_59' title="bbox 521 4039 2098 4119; baseline 0.007 -26"><span class='ocrx_word' id='word_1_444' title='bbox 521 4039 846 4095; x_wconf 84' lang='lat' dir='ltr'><strong>coronantis</strong></span> <span class='ocrx_word' id='word_1_445' title='bbox 897 4040 1199 4097; x_wconf 86' lang='lat' dir='ltr'><strong>honoribus</strong></span> <span class='ocrx_word' id='word_1_446' title='bbox 1247 4045 1462 4112; x_wconf 85' lang='lat' dir='ltr'><strong>gratia,</strong></span> <span class='ocrx_word' id='word_1_447' title='bbox 1517 4044 1656 4100; x_wconf 88' lang='lat' dir='ltr'><strong>adeo</strong></span> <span class='ocrx_word' id='word_1_448' title='bbox 1703 4054 1762 4100; x_wconf 92' lang='lat' dir='ltr'><strong>ut</strong></span> <span class='ocrx_word' id='word_1_449' title='bbox 1824 4057 2098 4119; x_wconf 87' lang='lat' dir='ltr'><strong>quotquot</strong></span> 
     </span>
    </p>
   </div>
   <div class='ocr_carea' id='block_1_60' title="bbox 521 4128 2096 4204">
    <p class='ocr_par' dir='ltr' id='par_1_60' title="bbox 521 4128 2096 4204">
     <span class='ocr_line' id='line_1_60' title="bbox 521 4128 2096 4204; baseline 0.008 -21"><span class='ocrx_word' id='word_1_450' title='bbox 521 4128 670 4185; x_wconf 88' lang='lat' dir='ltr'><strong>hunc</strong></span> <span class='ocrx_word' id='word_1_451' title='bbox 717 4131 981 4187; x_wconf 90' lang='lat' dir='ltr'><strong>honorem</strong></span> <span class='ocrx_word' id='word_1_452' title='bbox 1027 4134 1341 4203; x_wconf 89' lang='lat' dir='ltr'><strong>accepimus</strong></span> <span class='ocrx_word' id='word_1_453' title='bbox 1381 4137 1708 4204; x_wconf 83' lang='lat' dir='ltr'><strong>juremerito</strong></span> <span class='ocrx_word' id='word_1_454' title='bbox 1749 4139 1802 4192; x_wconf 90' lang='lat' dir='ltr'><strong>in</strong></span> <span class='ocrx_word' id='word_1_455' title='bbox 1855 4141 2096 4195; x_wconf 87' lang='lat' dir='ltr'><strong>medium</strong></span> 
     </span>
    </p>
   </div>
   <div class='ocr_carea' id='block_1_61' title="bbox 522 4223 2097 4301">
    <p class='ocr_par' dir='ltr' id='par_1_61' title="bbox 522 4223 2097 4301">
     <span class='ocr_line' id='line_1_61' title="bbox 522 4223 2097 4301; baseline 0.009 -27"><span class='ocrx_word' id='word_1_456' title='bbox 522 4223 760 4293; x_wconf 88' lang='lat' dir='ltr'><strong>prodire,</strong></span> <span class='ocrx_word' id='word_1_457' title='bbox 793 4233 847 4280; x_wconf 88' lang='lat' dir='ltr'><strong>et</strong></span> <span class='ocrx_word' id='word_1_458' title='bbox 877 4241 1074 4298; x_wconf 87' lang='lat' dir='ltr'><strong>magna</strong></span> <span class='ocrx_word' id='word_1_459' title='bbox 1105 4242 1240 4282; x_wconf 90' lang='lat' dir='ltr'><strong>voce</strong></span> <span class='ocrx_word' id='word_1_460' title='bbox 1264 4228 1465 4297; x_wconf 87' lang='lat' dir='ltr'><strong>gratias</strong></span> <span class='ocrx_word' id='word_1_461' title='bbox 1486 4241 1708 4299; x_wconf 84' lang='lat' dir='ltr'><strong>agentes</strong></span> <span class='ocrx_word' id='word_1_462' title='bbox 1735 4232 2097 4301; x_wconf 88' lang='lat' dir='ltr'><strong>gratulatorio</strong></span> 
     </span>
    </p>
   </div>
   <div class='ocr_carea' id='block_1_62' title="bbox 524 4317 2094 4390">
    <p class='ocr_par' dir='ltr' id='par_1_62' title="bbox 524 4317 2094 4390">
     <span class='ocr_line' id='line_1_62' title="bbox 524 4317 2094 4390; baseline 0.004 -19"><span class='ocrx_word' id='word_1_463' title='bbox 524 4317 767 4373; x_wconf 88' lang='lat' dir='ltr'><strong>carmine</strong></span> <span class='ocrx_word' id='word_1_464' title='bbox 797 4317 980 4374; x_wconf 90' lang='lat' dir='ltr'><strong>dicere</strong></span> <span class='ocrx_word' id='word_1_465' title='bbox 1019 4319 1314 4375; x_wconf 88' lang='lat' dir='ltr'><strong>debeamus</strong></span> <span class='ocrx_word' id='word_1_466' title='bbox 1344 4336 1357 4372; x_wconf 89' lang='lat'><strong>:</strong></span> <span class='ocrx_word' id='word_1_467' title='bbox 1416 4337 1435 4372; x_wconf 77' lang='grc' dir='ltr'><strong>ι</strong></span> <span class='ocrx_word' id='word_1_468' title='bbox 1468 4319 1721 4389; x_wconf 88' lang='lat' dir='ltr'><strong>Benedic,</strong></span> <span class='ocrx_word' id='word_1_469' title='bbox 1752 4324 1930 4377; x_wconf 88' lang='lat' dir='ltr'><strong>anima</strong></span> <span class='ocrx_word' id='word_1_470' title='bbox 1954 4338 2094 4390; x_wconf 89' lang='lat' dir='ltr'><strong>mea,</strong></span> 
     </span>
    </p>
   </div>
   <div class='ocr_carea' id='block_1_63' title="bbox 525 4406 2094 4486">
    <p class='ocr_par' dir='ltr' id='par_1_63' title="bbox 525 4406 2094 4486">
     <span class='ocr_line' id='line_1_63' title="bbox 525 4406 2094 4486; baseline 0.007 -25"><span class='ocrx_word' id='word_1_471' title='bbox 525 4406 775 4475; x_wconf 90' lang='lat' dir='ltr'><strong>Domino,</strong></span> <span class='ocrx_word' id='word_1_472' title='bbox 803 4418 856 4465; x_wconf 90' lang='lat' dir='ltr'><strong>et</strong></span> <span class='ocrx_word' id='word_1_473' title='bbox 885 4413 994 4466; x_wconf 92' lang='lat' dir='ltr'><strong>noli</strong></span> <span class='ocrx_word' id='word_1_474' title='bbox 1031 4413 1278 4468; x_wconf 88' lang='lat' dir='ltr'><strong>oblivisci</strong></span> <span class='ocrx_word' id='word_1_475' title='bbox 1301 4428 1490 4468; x_wconf 88' lang='lat' dir='ltr'><strong>omnes</strong></span> <span class='ocrx_word' id='word_1_476' title='bbox 1527 4416 1912 4472; x_wconf 84' lang='lat' dir='ltr'><strong>retributiones</strong></span> <span class='ocrx_word' id='word_1_477' title='bbox 1942 4417 2094 4486; x_wconf 88' lang='lat' dir='ltr'><strong>ejus:</strong></span> 
     </span>
    </p>
   </div>
   <div class='ocr_carea' id='block_1_64' title="bbox 523 4501 2172 4579">
    <p class='ocr_par' dir='ltr' id='par_1_64' title="bbox 523 4501 2172 4579">
     <span class='ocr_line' id='line_1_64' title="bbox 523 4501 2172 4579; baseline 0.005 -25"><span class='ocrx_word' id='word_1_478' title='bbox 523 4501 618 4572; x_wconf 88' lang='lat' dir='ltr'><strong>qui</strong></span> <span class='ocrx_word' id='word_1_479' title='bbox 671 4502 998 4572; x_wconf 87' lang='lat' dir='ltr'><strong>pr0pitiatur</strong></span> <span class='ocrx_word' id='word_1_480' title='bbox 1046 4505 1302 4560; x_wconf 90' lang='lat' dir='ltr'><strong>omnibus</strong></span> <span class='ocrx_word' id='word_1_481' title='bbox 1356 4506 1741 4574; x_wconf 89' lang='lat' dir='ltr'><strong>iniquitatibus</strong></span> <span class='ocrx_word' id='word_1_482' title='bbox 1795 4509 1947 4574; x_wconf 88' lang='lat' dir='ltr'><strong>tuis,</strong></span> <span class='ocrx_word' id='word_1_483' title='bbox 2001 4508 2095 4579; x_wconf 91' lang='lat' dir='ltr'><strong>qui</strong></span> <span class='ocrx_word' id='word_1_484' title='bbox 2131 4519 2172 4572; x_wconf 80' lang='grc' dir='ltr'><strong>ι)</strong></span> 
     </span>
    </p>
   </div>
   <div class='ocr_carea' id='block_1_65' title="bbox 523 4593 2103 4665">
    <p class='ocr_par' dir='ltr' id='par_1_65' title="bbox 523 4593 2103 4665">
     <span class='ocr_line' id='line_1_65' title="bbox 523 4593 2103 4665; baseline 0.004 -18"><span class='ocrx_word' id='word_1_485' title='bbox 523 4602 681 4647; x_wconf 90' lang='lat' dir='ltr'><strong>sanat</strong></span> <span class='ocrx_word' id='word_1_486' title='bbox 701 4609 893 4648; x_wconf 89' lang='lat' dir='ltr'><strong>omnes</strong></span> <span class='ocrx_word' id='word_1_487' title='bbox 925 4593 1268 4649; x_wconf 75' lang='lat' dir='ltr'><strong>infirmitates</strong></span> <span class='ocrx_word' id='word_1_488' title='bbox 1298 4604 1451 4661; x_wconf 90' lang='lat' dir='ltr'><strong>tuas;</strong></span> <span class='ocrx_word' id='word_1_489' title='bbox 1479 4597 1573 4665; x_wconf 93' lang='lat' dir='ltr'><strong>qui</strong></span> <span class='ocrx_word' id='word_1_490' title='bbox 1599 4597 1816 4651; x_wconf 86' lang='lat' dir='ltr'><strong>redimit</strong></span> <span class='ocrx_word' id='word_1_491' title='bbox 1833 4598 1899 4654; x_wconf 87' lang='lat' dir='ltr'><strong>de</strong></span> <span class='ocrx_word' id='word_1_492' title='bbox 1933 4599 2103 4653; x_wconf 88' lang='lat' dir='ltr'><strong>inter-</strong></span> 
     </span>
    </p>
   </div>
   <div class='ocr_carea' id='block_1_66' title="bbox 524 4685 2100 4755">
    <p class='ocr_par' dir='ltr' id='par_1_66' title="bbox 524 4685 2100 4755">
     <span class='ocr_line' id='line_1_66' title="bbox 524 4685 2100 4755; baseline 0.003 -17"><span class='ocrx_word' id='word_1_493' title='bbox 524 4685 602 4738; x_wconf 86' lang='lat' dir='ltr'><strong>itu</strong></span> <span class='ocrx_word' id='word_1_494' title='bbox 653 4687 818 4740; x_wconf 89' lang='lat' dir='ltr'><strong>vitam</strong></span> <span class='ocrx_word' id='word_1_495' title='bbox 865 4694 1046 4750; x_wconf 91' lang='lat' dir='ltr'><strong>tuam;</strong></span> <span class='ocrx_word' id='word_1_496' title='bbox 1098 4685 1190 4755; x_wconf 89' lang='lat' dir='ltr'><strong>qui</strong></span> <span class='ocrx_word' id='word_1_497' title='bbox 1231 4693 1463 4740; x_wconf 89' lang='lat' dir='ltr'><strong>coronat</strong></span> <span class='ocrx_word' id='word_1_498' title='bbox 1504 4694 1553 4741; x_wconf 86' lang='lat' dir='ltr'><strong>te</strong></span> <span class='ocrx_word' id='word_1_499' title='bbox 1609 4687 1663 4741; x_wconf 90' lang='lat' dir='ltr'><strong>in</strong></span> <span class='ocrx_word' id='word_1_500' title='bbox 1717 4687 2100 4744; x_wconf 85' lang='lat' dir='ltr'><strong>misericordia</strong></span> 
     </span>
    </p>
   </div>
   <div class='ocr_carea' id='block_1_67' title="bbox 521 4777 2099 4847">
    <p class='ocr_par' dir='ltr' id='par_1_67' title="bbox 521 4777 2099 4847">
     <span class='ocr_line' id='line_1_67' title="bbox 521 4777 2099 4847; baseline 0.005 -17"><span class='ocrx_word' id='word_1_501' title='bbox 521 4783 576 4830; x_wconf 90' lang='lat' dir='ltr'><strong>et</strong></span> <span class='ocrx_word' id='word_1_502' title='bbox 608 4777 1093 4842; x_wconf 87' lang='lat' dir='ltr'><strong>miserationibus;</strong></span> <span class='ocrx_word' id='word_1_503' title='bbox 1141 4777 1234 4847; x_wconf 91' lang='lat' dir='ltr'><strong>qui</strong></span> <span class='ocrx_word' id='word_1_504' title='bbox 1268 4777 1438 4847; x_wconf 86' lang='lat' dir='ltr'><strong>replet</strong></span> <span class='ocrx_word' id='word_1_505' title='bbox 1474 4777 1528 4832; x_wconf 91' lang='lat' dir='ltr'><strong>in</strong></span> <span class='ocrx_word' id='word_1_506' title='bbox 1571 4777 1730 4833; x_wconf 90' lang='lat' dir='ltr'><strong>bonis</strong></span> <span class='ocrx_word' id='word_1_507' title='bbox 1768 4779 2099 4838; x_wconf 81' lang='lat' dir='ltr'><strong>desiderium</strong></span> 
     </span>
    </p>
   </div>
   <div class='ocr_carea' id='block_1_68' title="bbox 524 4866 2096 4940">
    <p class='ocr_par' dir='ltr' id='par_1_68' title="bbox 524 4866 2096 4940">
     <span class='ocr_line' id='line_1_68' title="bbox 524 4866 2096 4940; baseline 0.007 -20"><span class='ocrx_word' id='word_1_508' title='bbox 524 4875 680 4921; x_wconf 87' lang='lat' dir='ltr'><strong>tuum</strong></span> <span class='ocrx_word' id='word_1_509' title='bbox 697 4866 762 4921; x_wconf 73' lang='grc'><strong>³⁸.</strong></span> <span class='ocrx_word' id='word_1_510' title='bbox 800 4885 818 4920; x_wconf 76' lang='grc' dir='ltr'><strong>ι</strong></span> <span class='ocrx_word' id='word_1_511' title='bbox 853 4867 1006 4922; x_wconf 87' lang='lat' dir='ltr'><strong>Facit</strong></span> <span class='ocrx_word' id='word_1_512' title='bbox 1032 4870 1174 4923; x_wconf 89' lang='lat' dir='ltr'><strong>enim</strong></span> <span class='ocrx_word' id='word_1_513' title='bbox 1200 4869 1446 4940; x_wconf 79' lang='lat' dir='ltr'><strong>profecto</strong></span> <span class='ocrx_word' id='word_1_514' title='bbox 1472 4871 1883 4928; x_wconf 89' lang='lat' dir='ltr'><strong>misericordias</strong></span> <span class='ocrx_word' id='word_1_515' title='bbox 1918 4873 2096 4931; x_wconf 83' lang='lat' dir='ltr'><strong>Domi-</strong></span> 
     </span>
    </p>
   </div>
   <div class='ocr_carea' id='block_1_69' title="bbox 525 4958 2098 5034">
    <p class='ocr_par' dir='ltr' id='par_1_69' title="bbox 525 4958 2098 5034">
     <span class='ocr_line' id='line_1_69' title="bbox 525 4958 2098 5034; baseline 0.006 -21"><span class='ocrx_word' id='word_1_516' title='bbox 525 4973 633 5013; x_wconf 88' lang='lat' dir='ltr'><strong>nus</strong></span> <span class='ocrx_word' id='word_1_517' title='bbox 656 4999 670 5023; x_wconf 90' lang='lat'><strong>,</strong></span> <span class='ocrx_word' id='word_1_518' title='bbox 708 4958 802 5028; x_wconf 87' lang='lat' dir='ltr'><strong>qui</strong></span> <span class='ocrx_word' id='word_1_519' title='bbox 837 4973 926 5013; x_wconf 91' lang='lat' dir='ltr'><strong>res</strong></span> <span class='ocrx_word' id='word_1_520' title='bbox 952 4973 1150 5028; x_wconf 88' lang='lat' dir='ltr'><strong>parvas</strong></span> <span class='ocrx_word' id='word_1_521' title='bbox 1181 4969 1346 5032; x_wconf 89' lang='lat' dir='ltr'><strong>atque</strong></span> <span class='ocrx_word' id='word_1_522' title='bbox 1378 4963 1654 5034; x_wconf 88' lang='lat' dir='ltr'><strong>abjcctas,</strong></span> <span class='ocrx_word' id='word_1_523' title='bbox 1688 4965 1734 5020; x_wconf 90' lang='lat' dir='ltr'><strong>si</strong></span> <span class='ocrx_word' id='word_1_524' title='bbox 1762 4974 1975 5021; x_wconf 59' lang='lat' dir='ltr'><strong>naturae</strong></span> <span class='ocrx_word' id='word_1_525' title='bbox 2001 4983 2098 5022; x_wconf 91' lang='lat' dir='ltr'><strong>cu-</strong></span> 
     </span>
    </p>
   </div>
   <div class='ocr_carea' id='block_1_70' title="bbox 524 5050 2101 5127">
    <p class='ocr_par' dir='ltr' id='par_1_70' title="bbox 524 5050 2101 5127">
     <span class='ocr_line' id='line_1_70' title="bbox 524 5050 2101 5127; baseline 0.008 -24"><span class='ocrx_word' id='word_1_526' title='bbox 524 5051 727 5120; x_wconf 89' lang='lat' dir='ltr'><strong>jusque</strong></span> <span class='ocrx_word' id='word_1_527' title='bbox 772 5050 913 5104; x_wconf 90' lang='lat' dir='ltr'><strong>ratio</strong></span> <span class='ocrx_word' id='word_1_528' title='bbox 958 5061 1274 5122; x_wconf 85' lang='lat' dir='ltr'><strong>spectetur,</strong></span> <span class='ocrx_word' id='word_1_529' title='bbox 1325 5070 1555 5126; x_wconf 89' lang='lat' dir='ltr'><strong>magnas</strong></span> <span class='ocrx_word' id='word_1_530' title='bbox 1603 5064 1768 5127; x_wconf 89' lang='lat' dir='ltr'><strong>atque</strong></span> <span class='ocrx_word' id='word_1_531' title='bbox 1817 5060 2101 5116; x_wconf 86' lang='lat' dir='ltr'><strong>mirabiles</strong></span> 
     </span>
    </p>
   </div>
   <div class='ocr_carea' id='block_1_71' title="bbox 528 5143 2100 5218">
    <p class='ocr_par' dir='ltr' id='par_1_71' title="bbox 528 5143 2100 5218">
     <span class='ocr_line' id='line_1_71' title="bbox 528 5143 2100 5218; baseline 0.006 -21"><span class='ocrx_word' id='word_1_532' title='bbox 528 5143 692 5197; x_wconf 73' lang='lat' dir='ltr'><strong>edicit</strong></span> <span class='ocrx_word' id='word_1_533' title='bbox 725 5157 823 5197; x_wconf 88' lang='lat' dir='ltr'><strong>sua</strong></span> <span class='ocrx_word' id='word_1_534' title='bbox 845 5159 971 5214; x_wconf 87' lang='lat' dir='ltr'><strong>erga</strong></span> <span class='ocrx_word' id='word_1_535' title='bbox 998 5145 1146 5216; x_wconf 87' lang='lat' dir='ltr'><strong>ipsas</strong></span> <span class='ocrx_word' id='word_1_536' title='bbox 1178 5145 1425 5202; x_wconf 89' lang='lat' dir='ltr'><strong>bonitate</strong></span> <span class='ocrx_word' id='word_1_537' title='bbox 1446 5187 1461 5211; x_wconf 95' lang='lat'><strong>,</strong></span> <span class='ocrx_word' id='word_1_538' title='bbox 1499 5148 1699 5217; x_wconf 89' lang='lat' dir='ltr'><strong>quippe</strong></span> <span class='ocrx_word' id='word_1_539' title='bbox 1729 5151 1819 5218; x_wconf 85' lang='lat' dir='ltr'><strong>qui</strong></span> <span class='ocrx_word' id='word_1_540' title='bbox 1853 5153 1968 5205; x_wconf 89' lang='lat' dir='ltr'><strong>suis</strong></span> <span class='ocrx_word' id='word_1_541' title='bbox 2001 5167 2100 5206; x_wconf 89' lang='lat' dir='ltr'><strong>nos</strong></span> 
     </span>
    </p>
   </div>
   <div class='ocr_carea' id='block_1_72' title="bbox 529 5233 2100 5304">
    <p class='ocr_par' dir='ltr' id='par_1_72' title="bbox 529 5233 2100 5304">
     <span class='ocr_line' id='line_1_72' title="bbox 529 5233 2100 5304; baseline 0.001 -15"><span class='ocrx_word' id='word_1_542' title='bbox 529 5234 811 5289; x_wconf 89' lang='lat' dir='ltr'><strong>cumulare</strong></span> <span class='ocrx_word' id='word_1_543' title='bbox 834 5233 992 5290; x_wconf 90' lang='lat' dir='ltr'><strong>donis</strong></span> <span class='ocrx_word' id='word_1_544' title='bbox 1013 5234 1202 5302; x_wconf 87' lang='lat' dir='ltr'><strong>voluit,</strong></span> <span class='ocrx_word' id='word_1_545' title='bbox 1232 5243 1290 5289; x_wconf 92' lang='lat' dir='ltr'><strong>ut</strong></span> <span class='ocrx_word' id='word_1_546' title='bbox 1314 5234 1479 5300; x_wconf 91' lang='lat' dir='ltr'><strong>Deus,</strong></span> <span class='ocrx_word' id='word_1_547' title='bbox 1510 5244 1674 5304; x_wconf 89' lang='lat' dir='ltr'><strong>atque</strong></span> <span class='ocrx_word' id='word_1_548' title='bbox 1708 5237 1915 5290; x_wconf 90' lang='lat' dir='ltr'><strong>idcirco</strong></span> <span class='ocrx_word' id='word_1_549' title='bbox 1969 5236 2100 5292; x_wconf 92' lang='lat' dir='ltr'><strong>deos</strong></span> 
     </span>
    </p>
   </div>
   <div class='ocr_carea' id='block_1_73' title="bbox 528 5325 2102 5396">
    <p class='ocr_par' dir='ltr' id='par_1_73' title="bbox 528 5325 2102 5396">
     <span class='ocr_line' id='line_1_73' title="bbox 528 5325 2102 5396; baseline 0.001 -16"><span class='ocrx_word' id='word_1_550' title='bbox 528 5335 584 5381; x_wconf 87' lang='lat' dir='ltr'><strong>et</strong></span> <span class='ocrx_word' id='word_1_551' title='bbox 629 5325 805 5380; x_wconf 80' lang='lat' dir='ltr'><strong>lucem</strong></span> <span class='ocrx_word' id='word_1_552' title='bbox 852 5325 1174 5395; x_wconf 88' lang='lat' dir='ltr'><strong>appellavit,</strong></span> <span class='ocrx_word' id='word_1_553' title='bbox 1222 5327 1453 5396; x_wconf 85' lang='lat' dir='ltr'><strong>aliisque</strong></span> <span class='ocrx_word' id='word_1_554' title='bbox 1512 5327 1781 5396; x_wconf 86' lang='lat' dir='ltr'><strong>ejusmodi</strong></span> <span class='ocrx_word' id='word_1_555' title='bbox 1835 5327 2102 5382; x_wconf 90' lang='lat' dir='ltr'><strong>bonorum</strong></span> 
     </span>
    </p>
   </div>
   <div class='ocr_carea' id='block_1_74' title="bbox 533 5404 2100 5488">
    <p class='ocr_par' dir='ltr' id='par_1_74' title="bbox 533 5404 2100 5488">
     <span class='ocr_line' id='line_1_74' title="bbox 533 5404 2100 5488; baseline 0 -15"><span class='ocrx_word' id='word_1_556' title='bbox 533 5419 846 5482; x_wconf 84' lang='lat' dir='ltr'><strong>nomlnibus</strong></span> <span class='ocrx_word' id='word_1_557' title='bbox 887 5418 1126 5474; x_wconf 89' lang='lat' dir='ltr'><strong>ornavit.</strong></span> <span class='ocrx_word' id='word_1_558' title='bbox 1164 5417 1329 5472; x_wconf 82' lang='lat' dir='ltr'><strong>Addit</strong></span> <span class='ocrx_word' id='word_1_559' title='bbox 1373 5404 1656 5488; x_wconf 80' lang='lat' dir='ltr'><strong>theologus</strong></span> <span class='ocrx_word' id='word_1_560' title='bbox 1701 5433 1803 5474; x_wconf 91' lang='lat' dir='ltr'><strong>nec</strong></span> <span class='ocrx_word' id='word_1_561' title='bbox 1853 5418 2059 5474; x_wconf 78' lang='lat' dir='ltr'><strong>frustra</strong></span> <span class='ocrx_word' id='word_1_562' title='bbox 2085 5459 2100 5485; x_wconf 94' lang='lat'><strong>,</strong></span> 
     </span>
    </p>
   </div>
   <div class='ocr_carea' id='block_1_75' title="bbox 538 5511 2105 5580">
    <p class='ocr_par' dir='ltr' id='par_1_75' title="bbox 538 5511 2105 5580">
     <span class='ocr_line' id='line_1_75' title="bbox 538 5511 2105 5580; baseline 0.003 -18"><span class='ocrx_word' id='word_1_563' title='bbox 538 5531 556 5562; x_wconf 72' lang='grc' dir='ltr'><strong>ι</strong></span> <span class='ocrx_word' id='word_1_564' title='bbox 587 5513 645 5567; x_wconf 82' lang='grc' dir='ltr'>1η</span> <span class='ocrx_word' id='word_1_565' title='bbox 672 5513 874 5568; x_wconf 89' lang='lat' dir='ltr'><strong>mundo</strong></span> <span class='ocrx_word' id='word_1_566' title='bbox 896 5520 1036 5580; x_wconf 88' lang='lat' dir='ltr'><strong>erat,</strong></span> <span class='ocrx_word' id='word_1_567' title='bbox 1070 5531 1088 5566; x_wconf 75' lang='grc' dir='ltr'><strong>ι</strong></span> <span class='ocrx_word' id='word_1_568' title='bbox 1124 5513 1490 5566; x_wconf 89' lang='lat' dir='ltr'><strong>necessariam</strong></span> <span class='ocrx_word' id='word_1_569' title='bbox 1517 5511 1644 5564; x_wconf 89' lang='lat' dir='ltr'><strong>hinc</strong></span> <span class='ocrx_word' id='word_1_570' title='bbox 1672 5511 1827 5568; x_wconf 90' lang='lat' dir='ltr'><strong>nobis</strong></span> <span class='ocrx_word' id='word_1_571' title='bbox 1857 5521 2105 5567; x_wconf 90' lang='lat' dir='ltr'><strong>contem-</strong></span> 
     </span>
    </p>
   </div>
   <div class='ocr_carea' id='block_1_76' title="bbox 535 5602 2103 5676">
    <p class='ocr_par' dir='ltr' id='par_1_76' title="bbox 535 5602 2103 5676">
     <span class='ocr_line' id='line_1_76' title="bbox 535 5602 2103 5676; baseline -0.001 -18"><span class='ocrx_word' id='word_1_572' title='bbox 535 5603 827 5676; x_wconf 84' lang='lat' dir='ltr'><strong>plationem</strong></span> <span class='ocrx_word' id='word_1_573' title='bbox 859 5604 1124 5662; x_wconf 77' lang='lat' dir='ltr'><strong>inferens.</strong></span> <span class='ocrx_word' id='word_1_574' title='bbox 1155 5604 1295 5660; x_wconf 87' lang='lat' dir='ltr'><strong>Cum</strong></span> <span class='ocrx_word' id='word_1_575' title='bbox 1335 5604 1478 5660; x_wconf 88' lang='lat' dir='ltr'><strong>enim</strong></span> <span class='ocrx_word' id='word_1_576' title='bbox 1513 5603 1749 5659; x_wconf 69' lang='lat' dir='ltr'><strong>dixerit:</strong></span> <span class='ocrx_word' id='word_1_577' title='bbox 1791 5622 1808 5656; x_wconf 85' lang='grc'><strong>‹</strong></span> <span class='ocrx_word' id='word_1_578' title='bbox 1846 5602 1973 5658; x_wconf 79' lang='lat' dir='ltr'><strong>Erat</strong></span> <span class='ocrx_word' id='word_1_579' title='bbox 2013 5605 2103 5656; x_wconf 78' lang='lat' dir='ltr'><strong>lux</strong></span> 
     </span>
    </p>
   </div>
   <div class='ocr_carea' id='block_1_77' title="bbox 2179 1907 3760 1990">
    <p class='ocr_par' dir='ltr' id='par_1_77' title="bbox 2179 1907 3760 1990">
     <span class='ocr_line' id='line_1_77' title="bbox 2179 1907 3760 1990; baseline -0.009 -16"><span class='ocrx_word' id='word_1_580' title='bbox 2179 1915 2333 1990; x_wconf 73' lang='grc' dir='ltr'>οἶμαι</span> <span class='ocrx_word' id='word_1_581' title='bbox 2379 1919 2615 1990; x_wconf 63' lang='grc' dir='ltr'><strong>κάκεῖνοΔ</strong></span> <span class='ocrx_word' id='word_1_582' title='bbox 2650 1915 3140 1984; x_wconf 89' lang='grc' dir='ltr'>διασκεπτομένους</span> <span class='ocrx_word' id='word_1_583' title='bbox 3175 1915 3325 1985; x_wconf 77' lang='grc' dir='ltr'>όρᾷν.</span> <span class='ocrx_word' id='word_1_584' title='bbox 3375 1911 3458 1966; x_wconf 86' lang='grc' dir='ltr'>Τά</span> <span class='ocrx_word' id='word_1_585' title='bbox 3509 1911 3606 1981; x_wconf 81' lang='grc' dir='ltr'><strong>μὲν</strong></span> <span class='ocrx_word' id='word_1_586' title='bbox 3652 1907 3760 1979; x_wconf 89' lang='grc' dir='ltr'><strong>γάρ</strong></span> 
     </span>
    </p>
   </div>
   <div class='ocr_carea' id='block_1_78' title="bbox 2180 1986 3761 2080">
    <p class='ocr_par' dir='ltr' id='par_1_78' title="bbox 2180 1986 3761 2080">
     <span class='ocr_line' id='line_1_78' title="bbox 2180 1986 3761 2080; baseline -0.008 -16"><span class='ocrx_word' id='word_1_587' title='bbox 2180 1986 2372 2080; x_wconf 80' lang='grc' dir='ltr'>λογικά</span> <span class='ocrx_word' id='word_1_588' title='bbox 2418 2009 2527 2062; x_wconf 87' lang='grc' dir='ltr'><strong>τῶν</strong></span> <span class='ocrx_word' id='word_1_589' title='bbox 2580 1986 2893 2077; x_wconf 65' lang='grc' dir='ltr'>κτισμάτων</span> <span class='ocrx_word' id='word_1_590' title='bbox 2942 2004 3285 2075; x_wconf 81' lang='grc' dir='ltr'>φωτιζόμενα</span> <span class='ocrx_word' id='word_1_591' title='bbox 3330 2001 3584 2072; x_wconf 76' lang='grc' dir='ltr'>φωτίζει,</span> <span class='ocrx_word' id='word_1_592' title='bbox 3621 1998 3761 2053; x_wconf 86' lang='grc' dir='ltr'><strong>κατά</strong></span> 
     </span>
    </p>
   </div>
   <div class='ocr_carea' id='block_1_79' title="bbox 2185 2090 3762 2173">
    <p class='ocr_par' dir='ltr' id='par_1_79' title="bbox 2185 2090 3762 2173">
     <span class='ocr_line' id='line_1_79' title="bbox 2185 2090 3762 2173; baseline -0.008 -19"><span class='ocrx_word' id='word_1_593' title='bbox 2185 2101 2466 2173; x_wconf 82' lang='grc' dir='ltr'>μετάδοσιν</span> <span class='ocrx_word' id='word_1_594' title='bbox 2533 2096 2905 2169; x_wconf 80' lang='grc' dir='ltr'>θεωρημάτων</span> <span class='ocrx_word' id='word_1_595' title='bbox 2959 2095 3068 2149; x_wconf 89' lang='grc' dir='ltr'><strong>τῶν</strong></span> <span class='ocrx_word' id='word_1_596' title='bbox 3125 2096 3190 2149; x_wconf 84' lang='grc' dir='ltr'>ὲκ</span> <span class='ocrx_word' id='word_1_597' title='bbox 3244 2093 3334 2147; x_wconf 79' lang='grc' dir='ltr'>νοῦ</span> <span class='ocrx_word' id='word_1_598' title='bbox 3383 2092 3522 2163; x_wconf 83' lang='grc' dir='ltr'>πρὸς</span> <span class='ocrx_word' id='word_1_599' title='bbox 3568 2090 3762 2160; x_wconf 79' lang='grc' dir='ltr'><strong>ἑτέραν</strong></span> 
     </span>
    </p>
   </div>
   <div class='ocr_carea' id='block_1_80' title="bbox 2181 2182 3765 2262">
    <p class='ocr_par' dir='ltr' id='par_1_80' title="bbox 2181 2182 3765 2262">
     <span class='ocr_line' id='line_1_80' title="bbox 2181 2182 3765 2262; baseline -0.008 -17"><span class='ocrx_word' id='word_1_600' title='bbox 2181 2193 2540 2262; x_wconf 87' lang='grc' dir='ltr'>εἰσχεομένων</span> <span class='ocrx_word' id='word_1_601' title='bbox 2569 2191 2840 2251; x_wconf 89' lang='grc' dir='ltr'>διάνοιαν,</span> <span class='ocrx_word' id='word_1_602' title='bbox 2902 2187 2999 2242; x_wconf 73' lang='grc' dir='ltr'><strong>καὶ</strong></span> <span class='ocrx_word' id='word_1_603' title='bbox 3047 2185 3364 2241; x_wconf 86' lang='grc' dir='ltr'>διδασκαλία</span> <span class='ocrx_word' id='word_1_604' title='bbox 3403 2183 3601 2255; x_wconf 82' lang='grc' dir='ltr'>μᾶλλον</span> <span class='ocrx_word' id='word_1_605' title='bbox 3642 2182 3765 2252; x_wconf 74' lang='grc' dir='ltr'>ἦτοι</span> 
     </span>
    </p>
   </div>
   <div class='ocr_carea' id='block_1_81' title="bbox 2181 2271 3760 2352">
    <p class='ocr_par' dir='ltr' id='par_1_81' title="bbox 2181 2271 3760 2352">
     <span class='ocr_line' id='line_1_81' title="bbox 2181 2271 3760 2352; baseline -0.008 -15"><span class='ocrx_word' id='word_1_606' title='bbox 2181 2281 2523 2352; x_wconf 74' lang='grc' dir='ltr'>ἀποκάλυψις</span> <span class='ocrx_word' id='word_1_607' title='bbox 2550 2283 2577 2335; x_wconf 88' lang='grc' dir='ltr'>ὁ</span> <span class='ocrx_word' id='word_1_608' title='bbox 2599 2279 2835 2343; x_wconf 79' lang='grc' dir='ltr'>τοιοῦτος</span> <span class='ocrx_word' id='word_1_609' title='bbox 2871 2279 2934 2332; x_wconf 84' lang='grc' dir='ltr'><strong>ἂν</strong></span> <span class='ocrx_word' id='word_1_610' title='bbox 2969 2279 3190 2341; x_wconf 78' lang='grc' dir='ltr'>δικαίως</span> <span class='ocrx_word' id='word_1_611' title='bbox 3224 2275 3441 2329; x_wconf 87' lang='grc' dir='ltr'>καλοῖτο</span> <span class='ocrx_word' id='word_1_612' title='bbox 3465 2271 3760 2343; x_wconf 82' lang='grc' dir='ltr'>φωτισμός.</span> 
     </span>
    </p>
   </div>
   <div class='ocr_carea' id='block_1_82' title="bbox 2193 2364 3764 2440">
    <p class='ocr_par' dir='ltr' id='par_1_82' title="bbox 2193 2364 3764 2440">
     <span class='ocr_line' id='line_1_82' title="bbox 2193 2364 3764 2440; baseline -0.009 -13"><span class='ocrx_word' id='word_1_613' title='bbox 2193 2374 2252 2428; x_wconf 88' lang='lat'><strong>&#39;0</strong></span> <span class='ocrx_word' id='word_1_614' title='bbox 2271 2373 2327 2426; x_wconf 86' lang='grc' dir='ltr'>δὲ</span> <span class='ocrx_word' id='word_1_615' title='bbox 2357 2372 2448 2426; x_wconf 82' lang='grc' dir='ltr'>τοῦ</span> <span class='ocrx_word' id='word_1_616' title='bbox 2482 2372 2616 2425; x_wconf 81' lang='grc' dir='ltr'>Θεοῦ</span> <span class='ocrx_word' id='word_1_617' title='bbox 2643 2371 2819 2440; x_wconf 84' lang='grc' dir='ltr'>Λόγος</span> <span class='ocrx_word' id='word_1_618' title='bbox 2845 2388 2862 2421; x_wconf 83' lang='grc' dir='ltr'><strong>ι</strong></span> <span class='ocrx_word' id='word_1_619' title='bbox 2895 2369 3116 2438; x_wconf 80' lang='grc' dir='ltr'>φωτίζει</span> <span class='ocrx_word' id='word_1_620' title='bbox 3164 2367 3338 2420; x_wconf 88' lang='grc' dir='ltr'>πάντα</span> <span class='ocrx_word' id='word_1_621' title='bbox 3365 2364 3648 2436; x_wconf 75' lang='grc' dir='ltr'>ἄνθρωπον</span> <span class='ocrx_word' id='word_1_622' title='bbox 3671 2365 3764 2433; x_wconf 83' lang='grc' dir='ltr'><strong>ὲρ-</strong></span> 
     </span>
    </p>
   </div>
   <div class='ocr_carea' id='block_1_83' title="bbox 2183 2454 3766 2538">
    <p class='ocr_par' dir='ltr' id='par_1_83' title="bbox 2183 2454 3766 2538">
     <span class='ocr_line' id='line_1_83' title="bbox 2183 2454 3766 2538; baseline -0.009 -19"><span class='ocrx_word' id='word_1_623' title='bbox 2183 2466 2410 2538; x_wconf 88' lang='grc' dir='ltr'>χόμενον</span> <span class='ocrx_word' id='word_1_624' title='bbox 2447 2466 2524 2528; x_wconf 88' lang='grc' dir='ltr'>εἰς</span> <span class='ocrx_word' id='word_1_625' title='bbox 2553 2462 2643 2518; x_wconf 80' lang='grc' dir='ltr'><strong>τὸν</strong></span> <span class='ocrx_word' id='word_1_626' title='bbox 2675 2463 2880 2534; x_wconf 87' lang='grc' dir='ltr'>κόσμον</span> <span class='ocrx_word' id='word_1_627' title='bbox 2913 2481 2930 2514; x_wconf 77' lang='grc' dir='ltr'><strong>ι</strong></span> <span class='ocrx_word' id='word_1_628' title='bbox 2967 2462 3027 2514; x_wconf 82' lang='grc' dir='ltr'><strong>ού</strong></span> <span class='ocrx_word' id='word_1_629' title='bbox 3055 2457 3450 2520; x_wconf 82' lang='grc' dir='ltr'>διδασκαλικῶς</span> <span class='ocrx_word' id='word_1_630' title='bbox 3472 2496 3486 2521; x_wconf 85' lang='grc'><strong>,</strong></span> <span class='ocrx_word' id='word_1_631' title='bbox 3516 2454 3766 2523; x_wconf 87' lang='grc' dir='ltr'>καθάπερ</span> 
     </span>
    </p>
   </div>
   <div class='ocr_carea' id='block_1_84' title="bbox 2184 2546 3766 2630">
    <p class='ocr_par' dir='ltr' id='par_1_84' title="bbox 2184 2546 3766 2630">
     <span class='ocr_line' id='line_1_84' title="bbox 2184 2546 3766 2630; baseline -0.011 -14"><span class='ocrx_word' id='word_1_632' title='bbox 2184 2559 2406 2630; x_wconf 83' lang='grc' dir='ltr'>ἄγγελοι</span> <span class='ocrx_word' id='word_1_633' title='bbox 2433 2559 2611 2630; x_wconf 85' lang='grc' dir='ltr'>τυχὸν,</span> <span class='ocrx_word' id='word_1_634' title='bbox 2643 2558 2676 2630; x_wconf 82' lang='grc' dir='ltr'><strong>ἢ</strong></span> <span class='ocrx_word' id='word_1_635' title='bbox 2711 2557 2806 2611; x_wconf 74' lang='grc' dir='ltr'>καὶ</span> <span class='ocrx_word' id='word_1_636' title='bbox 2829 2555 3124 2627; x_wconf 82' lang='grc' dir='ltr'>ἄνθρωποι,</span> <span class='ocrx_word' id='word_1_637' title='bbox 3150 2551 3285 2606; x_wconf 66' lang='grc' dir='ltr'>ἀολλά</span> <span class='ocrx_word' id='word_1_638' title='bbox 3312 2549 3512 2622; x_wconf 71' lang='grc' dir='ltr'>μᾶλλον</span> <span class='ocrx_word' id='word_1_639' title='bbox 3535 2549 3610 2610; x_wconf 87' lang='grc' dir='ltr'>ὡς</span> <span class='ocrx_word' id='word_1_640' title='bbox 3635 2546 3766 2612; x_wconf 79' lang='grc' dir='ltr'>Θεὸς</span> 
     </span>
    </p>
   </div>
   <div class='ocr_carea' id='block_1_85' title="bbox 2184 2636 3766 2726">
    <p class='ocr_par' dir='ltr' id='par_1_85' title="bbox 2184 2636 3766 2726">
     <span class='ocr_line' id='line_1_85' title="bbox 2184 2636 3766 2726; baseline -0.014 -17"><span class='ocrx_word' id='word_1_641' title='bbox 2184 2653 2588 2726; x_wconf 82' lang='grc' dir='ltr'>δημιουργικῶς</span> <span class='ocrx_word' id='word_1_642' title='bbox 2630 2649 2847 2719; x_wconf 78' lang='grc' dir='ltr'>ἑκάστῳ</span> <span class='ocrx_word' id='word_1_643' title='bbox 2875 2647 2982 2701; x_wconf 89' lang='grc' dir='ltr'><strong>τῶν</strong></span> <span class='ocrx_word' id='word_1_644' title='bbox 3020 2646 3098 2708; x_wconf 83' lang='grc' dir='ltr'><strong>εἰς</strong></span> <span class='ocrx_word' id='word_1_645' title='bbox 3131 2643 3194 2696; x_wconf 80' lang='grc' dir='ltr'><strong>τὸ</strong></span> <span class='ocrx_word' id='word_1_646' title='bbox 3231 2637 3371 2694; x_wconf 80' lang='grc' dir='ltr'>εἶναι</span> <span class='ocrx_word' id='word_1_647' title='bbox 3417 2636 3766 2708; x_wconf 80' lang='grc' dir='ltr'>καλουμένων</span> 
     </span>
    </p>
   </div>
   <div class='ocr_carea' id='block_1_86' title="bbox 2189 2726 3767 2814">
    <p class='ocr_par' dir='ltr' id='par_1_86' title="bbox 2189 2726 3767 2814">
     <span class='ocr_line' id='line_1_86' title="bbox 2189 2726 3767 2814; baseline -0.013 -16"><span class='ocrx_word' id='word_1_648' title='bbox 2189 2745 2410 2814; x_wconf 85' lang='grc' dir='ltr'>σπέρμα</span> <span class='ocrx_word' id='word_1_649' title='bbox 2440 2743 2651 2811; x_wconf 80' lang='grc' dir='ltr'>σοφίας,</span> <span class='ocrx_word' id='word_1_650' title='bbox 2685 2739 2802 2810; x_wconf 76' lang='grc' dir='ltr'>ἢτοι</span> <span class='ocrx_word' id='word_1_651' title='bbox 2833 2734 3158 2805; x_wconf 86' lang='grc' dir='ltr'>θεογνωσίας</span> <span class='ocrx_word' id='word_1_652' title='bbox 3189 2731 3450 2800; x_wconf 77' lang='grc' dir='ltr'>ἐντίθησι,</span> <span class='ocrx_word' id='word_1_653' title='bbox 3487 2728 3577 2782; x_wconf 75' lang='grc' dir='ltr'>καὶ</span> <span class='ocrx_word' id='word_1_654' title='bbox 3615 2726 3767 2797; x_wconf 78' lang='grc' dir='ltr'>ῥίζαν</span> 
     </span>
    </p>
   </div>
   <div class='ocr_carea' id='block_1_87' title="bbox 2187 2817 3768 2907">
    <p class='ocr_par' dir='ltr' id='par_1_87' title="bbox 2187 2817 3768 2907">
     <span class='ocr_line' id='line_1_87' title="bbox 2187 2817 3768 2907; baseline -0.014 -16"><span class='ocrx_word' id='word_1_655' title='bbox 2187 2835 2480 2907; x_wconf 80' lang='grc' dir='ltr'>ὲμφυτεύει</span> <span class='ocrx_word' id='word_1_656' title='bbox 2512 2833 2814 2893; x_wconf 88' lang='grc' dir='ltr'>συνέσεως,</span> <span class='ocrx_word' id='word_1_657' title='bbox 2869 2827 3084 2897; x_wconf 78' lang='grc' dir='ltr'>λογικόν</span> <span class='ocrx_word' id='word_1_658' title='bbox 3123 2843 3182 2878; x_wconf 83' lang='grc' dir='ltr'><strong>τε</strong></span> <span class='ocrx_word' id='word_1_659' title='bbox 3218 2823 3389 2886; x_wconf 77' lang='grc' dir='ltr'>οὕτως</span> <span class='ocrx_word' id='word_1_660' title='bbox 3428 2818 3680 2875; x_wconf 86' lang='grc' dir='ltr'>ἀποτελεῖ</span> <span class='ocrx_word' id='word_1_661' title='bbox 3708 2817 3768 2869; x_wconf 79' lang='grc' dir='ltr'><strong>τὸ</strong></span> 
     </span>
    </p>
   </div>
   <div class='ocr_carea' id='block_1_88' title="bbox 2189 2908 3770 2998">
    <p class='ocr_par' dir='ltr' id='par_1_88' title="bbox 2189 2908 3770 2998">
     <span class='ocr_line' id='line_1_88' title="bbox 2189 2908 3770 2998; baseline -0.013 -17"><span class='ocrx_word' id='word_1_662' title='bbox 2189 2929 2326 2993; x_wconf 82' lang='grc' dir='ltr'>ζῶον</span> <span class='ocrx_word' id='word_1_663' title='bbox 2362 2929 2460 2998; x_wconf 81' lang='grc' dir='ltr'>τῆς</span> <span class='ocrx_word' id='word_1_664' title='bbox 2489 2925 2695 2988; x_wconf 78' lang='grc' dir='ltr'>οἰκείας</span> <span class='ocrx_word' id='word_1_665' title='bbox 2721 2922 2934 2992; x_wconf 83' lang='grc' dir='ltr'>φύσεως</span> <span class='ocrx_word' id='word_1_666' title='bbox 2970 2918 3195 2990; x_wconf 81' lang='grc' dir='ltr'>μέτοχον</span> <span class='ocrx_word' id='word_1_667' title='bbox 3221 2911 3591 2968; x_wconf 84' lang='grc' dir='ltr'>ἀποδεικνύων</span> <span class='ocrx_word' id='word_1_668' title='bbox 3611 2939 3634 2974; x_wconf 93' lang='grc'>,-</span> <span class='ocrx_word' id='word_1_669' title='bbox 3677 2908 3770 2961; x_wconf 83' lang='grc' dir='ltr'><strong>καὶ</strong></span> 
     </span>
    </p>
   </div>
   <div class='ocr_carea' id='block_1_89' title="bbox 2189 3002 3769 3090">
    <p class='ocr_par' dir='ltr' id='par_1_89' title="bbox 2189 3002 3769 3090">
     <span class='ocr_line' id='line_1_89' title="bbox 2189 3002 3769 3090; baseline -0.013 -17"><span class='ocrx_word' id='word_1_670' title='bbox 2189 3019 2287 3090; x_wconf 86' lang='grc' dir='ltr'>τῆς</span> <span class='ocrx_word' id='word_1_671' title='bbox 2345 3017 2624 3087; x_wconf 75' lang='grc' dir='ltr'>ἁφράστου</span> <span class='ocrx_word' id='word_1_672' title='bbox 2687 3013 3070 3083; x_wconf 78' lang='grc' dir='ltr'>λαμπρότητος</span> <span class='ocrx_word' id='word_1_673' title='bbox 3125 3008 3314 3078; x_wconf 82' lang='grc' dir='ltr'>ὥσπερ</span> <span class='ocrx_word' id='word_1_674' title='bbox 3360 3007 3512 3068; x_wconf 72' lang='grc' dir='ltr'>τινάς</span> <span class='ocrx_word' id='word_1_675' title='bbox 3565 3002 3769 3072; x_wconf 79' lang='grc' dir='ltr'>ἀτμοὺς</span> 
     </span>
    </p>
   </div>
   <div class='ocr_carea' id='block_1_90' title="bbox 2191 3092 3768 3178">
    <p class='ocr_par' dir='ltr' id='par_1_90' title="bbox 2191 3092 3768 3178">
     <span class='ocr_line' id='line_1_90' title="bbox 2191 3092 3768 3178; baseline -0.012 -15"><span class='ocrx_word' id='word_1_676' title='bbox 2191 3109 2497 3178; x_wconf 82' lang='grc' dir='ltr'>φωτοειδεῖς</span> <span class='ocrx_word' id='word_1_677' title='bbox 2520 3107 2683 3169; x_wconf 78' lang='grc' dir='ltr'>ἐνιεὶς</span> <span class='ocrx_word' id='word_1_678' title='bbox 2710 3103 2786 3175; x_wconf 86' lang='grc' dir='ltr'>τῷ</span> <span class='ocrx_word' id='word_1_679' title='bbox 2811 3103 2905 3174; x_wconf 81' lang='grc' dir='ltr'><strong>νῷ,</strong></span> <span class='ocrx_word' id='word_1_680' title='bbox 2926 3101 3048 3155; x_wconf 83' lang='grc' dir='ltr'>καθ’</span> <span class='ocrx_word' id='word_1_681' title='bbox 3087 3100 3145 3154; x_wconf 84' lang='grc' dir='ltr'>ὃν</span> <span class='ocrx_word' id='word_1_682' title='bbox 3167 3099 3328 3162; x_wconf 77' lang='grc' dir='ltr'>αὐτὸς</span> <span class='ocrx_word' id='word_1_683' title='bbox 3356 3092 3464 3150; x_wconf 71' lang='grc' dir='ltr'>οἵδε</span> <span class='ocrx_word' id='word_1_684' title='bbox 3493 3095 3689 3167; x_wconf 88' lang='grc' dir='ltr'>τρόπον</span> <span class='ocrx_word' id='word_1_685' title='bbox 3711 3109 3768 3145; x_wconf 85' lang='grc' dir='ltr'><strong>τε</strong></span> 
     </span>
    </p>
   </div>
   <div class='ocr_carea' id='block_1_91' title="bbox 2191 3185 3772 3269">
    <p class='ocr_par' dir='ltr' id='par_1_91' title="bbox 2191 3185 3772 3269">
     <span class='ocr_line' id='line_1_91' title="bbox 2191 3185 3772 3269; baseline -0.011 -15"><span class='ocrx_word' id='word_1_686' title='bbox 2191 3201 2284 3254; x_wconf 77' lang='grc' dir='ltr'><strong>καὶ</strong></span> <span class='ocrx_word' id='word_1_687' title='bbox 2312 3200 2468 3269; x_wconf 83' lang='grc' dir='ltr'>λόγον</span> <span class='ocrx_word' id='word_1_688' title='bbox 2488 3216 2503 3231; x_wconf 73' lang='grc' dir='ltr'><strong>ο</strong></span> <span class='ocrx_word' id='word_1_689' title='bbox 2547 3199 2628 3251; x_wconf 89' lang='grc' dir='ltr'><strong>δεῖ</strong></span> <span class='ocrx_word' id='word_1_690' title='bbox 2655 3197 2762 3266; x_wconf 90' lang='grc' dir='ltr'><strong>γάρ</strong></span> <span class='ocrx_word' id='word_1_691' title='bbox 2780 3235 2793 3258; x_wconf 90' lang='grc'><strong>,</strong></span> <span class='ocrx_word' id='word_1_692' title='bbox 2837 3191 2990 3263; x_wconf 70' lang='grc' dir='ltr'>οἶμαι</span> <span class='ocrx_word' id='word_1_693' title='bbox 3013 3233 3026 3257; x_wconf 92' lang='grc'><strong>,</strong></span> <span class='ocrx_word' id='word_1_694' title='bbox 3049 3192 3228 3260; x_wconf 86' lang='grc' dir='ltr'>λέγειν</span> <span class='ocrx_word' id='word_1_695' title='bbox 3255 3189 3313 3242; x_wconf 80' lang='grc' dir='ltr'>ὲν</span> <span class='ocrx_word' id='word_1_696' title='bbox 3346 3187 3555 3249; x_wconf 84' lang='grc' dir='ltr'>τούτοις</span> <span class='ocrx_word' id='word_1_697' title='bbox 3581 3185 3643 3238; x_wconf 85' lang='grc' dir='ltr'><strong>ού</strong></span> <span class='ocrx_word' id='word_1_698' title='bbox 3678 3201 3772 3237; x_wconf 83' lang='grc' dir='ltr'>πε-</span> 
     </span>
    </p>
   </div>
   <div class='ocr_carea' id='block_1_92' title="bbox 2195 3277 3771 3364">
    <p class='ocr_par' dir='ltr' id='par_1_92' title="bbox 2195 3277 3771 3364">
     <span class='ocr_line' id='line_1_92' title="bbox 2195 3277 3771 3364; baseline -0.012 -18"><span class='ocrx_word' id='word_1_699' title='bbox 2195 3293 2348 3364; x_wconf 90' lang='grc' dir='ltr'>ριττά</span> <span class='ocrx_word' id='word_1_700' title='bbox 2374 3309 2384 3319; x_wconf 82' lang='lat'><strong>&#39;</strong></span> <span class='ocrx_word' id='word_1_701' title='bbox 2414 3290 2583 3343; x_wconf 85' lang='grc' dir='ltr'>διάτοι</span> <span class='ocrx_word' id='word_1_702' title='bbox 2622 3286 2781 3340; x_wconf 77' lang='grc' dir='ltr'>τοῦτο</span> <span class='ocrx_word' id='word_1_703' title='bbox 2825 3283 2919 3338; x_wconf 76' lang='grc' dir='ltr'><strong>καὶ</strong></span> <span class='ocrx_word' id='word_1_704' title='bbox 2957 3287 2984 3338; x_wconf 89' lang='grc' dir='ltr'>ὁ</span> <span class='ocrx_word' id='word_1_705' title='bbox 3024 3282 3322 3354; x_wconf 86' lang='grc' dir='ltr'>προπάτωρ</span> <span class='ocrx_word' id='word_1_706' title='bbox 3354 3279 3559 3349; x_wconf 71' lang='grc' dir='ltr'>Ἀδὰμ,</span> <span class='ocrx_word' id='word_1_707' title='bbox 3595 3277 3694 3330; x_wconf 78' lang='grc' dir='ltr'><strong>οὐκ</strong></span> <span class='ocrx_word' id='word_1_708' title='bbox 3717 3277 3771 3328; x_wconf 78' lang='grc' dir='ltr'>ὲν</span> 
     </span>
    </p>
   </div>
   <div class='ocr_carea' id='block_1_93' title="bbox 2191 3367 3772 3455">
    <p class='ocr_par' dir='ltr' id='par_1_93' title="bbox 2191 3367 3772 3455">
     <span class='ocr_line' id='line_1_93' title="bbox 2191 3367 3772 3455; baseline -0.014 -16"><span class='ocrx_word' id='word_1_709' title='bbox 2191 3385 2400 3455; x_wconf 83' lang='grc' dir='ltr'>χρόνῳ,</span> <span class='ocrx_word' id='word_1_710' title='bbox 2441 3380 2692 3450; x_wconf 89' lang='grc' dir='ltr'>καθάπερ</span> <span class='ocrx_word' id='word_1_711' title='bbox 2717 3379 2878 3448; x_wconf 82' lang='grc' dir='ltr'>ἡμεῖς</span> <span class='ocrx_word' id='word_1_712' title='bbox 2898 3417 2912 3442; x_wconf 92' lang='grc'><strong>,</strong></span> <span class='ocrx_word' id='word_1_713' title='bbox 2942 3374 3003 3428; x_wconf 80' lang='grc' dir='ltr'>τὸ</span> <span class='ocrx_word' id='word_1_714' title='bbox 3043 3371 3180 3428; x_wconf 83' lang='grc' dir='ltr'>εἶναι</span> <span class='ocrx_word' id='word_1_715' title='bbox 3212 3371 3372 3440; x_wconf 75' lang='grc' dir='ltr'>σοφὸς</span> <span class='ocrx_word' id='word_1_716' title='bbox 3400 3367 3772 3438; x_wconf 84' lang='grc' dir='ltr'>ἀποκερδάνας</span> 
     </span>
    </p>
   </div>
   <div class='ocr_carea' id='block_1_94' title="bbox 2193 3458 3773 3546">
    <p class='ocr_par' dir='ltr' id='par_1_94' title="bbox 2193 3458 3773 3546">
     <span class='ocr_line' id='line_1_94' title="bbox 2193 3458 3773 3546; baseline -0.013 -18"><span class='ocrx_word' id='word_1_717' title='bbox 2193 3475 2416 3546; x_wconf 79' lang='grc' dir='ltr'>ὁρᾶται,</span> <span class='ocrx_word' id='word_1_718' title='bbox 2460 3471 2578 3525; x_wconf 81' lang='grc' dir='ltr'>ἀλλ’</span> <span class='ocrx_word' id='word_1_719' title='bbox 2614 3473 2678 3523; x_wconf 83' lang='grc' dir='ltr'>ὲκ</span> <span class='ocrx_word' id='word_1_720' title='bbox 2727 3467 2960 3538; x_wconf 83' lang='grc' dir='ltr'>πρώτων</span> <span class='ocrx_word' id='word_1_721' title='bbox 3013 3464 3172 3527; x_wconf 74' lang='grc' dir='ltr'>εὐθὺς</span> <span class='ocrx_word' id='word_1_722' title='bbox 3214 3461 3323 3517; x_wconf 83' lang='grc' dir='ltr'><strong>τῶν</strong></span> <span class='ocrx_word' id='word_1_723' title='bbox 3373 3461 3470 3531; x_wconf 86' lang='grc' dir='ltr'><strong>τῆς</strong></span> <span class='ocrx_word' id='word_1_724' title='bbox 3509 3458 3773 3527; x_wconf 89' lang='grc' dir='ltr'>γενέσεως</span> 
     </span>
    </p>
   </div>
   <div class='ocr_carea' id='block_1_95' title="bbox 2193 3547 3770 3638">
    <p class='ocr_par' dir='ltr' id='par_1_95' title="bbox 2193 3547 3770 3638">
     <span class='ocr_line' id='line_1_95' title="bbox 2193 3547 3770 3638; baseline -0.014 -18"><span class='ocrx_word' id='word_1_725' title='bbox 2193 3567 2399 3638; x_wconf 88' lang='grc' dir='ltr'>χρόνων</span> <span class='ocrx_word' id='word_1_726' title='bbox 2429 3563 2632 3625; x_wconf 87' lang='grc' dir='ltr'>τέλειος</span> <span class='ocrx_word' id='word_1_727' title='bbox 2670 3562 2727 3614; x_wconf 83' lang='grc' dir='ltr'><strong>έν</strong></span> <span class='ocrx_word' id='word_1_728' title='bbox 2772 3559 2984 3612; x_wconf 84' lang='grc' dir='ltr'>συνέσει</span> <span class='ocrx_word' id='word_1_729' title='bbox 3018 3557 3300 3626; x_wconf 84' lang='grc' dir='ltr'>φαίνεται,</span> <span class='ocrx_word' id='word_1_730' title='bbox 3347 3552 3435 3604; x_wconf 81' lang='grc' dir='ltr'><strong>τὸν</strong></span> <span class='ocrx_word' id='word_1_731' title='bbox 3466 3548 3687 3603; x_wconf 86' lang='grc' dir='ltr'>δοθέντα</span> <span class='ocrx_word' id='word_1_732' title='bbox 3707 3547 3770 3616; x_wconf 79' lang='grc' dir='ltr'>τῇ</span> 
     </span>
    </p>
   </div>
   <div class='ocr_carea' id='block_1_96' title="bbox 2197 3638 3772 3726">
    <p class='ocr_par' dir='ltr' id='par_1_96' title="bbox 2197 3638 3772 3726">
     <span class='ocr_line' id='line_1_96' title="bbox 2197 3638 3772 3726; baseline -0.011 -17"><span class='ocrx_word' id='word_1_733' title='bbox 2197 3656 2354 3726; x_wconf 85' lang='grc' dir='ltr'>φύσει</span> <span class='ocrx_word' id='word_1_734' title='bbox 2385 3654 2534 3726; x_wconf 87' lang='grc' dir='ltr'><strong>παρά</strong></span> <span class='ocrx_word' id='word_1_735' title='bbox 2549 3652 2683 3707; x_wconf 78' lang='grc' dir='ltr'>Θεοῦ</span> <span class='ocrx_word' id='word_1_736' title='bbox 2714 3650 2990 3722; x_wconf 81' lang='grc' dir='ltr'>φωτισμὸν</span> <span class='ocrx_word' id='word_1_737' title='bbox 3006 3647 3272 3702; x_wconf 87' lang='grc' dir='ltr'>ἀθόλωτον</span> <span class='ocrx_word' id='word_1_738' title='bbox 3293 3644 3393 3708; x_wconf 76' lang='grc' dir='ltr'>ἔτι,</span> <span class='ocrx_word' id='word_1_739' title='bbox 3419 3642 3512 3697; x_wconf 77' lang='grc' dir='ltr'><strong>καὶ</strong></span> <span class='ocrx_word' id='word_1_740' title='bbox 3535 3638 3772 3710; x_wconf 75' lang='grc' dir='ltr'>καθαρὸν</span> 
     </span>
    </p>
   </div>
   <div class='ocr_carea' id='block_1_97' title="bbox 2195 3731 3777 3816">
    <p class='ocr_par' dir='ltr' id='par_1_97' title="bbox 2195 3731 3777 3816">
     <span class='ocr_line' id='line_1_97' title="bbox 2195 3731 3777 3816; baseline -0.012 -14"><span class='ocrx_word' id='word_1_741' title='bbox 2195 3748 2475 3811; x_wconf 77' lang='grc' dir='ltr'>διασώζων</span> <span class='ocrx_word' id='word_1_742' title='bbox 2509 3749 2564 3800; x_wconf 82' lang='grc' dir='ltr'>ὲν</span> <span class='ocrx_word' id='word_1_743' title='bbox 2595 3745 2802 3816; x_wconf 80' lang='grc' dir='ltr'>ἑαυτῷ,</span> <span class='ocrx_word' id='word_1_744' title='bbox 2848 3743 2942 3797; x_wconf 74' lang='grc' dir='ltr'><strong>καὶ</strong></span> <span class='ocrx_word' id='word_1_745' title='bbox 2973 3739 3350 3812; x_wconf 85' lang='grc' dir='ltr'>ἀκαπήλευτον</span> <span class='ocrx_word' id='word_1_746' title='bbox 3379 3736 3515 3806; x_wconf 76' lang='grc' dir='ltr'>ἔχων</span> <span class='ocrx_word' id='word_1_747' title='bbox 3542 3733 3642 3802; x_wconf 84' lang='grc' dir='ltr'>τῆς</span> <span class='ocrx_word' id='word_1_748' title='bbox 3674 3731 3777 3801; x_wconf 80' lang='grc' dir='ltr'><strong>φύ-</strong></span> 
     </span>
    </p>
   </div>
   <div class='ocr_carea' id='block_1_98' title="bbox 2199 3825 3782 3910">
    <p class='ocr_par' dir='ltr' id='par_1_98' title="bbox 2199 3825 3782 3910">
     <span class='ocr_line' id='line_1_98' title="bbox 2199 3825 3782 3910; baseline -0.011 -16"><span class='ocrx_word' id='word_1_749' title='bbox 2199 3859 2333 3904; x_wconf 90' lang='grc' dir='ltr'>σεως</span> <span class='ocrx_word' id='word_1_750' title='bbox 2359 3840 2419 3894; x_wconf 87' lang='grc' dir='ltr'><strong>τὸ</strong></span> <span class='ocrx_word' id='word_1_751' title='bbox 2449 3839 2686 3910; x_wconf 82' lang='grc' dir='ltr'>ἀξίωμα.</span> <span class='ocrx_word' id='word_1_752' title='bbox 2747 3836 2972 3901; x_wconf 81' lang='grc' dir='ltr'>Φωτίζει</span> <span class='ocrx_word' id='word_1_753' title='bbox 3011 3829 3329 3904; x_wconf 72' lang='grc' dir='ltr'>τοιγαροῦν,</span> <span class='ocrx_word' id='word_1_754' title='bbox 3373 3825 3782 3901; x_wconf 86' lang='grc' dir='ltr'>δημιουργικῶς</span> 
     </span>
    </p>
   </div>
   <div class='ocr_carea' id='block_1_99' title="bbox 2201 3916 3774 4003">
    <p class='ocr_par' dir='ltr' id='par_1_99' title="bbox 2201 3916 3774 4003">
     <span class='ocr_line' id='line_1_99' title="bbox 2201 3916 3774 4003; baseline -0.011 -17"><span class='ocrx_word' id='word_1_755' title='bbox 2201 3934 2298 4003; x_wconf 81' lang='grc' dir='ltr'><strong>μὲν</strong></span> <span class='ocrx_word' id='word_1_756' title='bbox 2325 3934 2351 3985; x_wconf 87' lang='grc' dir='ltr'>ὁ</span> <span class='ocrx_word' id='word_1_757' title='bbox 2381 3931 2528 3997; x_wconf 84' lang='grc' dir='ltr'>Υἱὸς,</span> <span class='ocrx_word' id='word_1_758' title='bbox 2561 3930 2654 3983; x_wconf 80' lang='grc' dir='ltr'>ἆτε</span> <span class='ocrx_word' id='word_1_759' title='bbox 2673 3929 2736 3998; x_wconf 84' lang='grc' dir='ltr'>δὴ</span> <span class='ocrx_word' id='word_1_760' title='bbox 2765 3928 2824 3980; x_wconf 86' lang='grc' dir='ltr'>τὸ</span> <span class='ocrx_word' id='word_1_761' title='bbox 2846 3926 2960 3996; x_wconf 81' lang='grc' dir='ltr'><strong>φῶς</strong></span> <span class='ocrx_word' id='word_1_762' title='bbox 2986 3925 3244 3996; x_wconf 84' lang='grc' dir='ltr'>ὑπάρχων</span> <span class='ocrx_word' id='word_1_763' title='bbox 3269 3922 3399 3975; x_wconf 81' lang='grc' dir='ltr'>αὑτὸ</span> <span class='ocrx_word' id='word_1_764' title='bbox 3417 3921 3478 3974; x_wconf 85' lang='grc' dir='ltr'><strong>τὸ</strong></span> <span class='ocrx_word' id='word_1_765' title='bbox 3503 3916 3774 3990; x_wconf 73' lang='grc' dir='ltr'>ἀληθινὸν,</span> 
     </span>
    </p>
   </div>
   <div class='ocr_carea' id='block_1_100' title="bbox 2197 4008 3779 4095">
    <p class='ocr_par' dir='ltr' id='par_1_100' title="bbox 2197 4008 3779 4095">
     <span class='ocr_line' id='line_1_100' title="bbox 2197 4008 3779 4095; baseline -0.011 -17"><span class='ocrx_word' id='word_1_766' title='bbox 2197 4024 2337 4078; x_wconf 88' lang='grc' dir='ltr'><strong>κατὰ</strong></span> <span class='ocrx_word' id='word_1_767' title='bbox 2354 4023 2588 4095; x_wconf 81' lang='grc' dir='ltr'>μετοχὴν</span> <span class='ocrx_word' id='word_1_768' title='bbox 2616 4021 2672 4073; x_wconf 87' lang='grc' dir='ltr'>δὲ</span> <span class='ocrx_word' id='word_1_769' title='bbox 2701 4021 2733 4090; x_wconf 81' lang='grc' dir='ltr'>ἡ</span> <span class='ocrx_word' id='word_1_770' title='bbox 2752 4017 2928 4082; x_wconf 86' lang='grc' dir='ltr'>κτίσις</span> <span class='ocrx_word' id='word_1_771' title='bbox 2949 4017 3049 4088; x_wconf 84' lang='grc' dir='ltr'>τὴν</span> <span class='ocrx_word' id='word_1_772' title='bbox 3069 4015 3206 4088; x_wconf 85' lang='grc' dir='ltr'>πρὸς</span> <span class='ocrx_word' id='word_1_773' title='bbox 3233 4014 3293 4067; x_wconf 82' lang='grc' dir='ltr'>τὸ</span> <span class='ocrx_word' id='word_1_774' title='bbox 3315 4013 3429 4082; x_wconf 83' lang='grc' dir='ltr'><strong>φῶς</strong></span> <span class='ocrx_word' id='word_1_775' title='bbox 3459 4008 3779 4080; x_wconf 77' lang='grc' dir='ltr'>ὲκλαμπρύ-</span> 
     </span>
    </p>
   </div>
   <div class='ocr_carea' id='block_1_101' title="bbox 2197 4099 3779 4178">
    <p class='ocr_par' dir='ltr' id='par_1_101' title="bbox 2197 4099 3779 4178">
     <span class='ocr_line' id='line_1_101' title="bbox 2197 4099 3779 4178; baseline -0.009 -13"><span class='ocrx_word' id='word_1_776' title='bbox 2197 4133 2345 4168; x_wconf 86' lang='grc' dir='ltr'>νεται</span> <span class='ocrx_word' id='word_1_777' title='bbox 2365 4155 2379 4178; x_wconf 93' lang='grc'><strong>,</strong></span> <span class='ocrx_word' id='word_1_778' title='bbox 2425 4114 2520 4168; x_wconf 74' lang='grc' dir='ltr'>καὶ</span> <span class='ocrx_word' id='word_1_779' title='bbox 2550 4111 2795 4166; x_wconf 88' lang='grc' dir='ltr'>καλεῖται</span> <span class='ocrx_word' id='word_1_780' title='bbox 2819 4110 2908 4164; x_wconf 85' lang='grc' dir='ltr'><strong>διά</strong></span> <span class='ocrx_word' id='word_1_781' title='bbox 2934 4106 3123 4170; x_wconf 80' lang='grc' dir='ltr'>τοῦτο,</span> <span class='ocrx_word' id='word_1_782' title='bbox 3173 4106 3267 4160; x_wconf 71' lang='grc' dir='ltr'><strong>καὶ</strong></span> <span class='ocrx_word' id='word_1_783' title='bbox 3294 4105 3499 4172; x_wconf 91' lang='grc' dir='ltr'>γίνεται</span> <span class='ocrx_word' id='word_1_784' title='bbox 3532 4101 3668 4171; x_wconf 83' lang='grc' dir='ltr'>φῶς,</span> <span class='ocrx_word' id='word_1_785' title='bbox 3701 4099 3779 4162; x_wconf 87' lang='grc' dir='ltr'><strong>εἰς</strong></span> 
     </span>
    </p>
   </div>
   <div class='ocr_carea' id='block_1_102' title="bbox 2197 4191 3780 4278">
    <p class='ocr_par' dir='ltr' id='par_1_102' title="bbox 2197 4191 3780 4278">
     <span class='ocr_line' id='line_1_102' title="bbox 2197 4191 3780 4278; baseline -0.011 -17"><span class='ocrx_word' id='word_1_786' title='bbox 2197 4208 2264 4261; x_wconf 80' lang='grc' dir='ltr'>τὰ</span> <span class='ocrx_word' id='word_1_787' title='bbox 2297 4206 2436 4278; x_wconf 80' lang='grc' dir='ltr'>ὑπὲρ</span> <span class='ocrx_word' id='word_1_788' title='bbox 2474 4205 2634 4274; x_wconf 90' lang='grc' dir='ltr'>φύσιν</span> <span class='ocrx_word' id='word_1_789' title='bbox 2676 4201 3039 4257; x_wconf 86' lang='grc' dir='ltr'>ἀναϐαίνουσα</span> <span class='ocrx_word' id='word_1_790' title='bbox 3082 4199 3166 4252; x_wconf 81' lang='grc' dir='ltr'>διὰ</span> <span class='ocrx_word' id='word_1_791' title='bbox 3195 4199 3294 4269; x_wconf 81' lang='grc' dir='ltr'>τὴν</span> <span class='ocrx_word' id='word_1_792' title='bbox 3319 4191 3413 4250; x_wconf 77' lang='grc' dir='ltr'>τοῦ</span> <span class='ocrx_word' id='word_1_793' title='bbox 3458 4194 3780 4262; x_wconf 82' lang='grc' dir='ltr'>δοξάσαντος</span> 
     </span>
    </p>
   </div>
   <div class='ocr_carea' id='block_1_103' title="bbox 2198 4281 3780 4371">
    <p class='ocr_par' dir='ltr' id='par_1_103' title="bbox 2198 4281 3780 4371">
     <span class='ocr_line' id='line_1_103' title="bbox 2198 4281 3780 4371; baseline -0.012 -18"><span class='ocrx_word' id='word_1_794' title='bbox 2198 4299 2377 4371; x_wconf 84' lang='grc' dir='ltr'>χάριν,</span> <span class='ocrx_word' id='word_1_795' title='bbox 2424 4297 2516 4350; x_wconf 74' lang='grc' dir='ltr'><strong>καὶ</strong></span> <span class='ocrx_word' id='word_1_796' title='bbox 2550 4295 2827 4366; x_wconf 76' lang='grc' dir='ltr'>διαφόροις</span> <span class='ocrx_word' id='word_1_797' title='bbox 2877 4293 3046 4364; x_wconf 84' lang='grc' dir='ltr'>αὐτὴν</span> <span class='ocrx_word' id='word_1_798' title='bbox 3095 4290 3384 4358; x_wconf 82' lang='grc' dir='ltr'>στέφοντος</span> <span class='ocrx_word' id='word_1_799' title='bbox 3433 4288 3654 4356; x_wconf 87' lang='grc' dir='ltr'>τιμαῖς,</span> <span class='ocrx_word' id='word_1_800' title='bbox 3707 4281 3780 4344; x_wconf 85' lang='grc' dir='ltr'>ὡς</span> 
     </span>
    </p>
   </div>
   <div class='ocr_carea' id='block_1_104' title="bbox 2198 4377 3778 4463">
    <p class='ocr_par' dir='ltr' id='par_1_104' title="bbox 2198 4377 3778 4463">
     <span class='ocr_line' id='line_1_104' title="bbox 2198 4377 3778 4463; baseline -0.013 -17"><span class='ocrx_word' id='word_1_801' title='bbox 2198 4393 2354 4463; x_wconf 78' lang='grc' dir='ltr'>ἥκειν</span> <span class='ocrx_word' id='word_1_802' title='bbox 2383 4391 2461 4454; x_wconf 83' lang='grc' dir='ltr'><strong>εἰς</strong></span> <span class='ocrx_word' id='word_1_803' title='bbox 2500 4389 2661 4461; x_wconf 87' lang='grc' dir='ltr'>μέσον</span> <span class='ocrx_word' id='word_1_804' title='bbox 2707 4385 2945 4454; x_wconf 81' lang='grc' dir='ltr'>εὐλόγως</span> <span class='ocrx_word' id='word_1_805' title='bbox 2978 4383 3087 4436; x_wconf 89' lang='grc' dir='ltr'><strong>τῶν</strong></span> <span class='ocrx_word' id='word_1_806' title='bbox 3119 4379 3495 4460; x_wconf 81' lang='grc' dir='ltr'>τετιμημένων</span> <span class='ocrx_word' id='word_1_807' title='bbox 3527 4377 3778 4438; x_wconf 74' lang='grc' dir='ltr'>ἕκαστον,</span> 
     </span>
    </p>
   </div>
   <div class='ocr_carea' id='block_1_105' title="bbox 2199 4464 3779 4551">
    <p class='ocr_par' dir='ltr' id='par_1_105' title="bbox 2199 4464 3779 4551">
     <span class='ocr_line' id='line_1_105' title="bbox 2199 4464 3779 4551; baseline -0.012 -16"><span class='ocrx_word' id='word_1_808' title='bbox 2199 4483 2291 4535; x_wconf 74' lang='grc' dir='ltr'><strong>καὶ</strong></span> <span class='ocrx_word' id='word_1_809' title='bbox 2319 4481 2382 4551; x_wconf 81' lang='grc' dir='ltr'>δὴ</span> <span class='ocrx_word' id='word_1_810' title='bbox 2416 4477 2803 4551; x_wconf 80' lang='grc' dir='ltr'>χαριστηρίους</span> <span class='ocrx_word' id='word_1_811' title='bbox 2837 4474 3182 4530; x_wconf 87' lang='grc' dir='ltr'>ἀνατείνοντα</span> <span class='ocrx_word' id='word_1_812' title='bbox 3205 4468 3533 4542; x_wconf 83' lang='grc' dir='ltr'>προσευχὰς,</span> <span class='ocrx_word' id='word_1_813' title='bbox 3572 4464 3779 4538; x_wconf 86' lang='grc' dir='ltr'>μεγάλῃ</span> 
     </span>
    </p>
   </div>
   <div class='ocr_carea' id='block_1_106' title="bbox 2201 4559 3780 4642">
    <p class='ocr_par' dir='ltr' id='par_1_106' title="bbox 2201 4559 3780 4642">
     <span class='ocr_line' id='line_1_106' title="bbox 2201 4559 3780 4642; baseline -0.013 -14"><span class='ocrx_word' id='word_1_814' title='bbox 2201 4574 2384 4628; x_wconf 74' lang='grc' dir='ltr'>λοιπὸν</span> <span class='ocrx_word' id='word_1_815' title='bbox 2419 4571 2780 4642; x_wconf 84' lang='grc' dir='ltr'>άναμελῳδεῖν</span> <span class='ocrx_word' id='word_1_816' title='bbox 2811 4571 2876 4640; x_wconf 80' lang='grc' dir='ltr'>τῇ</span> <span class='ocrx_word' id='word_1_817' title='bbox 2914 4570 3064 4638; x_wconf 76' lang='grc' dir='ltr'><strong>φωνῇ</strong></span> <span class='ocrx_word' id='word_1_818' title='bbox 3093 4584 3106 4597; x_wconf 76' lang='grc' dir='ltr'><strong>ο</strong></span> <span class='ocrx_word' id='word_1_819' title='bbox 3140 4583 3158 4616; x_wconf 79' lang='grc' dir='ltr'><strong>ι</strong></span> <span class='ocrx_word' id='word_1_820' title='bbox 3189 4563 3416 4631; x_wconf 90' lang='grc' dir='ltr'>Εύλόγει</span> <span class='ocrx_word' id='word_1_821' title='bbox 3444 4562 3477 4632; x_wconf 85' lang='grc' dir='ltr'><strong>ἡ</strong></span> <span class='ocrx_word' id='word_1_822' title='bbox 3503 4559 3651 4630; x_wconf 78' lang='grc' dir='ltr'>ψυχή</span> <span class='ocrx_word' id='word_1_823' title='bbox 3680 4573 3780 4628; x_wconf 90' lang='grc' dir='ltr'><strong>μου</strong></span> 
     </span>
    </p>
   </div>
   <div class='ocr_carea' id='block_1_107' title="bbox 2202 4653 3781 4735">
    <p class='ocr_par' dir='ltr' id='par_1_107' title="bbox 2202 4653 3781 4735">
     <span class='ocr_line' id='line_1_107' title="bbox 2202 4653 3781 4735; baseline -0.011 -17"><span class='ocrx_word' id='word_1_824' title='bbox 2202 4666 2292 4719; x_wconf 83' lang='grc' dir='ltr'><strong>τὸν</strong></span> <span class='ocrx_word' id='word_1_825' title='bbox 2323 4666 2551 4735; x_wconf 82' lang='grc' dir='ltr'>Κύριον,</span> <span class='ocrx_word' id='word_1_826' title='bbox 2589 4661 2684 4716; x_wconf 77' lang='grc' dir='ltr'><strong>καὶ</strong></span> <span class='ocrx_word' id='word_1_827' title='bbox 2713 4661 2788 4732; x_wconf 80' lang='grc' dir='ltr'>μὴ</span> <span class='ocrx_word' id='word_1_828' title='bbox 2814 4659 3171 4713; x_wconf 83' lang='grc' dir='ltr'>ὲπιλανθάνου</span> <span class='ocrx_word' id='word_1_829' title='bbox 3208 4655 3389 4718; x_wconf 82' lang='grc' dir='ltr'>πάσας</span> <span class='ocrx_word' id='word_1_830' title='bbox 3418 4653 3517 4714; x_wconf 83' lang='grc' dir='ltr'>τὰς</span> <span class='ocrx_word' id='word_1_831' title='bbox 3545 4653 3781 4704; x_wconf 87' lang='grc' dir='ltr'>ἀνταπο-</span> 
     </span>
    </p>
   </div>
   <div class='ocr_carea' id='block_1_108' title="bbox 2201 4741 3784 4820">
    <p class='ocr_par' dir='ltr' id='par_1_108' title="bbox 2201 4741 3784 4820">
     <span class='ocr_line' id='line_1_108' title="bbox 2201 4741 3784 4820; baseline -0.011 -11"><span class='ocrx_word' id='word_1_832' title='bbox 2201 4756 2372 4820; x_wconf 87' lang='grc' dir='ltr'>δόσεις</span> <span class='ocrx_word' id='word_1_833' title='bbox 2402 4755 2588 4810; x_wconf 68' lang='grc' dir='ltr'>αύτοῖν</span> <span class='ocrx_word' id='word_1_834' title='bbox 2625 4755 2712 4808; x_wconf 82' lang='grc' dir='ltr'><strong>τὸν</strong></span> <span class='ocrx_word' id='word_1_835' title='bbox 2741 4752 3118 4806; x_wconf 81' lang='grc' dir='ltr'>εύιλατεύοντα</span> <span class='ocrx_word' id='word_1_836' title='bbox 3151 4749 3352 4811; x_wconf 83' lang='grc' dir='ltr'>πάσαις</span> <span class='ocrx_word' id='word_1_837' title='bbox 3373 4748 3494 4808; x_wconf 83' lang='grc' dir='ltr'>ταῖς</span> <span class='ocrx_word' id='word_1_838' title='bbox 3531 4741 3784 4812; x_wconf 88' lang='grc' dir='ltr'>ἀνομίαις</span> 
     </span>
    </p>
   </div>
   <div class='ocr_carea' id='block_1_109' title="bbox 2202 4831 3784 4916">
    <p class='ocr_par' dir='ltr' id='par_1_109' title="bbox 2202 4831 3784 4916">
     <span class='ocr_line' id='line_1_109' title="bbox 2202 4831 3784 4916; baseline -0.009 -16"><span class='ocrx_word' id='word_1_839' title='bbox 2202 4864 2318 4912; x_wconf 91' lang='grc' dir='ltr'>σου,</span> <span class='ocrx_word' id='word_1_840' title='bbox 2348 4846 2439 4899; x_wconf 84' lang='grc' dir='ltr'><strong>τὸν</strong></span> <span class='ocrx_word' id='word_1_841' title='bbox 2473 4845 2698 4916; x_wconf 78' lang='grc' dir='ltr'>ἰώμενον</span> <span class='ocrx_word' id='word_1_842' title='bbox 2732 4845 2913 4908; x_wconf 86' lang='grc' dir='ltr'>πάσας</span> <span class='ocrx_word' id='word_1_843' title='bbox 2945 4844 3044 4907; x_wconf 86' lang='grc' dir='ltr'>τὰς</span> <span class='ocrx_word' id='word_1_844' title='bbox 3065 4842 3253 4904; x_wconf 92' lang='grc' dir='ltr'>νόσους</span> <span class='ocrx_word' id='word_1_845' title='bbox 3284 4857 3399 4904; x_wconf 91' lang='grc' dir='ltr'>σου,</span> <span class='ocrx_word' id='word_1_846' title='bbox 3445 4837 3536 4890; x_wconf 76' lang='grc' dir='ltr'>τὸν</span> <span class='ocrx_word' id='word_1_847' title='bbox 3561 4831 3784 4905; x_wconf 86' lang='grc' dir='ltr'>λυτρού-</span> 
     </span>
    </p>
   </div>
   <div class='ocr_carea' id='block_1_110' title="bbox 2206 4925 3786 5010">
    <p class='ocr_par' dir='ltr' id='par_1_110' title="bbox 2206 4925 3786 5010">
     <span class='ocr_line' id='line_1_110' title="bbox 2206 4925 3786 5010; baseline -0.009 -18"><span class='ocrx_word' id='word_1_848' title='bbox 2206 4956 2364 5010; x_wconf 89' lang='grc' dir='ltr'>μενον</span> <span class='ocrx_word' id='word_1_849' title='bbox 2387 4938 2450 4991; x_wconf 82' lang='grc' dir='ltr'>ὲκ</span> <span class='ocrx_word' id='word_1_850' title='bbox 2467 4936 2672 5008; x_wconf 81' lang='grc' dir='ltr'>φθορᾶς</span> <span class='ocrx_word' id='word_1_851' title='bbox 2702 4937 2800 5008; x_wconf 83' lang='grc' dir='ltr'><strong>τὴν</strong></span> <span class='ocrx_word' id='word_1_852' title='bbox 2825 4937 2967 5008; x_wconf 77' lang='grc' dir='ltr'>ζωήν</span> <span class='ocrx_word' id='word_1_853' title='bbox 2994 4952 3110 4998; x_wconf 90' lang='grc' dir='ltr'>σου,</span> <span class='ocrx_word' id='word_1_854' title='bbox 3131 4933 3223 4987; x_wconf 82' lang='grc' dir='ltr'><strong>τὸν</strong></span> <span class='ocrx_word' id='word_1_855' title='bbox 3247 4927 3612 4998; x_wconf 78' lang='grc' dir='ltr'>στεφανοῦντά</span> <span class='ocrx_word' id='word_1_856' title='bbox 3643 4941 3703 4978; x_wconf 89' lang='grc' dir='ltr'><strong>σε</strong></span> <span class='ocrx_word' id='word_1_857' title='bbox 3729 4925 3786 4978; x_wconf 80' lang='grc' dir='ltr'><strong>έν</strong></span> 
     </span>
    </p>
   </div>
   <div class='ocr_carea' id='block_1_111' title="bbox 2208 5016 3787 5101">
    <p class='ocr_par' dir='ltr' id='par_1_111' title="bbox 2208 5016 3787 5101">
     <span class='ocr_line' id='line_1_111' title="bbox 2208 5016 3787 5101; baseline -0.011 -16"><span class='ocrx_word' id='word_1_858' title='bbox 2208 5032 2368 5096; x_wconf 77' lang='grc' dir='ltr'>ἐλέει,</span> <span class='ocrx_word' id='word_1_859' title='bbox 2387 5031 2481 5084; x_wconf 72' lang='grc' dir='ltr'><strong>καὶ</strong></span> <span class='ocrx_word' id='word_1_860' title='bbox 2501 5033 2820 5101; x_wconf 83' lang='grc' dir='ltr'>οίκτιρμοῖς,</span> <span class='ocrx_word' id='word_1_861' title='bbox 2852 5029 2943 5082; x_wconf 83' lang='grc' dir='ltr'><strong>τὸν</strong></span> <span class='ocrx_word' id='word_1_862' title='bbox 2969 5025 3334 5099; x_wconf 80' lang='grc' dir='ltr'>ἐμπιπλῶντα</span> <span class='ocrx_word' id='word_1_863' title='bbox 3359 5024 3416 5076; x_wconf 78' lang='grc' dir='ltr'>ὲν</span> <span class='ocrx_word' id='word_1_864' title='bbox 3443 5018 3668 5089; x_wconf 82' lang='grc' dir='ltr'>ἀγαθοῖς</span> <span class='ocrx_word' id='word_1_865' title='bbox 3689 5016 3787 5089; x_wconf 79' lang='grc' dir='ltr'><strong>τὴν</strong></span> 
     </span>
    </p>
   </div>
   <div class='ocr_carea' id='block_1_112' title="bbox 2209 5111 3798 5194">
    <p class='ocr_par' dir='ltr' id='par_1_112' title="bbox 2209 5111 3798 5194">
     <span class='ocr_line' id='line_1_112' title="bbox 2209 5111 3798 5194; baseline -0.01 -16"><span class='ocrx_word' id='word_1_866' title='bbox 2209 5124 2499 5194; x_wconf 75' lang='grc' dir='ltr'>ἐπιθυμίαν</span> <span class='ocrx_word' id='word_1_867' title='bbox 2551 5141 2665 5177; x_wconf 88' lang='grc' dir='ltr'>σου.</span> <span class='ocrx_word' id='word_1_868' title='bbox 2717 5141 2734 5174; x_wconf 75' lang='grc' dir='ltr'><strong>ι</strong></span> <span class='ocrx_word' id='word_1_869' title='bbox 2784 5123 2936 5175; x_wconf 87' lang='grc' dir='ltr'>Ποιεῖ</span> <span class='ocrx_word' id='word_1_870' title='bbox 2977 5120 3085 5192; x_wconf 84' lang='grc' dir='ltr'><strong>γὰρ</strong></span> <span class='ocrx_word' id='word_1_871' title='bbox 3137 5118 3305 5180; x_wconf 76' lang='grc' dir='ltr'>ὖντως</span> <span class='ocrx_word' id='word_1_872' title='bbox 3351 5111 3721 5184; x_wconf 72' lang='grc' dir='ltr'>ἐλεημοσύνας</span> <span class='ocrx_word' id='word_1_873' title='bbox 3762 5111 3798 5162; x_wconf 50' lang='grc' dir='ltr'><strong>ὁ.</strong></span> 
     </span>
    </p>
   </div>
   <div class='ocr_carea' id='block_1_113' title="bbox 2207 5201 3790 5289">
    <p class='ocr_par' dir='ltr' id='par_1_113' title="bbox 2207 5201 3790 5289">
     <span class='ocr_line' id='line_1_113' title="bbox 2207 5201 3790 5289; baseline -0.01 -19"><span class='ocrx_word' id='word_1_874' title='bbox 2207 5216 2431 5289; x_wconf 86' lang='grc' dir='ltr'>Κύριος,</span> <span class='ocrx_word' id='word_1_875' title='bbox 2464 5215 2533 5269; x_wconf 77' lang='grc' dir='ltr'>τὰ</span> <span class='ocrx_word' id='word_1_876' title='bbox 2563 5214 2735 5287; x_wconf 88' lang='grc' dir='ltr'>μικρά</span> <span class='ocrx_word' id='word_1_877' title='bbox 2761 5215 2855 5267; x_wconf 79' lang='grc' dir='ltr'><strong>καί</strong></span> <span class='ocrx_word' id='word_1_878' title='bbox 2870 5211 3284 5282; x_wconf 75' lang='grc' dir='ltr'>ἐξουθενημένα,</span> <span class='ocrx_word' id='word_1_879' title='bbox 3316 5205 3460 5260; x_wconf 77' lang='grc' dir='ltr'>κατά</span> <span class='ocrx_word' id='word_1_880' title='bbox 3482 5222 3546 5273; x_wconf 85' lang='grc' dir='ltr'><strong>γε</strong></span> <span class='ocrx_word' id='word_1_881' title='bbox 3575 5202 3668 5256; x_wconf 83' lang='grc' dir='ltr'><strong>τὸν</strong></span> <span class='ocrx_word' id='word_1_882' title='bbox 3689 5201 3790 5270; x_wconf 82' lang='grc' dir='ltr'>τῆς</span> 
     </span>
    </p>
   </div>
   <div class='ocr_carea' id='block_1_114' title="bbox 2208 5294 3792 5376">
    <p class='ocr_par' dir='ltr' id='par_1_114' title="bbox 2208 5294 3792 5376">
     <span class='ocr_line' id='line_1_114' title="bbox 2208 5294 3792 5376; baseline -0.012 -13"><span class='ocrx_word' id='word_1_883' title='bbox 2208 5307 2412 5371; x_wconf 77' lang='grc' dir='ltr'>οἰκείας</span> <span class='ocrx_word' id='word_1_884' title='bbox 2462 5309 2676 5376; x_wconf 84' lang='grc' dir='ltr'>φύσεως</span> <span class='ocrx_word' id='word_1_885' title='bbox 2709 5306 2899 5374; x_wconf 84' lang='grc' dir='ltr'>λόγον,</span> <span class='ocrx_word' id='word_1_886' title='bbox 2959 5303 3194 5375; x_wconf 89' lang='grc' dir='ltr'>μεγάλα,</span> <span class='ocrx_word' id='word_1_887' title='bbox 3247 5299 3343 5353; x_wconf 66' lang='grc' dir='ltr'><strong>καὶ</strong></span> <span class='ocrx_word' id='word_1_888' title='bbox 3376 5294 3792 5364; x_wconf 80' lang='grc' dir='ltr'>ἀξιοθαύμαστα</span> 
     </span>
    </p>
   </div>
   <div class='ocr_carea' id='block_1_115' title="bbox 2210 5385 3794 5470">
    <p class='ocr_par' dir='ltr' id='par_1_115' title="bbox 2210 5385 3794 5470">
     <span class='ocr_line' id='line_1_115' title="bbox 2210 5385 3794 5470; baseline -0.011 -17"><span class='ocrx_word' id='word_1_889' title='bbox 2210 5399 2298 5453; x_wconf 83' lang='grc' dir='ltr'>διὰ</span> <span class='ocrx_word' id='word_1_890' title='bbox 2327 5399 2427 5470; x_wconf 78' lang='grc' dir='ltr'>τῆς</span> <span class='ocrx_word' id='word_1_891' title='bbox 2469 5400 2549 5461; x_wconf 88' lang='grc' dir='ltr'><strong>εἰς</strong></span> <span class='ocrx_word' id='word_1_892' title='bbox 2581 5396 2723 5451; x_wconf 84' lang='grc' dir='ltr'><strong>αύτά</strong></span> <span class='ocrx_word' id='word_1_893' title='bbox 2757 5396 3121 5469; x_wconf 81' lang='grc' dir='ltr'>χρηστότητος</span> <span class='ocrx_word' id='word_1_894' title='bbox 3160 5387 3561 5451; x_wconf 87' lang='grc' dir='ltr'>ἀποδεικνύων,</span> <span class='ocrx_word' id='word_1_895' title='bbox 3601 5385 3794 5453; x_wconf 82' lang='grc' dir='ltr'>ὥσπερ</span> 
     </span>
    </p>
   </div>
   <div class='ocr_carea' id='block_1_116' title="bbox 2211 5479 3791 5561">
    <p class='ocr_par' dir='ltr' id='par_1_116' title="bbox 2211 5479 3791 5561">
     <span class='ocr_line' id='line_1_116' title="bbox 2211 5479 3791 5561; baseline -0.009 -18"><span class='ocrx_word' id='word_1_896' title='bbox 2211 5486 2302 5544; x_wconf 76' lang='grc' dir='ltr'><strong>οὖν</strong></span> <span class='ocrx_word' id='word_1_897' title='bbox 2323 5490 2514 5561; x_wconf 87' lang='grc' dir='ltr'>ἀμέλει</span> <span class='ocrx_word' id='word_1_898' title='bbox 2540 5489 2635 5542; x_wconf 72' lang='grc' dir='ltr'><strong>καί</strong></span> <span class='ocrx_word' id='word_1_899' title='bbox 2661 5490 2809 5559; x_wconf 72' lang='grc' dir='ltr'>ἡμᾶς</span> <span class='ocrx_word' id='word_1_900' title='bbox 2838 5491 2948 5551; x_wconf 88' lang='grc' dir='ltr'>τοῖς</span> <span class='ocrx_word' id='word_1_901' title='bbox 2976 5488 3129 5550; x_wconf 88' lang='grc' dir='ltr'>ἰδίοις</span> <span class='ocrx_word' id='word_1_902' title='bbox 3159 5483 3322 5540; x_wconf 80' lang='grc' dir='ltr'>αὐτοῦ</span> <span class='ocrx_word' id='word_1_903' title='bbox 3356 5479 3791 5551; x_wconf 85' lang='grc' dir='ltr'>κατασεμνύνειν</span> 
     </span>
    </p>
   </div>
   <div class='ocr_carea' id='block_1_117' title="bbox 2212 5569 3792 5653">
    <p class='ocr_par' dir='ltr' id='par_1_117' title="bbox 2212 5569 3792 5653">
     <span class='ocr_line' id='line_1_117' title="bbox 2212 5569 3792 5653; baseline -0.009 -17"><span class='ocrx_word' id='word_1_904' title='bbox 2212 5583 2436 5652; x_wconf 80' lang='grc' dir='ltr'>ἀγαθοῖς</span> <span class='ocrx_word' id='word_1_905' title='bbox 2465 5581 2662 5653; x_wconf 82' lang='grc' dir='ltr'>χρῆναι</span> <span class='ocrx_word' id='word_1_906' title='bbox 2691 5580 2800 5634; x_wconf 78' lang='grc' dir='ltr'>δεῖν</span> <span class='ocrx_word' id='word_1_907' title='bbox 2839 5579 3085 5650; x_wconf 53' lang='grc' dir='ltr'>ἀυθόνως</span> <span class='ocrx_word' id='word_1_908' title='bbox 3116 5575 3435 5647; x_wconf 78' lang='grc' dir='ltr'>ἐδοκίμασεν</span> <span class='ocrx_word' id='word_1_909' title='bbox 3462 5572 3537 5636; x_wconf 84' lang='grc' dir='ltr'>ὡς</span> <span class='ocrx_word' id='word_1_910' title='bbox 3579 5573 3608 5625; x_wconf 82' lang='grc' dir='ltr'><strong>ό</strong></span> <span class='ocrx_word' id='word_1_911' title='bbox 3638 5569 3792 5634; x_wconf 76' lang='grc' dir='ltr'>Θεὸς,</span> 
     </span>
    </p>
   </div>
   <div class='ocr_carea' id='block_1_118' title="bbox 610 5763 2310 5830">
    <p class='ocr_par' dir='ltr' id='par_1_118' title="bbox 610 5763 2310 5830">
     <span class='ocr_line' id='line_1_118' title="bbox 610 5763 2310 5830; baseline -0.004 -7"><span class='ocrx_word' id='word_1_912' title='bbox 610 5763 654 5794; x_wconf 80' lang='grc'><strong><em>⁸⁸</em></strong></span> <span class='ocrx_word' id='word_1_913' title='bbox 694 5766 883 5824; x_wconf 79' lang='lat' dir='ltr'><strong>Matth.</strong></span> <span class='ocrx_word' id='word_1_914' title='bbox 919 5786 968 5830; x_wconf 84' lang='grc' dir='ltr'>ν.</span> <span class='ocrx_word' id='word_1_915' title='bbox 1007 5770 1090 5824; x_wconf 74' lang='grc'><strong>14.</strong></span> <span class='ocrx_word' id='word_1_916' title='bbox 1167 5771 1210 5803; x_wconf 84' lang='grc'>⁸³</span> <span class='ocrx_word' id='word_1_917' title='bbox 1245 5769 1388 5828; x_wconf 79' lang='lat' dir='ltr'><strong>Psnl.</strong></span> <span class='ocrx_word' id='word_1_918' title='bbox 1422 5783 1621 5828; x_wconf 75' lang='lat' dir='ltr'><strong>Lxxxt.</strong></span> <span class='ocrx_word' id='word_1_919' title='bbox 1660 5766 1709 5819; x_wconf 80' lang='lat'><strong>6.</strong></span> <span class='ocrx_word' id='word_1_920' title='bbox 1791 5766 1832 5797; x_wconf 63' lang='grc'><strong>³⁵</strong></span> <span class='ocrx_word' id='word_1_921' title='bbox 1876 5763 2019 5819; x_wconf 79' lang='lat' dir='ltr'><strong>l&#39;sal.</strong></span> <span class='ocrx_word' id='word_1_922' title='bbox 2054 5780 2162 5829; x_wconf 83' lang='lat' dir='ltr'><strong>cn,</strong></span> <span class='ocrx_word' id='word_1_923' title='bbox 2206 5764 2310 5818; x_wconf 75' lang='grc'><strong>1-5.</strong></span> 
     </span>
    </p>
   </div>
  </div>
