4092 6274
362 371 463 427 120

1441 359 1507 414 IN
1537 357 1832 416 JOANNIS
1869 355 2320 416 EVANGELIUM
2360 360 2490 418 LIB.
2529 361 2570 418 1.

3508 367 3610 424 130

359 486 456 540 καὶ
479 481 566 537 διὰ
594 479 752 534 τοῦτο
781 478 936 541 θεοὺς
958 494 1038 545 τε,
1059 477 1148 532 καὶ
1170 476 1306 547 φῶς,
1329 476 1423 530 καὶ
1451 474 1504 528 τί
1535 474 1642 544 γὰρ
1675 473 1796 543 οὐχὶ
1824 471 1932 525 τῶν

2037 486 2183 538 vera,
2209 489 2330 543 quae
2359 476 2631 530 illuminat
2662 489 2879 532 omnem
2905 476 3182 534 hominem
3213 480 3518 538 venientem
3551 485 3610 540 in

359 574 584 645 ἀγαθῶν
635 571 918 626 ἀποκαλεῖ.
972 563 1103 622 Εἶτα
1145 568 1280 638 πρὸς
1313 566 1486 637 τούτῳ
1517 565 1699 636 φησιν,
1734 565 1816 617 ὅτι
1844 564 1936 616 καὶ

367 688 384 718 ι
410 668 498 720 Ἑν
527 664 602 736 τῷ
638 663 827 732 κόσμῳ
851 657 918 732 ἦν
936 676 950 690 ·
988 680 1007 712 ι
1061 659 1256 728 ἐπάγει
1288 658 1382 712 καὶ
1407 656 1574 709 τοῦτο
1600 654 1883 726 χρησίμως
1907 655 1934 706 ό

362 755 638 824 θεολόγοξ,
684 752 1121 822 ἀναγκαιοτάτην
1143 752 1273 821 ἡμῖν
1289 749 1356 802 δι’
1377 748 1540 802 αὐτοῦ
1578 747 1676 816 τὴν
1703 744 1935 814 θεωρίαν

363 847 601 916 εἰσφέρει
618 844 728 916 [Ζσ.
745 839 1058 914 είσφέρων].
1091 841 1308 911 Ἐπειδὴ
1324 839 1429 909 γὰρ
1445 839 1570 909 ἔφη,
1591 833 1725 890 ιτΗν
1740 836 1800 888 τὸ
1821 835 1935 905 φῶς

340 921 420 992 ’τὸ
447 935 715 1008 ἀληθινὸν,
741 935 768 988 ὃ
788 935 1010 1004 φωτίζει
1029 935 1205 988 πάντα
1224 933 1508 1002 ἄνθρωπον
1531 930 1825 1000 ὲρχόμενον
1849 929 1928 992 είς

358 1030 445 1082 τὸν
467 1029 689 1098 κόσμον,
706 1024 797 1098 »ἦν
816 1028 872 1080 δὲ
886 1028 949 1080 οὐ
981 1026 1184 1096 σφόδρα
1204 1028 1316 1088 τοῖς
1333 1023 1700 1096 ἀκροωμένοις
1720 1037 1782 1073 συ
1792 1037 1934 1090 μφα-

358 1121 446 1184 νὲς
467 1159 482 1183 ,
519 1120 744 1190 πότερόν
773 1136 901 1171 ποτε
934 1117 1026 1170 τὸν
1073 1116 1357 1188 ἄνθρωπον
1387 1115 1680 1185 ἐρχόμενον
1727 1114 1805 1173 είς
1838 1112 1929 1164 τὸν

356 1213 558 1282 κόσμον
588 1211 806 1281 φωτίζει
829 1209 890 1263 τὸ
916 1209 1052 1279 φῶς,
1088 1208 1120 1278 ἦ
1147 1208 1277 1260 αὐτὸ
1297 1208 1356 1260 τὸ
1390 1206 1502 1274 φῶς
1547 1206 1608 1258 τὸ
1657 1203 1929 1274 ἀληθινὸν,

356 1305 430 1367 ὡς
443 1303 551 1356 ἀπό
568 1320 710 1364 τινος
729 1301 917 1372 ἐτέρου
947 1301 1112 1353 τόπου
1139 1297 1487 1368 μεταχωροῦν
1501 1297 1578 1359 είς
1597 1297 1686 1348 τὸν
1708 1295 1930 1364 κόσμον,

353 1396 444 1448 τὸν
471 1397 550 1457 εἰς
576 1395 782 1455 πάντας
815 1391 1135 1462 ἀνθρώπους
1168 1391 1396 1443 ποιεῖται
1433 1387 1732 1457 φωτισμὸν,
1769 1387 1934 1454 ἀναγ-

355 1487 526 1548 καίως
560 1486 690 1555 ἡμῖν
723 1487 752 1537 ὁ
781 1481 1229 1553 Ηνευματοφόρος
1256 1480 1585 1534 ὲκκαλύπτει
1617 1478 1680 1532 τὸ
1711 1477 1930 1548 ἀληθὲς,

355 1576 451 1628 καὶ
483 1574 590 1628 τῶν
631 1575 846 1626 οἰκείων
879 1572 1138 1642 ῥημάτων
1168 1569 1510 1642 διερμηνεύει
1556 1570 1651 1640 τὴν
1681 1568 1930 1636 δύναμιν,

357 1665 534 1732 λέγων
575 1664 737 1726 εὐθὺς
781 1665 908 1733 περὶ
947 1663 1043 1716 τοῦ
1083 1663 1290 1732 φωτὸς,
1317 1663 1398 1714 ὅτι
1444 1679 1462 1712 t
1505 1662 1593 1713 Ἐν
1628 1660 1705 1729 τῷ
1746 1661 1934 1730 κόσμῳ

359 1753 463 1826 ἦν·
507 1774 526 1806 ›
576 1754 666 1807 ἵνα
690 1754 876 1806 λοιπὸν
899 1755 960 1806 τὺ
1000 1773 1018 1804 ι
1066 1752 1358 1824 ἐρχόμενον
1398 1755 1475 1815 εἰς
1522 1753 1612 1805 τὸν
1663 1752 1864 1821 κόσμον
1905 1767 1928 1803 ι

2036 562 2182 616 hunc
2213 565 2498 630 mundum,
2535 581 2635 621 nec
2661 567 2769 638 '76
2813 569 3156 626 auditoribus
3185 571 3476 628 admodum
3516 589 3613 643 pa-

2035 659 2215 717 teret,
2263 662 2447 709 utrum
2490 656 2902 728 intelligendum
2936 669 3117 726 esset,
3190 661 3476 719 Hominem
3515 680 3608 720 ve-

2034 745 2275 801 nientem
2325 749 2379 801 in
2410 747 2563 803 hunc
2595 751 2860 805 mundum
2892 753 2982 806 lux
3020 753 3322 820 illuminat,
3387 770 3454 809 an
3492 754 3610 812 Lux

2035 852 2166 893 vera
2189 839 2296 893 alio
2318 843 2554 910 quodam
2576 857 2640 896 ex
2668 843 2791 897 loco
2808 846 3030 900 veniens
3055 846 3109 899 in
3139 847 3285 901 hunc
3307 849 3567 902 mundum
3593 867 3606 903 :

2034 932 2355 984 necessario
2411 931 2573 988 nobis
2615 930 2857 989 Joannes
2905 937 3193 991 veritatem
3236 939 3504 1008 exponit,
3555 947 3613 995 et

2035 1034 2260 1074 suorum
2305 1022 2600 1076 verborum
2650 1024 2759 1078 vim
2800 1034 2854 1080 et
2900 1041 3118 1082 sensum
3173 1028 3609 1099 interpretatur,

2033 1108 2181 1164 illico
2216 1112 2518 1180 subjiciens
2569 1115 2637 1170 de
2694 1116 2819 1171 luce
2851 1135 2865 1172 :
2917 1140 2936 1171 ι
2973 1118 3030 1172 1η
3068 1121 3273 1175 mundo
3301 1130 3458 1186 erat,
3489 1139 3507 1172 ι
3553 1125 3613 1175 ut

2031 1202 2164 1257 illud
2217 1203 2434 1259 demum
2465 1246 2481 1272 ,
2539 1226 2559 1259 ι
2597 1209 2898 1265 venientem
2952 1211 3006 1266 in
3045 1212 3191 1267 hunc
3240 1204 3544 1277 mundum,
3586 1231 3607 1266 ι

2034 1294 2370 1366 intelligatur
2402 1299 2468 1354 de
2494 1300 2738 1364 homine,
2767 1311 2820 1358 et
2845 1305 2910 1359 de
2935 1314 3125 1358 natura
3145 1306 3450 1361 illuminata
3473 1321 3612 1378 prae-

2032 1383 2280 1450 dicetur,
2326 1397 2515 1459 utpote
2561 1409 2684 1461 quae
2736 1410 2805 1448 ex
2866 1396 3036 1450 nihilo
3076 1397 3144 1451 ad
3191 1414 3317 1453 esse
3359 1407 3606 1454 vocatur.

2033 1474 2235 1531 Locum
2273 1480 2417 1533 enim
2453 1484 2619 1538 veluti
2660 1487 2948 1553 quemdam
2997 1499 3378 1544 creaturarum
3421 1491 3611 1547 animo

2031 1568 2411 1637 concipimus,
2467 1575 2724 1629 nimirum
2754 1578 3052 1647 aliquando
3099 1597 3206 1634 non
3256 1597 3412 1647 esse,
3467 1582 3612 1638 unde

2033 1658 2098 1712 ad
2153 1674 2277 1714 esse
2326 1665 2740 1732 quodammodo
2787 1669 3150 1738 prodeuntes,
3187 1673 3352 1726 alium
3389 1675 3608 1728 tandem

2033 1748 2214 1803 locum
2254 1752 2307 1805 in
2349 1755 2669 1810 exsistcntia
2707 1759 2950 1826 capiunt.
2975 1760 3454 1818 Accommodatius
3481 1779 3611 1835 ergo

362 1846 506 1900 κατά
531 1846 622 1900 τοῦ
655 1845 940 1917 ἀνθρώπου
966 1849 1117 1915 νοῇς,
1148 1846 1244 1898 καὶ
1277 1845 1472 1916 μᾶλλον
1504 1844 1604 1914 τῆς
1631 1841 1932 1913 φωτιζομέ-

2035 1847 2202 1907 atque
2245 1843 2532 1900 decentius
2575 1845 2642 1900 de
2672 1855 2866 1902 natura
2919 1848 3198 1903 hominum
3245 1850 3355 1904 dici
3391 1861 3608 1922 potest,

361 1957 460 2010 νης
491 1938 860 2008 κατηγορῆται
896 1938 1140 2006 φύσεως,
1171 1937 1246 2000 ὡς
1277 1939 1342 1990 ἐκ
1369 1935 1462 1989 τοῦ
1493 1935 1566 2007 μὴ
1599 1936 1748 1998 ὄντος
1771 1938 1846 1998 εἰς
1875 1934 1933 1988 τὸ

2041 1931 2233 2001 primis
2285 1936 2468 1988 statim
2512 1937 2853 2006 temporibus
2895 1939 3231 2005 illuminari,
3259 1950 3312 1996 et
3343 1957 3452 1995 una
3482 1958 3608 1997 cum

359 2027 498 2084 εἶναι
537 2029 871 2100 καλουμένης
903 2047 916 2059 ·
965 2029 1128 2091 τόπος
1177 2028 1285 2098 γὰρ
1320 2027 1507 2097 ὥσπερ
1550 2026 1633 2090 τίς
1679 2028 1794 2079 ἐστι
1825 2028 1933 2090 τοῖς

2040 2022 2160 2092 ipso
2203 2039 2326 2078 esse
2368 2025 2476 2079 vim
2524 2029 2690 2081 etiam
2744 2029 3079 2099 intelligendi
3127 2031 3197 2086 ab
3255 2046 3320 2086 ea
3378 2048 3502 2103 quae
3554 2027 3643 2088 in’

358 2125 609 2193 γενητοῖς
646 2120 860 2190 ἐπινοίᾳ
895 2119 1268 2190 θεωρούμενος
1293 2118 1354 2170 τὸ
1393 2118 1467 2187 μὴ
1495 2113 1634 2170 εἷναί
1664 2132 1815 2180 ποτε,
1840 2115 1934 2184 ἀφ’

355 2208 416 2266 οὗ
441 2214 504 2284 δὴ
549 2212 752 2285 τρόπον
789 2210 912 2264 τινὰ
956 2209 1092 2280 πρὸς
1125 2209 1184 2262 τὸ
1231 2203 1370 2261 εἶναι
1411 2208 1726 2278 βαδίζοντα,
1771 2205 1937 2260 τόπον

357 2306 542 2374 ἓτερον
577 2304 678 2374 ἢδη
713 2303 804 2357 τὸν
839 2304 896 2354 ὲν
931 2299 1160 2372 ὑπάρξει
1186 2299 1474 2370 λαμὸάνει.
1505 2299 1712 2353 Οὐκοῦν
1739 2297 1936 2352 οἰκειό-

358 2397 513 2466 τερόν
546 2412 606 2449 τε
665 2396 759 2448 καὶ
786 2393 1231 2466 πρεπωδέστατον
1258 2395 1291 2464 ἡ
1321 2391 1430 2446 τῶν
1479 2390 1782 2462 ἀνθρώπων
1809 2392 1933 2442 ὲπι-

354 2487 568 2552 δέξεται
591 2485 756 2556 φύσις
795 2483 858 2537 τὸ
890 2485 954 2537 ὲκ
984 2483 1214 2556 πρώτων
1254 2481 1416 2546 εὐθὺς
1448 2479 1935 2551 φωτίζεσθαι’χρό-

355 2595 491 2644 νων,
548 2576 861 2648 σύνδρομόν-
895 2591 988 2639 τε,
1050 2575 1144 2628 καὶ
1196 2572 1812 2643 συγκατεσκευασμένην
1857 2567 1936 2642 τῷ

356 2665 495 2723 εἶναι
536 2668 841 2738 λαμϐάνειν
866 2658 986 2738 ’τὴν
1019 2665 1233 2721 σύνεσιν
1278 2665 1431 2736 παρά
1474 2666 1566 2719 τοῦ
1593 2665 1743 2728 ὗντος
1769 2668 1825 2719 ὲν
1859 2665 1938 2736 τῷ

355 2761 546 2831 κόσμῳ
574 2761 772 2829 φωτὸς,
801 2757 946 2812 τοῦτ’
972 2757 1087 2810 ἔστι
1104 2798 1120 2825 ,
1152 2756 1245 2810 τοῦ
1277 2755 1612 2824 Μονογενοῦς
1633 2796 1647 2819 ,
1671 2755 1729 2819 ὃς
1754 2756 1818 2826 δὴ
1841 2757 1936 2808 καὶ
1976 2830 1986 2838 _

354 2853 579 2924 ἀρρήτῳ
611 2853 678 2922 τῇ
721 2851 820 2920 τῆς
853 2848 1103 2918 θεότητος
1134 2848 1369 2918 ξδυνάμει
1411 2846 1480 2900 τά
1511 2848 1687 2901 πάντα
1719 2847 1933 2918 πληροῖ,

359 2943 452 2994 καὶ
483 2941 824 3011 συμπάρεστι
866 2939 964 3009 μὲν
991 2936 1241 3006 ἀγγέλοις
1269 2939 1326 2990 ὲν
1352 2937 1594 3007 οὐρανῷ,
1643 2936 1856 2990 σύνεστι
1877 2934 1935 2990 δὲ

356 3034 469 3095 τοῖς
502 3033 594 3084 ἐπὶ
616 3033 715 3101 τῆς
749 3031 871 3102 γῆς,
896 3029 1048 3091 κενὸν
1094 3029 1152 3082 δὲ
1178 3029 1274 3099 τῆς
1299 3028 1492 3082 ἑαυτοῦ
1529 3028 1782 3098 θεότητος
1813 3026 1934 3080 οὐδὲ

359 3123 524 3180 αὐτὸν
546 3123 738 3193 ἀφίησι
764 3121 855 3174 τὸν
883 3121 1034 3192 ᾅδην,
1069 3121 1163 3174 καὶ
1195 3123 1443 3190 πανταχῇ
1473 3124 1586 3183 τοῖς
1615 3123 1779 3174 πᾶσιν
1809 3121 1932 3174 ἑπι-

2039 2113 2244 2170 mundo
2285 2122 2368 2170 est
2404 2115 2556 2183 luce,
2613 2119 2877 2174 nimirum
2940 2119 3253 2193 Unigenito,
3284 2127 3565 2196 suscipere
3592 2166 3609 2192 ,

2037 2205 2129 2275 qui
2162 2205 2421 2261 ineffabili
2449 2208 2670 2265 deitatis
2705 2212 2905 2266 virtute
2929 2218 3129 2268 cuncta
3159 2217 3332 2284 replet
3363 2257 3380 2284 ,
3425 2225 3482 2272 et
3524 2226 3612 2274 est

2036 2298 2254 2366 quidem
2282 2313 2404 2352 cum
2432 2302 2643 2370 angelis
2675 2301 2729 2355 in
2765 2303 2908 2357 cmlo
2935 2344 2949 2368 ,
2995 2304 3048 2359 in
3083 2307 3246 2361 terris
3273 2323 3397 2361 cum
3431 2308 3608 2363 homi—

2036 2389 2232 2452 nibus,
2274 2391 2516 2462 nihilque
2554 2392 2674 2461 ejus
2696 2393 2894 2449 deitate
2934 2410 3169 2450 vacuum
3221 2407 3332 2464 est,
3373 2413 3443 2454 ne
3474 2399 3610 2470 tpsis

2035 2479 2252 2549 quidem
2304 2481 2496 2537 inferis
2543 2486 2829 2553 exceptis,
2881 2493 2939 2540 et
2994 2486 3198 2556 ubique
3246 2498 3446 2544 cuncta
3504 2491 3609 2544 im-

2036 2585 2266 2636 means,
2344 2587 2376 2626 a
2425 2574 2578 2629 nullo
2637 2575 2823 2640 abest,
2871 2577 3008 2631 adeo
3059 2585 3118 2632 ut
3165 2582 3516 2635 vehementer
3557 2581 3610 2636 id

2035 2664 2476 2732 sapientissimus
2509 2663 2803 2721 Psalmista
2833 2669 3064 2723 miratus
3087 2669 3236 2723 dicat
3266 2687 3280 2724 :
3318 2689 3336 2722 ι
3373 2671 3494 2736 Quo
3521 2672 3612 2728 ibo

2036 2767 2067 2807 a
2097 2753 2304 2824 Spiritu
2331 2764 2448 2822 tuo,
2484 2767 2536 2810 et
2565 2772 2673 2826 quo
2703 2773 2733 2811 a
2765 2758 2901 2814 facie
2933 2768 3026 2814 tua
3058 2760 3298 2830 fugiam?
3331 2762 3389 2818 Si
3417 2778 3612 2818 ascen.

2036 2845 2168 2898 dero
2196 2846 2249 2898 in
2273 2847 2497 2909 cmlum,
2530 2857 2584 2900 tu
2617 2849 2727 2901 illic
2761 2863 2821 2902 es
2855 2865 2868 2900 :
2912 2850 2958 2904 si
2997 2849 3332 2907 descendero
3360 2854 3415 2907 in
3449 2853 3614 2909 infero

2036 2948 2190 2998 num,
2228 2932 2396 2988 ades:
2434 2934 2480 2989 si
2510 2951 2797 3005 sumpsero
2823 2951 3034 3005 pennas
3069 2954 3218 2995 meas
3253 2940 3522 3008 diluculo,
3557 2949 3612 2996 et

2036 3021 2352 3078 habitavero
2390 3023 2443 3078 in
2473 3027 2735 3079 extremis
2784 3025 2971 3092 maris,
3017 3012 3226 3082 'etenim
3258 3029 3389 3085 illuc
3415 3047 3611 3087 manus

2034 3123 2126 3169 tua
2163 3115 2395 3172 deducet
2432 3132 2555 3184 me,
2595 3124 2650 3173 et
2681 3119 2886 3173 tenebit
2937 3134 3024 3173 me
3076 3120 3302 3176 dextera
3351 3130 3443 3176 tua
3475 3123 3542 3178 ⁸⁵.
3584 3143 3604 3176 ι

357 3213 546 3283 δημῶν
583 3189 791 3276 οὐδενὸς
823 3189 1214 3276 ἀπανίσταται,
1255 3211 1330 3274 ὡς
1371 3189 1462 3264 ἐπὶ
1485 3211 1658 3280 τούτῳ
1690 3211 1784 3263 καὶ
1815 3209 1933 3266 λίαν

2035 3206 2262 3264 Omnem
2297 3208 2442 3263 enim
2487 3211 2666 3263 locum
2712 3220 2766 3266 et
2809 3226 3026 3267 omnem
3082 3222 3390 3268 creaturam
3423 3216 3607 3271 divina

359 3306 583 3368 εἰκότως
611 3304 1063 3375 ἀποθαυμάζοντα
1085 3304 1263 3371 λέγειν
1286 3303 1378 3355 τὸν
1411 3301 1720 3370 σοφώτατον
1744 3301 1933 3372 Μελῳ-

2033 3317 2230 3357 manus
2275 3305 2693 3372 complectitur,
2733 3307 3026 3362 continens
3069 3316 3125 3360 et
3165 3322 3507 3364 conservans
3552 3310 3608 3364 in

358 3399 469 3452 δόν’
499 3417 517 3451 ι
539 3397 646 3452 Ποῦ
679 3397 924 3469 πορευθῶ
951 3398 1059 3452 ἀπὸ
1091 3398 1183 3451 τοῦ
1202 3396 1524 3466 Πνεύματός
1554 3411 1671 3460 σου,
1700 3394 1793 3447 καὶ
1825 3393 1933 3448 ἀπὸ

2033 3409 2136 3449 suo
2163 3410 2291 3452 esse
2335 3411 2424 3450 res
2457 3405 2674 3473 creatas
2699 3437 2714 3462 ,
2765 3407 2818 3451 et
2856 3397 3022 3451 vitam
3064 3397 3360 3453 infundens
3388 3400 3454 3453 iis
3487 3416 3609 3471 qua:

354 3490 449 3544 τοῦ
483 3489 772 3563 προσώπου
815 3507 908 3543 σου
952 3489 1055 3542 ποῦ
1091 3488 1284 3558 φύγω;
1348 3486 1473 3540 Ἐἀν
1500 3485 1685 3541 ἀναΕῶ
1723 3486 1804 3550 εἰς
1841 3485 1935 3540 τὸν

351 3581 601 3654 οὐρανὸν,
630 3583 694 3635 σὺ
717 3578 765 3634 εἷ
791 3584 908 3636 ἐκεῖ
928 3596 942 3610 ⁸
971 3583 1064 3636 ἐὰν
1087 3579 1310 3635 καταϐῶ
1334 3581 1412 3643 εἰς
1441 3579 1530 3633 τὸν
1563 3578 1718 3651 ᾅδην,
1743 3577 1928 3649 πάρει’

349 3676 444 3730 ὲάν
474 3674 728 3729 ἀναλάϐω
776 3674 875 3737 τὰς
924 3673 1205 3744 πτέρυγάς
1258 3689 1359 3741 μου
1399 3670 1518 3724 κατ’
1563 3671 1788 3743 ὖρθρον,
1839 3669 1933 3723 καὶ

348 3766 762 3836 κατασκηνώσω
791 3766 871 3831 είς
906 3765 974 3818 τὰ
1000 3765 1203 3834 ἔσχατα
1234 3764 1334 3834 τῆς
1361 3763 1657 3834 θαλάσσης,
1708 3763 1801 3816 καὶ
1824 3761 1934 3831 γὰρ

345 3859 467 3911 ἐκεῖ
492 3858 525 3928 ή
563 3857 683 3928 χείρ
715 3873 808 3909 σου
835 3855 1094 3924 ὁδηγήσει
1125 3869 1194 3924 με
1213 3892 1228 3917 ,
1254 3853 1347 3905 καὶ
1371 3851 1591 3917 καθέξει
1625 3868 1691 3922 με
1722 3851 1756 3920 ὴ
1783 3850 1933 3916 δεξιά

348 3967 468 4004 σου.
504 3969 522 4002 ι
566 3949 775 4012 Παντὸς
799 3947 908 4020 γὰρ
942 3948 1130 4012 τόπου,
1164 3947 1258 4000 καὶ
1286 3946 1465 4015 πάσης
1488 3944 1720 4005 κτίσεως
1750 3945 1783 4014 ἡ
1812 3941 1932 3994 θεία

343 4041 763 4114 περιδράττεται
793 4040 936 4111 χεὶρ,
975 4038 1272 4109 συνέχουσα
1311 4037 1448 4108 πρὸς
1473 4038 1534 4089 τὸ
1574 4032 1711 4089 εἶναι
1737 4033 1804 4087 τὰ
1834 4051 1933 4086 πει

343 4133 656 4203 ποιημένα,
700 4131 796 4184 κοιλ⁵
838 4131 1277 4200 περισφίγγουσα
1309 4128 1444 4199 πρὸς
1493 4126 1637 4197 ζωὴν
1681 4125 1751 4179 τά
1788 4125 1932 4196 ζωῆς

341 4227 613 4296 δεόμενα,
654 4224 749 4276 καὶ
775 4225 886 4286 τοῖς
915 4222 1184 4284 συνέσεως
1212 4220 1480 4283 δεκτικοῖς
1523 4219 1585 4271 τὸ
1617 4218 1806 4288 νοητὸν
1847 4219 1932 4270 ἐν·

254 4313 260 4318 ’
349 4317 656 4386 σπείρουσα
689 4315 822 4384 φῶς.
855 4317 1008 4368 Ἐστι
1033 4315 1089 4368 δὲ
1119 4315 1219 4368 οὐκ
1257 4315 1315 4368 ὲν
1345 4314 1516 4383 τόπῳ,
1553 4311 1806 4381 καθάπερ
1831 4311 1930 4381 ἤδη

345 4407 710 4479 προείπομεν,
736 4407 854 4460 οὐδὲ
882 4407 978 4478 τὴν
1001 4407 1370 4478 μεταῦατικὴν
1398 4404 1658 4475 ὑπομένει
1685 4403 1895 4472 κίνησιν
1915 4417 1927 4430 ⁸

349 4495 625 4566 σωμάτων
672 4493 780 4564 γὰρ
815 4494 943 4546 ἴδιον
978 4495 1135 4547 τοῦτό
1170 4511 1265 4562 γε·
1313 4493 1511 4564 πληροῖ
1537 4493 1594 4544 δὲ
1645 4491 1842 4562 μᾶλλον
1864 4492 1932 4544 τά

346 4588 531 4640 πάντα
555 4585 630 4648 ὡς
661 4585 816 4645 Θεός.
862 4585 999 4636 Ἀλλ’
1030 4587 1144 4656 ἐρεῖ
1170 4602 1251 4648 τις
1275 4585 1410 4655 πρὸς
1441 4585 1615 4638 ταῦτα
1641 4583 1800 4653 τυχόν
1824 4601 1836 4614 ο
1865 4583 1929 4635 Τί

345 4673 440 4730 οὖν
475 4691 684 4745 φαμεν,
731 4668 776 4727 ὦ
808 4676 1053 4742 γενναῖε,
1098 4675 1225 4726 ὅταν
1251 4691 1335 4736 τις
1361 4675 1494 4743 ἡμῖν
1522 4675 1600 4736 είς
1633 4673 1796 4743 μέσον
1823 4674 1931 4745 ἄγῃ

345 4768 579 4836 λέγοντα
607 4765 697 4818 τὸν
721 4766 764 4817 Χ
776 4764 975 4835 ριστόνο
1003 4782 1021 4814 ‹
1046 4762 1188 4830 Ἐγὼ
1217 4763 1332 4831 φῶς
1360 4765 1439 4826 είς
1468 4763 1558 4818 τὸν
1586 4765 1788 4834 κόσμον
1810 4764 1931 4835 ἐλή-

345 4858 482 4912 λυθα
505 4877 552 4926 ;›
584 4859 648 4912 Τί
677 4861 735 4913 δὲ
767 4861 894 4913 ὅταν
922 4862 949 4913 ό
974 4860 1278 4930 Ψαλμῳδὸς
1310 4860 1734 4930 άναφθέγγηται·
1765 4880 1783 4912 ι
1817 4862 1934 4926 Ἐξ-

349 4951 667 5005 απόστειλον
698 4955 756 5004 τὸ
781 4953 897 5021 φῶς
923 4969 1038 5016 σου,
1070 4952 1164 5004 καὶ
1190 4952 1288 5022 τὴν
1310 4952 1563 5023 ἀλήθειάν
1597 4969 1691 5006 σου
1716 4971 1763 5018 ςι
1801 4953 1932 5006 Ἰδοὺ

351 5045 460 5114 γὰρ
493 5044 679 5097 ἐνθάδε
729 5043 912 5113 σαφῶς
948 5044 1109 5106 αὐτὸς
1153 5044 1252 5112 μὲν
1301 5042 1613 5114 ἐληλυθέναι
1660 5043 1823 5114 φησὶν
1854 5045 1934 5105 εἰς

352 5134 444 5186 τὸν
471 5133 694 5203 κόσμον,
723 5135 796 5197 ὼς
817 5136 916 5187 οὐκ
946 5135 1019 5186 ὢν
1050 5135 1105 5186 ὲν
1127 5133 1276 5203 αὑτῷ
1301 5133 1541 5203 δηλονότι
1574 5151 1587 5163 ·
1618 5131 1933 5203 πέμπεσθαι

349 5225 406 5278 δὲ
460 5224 623 5278 πάλιν
666 5227 694 5278 ὁ
733 5226 979 5294 Μελῳδὸς
1024 5225 1272 5295 ἐλιπάρει
1318 5223 1408 5277 τὸν
1455 5222 1607 5277 οὔπω
1670 5224 1932 5294 παρόντα,

350 5318 494 5372 κατά
542 5333 608 5385 γε
650 5315 713 5368 τὸ
765 5316 822 5368 ὲν
850 5316 926 5386 τῷ
952 5316 1096 5386 λόγῳ
1125 5316 1338 5385 σχῆμα,
1393 5315 1618 5385 καὶτῆς
1665 5316 1738 5377 ὡς
1787 5316 1935 5385 ἡμᾶς

352 5407 659 5478 ἀποστολῆς
682 5405 780 5477 τὴν
814 5391 1070 5476 ἔμφασιν.
1122 5407 1266 5477 Πρὸς
1295 5407 1359 5477 δὴ
1387 5407 1454 5458 τὰ
1478 5404 1705 5460 τοιαῦτά
1732 5423 1931 5476 φαμεν,

2033 3488 2144 3542 vita
2173 3494 2401 3554 carent,
2437 3498 2492 3544 et
2524 3488 2900 3558 intelligentia
2932 3489 3227 3559 capacibus
3261 3491 3609 3548 intellectua-

2030 3578 2134 3633 lem
2167 3579 2344 3634 lucem
2377 3579 2643 3636 inserens.
2683 3579 2804 3636 Non
2835 3590 2920 3638 est
2951 3587 3134 3636 autem
3182 3581 3236 3636 in
3267 3582 3388 3637 loco
3411 3623 3426 3649 ,
3465 3585 3609 3640 sicut

2029 3681 2189 3726 antea
2223 3671 2484 3737 diximus,
2515 3687 2618 3729 nec
2647 3675 2700 3728 in
2730 3689 2856 3730 eum
2887 3674 3035 3729 cadit
3064 3682 3249 3731 motus
3289 3674 3482 3732 locatis
3508 3677 3529 3746 (
3552 3676 3605 3731 id

2027 3762 2174 3816 enim
2224 3763 2505 3832 proprium
2541 3764 2642 3817 est
2687 3761 3040 3834 corporum),
3073 3765 3170 3819 sed
3205 3765 3390 3818 omnia
3424 3765 3609 3835 potius

2029 3851 2251 3922 implet,
2281 3861 2340 3906 ut
2373 3851 2536 3907 Deus.
2565 3851 2670 3907 Sed
2698 3853 2765 3908 ad
2804 3853 2918 3907 haec
2952 3853 3140 3908 forsan
3169 3853 3316 3909 dicet
3353 3855 3554 3926 aliquis
3587 3873 3602 3911 :

2029 3941 2170 4009 Quid
2205 3958 2336 4013 ergo
2373 3945 2697 4013 responsuri
2731 3960 2926 3999 sumus
2950 3984 2964 4008 ,
2999 3959 3032 3998 o
3060 3944 3234 4012 bone,
3269 3945 3314 4001 si
3355 3947 3483 4016 quis
3522 3946 3608 4000 lo-

2030 4043 2284 4102 quentem
2306 4033 2589 4090 Christum
2621 4035 2781 4090 nobis
2811 4037 2865 4089 in
2893 4034 3136 4090 medium
3161 4036 3355 4092 afferat
3380 4053 3395 4090 :
3442 4055 3461 4088 ι
3491 4035 3606 4106 Ego

2031 4126 2123 4180 lux
2156 4126 2208 4180 in
2238 4125 2501 4180 mundum
2531 4127 2653 4180 veni
2681 4127 2745 4180 ⁸⁸.
2774 4145 2792 4177 ι
2831 4125 2972 4192 Quid
2999 4142 3130 4182 vero
3159 4142 3284 4181 cum
3311 4125 3607 4182 Psalmista

2029 4217 2252 4280 clamat,
2281 4235 2300 4268 ι
2331 4215 2718 4271 Emittelucem
2738 4225 2908 4282 tuam,
2931 4226 2983 4270 et
3003 4217 3286 4271 veritatem
3307 4224 3456 4271 tuam
3482 4218 3548 4273 ⁸⁷.
3583 4237 3602 4271 ι

2033 4308 2171 4364 Ecce
2207 4309 2350 4364 enim
2384 4310 2502 4380 ipse
2547 4308 2637 4362 hic
2668 4316 2857 4377 aperte
2893 4308 2969 4361 ait
3013 4322 3073 4362 se
3115 4308 3171 4362 in
3205 4308 3467 4362 mundum
3509 4325 3605 4363 vc-

2032 4402 2218 4466 nisse,
2264 4407 2326 4455 ut
2372 4400 2464 4470 qui
2513 4414 2620 4453 non
2669 4408 2817 4454 esset
2861 4399 2916 4452 in
2967 4399 3088 4470 ipso
3135 4399 3417 4454 nimirum.
3466 4399 3606 4456 Mitti

1963 4531 2007 4586 D
2035 4500 2219 4547 autem
2248 4507 2468 4546 rursum
2496 4490 2663 4544 David
2694 4491 2922 4561 rogabat
2953 4507 3078 4547 eum
3105 4493 3197 4562 qui
3231 4493 3338 4562 77
3361 4494 3603 4548 nondum

2034 4585 2260 4650 aderat,
2309 4590 2369 4637 ut
2408 4590 2628 4638 constat
2671 4597 2738 4637 ex
2788 4582 3046 4652 loquendi
3085 4582 3360 4650 formula,
3399 4591 3453 4638 et
3487 4585 3602 4654 ipsa

2037 4675 2320 4730 missionis
2355 4675 2420 4730 ad
2454 4690 2555 4730 nos
2585 4674 3008 4743 significatione.
3038 4675 3119 4728 Ad
3154 4675 3268 4729 haec
3309 4677 3609 4745 responde-

2037 4782 2160 4821 mus
2197 4767 2513 4835 theologum
2568 4763 2868 4836 Unigenito
2902 4766 3224 4837 dignitatem
3254 4767 3364 4822 Deo
3401 4782 3606 4822 conve-

2037 4861 2277 4914 nientem
2309 4860 2567 4924 tribucre,
2606 4859 2734 4913 dum
2761 4861 2839 4914 ait
2861 4860 2916 4913 in
2948 4859 3152 4914 mundo
3179 4859 3357 4928 ipsum
3390 4874 3608 4929 semper

2037 4953 2339 5014 exsistere,
2369 4962 2425 5004 ut
2456 4951 2618 5006 vitam
2651 4967 2746 5021 per
2781 4959 3068 5014 naturam,
3108 4958 3168 5004 ut
3201 4951 3377 5005 lucem
3412 4966 3609 5006 secun-

2037 5042 2165 5097 dum
2238 5043 2640 5108 substantiam,
2711 5043 3084 5113 perficientem
3139 5053 3486 5107 creaturam,
3547 5051 3608 5097 ut

2035 5133 2206 5188 Deum
2229 5176 2243 5200 ,
2287 5149 2395 5188 non
2432 5135 2552 5188 loco
2587 5135 3074 5204 circumscriptum
3096 5173 3110 5198 ,
3149 5149 3258 5188 non
3286 5134 3478 5202 spatiis
3508 5132 3608 5186 de-

2039 5225 2284 5291 finitum,
2329 5241 2438 5280 non
2479 5226 2788 5295 quantitate
2825 5230 3158 5288 coercitum,
3206 5239 3314 5278 non
3353 5224 3422 5276 ab
3457 5222 3606 5288 ullo,

2040 5327 2097 5372 ut
2124 5319 2289 5373 verbo
2315 5319 2494 5373 dicam
2520 5359 2534 5383 ,
2559 5318 3040 5388 comprehensum,
3079 5330 3257 5383 neque
3280 5311 3368 5366 cui
3397 5325 3462 5362 ex
3496 5325 3609 5364 uno

2041 5411 2160 5464 loco
2193 5411 2246 5464 in
2285 5411 2450 5464 alium
2498 5411 2781 5464 incumbat
2828 5407 3096 5480 migrandi
3142 5401 3472 5461 necessitas,
3512 5400 3609 5453 sed

349 5499 431 5552 ὅτι
482 5498 560 5570 τῷ
602 5498 900 5566 Μονογενεῖ
955 5496 1252 5565 θεοπρεπὲς
1298 5498 1516 5572 ἀξίωμα
1561 5497 1857 5568 περιτιθεὶς
1908 5498 1933 5548 ὁ

2036 5502 2129 5570 qui
2178 5515 2420 5569 praesens
2472 5499 2544 5554 sit
2585 5499 2877 5560 omnibus,
2927 5511 3028 5551 nec
3071 5493 3139 5545 ab
3179 5491 3289 5543 ullo
3329 5486 3491 5542 absit.
3538 5492 3610 5546 Se

352 5587 632 5656 θεολόγος,
679 5589 735 5640 ὲν
764 5585 845 5657 τῷ
888 5586 1078 5658 κόσμῳ
1111 5587 1271 5660 φησιν
1315 5587 1430 5651 ἀεὶ,
1487 5587 1581 5640 καὶ
1613 5586 1698 5640 διὰ
1735 5585 1933 5648 παντὸς

2037 5598 2217 5643 autem
2264 5590 2318 5644 in
2369 5589 2634 5645 mundum
2666 5588 2885 5643 venisse
2911 5626 2925 5652 ,
2968 5577 3217 5651 quamvis
3262 5590 3507 5648 praesens
3538 5579 3612 5633 sit

420 5762 465 5794 "
509 5762 653 5821 Psal.
684 5779 958 5835 cxuvm,
996 5765 1156 5822 7-10.
1231 5765 1277 5798 ⁸⁸
1314 5765 1472 5823 Joan.
1514 5783 1627 5836 xit,
1664 5769 1752 5824 46.
1833 5769 1875 5804 ⁸⁷
1919 5766 1933 5822 l

2032 5768 2062 5821 l.
2101 5781 2246 5832 xm,
2281 5766 2332 5819 ’5.
