4092 6274
502 393 617 453 131τ

1527 389 1585 447 s.
1612 385 1892 447 CYRILLI
1917 368 2408 443 ALEXANDBINI.
2443 388 2764 445 ARClliEP.

3657 398 3763 458 132

501 521 557 571 in
607 527 694 581 eo,
722 510 1067 568 continuavit
1113 510 1326 566 ratione
1371 510 1789 566 incarnationis.
1842 526 1862 561 ι
1910 506 2063 563 Visus

2179 509 2441 580 ὑπάρχειν
2470 509 2652 578 αὑτὸν,
2691 511 2765 575 ὡς
2791 511 2934 584 ζωὴν
2965 512 3103 567 κατά
3138 513 3301 584 φύσιν
3320 556 3335 582 ,
3368 516 3446 581 ὡς
3472 516 3588 587 φῶς
3636 518 3758 571 κατ’

500 608 643 664 enim
677 612 762 662 est
801 606 856 659 in
898 611 1076 668 terra,
1111 609 1165 659 et
1202 618 1327 658 cum
1372 602 1689 657 hominibus
1720 610 2078 655 conversatus

500 708 587 754 est
612 698 659 731 ⁸⁸
681 736 695 762 ,
728 716 747 749 ι
781 712 905 750 cum
945 710 1112 750 carne
1135 695 1406 757 videlicet,
1440 691 1878 747 manifestiorem
1919 691 2078 746 nobis

502 804 658 843 suam
690 788 1034 858 praesentiam
1073 787 1175 840 hoc
1201 793 1363 856 pacto
1383 784 1624 839 eﬂiciens
1644 825 1658 850 ,
1688 792 1744 838 et
1773 784 1866 853 qui
1899 798 2077 854 quon-

502 880 628 935 dam
682 882 800 936 solo
848 880 1127 935 intellectu
1185 877 1578 949 comprehendi
1627 885 1890 945 poterat,
1938 876 2091 961 ipsis,

502 988 721 1044 quoque
762 987 908 1026 nunc
954 971 1208 1042 corporis
1252 970 1433 1025 oculis
1481 977 1774 1039 perceptus
1829 967 2073 1022 crassio-

503 1081 616 1119 rem
645 1106 659 1130 ,
706 1072 766 1118 nt
813 1065 885 1116 ita
938 1061 1154 1126 dicam,
1216 1061 1547 1132 cognitionis
1596 1060 1798 1114 divina
1849 1070 2074 1113 sensum

503 1158 663 1212 nobis
702 1156 886 1210 intulit
915 1155 1044 1209 dum
1084 1169 1182 1224 per
1220 1153 1489 1207 miracula
1528 1157 1582 1207 et
1622 1149 1871 1222 prodigia
1913 1149 2075 1204 nobis

504 1257 586 1304 est
616 1249 852 1317 agnitus.
886 1244 996 1300 Nee
1028 1247 1132 1299 alia
1164 1245 1394 1310 ratione,
1425 1250 1484 1297 ut
1514 1242 1788 1305 existimo,
1829 1240 1970 1294 mitti
2007 1239 2075 1295 ad

501 1352 606 1392 nos
664 1337 756 1390 Dei
822 1334 1062 1390 Verbum
1112 1340 1374 1389 tnundttm
1431 1335 1579 1389 hunc
1637 1333 2072 1388 illuminaturum

498 1423 799 1479 Psalmista
834 1425 1082 1494 rogabat.
1110 1424 1242 1478 Illud
1268 1424 1497 1494 insuper
1522 1422 2068 1479 animadvertendum

496 1515 782 1580 existimo,
821 1516 1078 1569 nimirum
1113 1514 1259 1585 quod
1297 1515 1445 1568 omni
1481 1528 1736 1569 sermone
1776 1527 1931 1567 mens
1974 1526 2070 1582 pe-

496 1608 821 1661 netrabilior
877 1618 960 1663 est
987 1649 1001 1672 ,
1047 1615 1102 1662 et
1148 1607 1346 1662 mentis
1377 1614 1558 1661 motus
1602 1606 1788 1676 lingua
1830 1606 2066 1660 acutior.

496 1699 683 1770 Igitur,
722 1700 922 1753 mentis
951 1699 1250 1753 subtilitate
1279 1707 1334 1754 et
1372 1699 1626 1753 acumine
1654 1738 1668 1763 ,
1704 1698 1913 1751 variam
1947 1698 2070 1765 qui-

494 1790 616 1845 dem
647 1801 854 1845 natura:
879 1790 1080 1844 divinae
1109 1789 1575 1858 pulchritudinem
1607 1789 2066 1856 contemplamur,

2176 600 2366 653 ούσίαν
2386 642 2400 664 ,
2456 601 2769 674 πληροῦντα
2800 603 2895 675 τὴν
2926 604 3101 657 κτίσιν
3121 645 3135 671 ,
3179 606 3255 668 ὡς
3292 606 3425 660 Θεὸν
3445 646 3459 671 ,
3511 609 3574 662 ού
3604 610 3759 680 τόπῳ

2176 694 2551 764 περιγραπτὸν
2571 737 2585 761 ,
2617 696 2678 748 οὐ
2709 696 3039 768 διαστήμασι
3073 701 3376 771 μετρητὸν,
3407 701 3470 754 οὐ
3499 701 3754 771 ποσότητι

2175 784 2520 853 καταληπτὸν
2542 824 2557 849 ,
2604 785 2665 838 ού
2693 784 2750 838 δὲ
2778 786 2885 839 ὑπό
2922 804 3066 851 τινος
3098 788 3234 852 ὅλως
3267 789 3753 860 ὲμπεριεχόμενον,

2174 874 2294 927 οὐδὲ
2330 875 2681 946 μεταϐάσεως
2712 878 2810 949 τῆς
2859 879 2939 942 είς
2967 880 3131 933 τόπον
3177 882 3242 934 ὲκ
3273 880 3438 934 τόπου
3476 881 3751 952 δεόμενον,

2175 966 2290 1020 ἀλλ’
2318 967 2568 1037 ἐνδημεῖν
2613 970 2710 1039 μὲν
2735 969 2937 1023 ἀπασιν
2959 1011 2974 1035 ,
3003 971 3475 1041 ἀπολιμπάνεσθαι
3498 974 3556 1028 δὲ
3587 973 3753 1045 μηδε-

2172 1058 2281 1119 νός.
2329 1058 2673 1130 Ἐληλυθέναι
2712 1060 2769 1114 δὲ
2802 1062 2993 1115 ἑαυτὸν
3027 1064 3084 1116 ὲν
3122 1064 3314 1134 κόσμῳ
3358 1064 3751 1135 διῖσχυρίσατο,

2174 1147 2350 1201 καίτοι
2383 1148 2575 1220 παρὼν
2605 1151 2661 1202 ὲν
2689 1151 2838 1222 αύτῷ
2868 1152 3009 1206 κατά
3034 1154 3126 1209 τὸν
3152 1157 3252 1225 τῆς
3281 1155 3751 1226 ὲνανθρωπὴσεως

2171 1238 2392 1308 τρόπον.
2444 1258 2463 1291 ι
2497 1241 2674 1311 Ὠφθη
2712 1241 2820 1313 γάρ
2853 1243 2943 1296 ἐπὶ
2970 1244 3070 1313 τῆς
3095 1245 3227 1315 γῆς,
3264 1244 3358 1299 καὶ
3389 1246 3501 1309 τοῖς
3539 1243 3750 1316 ἀνθρώ-

2172 1345 2296 1392 ποις
2338 1333 2748 1404 συνανεστράφη
2790 1352 2809 1387 ι
2862 1334 3001 1405 μετά
3042 1318 3279 1406 σαρκὸς,
3337 1336 3749 1407 ἐμφανεστέραν

2172 1420 2369 1474 ἑαυτοῦ
2408 1422 2505 1494 τὴν
2552 1424 2610 1476 ὲν
2650 1427 2840 1496 κόσμῳ
2873 1427 3175 1497 παρουσίαν
3214 1426 3304 1481 διά
3332 1428 3523 1481 τούτου
3555 1426 3746 1494 τιθεὶς,

2175 1513 2267 1564 καὶ
2295 1514 2323 1565 ὁ
2355 1512 2525 1566 πάλαι
2547 1516 2728 1586 νοήσει
2755 1518 3101 1588 καταληπτδς
3121 1560 3136 1585 ,
3169 1519 3264 1573 καὶ
3291 1520 3475 1583 αὐτοῖς
3502 1520 3602 1592 ἤδη
3634 1524 3748 1583 τοῖς

2170 1600 2264 1654 τοῦ
2308 1600 2555 1673 σώματος
2582 1606 2856 1677 ὁρώμενος
2904 1608 3224 1678 ὀφθαλμοῖς,
3258 1610 3598 1681 παχυτέραν,
3662 1611 3749 1664 ἴνα

2169 1692 2342 1758 οὕτως
2369 1696 2527 1763 εἴπω,
2547 1697 2646 1767 τῆς
2678 1699 3004 1768 θεογνωσίας
3028 1703 3159 1773 ἡμῖν
3183 1702 3409 1755 ἐνετίθει
3440 1702 3539 1773 τὴν
3561 1701 3750 1773 αἴσθη-

2172 1804 2276 1853 σιν,
2318 1788 2405 1841 διά
2464 1789 2759 1861 θαυμάτων
2819 1793 2915 1846 καὶ
2957 1797 3359 1867 μεγαλουργίας
3392 1797 3748 1865 ὲιπιγινωσκό⁹

496 1881 591 1934 sed
606 1881 675 1934 de
697 1881 816 1949 ipsa
843 1880 1084 1933 humano
1107 1879 1271 1933 modo
1290 1886 1343 1933 et
1370 1886 1562 1933 nostro
1587 1891 1739 1931 more
1764 1877 2062 1946 loquimur,

2172 1895 2349 1948 μενος.
2420 1856 2867 1937 Ἀποστέλλεσθαι
2905 1856 2970 1938 δὲ.
3116 1856 3264 1957 ἡμάς
3315 1856 3617 1956 φωτιοῦντα
3655 1887 3747 1942 τὸν

495 1987 618 2026 cum
664 1972 811 2026 illius
851 1971 1097 2026 veritatis
1139 1986 1407 2025 cacumen
1459 1971 1682 2040 assequi
1722 1969 1909 2039 lingua
1958 1981 2068 2022 non

495 2064 689 2133 possit.
746 2062 982 2132 Ideoque
1036 2060 1241 2117 Paulus
1281 2062 1373 2116 ille
1428 2062 1815 2132 mysteriorum
1870 2058 2067 2114 Salva-

496 2156 634 2210 toris
668 2154 1059 2224 dispensator,
1110 2169 1417 2209 sermonem
1463 2154 1681 2224 petebat
1747 2167 1777 2205 a
1845 2151 1957 2207 Deo
2000 2150 2069 2207 ad

494 2249 847 2318 aperiendum
895 2262 958 2302 os
1007 2262 1167 2301 suum
1206 2246 1274 2300 ⁸³.
1310 2244 1454 2301 Nihil
1482 2260 1613 2315 ergo
1640 2245 1882 2299 naturali
1921 2242 2064 2298 Uni-

492 2342 661 2413 geniti
697 2341 948 2411 dignitati
988 2341 1243 2396 detrahet
1284 2347 1486 2395 nostra:
1536 2339 1805 2393 orationis
1849 2338 2063 2408 inopia,

492 2431 583 2487 sed
619 2433 804 2487 omnia
842 2431 909 2485 de
944 2431 1082 2499 ipso,
1117 2446 1216 2500 pro
1244 2444 1311 2484 eo
1352 2444 1417 2483 ac
1456 2428 1625 2484 Deum
1656 2430 1835 2497 decet,
1865 2430 2065 2484 intelli-

492 2532 717 2594 gentur;
759 2538 884 2592 quae
912 2537 1042 2576 vero
1075 2537 1304 2576 necesse
1343 2529 1427 2576 est
1468 2520 1694 2591 eloqui,
1728 2535 1791 2575 ea
1824 2519 2065 2575 humano

493 2629 644 2669 more
667 2614 923 2669 dicentur
948 2653 963 2678 ,
1009 2629 1135 2670 cum
1176 2614 1246 2668 ab
1292 2614 1412 2685 ipso
1447 2624 1668 2684 propter
1701 2627 1802 2666 nos
1830 2649 1845 2675 ,
1887 2621 2002 2665 tum
2033 2625 2063 2665 a

491 2706 704 2760 sanctis
736 2705 804 2756 de
832 2706 951 2772 ipso
975 2742 989 2768 ,
1035 2718 1132 2773 pro
1159 2704 1380 2758 modulo
1413 2714 1625 2757 natura:
1651 2709 1874 2757 nostrae.
1903 2699 2065 2754 Sulli-

490 2802 678 2849 cerent
710 2795 929 2864 quidem
958 2809 1019 2849 ea
1047 2810 1168 2863 quae
1196 2795 1466 2850 hactenus
1501 2794 1744 2848 diximus
1776 2793 1843 2847 ad
1875 2807 2062 2847 rerum

489 2886 895 2954 propositarum
933 2886 1395 2956 explicationem:
1434 2886 1527 2941 sed
1568 2885 1826 2955 quoniam
1868 2884 2063 2939 decere

484 2976 764 3044 arbitror,
800 2986 859 3031 ut
902 2978 1170 3033 desidiam
1216 2979 1402 3034 vincat
1444 2979 1690 3033 calamus
1728 2976 1931 3030 divinis
1962 2974 2063 3028 do-

487 3069 686 3136 gmatis
720 3070 1060 3136 inserviens,
1100 3072 1327 3140 agedum
1369 3070 1545 3139 ipsam
1578 3068 1865 3123 lectionem
1902 3079 2064 3120 accu-

486 3161 665 3215 ratius
713 3163 1156 3231 perpendamus,
1209 3161 1485 3232 qnnmodo
1540 3159 1804 3214 nimirum
1863 3172 2132 3250 conve-C

486 3254 700 3308 nienter
737 3253 1074 3323 intelligatur
1118 3254 1185 3309 de
1229 3254 1449 3308 homine
1479 3251 1612 3307 illud
1635 3293 1652 3321 ,
1695 3270 1715 3303 ι
1748 3248 2059 3307 Venientem

484 3345 540 3400 in
571 3347 716 3401 hunc
742 3346 1027 3399 mundum.
1057 3364 1076 3398 ι
1113 3344 1167 3399 ln
1194 3345 1316 3415 ipso
1342 3347 1486 3400 enim
1506 3355 1622 3399 erat
1644 3344 1758 3409 lux,
1780 3344 1924 3399 sicut
1946 3343 2061 3412 ipse

484 3452 700 3507 quoque
736 3436 896 3492 nobis
949 3436 1059 3507 78
1093 3444 1329 3493 testatus
1357 3443 1442 3492 est
1470 3435 1806 3506 evangelista
1832 3473 1847 3498 ,
1882 3447 2060 3503 neque

489 3542 508 3575 ι
528 3526 833 3579 venientem
858 3525 914 3578 in
945 3525 1089 3579 hunc
1119 3525 1403 3588 mundum,
1428 3524 1493 3579 ad
1527 3526 1703 3580 lucem
1740 3523 2054 3588 referimus,

484 3613 579 3668 sed
618 3614 684 3666 ad
729 3613 1007 3666 hominem
1041 3614 1134 3681 qui
1171 3614 1540 3667 illuminatur.
1575 3614 1743 3666 Aiunt
1765 3628 1897 3682 ergo
1922 3627 2061 3667 non—

485 3704 659 3768 nulli,
704 3719 773 3757 ex
803 3702 967 3757 corde
994 3719 1096 3757 suo
1125 3712 1441 3759 eructantes
1482 3712 1668 3759 etnon
1706 3720 1774 3761 ex
1813 3718 1909 3759 ore
1950 3704 2059 3758 Do—

484 3793 663 3858 mini,
712 3794 877 3848 sicuti
926 3794 1199 3864 scriptum
1243 3795 1435 3859 est”,
1487 3802 1780 3865 antequam
1824 3808 2060 3864 corpora

483 3888 896 3953 conderentur,
954 3887 1013 3941 in
1063 3888 1206 3941 caelo
1253 3886 1424 3944 fuisse
1467 3889 1752 3943 hominum
1801 3888 2073 3956 animas,’

486 3978 647 4048 longo
673 3987 919 4047 tempore
952 3978 1010 4031 in
1046 3978 1372 4049 incorporea
1408 3978 1673 4034 felicitate
1701 3980 2055 4046 constitutas,

480 4077 535 4123 et
565 4084 694 4124 vero
724 4070 867 4124 bono
896 4071 1089 4140 purius
1122 4070 1369 4128 fruentes
1410 4091 1422 4128 :
1475 4072 1570 4127 sed
1604 4073 1849 4128 melioris
1893 4074 2058 4129 sortis

481 4162 732 4235 satietate
771 4176 835 4218 ac
874 4162 1169 4220 deterioris
1196 4164 1502 4235 cupiditate
1526 4206 1540 4229 ,
1589 4165 1657 4219 ad
1690 4173 2057 4237 praposteras

479 4254 841 4324 COgitatiottes
881 4265 935 4310 et
969 4255 1299 4326 cupiditates
1326 4273 1450 4313 esse
1481 4256 1754 4327 delapsas.
1800 4256 2059 4329 Indigna-

478 4348 592 4395 tum
631 4342 757 4412 jure
790 4341 1049 4413 Opiﬁeem
1070 4386 1085 4412 ,
1116 4359 1211 4400 eas
1242 4345 1461 4415 quidem
1494 4346 1547 4401 in
1586 4345 1850 4401 mundum
1880 4346 2058 4401 mitte-

476 4442 555 4494 re,
585 4438 638 4484 et
667 4433 992 4500 corporibus
1024 4433 1323 4503 implicitas
1345 4476 1360 4501 ,
1403 4443 1458 4489 et
1498 4434 1564 4488 ad
1601 4434 1885 4491 ferendum
1911 4450 2054 4491 onus

2169 1971 2372 2041 κόσμον
2401 1972 2493 2025 τὸν
2535 1974 2629 2027 τοῦ
2672 1975 2807 2028 Θεοῦ
2850 1977 3022 2045 Λόγον
3049 2019 3063 2041 ,
3130 1981 3159 2031 ό
3216 1978 3468 2048 Μελῳδδς
3508 1980 3571 2031 ού
3619 1978 3745 2032 καθ’

2167 2061 2352 2133 ἔτερόν
2380 2081 2501 2117 τινα
2532 2065 2755 2136 τρόπον,
2781 2070 2858 2131 ὥς
2882 2068 2946 2136 γέ
2973 2086 3060 2139 μοι
3090 2069 3517 2135 φαίνεται,κατά
3544 2070 3601 2124 δὲ
3621 2069 3743 2124 τοῦ·

2167 2171 2258 2217 τον
2296 2156 2455 2209 αὐτὸν
2497 2158 2814 2228 παρεκάλει.
2848 2160 3061 2233 Χρῆναι
3098 2161 3155 2214 δὲ
3188 2158 3343 2232 οἶμαι
3393 2161 3531 2233 πρὸς
3571 2161 3744 2235 τούτῳ

2168 2244 2387 2297 κάκεῖνο
2419 2244 2819 2317 διενθυμεῖσθαι
2850 2248 2941 2301 τὸν
2967 2250 3274 2321 φιλομαθῆ,
3308 2252 3390 2304 ὅτι
3416 2251 3618 2315 παντὸς
3645 2250 3745 2322 μὲι

2166 2328 2326 2402 λόγου
2351 2334 2661 2407 τομώτερος
2690 2336 2814 2401 νοῦς
2832 2377 2847 2401 ,
2878 2338 3107 2411 ὀξυτέρα
3129 2340 3185 2394 δὲ
3217 2339 3464 2413 γλώττης
3492 2343 3591 2413 τῆς
3624 2342 3740 2397 δια-

2165 2423 2311 2487 νοίας
2338 2426 2370 2494 ἡ
2404 2424 2636 2495 κίνησις.
2659 2427 2868 2481 Οὐκοῦν
2894 2429 3018 2483 ὅσον
3041 2425 3177 2503 ἦκεν
3195 2432 3275 2495 είς
3293 2431 3597 2502 λεπτότητα
3622 2430 3739 2495 νοῦ,

2164 2518 2260 2570 καὶ
2300 2516 2397 2589 τὴν
2447 2517 2624 2584 ὀξεῖαν
2669 2521 2726 2573 ὲν
2771 2520 2921 2591 αὐτῷ
2949 2522 3196 2592 κίνησιν,
3250 2523 3313 2577 τὸ
3353 2523 3595 2578 ποικίλον
3640 2524 3740 2596 τῆς

2165 2607 2315 2673 θείας
2359 2609 2579 2679 φύσεως
2622 2612 3012 2683 κατεθεώμεθα
3059 2615 3291 2679 κάλλος⁶
3365 2615 3634 2688 λαλοῦμεν
3682 2617 3741 2673 δί

2165 2700 2293 2770 περὶ
2320 2700 2485 2771 αὐτῆς
2508 2701 2998 2775 ἀνθρωπινότερον,
3024 2706 3118 2758 καὶ
3136 2706 3280 2777 λόγῳ
3306 2706 3386 2777 τῷ
3419 2707 3543 2761 καθ’
3571 2709 3739 2779 ἡμᾶς,

2162 2790 2261 2843 οὑκ
2292 2790 2523 2863 ἐχούσης
2562 2794 2662 2865 τῆς
2693 2792 2941 2865 γλώττης
2972 2797 3108 2867 πρὸς
3132 2797 3191 2851 τὸ
3219 2798 3318 2868 τῆς
3349 2797 3606 2869 ἀληθείας
3650 2801 3740 2854 ὲκ-

2161 2882 2428 2938 τείνεσθαι
2475 2884 2692 2958 μέτρον.
2751 2889 2844 2941 Διὸ
2892 2889 2956 2960 δὴ
2991 2889 3085 2943 καὶ
3114 2892 3143 2943 ό
3182 2890 3392 2955 Παῦλος
3421 2894 3450 2946 ό
3491 2893 3599 2947 τῶν
3643 2893 3738 2947 τοῦ

2163 2974 2437 3045 Σωτῆρος,
2463 2977 2773 3048 μυστηρίων
2829 2982 3065 3052 ταμίας,
3128 2983 3285 3053 λόγον
3344 2985 3543 3058 ἀπῄτει
3590 2987 3738 3060 παρά

2162 3062 2296 3116 Θεοῦ
2317 3065 2409 3118 τὸν
2427 3067 2485 3119 ὲν
2504 3066 2703 3134 ἀνοίξει
2724 3068 2818 3122 τοῦ
2838 3071 3102 3141 στόματος
3122 3073 3306 3128 αὐτοῦ.
3332 3075 3500 3129 Οὐδὲν
3514 3071 3607 3130 οὖν
3629 3076 3737 3149 ἄρα

2164 3153 2481 3227 λυμανεῖται
2512 3161 2625 3223 τοῖς
2652 3165 2901 3229 φυσικοῖς
2930 3163 3024 3217 τοῦ
3055 3166 3390 3235 Μονογενοῦς
3434 3166 3738 3238 ἀξιώμασιν

2162 3247 2195 3315 ἡ
2225 3246 2331 3301 τῶν
2360 3248 2492 3320 παρ’
2516 3252 2649 3321 ἡμῖν
2672 3252 2843 3320 λόγων
2876 3255 3035 3307 πενία
3054 3295 3069 3321 ,
3124 3256 3257 3310 ἀλλά
3278 3258 3600 3329 νοηθήσεται
3634 3258 3739 3329 μὲν

2161 3336 2479 3412 θεοπρεπῶς
2496 3342 2564 3395 τά
2585 3342 2714 3413 περὶ
2735 3343 2899 3397 αὐτοῦ
2914 3384 2929 3408 ,
2946 3344 3308 3418 λαληθήσεται
3327 3347 3385 3400 δὲ
3408 3348 3475 3401 τά
3496 3349 3625 3420 περὶ
3642 3348 3741 3420 τὴν

2160 3431 2350 3502 χρείαν
2399 3432 2912 3507 ἀνθρωπινώτερον,
2963 3438 3116 3508 παρά
3161 3456 3221 3492 τε
3258 3438 3425 3493 αὐτοῦ
3469 3439 3536 3493 δι’
3567 3442 3737 3512 ἡμᾶς,

2160 3522 2256 3575 καὶ
2285 3522 2437 3593 παρά
2462 3523 2571 3577 τῶν
2593 3525 2763 3595 ἀγίων
2786 3529 2915 3599 περὶ
2941 3529 3108 3582 αὐτοῦ
3141 3531 3283 3584 κατά
3304 3530 3364 3583 τὸ
3401 3532 3501 3601 τῆς
3523 3531 3741 3601 φύσεως

2164 3610 2383 3681 μέτρον.
2426 3606 2535 3665 Ἦν
2562 3612 2660 3683 μὲν
2692 3610 2785 3668 οῦν
2804 3655 2818 3681 ,
2848 3615 2923 3680 ὡς
2954 3616 3127 3683 ἔοικε,
3160 3620 3271 3681 τοῖς
3299 3619 3611 3689 εἰρημένοις
3636 3619 3741 3688 ἀρ-

2160 3701 2375 3756 κεῖσθαι
2414 3704 2578 3757 καλὸν
2627 3707 2707 3769 είς
2756 3707 2854 3778 τὴν
2899 3707 3007 3761 τῶν
3035 3709 3412 3779 προκειμένων
3439 3708 3737 3780 ὲξήγησιν⁶

2159 3792 2348 3865 ἐπειδὴ
2369 3793 2426 3848 δὲ
2447 3791 2600 3865 οἶμαι
2628 3799 2925 3868 προσήκειν
2954 3798 3113 3853 ὄκνου
3146 3800 3407 3870 φέρεσθαι
3451 3800 3738 3871 κρείττονα

2159 3881 2250 3935 τὸν
2273 3884 2385 3947 τοῖς
2408 3882 2572 3948 θείοις
2602 3884 2867 3955 δόγμασιν
2896 3885 3273 3957 ὑπηρετοῦντα
3306 3886 3573 3957 κάλαμον,
3603 3884 3738 3955 φέρε

2160 3972 2323 4027 πάλιν
2360 3974 2492 4028 αὐτὸ
2519 3974 2854 4047 παραθέντες
2890 3976 2951 4029 τὸ
2978 3976 3311 4047 ἀνάγνωσμα
3357 3976 3737 4048 βασανίσωμεν

2158 4061 2574 4135 ἀκριεέστερον,
2602 4066 2719 4127 πῶς
2748 4064 2816 4119 ἂν
2844 4068 3016 4121 νοοῖτο
3053 4066 3196 4121 κατά
3216 4066 3306 4121 τὸν
3343 4068 3621 4138 πρέποντα
3646 4065 3736 4120 λό-

2158 4168 2254 4222 γον
2284 4153 2378 4207 τοῦ
2404 4154 2695 4225 ἀνθρώπου
2724 4156 3220 4229 κατηγορούμενον,
3242 4159 3324 4224 τὸ,
3358 4176 3376 4210 ι
3414 4158 3738 4231 Ἐρχόμενον

2158 4247 2237 4308 είς
2264 4245 2355 4300 τὸν
2378 4248 2602 4318 κόσμον.
2653 4266 2673 4302 ι
2709 4242 2817 4302 Ἦν
2841 4248 2950 4320 γάρ
2981 4251 3039 4304 ὲν
3062 4250 3209 4320 αὐτῷ
3238 4249 3298 4303 τὸ
3320 4249 3454 4319 φῶς,
3484 4250 3736 4320 καθάπερ

2157 4334 2251 4393 οὖν
2296 4340 2391 4394 καὶ
2432 4341 2593 4404 αὐτὸς
2633 4342 2767 4411 ἡμῖν
2805 4343 2833 4395 ὁ
2879 4341 3269 4413 εύαγγελιστὴς
3310 4343 3734 4416 διεμαρτύρατο,

2158 4429 2256 4483 καὶ
2282 4431 2341 4483 ού
2366 4431 2427 4485 τὸ
2456 4433 2574 4501 φῶς
2598 4433 2678 4495 εἰς
2706 4432 2799 4485 τδν
2824 4433 3027 4504 κόσμον
3052 4433 3307 4505 ἔρχεσθαι
3335 4435 3535 4505 μᾶλλον
3552 4474 3567 4500 ,
3598 4434 3736 4489 ἀλλά

475 4529 718 4586 coactas,
748 4536 812 4577 ac
840 4525 987 4577 velut
1015 4524 1071 4578 in
1096 4526 1359 4595 spelunca
1386 4526 1625 4593 quadam
1647 4526 2051 4581 vehementium

2163 4522 2247 4575 τὸν
2296 4521 2656 4592 φωτιζόμενον
2719 4523 3004 4595 ἄνθρωπον
3072 4526 3539 4597 διεϐεϐαιούμεθα.
3597 4526 3737 4582 Φασὶ

475 4614 840 4684 cupiditatum
874 4615 1117 4670 inclusas
1152 4616 1271 4684 ipso
1303 4615 1680 4685 experimento
1708 4631 1803 4671 eas
1832 4617 2052 4682 docere,

481 4721 640 4776 quam
670 4707 927 4762 acerbum
977 4707 1050 4760 sit
1103 4707 1158 4759 in
1199 4706 1355 4776 pejus
1389 4703 1714 4770 deﬂectere,
1756 4713 1811 4762 et
1843 4715 2053 4761 rectum

480 4796 649 4849 nihili
666 4795 867 4851 facere.
918 4795 1003 4849 Ad
1051 4796 1411 4852 astruendum
1455 4810 1587 4851 vero
1616 4803 1727 4850 tam
1752 4795 2048 4851 ridiculum

478 4898 637 4938 suum
669 4894 1037 4940 commentum
1063 4925 1079 4951 ,
1128 4886 1367 4955 primum
1404 4887 1649 4941 omnium
1691 4886 1871 4941 locum
1899 4886 2049 4941 hunc

475 4976 824 5044 evangelista:
859 4977 1135 5046 arripiunt
1171 4995 1185 5032 :
1235 4994 1255 5028 ι
1286 4977 1412 5032 Erat
1440 4978 1530 5037 lux
1562 4993 1725 5046 vera,
1770 4995 1890 5049 quae
1926 4980 2049 5035 illu-

474 5066 649 5122 minat
684 5079 901 5120 omnem
944 5068 1220 5123 hominem
1258 5069 1566 5124 venientem
1605 5069 1661 5123 in
1708 5070 1856 5123 hunc
1888 5085 2050 5123 mun-

473 5157 642 5221 dum;
673 5175 693 5209 ι
726 5156 924 5213 deinde
969 5157 1073 5212 alia
1117 5160 1366 5229 quasdam
1399 5175 1467 5214 ex
1502 5159 1790 5229 Scriptura
1821 5158 2005 5212 divina
2032 5197 2048 5225 ,

473 5247 788 5319 cujusmodi
817 5257 900 5303 est
929 5249 1102 5305 illud:
1143 5268 1161 5302 ι
1196 5250 1523 5322 Priusquam
1558 5250 1903 5317 humiliarer,
1948 5265 2049 5320 ego

472 5342 677 5413 deliqui
701 5341 788 5409 ⁹¹;
848 5358 865 5394 ι
939 5357 1041 5398 nec
1105 5345 1228 5401 illos
1302 5359 1417 5401 sua:
1483 5344 1650 5415 pudet
1715 5343 2047 5415 nugacitatis

472 5442 602 5489 dum
638 5435 812 5504 aiunt,
862 5433 1005 5490 Ecce
1058 5446 1349 5508 antequam
1408 5437 1816 5501 humiliaretur,
1868 5436 1923 5492 id
1964 5444 2050 5493 est

473 5535 762 5596 antequam
796 5542 1032 5601 corpore
1066 5528 1477 5597 includeretur,
1526 5544 1585 5585 se
1630 5528 1932 5601 deliquisse
1968 5529 2049 5585 fa-

473 5621 620 5672 tetur
654 5618 836 5673 anima
862 5660 878 5688 ,
909 5629 1078 5693 atque
1110 5620 1320 5677 idcirco
1346 5622 1473 5693 jure
1509 5621 1707 5679 merito
1754 5637 1813 5679 se
1867 5622 2048 5677 humi-

2156 4613 2443 4683 τοιγαροῦν
2475 4630 2648 4679 τινες,
2688 4615 2759 4668 τά
2800 4617 2866 4668 ὲκ
2894 4616 3121 4688 καρδίας
3144 4618 3324 4673 αὐτῶν
3359 4617 3733 4690 ἐρευγόμενοι,

2156 4706 2251 4759 καὶ
2288 4706 2386 4758 οὐκ
2429 4706 2536 4759 ἀπὸ
2586 4706 2855 4777 στόματος
2886 4709 3123 4779 Κυρίου,
3180 4708 3364 4773 καθὼς
3398 4711 3734 4781 γέγραπται,

2156 4796 2237 4851 ὃτι
2284 4797 2390 4868 πρὸ
2417 4800 2514 4869 τῆς
2548 4797 2656 4852 τῶν
2706 4799 2974 4869 σωμάτων
3004 4802 3351 4873 κατασκευῆς
3380 4803 3736 4875 προϋπῆρχον

2158 4890 2258 4961 μὲν
2294 4889 2437 4943 κατὰ
2469 4890 2559 4943 τὸν
2586 4891 2810 4963 οὐρανὸν
2834 4894 2890 4946 αί
2920 4893 3030 4947 τῶν
3055 4895 3362 4967 ἀνθρώπων.
3386 4895 3582 4966 ψυχαὶ,
3630 4912 3735 4965 μα-

2156 4982 2287 5053 κρὸν
2343 4983 2401 5036 ἐν
2451 4983 2730 5057 ἀσωμάτῳ
2777 4987 3139 5060 μακαριότητι
3184 4987 3466 5059 τρίϐουσαι
3519 4986 3732 5058 χρόνον,

2154 5076 2245 5128 καὶ
2293 5074 2673 5147 καθαρώτερον
2709 5078 3079 5133 ἀπολαύουσαι
3128 5077 3222 5132 τοῦ
3268 5077 3437 5141 ὅντως
3478 5074 3686 5146 ἀγαθοῦ
3714 5092 3731 5106 ο

2153 5167 2340 5238 ἐπειδὴ
2369 5165 2424 5221 δὲ
2469 5170 2639 5234 αύτάς
2680 5172 2708 5222 ό
2748 5170 2856 5223 τῶν
2890 5170 3189 5241 ἀμεινόνων
3217 5170 3389 5241 εἰσῄει
3416 5169 3611 5241 κόρος,
3637 5169 3734 5221 καὶ

2154 5259 2290 5330 πρὸς
2323 5259 2389 5312 τά
2420 5261 2588 5333 χείρω
2614 5262 2800 5316 λοιπὸν
2832 5263 3254 5327 ἀποκλίνουσαι,
3301 5261 3437 5335 πρὸς
3467 5262 3735 5325 mem;

2152 5350 2469 5405 κατέϐαινον
2505 5353 2716 5417 ἑννοίας
2753 5371 2814 5408 τε
2848 5355 2941 5409 καὶ
2979 5354 3296 5424 ἐπιθυμίας,
3342 5354 3735 5423 ἀγανακτήσας

2150 5441 2370 5506 εἰκότως
2397 5444 2426 5495 ὁ
2454 5444 2794 5523 Δημιουργὺς
2824 5446 3144 5500 ἀποστέλλει
3178 5446 3279 5517 μὲν
3315 5443 3487 5508 αὑτάς
3528 5446 3611 5509 είς
3638 5444 3733 5498 τόν

2149 5533 2376 5605 κόσμον,
2413 5538 2527 5600 τοῖς
2559 5535 2616 5589 δὲ
2650 5537 2757 5590 ἀπὸ
2790 5537 2892 5607 γῆς
2932 5538 3185 5605 ἐνέπλεξε
3223 5536 3473 5610 σώμασιν
3501 5535 3735 5608 ἀχθοιρο⁴

2152 5626 2266 5695 ρεῖν
2296 5626 2635 5695 ἀναγκάσας,
2657 5628 2753 5681 καὶ
2777 5629 3058 5701 μονονουχὶ
3087 5626 3333 5700 σπηλαίῳ
3358 5627 3467 5683 τινὶ
3502 5627 3611 5681 τῶν
3640 5628 3733 5681 ὲκ-

536 5797 578 5829 "
624 5799 838 5857 Baruch
872 5818 970 5873 tn,
1008 5803 1100 5860 38.
1174 5804 1220 5837 ”
1258 5803 1377 5860 Col.
1413 5819 1500 5872 tv,
1533 5805 1585 5860 5.
1662 5805 1707 5841 ὀ
1744 5803 1944 5864 Jerem.
1981 5823 2148 5878 um,
2194 5808 2276 5866 l6.
2356 5805 2400 5840 ⁹⁸
2438 5803 2581 5861 Psal.
2617 5819 2821 5873 cm".
2864 5806 2954 5861 67.
