4092 6274
361 330 463 388 l3?)
1425 339 1492 395 IN
1524 341 1807 401 JOANNIS
1844 345 1892 401 Ε

1995 346 2293 408 NGELIL‘M
2334 352 2462 408 LIB.
2506 353 2546 411 1.
3501 366 3604 423 134

355 448 537 503 τόπων
585 448 1013 516 ἐγκατακλείσας
1050 450 1281 521 ήδονῶν,
1335 455 1613 512 παιδεύειν
1668 459 1837 523 αὑτὰς
1876 461 1892 513 ἐ

1995 491 2009 525 ι
2036 464 2224 519 liatam
2257 468 2419 533 esse,
2454 469 2646 525 mortis
2676 478 2730 526 et
2761 470 3134 541 corruptionis
3167 474 3403 533 vinculis
3429 477 3606 551 illiga-

358 539 529 610 αὐτῆς
564 539 858 610 ἐδοκίμασε
902 542 999 611 τῆς
1035 543 1269 615 πείρας,
1309 548 1507 619 πικρόν
1547 551 1693 615 ὅπως
1732 552 1850 606 ἐστὶ
1874 570 1892 606 σι

2036 563 2145 608 tam
2169 594 2185 618 ,
2227 558 2688 625 quemadmodum
2741 539 2947 618 Paulus
3003 563 3120 633 ipse
3148 580 3368 636 quoque
3403 539 3604 641 corpus

356 631 452 683 ἐπὶ
488 632 559 686 τὰ
600 633 766 703 χείρω
811 633 1107 703 φέρεσθαι,
1153 637 1248 689 καὶ
1301 640 1570 695 ποιεῖσθαι
1618 642 1774 709 λόγον
1825 643 1892 697 τιῖ

2031 645 2282 699 nominat
2327 646 2565 702 dicens:
2625 668 2644 701 ι
2679 650 2814 716 Quis
2853 667 2940 706 me
2967 631 3223 710 liberabit
3265 631 3333 713 de
3375 631 3605 731 corpore

353 721 577 787 ἀγαθῶν
625 724 836 778 οὐδένα.
889 725 1219 795 Ἀρπάζουσι
1269 730 1325 782 δὲ
1383 733 1466 795 είς
1523 733 1796 799 ἀπόδειξιν
1833 734 1892 806 τὴ

2031 738 2225 792 mortis
2246 738 2409 807 hujus
2442 740 2528 793 "‘2
2551 759 2569 791 ι
2602 741 2759 806 Quod
2789 744 2836 798 si
2869 744 3050 800 anima
3082 758 3291 816 peccat,
3320 750 3597 821 inquiunt,

353 811 498 866 οὕτω
532 814 876 888 γελοιοτάτης
926 818 1138 872 ἑαυτῶν
1177 820 1525 890 μυθολογίας,
1566 825 1662 876 καὶ
1698 824 1827 877 αὐτὸ
1864 825 1892 878 δ

2029 834 2326 899 antequam
2378 830 2736 897 humilietur,
2795 842 2849 890 et
2894 836 3042 891 venit
3093 837 3149 892 in
3193 840 3477 904 mundum,
3505 856 3601 912 pa-

356 903 567 974 πρῶτον
613 905 673 958 τὸ
706 905 800 959 νῦν
835 909 894 961 ὲν
933 910 1150 981 χερσίν·
1198 930 1216 963 ι
1250 907 1357 965 Ἦν
1395 913 1454 967 τὸ
1493 913 1609 983 φῶς
1645 914 1706 967 τὸ
1740 915 1892 986 ἀληθι

2033 927 2104 975 tet
2150 921 2297 990 quod
2336 924 2494 992 prius
2538 926 2805 992 exsistat;
2858 929 3132 996 quomodo
3176 931 3347 994 enim,
3391 903 3597 1000 quaeso,

352 996 440 1048 νὸν
462 1035 476 1060 ,
533 996 561 1048 ὃ
598 996 820 1066 φωτίζει
866 1000 1042 1054 πάντα
1075 1000 1361 1071 ἄνθρωπον
1402 1006 1696 1076 ἐρχόμενον
1726 1009 1805 1072 είς
1833 1008 1892 1061 τὸ

2026 1020 2275 1079 peccaret
2313 1013 2365 1067 id
2397 1015 2542 1083 quod
2570 1019 2813 1070 nondum
2844 1019 3097 1074 exsistit?
3125 1019 3289 1076 Venit
3322 996 3504 1077 autem
3543 1024 3598 1077 in

350 1084 549 1154 κόσμον
573 1101 586 1112 ·
619 1104 639 1138 ι
698 1086 837 1157 πρὸς
879 1087 935 1140 δέ
977 1105 1041 1155 γε
1079 1089 1283 1161 τούτῳ.
1333 1094 1426 1146 καὶ
1463 1094 1627 1166 ἕτερά
1667 1113 1787 1150 τινα
1814 1097 1892 1150 τῶ

2025 1103 2310 1169 mundum,
2346 1105 2442 1159 sed
2470 1108 2743 1175 aliquibus
2772 1124 2837 1163 ex
2878 1110 3016 1164 locis
3046 1112 3296 1166 videlicet
3326 1112 3596 1182 profecta.

345 1174 453 1227 ἀπὸ
477 1176 573 1244 τῆς
594 1175 745 1239 θείας
785 1178 1008 1248 Γραφῆς
1029 1219 1042 1241 ,
1102 1173 1213 1233 οἷον
1260 1181 1350 1245 τὸ,
1395 1201 1413 1233 ι
1445 1184 1556 1254 Πρὸ
1590 1185 1684 1237 τοῦ
1726 1202 1795 1256 με
1830 1204 1892 1238 τα

2023 1188 2339 1248 istiusmodi
2384 1209 2560 1266 nugas
2596 1198 2864 1255 adversus
2900 1199 3158 1263 Ecclesia:
3203 1203 3458 1273 dogmata
3486 1243 3501 1271 ,
3543 1211 3597 1260 et

347 1266 706 1336 πεινωθῆναι,
754 1269 864 1337 ἐγὼ
915 1270 1341 1344 ἐπλημμέλησα·
1375 1293 1394 1326 ι
1431 1278 1525 1328 καὶ
1555 1276 1619 1347 δὴ
1658 1280 1751 1331 καί
1790 1296 1920 1348 φασι

344 1357 680 1429 παραληρεῖν
725 1360 822 1412 οὐκ
862 1361 1202 1432 αἰδούμενον
1260 1365 1389 1420 Ἰδοὺ
1429 1368 1536 1438 πρὸ
1581 1368 1682 1437 τῆς
1728 1387 1918 1423 ταπει-

342 1446 583 1513 νώσεως,
630 1448 773 1504 τοῦτ’
811 1450 927 1505 ἔστι
1014 1456 1112 1523 τῆς
1165 1456 1605 1526 ὲνσωματὼσεως
1667 1461 1920 1532 πεπλημ-

2021 1285 2465 1344 vanas'fabulas
2508 1290 2909 1360 simpliciorum
2966 1296 3198 1350 auribus
3243 1298 3593 1367 ingerentes.

2016 1374 2142 1443 jure
2173 1378 2397 1433 audient
2427 1395 2439 1431 :
2487 1399 2507 1432 ι
2546 1379 2638 1437 Va:
2673 1384 2763 1453 qui
2799 1386 3129 1455 prophetant
3162 1388 3229 1442 de
3257 1388 3421 1442 corde
3454 1403 3591 1452 suo,

2006 1457 2074 1523 ἐι
2102 1486 2328 1539 prorsus
2368 1489 2476 1528 non
2510 1476 2696 1531 vident
2723 1476 2788 1531 “.
2829 1496 2849 1529 ι
2920 1477 3173 1535 Visiones
3216 1482 3361 1534 enim
3406 1496 3593 1537 revera

346 1537 643 1609 μεληκέναι
662 1543 828 1611 φησὶν
859 1545 892 1613 ή
923 1543 1090 1615 ψυχὴ,
1115 1546 1201 1601 διά
1220 1564 1278 1600 τε
1301 1548 1459 1602 τοῦτο
1488 1553 1892 1606 τεταπεινῶσθαι

2019 1569 2071 1614 et
2100 1537 2475 1620 divinationes
2505 1604 2520 1629 ,
2571 1581 2635 1620 ac
2664 1569 2976 1637 prophetias
3015 1572 3202 1628 cordis
3227 1573 3312 1628 sui
3352 1570 3592 1642 Spiritus

341 1628 565 1693 δικαίως
590 1631 893 1686 ὲνδεθεῖσαν
921 1633 1157 1705 θανάτῳ,
1188 1639 1282 1690 καὶ
1321 1638 1515 1709 φθορᾷ,
1553 1641 1803 1713 καθάπερ
1828 1639 1886 1696 οὗ

2018 1652 2368 1707 sermonibus
2399 1666 2738 1723 opponentes
2768 1699 2781 1721 ,
2825 1675 2933 1714 non
2965 1664 3210 1717 sentiunt
3239 1673 3500 1732 quantam
3535 1665 3591 1720 in

344 1719 439 1770 xui.
463 1720 492 1771 ὁ
518 1716 730 1785 Παῦλος
763 1721 934 1787 οὕτως
968 1725 1224 1796 ὀνομάζει
1256 1727 1317 1781 τὸ
1340 1729 1520 1798 σῶμα,
1550 1730 1722 1800 λέγων
1744 1747 1757 1760 '
1783 1753 1799 1782 ι
1823 1733 1892 1784 Τί

2018 1742 2406 1797 absurditatem
2568 1716 2799 1800 consilia
2837 1758 3129 1819 properent
3155 1792 3169 1813 ,
3201 1716 3491 1808 Psalmista
3522 1753 3590 1808 ad

347 1826 417 1879 με
458 1810 680 1881 ῥύσεται
731 1814 795 1867 ὲκ
822 1814 913 1867 τοῦ
955 1815 1205 1886 σώματος
1230 1820 1323 1872 τοῦ
1359 1821 1592 1877 θανάτου
1640 1824 1824 1879 τούτου
1849 1842 1892 1890 ;:

2017 1830 2180 1884 Deum
2203 1833 2417 1889 dicente
2443 1853 2456 1889 :
2478 1853 2496 1885 ι
2516 1834 2598 1890 Τιι
2626 1810 2890 1894 terribilis
2906 1810 2985 1906 es,
3008 1850 3061 1896 et
3084 1843 3209 1912 quis
3227 1845 3443 1899 resistet
3468 1844 3586 1913 tibi,

347 1899 410 1952 El
459 1900 519 1953 δὲ
557 1902 897 1973 πλημμελεῖ,
940 1908 1138 1978 φησὶν,
1190 1909 1295 1981 πρὸ
1324 1911 1420 1982 τῆς
1466 1915 1844 1980 ταπεινώσεως
1879 1919 1892 1969 ι

2012 1938 2078 1975 ex
2111 1929 2239 1978 tunc
2269 1924 2346 1977 ira
2372 1934 2462 1979 tua
2484 1928 2531 1958 ³⁸
2551 1928 2574 1980 ?
2594 1946 2611 1978 ›
2643 1929 2795 1994 Quod
2826 1939 3007 1986 autem
3040 1899 3491 1990 absurdissimum
3518 1938 3589 1993 sit

342 1988 511 2062 ψυχὴ,
541 1994 633 2046 καὶ
670 1993 885 2064 ἔρχεται
913 2000 991 2060 είς
1024 1998 1113 2051 τὸν
1138 1998 1359 2069 κόσμον,
1387 2001 1463 2066 ὡς
1488 2008 1892 2076 προϋπάρχουσι

2014 2023 2204 2081 putare
2229 2015 2466 2070 animam
2491 2026 2616 2073 ante
2646 2034 2847 2087 corpus
2880 2024 3143 2078 exsistere
3163 2064 3176 2085 .
3203 2035 3257 2080 et
3284 2026 3354 2080 ob
3388 2041 3589 2097 praece-

339 2081 578 2151 δηλονότι
599 2101 614 2116 ⁸
662 2085 779 2148 πῶς
814 2088 922 2157 γὰρ
961 2088 1099 2152 ὅλως
1127 2091 1360 2161 ἁμάρτοι
1394 2093 1455 2144 τὸ
1491 2095 1657 2163 μήπω
1686 2097 1888 2168 ύφεστη

2013 2103 2193 2159 dentia
2217 2103 2325 2174 79
2343 2115 2566 2173 peccata
2597 2110 2651 2162 in
2672 2081 2887 2165 terrena
2911 2128 3142 2183 corpora
3161 2116 3332 2185 ipsam
3350 2081 3585 2181 demitti,

337 2172 471 2241 κός;
505 2174 762 2246 Ἔρχεται
787 2178 844 2229 δὲ
880 2181 961 2242 είς
997 2180 1088 2234 τὸν
1118 2176 1320 2251 κόσμον
1343 2183 1453 2235 ἀπό
1480 2201 1638 2237 τινων
1672 2186 1887 2259 δηλονότ

2010 2205 2077 2246 ex
2111 2194 2424 2263 subjunuis
2449 2204 2789 2269 argumentis
2817 2213 3079 2273 quantum
3112 2208 3167 2261 in
3199 2209 3354 2264 nobis
3382 2217 3466 2264 est
3493 2208 3586 2265 de-

332 2263 514 2319 τόπων
552 2268 865 2340 κινουμένη.
894 2270 1133 2326 Τοιαῦτά
1166 2289 1287 2326 τινα
1312 2273 1422 2326 τῶν
1452 2274 1553 2344 τῆς
1585 2274 1892 2349 Ἐκκλησίας

2013 2293 2322 2341 monstrare
2351 2291 2694 2358 conabimur,
2720 2294 2960 2352 scientes
2989 2297 3133 2367 quod
3165 2299 3432 2367 scriptum
3457 2308 3540 2355 est
3565 2319 3581 2356 :

332 2357 893 2430 καταρραψῳδοῦντες
933 2362 1250 2434 δογμάτων,
1315 2365 1407 2419 καὶ
1457 2365 1648 2432 ὕθλους
1685 2371 1892 2423 εἰκαίωι

2018 2389 2036 2422 ι
2066 2371 2140 2426 Da
2182 2377 2414 2445 sapienti
2446 2385 2787 2439 occasionem
2829 2394 2883 2440 et
2908 2389 3207 2458 sapientior
3237 2393 3375 2458 erit,
3406 2392 3584 2446 mani-

329 2445 687 2519 διηγημάτων
720 2455 840 2514 ταῖς
893 2452 1001 2505 τῶν
1046 2453 1428 2526 ἁπλουστέρων
1482 2456 1892 2530 ἐπισωρεύοντες

2029 2459 2163 2515 l‘esta
2186 2463 2336 2532 justo
2365 2475 2419 2522 et
2453 2469 2676 2540 insuper
2708 2474 2943 2545 accipiet
2972 2445 3038 2528 ἶδ.
3076 2496 3095 2529 ι

331 2539 542 2607 ἀκοαῖς,
568 2543 791 2608 δικαίως
828 2545 1148 2601 ἀκούσονται
1172 2564 1186 2578 θ
1232 2566 1249 2600 ι
1286 2550 1422 2602 Οὐαὶ
1453 2553 1567 2614 τοῖς
1594 2552 2027 2624 προφητεύουσιν
2064 2556 2171 2610 ἀπὸ
2207 2560 2434 2627 καρδίας
2464 2539 2644 2617 αὐτῶν
2669 2606 2685 2633 ,
2737 2539 2849 2621 καὶ.
2896 2567 2959 2622 τὸ
3019 2570 3247 2626 καθόλου
3324 2573 3400 2647 μὴ
3461 2574 3581 2644 βλέ-

330 2648 543 2690 πουσιν.
578 2652 600 2686 ι
651 2636 898 2706 Ὀράσεις
930 2636 1036 2707 γὰρ
1060 2637 1261 2703 ὅντως,
1291 2640 1382 2692 καὶ
1409 2642 1766 2712 οίωνίσματα,
1808 2645 1901 2698 καὶ
1942 2649 2280 2717 προφητείας
2328 2653 2551 2724 καρδίας
2590 2657 2768 2710 αὐτῶν
2798 2662 2912 2722 τοῖς
2953 2660 3040 2717 διὰ
3100 2662 3192 2716 τοῦ
3264 2636 3582 2738 Πνεύματος

329 2727 785 2799 ἀντιπαραθέντες
851 2728 1058 2796 λόγοις,
1139 2730 1239 2783 οὐκ
1277 2731 1634 2828 αἰσθάνονται
1661 2735 1796 2806 πρὸς
1839 2736 1970 2809 ὅσην
2007 2741 2193 2804 αὐτοῖς
2225 2744 2457 2798 ἀτοπίαν
2502 2746 2792 2819 δραμεῖται
2833 2754 2893 2805 τὸ
2925 2755 3257 2828 ἐπιχείρημα
3280 2798 3296 2822 ,
3332 2727 3581 2828 λέγοντος

328 2816 423 2870 τοῦ
460 2815 762 2888 ιΙναλμῳδοιῖι
799 2818 933 2888 πρὸς
967 2817 1117 2871 Θεόν·
1152 2837 1172 2870 ι
1204 2819 1277 2871 Σὺ
1318 2820 1546 2890 φοϐερὸς
1585 2816 1656 2887 εἶ,
1696 2823 1789 2876 καὶ
1822 2824 1905 2889 τίς
1942 2827 2323 2901 ἀντιστήσεται
2359 2850 2440 2886 σοι
2491 2815 2622 2889 ἀπὸ-
2646 2839 2742 2910 τῆς
2772 2841 2942 2911 ὀργῆς
2980 2815 3119 2912 6;”;
3150 2815 3294 2903 Jb?"
3332 2815 3415 2904 δὲ·
3459 2815 3579 2907 λίαᾷ

330 2911 477 2965 ἐστὶν
507 2912 855 2967 ἀτοπώτατον
905 2912 1177 2984 ὑπάρχειν.
1201 2914 1300 2983 μὲν
1341 2915 1545 2968 οἴεσθαι
1612 2915 1706 2988 τὴν
1772 2918 1969 2991 ψυχὴν,
2011 2924 2076 2976 ὲκ
2115 2928 2559 3001 προγενεστέρων
2600 2930 2656 2984 δὲ
2692 2911 3101 3005 ἁμαρτημάτων
3138 2940 3219 3002 είς
3266 2940 3335 2994 τὰ
3389 2944 3454 2997 ἐκ
3478 2945 3580 3016 γῆς

330 3006 779 3078 καταπέμπεσθαι
806 3006 1032 3079 σώματα
1077 3008 1317 3079 νομίζειν
1355 3011 1514 3064 αὐτὸν
1541 3011 1663 3084 [ἵσ.
1694 3015 1861 3086 αὐτὴν
1884 3015 1916 3087 |,
1957 3018 2047 3073 διά
2081 3021 2190 3075 τῶν
2236 3023 2657 3096 ὑπεζευγμένων
2707 3029 2925 3086 ἐννοιῶν
2988 3034 3127 3087 κατά
3201 3035 3261 3089 τὸ
3303 3006 3578 3111 ὲγχωρδύν

330 3108 463 3179 ἡμῖν
506 3104 779 3168 ἀποδεῖξαι
814 3105 1223 3176 πειρασόμεθα,
1265 3107 1326 3160 τὸ
1353 3110 1738 3181 γεγραμμένον
1758 3112 1995 3179 ειδότεςο
2041 3135 2062 3169 ι
2108 3119 2264 3175 Δίδου
2313 3123 2463 3194 σορῷ
2531 3125 2787 3197 ἀςορμὴν
2819 3169 2834 3195 ,
2890 3132 2985 3183 καὶ
3039 3104 3575 3217 ειοιριιίιαιςεροςν..ἔειπε-αι⁹

329 3196 565 3268 γνὼριζε
592 3195 799 3266 δικαίῳ,
823 3197 916 3250 καὶ
953 3197 1365 3270 προσθήσειτοῦ
1400 3200 1666 3270 δέχεσθαι.
1697 3220 1717 3253 ι

333 3310 600 3398 "Ervom:
641 3311 769 3398 ἦτοι
816 3311 1153 3398 θεωρήματα
1202 3313 1512 3395 σχήματος
1561 3320 1892 3386 συμπεπλε-

2009 3314 2298 3396 Ratr’ones,
2359 3320 2464 3373 sive
2519 3321 2898 3389 propositiones
2949 3340 3014 3378 ea:
3072 3328 3391 3398 syllogismis
3448 3350 3574 3391 con-

398 3382 618 3453 τμένου
640 3382 742 3438 καὶ
762 3384 1252 3454 συλλογιστικοῦ.

394 3522 465 3571 α’.
489 3513 552 3569 Ei
574 3516 678 3587 τῆς
699 3516 807 3570 τῶν
834 3518 1100 3587 σωμάτων
1137 3525 1478 3594 κατασκευῆς
1505 3525 1536 3596 ή
1559 3523 1653 3579 τοῦ
1681 3526 1890 3599 ἀνθρὼ-

323 3624 423 3660 -που
464 3609 868 3678 προῦφεστήκει
918 3609 1083 3681 ψυχὴ,
1136 3612 1471 3669 ἀποκλίνασα
1517 3616 1574 3670 δὲ
1645 3618 1781 3688 πρὸς
1834 3618 1894 3672 τὸ

322 3696 541 3766 φαῦλον,
585 3700 727 3771 κατά
768 3700 868 3763 τάς
887 3718 1048 3754 τινων
1089 3702 1364 3767 ὑπονοίας,
1395 3706 1615 3761 κόλασιν
1654 3708 1765 3779 ἔχει
1797 3708 1892 3763 τοῦ

322 3789 785 3862 πλημμελήματας
824 3791 922 3864 τὴν
958 3793 1038 3858 εἰς
1079 3795 1260 3865 σάρκα
1299 3796 1543 3863 κάθοδον,
1587 3799 1728 3864 πῶς,
1771 3801 1891 3854 εἰπέ

321 3897 431 3950 μοι,
454 3882 779 3950 φωτίζεσθαί
800 3901 962 3954 φησιν
982 3887 1279 3958 ἐρχομένην
1296 3889 1463 3960 αὐτὴν
1487 3891 1563 3953 είς
1579 3891 1669 3944 τὸν
1690 3893 1892 3964 κόσμον

315 3972 346 4025 ὁ
370 3972 794 4045 εὐαγγελιστής;
824 3976 969 4046 Τιμὴ
998 3976 1129 4048 γὰρ,
1170 3973 1343 4049 οἶμαι,
1383 3980 1443 4034 τὸ
1478 3983 1709 4054 πρᾶγμά
1752 3986 1888 4048 ἐστι,

317 4065 410 4118 καὶ
438 4067 789 4137 χαρισμάτων
842 4068 1126 4140 προσθήκη
1174 4070 1464 4143 λαμπρῶν·
1503 4072 1793 4138 κολάζεται
1835 4076 1891 4129 δέ

314 4172 401 4219 τις
430 4156 489 4208 οὐ
544 4156 872 4227 τιμώμενος,
917 4160 1036 4212 οὐδὲ
1084 4164 1403 4234 τιμωρεῖται
1459 4165 1682 4237 μέτοχος
1732 4167 1891 4221 θείων

314 4246 770 4329 ἀναδεικνύμενος
796 4249 1036 4318 ἀγαθῶν,
1083 4253 1220 4307 ἀλλὰ
1244 4258 1356 4319 τοῖς
1384 4254 1442 4320 ἐξ
1468 4258 1637 4328 ὀργῆς
1673 4258 1772 4329 τῆς
1796 4260 1890 4313 τοῦ

315 4336 637 4400 κολάζοντος
673 4326 893 4408 ὁμιλῶν.
939 4342 1153 4415 Ἐπειδὴ
1190 4344 1246 4397 δὲ
1268 4346 1367 4400 οὐκ
1399 4348 1456 4401 ὲν
1487 4326 1699 4412 τούτοις
1728 4326 1889 4420 £916—

319 4442 481 4496 μενος
512 4429 587 4489 είς
613 4427 702 4480 τὸν
735 4429 935 4500 κόσμον
964 4433 993 4484 ὁ
1018 4433 1325 4505 ἄνθρωπος,
1359 4438 1571 4493 ἀλλ”ὲκ
1597 4440 1704 4493 τῶν
1732 4442 1888 4495 ἐναν-

311 4517 447 4570 τίων
503 4518 818 4586 φωτίζεται,
870 4522 1132 4592 πρόδηλον
1171 4526 1234 4597 δή
1293 4545 1396 4581 που
1446 4530 1653 4594 λοιπὸν,
1700 4534 1890 4603 ὅτιπερ

311 4611 373 4662 ού
404 4609 623 4664 κόλασιν
649 4610 762 4682 ἔχει
793 4612 892 4684 τὴν
929 4614 1205 4686 σάρκωσιν
1232 4620 1260 4671 ό
1311 4620 1449 4689 μετά
1496 4623 1697 4694 σαρκὸς
1724 4622 1888 4695 τιμὼ-

316 4720 494 4772 μενος.

387 4833 450 4903 β’.
490 4835 692 4889 ΑΛΛΟ.
735 4837 800 4890 Εί
846 4838 951 4910 πρὸ
979 4838 1076 4893 τοῦ
1109 4839 1358 4910 σώματος
1397 4844 1431 4914 ἡ
1459 4842 1604 4915 ψυχὴ
1631 4844 1754 4910 νοῦς
1784 4841 1886 4917 ἦν,

311 4923 395 4976 ἔτι
432 4926 664 4997 καθαρὸς
687 4930 746 4982 ἐν
786 4931 1150 5003 μακαριότητι
1182 4933 1470 5001 διατελῶν,
1510 4937 1806 5001 ἀποκλίνας
1831 4938 1888 4992 δὲ

313 5013 450 5083 πρὸς
476 5016 535 5068 τὸ
565 5018 759 5084 φαῦλον
806 5020 1011 5091 ὑπέϐη,
1053 5022 1145 5075 καὶ
1174 5023 1261 5077 διὰ
1304 5024 1461 5077 τοῦτο
1499 5027 1556 5080 ὲν
1596 5030 1759 5101 σαρκὶ
1791 5028 1887 5096 γέο

311 5121 462 5172 γονε,
509 5108 624 5169 πῶς
683 5112 970 5182 ἐρχόμενος
1025 5117 1106 5177 είς
1162 5116 1253 5169 τὸν
1298 5117 1499 5188 κόσμον
1552 5121 1878 5189 φωτίζεταις

328 5195 564 5264 Ἀνάγκη
594 5198 701 5268 γὰρ
727 5189 907 5268 λέγειν
947 5204 1152 5276 ἔρημον
1179 5203 1316 5262 εἶναι
1342 5212 1519 5279 φωτὸς
1549 5213 1675 5282 πρὶν
1704 5213 1880 5267 ἐλθεῖν

309 5284 493 5339 αὐτόν·
528 5288 577 5339 εί
612 5287 667 5341 δὲ
703 5290 888 5354 τοῦτο,
930 5295 1044 5359 πῶς
1065 5293 1132 5368 ἦν
1154 5299 1232 5353 ἔτι
1272 5299 1397 5363 νοῦς
1420 5302 1660 5372 καθαρὸς
1698 5304 1726 5355 ό
1757 5305 1880 5357 τότε

313 5374 466 5443 μόλις
507 5376 645 5448 ἔχων
673 5379 766 5433 τοῦ
795 5383 1119 5449 φωτίζεσθαι
1153 5388 1252 5459 τὴν
1306 5391 1499 5462 ἀρχὴν,
1539 5391 1627 5446 ὅτε
1673 5393 1767 5448 καὶ
1798 5393 1880 5457 είς

310 5463 401 5517 τὸν
430 5467 631 5539 κόσμον
663 5470 909 5543 ἔρχεται,
936 5476 1028 5528 καὶ
1058 5478 1117 5530 οὐ
1138 5478 1258 5549 δίχα
1292 5481 1525 5552 σαρκός;

2070 3387 2237 3462 nexis.

2069 3521 2121 3575 1.
2157 3519 2211 3576 Si
2239 3521 2421 3577 anima
2446 3522 2685 3581 hominis
2718 3536 2844 3582 ante
2875 3528 3285 3590 fabricationem
3330 3540 3575 3609 corporis

1996 3613 2323 3679 exsistebat,
2359 3616 2454 3670 sed
2503 3618 2559 3670 in
2590 3618 2782 3673 vitium
2831 3621 3076 3693 delapsa,
3133 3635 3191 3680 ut
3220 3630 3442 3698 quidam
3476 3648 3571 3689 su-

1996 3705 2303 3775 spicantur,
2332 3723 2511 3786 poena:
2539 3710 2661 3765 loco
2684 3711 2741 3766 in
2772 3727 2972 3785 corpus
3014 3717 3239 3775 detrusa
3265 3729 3353 3778 est
3387 3745 3398 3778 :
3436 3742 3573 3796 quo-

1994 3799 2177 3865 modo,
2207 3816 2416 3871 quaeso,
2443 3805 2775 3873 evangelista
2803 3806 2976 3876 ipsam
3010 3810 3067 3864 in
3108 3812 3252 3867 hunc
3305 3818 3570 3873 mundum

1994 3893 2305 3947 venientem
2341 3894 2637 3949 illuminari
2678 3897 2847 3951 dicit?
2874 3898 3059 3955 Honor
3096 3904 3239 3958 enim
3281 3905 3427 3961 istud
3460 3916 3568 3969 est.

1996 3989 2050 4037 et
2080 3983 2377 4038 illustrium
2406 3987 2708 4054 gratiarum
2740 3990 3013 4046 accessio.
3041 3992 3146 4048 Sed
3190 4010 3351 4051 nemo
3381 3999 3571 4066 plecti-

1993 4079 2086 4127 tur
2113 4074 2242 4128 dum
2274 4075 2597 4143 honoratur,
2624 4095 2797 4149 neque
2831 4083 3056 4151 punitur
3099 4100 3222 4139 cum
3257 4087 3565 4143 divinorum

1993 4163 2261 4219 bonorum
2297 4165 2354 4220 ﬁt
2376 4170 2668 4239 particeps,
2702 4170 2797 4223 sed
2851 4187 2974 4225 cum
3031 4172 3086 4227 in
3113 4176 3389 4242 punientis
3430 4177 3566 4230 iram

1994 4253 2245 4309 incurrit.
2271 4256 2409 4311 Cum
2442 4269 2623 4313 autem
2669 4259 2832 4313 homo
2871 4260 3097 4316 veniens
3128 4263 3182 4316 in
3227 4265 3374 4319 hunc
3403 4280 3565 4321 muno

1992 4345 2121 4399 dum
2151 4346 2378 4402 minime
2419 4349 2699 4418 puniatur,
2726 4350 2821 4404 sed
2857 4357 3049 4404 contra
3078 4354 3262 4421 potius
3295 4357 3567 4411 illumine-

1994 4440 2100 4498 tur,
2134 4444 2283 4504 patet
2331 4436 2517 4506 utique
2547 4452 2723 4508 poenae
2765 4439 2886 4493 loco
2926 4440 2975 4493 ei
3019 4456 3127 4496 non
3159 4457 3282 4499 esse
3308 4460 3566 4516 corpora-
3680 4472 3687 4477 ε

1992 4523 2217 4591 tionem,
2244 4527 2338 4596 qui
2372 4528 2423 4582 in
2457 4542 2628 4584 carne
2661 4529 2985 4584 honoratur.

2055 4836 2110 4891 2.
2129 4834 2359 4891 ALIUD.
2390 4836 2447 4891 Si
2483 4843 2607 4892 ante
2636 4851 2837 4907 corpus
2869 4837 3048 4891 anima
3074 4852 3229 4894 mens
3254 4848 3371 4895 erat
3402 4854 3563 4911 pura,

1989 4929 2043 4983 in
2080 4927 2341 4982 felicitate
2370 4929 2595 4995 degens,
2636 4928 2730 4981 sed
2765 4930 3127 4984 conversione
3152 4931 3207 4985 in
3243 4931 3431 4987 vitium
3462 4932 3562 4987 de-

1986 5020 2139 5090 lapsa
2185 5026 2292 5083 est,
2334 5026 2497 5088 atque
2548 5019 2756 5074 idcirco
2813 5020 3016 5075 innexa
3070 5032 3155 5076 est
3218 5024 3391 5086 carni,
3427 5038 3565 5091 quo-

1989 5111 2152 5165 modo
2185 5110 2411 5166 veniens
2444 5110 2499 5164 in
2544 5110 2689 5164 hunc
2740 5111 3003 5165 mundum
3048 5111 3426 5167 illuminatur?
3461 5111 3565 5166 Ne-

1989 5204 2230 5261 cessario
2258 5204 2404 5258 enim
2439 5202 2727 5257 dicendum
2761 5212 2843 5257 est
2872 5203 3047 5272 ipsam
3093 5204 3232 5258 lucis
3286 5208 3561 5271 expertem

1989 5308 2110 5349 esse
2154 5301 2447 5362 antequam
2484 5294 2683 5348 veniat.
2718 5291 2874 5357 Quod
2923 5292 2970 5347 si
3017 5292 3095 5346 ita
3145 5299 3247 5357 est,
3285 5290 3562 5361 quomodo

1989 5400 2123 5454 pura
2166 5399 2320 5438 mens
2368 5392 2509 5448 erat,
2541 5398 2662 5452 qua:
2692 5383 2779 5436 vix
2817 5393 2934 5436 tum
2971 5381 3210 5452 primum
3257 5377 3560 5432 illuminari

1986 5476 2182 5546 incipit
2211 5491 2337 5531 cum
2367 5476 2517 5531 venit
2558 5475 2614 5529 in
2662 5474 2951 5540 mundum,
2999 5473 3163 5542 idque
3207 5481 3318 5522 non
3347 5465 3562 5536 absque

1986 5567 2191 5623 carne?

374 5746 419 5779 "
463 5743 617 5804 Rom.
647 5766 761 5820 vu,
794 5752 883 5811 24.
967 5757 1013 5790 ⁹³
1050 5754 1254 5815 Jcrem.
1297 5776 1430 5816 χχιιι
1458 5803 1471 5830 ,
1514 5763 1597 5818 l6.
1676 5766 1717 5799 ⁸³
1752 5764 1892 5821 Psal.

1995 5781 2102 5833 ng,
2137 5765 2187 5820 8.
2266 5767 2309 5797 ⁹⁸
2349 5763 2514 5818 Prov.
2549 5779 2599 5816 Ix
2626 5801 2639 5825 ,
2673 5761 2724 5813 9.
