4092 6274
537 365 644 424 135

1529 369 1588 428 S.
1629 368 1908 428 CYRILLI
1960 368 2431 426 ALEXANDRINI
2472 367 2791 424 ARCHIEP.

3677 349 3786 406 1⁸56

605 489 661 544 5.
703 485 936 544 ALIUD.
971 487 1031 544 Si
1062 495 1190 545 ante
1235 503 1438 560 corpus
1462 491 1642 546 anima
1671 491 1909 548 hominis
1943 491 2115 548 exsti-

2285 499 2357 561 γ’.
2397 490 2602 545 ΔΛΛΟ.
2643 489 2704 542 Ei
2755 485 3157 558 προῦφεστήκει
3203 483 3298 540 τοῦ
3339 483 3591 556 σώματος
3623 490 3656 560 ὴ
3689 492 3786 545 τοῦ

537 579 626 644 tit,
667 586 723 635 et
753 579 982 650 proinde
1014 595 1169 636 mens
1198 597 1337 652 pura
1376 591 1495 636 erat
1521 582 1789 638 bonorum
1821 583 2112 654 cupiditati

538 670 765 740 propius
813 671 1130 741 conjuncta,
1166 673 1260 727 sed
1292 672 1652 727 conversione
1681 673 1735 726 in
1765 673 1954 727 vitium
2005 679 2114 726 ter-

541 774 676 814 reno
725 764 944 832 corpori
987 762 1231 832 impacta
1260 770 1368 828 est,
1398 769 1452 817 et
1489 763 1544 816 in
1580 777 1646 817 eo
1681 763 1954 818 exsistens
1987 775 2114 831 pec-

540 864 670 904 care
696 866 806 906 non
830 852 947 906 vult
973 853 1210 922 amplius
1248 870 1261 905 :
1291 851 1570 922 quomodo
1598 868 1707 908 non
1729 853 1779 907 ei
1805 853 1861 906 iit
1888 852 2108 921 injuria,

542 956 664 1012 quae
691 950 804 996 tum
838 944 1075 997 maxime
1106 944 1159 997 id
1200 943 1380 998 facere
1410 944 1566 1013 jussa
1603 959 1712 998 non
1762 944 1857 1010 sit,
1878 959 2001 998 cum
2043 941 2112 996 ad

541 1033 800 1088 virtutem
840 1042 959 1088 erat
1015 1036 1343 1103 expeditior,
1383 1035 1623 1087 nonduin
1663 1033 1827 1089 malis
1865 1033 2114 1102 corporis

541 1123 776 1194 illigata,
806 1125 901 1179 sed
932 1125 1321 1195 intempestive
1355 1125 1407 1180 id
1439 1133 1699 1194 praestare
1728 1125 1963 1195 cogitur,
1987 1138 2112 1178 cum

541 1223 626 1270 est
657 1216 943 1285 inquinata
984 1217 1248 1286 peccato?
1273 1216 1435 1286 Atqui
1488 1216 1631 1271 Deus
1683 1215 1816 1268 nihil
1849 1216 2112 1283 intempe-

543 1307 680 1360 stive
707 1307 881 1375 jubet,
915 1321 1091 1376 neque
1123 1306 1382 1375 injuriam
1423 1305 1554 1360 facit
1588 1307 1636 1362 is
1666 1307 1756 1375 qui
1787 1315 1982 1360 natura
2013 1320 2112 1360 sua

541 1412 744 1451 nocere
779 1399 986 1467 nequit.
1034 1397 1352 1467 Opportune
1392 1398 1560 1468 igitur
1600 1407 1656 1453 et
1699 1399 1846 1468 juste
1887 1411 1918 1449 a
1957 1397 2113 1451 nobis

540 1489 706 1558 exigit
747 1499 806 1543 ut
843 1491 899 1543 in
939 1490 1045 1543 hac
1076 1504 1241 1544 carne
1276 1503 1385 1542 non
1416 1504 1731 1558 peccemus,
1776 1503 1906 1542 cum
1959 1488 2110 1543 exsi-

545 1580 728 1636 stendi
762 1589 978 1652 tempus
1012 1581 1156 1636 istud
1186 1582 1364 1636 solum
1400 1581 1721 1646 habeamus,
1751 1597 1860 1651 quo
1889 1582 1944 1635 in
1969 1581 2115 1635 hunc

541 1673 800 1726 mundum
857 1673 1130 1738 venimus,
1175 1672 1306 1726 illud
1356 1673 1511 1741 prius
1558 1687 1671 1726 non
1696 1687 1837 1736 esse,
1872 1672 1984 1741 80
2016 1686 2114 1726 ceu

2211 581 2496 653 ἀνθρώπου
2527 580 2696 650 ψυχὴ,
2722 577 2815 631 καὶ
2843 577 2967 640 νοῦς
2992 575 3236 647 ὑπῆρχεν
3277 575 3358 628 ἐτι
3389 576 3477 630 διὰ
3505 576 3664 631 τοῦτο
3698 598 3792 633 κα-

2211 673 2394 744 θαρὸς,
2432 669 2756 740 οἰκειότερον
2783 670 2852 739 τῇ
2900 667 3006 720 τῶν
3044 666 3268 735 ἀγαθῶν
3304 667 3488 734 ἐφέσει
3526 670 3790 738 προσκεί-

2214 779 2394 833 μενος,
2449 762 2514 813 ἐκ
2540 758 2893 830 παρατροπῆς
2927 757 2985 810 δέ
3007 757 3105 827 τῆς
3136 757 3229 810 ἐπὶ
3268 757 3328 810 τὺ
3371 759 3553 829 χεῖρον
3597 761 3674 822 είς
3728 761 3789 814 τὸ

2210 852 2409 922 γεῶδες
2443 852 2719 922 πέμπεται
2751 850 2929 919 σῶμα,
2951 848 3045 902 καὶ
3072 847 3313 917 γεγονὼς
3335 851 3394 902 ἐν
3417 849 3566 918 αύτῷ
3595 850 3656 903 τὸ
3690 868 3792 922 μη·

2213 943 2330 998 κέτι
2354 941 2640 1012 βούλεσθαι
2670 940 3011 1011 πλημμελεῖν
3032 941 3365 1004 ἁπαιτεῖται,
3409 939 3528 1004 πῶς
3555 941 3657 995 οὐκ
3679 941 3794 996 άδι·

2214 1036 2388 1087 κεῖται
2422 1034 2495 1105 μὴ
2516 1034 2635 1086 τότε
2664 1033 2894 1104 μάλιστα
2923 1030 3083 1085 τοῦτο
3105 1035 3278 1085 ποιεῖν
3297 1033 3788 1104 ἐπιτετραμμένος,

2211 1126 2299 1178 ὅτε
2319 1125 2381 1196 δὴ
2415 1124 2508 1177 καὶ
2553 1123 2753 1193 μᾶλλον
2795 1123 3038 1193 ὑπῆρχεν
3078 1122 3422 1191 ἑτοιμότερος
3460 1125 3538 1187 είς
3564 1125 3789 1191 ἀρετὴν,

2213 1209 2364 1274 οὔπω
2388 1221 2498 1282 τοῖς
2526 1218 2633 1272 ἀπὸ
2661 1220 2752 1271 τοῦ
2773 1218 3022 1288 σώματος
3056 1216 3399 1286 ἐνδεδυμένος
3430 1219 3640 1281 κακοῖς,
3673 1216 3789 1271 ἀλλ’

2214 1309 2303 1362 ὅτε
2357 1308 2578 1378 γέγονεν
2628 1309 2685 1360 ἐν
2719 1307 2940 1360 θολώσει
2984 1306 3082 1375 τῆς
3130 1303 3422 1375 ἁμαρτίας,
3458 1305 3578 1356 τότε
3631 1303 3792 1358 τοῦτο

2214 1400 2386 1453 ποιεῖν
2436 1399 2535 1451 οὐκ
2582 1397 2850 1468 εὐκαίρως
2895 1395 3293 1464 άναγκάζεταις
3349 1393 3556 1468 Καιροῦ
3604 1393 3659 1446 δέ
3695 1393 3788 1446 τοῦ

2215 1491 2517 1562 πρέποντος
2543 1491 2644 1542 ούκ
2670 1489 2735 1542 ἂν
2758 1489 2992 1559 ἁμάρτοι
3021 1487 3079 1540 τὸ
3105 1488 3279 1550 Θεῖον,
3309 1486 3424 1538 ἀλλ’
3443 1486 3552 1539 οὐδ’
3587 1484 3654 1539 ἂν
3679 1485 3793 1538 ἀδι-

2215 1585 2381 1654 κήσαι
2419 1581 2550 1635 ποτὲ
2594 1581 2654 1634 τὸ
2691 1581 2892 1634 ἀδικεῖν
2936 1580 2996 1633 ού
3030 1579 3293 1648 πεφυκός.
3337 1579 3623 1650 Εύκαίρως
3659 1580 3790 1650 ἄρα,

2216 1674 2310 1726 καὶ
2337 1673 2558 1736 δικαίως
2579 1671 2713 1741 μετὰ
2733 1671 2932 1743 σαρκὸς
2960 1671 3020 1722 τὸ
3065 1671 3139 1743 μὴ
3169 1669 3503 1740 ἁμαρτάνειν
3531 1667 3794 1721 ἀπαιτού-

539 1763 718 1817 locum
767 1763 1056 1833 quemdam
1117 1764 1514 1832 relinquentes,
1569 1771 1622 1817 et
1679 1779 1741 1818 ex
1797 1766 1916 1834 ipso
1953 1762 2112 1832 quasi

2221 1767 2381 1836 μεθα,
2414 1767 2572 1836 μόνον
2594 1758 2814 1835 ἔχοντας
2839 1762 3025 1818 τοῦτον
3056 1761 3148 1816 τοῦ
3172 1758 3310 1815 εἶναι
3335 1759 3546 1832 καιρὸν,
3580 1759 3702 1814 καθ’
3731 1758 3792 1812 ὃν

541 1854 991 1924 ριίιιεκείεῑεηιίιε
1029 1853 1363 1924 principium
1398 1859 1694 1908 mutantes.

613 2145 669 2200 ι.
709 2143 939 2216 ALIUD.
986 2144 1245 2200 Libenter
1289 2143 1358 2197 ab
1385 2142 1467 2199 eis
1495 2157 1820 2214 quaererem,
1852 2142 1947 2212 qui
1983 2156 2119 2196 con-

545 2248 866 2293 sentaneum
907 2237 978 2292 sit
1008 2236 1246 2291 animam
1278 2250 1399 2303 qua:
1429 2244 1557 2290 ante
1587 2249 1818 2305 corpora
1848 2237 2116 2305 peccavit,

544 2329 602 2383 in
634 2344 836 2400 corpus
867 2327 1107 2390 detrudi,
1136 2334 1196 2381 ut
1230 2327 1606 2395 experimento
1638 2325 1761 2394 ipso
1807 2325 1986 2381 discat
2018 2342 2116 2382 cu-

544 2419 832 2490 piditatum
864 2433 1086 2474 suarum
1133 2415 1532 2486 turpitudinem
1559 2432 1573 2482 ;
1608 2416 1725 2470 haec
1744 2417 1890 2470 enim
1920 2416 2119 2474 docere

546 2525 657 2565 non
711 2515 999 2563 verentur.
1050 2505 1213 2575 Atqui
1269 2505 1338 2559 ab
1391 2505 1510 2576 ipso
1564 2506 1834 2560 malorum
1889 2516 2115 2576 aspectu

548 2601 831 2656 avellenda
873 2599 1056 2669 p0tius
1104 2604 1270 2662 esset,
1317 2611 1480 2666 quam
1527 2597 1582 2650 in
1635 2599 1813 2666 ipsum
1861 2597 2119 2667 turpissi-

548 2707 763 2748 marum
815 2691 1159 2760 voluptatum
1211 2688 1544 2758 profundum
1579 2686 1937 2742 detrudenda.
1981 2687 2119 2742 Illud

549 2782 696 2835 enim
752 2779 978 2836 remedii
1023 2793 1194 2849 genus
1251 2785 1368 2832 erat
1421 2779 1608 2848 potius
1641 2793 1803 2847 quam
1850 2778 2018 2834 istud.
2061 2779 2117 2833 Si

550 2887 681 2943 ergo
743 2880 803 2927 ut
845 2870 1128 2940 corporeis
1166 2869 1532 2938 voluptatibus
1576 2869 1956 2940 immergatur,
2004 2884 2120 2923 ma-

549 2965 727 3018 lorum
775 2961 1152 3017 accessionem
1203 2960 1390 3027 habet,
1420 2960 1565 3030 quod
1601 2961 1658 3014 in
1699 2976 1897 3030 corpus
1935 2961 2119 3016 detru-

548 3056 720 3118 ditur,
763 3069 922 3108 nemo
953 3051 1258 3106 laudaverit
1314 3051 1588 3105 medicum
1640 3053 1733 3123 qui
1772 3068 1979 3122 aegrum
2026 3053 2120 3107 ad-

2149 1833 2191 1888 B
2221 1833 2355 1930 μετὰ
2390 1833 2742 1928 σώματος-είς
2774 1857 2862 1911 τὸν
2889 1856 3090 1926 κόσμον
3121 1853 3417 1927 ἐρχόμεθα,
3443 1852 3506 1906 τὺ
3537 1851 3612 1922 μὴ
3651 1847 3791 1905 εἶναι

2218 1951 2520 2021 πρότερον,
2589 1948 2777 2021 ὥσπερ
2843 1948 2967 2002 τινά
3023 1947 3188 2000 τόπον
3253 1943 3789 2013 καταλιμπάνοντες,

2217 2042 2312 2094 καὶ
2342 2039 2400 2105 ἐξ
2425 2039 2590 2094 αὐτοῦ
2621 2037 3011 2111 προύπάρξεως
3034 2037 3208 2108 ἀρχὴν
3249 2033 3658 2106 μεθιστάμενοι.

2287 2129 2348 2182 δ’.
2407 2130 2612 2186 ΔΛΛΟ.
2647 2130 2804 2183 Ποῖον
2844 2128 2966 2198 ἔχει¹
3017 2126 3209 2195 λόγον,
3246 2123 3474 2194 ἐροίμην
3510 2121 3576 2176 ἂν
3620 2119 3793 2192 ἡδέως

2219 2223 2437 2287 αὐτοὺς,
2475 2223 2537 2276 τὸ
2593 2221 2992 2293 άμαρτήσασαν
3039 2213 3146 2290 πρὸ
3188 2216 3455 2287 σωμάτων
3497 2216 3578 2277 είς
3629 2212 3794 2283 σῶμα

2219 2314 2532 2386 πέμπεσθαι
2575 2315 2672 2384 τὴν
2703 2314 2900 2383 ψυχὴν,
2930 2312 3016 2365 ἵνα
3067 2310 3131 2382 δὴ
3165 2309 3323 2380 μάθοι
3359 2309 3424 2377 τῇ
3462 2305 3647 2377 πείρᾳ,
3683 2304 3793 2357 τῶν

2218 2406 2432 2460 οἰκείων
2471 2404 2773 2474 ἐπιθυμιῶν
2804 2403 2904 2475 τὴν
2934 2401 3289 2472 αἰσχρότητα;
3328 2400 3439 2453 Καὶ
3481 2398 3654 2452 ταῦτα
3681 2393 3791 2466 γὰρ

2217 2497 2318 2550 οὐκ
2350 2495 2673 2567 ἐρυθριῶσιν
2720 2491 3091 2564 ἐξηγούμενοι.
3133 2491 3326 2545 Καίτοι
3380 2488 3580 2560 μᾶλλον
3622 2486 3794 2558 ἐχρῆν

2218 2589 2312 2643 καὶ
2332 2587 2500 2657 αὐτῆς
2519 2587 2616 2657 τῆς
2628 2585 2735 2640 τῶν
2751 2584 2934 2638 κακῶν
2953 2581 3263 2648 ἐξέλκεσθαι
3285 2579 3584 2650 φαντασίας
3596 2577 3790 2647 αὐτὴν,
3867 2609 3882 2620 ι

2219 2681 2311 2733 κά.)⁸
2348 2680 2448 2732 ούκ
2477 2679 2556 2742 είς
2577 2678 2736 2731 αὑτὸν
2767 2673 3127 2729 κατωθεῖσθαι
3155 2671 3356 2743 ἡδονῶν
3388 2670 3480 2724 τὸν
3514 2668 3790 2739 πυθμένα·

2217 2771 2417 2842 τρόπος
2444 2769 2551 2840 γάρ
2580 2765 2647 2840 ἦν
2671 2768 2964 2836 θεραπείας
2997 2768 3169 2818 ἐκεῖνο
3195 2763 3393 2833 μᾶλλον
3418 2801 3433 2826 ,
3459 2762 3493 2833 ἢ
3525 2759 3704 2814 τοῦτο.
3725 2761 3792 2814 Ei

2223 2861 2321 2932 μὲν
2355 2859 2447 2914 οὖν
2489 2861 2575 2914 ἵνα
2610 2863 2730 2922 ταῖς
2755 2858 2848 2912 τοῦ
2891 2857 3158 2928 σώματως
3207 2856 3421 2926 ἡδοναῖς
3467 2852 3789 2924 ἐντρυφήσῃ

2220 2950 2539 3022 προσθήκην
2564 2949 2674 3020 ἕχει
2710 2949 3028 3019 νοσημάτων
3044 2948 3142 3017 τὴν
3167 2945 3463 3015 σάρκωσιν,
3481 2943 3581 2996 οὐκ
3613 2943 3678 2996 ἄν
3705 2957 3793 3004 τις

2221 3042 2504 3095 ἐπαινέσαι
2548 3042 2638 3094 τὸν
2677 3041 3070 3109 σωφρονιστὴν,
3100 3037 3168 3090 δι’
3211 3029 3286 3088 ὧν
3331 3034 3560 3104 ὠφελεῖν
3594 3030 3792 3084 ύπετό-

545 3148 726 3217 jutum
779 3143 846 3197 iri
889 3149 1046 3212 putat
1084 3157 1178 3210 per
1210 3155 1274 3196 ea
1313 3142 1431 3211 ipsa
1475 3141 1676 3210 quibus
1705 3142 1755 3196 ei
1810 3149 1990 3197 nocet.
2022 3141 2118 3197 Sin

2221 3149 2394 3202 πησεν
2423 3129 2709 3185 ἀδικοῦντα
2741 3130 2802 3183 τὸ
2839 3127 3146 3198 νενοσηκός.
3181 3125 3243 3179 Εἰ
3286 3125 3343 3178 δέ
3376 3125 3464 3178 ἴνα
3515 3123 3791 3193 παύσηται

2265 3223 2290 3233 ..
2441 3223 2504 3233 -..
2651 3223 2676 3233 -
2775 3224 2786 3233 .
2897 3221 2969 3233 ..
3154 3217 3181 3229 η
3319 3213 3784 3233 -.ηινημς

550 3213 727 3295 autem
760 3242 818 3288 ut
849 3231 1115 3304 peccandi
1149 3229 1308 3286 finem
1341 3231 1522 3298 faciat,
1549 3232 1826 3301 quomodo
1860 3231 1912 3286 in
1939 3235 2118 3302 ipsum

2222 3223 2330 3277 τῶν
2359 3223 2565 3288 παθῶν,
2599 3223 2716 3286 πῶς
2742 3224 2820 3286 είς
2852 3221 2982 3274 αὐτὸ
3017 3217 3256 3272 πεσοῦσα
3283 3217 3385 3286 τῆς
3414 3215 3708 3286 ἐπιθυμίας
3731 3213 3793 3267 τὸ

547 3327 872 3399 cupiditatis
927 3325 1148 3395 delapsa
1193 3321 1529 3394 profundum
1585 3338 1863 3394 emergere
1915 3326 2116 3394 potuit,

550 3436 613 3475 ac
646 3435 762 3473 non
794 3417 976 3489 potius
1023 3415 1201 3486 ipsum
1251 3415 1424 3469 morbi
1475 3414 1691 3469 initium
1738 3414 1966 3485 depulit,
1990 3431 2117 3474 cum

549 3510 686 3565 nihil
725 3508 904 3562 adhuc
957 3512 1104 3560 esset
1161 3518 1268 3573 quo
1323 3503 1392 3558 ad
1452 3501 1789 3573 peccandum
1838 3502 2120 3572 pertrahe-

551 3599 734 3656 retur?

623 3713 677 3767 5.
717 3708 945 3765 ALIUD.
978 3708 1036 3761 Si
1071 3713 1200 3761 ante
1235 3717 1438 3773 corpus
1468 3703 1742 3758 exsistens
1774 3702 1958 3756 anima
1990 3717 2121 3772 pec-

550 3804 720 3864 cavit,
749 3809 807 3855 ut
845 3800 927 3853 illi
963 3799 1176 3858 volunt,
1211 3797 1442 3864 ideoque
1474 3795 1709 3863 impacta
1749 3802 1833 3849 est
1872 3793 2026 3848 carni
2069 3800 2124 3849 et

554 3893 829 3964 sanguini,
871 3893 993 3946 loco
1025 3904 1199 3960 pinnae
1233 3886 1286 3942 id
1339 3886 1617 3956 accipiens
1649 3901 1662 3938 :
1699 3883 1977 3954 quomodo
2014 3898 2122 3938 non

550 3993 804 4057 oporteat
829 3982 1123 4062 credentes
1156 3981 1212 4035 in
1245 3979 1549 4041 Christum,
1580 3982 1635 4031 et
1666 3975 1875 4031 idcirco
1909 3975 2125 4048 peccati

553 4060 936 4129 remissionem
962 4075 1314 4128 consecutos,
1340 4063 1490 4118 illico
1517 4061 1584 4117 de
1615 4061 1946 4131 corporibus
1967 4060 2123 4115 exire

551 4175 604 4222 et
639 4164 912 4220 sarcinam
937 4165 1097 4216 istam
1121 4172 1296 4230 pmnae
1327 4156 1450 4210 loco
1485 4152 1798 4222 impositam
1829 4151 2127 4205 excutere?

553 4254 839 4322 Quomodo
876 4253 1047 4314 enim,
1077 4262 1284 4318 qumso,
1313 4244 1613 4316 perfectam
1663 4239 1874 4312 peccati
1927 4240 2124 4294 remis-

554 4350 762 4405 sionem
810 4347 1109 4401 consecuta
1171 4345 1256 4394 est
1305 4336 1487 4390 anima
1550 4332 1817 4395 hominis,
1862 4329 1909 4386 si
1951 4345 2127 4400 poenae

551 4442 731 4496 adhuc
798 4447 1014 4494 tenetur
1084 4430 1396 4489 obnoxius?
1458 4429 1527 4481 At
1592 4425 1843 4481 videmus
1913 4429 2124 4476 tantum

2228 3314 2390 3386 βάθος
2437 3313 2768 3368 ἀνακύπτειν
2795 3311 3034 3374 ἐδύνατο,
3067 3312 3160 3364 καὶ
3188 3309 3307 3380 οὐχὶ
3339 3307 3538 3380 μᾶλλον
3567 3307 3660 3362 καὶ
3693 3307 3794 3360 αύ·

2223 3409 2322 3480 τὴν
2344 3408 2704 3463 άποπτύσασα
2729 3404 2824 3459 τοῦ
2863 3405 3171 3475 νοσήματος
3215 3403 3311 3472 τὴν
3337 3399 3534 3476 ἀρχὴν,
3560 3401 3650 3454 ὅτε
3699 3399 3795 3453 καὶ

2226 3500 2408 3572 γυμνὴ
2430 3497 2523 3552 τοῦ
2552 3499 2904 3560 καθέλκοντος
2935 3498 3014 3559 είς
3041 3493 3314 3566 ἁμαρτίαν
3343 3492 3613 3562 ἐφαίνετο.

2299 3681 2362 3731 ε’.
2399 3676 2598 3730 ΑΛΛΟ.
2649 3675 2714 3728 Εἰ
2746 3671 2990 3744 προοῦσα
3028 3667 3496 3738 πεπλημμέληκεν
3533 3665 3566 3735 ἡ
3613 3661 3795 3732 ψυχὴ,

2229 3765 2318 3821 διά
2335 3782 2390 3818 τε
2405 3765 2561 3818 τοῦτο
2593 3761 2902 3831 συνεπλάκη
2923 3759 3104 3831 σαρκὶ,
3138 3759 3232 3811 καὶ
3268 3757 3478 3827 αἵματι,
3501 3755 3583 3817 εἰς
3622 3771 3796 3824 τιμω-

2232 3858 2353 3931 ρίας
2378 3857 2574 3929 τρόπον
2598 3854 2837 3908 λαϐοῦσα
2857 3853 2918 3906 τὸ
2957 3854 3210 3923 πρᾶγμα,
3236 3849 3353 3912 πῶς
3385 3850 3486 3902 ούκ
3532 3846 3640 3900 ἔδει
3667 3848 3800 3910 τοὺς

2231 3950 2583 4014 πιστεύοντας
2616 3950 2694 4012 είς
2716 3947 2969 4020 Χριστὸν,
3011 3946 3106 3999 καὶ
3124 3942 3528 4016 κομισαμένους
3558 3941 3646 3995 διὰ
3671 3940 3798 3994 τού-

2229 4046 2321 4100 του
2349 4046 2448 4116 τῆς
2477 4043 2749 4114 ἁμαρτίας
2779 4040 2877 4108 τὴν
2906 4039 3117 4108 ἄφεσιν,
3149 4037 3489 4109 παραχρῆμα
3532 4035 3800 4105 σωμάτων

2231 4135 2568 4209 ἐξέρχεσθαι,
2595 4133 2687 4187 καὶ
2715 4133 2773 4186 τὸ
2788 4132 2932 4203 λόγῳ
2955 4129 3224 4202 τιμωρίας
3263 4126 3545 4198 περιτεθὲν
3569 4123 3802 4178 ἀποϐάλ-

2230 4229 2380 4297 λειν;
2415 4229 2569 4282 Ἐπεὶ
2615 4226 2730 4290 πῶς
2764 4224 2974 4278 τελείαν
3003 4224 3115 4293 ἔχει
3155 4221 3253 4292 τὴν
3291 4221 3538 4290 ἄφεσινὴ
3579 4215 3672 4272 τοῦ
3705 4218 3800 4272 άνο

2233 4320 2449 4391 θρώπου
2496 4318 2662 4389 ψυχὴ,
2711 4317 2790 4371 ἐτι
2847 4315 3199 4387 περικειμένη
3239 4313 3328 4366 τὸν
3354 4311 3477 4381 ,τῆς
3527 4309 3798 4371 κολάσεως

2231 4411 2463 4482 τρόπον;
2508 4409 2645 4479 Ἀλλ’
2696 4409 2910 4478 ὁρῶμεν
2947 4409 3026 4461 ὅτι
3052 4406 3304 4461 τοσοῦτον
3325 4404 3667 4474 ἀφεστήκασι
3704 4400 3798 4453 τοῦ

554 4531 746 4586 abesse
773 4537 834 4584 ut
861 4529 1044 4582 ﬁdeles
1073 4522 1400 4594 corporibus
1431 4516 1653 4572 liberari
1683 4514 1874 4577 velint,
1907 4519 1964 4565 ut
1998 4526 2118 4565 cum

2235 4499 2502 4570 σωμάτων
2562 4496 2998 4551 ἀπαλλάττεσθαι
3031 4495 3202 4548 θέλειν
3244 4495 3292 4547 ci
3318 4491 3686 4553 πιστεύοντες,
3723 4488 3798 4550 ὡς

554 4620 677 4677 fidei
739 4617 951 4673 Christi
1005 4612 1358 4668 confessione
1421 4606 1604 4662 carnis
1664 4602 2118 4659 resurrectionem

2231 4592 2348 4653 ταῖς
2383 4591 2459 4653 είς
2492 4589 2725 4659 Χριστὸν
2781 4587 3091 4658 ὁμολογίαις
3127 4581 3645 4653 συνεπισφίγγεσθαι
3699 4582 3798 4651 τῆς

553 4711 910 4779 conjungant.
941 4704 1060 4758 Non
1094 4705 1201 4758 erit
1225 4715 1358 4770 ergo
1387 4711 1563 4769 pinnae
1590 4696 1710 4749 loco
1741 4694 1796 4748 id
1828 4691 1973 4762 quod
2002 4691 2125 4746 ﬁdei

554 4812 775 4868 quoque
816 4794 1166 4849 confessione
1221 4792 1546 4852 honoratur,
1595 4794 1646 4840 et
1697 4783 1766 4838 ad
1818 4781 2122 4837 Salvator-is

556 4887 963 4956 omnipotentiae
985 4884 1359 4939 testimonium
1391 4879 1639 4945 affertur,
1673 4891 1740 4931 ex
1777 4890 1840 4930 eo
1865 4873 2008 4945 quod
2038 4873 2122 4928 sic

556 4978 626 5032 ad
653 4978 819 5032 vitam
850 4975 1095 5030 redierit.

624 5064 678 5120 6.
722 5063 950 5118 ALlUD.
985 5061 1043 5116 Si
1070 5068 1196 5116 ante
1234 5074 1437 5127 corpus
1469 5055 1742 5113 exsistens
1771 5055 1952 5108 anima
1991 5069 2122 5125 pec-

555 5153 723 5217 cavit,
763 5159 824 5207 ut
870 5151 949 5204 illi
977 5152 1188 5216 volunt,
1227 5158 1281 5203 et
1320 5149 1527 5203 idcirco
1569 5145 1766 5200 innexa
1823 5152 1907 5198 est
1950 5143 2124 5209 carni,

555 5259 721 5320 quam
783 5243 854 5298 ob
899 5253 1123 5295 causam
1185 5239 1271 5292 lex
1325 5237 1575 5308 graviora
1627 5234 1845 5306 quidem
1905 5243 2125 5303 peccata

555 5348 731 5395 morte
784 5333 969 5408 plecti,
1026 5332 1374 5386 innocentem
1422 5343 1552 5384 vero
1582 5327 1768 5382 vivere
1812 5325 2119 5395 permittit?

552 5431 848 5488 Praestaret
901 5424 1105 5496 quippe
1145 5421 1460 5492 permittere
1506 5417 1952 5488 turpissimarum
2011 5415 2120 5469 cri-

553 5501 761 5577 minum
809 5533 936 5574 reos
979 5515 1075 5570 diu
1131 5513 1186 5567 in
1241 5511 1570 5582 corporibus
1630 5509 1861 5574 hmrere,
1908 5514 1967 5560 ut
2016 5506 2121 5561 hoc

554 5619 713 5682 pacto
746 5609 970 5680 gravius
1011 5606 1361 5678 punirentur,
1395 5601 1714 5656 innocentes
1747 5614 1876 5654 vero
1925 5613 2120 5669 corpo-

548 5702 708 5756 ribus
745 5699 974 5763 exsolvi,
1000 5700 1046 5753 si
1084 5709 1258 5768 poenae
1305 5693 1428 5749 loco
1457 5692 1683 5748 inclusa
1716 5698 1848 5746 sunt
1887 5690 1942 5745 in
1990 5704 2116 5756 cor:

552 5793 780 5869 poribus
810 5790 1022 5847 animae.
1059 5787 1164 5846 Sed
1195 5794 1408 5857 contra,
1439 5792 1613 5842 morte
1639 5783 1860 5856 quidem
1890 5782 2118 5855 punitur

2233 4679 2432 4750 σαρκὸς
2479 4677 2576 4749 τὴν
2626 4679 2944 4731 ἀνάστασιν.
2995 4675 3132 4742 Οὐκ¹
3168 4673 3275 4743 ἄρα
3325 4671 3598 4732 κολάσεως
3645 4667 3798 4720 ἔσται

2228 4770 2445 4840 τρόπος,
2469 4767 2530 4821 τὸ
2554 4767 2648 4821 καὶ
2669 4767 2898 4830 πίστεως
2921 4764 3178 4835 ὁμολογίᾳ
3196 4759 3580 4832 τετιμημένον,
3621 4759 3696 4822 ὡς
3728 4759 3795 4828 τῇ

2227 4857 2348 4929 θείᾳ
2377 4857 2469 4910 τοῦ
2487 4857 2739 4927 Σωτῆρος
2759 4856 2987 4926 δυνάμει
3012 4855 3073 4908 τὸ
3096 4854 3273 4908 πάντα
3299 4851 3560 4906 δύνασθαι
3602 4851 3799 4922 ῥᾳδίως

2226 4950 2651 5022 ἐπιμαρτυροῦν,
2677 4949 2763 5002 διὰ
2783 4948 2875 5001 τοῦ
2905 4947 3336 5018 παλινδρομῆσαι
3363 4945 3500 5014 πρὸς
3531 4931 3714 5012 ζωήν(

2300 5041 2375 5107 ς’.
2413 5041 2615 5093 ΑΛΛΟ.
2656 5041 2717 5093 Εἰ
2744 5039 2990 5111 προοῦσα
3025 5038 3143 5092 κατ’
3173 5037 3411 5099 ἐκείνους
3439 5034 3798 5107 ἐξήμαρτενὴ

2225 5130 2568 5202 ψυχῆβιάτε
2589 5129 2746 5184 τοῦτο
2769 5129 3077 5201 συνεπλάκη
3108 5117 3407 5200 σαρκὶίδιά
3429 5127 3587 5178 ποίαν
3619 5126 3799 5178 αἰτίαν

2227 5225 2255 5275 ὁ
2279 5222 2441 5293 νόμος
2468 5220 2534 5275 τά
2572 5220 2669 5292 μέν
2697 5220 2805 5273 τῶν
2844 5220 3202 5290 ἐγκλημάτων
3237 5217 3512 5290 βαρύτερα
3531 5214 3798 5287 τιμᾶσθαι

2227 5315 2462 5386 θανάτῳ,
2491 5314 2581 5368 τὸν
2613 5314 2668 5366 δέ
2691 5313 2842 5366 οὐδὲν
2875 5312 3232 5384 ἡμαρτηκότα
3264 5309 3452 5380 διαζῇν
3488 5307 3798 5379 ἐπιτρέπει;

2224 5405 2376 5476 Χρῆν
2398 5403 2506 5477 γάρ
2525 5405 2587 5474 δή
2612 5421 2711 5457 που
2739 5402 2959 5473 μᾶλλον,
2986 5403 3110 5464 τοὺς
3132 5402 3228 5472 μὲν
3253 5401 3346 5452 ἐπὶ
3364 5403 3474 5462 τοῖς
3497 5399 3801 5468 αἰσχίστοις

2228 5501 2450 5562 ἁλόντας
2485 5500 2672 5561 κακοῖς
2697 5495 3010 5566 ἐπιτρέπειν
3043 5493 3379 5564 ἐγχρονίζειν
3400 5490 3670 5562 σώμασιν,
3712 5490 3799 5542 ῖνα

2225 5591 2290 5661 δὴ
2322 5590 2414 5644 καὶ
2437 5589 2696 5658 μειζόνως
2722 5585 3052 5653 κολάζοιντο,
3083 5585 3206 5649 τοὺς
3227 5583 3283 5636 δὲ
3302 5583 3452 5636 οὐδὲν
3475 5580 3797 5651 ἡμαρτηκό-

2225 5699 2321 5744 τας
2345 5680 2609 5750 σωμάτων
2651 5677 2914 5743 ἀνεῖσθαι,
2956 5677 3113 5747 εἴπερ
3159 5677 3215 5727 ἐν
3239 5667 3416 5736 τάξει⁰
3445 5670 3715 5742 τιμωρίας
3764 5671 3798 5738 ή

2224 5773 2635 5845 ἐνσωμάτωσις.
2695 5769 2830 5824 Ἀλλ’
2860 5772 2924 5824 ἐκ
2953 5769 3060 5824 τῶν
3095 5768 3372 5835 ἐναντίων,
3406 5763 3623 5834 θανάτῳ
3645 5763 3743 5832 μὲν
3768 5763 3799 5816 ό
