4092 6274
519 380 620 448 159

1557 369 1612 425 S.
1641 362 1916 425 CYBILLI
1957 354 2424 415 ALEXANDRINI
2467 351 2788 411 ARCIIIEP.

3661 331 3769 396 'HO

512 523 608 562 eos
634 505 780 560 ’vmis
817 497 1190 573 prosequitur,
1218 494 1409 548 dicens
1439 507 1452 544 :
1484 507 1502 540 ι
1539 487 1603 542 Et
1619 501 1746 542 ecce
1765 485 1902 541 estis
1931 479 2092 534 hodie

2215 475 2421 538 ῑικαίως
2460 469 2892 544 ὑπερθαυμάσας
2923 469 2952 522 ό
2995 464 3316 538 ἱεροφάντης
3340 451 3581 532 Μωύσῆς
3606 458 3768 512 ἐπεύο

517 599 666 653 velut
717 604 864 650 astra
911 590 1036 645 coeli
1074 583 1447 643 multitudine.
1491 580 1756 634 Dominus
1805 575 1950 629 Deus
1996 586 2088 641 pa-

516 703 664 745 trum
683 696 991 741 vestrorum
1014 680 1239 750 adjiciat
1254 677 1410 731 vobis
1439 676 1579 730 sicut
1603 671 1738 726 estis
1763 669 1960 723 millies
1976 667 2042 721 9".
2069 682 2086 715 ι

520 779 590 837 At
629 782 675 837 si
707 777 1035 849 corporibus
1069 771 1136 826 ad
1183 782 1400 840 pcenam
1429 763 1843 820 includerentur
1873 757 2090 819 animm,

523 876 690 945 idque
762 869 1093 926 necessitate
1160 861 1432 933 quadam,
1509 851 1831 925 imprecatio
1901 862 2091 903 revera

521 939 691 1032 esset,
724 980 834 1018 non
863 970 1052 1016 votum
1080 957 1171 1012 illa
1211 951 1416 1024 Moysis
1451 949 1652 1004 oratio.
1691 942 1858 1014 Atqui
1889 956 1976 996 res
2019 939 2094 993 ita

523 1076 633 1114 nun
675 1030 780 1121 est,
825 1051 920 1109 sed
973 1050 1123 1104 facta
1160 1054 1245 1102 est
1291 1058 1323 1097 a
1356 1041 1540 1114 Moyse
1585 1035 1918 1094 benedictio.
1974 1030 2096 1085 Non

522 1167 656 1222 ergo
686 1149 750 1202 ad
778 1159 992 1218 pmnam
1041 1137 1373 1210 corporibus
1402 1133 1678 1188 immersae
1705 1135 1836 1185 sunt
1879 1126 2098 1180 animat.

597 1411 679 1480 Ην.
721 1405 950 1463 ALIUD.
989 1401 1128 1457 Male
1171 1397 1489 1470 petentibus
1525 1395 1669 1449 Deus
1721 1406 1830 1446 non
1878 1387 2093 1444 annuit.

523 1499 694 1573 Cujus
734 1500 810 1555 rei
847 1496 1093 1566 locuples
1121 1491 1278 1547 testis
1319 1488 1478 1543 nobis
1513 1487 1618 1541 erit
1658 1482 1962 1538 Salvatoris
1985 1480 2101 1535 dis-

527 1570 746 1662 cipulus
776 1608 788 1644 :
823 1607 841 1640 ι
869 1585 1083 1648 Petitis,
1109 1601 1128 1634 ι
1170 1579 1370 1650 inquit,
1407 1596 1425 1628 ι
1463 1584 1519 1631 et
1551 1590 1662 1629 non
1723 1570 2000 1642 accipitis,
2037 1581 2103 1623 eo

525 1684 670 1755 quod
706 1682 848 1736 male
888 1675 1087 1749 petatis
1109 1673 1176 1727 ⁸⁸.
1214 1692 1232 1725 I
1279 1671 1338 1726 Si
1368 1683 1498 1738 ergo
1540 1666 1606 1720 ad
1656 1678 1870 1735 pmnam
1905 1676 2102 1755 corpo—

529 1747 684 1829 ribus
725 1747 924 1824 animae
973 1763 1380 1831 mancipantur,
1433 1753 1711 1826 quomodo
1759 1751 1915 1803 Anna
1964 1747 2104 1801 Pha-

2193 583 2346 638 χεται
2371 564 2543 632 λέγων
2581 562 2780 624 αὐτοῖς·
2820 579 2838 612 ‹
2867 561 2978 613 Καὶ
3007 557 3138 624 ἰδοὺ,
3166 555 3290 608 ἐστέ
3331 554 3571 625 σήμερον
3597 552 3672 615 ὡς
3699 551 3772 603 τὰ

2192 660 2366 730 ἄστρα
2409 656 2502 711 τοῦ
2557 653 2789 726 οὐρανοῦ
2815 651 2894 722 τῷ
2931 649 3146 721 πλήθει.
3196 649 3401 719 Κύριος
3430 645 3460 696 ὁ
3499 643 3630 706 Θεὸς
3662 650 3772 695 των

2194 755 2445 821 πατέρων
2465 747 2617 818 ὐμῶν
2644 744 2907 818 προσθείη
2926 743 3076 814 ὐμῖν,
3097 741 3170 803 ὡς
3191 735 3288 811 ἦτε
3313 736 3719 808 χιλιοπλασίως.
3748 754 3766 785 ι

2207 842 2508 912 Ἀλλέῐπερ
2522 836 2588 912 ἦν
2609 838 2853 903 κόλασις,
2870 839 2991 899 ταῖς
3017 832 3317 903 ἀνθρώπων
3337 829 3536 900 ψυχαῖς
3557 827 3618 880 τὸ
3633 821 3773 880 εἷναι

2199 934 2338 1006 μετά
2360 932 2627 1003 σωμάτων
2643 932 2700 984 ἐν
2729 930 2940 1000 κόσμῳ,
2959 927 3066 981 ἔδει
3088 926 3144 980 δέ
3170 921 3328 988 εἶναι,
3353 923 3448 976 καὶ
3463 921 3523 974 οὐ
3535 919 3772 991 γυμνάς,

2195 1025 2305 1098 ἀρά
2339 1026 2536 1097 μᾶλλον
2567 1023 2652 1094 εἴη
2689 1039 2795 1093 περ
2820 1020 3056 1091 ἀληθῶς,
3086 1019 3185 1072 οὐκ
3204 1017 3289 1070 ἐπ’
3325 1017 3480 1086 εὐχῇ,
3498 1014 3591 1068 καὶ
3619 1016 3648 1066 ό
3678 1012 3776 1064 τοῦ

2196 1121 2440 1182 Μωσέως
2465 1118 2772 1190 εὑρίσκοιτο
2803 1115 2982 1185 λόγος.
3015 1114 3170 1184 Ἔχει
3199 1111 3256 1164 δὲ
3289 1112 3388 1180 οὐχ
3417 1108 3610 1172 οὕτως,
3658 1107 3776 1161 ἀλλ’

2199 1214 2256 1266 ἐν
2281 1211 2529 1280 εὐλογίας
2551 1210 2704 1275 τάξει
2749 1208 3065 1278 πεποίηται’
3093 1205 3195 1258 οὐκ
3229 1203 3336 1274 ἄρα
3359 1200 3627 1272 τιμωρίας
3663 1197 3777 1268 ἔχει

2199 1302 2355 1370 λόγον
2379 1305 2412 1373 ή
2449 1302 2742 1374 σάρκωσις.

2273 1391 2359 1462 ιβ’.
2389 1392 2722 1454 ΑΛΛΟ.Τοῖς
2735 1391 2904 1443 αἰτεῖν
2923 1384 3260 1460 ἐπιχειροῦσι
3282 1383 3489 1446 κακῶς,
3506 1383 3779 1438 ἐπινεύειν

2203 1482 2333 1546 Θεὸς
2363 1483 2464 1535 οὐκ
2493 1480 2764 1551 ἀνέχεται.
2796 1480 2904 1532 Καὶ
2931 1477 3120 1532 τούτου
3154 1475 3362 1546 μάρτυς
3389 1474 3520 1544 ήμῖν
3544 1471 3779 1542 ἀψευδὴς

2203 1577 2230 1628 ὁ
2251 1575 2343 1628 τοῦ
2364 1575 2614 1644 Σωτῆρος
2634 1573 2919 1643 γενήσεται
2944 1568 3214 1640 μαθητὴς,
3234 1586 3252 1618 ι
3293 1568 3526 1631 Αἰτεῖτε,
3540 1583 3558 1616 ι
3582 1564 3776 1630 λέγων,

2210 1677 2229 1718 'c
2261 1667 2353 1719 ml
2381 1667 2442 1718 οὐ
2471 1665 2799 1734 λαμϐάνετε,
2824 1663 2904 1715 ὅτι
2932 1661 3119 1726 κακῶς
3152 1657 3411 1714 αἰτεῖσθε.
3435 1676 3454 1709 ι
3489 1657 3661 1727 Εῐπερ
3687 1651 3783 1708 οὖν

2207 1762 2324 1812 ἐστι
2378 1756 2597 1818 κόλασις
2647 1755 2706 1808 τὸ
2761 1752 3160 1824 σωματωθῆναι
3217 1750 3419 1821 ψυχὴν,
3476 1748 3643 1801 Ἀννα
3684 1746 3780 1799 τοῦ

531 1863 710 1918 nuclis
744 1859 877 1920 tilia,
911 1853 1124 1924 inquiet
1170 1850 1393 1918 aliquis,
1425 1861 1535 1899 non
1565 1843 1918 1897 vehementer
1947 1851 2104 1891 erra-

2215 1849 2504 1919 Φανουὴλή
2547 1846 2814 1916 θυγάτηρ,
2847 1843 2962 1907 πῶς
3005 1844 3104 1896 οὐκ
3143 1841 3379 1910 εὐλόγως
3409 1841 3524 1912 ἐρεῖ
3552 1856 3661 1902 τις,
3698 1839 3781 1891 ὅτι

532 1958 649 2017 bat,
679 1968 804 2006 cum
842 1960 953 2002 tam
997 1945 1156 1999 enixe
1204 1941 1374 1994 tilium
1407 1937 1516 1992 sibi
1554 1951 1584 1989 a
1623 1932 1734 1988 Deo
1784 1936 1994 2003 peteret
2023 1927 2106 1980 ’ῖθῖ

531 2048 786 2101 Animam
814 2041 1015 2113 quippe
1043 2036 1301 2091 deorsum
1329 2031 1480 2102 pelli,
1499 2038 1552 2084 et
1572 2029 1625 2081 in
1656 2039 1858 2095 corpus
1888 2019 2105 2077 detrudi

536 2137 817 2212 poscebat.
860 2127 1277 2201 At~quomodo-,
1318 2139 1528 2194 quaso,
1578 2120 1750 2175 [ilium
1798 2116 1900 2187 ipsi
1962 2113 2106 2168 Deus

535 2233 753 2287 beatum
796 2223 1111 2281 Samuelem
1172 2217 1429 2280 tradidit,
1497 2213 1542 2268 si
1591 2212 1811 2283 quidem
1851 2219 2109 2279 peccasse

535 2325 688 2394 prius
722 2319 960 2373 animam
1001 2311 1313 2384 oportebat,
1357 2316 1418 2360 ut
1446 2305 1679 2376 implexa
1721 2299 1944 2370 corpori
1991 2312 2109 2350 tnu-

534 2388 688 2474 lieris
737 2424 923 2470 votum
983 2406 1273 2479 impleret?
1303 2403 1466 2473 Atqui
1519 2400 1664 2455 Deus
1711 2393 1960 2457 tradidit,
2016 2388 2110 2461 qui

534 2507 757 2566 nonnisi
811 2505 956 2560 bona
1005 2501 1138 2555 dare
1185 2503 1403 2569 potest,
1457 2505 1694 2562 cumque
1745 2487 1801 2542 id
1858 2492 2111 2556 prompto

537 2601 724 2655 animo
750 2596 855 2667 ipsi
883 2590 1164 2654 annuerit,
1189 2596 1376 2643 votum
1409 2585 1530 2654 ejus
1557 2583 1628 2637 ab
1657 2578 1805 2636 omni
1837 2573 2112 2631 calumnia

538 2695 756 2748 liberat.
799 2689 918 2743 Non
951 2685 1118 2756 igitur
1155 2683 1226 2737 ob
1260 2680 1561 2734 admissum
1595 2682 1882 2745 peccatum
1915 2682 2114 2737 corpo-

539 2786 693 2850 ribus
720 2781 902 2835 anima
943 2774 1265 2838 includitur,
1302 2783 1481 2840 neque
1507 2767 1563 2822 id
1591 2765 1640 2821 ei
1673 2763 1740 2818 ad
1770 2775 1988 2834 poenam
2020 2758 2113 2812 da—

538 2890 677 2942 tum,
705 2881 765 2929 ut
788 2871 979 2926 volunt
1007 2865 1279 2922 nonnulli.

613 2970 696 3024 15.
728 2961 958 3019 ALIUD.
996 2957 1054 3014 Si
1077 2971 1280 3028 corpus
1307 2953 1505 3008 animae
1532 2947 1772 3005 hominis
1797 2945 1862 3000 ad
1894 2956 2115 3014 poenam

538 3062 724 3115 datum
775 3063 880 3120 est,
919 3051 1052 3123 quid
1101 3047 1394 3103 Ezechiam
1427 3040 1627 3112 adegit,
1660 3039 1813 3092 illum
1852 3035 2113 3090 Hieroso-

2206 1942 2300 1995 τοῦ
2367 1941 2670 2011 πρέποντος
2727 1934 3104 2005 άπεσφάλλετο
3165 1933 3405 2004 μακράν,
3458 1932 3600 1985 οὕτω
3646 1931 3782 2001 πρὸς

2207 2033 2338 2086 Θεὸν
2387 2031 2739 2086 ἀνατείνουσα
2764 2027 2863 2097 τὴν
2913 2025 3099 2098 εὐχὴν,
3151 2025 3244 2078 καὶ
3292 2023 3518 2077 αἰτοῦσα
3560 2023 3786 2094 σπέρμα

2209 2125 2435 2197 άνδρός;
2467 2124 2647 2194 ψυχῆς
2695 2123 2803 2194 γάρ
2839 2121 2954 2192 ᾔτει
3008 2118 3383 2182 κατάπτωσιν,
3430 2117 3525 2169 καὶ
3576 2116 3673 2187 τὴν
3703 2119 3785 2180 είς

2212 2219 2370 2287 σῶμα
2415 2215 2662 2270 κάθοδον.
2689 2215 2814 2276 Πῶς
2841 2211 2897 2265 δὲ
2943 2211 3079 2273 ὅλως
3111 2209 3207 2262 καὶ
3259 2209 3373 2262 υἱὸν
3423 2210 3560 2280 αὐτῇ
3613 2207 3786 2262 ἐδίδου

2210 2308 2343 2372 Θεὸς
2365 2308 2455 2361 τὸν
2484 2307 2634 2375 ἆγιον
2665 2303 2938 2376 Σαμουὴλ,
2974 2302 3131 2372 εἴπερ
3163 2301 3267 2353 ἔδει
3289 2302 3506 2364 πάντως
3539 2299 3788 2372 ἁμαρτῆ-

2213 2420 2304 2456 σαι
2327 2401 2525 2472 ψυχὴν,
2547 2401 2633 2454 ἵνα
2663 2399 2728 2470 δὴ
2748 2399 2843 2452 καὶ
2872 2395 3220 2468 ἐμπλακεῖσα
3235 2394 3446 2465 σώματι
3471 2396 3536 2465 τῇ
3567 2393 3791 2462 γυναικὶ¹

2213 2495 2478 2568 πληρώσῃ
2510 2494 2608 2565 τὴν
2646 2491 2899 2562 animum;
2939 2489 3099 2542 Ἀλλά
3142 2489 3249 2559 μὴν
3281 2488 3373 2541 καὶ
3421 2485 3552 2549 Θεὸς
3594 2485 3792 2549 ἐδίδου,

2213 2588 2351 2664 μόνα
2373 2585 2630 2656 πεφυκὼς
2653 2584 2852 2638 διδόναι
2879 2582 2946 2635 τὰ
2973 2581 3176 2651 ἀγαθὰ,
3214 2581 3308 2634 καὶ⁸
3337 2578 3644 2652 προχείρως
3671 2580 3792 2629 ἐπι-

2213 2680 2408 2744 νεύσας
2432 2679 2590 2751 αὐτῇ,
2613 2674 2881 2747 λοιδορίας
2910 2674 3128 2744 ἁπάσης
3149 2671 3426 2743 ἐλευθεροῖ
3438 2671 3533 2742 τὴν
3551 2671 3771 2741 αἴτησιν

2214 2773 2328 2826 Οὐκ
2344 2772 2451 2843 ἄρα
2475 2767 2534 2834 ἐξ
2562 2767 2886 2839 άμαρτίαςή
2916 2770 3212 2836 σάρκωσις,
3242 2763 3357 2816 ἀλλ’
3376 2761 3496 2816 οὐδὲ
3519 2761 3796 2826 κολάσεως

2213 2859 2413 2929 τρόπος
2431 2859 2571 2912 κατά
2599 2875 2770 2921 τινας.

2289 2949 2378 3019 ιγ’.
2411 2949 2612 3003 ΔΛΛΟ.
2645 2950 2705 3002 ΕΞ
2740 2950 2797 3002 ἐν
2820 2947 2970 3014 τάξει
3007 2945 3278 3018 τιμωρίας
3299 2945 3509 3000 δέδοται
3542 2945 3603 2999 τὸ
3635 2944 3797 3016 σῶμα

2216 3044 2283 3113 τῇ
2305 3041 2592 3114 ἀνθρώπου
2621 3042 2788 3112 ψυχῇ,
2826 3040 2879 3093 τί
2899 3040 2958 3092 τὸ
2996 3038 3256 3102 πεπεικὸς
3293 3037 3542 3110 Ἐζεκίαν
3571 3036 3662 3091 τὸν
3693 3037 3796 3106 τῆς

541 3151 813 3220 Iymorum
847 3157 1028 3212 regem
1060 3138 1360 3210 sapientem
1394 3149 1459 3189 ac
1488 3133 1716 3196 bonum,
1749 3138 1806 3183 ut
1850 3143 1960 3182 non
1998 3127 2112 3182 sine

2229 3135 2583 3205 Ἰερουσαλὴμ
2615 3132 2856 3203 βασιλέα,
2891 3131 3068 3185 καίτοι
3093 3131 3256 3198 σοφὸν
3281 3130 3410 3184 ὄντα
3438 3131 3534 3184 καὶ⁵
3564 3130 3793 3200 ἀγαθὸν,

538 3238 756 3296 acerbis
812 3232 1072 3305 lacrymis
1122 3229 1376 3300 corporis
1421 3232 1655 3280 mortem
1705 3221 2114 3290 deprecaretur,

536 3347 640 3388 nec
673 3331 766 3384 illo
797 3325 1070 3398 supplicio
1103 3322 1263 3378 vellet
1293 3317 1502 3376 exsolvi
1528 3319 1569 3382 ¹,
1595 3313 1691 3372 sed
1721 3327 1989 3368 annorum
2025 3326 2118 3366 ac—

541 3423 796 3479 cessione
817 3434 1022 3488 corpus
1044 3430 1206 3472 suum
1225 3411 1488 3469 honorari
1511 3416 1740 3481 peteret,
1760 3421 1884 3462 cum
1913 3403 2117 3475 alioqui

529 3517 702 3584 longe
751 3510 927 3566 satius
970 3518 1140 3574 esset,
1183 3505 1230 3562 si
1279 3519 1471 3560 verum
1521 3509 1606 3556 est
1663 3513 1899 3570 corpore
1953 3495 2116 3567 plecti

543 3603 808 3663 animam,
832 3614 941 3652 non
970 3605 1203 3651 mortem
1244 3590 1554 3662 deprecari,
1580 3589 1674 3644 sed
1707 3603 1872 3660 grave
1911 3595 1966 3642 et
2001 3601 2121 3640 mo-

533 3698 745 3748 ’lestmlt
775 3690 979 3744 dueere
1022 3687 1264 3741 animam
1317 3697 1440 3737 cum
1473 3695 1708 3749 corpore
1750 3677 2034 3748 conjungi,
2067 3683 2121 3732 ct

546 3785 615 3839 ob
645 3784 766 3851 ejus
812 3777 1236 3834 dissolutionem
1266 3773 1476 3844 gratias
1525 3785 1683 3840 agere
1728 3769 1914 3840 potius
1953 3783 2116 3838 quam

547 3876 616 3931 ob
667 3873 857 3927 vitam.
903 3868 1014 3939 33
1050 3864 1336 3933 Quomodo
1375 3876 1506 3917 vero
1531 3860 1828 3932 singularis
1869 3857 2119 3913 beneﬁcii

548 3969 672 4020 loco
703 3960 1055 4033 promittebat
1088 3957 1163 4012 illi
1200 3955 1344 4012 Deus
1365 3956 1590 4011 dicens:
1618 3972 1635 4005 ι
1665 3952 1808 4007 Ecce
1835 3951 2029 4006 addam
2051 3949 2119 4004 ad

547 4055 664 4108 dies
709 4058 835 4106 tuos
882 4049 1128 4122 quinque
1161 4053 1216 4101 et
1265 4044 1454 4099 decem
1508 4058 1682 4098 annos
1713 4043 1760 4109 ¹,·
1797 4061 1816 4094 ›
1849 4056 1974 4095 cum
2028 4040 2119 4094 illa

541 4144 845 4217 promissio
908 4138 1160 4211 supplicii
1226 4137 1540 4208 prorogatio
1583 4144 1750 4198 esset,
1792 4149 1902 4188 non
1954 4133 2121 4188 bene-

549 4237 768 4300 ﬁcium,
808 4233 853 4289 si
894 4247 1084 4287 verum
1141 4229 1218 4283 illi
1266 4227 1488 4282 docent.
1523 4225 1592 4278 At
1641 4239 1773 4280 vero
1819 4238 2118 4294 supernum

548 4332 752 4386 donum
804 4335 858 4383 et
895 4327 1071 4397 gratia
1104 4333 1222 4378 erat
1269 4321 1360 4376 illa
1393 4319 1708 4390 promissio,
1749 4325 1804 4373 et
1845 4330 2118 4372 annorum

546 4419 863 4494 prorogatio
899 4436 911 4471 :
954 4432 1064 4470 non
1106 4430 1236 4486 ergo
1279 4412 1347 4469 ad
1399 4411 1726 4482 supplicium
1781 4423 1985 4480 corpus
2021 4407 2120 4462 do-

546 4521 707 4568 natur
732 4511 948 4564 animat.

620 4603 704 4658 M.
737 4597 966 4653 ALIUD.
1003 4594 1060 4650 Si
1088 4593 1158 4648 ad
1191 4607 1409 4662 poenam
1438 4591 1624 4646 datum
1654 4596 1740 4644 est
1768 4603 1970 4660 corpus
1999 4589 2117 4642 ani-

548 4710 670 4759 mae,
702 4707 866 4764 quam
899 4690 1131 4762 gratiam
1152 4686 1300 4742 Deus
1328 4683 1580 4740 retribuit
1608 4683 1864 4737 eunucho
1894 4681 1993 4749 illi,
2027 4681 2121 4751 qui

546 4784 838 4840 Jeremiam
877 4781 1066 4836 eduxit
1089 4793 1120 4833 e
1147 4778 1290 4842 lacu,
1317 4776 1540 4832 dicens:
1571 4792 1590 4824 ι
1618 4774 1684 4827 Ει
1714 4772 1856 4829 dabo
1881 4773 2121 4826 animam

552 4885 699 4930 tuam
732 4875 788 4928 in
813 4887 929 4926 rem
951 4872 1250 4933 inventam,
1272 4878 1327 4925 et
1353 4867 1586 4924 servabo
1609 4876 1661 4921 te
1689 4881 1719 4920 a
1736 4864 2006 4920 Chaldaeis
2029 4864 2069 4917 ³.
2097 4881 2116 4915 ι

554 4967 738 5022 Satius
765 4964 910 5019 enim
939 4961 1130 5015 fuisset
1159 4960 1316 5015 illum
1351 4959 1490 5014 mori
1521 4959 1722 5024 sinere,
1747 4964 1806 5010 ut
1833 4957 1937 5011 hoc
1963 4963 2123 5026 pacto

551 5073 676 5117 eum
701 5058 1022 5120 honoraret,
1049 5052 1287 5106 vinculis
1317 5062 1370 5106 et
1397 5065 1559 5120 pmna
1583 5050 1832 5118 corporis
1861 5049 2121 5102 solutum.

469 5210 472 5214 ,
553 5151 727 5220 Quam
775 5156 976 5212 autem,
999 5157 1205 5214 quaeso,
1240 5142 1502 5198 lsraelitis
1534 5141 1970 5195 adolescentibus
2004 5153 2126 5208 gra-

552 5245 682 5300 tiam
722 5239 973 5297 contulit,
1003 5237 1130 5292 dum
1159 5248 1255 5290 eos
1289 5249 1319 5288 a
1366 5233 1581 5287 ﬂamma
1641 5231 1878 5286 servavit
1922 5239 1978 5284 et
2019 5229 2125 5283 im-

553 5334 810 5391 manitate
838 5325 1308 5402 Babyloniorum?
1337 5322 1511 5389 Quam
1549 5321 1620 5376 ob
1654 5335 1879 5375 causam
1929 5319 2125 5375 Danie-

555 5429 658 5484 Iem
687 5441 717 5481 a
741 5423 1079 5479 ‘crudclitate
1109 5420 1325 5473 leonum
1354 5415 1557 5484 eripuit
1581 5412 1643 5466 "?
1671 5413 1738 5465 At
1766 5427 1893 5467 vero
1923 5412 2124 5479 beneﬁ-

553 5519 638 5571 cia
673 5519 776 5572 ista
833 5522 983 5576 sunt,
1037 5524 1136 5580 pro
1186 5505 1390 5578 quibus
1424 5504 1573 5556 illum
1609 5503 1769 5561 etiam
1812 5501 2030 5570 hymnis
2071 5510 2124 5553 ct

556 5608 808 5664 laudibus
843 5603 1250 5678 prosequimur.
1278 5598 1398 5652 Non
1425 5611 1558 5666 ergo
1580 5594 1644 5648 ad
1685 5608 1902 5663 ptenam
1927 5594 2122 5646 aninue

625 5724 668 5752 "
713 5721 865 5775 Deut.
901 5735 954 5781 ι,
981 5719 1073 5772 2‘2.
1139 5717 1184 5749 ’°
1220 5714 1335 5769 .Iac.
1369 5729 1442 5775 ιν,
1475 5712 1525 5770 ὅ.
1584 5715 1631 5747 ⁹⁹
1671 5714 1686 5768 I
1723 5715 1850 5787 Ileg.
1887 5733 1934 5779 ι,
1971 5711 2112 5769 Ill-2‘

2246 5719 2261 5750 ⁸
2302 5715 2368 5769 IV
2403 5715 2536 5786 Reg.
2580 5731 2682 5781 xx,
2718 5713 2739 5765 1
2776 5727 2896 5782 sqq.

579 5791 748 5845 ‘Dan.
785 5806 841 5846 tu
867 5829 882 5853 ,
921 5792 945 5843 1
982 5805 1102 5857 sqq.

2219 3227 2471 3298 δακρύων
2505 3227 2564 3279 οὐ
2604 3226 2724 3297 δίχα
2777 3224 2991 3294 πικρῶν
3020 3223 3403 3294 παραιτεῖσθαι
3450 3222 3546 3293 μὲν
3578 3222 3669 3275 τὸν
3695 3222 3797 3292 τῆς

2221 3319 2421 3390 σαρκὸς
2439 3319 2687 3380 θάνατον,
2724 3317 2818 3370 καὶ
2847 3315 3218 3370 ἀποδύσασθαι
3243 3314 3304 3368 τὸ
3339 3313 3564 3378 κολάζον
3595 3315 3796 3377 ὀκνεῖν,

2218 3410 2354 3462 ἐτῶν
2377 3409 2433 3461 δὲ
2464 3408 2752 3479 προσθήκῃ
2776 3406 3038 3476 τιμᾶσθαι
3075 3404 3434 3477 παρακαλεῖν,
3475 3403 3652 3458 καίτοι
3680 3402 3799 3457 λίαν

2219 3501 2408 3571 ἐχρῆν,
2457 3499 2613 3570 εἴπερ
2656 3495 2723 3569 ἦν
2765 3499 2952 3563 ὅντως,
2997 3498 3057 3550 οὐ
3107 3497 3361 3551 τεθνάναι
3413 3493 3797 3566 παραιτεῖσθαι

2222 3591 2443 3662 μᾶλλον,
2477 3590 2802 3662 ἡγεῖσθαιδέ
2834 3588 3089 3661 φορτικὸν
3129 3590 3190 3642 τὸ
3235 3588 3652 3659 συμπεπλέχθαι
3696 3585 3798 3640 σώ-

2225 3700 2375 3754 ματι,
2406 3681 2500 3735 καὶ
2537 3682 2627 3735 ἐπὶ
2652 3680 2827 3751 τούτῳ
2870 3681 3029 3752 χάριν
3059 3680 3204 3750 ήπερ
3242 3679 3336 3731 ἐπὶ
3377 3679 3491 3740 τοῖς
3528 3676 3794 3739 ἐναντίοις

2219 3772 2518 3843 ὁμολογεῖν.
2543 3771 2667 3835 Πῶς
2707 3770 2766 3823 δέ
2813 3770 2888 3833 ὼς
2931 3772 2988 3822 ἐν
3018 3770 3238 3840 χάριτος
3283 3767 3438 3838 μέρει
3468 3766 3601 3830 Θεὸς
3623 3769 3797 3836 ἐπηγδ

2219 3865 2436 3933 γέλλετο
2455 3864 2628 3931 λέγων
2652 3861 2817 3932 αὐτῷ·
2858 3861 3018 3914 (Ἰδοὺ
3045 3859 3377 3930 προστίθημι
3397 3860 3477 3922 είς
3498 3858 3588 3912 τὸν
3606 3858 3798 3930 χρόνον

2223 3972 2316 4009 σου
2357 3954 2449 4026 ἔτη
2498 3953 2831 4018 δεκαπέντε;
2880 3971 2898 4005 ι
2947 3953 3122 4006 καίτοι
3188 3951 3474 4022 προσθήκη
3525 3949 3798 4012 κολάσεως
3860 3975 3872 3986 ·

2227 4049 2326 4102 οὐκ
2357 4048 2602 4110 εὐποιίας
2636 4046 2856 4118 τρόπος,
2885 4048 2920 4116 ή
2955 4045 3246 4116 ὑπόσχεσις
3289 4040 3378 4116 ἦν,
3410 4044 3569 4115 εἴπερ
3603 4043 3801 4095 ἐκεῖνοι

2221 4140 2614 4213 πρεσϐεύουσιν
2638 4139 2834 4210 ἀληθῆ.
2879 4137 3038 4191 Ἀλλά
3061 4139 3166 4209 μὴν
3188 4139 3357 4208 δῶρον
3376 4135 3582 4190 ἄνωθεν
3610 4137 3644 4207 ή
3671 4133 3798 4187 ὐπόο

2223 4251 2404 4305 σχεσις
2426 4230 2514 4305 ἦν,
2559 4234 2654 4288 καὶ
2701 4234 2734 4303 ἡ
2767 4232 3056 4304 προσθήκη
3093 4232 3272 4302 χάρις·
3305 4231 3405 4284 οὐκ
3443 4231 3553 4301 ἄρα
3582 4229 3798 4289 κόλασις

2220 4329 2336 4391 ταῖς
2368 4327 2568 4397 ψυχαῖς
2599 4328 2631 4396 ἡ
2663 4324 3006 4396 σωμάτωσις.

2296 4588 2377 4643 ιδ’.
2412 4587 2614 4641 ΑΛΛΟ.
2647 4586 2709 4640 Et
2738 4587 2795 4640 ἐν
2824 4585 2974 4652 τάξει
3005 4585 3276 4647 κολάσεως
3306 4583 3514 4637 δέδοται
3540 4584 3603 4636 τὸ
3638 4583 3797 4654 σῶμα

2222 4680 2288 4750 τῇ
2312 4677 2406 4732 τοῦ
2437 4676 2724 4748 ἀνθρώπου
2774 4675 2942 4746 ψυχῇ,
2985 4675 3144 4728 ποίαν
3193 4673 3464 4728 ἀντεδίδου
3525 4676 3685 4746 χάριν
3721 4673 3798 4744 τῷ

2222 4769 2462 4839 εὐνούχῳ
2498 4769 2628 4832 Θεὸς
2671 4768 2747 4838 τῷ
2792 4767 3136 4834 άνενεγκόντι
3180 4765 3271 4818 τὸν
3308 4766 3576 4837 Ἰερεμίαν
3614 4768 3679 4820 ἐκ
3708 4765 3797 4818 τοῦ

2222 4861 2451 4924 λάκκου,
2473 4860 2665 4928 λέγων,
2706 4878 2724 4911 ι
2749 4859 2858 4912 Καὶ
2883 4858 3040 4912 δώσω
3080 4858 3176 4929 τὴν
3203 4857 3381 4929 ψυχήν
3418 4874 3511 4910 σου
3545 4859 3626 4920 είς
3648 4856 3804 4928 εὐρε-

2231 4972 2327 5027 μα,
2366 4953 2457 5006 καὶ
2490 4951 2737 5005 διασώσω
2767 4968 2826 5005 σε
2872 4954 2936 5005 ἐκ
2969 4951 3076 5004 τῶν
3099 4950 3414 5017 Χαλδαίων;
3451 4966 3473 5003 t
3515 4951 3664 5003 Ἔδει
3693 4949 3800 5021 γάρ

2231 5041 2430 5113 μᾶλλον
2459 5041 2822 5112 ἀποθνήσκειν
2850 5042 2964 5112 ἐᾷν,
2990 5041 3074 5093 ἵνα
3101 5039 3196 5094 καὶ
3219 5041 3452 5112 τιμήσῃ,
3481 5039 3684 5110 δεσμοῦ
3711 5040 3804 5092 καὶ

2228 5133 2504 5198 κολάσεως
2557 5132 2808 5187 άπολύων
2854 5133 3036 5187 αὐτόν.
3083 5133 3148 5185 Τί
3171 5132 3247 5198 δέ,
3285 5132 3404 5184 είπέ
3449 5149 3561 5202 μοι,
3607 5135 3720 5195 τοῖς
3747 5130 3805 5198 ἐξ

2241 5225 2455 5297 Ἰσραὴλ
2507 5224 2745 5289 νεανίαις
2798 5224 3117 5294 ἐχαρίζετο,
3161 5222 3441 5288 διασώζων
3486 5223 3687 5285 αὐτοὺς
3743 5222 3806 5276 ἐκ

2229 5319 2425 5389 φλογὸς
2502 5318 2597 5372 καὶ
2645 5319 2744 5389 τῆς
2795 5316 2903 5370 τῶν
2963 5315 3318 5371 Βαϐυλωνίων
3371 5315 3806 5385 ἀπανθρωπίας;

2235 5414 2396 5466 Ὅτου
2429 5411 2484 5465 δέ
2508 5411 2666 5482 χάριν
2695 5409 2796 5480 τῆς
2825 5409 2932 5462 τῶν
2961 5408 3188 5460 λεόντων
3215 5407 3494 5477 ὠμότητος
3523 5406 3612 5459 τὸν
3646 5403 3810 5474 σοφὸν

2232 5501 2506 5574 ἐξήρπαξε
2529 5501 2760 5572 Δανιήλ;
2806 5500 2964 5553 Ἀλλὰ
3002 5499 3105 5570 μὴν
3137 5497 3310 5551 ταῦτα
3355 5496 3611 5570 πράττων
3653 5497 3812 5565 εὐερ-

2232 5598 2398 5663 γετεῖ,
2435 5595 2527 5648 καὶ
2559 5593 2646 5647 διά
2672 5592 2841 5647 ταῦτα
2870 5591 3174 5659 δοξάζεται.
3211 5591 3323 5643 Οὐκ
3346 5590 3454 5660 ἀρα
3485 5588 3687 5660 τρόπος
3721 5603 3809 5642 τι·

2975 5715 2993 5744 ε
3037 5710 3238 5764 ibid.6.
3317 5707 3561 5763 ’Jerem.
3598 5697 3826 5772 xtv,5.'
