4092 6274
356 416 455 479 ut

1449 401 1520 465 ΙΝ
1551 402 1837 464 ΙΟΑΝΝῘΒ
1874 396 2324 459 EVANGELIUM
2366 404 2560 461 ΗΒΑ.

3494 410 3598 466 “'2

358 536 574 609 μωρίας
595 535 712 591 ἐστὶ
762 524 825 589 τὸ
862 530 1088 587 ἐνοικεῖν
1132 532 1201 601 τῇ
1244 526 1408 600 σαρκὶ
1431 569 1447 595 ,
1485 527 1574 583 ἵνα
1609 523 1685 599 μὴ
1731 522 1926 580 ταυτδν

2036 536 2229 593 corpus
2261 530 2348 580 est
2378 522 2662 589 traditum,
2691 538 2761 580 ne
2792 523 2933 580 idem
2961 524 3035 580 sit
3056 525 3207 596 apud
3248 523 3417 581 Deum
3459 540 3597 596 prap-

357 628 447 699 εἴη
478 627 631 698 παρά
656 623 775 696 Θεῷ
815 623 944 693 τιμὴ
967 623 1061 676 καὶ
1091 620 1328 684 κόλασις.

433 718 514 772 ιε’.
537 718 738 772 ΑΛΛΟ.
763 715 885 770 Ὅτι
915 713 1023 767 τῶν
1065 708 1280 782 ἐκάστῲ
1307 708 1653 782 βεϐιωμένων
1683 702 1929 772 ἐξέτασις

361 810 512 865 ἔσται
532 811 670 864 κατὰ
698 807 886 877 καιρὸν
909 808 1001 861 ἐπὶ
1027 806 1119 860 τοῦ
1153 805 1296 859 θείου
1320 803 1560 875 βήματος
1603 800 1931 855 ἐκδιδάσκων

360 905 390 957 ὁ
419 902 645 967 Παῦλος,
679 900 832 971 φησί’
867 898 1048 972 ιῇΤοὺς
1070 900 1178 970 γὰρ
1210 899 1417 960 πάντας
1439 897 1585 967 ἡμᾶς
1614 892 1932 966 φανερωθῆ-

361 1011 447 1048 ναι
467 995 549 1048 δεῖ
568 991 879 1064 ἔμπροσθεν
907 990 1003 1045 τοῦ
1027 990 1267 1061 βήματος
1304 986 1400 1043 τοῦ
1427 986 1683 1059 Χριστοῦ,
1722 985 1808 1039 ἵνα
1840 1002 1933 1039 κου

361 1085 587 1157 μίσηται
618 1084 853 1146 ἕκαστος
883 1081 953 1136 τά
981 1082 1068 1137 διὰ
1095 1080 1187 1137 τοῦ
1219 1077 1493 1151 σώματος,
1540 1078 1677 1148 πρὸς
1696 1075 1733 1130 ἃ
1760 1074 1931 1146 ἐπρα-

358 1174 469 1242 ξεν,
496 1174 608 1229 εἴτε
634 1175 859 1244 ἀγαθὸν,
889 1174 999 1227 εἴτε
1027 1173 1247 1243 φαῦλον.
1275 1191 1295 1226 ι
1318 1172 1382 1226 Εί
1405 1170 1566 1224 δέἐπῒ.
1598 1168 1778 1240 μόνοις
1819 1168 1935 1231 τοῖς

357 1265 447 1319 διὰ
472 1264 849 1335 τοῦησώματος
879 1265 913 1336 ἢ
946 1263 1234 1329 κολάζεται
1266 1280 1369 1327 τις,
1398 1263 1564 1334 ῆγουν
1584 1261 1683 1329 τῆς
1707 1257 1934 1326 δεούσης

358 1356 602 1422 ἀξιοῦται
635 1353 832 1427 ’τιμῆς,
883 1357 1068 1427 μνήμη
1121 1355 1179 1409 δὲ
1227 1354 1452 1424 οὐδεμία
1494 1348 1934 1424 προγενεστέρων

361 1447 797 1518 ἁμαρτημάτων,
849 1445 964 1499 ἀλλ’
994 1445 1115 1499 οὐδὲ
1141 1444 1509 1516 πρεσϐύτερον
1535 1442 1633 1511 τῆς
1666 1440 1935 1508 γενέσεως

361 1536 617 1607 ῐγκλημα
645 1535 1042 1608 ζητηθήσεται⁸
1096 1535 1213 1599 πῶς
1246 1535 1354 1604 ἄρα
1403 1532 1580 1606 προῆν
1618 1535 1652 1603 ἡ
1684 1531 1866 1604 ψυχῆς
1897 1530 1933 1603 ἢ

363 1629 481 1691 πῶς
516 1628 574 1694 ἐξ
593 1628 867 1698 ἁμαρτίας
895 1627 1253 1697 ἐταπεινώθη,
1279 1626 1421 1683 κατά
1447 1643 1620 1687 τινας,
1650 1618 1685 1696 ᾖ
1714 1625 1809 1677 καὶ
1838 1623 1936 1694 μό-

364 1735 457 1781 νος
484 1718 722 1788 ὁρίζεται
751 1719 940 1789 χρόνος
964 1721 992 1771 ὁ
1028 1719 1166 1790 μετὰ
1194 1718 1415 1790 σαρκὸς,
1451 1716 1539 1773 διὰ
1561 1717 1653 1771 τοῦ
1686 1716 1822 1787 μόνα
1843 1714 1939 1787 ζη-

366 1810 577 1864 τεῖσθαι
600 1810 670 1863 τὰ
692 1810 756 1864 δι’
790 1810 994 1882 αύτῆς;

444 1984 527 2048 ις’.
581 1985 784 2038 AAAO.
841 1985 901 2037 Εί
954 1984 1020 2038 ἐκ
1082 1983 1468 2056 πρεσϐυτέρων
1530 1985 1936 2058 ἁμαρτημάτων

369 2072 807 2143 ἑσωματώθησαν
851 2074 906 2126 αἱ
945 2071 1132 2142 ψυχαὶ,
1177 2071 1294 2135 πῶς
1325 2073 1354 2126 ό
1394 2071 1602 2137 Παῦλος
1644 2075 1773 2145 ἡμῖν
1814 2077 1936 2128 ἐπι-

368 2162 597 2225 στέλλει,
624 2181 643 2215 ι
675 2162 1090 2234 Παραστήσατε,
1123 2180 1142 2213 ι
1164 2161 1356 2231 λέγων,
1390 2182 1409 2215 ι
1434 2163 1503 2218 τὰ
1527 2163 1755 2235 σώματα
1783 2164 1936 2236 ὑμῶν

363 2250 556 2306 θυσίαν
590 2252 788 2318 ζῶσαν,
823 2252 1004 2321 ἁγίαν,
1041 2251 1334 2324 εὐάρεστον
1367 2250 1445 2323 τῷ
1485 2250 1625 2323 Θεῷ.
1669 2271 1688 2305 ι
1725 2252 1790 2306 El
1827 2253 1938 2324 γὰρ

363 2345 422 2398 ιν
450 2343 601 2409 τάξει
630 2344 901 2416 τιμωρίας
931 2344 1137 2399 δέδοται
1164 2346 1285 2409 ταῖς
1322 2344 1534 2409 ἀθλίαις
1570 2343 1792 2415 ψυχαῖς,
1821 2345 1938 2411 πῶς

362 2434 443 2498 είς
463 2435 638 2506 ὀσμὴν
660 2436 885 2501 εὐωδίας
912 2438 1336 2508 παραστήσομεν
1360 2437 1500 2494 αὐτὰ
1526 2438 1605 2509 τῷ
1627 2438 1746 2510 Θεῷ
1766 2439 1939 2505 ;κᾶτὰ

362 2525 487 2580 τίνα
510 2524 567 2578 δὲ
597 2525 795 2599 τρόπον
825 2526 1117 2597 εὐάρεστον
1145 2524 1298 2580 ἔσται
1323 2526 1384 2579 τὸ
1412 2526 1479 2579 δι’
1516 2519 1578 2580 οῦ
1606 2526 1938 2599 κατακεκρί-

366 2615 535 2687 μεθα;
565 2616 599 2689 ἢ
640 2596 792 2671 ποῖον
817 2596 954 2680 ὅλως
977 2617 1178 2689 ἀρετῆς
1196 2616 1503 2685 ἐπιδέξεται
1526 2617 1729 2689 τρόπον
1760 2618 1823 2671 τὸ
1846 2596 1939 2672 κο-

360 2708 547 2777 λάζειν
584 2710 844 2781 πεφυκὸς,
870 2712 965 2765 καὶ
1001 2710 1156 2783 ῥίζαν
1186 2711 1307 2783 ἔχον
1332 2710 1432 2783 τὴν
1463 2713 1772 2784 ἅμαρτίαν;

434 2886 522 2952 ιζ’.
558 2886 758 2940 ΑΛΛΟ.
784 2886 944 2941 Κατὰ
968 2887 1148 2959 πάσης
1193 2888 1573 2960 ἐκτεινομένην
1597 2888 1696 2960 τῆς
1732 2888 1940 2961 ἀνθρὼ-

362 2995 467 3031 που
488 2978 698 3048 φύσεως
715 2979 813 3050 τὴν
848 2978 1073 3051 φθοράν,
1093 2978 1180 3034 διὰ
1207 2978 1307 3051 τὴν
1338 2980 1397 3033 ἐν
1426 2979 1597 3049 Ἀδὰμ
1629 2979 1940 3052 παράϐασιν

375 3070 715 3125 ἐπιδεικνύων
758 3073 786 3126 ὀ
812 3070 1042 3141 Παῦλος,
1072 3071 1254 3142 φησίν·
1293 3091 1312 3124 ι
1365 3070 1501 3126 Ἀλλ’
1544 3072 1887 3127 ἐϐασίλευσεν
1913 3074 1941 3126 ὁ

2030 609 2199 663 mium
2223 617 2276 665 et
2299 626 2483 682 paena.

2103 705 2192 760 l5.
2225 705 2457 762 ALIUD.
2484 704 2689 762 Eorum
2723 722 2847 779 quae
2876 706 3114 779 quisque
3145 706 3199 762 in
3234 707 3344 762 vita
3370 709 3600 778 patrarit

2031 795 2329 867 aliquando
2357 796 2801 869 disquisitionem
2844 797 2957 854 fore
3001 795 3146 870 apud
3210 796 3303 854 Dei
3357 798 3600 855 tribunal

2030 886 2234 946 Paulus
2256 888 2513 954 edocens,
2545 891 2659 946 ait:
2700 907 2720 943 ι
2777 888 2981 945 Omnes
3036 891 3183 945 enim
3232 906 3335 947 nos
3374 889 3602 946 manife-

2032 982 2169 1037 stari
2192 990 2406 1053 oportet
2428 990 2553 1039 ante
2585 982 2825 1038 tribunal
2846 980 3050 1038 Clu-isti
3073 1021 3088 1046 ,
3121 988 3178 1035 ut
3198 979 3398 1037 referat
3433 997 3602 1036 unus-

2030 1071 2266 1143 quisque
2297 1072 2513 1142 prOpria
2531 1069 2798 1142 corporis,
2829 1078 2991 1141 prout
3011 1070 3205 1141 gessit,
3231 1070 3345 1125 sive
3372 1069 3599 1132 bonum,

2034 1158 2151 1214 sive
2175 1159 2373 1215 malum
2402 1161 2444 1215 ³.
2489 1179 2510 1213 ι
2542 1160 2600 1215 Si
2624 1174 2756 1215 vero
2789 1174 2887 1230 pro
2914 1160 3047 1214 solis
3069 1159 3317 1223 corporis
3343 1159 3603 1228 operibus
3708 1195 3717 1203 ο

2033 1251 2258 1320 punitur
2303 1252 2524 1322 aliquis,
2561 1258 2654 1307 aut
2702 1266 2805 1322 pro
2860 1266 2925 1307 eo
2980 1266 3043 1306 ac
3074 1251 3232 1309 decet
3274 1250 3601 1315 honoratur,

2034 1344 2184 1398 nulla
2215 1350 2395 1397 autem
2422 1345 2842 1414 praecedentium
2882 1353 3229 1414 peccatorum
3270 1345 3477 1399 mentio
3513 1341 3603 1399 lu-

2034 1443 2158 1489 tura
2188 1445 2293 1497 est,
2337 1450 2439 1491 nec
2481 1437 2536 1491 in
2576 1452 2639 1492 ea
2683 1452 2804 1507 quae
2843 1445 2969 1491 ante
3008 1451 3212 1507 corpus
3268 1444 3418 1508 gesta
3474 1442 3605 1490 sunt

2036 1526 2346 1596 inquiretur
2371 1546 2383 1582 :
2419 1528 2693 1598 quomodo
2727 1544 2859 1599 ergo
2883 1539 3010 1583 ante
3037 1544 3239 1599 corpus
3268 1527 3371 1581 fuit.
3400 1528 3603 1591 anima,

2038 1626 2132 1672 aut
2160 1618 2436 1689 quomodo
2483 1619 2743 1690 depressa
2776 1627 2859 1674 est
2904 1618 2976 1673 ob
3032 1628 3337 1689 peccatum,
3373 1625 3430 1672 ut
3462 1632 3605 1671 non-

2037 1710 2172 1764 nulli
2198 1710 2412 1775 volunt,
2448 1710 2534 1764 cui
2592 1720 2806 1779 tempus
2862 1710 3239 1763 tantummodo
3288 1708 3418 1763 illud
3478 1723 3603 1763 cum

2038 1817 2203 1857 carne
2235 1801 2611 1872 praescribitur
2632 1817 2698 1857 ex
2726 1816 2791 1857 eo
2821 1801 2966 1871 quod
2991 1816 3055 1856 ea
3086 1799 3434 1857 solummodo
3456 1816 3603 1871 qua»

2037 1902 2230 1948 runtur
2258 1910 2378 1964 quae
2397 1910 2492 1964 per
2521 1908 2741 1949 carnem
2767 1892 3031 1948 admisit?

2104 1979 2191 2035 l6.
2218 1978 2449 2035 ALIUD.
2486 1979 2541 2035 Si
2576 1981 2646 2035 ob
2691 1981 2965 2051 prmterita
3011 1988 3235 2051 peccata
3278 1977 3603 2049 corporibus

2034 2070 2263 2126 addicta:
2288 2080 2416 2127 sunt
2444 2071 2658 2135 animae,
2678 2072 2955 2143 quomodo
2975 2070 3179 2126 Paulus
3196 2070 3354 2126 nobis
3375 2069 3587 2125 scribit:

2040 2182 2058 2216 ι
2094 2162 2359 2220 Exhibete
2387 2179 2620 2235 corpora
2652 2172 2830 2220 vestra
2844 2165 3094 2223 .hostiam
3124 2164 3423 2228 viventem,
3471 2178 3602 2219 san-
3632 2156 3633 2159 “

2034 2262 2203 2319 ctam,
2236 2255 2345 2311 Deo
2380 2256 2683 2326 placentem
2709 2256 2749 2311 '.
2792 2276 2811 2308 ι
2853 2254 2911 2310 Si
2944 2256 3090 2309 enim
3123 2254 3190 2309 ad
3229 2269 3447 2324 poenam
3476 2254 3602 2311 data

2035 2351 2161 2400 sunt
2185 2360 2420 2415 corpora
2446 2346 2661 2401 miseris
2680 2345 2990 2412 animabus,
3009 2346 3283 2416 quomodo
3301 2339 3356 2399 in
3379 2343 3603 2400 odorem

2032 2437 2319 2491 suavitatis
2363 2451 2427 2492 ea
2477 2436 2589 2493 Deo
2638 2437 3020 2492 exhibebimus
3047 2437 3083 2512 ζ
3123 2443 3217 2491 aut
3279 2451 3390 2508 quo
3446 2443 3607 2506 pacto

2035 2538 2247 2596 gratum
2277 2535 2331 2583 et
2383 2535 2667 2599 acceptum
2708 2529 2815 2583 erit
2846 2528 2982 2584 illud
3019 2543 3116 2599 per
3167 2525 3316 2599 quod
3361 2522 3607 2584 damnati

2036 2621 2273 2676 sumus?
2310 2628 2406 2675 aut
2434 2636 2595 2692 quam
2623 2619 2850 2678 virtutis
2869 2622 3136 2678 rationem
3171 2620 3489 2676 habiturum
3521 2628 3609 2675 cst

2037 2712 2090 2768 id
2115 2712 2259 2783 quod
2292 2727 2467 2783 pmnae
2494 2721 2547 2769 et
2576 2714 2852 2785 supplicio
2888 2714 3049 2771 nobis
3103 2719 3210 2779 est,
3250 2719 3304 2768 et
3334 2714 3421 2768 cui
3451 2710 3604 2767 radix

2037 2812 2123 2860 est
2152 2804 2484 2875 peccatum?

2110 2892 2196 2948 l7.
2237 2891 2470 2949 ALIUD.
2502 2892 2921 2965 Corruptionem
2953 2909 3050 2965 per
3086 2895 3396 2949 universam
3429 2894 3608 2949 homi~

2046 2984 2133 3040 nis
2183 2993 2431 3039 naturam
2460 2993 2740 3041 cxtensam
2774 2987 2846 3042 ob
2887 2984 3512 3061 “transgressionem
3550 2986 3606 3044 in

2038 3073 2208 3129 Adam
2241 3070 2444 3132 Paulus
2473 3079 2790 3144 ostendens,
2826 3077 2899 3133 ait
2930 3097 2942 3133 :
2975 3097 2992 3130 ι
3034 3076 3139 3133 Sed
3174 3077 3423 3149 regnavit
3457 3092 3607 3133 mors

366 3162 598 3225 θάνατος
615 3160 721 3216 άπδ
758 3163 926 3235 ’Δδὰμ
954 3164 1114 3235 μέχρι
1144 3162 1408 3243 Μωσέως,
1448 3164 1543 3220 καὶ
1573 3165 1665 3217 ἐπὶ
1695 3165 1820 3227 τοὺς
1865 3161 1937 3234 μὴ

2041 3165 2113 3220 ab
2140 3166 2309 3220 Adam
2342 3183 2517 3238 usque
2558 3168 2624 3223 ad
2655 3167 2905 3239 Moysen,
2940 3169 3103 3225 etiam
3140 3168 3194 3225 iu
3238 3185 3335 3224 eos
3362 3168 3455 3239 qui
3495 3184 3607 3224 non

365 3253 814 3326 ἁμαρτήσαντας,
857 3255 1042 3327 ἐπὶτῷ
1077 3255 1385 3326 ὁμοιώματι
1429 3256 1529 3327 τῆς
1573 3251 1938 3326 παραϐάσεως

367 3345 462 3399 τοῦ
508 3344 696 3417 Ἀδάμ.
731 3365 750 3398 ι
790 3344 912 3412 Πῶς
957 3341 1049 3402 οὖν
1084 3348 1192 3421 ἄρα
1235 3347 1391 3419 φησὶ,
1431 3347 1525 3401 καὶ
1566 3346 1658 3399 ἐπὶ
1694 3347 1819 3409 τοὺς
1864 3343 1939 3417 μὴ

364 3435 790 3507 ἁμαρτήσαντας
852 3436 1155 3507 βασιλεύειν
1210 3439 1303 3492 τὸν
1341 3439 1589 3504 θάνατον,
1657 3436 1817 3508 εἴπερ
1875 3437 1939 3490 ἐκ

365 3525 751 3597 πρεσϐυτέρων
782 3528 1192 3600 ἁμαρτημάτων
1218 3529 1279 3582 τὸ
1301 3528 1642 3600 ἀποθνῆσκον
1686 3529 1818 3599 ἡμῖν
1847 3530 1938 3584 δέ·

362 3615 512 3670 δοται
539 3615 727 3688 σῶμα;
765 3617 877 3672 Ποῦ
909 3618 1017 3690 γὰρ
1052 3618 1187 3681 ὅλως
1214 3619 1266 3672 οἱ
1312 3619 1386 3691 μὴ
1415 3621 1852 3692 άμαρτήσαντες,
1888 3622 1938 3675 εί

359 3706 485 3778 δίκη
509 3709 864 3779 πταισμάτων
901 3710 933 3780 ή
967 3710 1259 3785 σάρκωσις,
1286 3710 1381 3763 καὶ
1400 3710 1473 3762 τὸν
1490 3713 1547 3763 ἐν
1576 3709 1709 3781 τῷδε
1730 3709 1808 3781 τῷ
1837 3709 1937 3781 βίῳ

364 3796 614 3864 γενέσθαι
692 3798 827 3869 μετὰ
889 3796 1171 3863 σώματος,
1236 3798 1630 3868 προανατέλλον
1689 3798 1803 3870 ἔχει
1875 3799 1938 3853 τὸ

364 3885 613 3958 ἔγκλημα
636 3908 651 3956 ;
695 3890 928 3960 ’Ᾱμαθὲς
962 3886 1055 3944 οὖν
1083 3890 1191 3961 ἄρα
1220 3888 1325 3941 τῶν
1362 3889 1429 3940 δι’
1450 3889 1695 3953 ἐναντίας
1713 3888 1774 3942 τὸ
1802 3889 1937 3960 πρό-

363 3975 584 4049 ϐλημα.⁰

382 4128 386 4133 _
455 4069 526 4140 η’.
550 4066 757 4126 ΑΛΛΟ.
782 4070 1136 4142 Προσήγαγόν
1168 4088 1297 4124 ποτε
1327 4069 1403 4141 τῷ
1426 4070 1637 4141 Σωτῆρι
1667 4069 1859 4124 πεῦσιν
1887 4087 1917 4123 ο

368 4161 609 4231 μαθηταὶ
648 4161 778 4232 περί
820 4180 962 4226 τινος
999 4162 1109 4215 τῶν
1147 4164 1210 4216 ἐκ
1238 4163 1460 4232 γενετῆς
1489 4160 1726 4231 τυφλῶν,
1759 4161 1852 4215 καὶ
1873 4160 1938 4234 δὴ

366 4253 460 4306 καὶ
491 4252 745 4318 ἕφασκοψ
768 4271 788 4303 ι
819 4251 1023 4317 Ῥαϐϐὶ,
1047 4254 1128 4316 τίς
1156 4255 1417 4325 ἥμαρτεν,
1435 4249 1607 4316 οὗτος,
1635 4252 1667 4323 ἢ
1693 4253 1740 4304 οἱ
1763 4254 1941 4321 γονεῖς

365 4342 555 4403 αὑτοῦ,
588 4342 674 4394 ἵνα
699 4342 895 4411 τυφλὸς
921 4344 1148 4415 γεννηθῇ
1176 4363 1189 4411 ;
1230 4363 1247 4395 ι
1284 4344 1496 4417 Ἐπειδὴ
1520 4343 1627 4417 γὰρ
1655 4346 1712 4397 ἐν
1736 4360 1937 4416 προφηο

364 4436 538 4496 τικοῖς
565 4432 971 4503 ἀναγέγραπται
990 4434 1164 4502 λόγοις
1190 4435 1314 4505 περὶ
1344 4434 1501 4497 Θεοῦ,
1527 4436 1604 4497 ὡς
1635 4433 1781 4487 ἐστιν
1811 4436 1943 4488 ἀπο-

2042 3266 2450 3326 peccaverunt,
2515 3258 2571 3311 in
2642 3258 3063 3315 similitudinem
3135 3260 3609 3329 praevaricationis

2038 3344 2228 3398 Adaa'.
2262 3364 2281 3397 ι
2326 3344 2615 3412 Quomodo
2649 3347 2820 3417 igitur
2858 3348 2935 3401 ait
2969 3356 3201 3403 mortem
3236 3348 3401 3403 etiam
3428 3349 3481 3402 iu
3512 3363 3610 3404 eos

2039 3448 2269 3503 regnare
2324 3426 2415 3504 qui
2472 3450 2584 3489 non
2647 3433 3035 3522 peccaverunt,
3099 3435 3144 3489 si
3196 3451 3263 3490 ex
3314 3435 3611 3507 prazteritis

2039 3527 2281 3597 peccatis
2337 3527 2566 3582 mortale
2624 3526 2785 3582 nobis
2826 3543 3030 3599 corpus
3064 3527 3271 3589 .datum
3329 3527 3457 3583 est?
3501 3524 3607 3583 Ubi

2038 3617 2183 3671 enim
2205 3618 2471 3686 gentium,
2491 3631 2699 3688 quaeso,
2727 3626 2857 3674 sunt
2878 3618 2955 3672 illi
2980 3618 3072 3689 qui
3088 3632 3196 3673 non
3217 3627 3607 3688 peccaverunt,

2039 3709 2085 3763 si
2119 3717 2469 3778 peccatorum
2499 3724 2661 3779 pmna
2689 3718 2774 3765 est
2806 3709 3003 3765 anima:
3043 3720 3168 3763 cum
3202 3723 3431 3778 corpore
3471 3724 3601 3764 con.

2033 3798 2269 3870 junctio,
2299 3809 2355 3856 et
2393 3800 2668 3855 sarcinam
2704 3802 2949 3871 corporis
2980 3802 3032 3855 in
3078 3801 3181 3855 hac
3213 3801 3323 3855 vita
3367 3810 3609 3871 gestare,

2037 3892 2399 3963 pmcedentis
2443 3907 2601 3962 ptena
2634 3900 2718 3948 est
2771 3893 3029 3963 peceati?
3072 3891 3260 3963 Inepta
3328 3892 3493 3962 igitur
3522 3902 3607 3949 est

2037 3983 2478 4041 adversariorum
2513 3985 2831 4055 propositio.

2109 4075 2194 4130 18.
2260 4073 2490 4129 ALIUD.
2550 4073 2812 4145 Discipuli
2863 4073 3141 4130 Christum
3195 4075 3609 4143 interrogarunt

2039 4167 2333 4238 aliquando
2356 4167 2422 4222 de
2449 4182 2593 4221 caeco
2615 4168 2848 4236 quodam
2879 4182 2909 4221 a
2934 4168 3242 4228 nativitate,
3275 4166 3358 4220 his
3384 4166 3564 4220 verbis
3591 4185 3606 4220 :

2044 4276 2064 4308 ι
2104 4255 2301 4322 Babbi,
2359 4257 2484 4326 quis
2521 4257 2813 4326 peccavit,
2849 4253 2959 4319 hic,
3015 4261 3107 4307 aut
3160 4261 3416 4323 parentes
3464 4252 3608 4323 ejus,

2002 4388 2009 4393 η
2040 4358 2100 4401 ιιι
2139 4363 2317 4402 caecus
2348 4356 2669 4402 nasceretur
2691 4344 2754 4397 '?
2788 4365 2808 4396 ι
2853 4343 2989 4398 Cum
3037 4344 3184 4398 enim
3237 4344 3504 4412 scriptum
3536 4346 3608 4397 sit

2042 4441 2096 4495 in
2124 4441 2512 4512 prophetarum
2553 4438 2715 4492 libris
2763 4437 2832 4493 de
2882 4436 3016 4498 Deo,
3075 4436 3251 4505 ipsum
3307 4435 3613 4491 retribuere

365 4519 541 4587 διδοὺς
573 4523 844 4593 ἁμαρτίας
864 4524 1112 4595 πατέρων
1141 4526 1231 4578 ἐπὶ
1248 4528 1430 4593 τέκνα,
1478 4525 1636 4579 τοῦτο
1674 4525 1937 4585 πεπονθέ-

2042 4541 2261 4603 peccata
2296 4542 2510 4602 patrum
2553 4531 2607 4583 in
2648 4528 2791 4584 ﬁlios
2813 4529 2858 4593 ’,
2905 4526 3053 4583 istud
3109 4526 3358 4582 accidere
3400 4525 3607 4581 homini

366 4634 456 4670 ναι
485 4617 575 4669 τὸν
609 4615 893 4684 ἄνθρωπον
932 4616 1190 4670 ὑπενόουν
1210 4620 1259 4671 οἱ
1284 4616 1542 4687 μαθηταί.
1565 4617 1631 4670 Τί
1675 4613 1770 4670 οὖν
1801 4616 1938 4688 πρὸς

366 4707 539 4761 ταῦτα
563 4707 800 4779 Χριστός
820 4723 834 4774 ;
855 4726 872 4758 ι
910 4707 1079 4779 Ἀμὴν
1105 4707 1248 4775 λέγω
1275 4708 1421 4777 ύμῖν,
1441 4705 1561 4761 οὔτε
1590 4702 1939 4780 οῦτοςῆμαρ-

366 4818 480 4865 τεν,
523 4800 649 4854 οὔτε
687 4802 738 4854 οί
786 4804 965 4869 γονεῖς
1007 4798 1195 4868 αὐτοῦ,
1231 4799 1347 4854 ἀλλ’
1398 4801 1485 4853 ἵνα
1529 4799 1815 4874 φανερωθῇ
1869 4800 1938 4854 τά

367 4890 502 4961 ἔργα
549 4892 644 4946 τοῦ
710 4892 846 4946 Θεοῦ
908 4896 965 4946 ἐν
999 4891 1166 4963 αὐτῷ.
1207 4911 1225 4943 ι
1273 4889 1401 4955 Πῶς
1438 4887 1530 4947 οῦν
1579 4891 1683 4958 ἔξω
1725 4893 1939 4963 τίθησιν

369 4986 641 5055 ἁμαρτίας
654 4986 869 5049 αὐτοὺς,
905 4984 1083 5038 καίτοι
1114 4982 1189 5055 μὴ
1221 4982 1376 5050 ὄντας
1410 4983 1771 5055 ἀνεγκλήτους
1792 4982 1937 5041 κατὰ

366 5075 459 5129 τόν
488 5076 596 5145 βίον
622 5092 638 5141 ;
663 5076 972 5148 Ἄνθρωποι
1011 5076 1117 5147 γὰρ
1154 5074 1326 5142 ὄντες,
1377 5075 1547 5147 ἔνοχοί
1578 5093 1678 5130 που
1719 5076 1937 5140 πάντως

367 5164 511 5238 ἦσαν
542 5167 637 5221 καὶ
692 5169 1044 5238 πταίσμασιν.
1094 5167 1235 5222 Ἀλλ’
1274 5168 1392 5225 ἐστι
1435 5168 1696 5241 πρόδηλόν
1735 5187 1795 5223 τε
1842 5170 1938 5223 καὶ

370 5257 674 5327 συμφανὲς,
719 5259 909 5330 ὅτιπερ
942 5262 970 5313 ὁ
1001 5261 1157 5329 λόγος
1199 5263 1278 5325 εἰς
1307 5261 1397 5314 τὸν
1425 5262 1533 5333 πρὸ
1556 5262 1650 5332 τῆς
1675 5262 1939 5332 γενέσεως

368 5350 652 5404 ἀναϐαίνει
705 5351 916 5421 καιρὸν,
968 5353 1088 5406 καθ’
1133 5353 1191 5406 ὃν
1244 5352 1399 5406 οὖπω
1447 5354 1758 5422 γεγονότες,
1815 5354 1937 5408 οὐδέ

371 5441 696 5512 ἡμάρτανον,
738 5442 826 5495 ἵνα
854 5442 949 5495 καὶ
972 5442 1207 5515 ἀληθεύῃ
1238 5444 1490 5514 Χριστός.

444 5534 527 5588 ιθ’.
560 5534 760 5589 ΑΛΛΟ.
810 5533 868 5587 Ὀ
907 5534 1174 5607 μακάριος
1222 5540 1507 5609 προφήτης
1552 5539 1802 5606 Ἥσαῖας,
1837 5539 1938 5612 τὴν

369 5625 544 5681 αἰτίαν
580 5626 672 5681 τοῦ
709 5625 1041 5698 πεποιῆσθαι
1082 5629 1180 5701 τὴν
1207 5629 1311 5702 γῆν
1349 5629 1732 5703 ἐξηγούμενος,
1769 5651 1788 5683 ι
1825 5633 1938 5686 Οὐκ

403 5796 444 5856 ,⁸
500 5804 539 5861 ιι
575 5805 700 5861 Cor.
738 5824 790 5872 v,
826 5808 910 5865 l0.
988 5810 1008 5839 ⁸
1050 5807 1442 5874 1ἰοιη.ιιι,1.
1519 5813 1538 5843 ⁷
1572 5810 1733 5868 Rom.
1769 5829 1838 5873 ν,
1878 5812 1962 5866 Μ.

2039 4623 2292 4692 discipuli
2337 4621 2782 4692 suspicabantur.
2819 4617 2961 4685 Quid
2995 4632 3129 4687 ergo
3163 4615 3226 4669 ad
3288 4617 3402 4670 haec
3449 4615 3610 4669 Chri-

2040 4714 2203 4769 stus?
2233 4731 2251 4763 ι
2290 4712 2460 4767 Amen
2492 4713 2616 4766 dico
2652 4710 2830 4774 vobis,
2862 4724 3040 4779 neque
3076 4708 3165 4761 hic
3208 4704 3476 4777 peccavit,
3513 4719 3611 4761 ne-

2039 4818 2144 4875 que
2177 4813 2427 4875 parentes
2463 4803 2581 4871 ejus
2608 4821 2620 4857 :
2657 4801 2750 4856 sed
2776 4813 2835 4855 ut
2868 4800 3288 4855 tuanil'estcntur
3313 4812 3479 4868 opera
3514 4797 3609 4855 Dei

2041 4899 2094 4952 in
2126 4897 2220 4951 illo
2248 4897 2311 4950 ὀ.
2358 4916 2395 4973 ι,
2422 4894 2707 4961 Quomodo
2761 4894 2928 4965 igitur
2964 4892 3171 4962 peccati
3203 4899 3455 4960 expertes
3486 4891 3609 4945 illos

2043 4991 2139 5053 ait,
2176 4988 2426 5061 quamvis
2457 4987 2511 5040 in
2553 4986 2662 5040 vita
2689 4985 3114 5055 reprehensione
3147 4997 3258 5038 non
3323 4980 3614 5037 carerent?

2041 5078 2202 5145 Nam,
2231 5079 2480 5134 homines
2514 5094 2637 5133 cum
2663 5086 2872 5138 essent,
2890 5075 3114 5131 obnoxii
3149 5077 3338 5146 utique
3374 5072 3612 5145 peccatis

2043 5182 2218 5226 erant.
2246 5170 2410 5240 Atqui
2440 5167 2790 5223 manifestum
2831 5173 2915 5220 est
2945 5164 3161 5220 Domini
3200 5166 3364 5220 verba
3412 5161 3609 5216 intelli-

2043 5261 2217 5333 genda
2246 5275 2369 5315 esse
2398 5259 2467 5316 de
2491 5269 2741 5329 tempore
2772 5257 2917 5329 quod
2942 5256 3282 5310 nativitatem
3307 5251 3608 5323 praecessit,

2044 5369 2177 5424 quo,
2211 5368 2336 5407 cum
2370 5351 2614 5407 nondum
2649 5358 2861 5414 essent,
2888 5350 2961 5403 ita
2996 5363 3174 5418 neque
3210 5349 3531 5417 peccarunt,
3551 5345 3615 5393 ut

2044 5464 2169 5504 vera
2194 5462 2411 5519 quoque
2442 5445 2648 5503 Christi
2688 5446 2758 5501 sit
2783 5442 2979 5499 oratio.

2117 5538 2202 5594 19.
2231 5536 2459 5591 ALIUD.
2491 5538 2694 5591 Beatus
2729 5535 2994 5606 propheta
3036 5529 3234 5588 Isaias,
3264 5536 3489 5580 causam
3540 5521 3618 5579 ob

2045 5646 2209 5703 quam
2246 5639 2393 5683 terra
2428 5628 2574 5682 facta
2614 5629 2686 5681 sit
2715 5637 3039 5696 exponens:
3070 5638 3088 5671 ι
3150 5615 3269 5671 Non
3303 5614 3530 5671 frustra.
3585 5630 3614 5669 ι

2037 5811 2059 5843 ⁸
2096 5809 2254 5866 Ioan.
2291 5824 2342 5862 ιχ
2366 5847 2379 5871 ,
2414 5806 2467 5858 ‘2.
2543 5809 2564 5838 ο
2609 5804 2764 5857 Deut.
2800 5816 2903 5864 xx,
2936 5796 2989 5850 5.
3069 5795 3112 5827 “
3147 5792 3303 5848 Joan.
3339 5807 3420 5855 ιι,
3446 5790 3508 5849 ὃ.
