4092 6274
481 387 578 440 HS

1497 378 1551 433 S.
1586 373 1856 432 CYRILIJ
1881 362 2350 428 ALEXANDRINI
2401 354 2723 416 ARCHIEP.

3609 335 3719 401 'ltl

423 569 426 572 _
481 503 676 574 inquit,
703 523 718 553 ι
751 501 881 554 fecit
905 515 1049 565 eam,
1070 499 1165 554 sed
1201 502 1258 552 ut
1285 496 1709 551 habitaretur”.
1742 513 1760 547 ι
1785 494 2043 548 llabitan—
2073 538 2078 550 ,

2181 485 2227 548 ίς
2264 480 2441 547 κενὸν,
2511 477 2699 548 φησὶν,
2769 473 3021 542 ἐποίησεν
3084 470 3277 540 αὐτὴν,
3335 465 3473 520 ἀλλὰ
3531 473 3722 516 κατοι-

481 599 548 650 da
580 602 761 649 autem
790 601 908 648 erat
943 593 1131 662 utique
1153 602 1320 654 terra,
1359 606 1466 644 non
1496 591 1655 644 nudis
1687 587 1842 657 plena
1884 583 2049 655 spiri—

483 687 655 752 tibus,
693 685 786 741 sed
845 699 1022 754 neque
1057 682 1394 752 incorporeis
1438 692 1492 736 et
1547 679 1894 750 simplicibus
1933 675 2050 730 ani-

487 777 702 842 mabus,
761 773 856 830 sed
918 774 1265 844 corporibus,
1299 789 1420 842 qua:
1473 781 1661 825 mutua
1697 768 2054 826 successione

485 869 578 923 illa
621 875 928 922 uterentur.
976 863 1246 918 Voluntas
1283 862 1470 932 itaque
1522 859 1708 915 divina
1764 857 2053 912 animabus

489 958 750 1030 peccandi
786 972 953 1012 causa
988 965 1130 1022 erat,
1162 963 1220 1009 ut
1250 964 1302 1009 et
1336 968 1634 1024 corporum
1671 961 1865 1006 natura
1912 948 2055 1004 exsi-

490 1060 681 1113 steret,
707 1057 762 1105 et
788 1049 869 1104 sic
906 1057 1052 1104 terra
1082 1050 1302 1103 demum
1355 1061 1466 1100 non
1518 1043 1723 1100 frustra
1755 1041 1899 1096 facta
1930 1055 2056 1095 esse

495 1142 794 1196 videretur.
831 1139 938 1195 Sed
970 1139 1074 1194 hoc
1101 1138 1403 1194 absurdum
1433 1155 1447 1192 :
1483 1143 1710 1207 praestat
1741 1132 1904 1207 igitur
1926 1146 2056 1184 con-

493 1233 742 1287 trarium.

561 1323 651 1378 20.
689 1319 920 1376 ALIUD.
952 1311 1208 1376 Omnium
1243 1316 1439 1373 artifex
1480 1315 1750 1388 sapientia
1781 1314 1849 1369 de
1879 1311 2057 1381 seipsa

492 1416 546 1470 in
577 1414 718 1468 libro
743 1412 1167 1467 Proverbiorum
1200 1405 1404 1463 alicubi
1438 1408 1552 1462 ait:
1588 1425 1606 1458 ι
1648 1406 1756 1475 Ego
1783 1419 1932 1458 eram
1967 1400 2054 1454 cui

493 1502 834 1574 adgaudebat
881 1501 1169 1572 (universi
1226 1497 1486 1554 nimirum
1532 1496 1781 1568 opifex),
1813 1492 2060 1564 quotidie

494 1604 674 1645 autem
714 1590 938 1644 laetabar
967 1604 1155 1644 coram
1196 1603 1262 1642 eo
1320 1585 1466 1642 omni
1500 1594 1766 1655 tempore,
1817 1599 1940 1638 cum
1973 1583 2066 1636 las-

494 1691 700 1736 taretur
732 1681 864 1735 orbe
903 1680 1166 1750 perfecto,
1202 1679 1258 1732 in
1298 1677 1424 1732 filiis
1457 1677 1740 1731 hominum
1766 1675 1830 1728 ¹¹.
1868 1693 1886 1726 ι
1921 1673 2060 1727 Cum

494 1791 644 1846 ergo,
682 1775 926 1846 perfecto
951 1783 1218 1830 terrarum
1239 1772 1393 1834 urbe,
1427 1768 1666 1824 hominis
1703 1767 2061 1822 fabricatione

498 1867 643 1923 Deus
672 1865 833 1921 valde
875 1865 1112 1927 laetetur,
1169 1861 1279 1933 85
1327 1858 1601 1931 quomodo
1645 1872 1756 1912 non
1820 1857 1926 1911 erit
1972 1855 2065 1910 ille

497 1955 972 2020 dementissimus,
1035 1953 1131 2024 qui
1196 1952 1437 2022 peccatis
1499 1964 1733 2019 corpore
1789 1947 2066 2018 prioribus

497 2048 789 2103 obnoxiam
859 2045 1095 2099 animam
1147 2057 1268 2098 esse
1324 2041 1492 2108 dicet,
1545 2054 1718 2110 eoque
1749 2038 1971 2094 nomine
2013 2039 2067 2091 in

499 2155 702 2210 corpus
736 2139 1015 2193 delrusam
1058 2135 1323 2206 scelerum
1371 2148 1596 2190 suorum
1648 2147 1838 2202 poenas
1877 2129 2071 2184 luere?

498 2230 763 2302 Nunquid
797 2231 944 2284 enim
974 2229 1216 2284 carceris
1255 2227 1444 2297 potius
1483 2239 1647 2295 quam
1681 2223 1833 2277 orbis
1890 2220 2070 2289 opifex
2111 2278 2115 2282 ,

500 2324 608 2378 erit
643 2321 809 2387 Deus,
851 2328 906 2375 et
946 2335 1165 2374 reorum
1203 2316 1478 2389 supplicio
1511 2324 1718 2370 temere
1767 2313 2072 2383 triumpha-

502 2415 626 2469 liit?
659 2414 730 2468 At
755 2413 1034 2484 quomodo
1056 2414 1236 2468 bonus
1260 2413 1352 2478 sit,
1379 2410 1477 2482 qui
1499 2409 1664 2465 rebus
1682 2415 1790 2461 tam
1813 2422 1843 2461 a
1863 2407 2073 2462 ratione

502 2506 700 2562 alienis
729 2499 1084 2561 oblectatur?
1109 2501 1275 2573 Atqui
1303 2502 1483 2556 bonus
1511 2508 1592 2556 est
1629 2488 1798 2565 Deus,
1835 2512 1900 2551 ac
1941 2511 2072 2567 pro-

504 2596 630 2652 inde
664 2597 934 2652 benornm
967 2600 1159 2650 auctor
1189 2610 1203 2648 :
1230 2600 1341 2649 non
1366 2603 1496 2665 ergo
1525 2589 1594 2648 ad
1642 2601 1859 2662 pmnam
1887 2585 2073 2644 da'tuin

502 2696 585 2744 est
617 2701 822 2760 corpus
858 2686 1076 2744 animae.

574 2866 664 2918 2i.
703 2859 932 2921 ALIUD.
974 2863 1033 2918 Si
1067 2861 1367 2918 criminum
1403 2865 1533 2916 ante.
1597 2857 1936 2914 nativitatem
1985 2850 2076 2911 ad-

506 2958 802 3013 missornm
831 2963 1024 3026 pmna‘s
1050 2953 1150 3010 luit
1167 2947 1456 3011 hominum
1481 2951 1664 3007 anima
1679 2951 1808 3006 dum
1840 2948 2080 3018 illigatur

507 3046 747 3116 corpori,
796 3054 851 3099 et
881 3060 1087 3114 corpus
1145 3044 1194 3099 ei
1233 3043 1300 3097 ad
1350 3041 1682 3112 supplicium
1731 3040 1920 3094 datum
1971 3044 2076 3101 est,

2149 573 2382 629 κεῖσθαι·
2422 591 2440 623 ›
2477 569 2584 623 ἔδει
2617 568 2671 621 δὲ
2711 567 2928 627 πάντως
2958 561 3334 616 κατοικεῖσθαι
3370 556 3468 629 τὴν
3504 556 3630 627 γῆν,
3657 554 3722 606 οὐ

2152 666 2423 738 πνεύμασι
2455 661 2838 734 πληρουμένην
2854 659 3112 738 χυμνοῖς,
3137 654 3252 720 ἀλλ’
3290 651 3412 706 οὐδὲ
3459 649 3724 720 ἀσάρκόις

2153 759 2247 812 καὶ
2292 727 2698 830 ’ἀναμφιέστοις
2752 727 2970 822 dieidie,
3022 747 3156 802 ἀλλά
3211 747 3323 808 τοῖς
3373 742 3728 825 καταλλήλοις

2154 855 2292 925 αὐτῇ
2337 848 2702 924 κεχρημέναις
2747 844 3012 916 σώμασιν.
3058 837 3168 895 Ἦν
3203 835 3297 893 οὖν
3331 838 3438 910 ἄρα
3482 835 3731 906 βούλημα

2156 944 2298 997 θεῖον
2334 942 2394 995 τὸ
2425 938 2678 1010 ἐνεργοῦν
2701 937 2780 999 είς
2815 934 2876 988 τὸ
2909 933 3176 1003 ἁμαρτεῖν
3216 927 3415 998 ψυχὰς,
3447 927 3536 979 ἵνα
3574 925 3670 978 καὶ
3693 926 3728 992 ἠ

2154 1032 2263 1086 τῶν
2306 1028 2573 1101 σωμάτων
2604 1025 2826 1096 γένηται
2884 1021 3066 1092 φύσις,
3097 1018 3239 1072 οὕτω
3269 1034 3324 1070 τε
3365 1015 3570 1079 λοιπὸν,
3595 1016 3628 1084 ἡ
3657 1014 3732 1082 γῆ

2160 1123 2234 1195 μὴ
2261 1124 2338 1186 εἰς
2367 1120 2520 1174 κενὸν
2559 1117 2816 1187 φαίνηται
2851 1109 3214 1182 γεγενημένη.
3240 1106 3403 1161 Ἀλλὰ
3429 1106 3586 1160 τοῦτο
3607 1104 3733 1160 ἄτο-

2158 1231 2258 1266 πον
2289 1229 2302 1242 ·
2339 1213 2584 1282 κρεῖττον
2625 1203 2717 1261 οὖν
2747 1207 2857 1277 ἄρα
2880 1204 2940 1256 τὸ
2960 1203 3167 1274 ἓτερον.
3517 1217 3526 1224 '

2229 1302 2298 1358 κ’,
2322 1303 2527 1355 AAAO.
2569 1299 2634 1351 Ἠ
2659 1297 2875 1353 πάντων
2906 1293 3141 1364 τεχνῖτις
3173 1289 3354 1359 σοφία,
3379 1288 3508 1359 περὶ
3535 1284 3735 1355 ὲαυτῆξ

2158 1392 2262 1445 πού
2285 1406 2448 1461 φησιν
2485 1390 2542 1441 ἐν
2567 1386 2730 1457 βίϐλῳ
2753 1382 3083 1455 Παροιμιῶν·
3104 1400 3122 1433 ι
3145 1378 3286 1449 Ἐγὼ
3317 1379 3486 1450 ήμην,
3578 1376 3737 1445 προσ-

2162 1483 2381 1554 ἐχαιρεν
2404 1500 2422 1532 ι
2465 1482 2494 1534 ὁ
2530 1479 2745 1532 πάντων
2768 1476 3007 1546 δηλονότι
3047 1471 3393 1544 δημιουργός·
3425 1488 3444 1521 ε
3463 1467 3740 1538 καθ’ήμέ-

2165 1592 2263 1647 ραν
2312 1573 2368 1626 δὲ
2411 1569 2782 1641 εὐφραινόμην
2834 1568 2892 1619 ἐν
2945 1562 3225 1636 προσώπῳ
3250 1559 3436 1624 αὐτοῦ,
3487 1561 3545 1612 ἐν
3576 1557 3741 1612 παντὶ

2163 1664 2361 1738 καιρῷ,
2401 1665 2491 1718 ὅτε
2530 1659 2857 1732 εὐφραίνετο
2886 1657 2985 1728 τὴν
3021 1654 3350 1726 οἰκουμένην
3397 1651 3740 1713 συντελέσας,

2164 1760 2257 1812 καὶ
2294 1755 2674 1828 ἐνευφραίνετο
2698 1753 2756 1804 ἐν
2790 1751 2925 1812 υἱοῖς
2965 1747 3288 1818 ἀνθρώπων.
3336 1765 3355 1797 ι
3398 1745 3530 1797 Ὅτε
3561 1741 3740 1795 τοίνυν

2169 1847 2486 1908 συντελέσας
2517 1842 2617 1915 τὴν
2643 1841 2988 1912 οἰκουμένην,
3026 1841 3094 1910 τῇ
3123 1835 3217 1890 τοῦ
3261 1835 3546 1907 ἀνθρώπου
3582 1851 3746 1886 κατα-

2171 1942 2334 2011 σκευῇ
2349 1939 2469 1993 λίαν
2495 1936 2749 2008 ἐφήδεται
2775 1933 2928 1997 Θεὸς,
2957 1933 3071 1995 πῶς
3088 1931 3210 2001 οὐχὶ
3233 1930 3413 1999 πάσης
3437 1927 3541 1994 ἐξω
3567 1927 3744 1980 κείσεα-

2167 2050 2258 2086 ται
2287 2029 2502 2101 φρενὸς,
2522 2028 2550 2080 ὁ
2576 2025 3021 2098 προγενεστέροις
3055 2023 3446 2094 ἁμαρτήμασιν
3475 2019 3747 2082 ὑποτιθεὶς

2168 2123 2266 2195 τὴν
2297 2120 2498 2192 ψυχὴν,
2519 2119 2608 2173 διά
2631 2135 2691 2171 τε
2718 2116 2874 2171 τοῦτο
2902 2113 3331 2186 σεσωματῶσθαι
3367 2111 3540 2181 λέγων
3556 2109 3744 2180 αὐτὴν,

2172 2214 2265 2269 καί⁵
2295 2212 2439 2266 κατά
2474 2209 2664 2264 τοῦτον
2707 2206 3111 2280 τετιμωρῆσθαι
3139 2205 3231 2260 τὸν
3260 2204 3494 2275 τρόπον;
3541 2203 3612 2254 Ἦ
3639 2200 3749 2272 γὰρ

2171 2304 2290 2376 οὐχὶ
2324 2300 2694 2374 δεσμωτηρίου
2721 2299 2940 2371 μᾶλλον,
2974 2299 3118 2370 ἥπερ
3156 2296 3483 2366 οἰκουμένης
3513 2293 3751 2365 ἐργάτης

2173 2396 2324 2450 ἔσται
2364 2394 2518 2457 Θεὸς,
2571 2391 3001 2463 εὐφρανθήσεται
3050 2387 3106 2442 δὲ
3151 2387 3476 2460 παραλόγως
3507 2387 3598 2438 ἐπὶ
3638 2385 3754 2463 τοῖς

2175 2485 2434 2556 ὑπέχουσι
2466 2483 2623 2546 δίκας
2648 2458 2811 2549 {Kal
2833 2458 2965 2542 ’πῶς
3005 2473 3071 2532 ἂν
3099 2475 3184 2548 εἴη
3227 2458 3409 2529 λοιπὸν
3431 2473 3633 2544 ἀγαθὸς
3666 2458 3754 2526 επδ

2175 2575 2396 2637 ἀτόποις
2430 2565 2572 2627 οὕτω
2605 2562 2976 2641 γαννύμενος;
3020 2562 3181 2622 Ἀλλά
3213 2562 3320 2639 μήν
3348 2569 3493 2620 ἐστιν
3527 2565 3752 2635 ἀγαθὸς,

2174 2666 2265 2722 δὶά
2284 2684 2368 2720 τοι
2421 2664 2582 2719 τοῦτο
2638 2663 2868 2734 ποιητὴς
2918 2660 3157 2730 ἀγαθῶνο
3190 2661 3291 2713 οὐκ
3329 2658 3436 2731 ἀρα
3483 2658 3758 2730 τιμωρίας

2177 2759 2330 2812 ἔσται
2356 2755 2558 2829 τρόπος
2589 2757 2623 2825 ή
2651 2754 2946 2825 σάρκωσις.

2247 2848 2358 2905 κα’.
2396 2847 2602 2902 ΔΛΛΟ.
2659 2847 2721 2899 El
2765 2844 3253 2917 πλημμελημάτων
3310 2843 3410 2912 τῆς
3441 2842 3501 2895 ἐν
3568 2840 3760 2910 κόσμῳ

2179 2938 2450 3010 γενέσεως
2513 2933 2886 3007 ἀρχαιοτέρων
2949 2933 3331 3005 εἰσπράττεται
3391 2931 3547 2994 δίκας
3589 2930 3624 3000 ἡ
3665 2927 3761 3006 τοῦ

2183 3001 2472 3101 ἀνθρώπου
2691 3001 2790 3079 διὰ.
2822 3025 2920 3096 τῆς
2953 3027 3031 3087 είς
3071 3001 3251 3096 σάρκα
3286 3020 3628 3093 συμπλοκῆς,
3665 3001 3763 3071 καὶ

508 3151 673 3206 quam
729 3136 798 3190 ob
851 3149 1079 3189 causam
1129 3134 1340 3188 illatum
1391 3111 1478 3188 est
1518 3129 1725 3185 mundo
1787 3128 2077 3198 impiorum

2181 3121 2450 3194 τιμωρίας
2499 3120 2685 3191 ἐπέχει
2734 3117 2796 3170 τὸ
2853 3117 3012 3187 σῶμα
3059 3114 3217 3184 λόγον
3251 3115 3430 3186 αὐτῇ,
3483 3112 3572 3165 διὰ
3603 3111 3781 3165 ποίαν.

509 3226 798 3291 diluvium,
832 3233 887 3279 et
911 3225 1099 3295 justus
1131 3223 1245 3280 Noe
1290 3231 1540 3280 servatus
1568 3231 1673 3286 est,
1705 3230 1870 3294 atque
1915 3219 2019 3273 hoc
2048 3233 2079 3272 a

513 3319 621 3373 Deo
647 3317 767 3374 fidei
800 3334 914 3375 suae
949 3317 1230 3390 praemium
1259 3315 1490 3372 retulit?
1531 3313 1782 3384 Nunquid
1816 3311 1960 3366 enim
1995 3324 2084 3363 sa-

511 3411 620 3466 tius
649 3419 769 3466 erat
807 3423 1033 3464 summa:
1077 3408 1375 3480 impietatis
1426 3421 1550 3460 reos
1602 3404 1816 3458 diutius
1855 3402 1910 3456 in
1961 3416 2084 3456 cor—

511 3517 644 3575 pore
679 3501 907 3564 haerere,
937 3506 998 3554 ut
1034 3499 1256 3570 gravius
1292 3498 1653 3568 punirentur,
1700 3495 1874 3550 bonos
1903 3503 2083 3547 autem

511 3596 594 3649 eis
623 3590 857 3659 exsolvi,
883 3596 940 3643 et
969 3603 1082 3644 suae
1112 3603 1239 3657 erga
1262 3588 1429 3641 Deum
1458 3585 1682 3656 pietatis
1713 3584 1857 3636 hanc
1880 3582 2086 3637 referre

514 3679 847 3746 mercedem,
874 3687 935 3733 ut
961 3678 1369 3748 quamprimum
1404 3691 1470 3730 ex
1495 3691 1561 3730 eo
1608 3673 1991 3728 discedercnl?
2016 3673 2087 3726 At

513 3775 713 3847 opinor
743 3767 988 3826 universi
1020 3767 1293 3838 opificem,
1325 3766 1511 3836 justus
1540 3779 1665 3819 cum
1697 3764 1789 3825 sit,
1825 3763 1970 3833 quod
1997 3762 2090 3832 jus

515 3877 572 3921 et
627 3868 843 3935 a'qu'um
873 3863 957 3916 e'st
994 3861 1048 3914 in
1085 3864 1527 3929 unumquemque
1558 3857 1894 3911 decernere:
1928 3863 2090 3925 atque

518 3951 726 4012 idcirco
779 3954 954 4008 morte
1011 3956 1277 4022 corporea
1310 3955 1499 4005 sentes
1543 3947 1761 4019 punire,
1795 3955 1849 4000 et
1896 3953 2089 4000 contra

518 4050 631 4103 vita
661 4045 910 4116 corporis
933 4043 1120 4114 justos
1142 4040 1470 4096 exhilarare.
1501 4028 1621 4094 Non
1655 4053 1784 4109 ergo
1808 4037 1932 4092 data
1960 4043 2089 4092 sunt

522 4138 805 4194 hominum
838 4131 1128 4190 animabus
1176 4133 1495 4204 ad'pmnam
1537 4138 1791 4202 corpora,
1842 4144 1910 4184 ne
1941 4129 2088 4200 inju-

520 4240 640 4288 stus
672 4229 818 4285 Deus
858 4227 1130 4288 videatur,
1174 4226 1353 4298 'gratia
1410 4225 1636 4295 impium
1693 4221 1992 4294 puniendo,
2036 4230 2091 4277 et

519 4333 714 4378 contra
744 4335 906 4392 poena
929 4320 1137 4390 justum
1169 4313 1518 4372 honorando.

2186 3213 2385 3277 αἰτίαν,
2411 3213 2599 3282 κόσμῳ
2625 3211 2720 3281 μὲν
2745 3205 2957 3266 ἀσεϐῶν
2977 3202 3360 3277 κατακλυσμὸς
3383 3201 3763 3278 ἐπενήνεκται,

2187 3303 2417 3374 διεσώθη
2443 3303 2501 3357 δέ
2541 3301 2748 3363 δίκαιος
2775 3298 2852 3353 ὣν
2880 3300 2909 3351 ὁ
2937 3299 3084 3365 Νῶε,
3120 3299 3213 3352 καὶ
3245 3297 3451 3367 ταύτην
3474 3287 3590 3368 ’ἔχει
3618 3296 3768 3365 παρά

2188 3396 2326 3452 Θεοῦ
2353 3397 2452 3467 τῆς
2499 3394 2734 3456 πίστεως
2761 3391 2860 3463 τὴν
2891 3391 3156 3444 ἀντίδοσιν
3182 3409 3197 3458 ;
3233 3389 3306 3444 Ἣ
3336 3390 3442 3461 γὰρ
3471 3390 3592 3460 οὐχὶ
3630 3380 3768 3460 μάλ-

2188 3489 2280 3542 λον
2313 3488 2479 3558 ἐχρῆν
2505 3488 2631 3548 τοὺς
2663 3485 2762 3556 μὲν
2791 3483 3042 3554 ἀφόρητα
3068 3482 3532 3548 δυσσεϐήσαντας,
3561 3497 3767 3552 μακρο-

2190 3582 2384 3652 τέρους
2419 3580 2477 3632 ἐν
2505 3578 2716 3649 σώματι
2745 3576 3095 3647 κατατρίὸειν
3124 3575 3369 3646 χρόνους,
3392 3573 3478 3627 ἵνα
3507 3572 3771 3644 μειζόνως

2188 3669 2560 3735 κολάζωνται,
2607 3668 2820 3740 δεσμῶν
2863 3669 2921 3721 δὲ
2963 3668 3073 3721 τῶν
3113 3667 3220 3720 ἀπὸ
3271 3665 3475 3736 σαρκὸς
3523 3663 3774 3718 ἀνίεσθαι

2188 3761 2315 3825 τοὺς
2341 3758 2612 3828 ἀγαθοὺς,
2669 3757 2765 3812 καὶ
2813 3757 2914 3828 τῆς
2965 3755 3100 3829 πρὸς
3147 3756 3279 3809 Θεὸν
3307 3754 3586 3818 εὐσεϐείας
3627 3755 3775 3806 ἀντι-

2202 3851 2526 3925 κομίζεσθαι
2546 3851 2606 3920 γέ
2616 3869 2712 3923 ρας
2727 3850 2824 3922 τὴν
2844 3852 2908 3903 ἐκ
2939 3849 3188 3920 σώματος
3216 3847 3573 3920 ἀποφοίτησιν
3593 3865 3607 3914 ;
3632 3845 3774 3900 Ἀλλ’

2191 3939 2366 4014 οἶμαι,
2397 3943 2606 3996 δίκαιον
2648 3940 2779 3994 ὅντα
2823 3939 2914 3994 τὸν
2961 3939 3220 3994 ἁπάντων
3259 3939 3625 4010 δῆμιουργὸν,
3677 3936 3776 4007 τὴν
3837 3941 3840 3944 ’

2196 4029 2411 4103 ἑκάστῳ
2451 4029 2900 4102 χρεωστουμένην
2927 4030 3171 4101 τάγματι
3217 4029 3395 4100 ψῆφον
3435 4031 3774 4096 ἐπενεγκεῖν.

2211 4123 2428 4195 Ἐπειδὴ
2469 4124 2526 4176 δέ
2564 4121 2771 4186 δίκαιος
2825 4121 2899 4175 ὢν
2934 4120 3149 4192 θανάτῳ
3186 4111 3283 4192 μὲν
3321 4121 3401 4192 τῷ
3442 4121 3542 4190 τῆς
3575 4120 3778 4192 σαρκὸς

2197 4217 2417 4282 κολάζει
2468 4214 2560 4267 τὸν
2607 4213 2960 4284 παράνομον,
3010 4213 3122 4284 ζωῇ
3176 4201 3233 4266 δέ
3282 4213 3443 4267 πάλιν
3509 4215 3574 4282 τῇ
3637 4209 3778 4282 μετά

2201 4310 2453 4380 σώματος
2491 4305 2776 4377 εὐφραίνει
2818 4305 2910 4360 τὸν
2941 4305 3172 4371 δίκαιον,
3215 4295 3276 4359 οὐ
3319 4305 3540 4369 κόλασις
3569 4305 3677 4374 ἄρα
3711 4302 3780 4355 τά

522 4383 762 4486 σώματα.
789 4415 907 4476 ταῖς
929 4383 1042 4465 τῶν
1079 4407 1381 4482 ἀνθρώπων
1425 4407 1624 4477 ψυχαῖς
1649 4447 1664 4472 ,
1698 4397 1789 4460 ἵνα
1820 4402 1896 4476 μὴ
1961 4403 2144 4468 ἄδικος
2223 4401 2482 4472 φαίνηται
2543 4397 2706 4464 Θεὸς,
2762 4395 2946 4468 χάριτι
2999 4397 3099 4469 μὲν
3146 4387 3391 4462 κολάζων
3443 4383 3536 4453 τὸν
3587 4396 3778 4466 ἀσεϐῆ,

520 4507 697 4579 τιμῶν
727 4506 782 4560 δέ
813 4507 974 4560 πάλιν
1005 4503 1225 4559 κολάσει
1252 4503 1343 4557 τὸν
1375 4502 1603 4555 δίκαιον.
2067 4543 2070 4546 ,

592 4598 685 4652 22.
716 4595 951 4652 ALIUD.
995 4597 1053 4651 Si
1081 4595 1481 4667 praeteritorum
1507 4600 1861 4663 peccatorum
1899 4598 2091 4660 pmnas

526 4690 721 4745 datura
747 4689 802 4742 in
832 4703 1056 4742 carnem
1083 4694 1138 4741 et
1162 4694 1366 4754 corpus
1396 4683 1576 4737 anima
1609 4680 1913 4746 descendit,
1962 4696 2096 4750 quo-

527 4777 690 4833 modo
729 4768 983 4831 Salvator
1031 4775 1301 4830 Lazarum
1358 4783 1520 4844 quem
1565 4772 1783 4827 amabat
1815 4770 2120 4839 excitavit,"

526 4876 580 4922 et
607 4867 840 4923 vinculis
871 4865 1042 4921 semel
1067 4864 1304 4920 solu'tum
1347 4877 1544 4918 rursus
1573 4861 1726 4914 adea
1768 4859 1949 4914 redire
2005 4875 2101 4914 co-

528 4959 643 5031 egit
669 4959 712 4991 ¹³
734 4959 757 5012 ?
779 4958 944 5027 Atqhi
983 4957 1048 5010 ad
1081 4955 1203 5026 ejus
1253 4953 1546 5008 utilitatem
1581 4952 1634 5007 id
1666 4953 1793 5006 fecit
1817 4951 2099 5019 Christus,

529 5064 768 5119 eumque
789 5055 849 5100 ut
870 5048 1108 5101 amicum
1133 5046 1442 5110 honoravit,
1465 5042 1756 5102 excitando
1783 5059 1814 5098 e
1843 5043 2099 5100 mortuis.

533 5140 719 5196 inanis
747 5152 877 5208 ergo
903 5135 986 5193 εει
1019 5136 1461 5192 adversariorum
1498 5134 1821 5206 pr0positio.

518 5297 520 5302 V
605 5315 696 5369 9.3.
761 5304 992 5368 ALIUD.
1040 5311 1122 5376 Si,
1169 5308 1627 5381 quemadmodum
1683 5307 1758 5362 illi
1814 5309 2108 5378 nuga’tores

538 5407 714 5469 aiunt,
746 5419 920 5475 poenae
949 5404 1072 5459 loco
1097 5407 1284 5456 «latum
1309 5408 1394 5456 est
1422 5413 1626 5468 corpus
1671 5399 1887 5462 animae,
1942 5398 2108 5468 idque

538 5499 867 5568 supplicium
898 5497 968 5552 ob
999 5496 1335 5567 praeteritum
1365 5493 1484 5563 cjus
1509 5503 1791 5562 peccatum
1823 5491 2101 5561 excogita-

538 5591 653 5642 tum
681 5593 785 5653 esi,
821 5599 1108 5660 peccatum
1134 5589 1500 5643 humanorum
1526 5597 1815 5654 corporum
1846 5591 2100 5638 natur‘am

2124 4593 2166 4648 ι)
2265 4579 2371 4650 κβ⁹.
2425 4581 2630 4634 ΑΛΛΟ.
2670 4580 2734 4633 Εἰ
2783 4547 3246 4654 προγενεστέρων.
3277 4585 3634 4654 πταισμάτων
3691 4588 3783 4638 ἐκ-

2196 4672 2420 4748 τίσουσα
2451 4672 2628 4738 δίκας,
2659 4672 2739 4736 είς
2780 4672 2957 4743 σάρκα
2989 4674 3082 4726 καὶ
3117 4673 3275 4745 σῶμα
3326 4676 3704 4746 καταϐέϐηκεν
3749 4678 3782 4747 ἠ

2198 4762 2383 4834 ψυχὴ,
2437 4763 2554 4826 πῶς
2605 4764 2778 4834 ἐφίλει
2829 4765 2920 4819 τὸν
2961 4765 3212 4836 Λάζαρον
3259 4767 3572 4838 ἀναστήσας
3621 4768 3786 4821 αὐτὸν

2199 4855 2228 4907 ὁ
2256 4853 2479 4924 Σωτὴρ,
2512 4855 2606 4907 καὶ
2641 4855 2732 4908 τὸν
2784 4855 2930 4923 ἅπαξ
2977 4857 3188 4928 δεσμῶν
3229 4859 3446 4922 ἀνέντα,
3495 4859 3785 4932 παλινδρο-

2207 4949 2326 5016 μεῖν
2357 4947 2435 5007 είς
2458 4945 2652 5009 αὐτοὺς
2675 4947 3028 5016 ἀναγκάσαςς
3069 4947 3208 5002 Ἀλλ’
3241 4949 3509 5020 ἔπραττεν
3538 4949 3786 5016 ὠφελῶν,

2209 5040 2304 5091 καὶ
2331 5038 2407 5101 ὡς
2440 5036 2594 5105 φίλον
2623 5037 2786 5108 ἐτίμα
2822 5038 2914 5091 τὸν
2951 5037 3222 5092 τεθνεῶτα
3251 5040 3485 5110 Χριστὸς
3510 5039 3788 5106 διανιστάς

2210 5129 2276 5182 ἐκ
2323 5127 2566 5198 νεκρῶν·
2616 5123 2821 5183 είκαῖον
2863 5126 2958 5184 οὖν
3004 5131 3114 5202 ἄρα
3164 5133 3272 5186 τῶν
3313 5133 3378 5184 δι’
3423 5133 3684 5187 ἐναντίων
3727 5134 3790 5187 τὸ

2214 5219 2419 5291 πρόὸλη
2429 5237 2523 5290 μα.

2283 5312 2390 5380 κγ’.
2421 5313 2623 5365 ΑΛΛΟ.
2654 5311 2740 5376 Ei,
2772 5315 3023 5389 καθάπερ
3052 5320 3247 5372 ἐκεῖνοι
3276 5316 3570 5388 ληροῦντές
3601 5333 3793 5385 φασιν,

2212 5402 2288 5467 ὡς
2321 5405 2378 5455 ἐν
2401 5402 2553 5468 τάξει
2591 5394 2859 5475 τιμωρίας
2883 5406 3092 5460 δέδοται
3119 5408 3180 5460 τὸ
3209 5407 3368 5477 σῶμα
3408 5409 3479 5477 τῇ
3508 5407 3680 5477 ψυχῇ,
3704 5404 3795 5462 διὰ

2211 5492 2588 5562 πρεσϐυτέραν
2635 5490 2806 5563 αὐτῆς
2859 5495 3133 5566 ἁμαρτίαν
3178 5495 3496 5566 ἐπινοηθέν,
3545 5491 3791 5565 ἁμαρτία

2211 5585 2308 5654 τὴν
2337 5581 2446 5635 τῶν
2483 5581 2842 5656 ἀνθρωπίνων
2873 5587 3141 5656 σωμάτων
3171 5588 3572 5658 παρεισήνεγκε
3602 5583 3788 5654 φύσιν

615 5772 653 5804 “
699 5771 800 5828 Isa.
841 5784 961 5834 λιν,
1001 5769 1083 5823 18.
1166 5765 1206 5798 ¹¹
1247 5761 1405 5822 Prov.
1443 5778 1565 5830 vm,
1598 5763 1698 5831 30,
1728 5763 1815 5818 5i.
1896 5763 1938 5794 ¹³
1973 5761 2069 5817 Joa

2179 5777 2222 5814 Kl
2243 5801 2258 5825 ,
2298 5759 2523 5829 passim.
