4092 6274
513 325 618 385 147

1549 323 1604 379 S.
1630 324 1904 380 CYRILLI
1948 321 2418 379 ALEXANDRINI
2459 323 2778 380 ARCIIIEP.

3670 329 3775 383 “8

512 445 632 502 nito
659 441 984 514 dignitatem
1010 442 1349 512 evangelista
1371 441 1574 496 tribuet
1595 441 1806 508 dicens,
1827 441 1970 512 quod
1995 462 2012 492 ι
2033 443 2082 494 in

2194 457 2366 506 σεται,
2409 441 2568 512 εἴπερ
2603 440 2739 504 ὅλως
2776 439 2949 504 οὐδεὶς
2991 438 3128 492 αὐτὰ
3161 439 3260 508 τῆς
3293 440 3429 508 πρδς
3469 440 3604 494 Θεὸν
3634 443 3773 513 ὁμο-

514 534 722 592 mundo
748 545 888 598 erat,
911 541 966 589 et
997 533 1234 590 mundus
1257 549 1352 604 per
1371 533 1549 602 ipsum
1575 532 1754 590 factus
1782 543 1886 591 est.
1917 553 1936 586 ι
1981 533 2086 588 Sed

515 635 680 682 norat
717 641 885 680 unum
924 641 1046 682 esse
1095 637 1291 680 natura
1349 625 1591 681 universi
1632 625 1882 695 opificem
1915 643 1928 679 :
1981 641 2093 680 non

515 734 651 790 ergo
680 734 848 774 unum
880 734 1002 774 esse
1036 717 1352 773 censebitur
1401 716 1544 788 apud
1601 728 1748 772 recte
1779 717 2089 780 credentes,

479 810 656 882 ‘opus
696 817 750 866 et
784 809 977 874 factor,
1000 809 1143 866 Deus
1192 816 1247 864 et
1284 809 1556 876 conditor,
1583 809 1676 864 sed
1707 809 1834 863 illud
1868 809 2089 879 quidem

517 902 843 972 subjicietur
895 901 1041 957 servi
1092 902 1147 954 in
1187 915 1417 966 morem,
1451 908 1665 955 naturae
1695 916 1809 954 suae
1867 898 2088 954 modum

515 1009 626 1049 non
657 995 916 1064 ignorans
943 1009 956 1047 ι
986 992 1035 1047 ei
1075 1002 1256 1047 autem
1279 986 1450 1045 Filius
1480 989 1795 1059 imperabit,
1819 991 1908 1060 qui
1939 990 2090 1044 solus

514 1102 640 1141 cum
673 1084 836 1140 Patre
869 1092 1048 1153 potest
1077 1098 1166 1139 res
1202 1098 1232 1138 e
1263 1082 1434 1136 nihilo
1492 1082 1559 1137 ad
1586 1098 1709 1137 esse
1758 1097 1980 1146 vocare,
2036 1090 2091 1136 et

515 1178 659 1248 quod
701 1175 943 1231 nondum
992 1175 1210 1230 exsistit
1245 1173 1503 1228 ineﬂabili
1555 1174 1762 1228 virtute
1806 1174 1861 1227 in
1909 1180 2089 1226 ortum

515 1269 841 1338 producere.
871 1265 1025 1332 Quod
1088 1273 1272 1320 autem
1308 1264 1447 1320 Deus
1505 1270 1807 1320 secundum
1839 1273 2089 1318 naturam

512 1361 786 1414 exsistens
813 1356 982 1412 Filius
1005 1358 1144 1411 alius
1175 1356 1362 1424 utique
1385 1357 1451 1410 sit
1491 1371 1519 1407 a
1554 1367 1822 1418 creatura,
1857 1355 1911 1409 in
1953 1355 2090 1408 libro

514 1446 592 1500 De
625 1455 810 1499 sancta
830 1445 1088 1499 Trinitate
1121 1461 1244 1498 cum
1265 1445 1375 1511 jam
1403 1445 1617 1498 abunde
1646 1445 2086 1508 tractaverimus,

514 1538 647 1592 nihil
676 1535 1008 1606 superfluum
1043 1534 1129 1590 hic
1155 1533 1464 1588 afferemus.
1504 1533 1641 1587 Illud
1678 1541 1858 1586 tamen
1880 1533 2090 1586 utiliter

512 1629 794 1692 addemus,
833 1628 980 1697 quod
1011 1641 1134 1681 cum
1186 1626 1262 1680 ait
1301 1625 1564 1678 mundmn
1616 1625 1683 1677 ab
1722 1626 1840 1694 ipso
1880 1623 2086 1678 factum

509 1736 652 1786 esse,
688 1721 752 1773 ad
785 1718 1136 1790 cogitandum
1184 1717 1252 1770 de
1289 1715 1450 1770 Patre
1481 1730 1582 1770 nos
1617 1715 1860 1778 adducit,
1902 1724 1955 1768 et
1993 1731 2087 1769 co-

2194 531 2510 601 ουσιότητος
2537 530 2813 584 ἀποδιελεῖ
2840 529 3041 601 τρόπος
3063 545 3076 558 ·
3105 528 3248 582 οὕτω
3266 545 3325 580 τε
3356 528 3540 584 λοιπὸν
3569 532 3772 600 ἑαυτῆς

2193 624 2226 693 ἡ
2253 622 2432 686 κτίσις
2463 621 2615 676 ἔσται
2647 621 2976 692 δημιουργὸς
3000 663 3015 685 ,
3049 621 3144 674 καὶ
3184 620 3340 690 ψιλὸν
3369 622 3656 692 περιθήσει
3693 622 3772 692 τῷ

2191 716 2488 783 Μονογενεῖ
2530 713 2589 768 τὺ
2632 713 2848 784 ἀξίωμα
2890 713 3062 781 λέγων
3102 715 3131 766 6
3177 712 3568 783 εύαγγελιστὴς
3593 751 3609 776 ,
3663 714 3768 776 ὅτι,

2191 807 2286 860 καὶ
2334 806 2462 859 «Ἐν
2505 805 2583 876 τῷ
2625 805 2812 876 κόσμῳ
2855 800 2955 876 ἦν,
3001 805 3094 857 καὶ
3141 805 3169 857 6
3215 805 3421 875 κόσμος
3472 803 3538 857 δι’
3600 804 3767 858 αὐτοῦ

2195 898 2429 964 ἐγένετο.
2466 916 2486 948 ι
2539 895 2677 949 Ἀλλ’
2721 892 2861 949 οἶδεν
2915 895 3010 948 ἕνα
3061 894 3200 948 κατὰ
3262 895 3424 963 φύσιν
3472 895 3602 949 ὅντα
3649 895 3759 948 τῶν

2190 985 2445 1038 ἁπάντων
2468 984 2818 1056 δημιουργόν.
2851 985 2964 1038 Οὐκ
2992 984 3098 1055 ἄρα
3119 981 3312 1039 ταυτὸν
3346 985 3413 1038 ἂν
3440 987 3611 1040 νοοῖτό
3635 1003 3764 1054 ποτε

2191 1076 2342 1145 παρά
2370 1093 2432 1145 γε
2465 1078 2576 1140 τοῖς
2623 1075 2788 1129 εἰδόσι
2837 1076 3113 1128 πιστεύειν
3155 1073 3332 1145 ὀρθῶς
3359 1116 3374 1140 ,
3414 1076 3628 1146 ποίημα
3671 1077 3765 1130 καὶ

2191 1166 2449 1236 ποιητὴς,
2481 1165 2612 1230 Θεὸς
2647 1167 2740 1219 κα)⁴
2774 1166 3029 1236 κτίστης.
3067 1165 3181 1219 ἀλλ’
3222 1169 3254 1237 ἡ
3289 1165 3387 1234 μὲν
3414 1165 3763 1218 ὑποκείσεται

2189 1256 2590 1327 δουλοπρεπᾶκ,
2626 1257 2718 1309 τὸν
2750 1257 2849 1326 τῆς
2878 1257 3083 1320 οἰκείας
3112 1257 3329 1324 φύσεως
3361 1259 3487 1328 ὅρον
3514 1256 3765 1325 ἐπιγινώ-

2193 1364 2397 1400 σκουσα
2419 1362 2432 1376 ⁸
2468 1347 2774 1418 βασιλεύσει
2800 1349 2854 1401 δὲ
2882 1348 2969 1402 ἐπ’
3001 1347 3171 1419 αὐτὴν
3203 1349 3231 1401 6
3261 1349 3412 1412 Υἱὸς,
3441 1349 3598 1420 μόνος
3623 1349 3760 1418 ἔχων

2193 1438 2333 1508 μετά
2365 1437 2457 1492 τοῦ
2500 1439 2709 1511 Πατρδς
2742 1442 2802 1492 τὸ
2843 1438 3102 1492 δύνασθαι
3145 1441 3239 1493 καὶ
3277 1440 3354 1503 ὡς
3401 1440 3533 1493 ὖντα
3577 1439 3644 1492 τά
3689 1441 3762 1510 μὴ

2189 1530 2318 1586 ὄντα
2363 1531 2566 1594 καλεῖν,
2602 1533 2694 1584 καὶ¹
2726 1531 2787 1584 τὸ
2823 1533 2988 1602 μήπω
3015 1533 3255 1603 ὑπάρχον
3281 1533 3506 1603 ἀρρήτῳ
3537 1531 3761 1600 δυνάμει

2191 1622 2460 1691 παράγειν
2491 1623 2569 1686 είς
2612 1622 2842 1691 γένεσιν.
2883 1625 3004 1677 ’Ὀτι
3033 1623 3090 1674 δὲ
3138 1623 3397 1693 ὑπάρχων
3435 1622 3578 1675 κατά
3603 1621 3761 1690 φύσιν

2189 1712 2322 1776 Θεὸς
2351 1715 2378 1766 6
2414 1713 2572 1779 Υἱὸς,
2617 1714 2801 1786 ἕτερος
2840 1715 3012 1785 δήπου
3063 1714 3278 1779 πάντως
3330 1714 3450 1767 ἐστὶ
3486 1713 3640 1782 παρὰ
3667 1711 3762 1781 τὴν

507 1814 805 1884 εηῑιίοιιθιιι
856 1811 979 1879 ejus
1023 1808 1098 1862 Ex
1139 1823 1272 1878 quo,
1323 1822 1430 1860 una
1487 1819 1612 1858 cum
1642 1820 1707 1860 eo
1757 1803 1861 1859 Per
1899 1822 2079 1873 quem,

2185 1805 2381 1873 κτίσιν,
2428 1806 2738 1878 ἀρκούντως
2768 1807 2866 1878 ήδη
2901 1807 3236 1878 διειληφότες
3275 1807 3330 1859 ὲν
3379 1804 3460 1876 τῷ
3486 1805 3622 1874 Περὶ
3655 1803 3763 1870 τῆς

508 1905 668 1960 nobis
696 1901 880 1956 infert.
916 1899 1112 1954 Omnia
1142 1900 1286 1952 enim
1319 1913 1348 1950 a
1389 1893 1550 1952 Patre
1581 1903 1710 1952 sunt
1761 1912 1854 1967 per
1884 1890 2082 1951 Filium

2188 1895 2360 1964 ἁγίας
2383 1895 2623 1964 Τριάὸυς
2655 1896 2798 1965 λόγῳ
2819 1939 2833 1963 ,
2889 1898 3141 1969 περιττὸν
3193 1900 3250 1951 ἐν
3289 1897 3500 1960 τούτοις
3535 1895 3763 1967 ἐροῦμεν

511 1997 564 2048 in
596 2001 788 2048 sancto
817 1992 1044 2060 Spiritu.

2186 1987 2372 2041 οὐδέν·
2407 1988 2546 2060 πλὴν
2580 1990 2755 2042 ἐκεῖνο
2797 1989 3084 2060 χρησίμως
3125 1988 3534 2061 προσθήσομεν,
3570 1989 3652 2041 ὅτι
3694 1987 3762 2040 δι’

507 2083 671 2139 αὑτοῦ
717 2083 807 2136 τὸν
851 2081 1050 2151 κόσμον
1096 2077 1426 2149 πεποιῆσθαι
1466 2076 1672 2145 λέγων,
1723 2077 1801 2140 εἰς
1858 2076 2069 2130 ἔννοιαν
2144 2080 2291 2149 ἡμᾶς
2355 2081 2617 2151 ἀναφέρει
2664 2081 2763 2152 τὴν
2805 2083 2932 2152 περὶ
2975 2080 3220 2152 Πατρὺς,
3274 2081 3370 2136 καὶ
3422 2081 3762 2153 συνεισφέρει

505 2179 581 2250 τῷ
611 2179 682 2238 ¹δι’
717 2169 778 2229 οῦ
817 2176 908 2228 τὸν
960 2174 1017 2240 ἐξ
1051 2165 1135 2228 οῦ.
1176 2171 1359 2225 Πάντα
1395 2169 1503 2239 γάρ
1558 2169 1709 2241 παρά
1751 2170 1963 2241 Πατρδς
2009 2169 2076 2224 δι’
2119 2170 2247 2225 Υίοῦ
2275 2171 2334 2224 ὲν
2361 2157 2500 2240 ἀγῖῳ
2527 2171 2826 2242 Πνεύματι.

583 2268 624 2331 Ι,
662 2266 746 2322 10.
783 2263 850 2318 Ει
882 2263 1106 2316 mundus
1135 2277 1254 2315 eum
1285 2277 1387 2315 non
1415 2259 1675 2328 cognovit.

575 2359 878 2415 Prudenter
915 2354 1003 2409 hic
1033 2368 1229 2408 rursus
1273 2351 1605 2422 evangelista
1649 2360 1840 2405 sancto
1873 2351 2084 2420 Spiritu

505 2452 738 2517 afﬂatus,
790 2446 1154 2519 quorumdam
1190 2459 1377 2518 nugas
1427 2451 1771 2498 antevertere
1824 2451 2079 2498 conatur.

507 2541 749 2597 Docendi
806 2548 990 2593 autem
1047 2536 1315 2590 rationem
1372 2549 1481 2588 non
1540 2549 1733 2605 parum
1788 2535 2079 2588 mirabere.

506 2632 703 2687 Lucem
742 2643 927 2684 veram
966 2624 1310 2696 nuncupavit
1337 2622 1553 2687 Filium,
1591 2639 1828 2693 eumque
1862 2639 2079 2678 omnem

504 2726 780 2780 hominem
838 2721 1144 2776 venientem
1188 2719 1243 2772 in
1292 2719 1437 2773 hunc
1468 2722 1732 2773 mundum
1774 2719 2084 2774 illuminare

502 2814 874 2879 confirmavit;
927 2811 1078 2866 addit
1131 2811 1279 2882 quod
1321 2819 1374 2866 et
1401 2829 1418 2862 ι
1458 2809 1516 2864 In
1558 2809 1760 2864 mundo
1791 2811 1910 2880 ipse
1939 2819 2080 2876 erat,

501 2917 558 2963 et
587 2906 826 2961 mundus
857 2920 954 2976 per
987 2905 1162 2976 ipsum
1197 2903 1375 2960 factus
1407 2912 1514 2959 est.
1548 2923 1566 2957 ι
1599 2903 1708 2958 Sed
1740 2903 1888 2958 illico
1921 2903 2083 2959 nobis

503 2999 943 3054 adversarimnm
993 2997 1212 3068 quidam
1248 2996 1516 3066 objiciet:
1554 2995 1612 3049 Si
1650 2997 1741 3052 lux
1788 3004 1907 3050 erat
1946 2995 2082 3051 Ver-

505 3091 655 3152 bum,
692 3099 745 3145 et
798 3088 1052 3160 cujusvis
1085 3087 1324 3142 hominis
1371 3101 1467 3140 cor
1509 3086 1804 3149 illuminat,
1830 3085 1896 3140 ad
1927 3086 2081 3156 agni-
2107 3107 2149 3166 ρ

504 3185 710 3235 tionem
754 3180 850 3235 Dei
887 3179 1143 3235 videlicet
1183 3185 1238 3232 et
1285 3177 1577 3232 scientiam
1607 3176 1843 3254 hominis
1872 3185 2083 3231 natura:

505 3282 921 3342 congruentem,
972 3280 1024 3326 et
1052 3271 1099 3328 si
1133 3271 1188 3325 in
1221 3269 1324 3326 hoc
1355 3269 1562 3325 mundo
1607 3283 1823 3338 semper
1851 3277 1991 3335 erat,
2027 3275 2083 3322 et

502 3365 692 3419 mundi
733 3363 918 3436 opifex
946 3362 1266 3429 exsistebat,
1309 3361 1586 3432 quomodo
1621 3360 1936 3430 ignoratum
1973 3366 2079 3424 est,

499 3465 555 3512 et
579 3455 798 3526 quidem
831 3457 1000 3511 tantis
1030 3464 1338 3524 temporum
1370 3453 1611 3523 spatiis?
1656 3453 1828 3523 Igitur
1862 3467 1972 3506 non
2018 3450 2083 3504 il-

502 3547 828 3607 luminabat,
860 3547 956 3602 sed
984 3562 1158 3617 neque
1181 3547 1273 3600 lux
1304 3546 1462 3615 plane
1487 3552 1627 3600 erat.
1661 3543 1758 3600 llis
1785 3543 2080 3599 confestim

499 3638 746 3693 occurrit
773 3636 1108 3707 Theologus,
1139 3635 1330 3689 dicens
1355 3653 1366 3688 :
1396 3653 1416 3686 ι
1437 3634 1669 3688 Mundus
1698 3648 1819 3686 eum
1855 3649 1961 3685 non
1987 3646 2083 3684 eoa

501 3728 710 3799 gnovit.
751 3747 769 3779 ι
805 3726 927 3796 Ipse
974 3725 1271 3797 quominus
1313 3731 1726 3796 agnosceretur,
1779 3722 1978 3791 inquit,
2022 3721 2080 3776 in

498 3833 669 3874 causa
695 3833 803 3871 non
838 3816 940 3870 fuit
963 3833 976 3869 :
1001 3816 1097 3872 sed
1119 3814 1424 3869 infirmitati
1463 3811 1578 3886 88
1605 3828 1720 3869 suae
1751 3812 1802 3866 id
1841 3812 2078 3868 mundus

501 3910 768 3966 ascribat.
834 3907 1113 3962 llluminat
1147 3907 1293 3961 enim
1351 3905 1542 3970 Filius,
1581 3903 1679 3960 sed
1725 3905 1958 3976 gratiam
1993 3918 2080 3958 re-

501 4003 685 4058 tundit
712 4009 999 4056 creatura:
1039 3999 1233 4054 oculos
1265 3999 1497 4069 accepit,
1532 3997 1733 4068 quibus
1766 3994 2074 4051 naturalem

500 4091 672 4150 Deum
717 4093 1064 4163 intelligeret,
1103 4091 1198 4146 sed
1247 4106 1312 4146 eo
1343 4104 1573 4145 munere
1617 4089 1808 4154 abusa,
1855 4090 1908 4142 in
1959 4088 2076 4144 sola

497 4179 880 4243 creaturarum
932 4183 1398 4254 contemplatione
1428 4183 1619 4238 haesit:
1671 4182 1904 4237 ulterius
1941 4180 2073 4236 ferri

498 4280 717 4345 noluit,
760 4279 1216 4332 illuminationem
1275 4276 1494 4348 pigritia
1552 4275 1782 4340 obruit,
1835 4274 2076 4344 neglexit

2254 2261 2364 2312 Kal
2408 2263 2442 2313 ό
2481 2261 2710 2328 κόσμος
2737 2263 2924 2317 αὑτὸν
2964 2264 3075 2316 οὐκ
3109 2262 3283 2331 ἔγνω.

2256 2351 2442 2425 ¹Νήςρει
2474 2353 2635 2406 πάλιν
2669 2356 2696 2407 6
2735 2353 3201 2424 πνευματοφόρος,
3235 2353 3459 2424 φθάνειν
3480 2353 3761 2421 ἐπείγεται

2188 2441 2287 2505 τὰς
2316 2443 2466 2514 παρά
2517 2461 2679 2496 τινων
2730 2444 3132 2516 εύρεσιλογίας’
3185 2444 3488 2514 θαυμάσεις
3537 2444 3594 2497 δὲ
3642 2444 3761 2497 λίαν

2194 2533 2282 2586 τὸν
2313 2535 2368 2587 ὲν
2397 2537 2508 2598 τοῖς
2535 2535 2853 2606 θεωρήμασι
2891 2535 3173 2607 λογισμόν.
3203 2536 3323 2600 Φῶς
3363 2537 3612 2607 ἀληθινὸν
3656 2540 3760 2592 ἀπο

2189 2625 2415 2679 εκάλεσε
2461 2625 2552 2679 τὸν
2591 2626 2739 2690 Υίὸν,
2771 2616 3142 2698 διισχυρίσατό
3187 2644 3247 2680 τε
3292 2629 3546 2697 φωτίζειν
3598 2629 3760 2683 αὐτὸν

2189 2717 2366 2770 πάντα
2400 2716 2685 2788 ἄνθρωπον
2733 2719 3024 2790 ἐρχόμενον
3059 2719 3140 2782 είς
3188 2719 3278 2772 τὸν
3324 2721 3566 2790 κόσμονο
3621 2721 3756 2792 πρὸς

2187 2807 2244 2861 δέ
2293 2825 2355 2878 γε
2395 2808 2601 2880 τούτῳ,
2653 2810 2732 2862 ὅτι
2775 2811 2864 2863 καὶ
2901 2829 2922 2862 ‹
2963 2806 3069 2863 τΗν
3108 2812 3164 2864 ἐν
3192 2810 3268 2880 τῷ
3294 2809 3484 2882 κόσμῳ
3519 2831 3537 2862 ι
3573 2813 3756 2882 φησὶν,

2195 2918 2214 2952 ι
2264 2901 2357 2953 καὶ
2399 2903 2426 2953 6
2475 2902 2675 2972 κόσμος
2714 2901 2782 2954 δι’
2828 2902 2990 2956 αὑτοῦ
3037 2903 3270 2972 ἐγένετο.
3333 2921 3352 2954 ι
3411 2903 3548 2956 Ἀλλ’
3601 2899 3753 2956 εἶπεν

2187 2989 2251 3044 ἄν
2291 3007 2375 3054 τις
2405 2991 2562 3054 εὐθὺς
2598 2993 2726 3062 ἡμῖν
2774 2992 2881 3046 τῶν
2929 2993 2994 3046 δι’
3031 2995 3310 3058 ὲναντίας’
3355 2995 3419 3047 El
3467 2993 3579 3063 φῶς
3618 2990 3684 3064 ἦν
3729 2998 3764 3049 6

2185 3081 2390 3149 Λόγος,
2425 3075 2469 3135 ὦ
2501 3075 2676 3148 οὗτοι,
2720 3083 2812 3136 καὶ
2859 3085 2907 3137 εἰ
2954 3084 3175 3154 φωτίζει
3230 3085 3427 3148 παντὸς
3471 3083 3757 3154 ἀνθρώπου

2182 3171 2432 3244 καρδίαν,
2469 3175 2549 3239 είς
2593 3174 2918 3245 θεογνωσίαν
2978 3175 3216 3247 δηλονότι
3271 3177 3366 3231 καὶ
3410 3178 3490 3241 είς
3537 3175 3754 3229 σύνεσιν

2179 3263 2648 3339 ἀνθρωποπρεπῆ,
2687 3269 2780 3321 καὶ
2809 3269 2966 3340 εῖπερ
2999 3264 3066 3340 ἦν
3095 3270 3183 3322 ἀεὶ
3214 3271 3271 3323 ὲν
3309 3269 3388 3340 τῷ
3416 3270 3629 3340 κόσμῳ,
3663 3270 3759 3322 καὶ

2178 3356 2339 3420 αὐτὸς
2387 3353 2455 3428 ἦν
2497 3359 2738 3430 ἐργάτης
2788 3360 2986 3427 αὑτοῦ,
3040 3362 3158 3426 πῶς
3203 3363 3481 3434 ἡγνοήθη,
3527 3364 3623 3416 καὶ
3675 3365 3756 3426 εἰς

2178 3449 2400 3519 χρόνους
2431 3449 2574 3504 οὕτω
2612 3452 2893 3522 μακρούς;
2934 3454 3130 3507 οὐκοῦν
3164 3456 3263 3508 οὐκ
3311 3455 3596 3522 ἐφώτιζεν,
3642 3455 3757 3509 ἀλλ’

2177 3539 2298 3592 οὐδὲ
2329 3539 2466 3603 ὅλως
2499 3541 2710 3612 ὑπῆρχε
2742 3542 2799 3594 τὸ
2827 3541 2942 3612 φῶς
2966 3544 3147 3606 αὑτός.
3183 3544 3324 3614 Πρὸς
3351 3544 3415 3616 δὴ
3442 3544 3509 3597 τά
3531 3544 3756 3600 τοιαῦτα

2178 3632 2504 3703 θερμότερον
2527 3635 2554 3686 6
2578 3632 2822 3701 θεολόγος
2845 3634 3182 3701 ὑπαντιάζει,
3206 3635 3397 3704 λέγων·
3427 3654 3446 3688 ι
3467 3637 3526 3689 '0
3551 3636 3755 3707 κόσμος

2177 3725 2341 3779 αὑτὸν
2383 3742 2485 3778 ουκ
2546 3724 2880 3793 ἐγνω.›ούκ
2923 3727 3084 3791 αὐτὸς
3131 3728 3196 3780 δι’
3246 3727 3436 3782 ἑαυτὸν
3483 3730 3752 3800 ὴγνοήθη,

2176 3815 2340 3885 φησίν
2359 3833 2372 3846 ·
2406 3816 2666 3870 αἰτιάσθω
2695 3817 2751 3871 δὲ
2779 3819 2806 3870 6
2831 3818 3036 3889 κόσμος
3073 3819 3168 3890 τὴν
3209 3819 3416 3875 οἰκείαν
3445 3820 3751 3877 ἀσθένειαν.

2174 3907 2402 3970 Φωτίζει
2441 3908 2538 3977 μὲν
2565 3908 2673 3978 γάρ
2707 3909 2734 3961 6
2763 3909 2887 3972 Υἱὸς
2910 3949 2925 3972 ,
2980 3909 3324 3981 ἀπαμϐλύνει
3365 3911 3420 3966 δὲ
3447 3912 3544 3980 τὴν
3592 3911 3757 3982 χάριν

2175 3998 2208 4069 ἡ
2236 3998 2431 4061 κτίσις.
2475 3999 2808 4064 Ἐδανείξετο
2837 4001 2899 4052 τὸ
2925 4000 3161 4071 βλέπειν,
3187 4001 3275 4055 ἵνα
3303 4003 3395 4055 τὸν
3427 4001 3567 4054 κατά
3591 4003 3753 4071 φύσιν

2175 4091 2340 4162 νοήσῃ
2393 4091 2556 4156 Θεὸν,
2610 4092 2704 4145 καὶ
2761 4093 3133 4164 δεδαπάνηκεν
3187 4094 3412 4157 ἀσώτως
3467 4095 3529 4147 τὸ
3575 4093 3748 4157 δοθὲν,

2177 4182 2340 4253 μέχρι
2362 4183 2469 4235 τῶν
2496 4183 2817 4255 ποιημάτων
2840 4183 3031 4256 ἔστησε
3056 4186 3153 4257 τῆς
3181 4185 3411 4256 θεωρίας
3431 4183 3489 4237 τὸ
3517 4183 3714 4256 μέτρον
3733 4203 3746 4216 ο

2174 4274 2441 4346 ὲνάρκησε
2466 4275 2558 4328 τὸν
2587 4277 2842 4330 ἐπέκεινα
2879 4276 3098 4347 δρόμον,
3129 4277 3404 4347 κατέχωσε
3447 4277 3743 4348 ῥᾳθυμίαις

451 4429 467 4448 ,
492 4371 724 4444 gratiam
759 4370 824 4434 ",
859 4369 1008 4440 quod
1040 4387 1108 4424 ne
1143 4368 1252 4424 sibi
1302 4369 1610 4439 contingat,
1643 4367 1869 4437 vigilare
1918 4365 2072 4420 Pauli

2183 4365 2266 4418 τὸν
2303 4365 2619 4438 φωτισμὸν,
2652 4366 2896 4436 ἠμέλησε
2934 4366 3027 4420 τοῦ
3063 4366 3439 4438 χαρίσματος,
3487 4367 3624 4437 ὅπερ
3662 4367 3748 4422 ἵνα

494 4462 796 4534 discipulus
837 4461 1184 4515 admonetur.
1212 4459 1359 4512 Nihil
1388 4475 1517 4530 ergo
1547 4458 1615 4514 ad
1651 4458 1826 4512 lucem
1863 4457 2070 4511 illumi-

2183 4453 2256 4523 μὴ
2283 4454 2467 4516 πάθοι,
2500 4456 2692 4524 νήφειν
2735 4458 2763 4508 6
2798 4455 3010 4518 Παῦλος
3042 4455 3251 4508 κελεύει
3298 4455 3376 4526 τῷ
3418 4456 3603 4526 οἰκείῳ
3643 4474 3748 4527 μα-

495 4562 748 4608 natorum
807 4551 1158 4621 improbitas.
1208 4547 1680 4614 Quemadmodum
1731 4549 1879 4603 enim
1936 4548 2072 4602 solis

2183 4550 2308 4622 Βητῇ
2335 4565 2348 4578 ⁸
2385 4551 2536 4604 οὐδὲν
2579 4546 2670 4604 οὖν
2701 4549 2808 4622 ἄρα
2837 4551 2972 4622 πρὸς
3002 4551 3060 4603 τὸ
3095 4550 3209 4618 φῶς
3247 4552 3278 4620 ὴ
3316 4549 3423 4602 τῶν
3456 4551 3750 4619 φωτισθένο

491 4648 674 4702 lumen
711 4651 930 4700 cunctis
977 4641 1250 4703 oboritur,
1284 4639 1378 4694 sed
1413 4638 1552 4693 nihil
1589 4654 1764 4694 caecus
1817 4639 2072 4695 utilitatis

488 4736 619 4792 inde
670 4733 912 4803 accipit:
954 4747 1062 4786 non
1107 4738 1290 4785 tamen
1345 4727 1581 4801 proinde
1632 4740 2068 4784 consentaneum

488 4842 619 4883 esse
651 4826 859 4880 dixeris
889 4824 1024 4879 solis
1052 4839 1315 4878 accusare
1348 4822 1693 4894 splendorem
1723 4840 1737 4876 :
1791 4821 1924 4891 quin
1976 4838 2070 4893 po-

489 4919 604 4973 tius
648 4915 716 4970 ad
763 4916 1049 4970 oculorum
1095 4914 1288 4969 vitium
1326 4914 1377 4968 id
1430 4912 1752 4969 referemus.
1793 4912 1888 4969 llle
1921 4915 2067 4970 enim

487 5007 788 5070 illuminat,
814 5007 868 5061 bi
896 5007 1070 5062 lucem
1103 5023 1211 5060 non
1244 5007 1493 5076 capiunt;
1525 5006 1605 5062 sic
1636 5007 1800 5061 etiam
1839 5009 1906 5063 de
1935 5004 2070 5064 Uni-

488 5099 676 5170 genito
711 5098 1061 5154 statuendum
1088 5097 1351 5160 arbitror,
1382 5098 1640 5152 nimirum
1676 5099 1854 5168 ipsum
1889 5098 2065 5153 lucem

484 5207 614 5248 esse
657 5207 868 5256 veram,
913 5189 1011 5246 sed
1066 5190 1231 5244 deum
1272 5190 1436 5260 hujus
1471 5191 1683 5255 saeculi,
1714 5198 1773 5244 ut
1821 5191 2068 5259 loquitur

2173 4657 2280 4694 των
2307 4641 2596 4712 φαυλότης.
2622 4642 2829 4712 Ὀνπερ
2850 4642 2959 4714 γάρ
2987 4643 3206 4714 τρόπον,
3223 4642 3430 4713 ἀνίσχει
3457 4644 3552 4714 μὲν
3579 4644 3752 4696 ἅπασι

2172 4732 2266 4785 τοῦ
2298 4733 2448 4803 ἡλίου
2479 4736 2538 4787 τὸ
2574 4735 2709 4804 φῶς,
2741 4736 3034 4805 ὠφελεῖται
3053 4735 3110 4789 δὲ
3141 4735 3290 4788 οὐδὲν
3324 4735 3352 4787 6
3375 4736 3595 4804 τυφλὸς,
3632 4734 3750 4788 ἀλλ’

2173 4824 2233 4877 ού
2264 4824 2355 4877 διὰ
2384 4825 2541 4878 τοῦτο
2567 4827 2662 4897 τῆς
2691 4827 2922 4898 ἡλιακῆς
2969 4827 3034 4880 ἂν
3076 4826 3311 4893 εὐλόγως
3342 4827 3751 4897 κατηγορῆσαι-

2179 4932 2277 4985 μεν
2315 4915 2518 4988 αὐτῆς·
2571 4917 2945 4988 αἰτιασώμεθα
2991 4918 3046 4971 δὲ
3089 4918 3287 4989 μᾶλλον
3335 4918 3396 4970 τὸ
3437 4919 3538 4986 τῆς
3573 4917 3750 4987 ὅψεως

2174 5008 2346 5072 πάθος
2383 5011 2438 5080 (ἡ
2489 5009 2586 5080 μὲν
2629 5011 2738 5080 γὰρ
2782 5011 3080 5080 ἐφώτιζεν,
3137 5012 3170 5081 ἡ
3219 5011 3276 5064 δὲ
3324 5011 3415 5064 τὸν
3467 5010 3750 5079 φωτισμὸν

2170 5099 2271 5155 οὐκ
2294 5101 2552 5172 ὲδέχετο)·
2577 5102 2750 5167 οὕτως
2770 5099 2921 5174 οἶμαι
2944 5104 3052 5156 δεῖν
3077 5103 3168 5155 καὶ
3191 5104 3281 5155 ἐπὶ
3302 5097 3394 5154 τοῦ
3411 5099 3748 5169 Μονογενοῦς

2169 5190 2388 5255 ἐννοεῖν,
2423 5192 2503 5246 ὅτι
2542 5193 2656 5263 φῶς
2685 5194 2785 5266 μέν
2801 5196 2916 5250 ἐστι
2945 5193 3006 5248 τὸ
3033 5192 3306 5263 ἀληθινὸν,
3333 5193 3362 5244 6
3395 5191 3448 5243 δὲ
3488 5189 3623 5253 Θεὸς
3651 5187 3746 5244 τοῦ

488 5281 715 5350 Paulus,
733 5297 1038 5338 exemcasse
1065 5290 1277 5337 mentes
1297 5279 1618 5345 intldelium,
1643 5295 1710 5335 ne
1735 5280 2064 5337 illnminatio

2183 5281 2363 5347 ιίῶνος
2393 5285 2607 5352 τούτου,
2639 5285 2782 5339 καθά
2810 5287 2902 5339 καὶ
2941 5287 2969 5338 6
2999 5284 3210 5348 Παῦλός
3249 5300 3432 5354 φησιν,
3465 5281 3744 5351 ἐτύφλωσε

489 5375 821 5447 cognitionis
848 5373 1051 5428 divinae
1094 5373 1149 5427 in
1181 5372 1316 5442 ipsis
1367 5369 1569 5442 fulgeat
1596 5371 1662 5428 “'.
1713 5369 2058 5427 Excwcatum

2183 5373 2234 5427 τὰ
2275 5376 2523 5450 νοήματα
2563 5375 2670 5430 τῶν
2715 5377 2979 5442 ἀπίστων,
3007 5379 3086 5442 είς
3121 5376 3184 5434 τὸ
3216 5376 3290 5448 μὴ
3324 5374 3617 5442 διαυγάσαι
3651 5373 3747 5434 τὸν

483 5476 666 5522 autem
717 5466 807 5520 hic
859 5465 1097 5520 dicimus
1131 5461 1432 5529 hominem,
1469 5476 1576 5518 non
1605 5461 1751 5533 quod
1778 5463 1942 5533 plane
1984 5464 2057 5520 sit

2183 5467 2440 5540 ρωτισμὸν
2466 5469 2524 5521 ὲν
2545 5467 2728 5531 αὐτοῖς
2754 5467 2852 5538 τῆς
2876 5466 3131 5536 γνώσεως
3153 5467 3247 5522 τοῦ
3275 5465 3431 5520 Θεοῦ.
3457 5464 3744 5533 Τύφλωσιν

490 5555 618 5611 luce
667 5559 896 5613 orbatus
950 5547 1400 5626 (servatur‘enim
1451 5552 1507 5608 in
1561 5561 1758 5608 natura
1797 5552 2062 5611 divinitus

2183 5559 2224 5615 Sé
2259 5577 2439 5634 φαμεν
2481 5560 2579 5635 τὴν
2609 5563 2664 5616 ὲν
2697 5561 2906 5626 τούτοις
2948 5562 3248 5634 ύποττῆναι
3298 5559 3387 5616 τὸν
3426 5557 3742 5631 ἄνθρωπον,

550 5731 597 5771 ⁸⁸
631 5733 653 5788 l
687 5731 830 5788 Tim.
872 5752 943 5798 tv,
1008 5737 1087 5791 Η.
1203 5738 1244 5768 ¹⁸
1302 5735 1342 5790 ll
1399 5736 1528 5793 Cor.
1573 5753 1646 5804 tv,
1690 5739 1739 5796 ι.
