4092 6274
348 307 454 365 N9

1451 301 1518 356 IN
1548 300 1836 358 JOANNIS
1877 299 2330 362 EVANGELIUM
2369 299 2496 356 LIB.
2533 299 2572 354 Ι.

3524 295 3544 350 1
3558 296 3626 353 EO

347 405 452 462 ούκ
502 403 585 466 είς
627 401 922 472 ὁλόκληρον
966 398 1060 455 τοῦ
1093 357 1302 469 ,φωτὸς
1360 399 1596 471 ἐρημίαν
1643 400 1928 470 ἐρχόμενοι.

2042 400 2169 454 data
2183 357 2608 469 intelligentia),
2642 393 2736 449 scd
2763 392 2911 463 quod
2952 391 3167 446 inertiae
3187 389 3378 446 habitu
3409 403 3622 448 exstru-

351 493 612 562 (σώζεται
656 492 766 564 γὰρ
805 495 864 546 ἐν
891 494 957 563 τῇ
992 489 1147 560 φύσει
1187 491 1403 552 πάντως
1432 491 1464 559 ἡ
1503 489 1780 550 θεόσδοτος
1810 487 1937 550 σύν-

351 591 492 654 εσις)
511 600 528 618 ·
558 584 674 638 ἀλλ’
699 587 776 648 είς
808 583 921 649 ἕξιν
943 580 1328 654 ἀμαθεστέραν
1361 579 1936 652 κατασϐεν[ν]ύμενον,

353 679 451 739 καὶ
477 678 598 742 ταῖς
627 677 722 731 ἐπὶ
748 675 817 730 τὰ
849 676 1016 749 χείρω
1051 676 1437 746 παρατροπαϊς
1461 673 1941 746 καταμαραίνοντά

353 786 476 832 πως
513 769 608 822 καὶ
660 769 1041 839 κατατήκοντα
1080 768 1142 820 τὸ
1171 768 1272 838 τῆς
1318 766 1541 838 χάριτος
1585 766 1814 837 μέτρον·
1851 767 1939 821 διὰ

351 860 514 914 τοῦτο
555 860 646 913 καὶ
679 863 708 914 6
751 860 1062 931 σοφώτατος
1093 859 1347 932 Μελῳδδς
1373 899 1387 924 ,
1432 859 1522 913 ὅτε
1563 859 1655 912 τὸν
1696 857 1939 913 τοιοῦτον

352 954 484 1023 ἡμῖν
531 951 819 1024 ἄνθρωπον
861 952 1247 1024 ὑποκρίνεται,
1295 952 1417 1006 τότε
1463 951 1528 1024 δὴ
1573 951 1668 1006 καὶ
1709 952 1940 1015 δικαίως

350 1044 826 1114 καταφαγτίζεσθαι
859 1044 1201 1116 παρακαλεῖ,
1254 1045 1430 1114 λέγων
1475 1046 1553 1110 ὡς
1601 1046 1739 1119 πρὸς
1766 1046 1936 1100 Θεόν’

354 1155 382 1188 ι
415 1135 794 1207 Ἀποκάλυψον
821 1137 948 1200 τοὺς
978 1135 1292 1208 ὀφθαλμούς
1331 1155 1457 1209 μου,
1492 1138 1587 1192 καὶ
1612 1141 1939 1210 κατανοήσω

347 1229 417 1284 τὰ
438 1230 718 1302 Θαυμάσιά
759 1247 852 1284 σου
891 1232 956 1284 ἐκ
991 1230 1088 1284 τοῦ
1119 1231 1283 1301 νόμου
1312 1247 1408 1285 σου
1428 1248 1444 1266 ο
1483 1250 1500 1283 ι
1532 1231 1695 1303 νόμον
1722 1231 1828 1303 γὰρ
1859 1233 1939 1296 εἰς

350 1321 604 1400 βοήθειαν
634 1321 833 1389 ἔδωκε,
875 1323 934 1376 τδ
961 1323 1104 1376 θεῖον
1145 1324 1205 1376 ἐν
1241 1324 1375 1395 ἡμῖν
1421 1325 1939 1396 ἀναζωπυρήσαντα

350 1414 503 1482 φῶς,
572 1415 666 1468 καλ⁸
733 1415 924 1484 ὥσπερ
985 1415 1110 1470 τινὰ
1158 1415 1339 1488 λήμην
1392 1415 1501 1469 τῶν
1554 1417 1653 1488 τῆς
1711 1417 1938 1487 καρδίας

347 1504 646 1574 ὀφθαλμῶν
709 1505 1113 1575 ἐκκαθαίροντα
1158 1505 1250 1560 τὸν
1302 1506 1364 1573 ἐξ
1419 1508 1652 1577 ἀρχαίας
1699 1508 1937 1578 ἀμαθίας

351 1597 734 1667 ἐπισκήψαντα
787 1598 1098 1668 σκοτισμόν.
1167 1600 1519 1670 ’Δχαριστίας
1557 1595 1652 1654 οὗν
1698 1599 1814 1670 ἅμα
1845 1601 1940 1654 καὶ

354 1688 717 1759 ἀναισθησίας
747 1691 776 1742 6
804 1690 1007 1760 κόσμος
1051 1691 1109 1743 ἐν
1151 1690 1363 1752 τούτοις
1397 1691 1661 1761 ὑπομένει
1695 1693 1934 1762 γραφὴν,

355 1780 452 1833 καὶ
476 1758 584 1832 τὸν
617 1782 815 1834 οἰκεῖον
858 1758 1133 1852 ἀγνοήσας
1176 1758 1558 1854 γενεσιουργδν
1580 1823 1594 1844 ,
1637 1758 1845 1836 καλ-τὸν
1967 1758 2006 1812 Β

354 1871 450 1926 τοῦ
481 1873 820 1942 πεφωτίσθαι
846 1873 1058 1944 καρπὸν
1099 1875 1200 1927 οὐκ
1247 1875 1451 1942 ἀγαθὸν
1490 1875 1795 1940 ἐπιδείξας.
1846 1877 1932 1930 ἵνα

355 1965 593 2035 φανῆται
624 1964 807 2018 λοιπὸν
845 1966 932 2018 ἐπ’
967 1964 1117 2036 αύτῷ
1150 1966 1374 2019 κάκεῖνο
1416 1967 1579 2021 πάλιν
1617 1967 1833 2039 ἀληθὲς,
1871 1967 1931 2020 τὸ

351 2055 437 2121 ἐφ’
472 2057 607 2119 υίοίς
648 2055 862 2128 Ἰσραὴλ
902 2056 990 2109 διὰ
1036 2057 1387 2128 προφητικῆς
1417 2058 1674 2128 ᾀδόμενον
1718 2060 1924 2128 φωνῆς·

353 2160 372 2193 ι
415 2143 647 2213 Ἐμεινα
674 2142 766 2197 τοῦ
809 2144 1036 2214 ποιῆσαι
1070 2145 1350 2218 σταφυλήν
1371 2186 1386 2212 ,
1419 2147 1642 2218 ἐποίησε
1674 2147 1728 2200 δὲ
1758 2149 1928 2202 ἀκάν-

346 2231 468 2296 θας.
509 2253 529 2286 ι
564 2229 672 2287 Ἦν
718 2234 825 2304 γὰρ
863 2233 1034 2299 ὅντως
1071 2237 1101 2288 6
1156 2235 1251 2288 τοῦ
1303 2237 1640 2304 πεφωτίσθαι
1692 2237 1924 2308 καρπὸς,

347 2326 380 2394 η
412 2324 617 2396 ἀληθὴς
666 2327 792 2399 περὶ
840 2325 934 2380 τοῦ
963 2326 1305 2394 Μονογενοῦς
1332 2327 1585 2398 διάληψις
1607 2367 1621 2390 ,
1676 2329 1922 2400 σταφυλή

2039 498 2242 562 guatur
2284 505 2348 544 ea
2398 489 2512 549 lux.
2545 495 2598 542 et
2639 484 2999 541 conversione
3043 482 3109 536 ad
3144 482 3272 536 vitia
3319 493 3624 539 marcescat

2038 580 2230 653 gratia:
2254 581 2450 636 modus
2487 591 2650 649 atque
2678 578 3058 633 contabescat.
3098 575 3367 641 Quocirca
3403 575 3622 646 sapien-

2041 674 2306 732 tissimus-
2340 672 2656 736 Psalmista,
2695 669 3008 728 istiusmodi
3033 668 3273 724 hominis
3327 683 3620 738 persoam

2039 765 2373 837 agens,jure
2401 779 2431 818 a
2465 763 2575 818 Deo
2599 763 2908 818 illuminari
2939 761 3076 831 petit
3105 761 3192 816 his
3220 760 3438 816 verbis:
3463 777 3481 811 ι
3515 758 3621 830 [te-

2040 859 2159 915 vela
2190 857 2382 914 oculos
2414 872 2588 922 meos,
2621 865 2676 911 et
2705 854 3071 910 considerabo
3097 851 3369 908 mirabilia
3405 851 3472 906 de
3505 852 3622 920 lege

2039 959 2136 1007 tua
2169 953 2237 1007 ".
2276 969 2295 1002 ι
2330 949 2526 1020 Legem
2559 949 2764 1019 quippe
2790 949 2844 1002 in
2882 945 3146 1001 auxilium
3184 943 3357 1006 dedit,
3382 959 3500 1012 qua:
3539 941 3622 996 di-

2039 1048 2229 1102 vinum
2267 1047 2323 1101 in
2369 1046 2528 1100 nobis
2568 1045 2753 1099 lumen
2793 1043 3021 1106 excitet,
3055 1049 3110 1096 et
3137 1040 3344 1096 veteris
3389 1038 3622 1093 inscitia:

2036 1139 2332 1211 caliginem
2349 1154 2449 1195 ceu
2480 1137 2864 1208 lippitudinem
2891 1135 3186 1206 quamdam
3211 1148 3276 1190 ex
3296 1133 3475 1188 oculis
3501 1145 3637 1194 (ξομ,

2040 1230 2126 1288 dis
2159 1231 2426 1300 detergat.
2482 1227 2682 1300 Ingrati
2713 1243 2849 1298 ergo
2879 1227 3049 1281 animi
3092 1233 3148 1281 et
3185 1223 3432 1294 stuporis
3463 1215 3620 1276 mun-

2039 1322 2146 1377 dus
2177 1320 2270 1376 hic
2303 1319 2635 1391 postulatur,
2670 1319 2764 1388 qui
2797 1327 2850 1373 et
2881 1333 3039 1373 suum
3070 1322 3352 1372 auctorem
3397 1315 3621 1384 ignora-

2040 1415 2137 1480 vit,
2169 1422 2223 1468 et
2253 1411 2674 1467 illuminationis
2701 1426 2816 1467 sua:
2851 1409 3090 1464 fructum
3131 1424 3239 1462 non
3273 1409 3475 1463 bouum
3503 1406 3620 1462 edi-

2037 1506 2138 1569 dit,
2177 1513 2236 1559 ut
2276 1504 2409 1558 illud
2445 1505 2514 1560 de
2548 1504 2668 1575 ipso
2699 1503 2918 1558 demum
2964 1501 3091 1574 jure
3130 1500 3237 1555 dici
3269 1499 3446 1570 possit
3474 1497 3619 1570 quod

2038 1597 2105 1652 de
2140 1595 2267 1650 ﬁliis
2298 1593 2463 1650 Israel
2510 1594 2833 1664 prophetica
2878 1607 3014 1647 voce
3052 1591 3423 1662 praedicatur:
3463 1612 3480 1639 ι
3515 1586 3616 1641 Εκ-

2039 1687 2281 1759 spectavi
2315 1696 2374 1741 ut
2392 1685 2598 1740 faceret
2616 1698 2776 1738 uvam
2808 1691 2862 1738 et
2887 1682 3013 1738 fecit
3039 1682 3228 1752 spinas
3246 1681 3312 1735 '°.
3332 1699 3350 1731 ι
3384 1679 3620 1734 Fructus

2039 1780 2184 1835 enim
2243 1777 2667 1833 illuminationis
2722 1777 2919 1839 istius,
2976 1773 3254 1844 Uuigeniti
3306 1779 3456 1828 certe
3503 1780 3622 1826 erat

2038 1871 2263 1942 agnitio,
2295 1886 2404 1924 non
2440 1884 2602 1924 secus
2645 1883 2711 1924 ac
2734 1883 2860 1931 uva,
2911 1883 2978 1922 ex
3021 1866 3264 1922 hominis
3316 1873 3497 1920 mente
3539 1863 3617 1918 ni-

2037 1963 2238 2016 mirum
2281 1978 2381 2016 ceu
2439 1960 2691 2017 malleolo
2737 1959 3002 2030 pendens,
3047 1973 3156 2013 non
3183 1965 3370 2014 autem
3412 1957 3502 2011 illa
3537 1965 3618 2010 te-

2037 2055 2288 2120 meritas,
2326 2069 2448 2124 qute
2479 2053 2760 2108 hominum
2792 2068 2968 2125 genus
3001 2053 3064 2107 ad
3103 2051 3442 2108 astruendos
3480 2051 3618 2106 mul-

2035 2144 2252 2215 tiplices
2299 2144 2430 2200 deos
2475 2145 2766 2216 pertrahit,
2807 2144 2983 2198 instar
3034 2144 3298 2199 aculeata?
3339 2144 3514 2214 spina:
3562 2142 3615 2197 in

2035 2236 2198 2293 nobis
2234 2235 2516 2293 suboritur
2553 2244 2609 2292 et
2655 2235 2904 2291 animum
2934 2235 3222 2293 erroribus
3273 2236 3342 2291 ad
3384 2243 3614 2291 mortem

2033 2330 2305 2384 vulnerat.

343 2437 428 2484 τις
469 2419 656 2492 ὥσπερ
716 2423 1043 2494 πίλημα-είδος
1092 2423 1458 2495 ἐξηρτημένη,
1497 2427 1597 2496 τῆς
1649 2423 1938 2495 ἀνθρώπου
1975 2425 2237 2490 διανοίας,
2270 2425 2433 2496 φημὶ,
2481 2426 2574 2479 καὶ
2605 2423 2817 2496 ούχὶτό
2846 2425 3110 2489 ἐναντίον,
3143 2426 3177 2496 ή
3213 2427 3293 2489 είς
3358 2422 3617 2478 πολύθεον

339 2509 574 2564 ἕλκουσα
613 2510 818 2582 πλάνην
852 2511 1105 2577 ἀϐουλία,
1152 2513 1330 2578 ὀξείας
1379 2513 1624 2583 ἀκάνθης
1668 2513 1824 2584 δίκην
1864 2515 1922 2568 ἐν
1961 2516 2095 2585 ἡμῖν
2123 2515 2509 2581 ἀνατέλλουσα,
2539 2517 2635 2570 καὶ
2659 2517 2974 2588 πλήττουσα
3032 2518 3171 2589 πρὸς
3233 2515 3466 2570 θάνατον
3495 2517 3616 2585 ταῖς

342 2601 581 2666 ἀπάταις
605 2601 696 2658 τὸν
721 2602 866 2657 νοῦν.

407 2701 512 2764 Είς
548 2698 618 2753 τὰ
658 2697 779 2752 ιδια
809 2694 992 2769 ἦλθε,
1029 2699 1125 2762 καὶ
1164 2700 1220 2754 οἱ
1259 2698 1398 2754 ίδιοι
1444 2698 1632 2754 αὑτὸν
1676 2701 1747 2755 οὐ
1787 2715 1934 2768 παρ-

341 2789 580 2843 ἐλαϐον.

426 2881 718 2934 Ἐπιτείνει
758 2881 855 2952 τὴν
885 2881 1182 2950 ἀπολογίαν
1209 2883 1239 2935 6
1286 2881 1686 2952 εύαγγελιστής
1721 2880 1815 2935 τοῦ
1854 2882 1929 2952 μὴ

344 2972 646 3040 ἐγνωκέναι
684 2974 775 3027 τὸν
824 2975 1028 3045 κόσμον
1081 2975 1174 3029 τὸν
1223 2975 1529 3045 φωτίζοντα
1562 2974 1742 3040 αὐτὸν,
1784 2975 1929 3029 τοῦτ’

2104 2695 2283 2768 891,
2312 2697 2400 2752 Η.
2424 2696 2488 2752 In
2517 2699 2734 2769 propria
2755 2698 2890 2754 venit
2932 2707 2982 2755 et
3015 2699 3100 2754 sui
3124 2715 3242 2755 eum
3272 2717 3375 2755 non
3413 2717 3617 2771 recepe-

2032 2797 2176 2855 runt,
2197 2777 2204 2782 ”

2104 2883 2295 2955 Pergit
2324 2882 2739 2954 evangelistam
2764 2882 3042 2938 reddenda
3074 2883 3308 2947 ratione,
3338 2899 3440 2938 cur
3465 2901 3615 2940 mun-

2033 2973 2135 3029 dus
2167 2989 2277 3030 non
2306 2973 2589 3045 agnoverit
2619 2988 2746 3028 eum
2780 2989 2810 3027 a
2842 2989 2953 3045 quo
2986 2974 3352 3040 illuminatuP,
3392 2977 3498 3031 hoc
3529 2991 3614 3031 est

346 3065 464 3117 ἐστι
488 3103 504 3126 ,
548 3063 636 3117 τὸν
667 3064 978 3136 Μονογενῆ,
1029 3066 1124 3121 καὶ
1156 3066 1267 3120 ἀπὸ
1309 3069 1407 3138 τῆς
1452 3067 1693 3139 χείρονος
1730 3067 1838 3120 τῶν
1870 3067 1928 3133 ἐξ

2035 3065 2411 3135 Unigenitum,
2467 3072 2522 3121 et
2565 3065 2848 3136 proposito
2889 3067 3126 3138 graviori
3169 3077 3394 3139 peccato
3442 3068 3614 3126 Israe-

359 3151 578 3224 Ἰσραὴλ
625 3154 919 3224 ἁμαρτίας,
959 3158 1053 3210 καὶ
1093 3156 1162 3210 τὰ
1206 3157 1317 3211 τῶν
1369 3158 1541 3211 ἐθνῶν
1599 3159 1925 3230 ἐγκλήματα

2031 3159 2274 3224 litatum,
2325 3159 2568 3230 gentium
2604 3175 2822 3230 quoque
2847 3161 3064 3231 culpam
3112 3159 3440 3216 conﬁrmare
3483 3162 3615 3215 niti-

347 3243 636 3313 κρατύνειν
660 3247 957 3314 ἐπείγεται,
989 3250 1083 3303 καὶ
1103 3251 1202 3321 τὴν
1227 3249 1616 3320 ἐπισκήψασαν
1636 3251 1714 3321 τῷ
1736 3251 1928 3322 κόσμῳ

345 3336 678 3406 δυσμαθείας
704 3355 761 3390 τε
811 3338 944 3409 ὁμοῦ
972 3341 1062 3393 καὶ
1089 3341 1373 3405 ἀπειθείας
1399 3341 1730 3402 ἐπιδεικνύει
1753 3343 1924 3398 νόσον.

344 3430 690 3501 Εὺαφόρμως
717 3432 774 3485 δέ
799 3432 920 3486 λίαν
943 3435 1024 3496 είς
1048 3435 1140 3488 τὸν
1167 3435 1298 3507 περὶ
1327 3435 1427 3506 τῆς
1455 3435 1927 3507 ἐνανθρωπήσεως

343 3521 646 3576 εἰσελαύνει
677 3522 866 3592 λόγον,
907 3526 1004 3578 καὶ
1042 3526 1310 3598 καθέρπει
1355 3527 1541 3581 λοιπὸν
1582 3527 1640 3593 ἐξ
1685 3528 1925 3599 ἀκράτου

342 3613 621 3684 θεολογίας
662 3617 744 3680 είς
787 3617 1048 3689 ἐξήγησιν
1077 3619 1388 3692 οἰκονομίας
1417 3620 1518 3691 τῆς
1549 3620 1687 3692 μετὰ
1716 3619 1926 3692 σαρκώ-

341 3699 500 3770 σεως,
533 3709 599 3778 ἢν
624 3710 920 3780 ἐποιήσατο
945 3711 1012 3764 δι’
1041 3713 1186 3782 ἡμᾶς
1215 3714 1243 3766 6
1277 3713 1426 3776 Υἱός.
1458 3713 1784 3783 Θαυμαστὸν
1815 3712 1926 3783 γάρ

335 3798 512 3862 οὐδὲν,
547 3801 595 3853 εί
627 3801 702 3872 μὴ
743 3801 915 3870 ἔγνω,
957 3803 1152 3874 φησὶν,
1195 3806 1223 3858 6
1262 3805 1467 3875 κόσμος
1500 3805 1590 3858 τὸν
1616 3805 1920 3875 Μονογενῆ,

333 3891 440 3960 τῆς
481 3891 581 3964 μὲν
621 3893 895 3965 ἀνθρώπῳ
920 3880 1236 3967 πρεπούσης
1297 3897 1568 3960 συνέσεως
1595 3897 1927 3970 ἐκδεδραμη-

333 3981 470 4048 κὼς,
504 3985 598 4038 καὶ
638 3985 719 4038 ὅτι
755 3986 852 4056 μὲν
887 3987 947 4040 ἐν
979 3990 1118 4058 τιμῇ
1159 3989 1220 4040 τέ
1264 3991 1378 4041 ἐστι
1425 3989 1517 4041 καὶ
1541 3989 1784 4056 ’γέγονεν
1822 3989 1926 4043 οὐκ

331 4074 518 4140 εἰδὼς,
555 4076 928 4146 παραϐληθείς
973 4095 1032 4131 τε
1080 4081 1193 4142 τοῖς
1229 4081 1454 4150 κτήνεσι
1498 4081 1609 4142 τοῖς
1651 4080 1920 4149 ἀνοήτοις,

331 4165 596 4236 καθάπερ
627 4162 720 4220 οὖν
747 4169 843 4220 καὶ
881 4170 910 4221 6
941 4169 1082 4233 θεῖος
1111 4170 1313 4240 ἔφασκε
1343 4171 1595 4241 Μελῳδὺς
1618 4213 1630 4234 ,
1663 4172 1797 4224 ὅπου
1831 4171 1924 4225 καὶ

331 4257 505 4320 αὐτὸς
538 4259 567 4310 6
608 4261 907 4331 προσήκειν
949 4263 1093 4327 ἰδίως
1135 4263 1291 4335 αύτῷ¹
1334 4264 1488 4337 παρὰ
1534 4266 1670 4318 πᾶσι
1712 4265 1924 4336 νοηθεὶς

330 4347 468 4411 λαὸς
526 4350 853 4406 ἀπεσείσατο
905 4355 1153 4425 παρόντα
1205 4355 1344 4426 μετὰ
1390 4357 1628 4427 σαρκὸς,
1681 4357 1774 4410 καὶ
1829 4357 1924 4410 ἐπὶ

2026 3256 2142 3315 tur,
2167 3259 2222 3306 et
2258 3249 2579 3305 incubuisse
2619 3251 2821 3304 mundo
2851 3251 3086 3305 inscitiae
3119 3251 3284 3305 simul
3333 3259 3389 3306 et
3432 3251 3614 3305 incre-

2029 3343 2281 3399 dulitatis
2321 3345 2574 3399 morbum
2617 3343 2884 3398 ostendit.
2930 3343 3096 3397 Valde
3136 3351 3318 3398 autem
3363 3344 3614 3415 apposite

2030 3435 2098 3489 ad
2125 3433 2464 3489 mentionem
2492 3433 2560 3488 de
2591 3435 2975 3490 incarnatione
3019 3434 3324 3489 faciendam
3357 3435 3529 3502 subit,
3559 3444 3612 3489 et

2029 3541 2060 3579 a
2102 3526 2398 3596 purissima
2450 3527 2540 3580 illa
2592 3525 2866 3596 theologia
2910 3526 3108 3597 irrepit
3153 3527 3372 3582 demum
3411 3527 3476 3581 ad
3515 3542 3613 3581 ex-

2029 3619 2339 3689 plicandam
2410 3619 2816 3675 incarnationis
2866 3619 3385 3690 dispensationem,
3445 3634 3609 3690 quam

2028 3713 2253 3775 propter
2282 3719 2384 3759 nos
2436 3706 2568 3761 fecit
2615 3704 2810 3760 Filius.
2859 3705 3059 3762 Mirum
3096 3707 3299 3779 quippe
3330 3709 3466 3763 nihil
3497 3718 3608 3769 cst.

2027 3798 2228 3867 inquit,
2265 3797 2312 3853 si
2350 3798 2588 3854 mundus
2625 3797 2986 3870 Unigenitum
3026 3816 3137 3854 non
3177 3801 3487 3870 agnoverit,
3517 3805 3610 3872 qui

2025 3905 2056 3944 a
2086 3899 2238 3945 recta
2272 3890 2614 3961 intelligendi
2648 3892 2732 3946 via
2765 3891 3142 3958 deﬂexerit,et
3176 3909 3290 3950 stne
3323 3893 3611 3966 dignitatis

2025 3982 2253 4054 ignarus
2286 3991 2640 4053 comparatus
2676 3985 2747 4040 sit
2789 3985 3060 4054 jumentis
3099 3985 3511 4056 insipientibus,
3553 3996 3612 4041 ut

2025 4078 2249 4133 divinus
2283 4076 2577 4134 Psalmista
2611 4079 2812 4134 cecinit
2845 4080 2912 4144 “,
2946 4095 3072 4133 cum
3115 4080 3231 4150 ipse
3261 4095 3484 4151 quoque
3517 4097 3612 4152 po-

2026 4172 2211 4240 pulus,
2270 4186 2432 4238 quem
2481 4171 2583 4226 sibi
2636 4187 2750 4241 prae
2799 4173 3018 4226 caeteris
3062 4173 3397 4242 peculiarem
3443 4175 3610 4244 elegit

2028 4261 2194 4325 Deus,
2230 4263 2282 4316 in
2320 4279 2488 4317 carne
2539 4270 2863 4331 praesentem
2921 4263 3209 4332 abjecerit,
3246 4271 3300 4318 et
3343 4279 3471 4318 eum
3514 4268 3608 4336 qui

2025 4355 2094 4414 ad
2127 4355 2374 4410 omnium
2425 4355 2655 4410 salutent
2705 4355 3001 4408 advenerat
3047 4355 3300 4424 excipere
3344 4359 3608 4422 noluerit,

334 4443 593 4516 σωτηρίᾳ
623 4445 843 4498 πάντων
876 4447 1292 4517 ἐπιδημήσαντα
1325 4447 1512 4500 λαϐεῖν
1540 4449 1638 4501 ούκ
1662 4448 1918 4517 ἠθέλησε,

2030 4448 2279 4514 quamvis
2322 4446 2480 4501 ﬁdem
2530 4461 2699 4517 regno
2741 4446 3006 4500 cmlorum
3054 4458 3450 4504 remuneraret.
3495 4449 3610 4502 Ad»

329 4535 437 4606 τὴν
459 4535 570 4589 τῶν
590 4535 838 4608 ούρανῶν
862 4537 1142 4607 βασιλείαν
1168 4539 1268 4607 τῆς
1299 4539 1534 4602 πίστεως
1567 4540 1919 4604 ἀντιδιδόντες.

343 4631 634 4702 Ἐπιτήρει
662 4631 720 4684 δὲ
753 4631 899 4695 ὅπως
938 4631 1162 4700 γέγονεν
1191 4632 1435 4702 άσσαλὴς
1469 4635 1496 4686 6
1542 4633 1668 4704 περὶ
1718 4634 1922 4688 τούτων

328 4722 511 4790 λόγος.
547 4722 651 4776 Τοῦ
689 4723 790 4794 μὲν
830 4723 939 4795 γὰρ
971 4723 1178 4792 κόσμου
1222 4723 1281 4775 τὸ
1330 4723 1573 4792 μηδόλως
1615 4725 1916 4793 ἐγνωκέναι

327 4816 426 4878 τὸν
480 4815 785 4884 φωτίζοντα
829 4817 1145 4886 κατηγορεῖ,
1177 4814 1505 4887 συγγνώμην
1547 4815 1736 4888 ὥσπερ
1765 4815 1917 4886 αύτῷ

326 4907 557 4971 δικαίως
576 4907 664 4963 διὰ
691 4906 883 4961 τούτου
913 4908 1460 4979 πραγματευόμενος,
1493 4908 1585 4960 καὶ
1613 4908 1714 4980 τῆς
1742 4907 1914 4961 δοθεί-

330 5015 438 5069 σης
464 4998 610 5070 αύτῷ
631 4999 849 5070 χάριτος
870 4999 1124 5071 ἀφορμὰς
1147 4999 1400 5068 εὐλόγους
1418 5001 1913 5072 προδιοικούμενοςο

327 5088 428 5143 ἐπὶ
452 5088 509 5146 δέ
537 5106 600 5158 γε
632 5091 738 5148 τῶν
767 5091 828 5157 ἐξ
867 5091 1104 5169 Ἰσραήλ,
1137 5092 1187 5146 οἳ
1227 5096 1320 5153 καὶ
1355 5095 1412 5146 ἐν
1448 5091 1604 5163 μέρει
1633 5093 1742 5152 τῶν
1766 5093 1915 5157 ἰδίως

324 5179 482 5250 αύτῷ
514 5182 892 5251 προσηκόντων
913 5185 1254 5254 ἐτετάχαντο,
1302 5183 1365 5236 τὸ
1393 5202 1411 5236 t
1438 5183 1514 5237 Ού
1550 5184 1858 5256 παρέλαϐον
1890 5203 1908 5237 t

323 5273 545 5343 τίθησιν
573 5289 585 5302 ·
623 5273 683 5325 ού
721 5275 828 5343 γὰρ
854 5272 920 5345 ἦν
949 5275 1280 5349 ἀληθεύοντα
1304 5276 1515 5343 λέγειν,
1559 5293 1576 5326 ι
1605 5277 1717 5330 Ούκ
1746 5275 1916 5346 ἐγνω-

325 5381 451 5428 σαν,
489 5383 506 5416 ι
536 5364 702 5434 νόμον
751 5365 850 5435 μὲν
889 5367 1242 5438 ἀρχαιοτέρου
1273 5367 1659 5440 κηρύττοντος,
1701 5384 1913 5440 προφη-

323 5456 437 5510 τῶν
463 5455 520 5509 δὲ
553 5455 662 5509 τῶν
695 5458 816 5528 μετ’
849 5459 1053 5510 ἐκεῖνον
1083 5459 1572 5529 παιδαγωγούντων
1601 5460 1798 5522 αὐτοὺς
1819 5459 1912 5513 ἐπὶ

325 5545 428 5616 τὴν
451 5547 550 5616 τῆς
577 5547 838 5620 ἀληθείας
867 5549 1189 5620 κατάληψιν.
1215 5552 1432 5605 Δίκαιον
1452 5547 1544 5606 οὖν
1569 5551 1679 5624 ἄρα
1701 5549 1794 5605 καὶ
1820 5551 1908 5603 ἐπ’

411 5724 452 5756 ¹⁹
490 5723 631 5781 Psal.
663 5743 863 5797 cxvut,
905 5728 984 5785 l8.
1065 5732 1109 5764 ⁸ο
1149 5729 1254 5786 lsa.
1311 5748 1363 5797 γ,
1393 5733 1447 5785 2.

2026 4547 2175 4594 verte
2215 4555 2347 4595 vero
2375 4554 2539 4609 quam
2577 4541 2755 4594 solida
2792 4540 2901 4596 siut
2942 4555 3003 4596 ea
3051 4557 3173 4612 rpite
3226 4543 3312 4597 hic
3347 4543 3417 4599 ab
3443 4559 3608 4599 evan-

2027 4631 2217 4699 gelista
2259 4631 2538 4685 dicuntur.
2593 4632 2851 4686 Mundum
2905 4645 3170 4700 accusat,
3220 4635 3367 4706 quod
3405 4636 3609 4693 illumi-

2026 4732 2244 4777 nantem
2295 4724 2446 4778 nullo
2490 4725 2652 4780 modo
2689 4727 3029 4795 cognoverit,
3074 4727 3282 4795 justam
3313 4729 3361 4784 ei
3395 4730 3607 4785 veniam

2026 4811 2129 4865 hoc
2160 4819 2322 4881 pacto
2350 4814 2516 4869 veluti
2547 4830 2817 4884 quaerens,
2840 4826 2892 4872 et
2919 4819 3308 4875 excusationes
3337 4820 3607 4890 legitimas

2025 4903 2165 4958 data:
2190 4906 2238 4959 ei
2275 4906 2467 4973 gratiae
2497 4914 2736 4962 struens.
2794 4909 2866 4962 De
2909 4909 3171 4966 Israelitis
3197 4928 3343 4975 vero,
3376 4931 3516 4982 quos
3551 4915 3602 4966 in

2020 4995 2353 5064 peculiarem
2392 5007 2594 5054 sortem
2646 5000 2750 5054 sibi
2813 5000 2955 5056 Deus
3019 5002 3318 5066 asciverat,
3376 5005 3600 5058 scribit:

2025 5109 2044 5140 ι
2079 5089 2195 5144 Non
2229 5099 2575 5161 receperunt.
2619 5111 2635 5142 ι
2666 5091 2782 5146 Non
2813 5093 2959 5148 enim
3001 5111 3125 5150 vere
3151 5097 3335 5152 dicere
3369 5103 3601 5163 poterat.

2025 5200 2044 5234 ι
2082 5182 2200 5237 Non
2249 5193 2647 5254 cognoverunt,
2684 5202 2702 5235 ι
2751 5187 2934 5255 prisca
2989 5186 3103 5257 lege
3150 5187 3505 5256 praedicante,
3551 5194 3605 5238 et

2019 5285 2144 5346 post
2167 5291 2288 5332 eam
2331 5277 2615 5348 prophetis
2647 5276 2714 5331 ad
2748 5278 2998 5333 veritatis
3044 5277 3600 5350 comprehensionem

2020 5369 2148 5424 illos
2175 5369 2581 5424 crudieutibtts.
2627 5368 2865 5440 [Equum
2898 5386 3028 5440 ergo
3069 5371 3170 5422 fuit
3203 5371 3255 5421 in
3283 5380 3378 5418 eos
3405 5363 3599 5429 judicii

2019 5463 2366 5518 severitatem
2399 5453 2680 5527 adhibere,
2713 5471 2768 5516 ut
2805 5462 3064 5515 nimirum
3102 5473 3229 5526 erga
3273 5460 3464 5524 gentes
3506 5454 3603 5508 bo-

2017 5555 2268 5609 nitatem.
2311 5551 2546 5610 Mundus
2591 5556 2762 5617 enim,
2807 5553 2922 5607 sive
2971 5556 3182 5618 gentes,
3217 5556 3492 5598 concursu
3533 5543 3600 5594 ad

1563 5733 1602 5764 “
1641 5731 1785 5788 l’sal.
1817 5745 2006 5796 stvut,
2041 5730 2126 5786 l3.
