4092 6274
345 303 448 362 ὶ5ρ¹5

1429 302 1493 356 ΙΝ
1526 300 1812 358 JOANNIS
1853 300 2295 362 EVANGELIUM
2351 309 2481 364 LIB.
2515 309 2556 364 l;

3498 311 3596 364 1'54

357 423 504 491 Ἐρεῖ
537 419 597 474 δέ
634 436 716 482 τις
764 417 898 488 πρὸς
932 417 998 470 τὰ·
1037 416 1161 488 ἔθνη
1205 415 1312 470 τῶν
1360 418 1597 488 Χριστοῦ
1630 416 1908 488 μαθητῶν·
1942 472 1943 476 η

2043 435 2124 474 em
2160 437 2334 491 genus
2371 424 2628 484 electum,
2663 424 2845 492 regale
2871 421 3266 484 sacerdotium,
3307 438 3439 491 gens
3467 440 3596 477 san-

351 532 372 566 ι
413 511 605 581 Ὑμεῖς
654 508 710 570 δὲ
740 507 894 575 γένος
935 504 1222 570 ἐκλεκτὸν,
1276 506 1547 576 βασίλειον
1597 507 1924 577 ἱεράτευμα,

347 603 501 666 ἔθνος
528 601 681 670 ἅγιον
703 641 733 676 ,_
754 600 880 666 λαὸς
921 600 1000 662 είς
1026 601 1370 672 περιποίησιν
1395 640 1408 663 ,
1458 601 1544 653 ἵνα
1590 601 1688 662 τὰς
1731 599 1931 668 ἀρετὰς

353 692 704 762 ἐξαγγείλητε
739 691 832 744 τοῦ
872 691 937 761 ὲκ
975 691 1196 762 σκότους
1227 692 1370 762 ὑμᾶς
1415 690 1708 757 καλοῦντος
1755 693 1836 754 είς
1871 689 1932 743 τὸ

354 784 664 856 θαυμαστὸν
711 781 875 854 αὑτοῦ
909 781 1043 851 φῶς.
1087 802 1104 833 ι
1153 783 1366 853 Ἐπειδὴ
1407 783 1514 854 γὰρ
1560 781 1924 853 παρεδέξαντο

353 874 442 928 διὰ
461 875 559 945 τῆς
584 875 822 941 πίστεως.
843 873 944 940 τὸν,
961 874 1120 948 Ϊίὸν,
1133 875 1376 945 δέχονται
1407 876 1506 942 τὴν
1535 873 1789 943 ἐξουσίαν
1834 873 1927 928 τοῦ

356 965 412 1015 ὲν
441 963 648 1025 τέκνοις
675 962 944 1039 τετάχθαι,
973 963 1104 1026 Θεοῦ
1129 980 1143 994 ο
1178 964 1359 1026 δίδωσί
1395 981 1468 1032 γε,
1497 965 1623 1036 μὴν·
1648 968 1676 1018 6
1717 965 1844 1025 Υἱὸς
1869 964 1931 1018 τὸ

357 1055 504 1125 μόνῳ
570 1054 664 1108 καὶ
727 1055 872 1118 ἰδίως
921 1056 1069 1128 αὐτῷ
1134 1057 1230 1119 καὶ
1278 1059 1421 1128 κατὰ
1472 1060 1634 1128 φύσιν
1683 1061 1930 1131 ὑπᾲρχον

355 1145 794 1212 ἑξουσιαστικῶς,
823 1150 902 1211 είς
935 1149 1223 1220 κοινότητα
1252 1151 1498 1221 προθεὶς,
1527 1151 1930 1224 ὦσπερλεὶκόνα

356 1235 765 1308 φιλανθρωπίας
808 1240 908 1310 τῆς
957 1239 1180 1312 ἐνούσης
1225 1241 1374 1313 αὐτῷ
1432 1243 1528 1310 καὶ
1569 1245 1669 1315 τῆς
1713 1246 1794 1307 είς
1838 1245 1930 1297 τὸν

355 1324 561 1395 κόσμον
595 1325 816 1394 ἀγάπης
869 1327 932 1380 τὸ
970 1331 1202 1400 πρᾶγμα
1243 1331 1580 1402 ποιοῦμενος.
1624 1333 1698 1387 Οὐ
1730 1333 1836 1404 γὰρ
1862 1329 1932 1404 ἦν

359 1414 560 1485 ἑτέρως
584 1417 866 1486 διαφυγεῖν
897 1417 993 1490 τὴν
1027 1419 1255 1494 φθορὰν,
1285 1422 1383 1493 τὴν
1411 1424 1597 1477 εἰκόνα
1617 1425 1711 1477 τοῦ
1742 1425 1929 1494 χοϊκοῦ

357 1509 484 1570 τοὺς
512 1508 870 1578 φορέσαντας,
908 1512 955 1562 εἰ
989 1512 1062 1580 μὴ
1093 1512 1194 1582 τῆς
1232 1515 1438 1579 εἰκόνος
1460 1517 1559 1585 τῆς
1583 1517 1930 1587 ἐπουρανίου,

360 1597 448 1657 διὰ
476 1598 572 1650 τοῦ
608 1597 908 1664 κεκλῆσθαι
955 1599 1087 1670 πρὸς
1124 1602 1430 1670 υἱοθεσίαν,
1462 1604 1523 1658 τὸ
1567 1606 1760 1669 κάλλος
1801 1610 1934 1677 ἡμῖν

363 1687 729 1759 ὲνεσημάνθη.
776 1688 1009 1759 Μέτοχοι
1051 1690 1160 1762 γὰρ
1198 1695 1482 1761 γεγονότες
1521 1695 1685 1748 αὑτοῦ
1717 1696 1804 1750 διὰ
1840 1696 1931 1750 τοῦ

367 1779 718 1851 Πνεῦματος,
762 1780 1320 1851 κατεσφραγίσθημεν
1377 1786 1457 1847 εἰς
1496 1785 1790 1856 ὁμοιότητα
1835 1786 1932 1856 τὴν

369 1871 511 1942 πρὸς
534 1870 714 1934 αὑτὸν,
741 1871 836 1923 καὶ
859 1872 938 1934 εἰς
962 1872 1021 1924 τὸ
1040 1872 1347 1943 ἀρχέτυπον
1369 1875 1468 1946 τῆς
1489 1877 1694 1942 εἰκόνος
1713 1918 1727 1931 .
1750 1921 1763 1934 .
1785 1921 1798 1933 .
1818 1921 1832 1934 .
1853 1919 1867 1932 .
1886 1920 1900 1933 .
1919 1921 1932 1934 .

368 1979 535 2032 νομον
600 1962 817 2033 σχῆμα,
876 1961 1002 2016 καθ’
1049 1963 1229 2034 ἥνπερ
1278 1967 1424 2036 ἡμᾶς
1472 1967 1567 2020 καὶ
1611 1968 1937 2040 πεποιῆσθαί

368 2057 596 2132 φησινή
635 2055 752 2107 θεία
780 2054 994 2126 Γραφῇ.
1049 2055 1219 2119 Μόλις
1259 2057 1367 2127 γὰρ
1416 2056 1558 2112 οὕτω
1600 2060 1662 2113 τὸ
1705 2063 1935 2132 ἀρχαῖον

365 2147 464 2212 τῆς
494 2144 711 2213 φύσεως
747 2146 1212 2217 ἀνακομισάμενοι
1244 2148 1437 2212 κάλλος
1461 2189 1476 2213 ,
1529 2151 1624 2204 καὶ
1657 2151 1792 2223 πρὸς
1835 2153 1938 2223 τὴν

366 2234 517 2312 θείαν
582 2236 796 2306 ἐκείνην
853 2237 1340 2308 ἀναμορφωθέντες
1396 2239 1596 2309 φύσιν,
1657 2242 1938 2314 κρείττους

365 2324 601 2399 ἐσόμεθα
652 2325 761 2380 τῶν
812 2329 876 2380 ὲκ
916 2327 1282 2398 παραϐάσεως
1326 2331 1463 2400 ιήμῖν
1517 2332 1940 2402 συμϐεϐηκότων

367 2421 572 2498 κακῶν.
601 2420 812 2499 Οὐκοῦν,
836 2422 1199 2495 ἀναϐαίνομεν
1221 2424 1303 2487 εἰς
1331 2424 1392 2477 τὸ
1414 2425 1554 2497 ὑπὲρ
1585 2425 1748 2496 φύσιν
1777 2427 1940 2491 ἀξίω-

369 2529 448 2594 μα
494 2511 581 2575 διὰ
636 2512 872 2584 Χριστὸν
897 2554 912 2579 ,
946 2514 1066 2579 ἀλλ’.
1107 2515 1170 2582 οὐ
1217 2517 1336 2570 κατ’
1375 2518 1581 2571 ἐκεῖνον
1621 2517 1940 2588 ἀπαραλλά-

367 2597 511 2676 κτως
541 2593 775 2673 ἐσόμεθα
822 2605 915 2676 καὶ
969 2607 1130 2678 ἡμεῖς
1176 2608 1283 2678 υἱοὶ
1319 2607 1452 2661 Θεοῦ
1480 2648 1495 2674 ,
1543 2609 1654 2662 ἀλλ’
1701 2609 1776 2672 ὡς
1807 2609 1944 2680 πρὸς

329 2700 334 2703 ’
366 2697 575 2772 ἐκεῖνον
610 2694 697 2748 διὰ
742 2695 841 2765 τῆς
883 2684 1026 2750 κατᾶ
1072 2697 1302 2769 μίμησιν
1343 2699 1563 2772 χάριτος
1587 2714 1600 2727 ⁸
1640 2701 1669 2752 6
1700 2700 1798 2769 μὲν
1835 2700 1944 2771 γάρ

367 2771 515 2861 ἐστιν
561 2787 684 2850 Υἱὸς
721 2789 787 2840 ὲκ
823 2789 1037 2860 Πατρὸς
1079 2771 1664 2861 ῥῐπάρχωνσάληθινὸς,
1710 2791 1854 2858 θετοὶ
1887 2792 1944 2856 δὲ

369 2877 530 2944 ἡμεῖς
560 2877 623 2928 ἐκ
667 2875 1100 2947 φιλανθρωπίας,
1144 2867 1219 2941 ὡς
1257 2867 1321 2930 ’ὲν
1368 2878 1591 2953 χάριτος
1620 2878 1782 2950 μοίρᾳ
1807 2879 1946 2950 λαμ-

398 2955 410 2964 ε

374 2957 625 3027 ϐἀνοντες
649 2966 708 3018 τὸ
735 2983 749 2996 ·
779 2986 796 3017 ι
819 2965 958 3034 Ἐγὼ
977 2964 1105 3044 εἶπα
1121 2984 1132 2996 ·
1157 2967 1280 3042 Θεοί
1301 2957 1421 3044 ἐστε
1443 2968 1536 3023 καὶ
1559 2970 1663 3022 uici
1690 2969 1944 3037 Ὑψίστου

2031 520 2138 571 cta.
2166 513 2399 582 populus
2419 514 2819 583 acquisitiouis,
2855 513 2959 582 91
2998 521 3058 565 ut
3099 513 3326 567 virtutes
3351 514 3471 582 ejus
3501 530 3600 567 an-

2030 605 2320 670 nuntietis,
2351 605 2444 672 qui
2482 621 2577 659 vos
2616 619 2645 658 a
2680 605 2926 658 tenebris
2961 603 3178 657 vocavit
3199 602 3254 657 in
3288 603 3463 658 lucem
3497 604 3598 656 ad-

2030 698 2332 752 mirabilem
2380 699 2447 752 ".
2495 717 2513 748 ι
2551 697 2686 751 Cum
2722 697 2864 754 enim
2922 695 3119 750 Filium
3149 696 3464 765 exceperint
3505 711 3592 765 per

2031 791 2210 855 ﬁdem,
2266 797 2591 860 potestatem
2652 790 2930 857 accipiunt
2987 796 3045 842 ut
3089 788 3236 842 inter
3296 786 3441 842 ﬁlios
3505 785 3600 840 Dei

2028 884 2390 956 collocentur.
2425 881 2717 935 Enimvero
2755 879 2849 933 dat
2874 877 3049 934 Filius
3089 887 3149 933 ut
3179 879 3288 934 sint
3328 886 3602 948 potestate

2031 977 2083 1030 id
2124 976 2289 1046 quod.
2322 968 2422 1028 sibi
2480 976 2572 1028 uni
2628 974 2846 1044 proprie
2882 980 2937 1027 et
2987 972 3290 1027 secundum
3347 979 3600 1042 naturam

2031 1067 2213 1136 iuest,_
2253 1068 2306 1120 in
2361 1080 2650 1120 cmumune
2702 1063 3106 1133 quodammodo
3153 1075 3488 1133 proponens,
3546 1061 3601 1114 in

2031 1158 2245 1226 signum
2293 1155 2645 1224 benignitatis
2680 1169 2793 1208 suae
2834 1153 2887 1206 in
2925 1151 3176 1206 homines
3206 1159 3260 1206 et
3287 1164 3414 1220 erga
3450 1165 3605 1204 mun-

2031 1249 2160 1303 dqu
2199 1247 2509 1300 charitatis.
2555 1245 2673 1298 Non
2719 1246 2864 1298 enim
2896 1244 3053 1298 aliter
3100 1257 3385 1312 possemus
3415 1257 3606 1297 corru-

2031 1338 2273 1409 ptionem
2319 1335 2529 1406 fugere,
2563 1337 2658 1406 qui
2704 1334 2909 1390 terreni
2965 1341 3244 1405 gestamus
3288 1334 3602 1403 imaginem.

2031 1432 2137 1488 nisi
2183 1430 2533 1501 pulchritudo
2565 1429 2820 1498 imaginis
2858 1428 3107 1487 caelestis
3136 1428 3286 1482 illius
3329 1428 3603 1495 impressa

2034 1522 2190 1578 nobis
2220 1529 2368 1576 esset
2407 1535 2471 1574 ex
2505 1534 2571 1573 eo
2616 1518 2762 1588 quod
2791 1517 2969 1574 vocati
3021 1531 3210 1571 sumus
3259 1514 3323 1568 ad
3367 1513 3602 1566 ﬁliorum

2035 1611 2130 1666 Dei
2184 1610 2533 1678 adaptionem
2577 1609 2645 1661 ³³.
2725 1605 3029 1672 Participes
3079 1603 3224 1656 enim
3292 1602 3416 1668 ejus
3478 1599 3605 1652 farti

2038 1718 2136 1773 per
2187 1699 2473 1770 Spiritum,
2513 1695 2785 1766 obsignati
2835 1709 3025 1748 sumus
3074 1692 3129 1745 in
3185 1690 3604 1752 similitudinem

2035 1808 2160 1849 cum
2198 1793 2340 1860 ipso,
2369 1796 2425 1844 et
2459 1787 2525 1842 ad
2558 1786 2924 1856 exemplarem
2958 1783 3189 1837 formam
3238 1782 3386 1834 illius
3418 1780 3611 1847 imagi-

2033 1885 2121 1940 nis
2148 1881 2591 1942 conscendimus,
2616 1877 2865 1947 adquam
2894 1890 2994 1930 nos
3020 1887 3238 1944 quoque
3271 1871 3447 1925 tactos
3478 1883 3604 1924 esse

2035 1975 2113 2030 ait
2157 1974 2342 2029 divina
2385 1970 2673 2040 Scriptura
2710 1967 2774 2020 '9.
2827 1967 2933 2022 Sic.
2965 1965 3128 2022 enim.
3161 1962 3382 2017 tandem
3431 1959 3603 2015 veteri

2036 2074 2248 2121 natura:
2293 2060 2702 2133 pulchritudine
2754 2064 3100 2127 recuperata,
3148 2063 3203 2109 et
3253 2054 3319 2106 ad
3371 2052 3610 2106 divinam

2035 2159 2186 2213 illam
2239 2153 2522 2211 reformati
2565 2159 2860 2210 naturam.
2910 2163 2972 2202 ea
3025 2145 3166 2205 mala
3221 2142 3614 2213 superabimus

2038 2263 2160 2319 quae
2197 2245 2358 2301 nobis
2400 2259 2466 2299 ex
2519 2239 2970 2312 praevaricatione
3019 2237 3388 2314 contigerunt.
3444 2232 3614 2302 Igitur

2038 2336 2106 2391 ad
2134 2334 2455 2406 dignitatem
2491 2328 2964 2401 supernaturalem
3002 2323 3356 2380 ascendimus
3391 2326 3616 2390 propter

2039 2426 2343 2492 Christum,
2376 2430 2750 2478 verumtamen
2804 2433 2912 2472 non
2960 2415 3234 2477 sicutille,
3272 2413 3422 2466 nullo
3457 2411 3616 2480 plane

2040 2517 2364 2574 discrimine
2396 2530 2500 2570 nos
2550 2529 2771 2584 quoque
2812 2509 2983 2566 futuri
3012 2522 3206 2563 sumus
3243 2504 3337 2559 Dei
3370 2503 3484 2567 ﬁlii,
3522 2498 3616 2556 sed

2042 2609 2110 2664 ad
2153 2609 2272 2678 ejus
2317 2605 2758 2668 similitudinem,
2791 2618 2890 2673 per
2919 2599 3149 2671 gratiam
3193 2596 3478 2657 nimirum,
3510 2607 3616 2661 qua

2043 2701 2194 2754 illum
2223 2695 2489 2752 imitando
2519 2705 2999 2765 repraesentamus.
3040 2688 3139 2744 Est
3161 2687 3307 2743 enim
3339 2700 3501 2739 verus
3528 2681 3620 2736 ille

2046 2788 2238 2853 Filius,
2269 2789 2541 2843 exsistens
2577 2801 2606 2840 a
2637 2784 2818 2850 Patre,
2852 2783 2948 2838 sed
2982 2797 3085 2837 nos
3115 2780 3239 2850 ejus
3280 2776 3622 2847 benignitate

2047 2880 2310 2952 adoptivi,
2343 2879 2531 2950 gratia:
2569 2878 2689 2932 loco
2729 2875 2783 2930 id
2822 2875 3195 2945 accipientes:
3235 2889 3254 2922 ι
3313 2868 3426 2938 Ego
3459 2867 3572 2921 dixi
3602 2885 3619 2931 ε,

2046 2972 2133 3032 Dii
2170 2973 2327 3034 estis.
2357 2979 2411 3026 et
2447 2970 2540 3027 ﬁlii
2569 2967 2787 3023 Excelsi
2819 2981 3014 3023 omnes
3041 2965 3108 3020 ³¹.
3143 2983 3160 3017 ι
3193 2963 3388 3018 Creata
3416 2959 3620 3028 quippe

379 3055 598 3144 πάντες.
628 3073 646 3103 ι
793 3054 888 3124 μὲν
913 3037 1019 3125 γὰρ
1053 3037 1394 3132 πεποιημένη
1426 3057 1520 3109 καὶ
1550 3055 1708 3126 δούλη
1749 3056 1943 3120 κτίσις,

2047 3074 2104 3122 et
2132 3079 2288 3122 serva
2314 3067 2512 3116 natura
2545 3060 2612 3115 ad
2638 3076 2725 3117 res
2766 3055 3215 3129 supernaturales
3245 3059 3471 3108 vocatur
3500 3050 3620 3103 solo

379 3141 625 3212 καλεῖται
670 3141 802 3208 πρὸς
840 3141 906 3193 τὰ
946 3143 1083 3213 ὑπὲρ
1120 3142 1282 3210 φύσιν
1325 3144 1556 3213 νεύματι
1610 3143 1801 3214 γυμνῷ
1848 3146 1943 3196 καὶ

2043 3166 2178 3214 nutu
2209 3171 2272 3211 ac
2299 3157 2581 3211 voluntate
2602 3154 2818 3210 Patris:
2852 3151 3026 3209 Filius
3051 3159 3256 3211 autem,
3285 3155 3339 3201 et
3373 3143 3538 3204 Deus,
3567 3149 3622 3194 et

381 3231 597 3300 θελήσει
641 3231 730 3284 τοῦ
756 3233 966 3302 Πατρός
988 3249 1002 3264 ’
1027 3235 1056 3286 6
1077 3234 1132 3287 δὲ
1153 3235 1281 3298 Υἱὸς
1307 3234 1398 3287 καὶ
1423 3234 1575 3296 Θεὸς,
1602 3234 1696 3286 καὶ
1719 3233 1943 3303 Κύριος,

378 3324 481 3400 οὐκ
515 3326 571 3375 ὲν
611 3327 720 3386 τοῖς
761 3324 1025 3395 θελήμασι
1071 3324 1164 3377 τοῦ
1199 3323 1336 3377 Θεοῦ
1385 3324 1481 3377 καὶ
1522 3322 1768 3396 Πατρδς,
1825 3322 1944 3375 οὐδὲ

376 3414 502 3488 ᾆσον
535 3414 614 3476 είς
643 3414 704 3467 τὸ
747 3413 1101 3483 βεϐουλῆσθαι
1131 3415 1291 3490 μόνον
1342 3414 1523 3485 αὑτὸν,
1555 3414 1616 3466 τὸ
1652 3413 1789 3467 εἶναι
1815 3413 1946 3476 Θεὸς

375 3503 474 3557 καὶ
525 3503 649 3566 Tib;
697 3505 1055 3574 κεκτήσεται,
1107 3503 1222 3558 ἀλλ’
1275 3504 1336 3569 ἐξ
1386 3490 1556 3578 αὐτῆς
1605 3505 1705 3574 τῆς
1757 3505 1945 3571 οὐσίας

371 3595 699 3673 ᾁνα).όιμψας
724 3596 814 3649 τοῦ
847 3597 1078 3668 Harp-6;,
1112 3595 1171 3649 τὸ
1205 3597 1332 3659 ῐδιον
1357 3597 1526 3672 αὐτῆς
1563 3595 1766 3671 ἀγαθὸν
1799 3596 1941 3650 κατὰ

372 3687 541 3754 φύσιν
587 3687 872 3754 ἐπάγεται.
915 3689 1140 3758 Ὀρᾶται
1192 3687 1249 3740 δὲ
1302 3688 1464 3740 πάλιν
1503 3687 1630 3750 Υξδς
1685 3686 1946 3764 ὑπᾴρχων

368 3775 648 3850 ἄληθινὸς,
691 3781 785 3832 καὶ
817 3781 881 3849 τῇ
924 3779 1060 3850 πρὸς
1103 3780 1250 3850 ἡμᾶς
1283 3779 1706 3859 ἀντιπαραθέσει
1732 3777 1949 3851 δοξαζό-

369 3889 560 3944 μενος.
616 3871 831 3939 Ἐπειδὴ
879 3872 986 3941 γὰρ
1018 3871 1078 3923 τὸ
1107 3871 1266 3939 φύσει
1308 3871 1466 3938 λόγον
1499 3871 1684 3940 ἕτερον
1718 3869 1830 3939 ἔχει
1870 3867 1948 3939 τῷ

366 3962 522 4034 κατὰ
554 3961 721 4023 θέσιν,
753 3962 848 4013 καὶ
880 3961 959 4030 τῷ
989 3961 1127 4014 κατὰ
1161 3961 1391 4030 μίμησιν
1426 3961 1484 4013 τὸ
1519 3966 1632 4013 κατ’
1667 3960 1945 4030 ἀλήθειαν,

365 4053 484 4106 υἱοὶ
509 4051 565 4103 δὲ
594 4053 754 4121 ἡμεῖς
781 4049 1096 4119 κεκλήμεθα
1142 4051 1279 4102 Θεοῦ
1313 4050 1454 4103 κατὰ
1483 4049 1651 4111 θέσιν,
1685 4049 1778 4110 καὶ
1811 4049 1951 4112 κατὰ

365 4145 637 4223 μίμησιν·
676 4142 820 4194 κατὰ
847 4141 1006 4208 φύσιν
1047 4141 1155 4212 ἄρα
1194 4141 1452 4194 καὶκατὰ
1489 4140 1745 4208 ἀλήθειαν
1768 4139 1950 4204 αὐτὸς,

359 4231 411 4303 ᾧ
462 4224 565 4287 καὶ
612 4232 782 4307 ταῦτα
837 4231 1125 4299 γεγονότες
1173 4229 1714 4301 ἀντιπαρακείμεθα,
1768 4228 1829 4280 τὸ
1889 4229 1952 4280 ὲκ

361 4328 605 4399 χάριτος
629 4321 830 4390 ἀγαθὸν
856 4323 977 4400 αντὶ
1011 4322 1252 4398 φυσικῶν
1277 4323 1596 4394 ἀξιωμάτων
1623 4320 1950 4392 ἀποηκερδαί-

359 4431 589 4474 νοντες.

450 4504 526 4559 Οἳ
550 4469 669 4556 -οὺκ
692 4502 760 4566 ἐξ
781 4502 1060 4572 αίιιὰτοης,
1093 4504 1231 4571 οὐδὲ
1257 4505 1325 4557 ἐκ
1355 4505 1684 4573 θελήματος
1705 4503 1951 4582 σαρκὸς,
2025 4469 2031 4474 '

357 4595 525 4656 οὐδὲ
556 4595 623 4647 ἐκ
662 4595 994 4663 θελήματος
1025 4594 1260 4664 ἀνδρὸς,
1459 4597 1526 4648 ἐκ
1549 4596 1696 4660 Θεοῦ
1721 4595 1954 4666 ἐγεννή-

358 4697 600 4763 θησαν.

441 4782 512 4833 Οἱ
557 4777 646 4830 διὰ
680 4777 948 4840 πίστεως,
993 4775 1127 4844 φησὶ
1153 4815 1168 4840 ,
1219 4777 1318 4845 τῆς
1349 4777 1428 4838 εἰς
1467 4776 1698 4847 Χριστὸν
1729 4777 1809 4851 εἰς
1842 4776 1954 4828 υἱο-

359 4871 572 4927 Θεσίαν
615 4868 944 4938 κεκλημένοι
990 4867 1166 4931 Θεοῦ,
1219 4867 1316 4937 τῆς
1361 4868 1458 4937 μὲν
1494 4860 1698 4930 οἰκείας
1738 4866 1954 4936 φρσεως

358 4968 476 5037 τὴν
510 4961 787 5014 εὐτέλειαν
815 4960 1174 5022 ἀπεδύσαντο,
1205 4959 1662 5029 κατηγλαῖσμένοι
1683 4959 1738 5012 δὲ
1765 4959 1954 5029 ὥσπερ

360 5055 583 5126 ᾴμφίῳ
612 5052 849 5122 λαμπρῷ
890 5055 955 5122 τῇ
997 5051 1091 5104 τοῦ
1147 5052 1417 5120 τιμῶντος
1464 5051 1678 5122 χάριτι,
1731 5052 1866 5120 πρὸς
1896 5050 1956 5103 τὸ

557 5120 729 5210 νφῦσιν
763 5120 1140 5195 ἀναϐαίνουσιν
1175 5142 1410 5210 ἀξίωμα.
1455 5120 1673 5212 Οὒ-γὰρ
1704 5120 1961 5212 ἔτιλχρηέ

359 5227 678 5313 ιξςατίζουσι
705 5232 869 5286 τέκνα
899 5234 1118 5301 σαρκὸς,
1147 5233 1280 5285 Θεοῦ
1310 5233 1365 5284 δὲ
1398 5231 1597 5301 μᾶλλον
1629 5231 1767 5284 κατὰ
1810 5231 1958 5284 θέσιν

356 5333 721 5405 γεννήματα.
763 5326 1037 5403 Ἐ’πιτήρει
1069 5327 1126 5379 δὲ
1169 5327 1298 5395 ὅσην
1331 5327 1359 5378 6
1393 5326 1660 5395 μακάριος
1684 5323 1959 5404 εὐαγγελι-

359 5427 504 5498 στὴς
540 5426 601 5475 ἐν
625 5423 737 5482 τοῖς
768 5417 960 5472 ἑαυτοῦ
991 5417 1166 5484 λόγοις
1192 5417 1486 5487 ὲποιὴσατο
1510 5418 1608 5486 τὴν
1632 5415 1951 5483 ἀσφάλειαν.

355 5515 602 5584 Ἐπειδὴ
621 5515 729 5584 γὰρ
750 5511 973 5584 ἔμελλεν
996 5511 1140 5581 ἐρεῖν
1161 5509 1224 5562 ὲκ
1244 5509 1376 5564 θεοῦ
1404 5507 1810 5581 γεγε[ν]νῆσθαι
1828 5507 1953 5570 τοὺς

441 5697 490 5731 ’⁸³
541 5693 563 5760 l_
621 5691 760 5746 Pctr.
801 5708 856 5756 tl,
892 5694 943 5748 9.

1044 5690 1136 5762 "l
1192 5690 1314 5744 Cor.
1356 5708 1438 5754 tv,
1485 5693 1540 5744 20
1571 5711 1580 5757 ;
1616 5693 1788 5746 Calai.
1825 5707 1894 5755 Iv,
1935 5689 1982 5739 33.

2043 3247 2328 3310 Dominus,
2371 3259 2476 3298 non
2531 3242 2621 3296 Dei
2664 3256 2728 3296 ac
2773 3240 2947 3302 Patris
2989 3245 3148 3302 nutu,
3191 3249 3292 3289 nec
3345 3233 3466 3300 ejus
3506 3230 3622 3284 sola

2045 3339 2323 3398 voluntate
2354 3336 2407 3388 id
2450 3333 2612 3386 habet
2638 3330 2785 3401 quod
2811 3331 2953 3385 Deus
2995 3329 3090 3388 sit.
3125 3325 3218 3382 sed
3245 3339 3370 3378 cum
3406 3337 3469 3374 ex
3500 3321 3616 3390 ipsa

2044 3427 2355 3488 substantia
2390 3423 2572 3479 Patris
2603 3421 2891 3486 eﬁ‘ulserit,
2927 3417 3208 3488 proprium
3245 3414 3366 3482 ejus
3414 3411 3615 3465 bouum

2047 3519 2346 3585 secundum
2381 3523 2633 3569 naturam
2682 3511 2786 3567 sibi
2818 3509 3064 3564 asciscit.
3102 3506 3312 3568 Rursus
3355 3505 3500 3558 hunc
3533 3518 3618 3556 ve-

2051 3627 2170 3667 rum
2219 3624 2342 3667 esse
2379 3606 2575 3666 Filium
2616 3610 2805 3662 mutua
2852 3599 3024 3656 nostri
3071 3596 3485 3667 comparatione
3533 3608 3618 3647 co-

2052 3701 2390 3776 gnoscimus.
2422 3697 2558 3752 Cum
2595 3695 2740 3750 enim
2772 3693 2822 3748 id
2850 3692 2994 3763 quod
3030 3699 3114 3746 est
3157 3697 3352 3745 natura
3394 3688 3624 3742 diversae

2051 3793 2283 3855 rationis
2323 3792 2396 3849 sit
2444 3789 2515 3843 ab
2559 3803 2627 3845 eo
2661 3785 2810 3856 quod
2836 3791 2920 3841 est
2957 3782 3273 3852 adoptione,
3308 3787 3361 3834 ct
3392 3777 3442 3832 id
3478 3777 3621 3847 quod

2053 3901 2121 3944 ex
2162 3881 2468 3937 imitatione
2529 3892 2653 3932 cum
2705 3891 2770 3930 eo
2803 3873 2946 3944 quod
2981 3881 3065 3927 est
3102 3871 3485 3948 veritate,nos
3533 3882 3623 3918 au-

2051 3986 2156 4033 tem
2203 3974 2299 4037 ﬁlii
2339 3971 2427 4028 Dei
2465 3981 2853 4038 nuncupemur
2894 3981 2994 4035 per
3028 3963 3402 4032 adoptionem,
3462 3965 3516 4012 et
3557 3973 3623 4010 ex

2054 4069 2384 4134 imitatione,
2443 4071 2640 4118 natura
2681 4061 2850 4130 igitur
2889 4064 2943 4112 et
2984 4057 3214 4111 veritate
3242 4061 3326 4108 est
3357 4051 3494 4118 ipse,
3532 4048 3620 4100 cui

2053 4175 2176 4224 nos,
2224 4173 2346 4212 cum
2415 4155 2604 4210 isthmc
2659 4152 2855 4210 simus,
2902 4153 3092 4200 mutuo
3113 4143 3460 4213 Opponimur,
3520 4153 3620 4206 pro

2054 4251 2290 4306 naturali
2357 4247 2623 4318 dignitate
2687 4241 2901 4297 scilicet
2965 4237 3155 4308 gratiae
3226 4235 3427 4297 bonum
3496 4243 3625 4284 con-

2056 4339 2255 4417 secuti._

2127 4513 2168 4567 1.
2213 4515 2299 4567 l5.
2342 4512 2446 4578 Qui
2486 4525 2588 4564 non
2629 4521 2694 4560 ea:
2729 4501 3097 4575 sanguinibus,
3139 4514 3300 4568 neque
3334 4513 3398 4550 ea:
3441 4497 3626 4549 volun-

2059 4615 2163 4664 tate
2187 4606 2384 4667 carnis,
2409 4617 2569 4672 neque
2604 4613 2668 4654 ex
2704 4597 2972 4651 voluntate
2998 4593 3116 4656 viri,
3145 4589 3233 4643 sed
3273 4605 3336 4642 ex
3367 4589 3471 4642 Deo
3515 4589 3628 4641 nati

2055 4707 2202 4766 sunt.
3192 4686 3196 4689 ’

2131 4785 2236 4851 Qui
2265 4799 2360 4853 per
2406 4781 2589 4854 ﬁdem,
2643 4777 2846 4848 inquit,
2875 4777 2930 4830 in
2975 4773 3254 4829 Christum
3302 4770 3410 4844 92
3451 4771 3630 4837 vocati

2061 4881 2189 4929 sunt
2218 4874 2270 4924 in
2304 4870 2650 4938 adoptionem
2690 4867 2925 4920 ﬁliorum
2968 4863 3087 4924 Dei.
3139 4862 3371 4938 proprire
3411 4861 3628 4930 quidem

2063 4975 2268 5020 natura:
2321 4962 2580 5014 vilitatem
2653 4963 2966 5021 exuerunt,
3030 4953 3233 5024 Deique
3313 4952 3631 5007 honorantis

2061 5056 2234 5126 gratia
2291 5070 2387 5108 ceu
2421 5051 2706 5122 splendida
2750 5049 2986 5119 quadam
3019 5055 3169 5100 veste
3217 5043 3522 5112 conspicui,
3563 5039 3630 5093 ad

2063 5144 2530 5217 supernaturalem
2582 5140 2902 5218 dignitatem
2950 5137 3276 5201 evehuntur.
3334 5132 3450 5192 Non
3483 5131 3628 5183 enim

2063 5237 2296 5305 amplius
2323 5234 2506 5288 carnis
2535 5233 2649 5296 ﬁlii,
2683 5231 2775 5284 sed
2803 5228 2899 5282 Dei
2931 5225 3109 5297 petius
3134 5224 3382 5293 adoptiva
3417 5219 3631 5275 soboles

2065 5335 2476 5396 nuncupantur.
2538 5324 2773 5380 Adverle
2832 5336 2962 5375 vero
3027 5325 3231 5387 quanta
3299 5307 3510 5363 cautela
3577 5306 3629 5357 in

2062 5399 2408 5472 sermonibus
2452 5415 2569 5470 suis
2596 5415 2788 5468 beatus
2822 5410 3154 5478 evangelista
3193 5415 3327 5455 usus
3365 5397 3455 5449 sit.
3497 5394 3632 5445 Cum

2064 5492 2208 5563 enim
2240 5509 2494 5562 dicturus
2523 5511 2671 5559 esset
2696 5520 2761 5556 ex
2796 5501 2904 5555 Deo
2947 5508 3104 5553 natos
3142 5505 3266 5549 esse
3300 5484 3486 5539 ﬁdeles
3509 5524 3523 5549 ,
3565 5498 3634 5537 ne

2066 5689 2105 5714 ’τ’
2142 5687 2308 5742 lie‘or.
2346 5686 2436 5749 ιη’,
2478 5683 2559 5736 Η.
2640 5683 2675 5711 ³¹
2722 5678 2862 5732 Psal.
2913 5686 3113 5728 LXXXI.
3146 5670 3195 5722 6.
