4092 6274
515 357 620 414 155

1537 352 1594 409 S;
1637 351 1913 409 CYBILLI
1953 350 2423 410 ALEXARDRINI
2480 357 2807 419 ARCHIEP.

3659 376 3766 433 556

512 473 641 544 quis
664 486 761 529 eos
796 477 1017 542 putaret
1035 486 1099 526 ex
1129 469 1225 526 Dei
1248 486 1314 526 ac
1336 470 1519 527 Patris
1553 471 1865 527 subStantia
1893 483 2077 527 revera

2188 475 2646 540 πεπιστευκότας,
2697 479 2784 531 τνα
2845 479 3011 551 μήτις
3059 482 3242 554 οἴηται
3281 485 3381 556 τῆς
3427 487 3621 554 οὐσίας
3666 489 3764 544 τοῦ

513 560 753 633 genitos,
800 569 856 616 et
889 577 985 632 per
1009 561 1197 616 omnia
1234 562 1444 618 similes
1471 577 1596 619 esse
1640 561 1957 633 Unigeuito,
1991 569 2086 616 aut

515 652 683 708 etiam
713 650 783 705 de
811 651 908 707 illo
948 651 1174 708 abusive
1203 652 1312 708 dici
1346 673 1362 708 :
1397 671 1416 705 ι
1451 653 1530 707 Ex
1568 661 1727 708 utero
1768 660 1892 707 ante
1919 651 2084 707 Luci-

515 743 695 802 ferum
728 743 891 815 genui
924 753 977 801 te
1008 743 1088 810 ³³;
1144 762 1164 796 ι
1215 752 1380 812 atque
1419 742 1495 813 ita
1525 742 1745 797 demum
1780 740 1836 794 in
1869 748 2086 794 creatu-

516 853 702 896 rarum
735 850 985 895 naturam
1018 839 1136 910 ipse
1183 851 1402 907 quoque
1435 833 1845 898 detruderetur,
1877 832 2007 888 licet
2054 846 2084 887 a

517 932 630 988 Deo
663 933 883 1003 genitus
909 931 1150 996 dicatur,
1178 929 1382 984 idcirco
1407 929 1549 983 hanc
1572 926 1885 981 cautionem
1915 937 2085 979 exco-

514 1026 675 1098 gitat.
706 1024 843 1082 Cum
868 1027 1013 1080 enim
1051 1030 1380 1094 potestatem
1407 1036 1436 1075 a
1463 1020 1702 1076 naturali
1731 1017 1870 1073 Filio
1899 1017 2085 1072 datam

515 1120 587 1175 iis
615 1133 737 1176 esse
765 1117 985 1180 dixerit,
1024 1123 1087 1171 ut
1112 1116 1213 1172 ﬁlii
1266 1115 1360 1170 Dei
1407 1115 1621 1177 tierent,
1665 1111 1961 1181 adoptione
2000 1109 2085 1163 ni-

517 1213 717 1269 mirum
749 1220 804 1267 et
821 1211 1015 1281 gratia,
1033 1208 1252 1265 tandem
1277 1207 1552 1262 tutissime
1574 1203 1821 1274 subjicit,
1843 1222 1859 1254 ι
1881 1203 1956 1258 Ex
1977 1201 2087 1257 Deo

516 1309 632 1364 nati
650 1314 806 1364 sunt:
821 1324 840 1358 ι
856 1315 917 1360 ut
929 1303 1120 1376 gratia:
1133 1316 1351 1372 quoque
1370 1298 1801 1370 magnitudinem
1813 1295 2082 1362 ostendat,

516 1416 623 1474 qua
656 1401 801 1473 quod
839 1400 1081 1455 alienum
1107 1404 1194 1453 est
1224 1411 1253 1450 a
1288 1394 1396 1450 Deo
1436 1408 1501 1448 ac
1526 1391 1705 1457 Patre,
1736 1388 1804 1443 ad
1836 1387 1957 1458 ejus
1988 1401 2086 1441 na-

516 1493 697 1548 turale
722 1487 1125 1562 quodammodo
1148 1484 1489 1542 consortium
1525 1483 1819 1553 colligitur,
1845 1486 1900 1535 et
1937 1477 2083 1549 quod

516 1599 735 1641 servum
764 1592 870 1647 est,
899 1581 967 1637 ad
997 1579 1210 1635 Domini
1237 1577 1577 1633 nobilitatem
1604 1574 1678 1628 ob
1707 1572 2084 1645 vehementem

514 1676 639 1746 ejus
666 1674 989 1730 charitatem
1016 1670 1289 1727 evehitur.
1320 1667 1427 1724 Sed
1464 1666 1595 1738 quid
1634 1665 1832 1733 majus,
1873 1662 2086 1733 inquiet

514 1767 705 1824 forsan
741 1765 961 1835 aliquis,
992 1763 1075 1818 vel
1108 1762 1239 1832 quid
1268 1760 1454 1816 eximii
1486 1772 1597 1828 prae
1635 1756 1903 1813 lsraelitis
1935 1756 2082 1811 nacti

515 1868 646 1915 sunt
674 1858 888 1920 ﬁdeles,
911 1870 1041 1912 cum
1071 1861 1128 1910 et
1171 1853 1276 1924 ipsi
1305 1852 1565 1907 Israelita
1591 1851 1709 1904 nati
1751 1863 1877 1905 esse
1915 1863 1944 1902 a
1972 1847 2083 1904 Deo

514 1951 786 2013 dicantur,
816 1947 973 2017 juxta
1008 1944 1144 2000 illud
1178 1962 1193 1999 :
1235 1964 1254 1996 ι
1305 1942 1474 1998 Filios
1503 1942 1688 2014 genui,
1732 1948 1788 1997 et
1814 1940 2078 2008 exaltavi,

512 2036 708 2114 et'ipsi
737 2048 918 2096 autem
964 2044 1290 2110 spreverunt
1321 2052 1407 2092 me
1447 2036 1511 2091 ³³.
1553 2054 1571 2088 ι
1603 2035 1687 2091 Ad
1714 2035 1820 2090 hoc
1855 2048 2084 2104 respon-

513 2135 728 2197 demus,
775 2132 1010 2204 primum
1050 2129 1290 2199 quidem,
1336 2128 1482 2199 quod
1526 2142 1652 2182 cum
1701 2127 1787 2183 lex
1829 2126 2081 2182 umbram

515 2227 825 2282 futurorum
861 2224 1129 2280 bonorum
1155 2223 1403 2285 haberet,
1435 2237 1546 2275 non
1576 2228 1759 2275 autem
1786 2220 1960 2289 ipsam
1998 2233 2085 2275 re-

514 2334 635 2374 rum
662 2332 848 2374 veram
879 2317 1136 2388 speciem,
1171 2315 1248 2370 ita
1287 2329 1465 2383 neque
1492 2312 1637 2370 istud
1663 2312 1929 2368 lsraelitis
1955 2326 2084 2369 vere

512 2424 859 2476 concessum,
904 2407 1000 2464 sed
1036 2407 1218 2478 typice
1262 2413 1316 2462 et
1363 2408 1590 2476 ﬁgurate
1642 2404 1974 2475 descriptum
2025 2404 2082 2459 in

511 2502 648 2572 ipsis
685 2500 809 2567 fuit,
849 2520 867 2552 ι
904 2498 1094 2569 Usque
1158 2497 1227 2553 ad
1275 2505 1489 2567 tempus
1533 2496 1895 2552 correctionis
1940 2495 2076 2561 “,‘s

507 2594 654 2651 sicut
682 2593 945 2663 scriptum
976 2599 1080 2656 est,
1115 2604 1225 2660 quo
1261 2588 1527 2645 emcrsuri
1557 2598 1714 2644 erant
1748 2587 1843 2661 qui
1885 2587 2082 2644 decen-

510 2685 625 2740 tius
678 2691 843 2754 atque
871 2682 1054 2738 verius
1098 2690 1319 2752 prapter
1365 2680 1762 2735 inhabitantem
1800 2679 2076 2751 Unigeniti

509 2774 782 2846 Spiritum
820 2772 1039 2828 Patrem
1072 2771 1242 2827 Deum
1287 2772 1644 2842 appellarent.
1689 2771 1771 2826 Illi
1807 2771 2078 2842 siquidem

507 2868 785 2922 habebant
832 2883 852 2919 ι
895 2866 1154 2936 spiritum
1187 2864 1468 2921 servitutis
1500 2866 1559 2918 in
1599 2865 1816 2928 timore,
1847 2863 1904 2918 hi
1949 2878 2080 2919 vero

506 2948 765 3030 spiritum
793 2956 1110 3028 adaptionis
1142 2955 1399 3016 ﬁliorum,
1446 2974 1464 3005 ο
1498 2957 1553 3010 in
1587 2954 1912 3019 libertatem,
1963 2974 1981 3007 ι
2021 2955 2079 3011 in

503 3064 618 3120 quo
655 3050 959 3104 clamamus
983 3066 995 3101 :
1024 3048 1176 3103 Abba
1207 3046 1366 3103 Pater
1385 3047 1453 3100 ³⁸.
1480 3066 1499 3099 ι
1520 3047 1690 3117 Igitur
1714 3047 1950 3117 populus
1982 3062 2080 3118 per

2185 562 2321 617 Θεοῦ
2353 567 2448 619 καὶ
2471 568 2683 640 Πατρὺς
2704 571 3070 641 ἐκπεφυκέναι
3105 575 3245 645 κατὰ
3264 577 3522 650 ἀλήθειαν
3541 580 3763 649 αὐτοὺς,

2187 657 2281 712 καὶ
2316 660 2395 722 είς
2431 659 2856 733 ἀπαράλλακτον,
2889 666 3184 739 ὁμοιότητα
3214 669 3435 741 τρέχειν
3472 670 3549 743 τῷ
3582 673 3762 730 Μονο-

2184 755 2350 822 γενεῐ,
2372 753 2411 825 ἢ
2422 754 2515 816 καὶ
2536 756 2658 817 κατ’
2672 756 2880 812 ἐκείνου
2896 776 3069 830 καταχ
3076 776 3141 831 ρη
3149 761 3375 816 στικώτε
3384 780 3474 833 ρον
3485 763 3608 833 λέγε
3615 764 3765 835 σθαι,

2185 841 2280 908 τὸ,
2318 860 2338 894 ι
2395 843 2488 896 Ἐκ
2514 846 2747 916 γαστρὸς
2790 846 2896 918 πρὸ
2929 849 3206 922 ἐωσφόρου
3256 849 3585 924 ἐξεγέννησά
3614 871 3694 920 σεδ
3737 874 3756 908 ι

2184 932 2326 989 οὕτω
2352 950 2412 987 τε
2451 934 2636 989 λοιπὸν
2679 938 2759 1002 είς
2811 938 2910 1010 τὴν
2958 939 3068 994 τῶν
3100 943 3420 1012 ποιημάτων
3466 947 3559 999 καὶ
3596 945 3764 1012 αὐτὸς

2185 1025 2544 1098 καταφέροιτο
2569 1027 2748 1096 φύσιν,
2790 1031 2882 1083 καὶ⁵
2906 1032 2953 1084 εἰ
2981 1030 3190 1100 λέγοιτο
3219 1035 3577 1107 γεγεννῆσθαι
3608 1037 3761 1108 παρὰ

2185 1116 2343 1183 Θεοῦ,
2383 1119 2696 1187 ἀναγκαίως
2728 1120 2860 1191 ἡμῖν
2908 1126 3227 1194 προεπινοεῖ
3275 1126 3376 1198 τὴν
3433 1129 3755 1198 ἀσφάλειαν.

2184 1210 2438 1265 Δεδόσθαι
2465 1212 2576 1282 γὰρ
2618 1212 2801 1275 αὐτοῖς
2827 1214 3076 1280 ἐξουσίαν
3105 1217 3278 1273 εἰπὼν
3311 1220 3463 1291 παρὰ
3490 1222 3584 1275 τοῦ
3615 1221 3759 1276 κατὰ

2185 1303 2347 1372 φύσιν
2379 1304 2510 1358 Υἰοῦ
2553 1306 2689 1376 πρὸς
2725 1306 2785 1360 τὸ
2830 1307 3087 1377 γενέσθαι
3131 1308 3298 1365 τέκνα
3329 1311 3467 1364 Θεοῦ
3494 1351 3509 1375 ,
3554 1315 3649 1368 καὶ
3696 1313 3759 1368 τὸ

2185 1396 2332 1450 θέσει
2369 1396 2465 1450 καὶ
2499 1398 2683 1470 χάριτι
2710 1399 2799 1453 διὰ
2827 1400 3016 1454 τούτου
3049 1402 3502 1473 προεισενεγκὼν,
3540 1404 3757 1458 ἀκινδύ-

2184 1502 2291 1548 νως
2326 1486 2522 1556 ἐπάγει
2563 1487 2748 1543 λοιπὸν
2790 1489 2884 1556 τὸ,
2921 1508 2941 1543 ι
3002 1491 3100 1550 Ἐκ
3126 1491 3273 1549 Θεοῦ,
3307 1492 3693 1565 ἐγεννήθησαν·
3731 1515 3748 1546 r

2185 1575 2274 1630 ἵνα
2316 1578 2410 1631 καὶ
2442 1579 2541 1649 τῆς
2568 1581 2657 1633 ἐπ’
2690 1579 2873 1645 αὐτοῖς
2902 1582 3122 1653 χάριτος
3143 1582 3383 1656 ἐπιδείξῃ
3420 1583 3482 1638 τὸ
3505 1584 3755 1656 μέγεθος,

2183 1665 2374 1738 ὥσπερ
2414 1669 2494 1733 εἰς
2525 1669 2832 1742 οἰκειότητα
2865 1673 3100 1744 φυσικὴν
3139 1672 3484 1744 συλλέγοντος
3511 1675 3573 1728 τὸ
3601 1675 3752 1729 ἀλλᾶς

2183 1775 2334 1829 τριον
2362 1760 2458 1814 τοῦ
2480 1760 2617 1814 Θεοῦ
2647 1763 2740 1833 καὶ
2769 1764 3004 1835 Πατρδς,
3039 1765 3219 1820 καὶτὸ
3243 1765 3430 1820 δοῦλον
3464 1769 3544 1832 είς
3569 1767 3757 1821 δεσποτ

2181 1853 2340 1924 τικὴν
2384 1853 2661 1922 εὐγένειαν
2714 1855 3170 1924 ἁναῦιϐἀζοντος,
3221 1857 3310 1912 διὰ
3354 1858 3454 1930 τὴν
3484 1861 3564 1922 εἰς
3592 1859 3753 1912 αὐτὸν

2183 1942 2392 2015 θερμὴν
2434 1945 2731 2017 ἀγάπησιν.
2772 1946 2838 2000 Τί
2881 1943 2974 2002 οὖν
3016 1947 3124 2020 ἄρα
3154 1948 3214 2002 τὸ
3260 1947 3460 2013 πλέον,
3509 1950 3625 2020 ἐρεῖ
3668 1966 3763 2013 τις.

2181 2035 2377 2106 τυχόν;
2423 2037 2457 2109 ἢ
2506 2037 2558 2091 τί
2607 2038 2669 2091 τὸ
2697 2037 2975 2110 ἐξαίρετον
3025 2041 3084 2094 ἐν
3127 2041 3241 2104 τοῖς
3278 2039 3623 2094 πιστεύουσιν
3674 2041 3754 2103 είς

2181 2127 2417 2197 Χριστὸν
2445 2127 2599 2197 παρὰ
2617 2129 2709 2183 τὸν
2743 2129 2982 2202 Ἰσραὴλ,
3011 2131 3132 2185 ἐπεὶ
3162 2131 3257 2185 καὶ
3299 2132 3461 2195 αὐτὸς
3488 2131 3752 2200 γεγεννῆ-

2184 2218 2308 2272 σθαι
2331 2218 2544 2288 λέγεται
2576 2221 2728 2292 παρὰ
2756 2220 2892 2276 Θεοῦ
2920 2222 3059 2278 κατὰ
3090 2221 3174 2285 τὸ,
3211 2240 3231 2274 ι
3270 2223 3435 2286 Υίοὺς
3488 2222 3754 2293 ἐγέννησα

2183 2313 2275 2366 καὶ
2303 2310 2515 2380 ῦψωσα,
2564 2312 2719 2366 αὐτοὶ⁹
2763 2312 2822 2368 δέ
2872 2331 2941 2385 με
2985 2314 3292 2385 ὴθέτησανς
3336 2333 3357 2366 ι
3393 2313 3540 2386 Πρὸς
3589 2313 3653 2384 δὴ
3685 2315 3755 2368 τὰ

2181 2401 2402 2457 τοιαῦτα
2426 2400 2578 2475 οἶμαι
2602 2404 2780 2473 λέγειν
2806 2406 2939 2472 δεῖν,
2963 2405 3179 2477 πρῶτον
3205 2406 3304 2477 μὲν
3325 2407 3407 2461 ὅτι
3431 2406 3589 2459 σκιὰν
3615 2406 3754 2476 ἔχων

2180 2497 2209 2548 ό
2244 2496 2406 2567 νόμος
2441 2499 2550 2552 τῶν
2600 2499 2902 2570 μελλόντων
2964 2501 3186 2570 ἀγαθῶν
3209 2542 3225 2566 ,
3278 2501 3381 2555 οὐκ
3431 2500 3603 2571 αὐτὴν
3652 2500 3754 2570 τὴν

2180 2588 2366 2643 εἰκόνα
2405 2588 2515 2643 τῶν
2556 2591 2928 2662 πραγμάτων,
2964 2593 3086 2649 οὺδέ
3133 2592 3293 2646 τοῦτο
3335 2593 3456 2646 κατ’
3488 2590 3753 2662 ἀλήθειαν

2181 2676 2329 2749 ἔχειν
2377 2679 2550 2734 ἐδίδου
2594 2683 2708 2745 τοῖς
2741 2682 2799 2747 ἐξ
2842 2681 3079 2754 Ἰσραὴλ,
3117 2682 3231 2737 ἀλλ’
3265 2682 3341 2747 ὡς
3370 2684 3429 2736 ἐν
3457 2681 3613 2753 τύπῳ
3657 2682 3756 2743 καὶ

2182 2771 2418 2843 σχήματι
2438 2773 2782 2844 γραφόμενον
2805 2773 2862 2827 ἐν
2880 2774 3083 2838 αὐτοῖς’
3111 2793 3130 2827 ι
3144 2774 3308 2846 Ἀχρι
3325 2773 3519 2845 καιροῦ
3540 2773 3756 2843 διορθὼο

2181 2879 2350 2929 σεως,
2396 2882 2415 2916 ι
2455 2862 2596 2918 καθὰ
2635 2864 2973 2936 γέγραπται,
3007 2865 3131 2919 καθ’
3178 2866 3237 2919 δν
3280 2865 3504 2937 ἔμελλον
3541 2866 3754 2929 ἀναδειο

2179 2952 2478 3025 χθήσεσθαι
2519 2954 2703 3009 λοιπὸν
2738 2957 2786 3009 οἱ
2842 2956 3288 3028 πρεπωδέστερόν
3316 2974 3376 3011 τε
3421 2958 3517 3010 καλ⁵
3557 2954 3753 3027 ἀληθέ-

2182 3061 2371 3115 στερον
2403 3044 2802 3111 ἀποκαλοῦντες
2835 3046 3054 3119 Πατέρα
3077 3047 3167 3101 τδν
3205 3048 3357 3115 Θεδν,
3396 3047 3485 3102 διὰ
3516 3047 3577 3101 τὺ
3615 3049 3752 3100 ἐνοι-

506 3141 669 3198 lldem
703 3142 760 3195 in
788 3139 1066 3195 Christum
1096 3137 1162 3193 ad
1194 3139 1428 3193 ﬁliorum
1464 3137 1813 3207 adoptionem
1843 3138 2077 3195 evehen-

2182 3136 2356 3207 κῆσαν
2384 3136 2566 3200 αὐτοῖς
2598 3136 2823 3209 Πνεῦμα
2852 3138 2945 3192 τοῦ
2976 3139 3313 3209 Μονογενοῦς
3336 3155 3351 3170 ο
3395 3141 3446 3193 οἱ
3497 3139 3595 3209 μὲν
3645 3138 3761 3209 γὰρ

501 3235 633 3300 dus,
686 3235 741 3290 in
803 3232 920 3297 illo,
973 3232 1121 3288 velut
1179 3232 1233 3286 in
1287 3231 1502 3295 umbra,
1549 3229 1931 3302 pmﬁguratus
1976 3240 2082 3300 est,

500 3327 1182 3405 quemadmodum‘nempe
1207 3323 1455 3379 videmus
1477 3322 1638 3378 etiam
1657 3323 1957 3392 spiritalem
1983 3324 2084 3378 cir-

500 3420 899 3477 cumcisionem
934 3418 990 3472 in
1015 3417 1227 3471 illorum
1250 3429 1418 3470 carne
1441 3411 1776 3485 praaiigurari
1799 3431 1813 3479 ;
1840 3415 1894 3469 in
1929 3429 2080 3469 sum-

414 3532 420 3537 ·
503 3525 592 3564 ma
615 3550 631 3573 ,
662 3508 849 3565 omnia
888 3515 1082 3563 nostra
1112 3508 1166 3560 in
1197 3506 1307 3562 illis
1337 3513 1496 3561 erant
1525 3505 1704 3576 typice
1730 3505 2075 3560 adumbrata.

501 3602 582 3656 Ad
606 3601 742 3662 haec,
776 3600 1013 3654 dicimus
1045 3596 1301 3652 lsraelem
1340 3597 1519 3667 typice
1542 3602 1793 3650 vocatum
1822 3593 1992 3650 fuisse.
2023 3596 2078 3651 in

502 3690 854 3762 adoptionem
887 3688 1123 3742 ﬁliorum
1157 3685 1265 3756 93
1306 3685 1400 3740 Dei
1429 3702 1524 3756 per
1549 3687 1901 3742 mediatorem
1929 3686 2080 3759 Moy-

502 3799 601 3840 sen
635 3800 652 3850 ;
701 3782 935 3851 ideoque
981 3780 1033 3833 iu
1078 3778 1255 3848 ipsum
1307 3792 1525 3847 quoque
1557 3777 1822 3848 baptizati
1855 3786 1983 3834 sunt
2021 3779 2075 3833 in

504 3874 653 3929 nube
703 3883 758 3928 et
791 3872 847 3927 in
897 3870 1062 3934 mari,
1109 3878 1169 3926 ut
1220 3867 1425 3926 Paulus
1459 3869 1530 3925 ait
1583 3870 1665 3936 ³⁸,
1701 3879 1752 3925 et
1796 3871 1852 3925 in
1905 3871 2074 3940 legem

500 3967 789 4024 servitutis
838 3984 905 4021 rx
951 3966 1223 4022 idolorum
1257 3966 1406 4022 cultu
1453 3967 1877 4037 reparabantur,
1911 3965 2076 4021 mini-

501 4067 680 4115 strato
713 4060 794 4115 eis
824 4060 961 4131 legis
1006 4068 1281 4130 praecepto
1315 4076 1411 4130 per
1438 4061 1684 4129 angelos.
1734 4058 1837 4126 Qui
1889 4068 2075 4115 autem

501 4153 557 4206 in
608 4151 843 4205 ﬁliorum
880 4150 972 4206 Dei
1009 4151 1352 4222 adoptionem
1397 4151 1499 4207 ﬁde
1549 4151 1602 4206 in
1638 4150 1917 4207 Christum
1954 4166 2076 4206 eve-

499 4244 730 4306 huntur,
769 4258 874 4297 non
907 4241 960 4297 in
993 4258 1153 4295 unam
1190 4258 1218 4295 a
1254 4242 1530 4297 creaturis
1580 4242 1843 4312 aliquam,
1890 4242 1985 4297 sed
2018 4241 2073 4295 in

498 4333 677 4401 ipsam
724 4340 968 4388 sanctam
1002 4329 1328 4387 Trinitatem
1367 4331 1752 4402 baptizantur,
1799 4332 2074 4387 mediante

500 4422 701 4486 Verbo.
735 4425 880 4494 quod
930 4424 1034 4480 sibi
1078 4424 1472 4478 humanitatem
1520 4423 1739 4493 quidem
1789 4424 2074 4495 conjungit

496 4530 596 4585 per
631 4530 849 4571 carnem
884 4516 1111 4575 unitam,
1139 4513 1234 4569 sed
1275 4513 1603 4567 naturaliter
1646 4512 1797 4567 Patri
1838 4513 2072 4581 corijun-

492 4609 665 4679 gitur,
698 4618 975 4677 quatenus
1005 4613 1199 4661 natura
1233 4605 1398 4659 Deus.
1433 4603 1545 4658 Hoc
1565 4605 1711 4658 enim
1745 4613 1906 4674 pacto
1928 4607 2069 4661 servi

491 4700 560 4755 ad
596 4700 912 4753 ﬁliationcm
949 4705 1234 4758 vocantur,
1274 4710 1369 4764 per
1400 4697 1513 4749 veri
1539 4693 1662 4749 Filii
1695 4696 2072 4766 participatio-

492 4805 616 4845 nem
648 4788 716 4842 ad
746 4788 1070 4860 dignitatem
1096 4786 1145 4841 ei
1172 4785 1501 4840 naturaliter
1529 4785 1939 4842 inexsistentem
1975 4805 2071 4843 vu-

490 4880 600 4934 eati
635 4885 690 4934 et
745 4877 1155 4946 quodammodo
1209 4877 1406 4931 evecti.
1456 4877 1633 4943 Quam
1681 4878 1753 4933 ob
1798 4895 1914 4934 rem
1970 4880 2067 4934 ﬁlii

488 4968 588 5023 Dei
619 4968 856 5022 dicimur
884 4984 948 5023 ac
973 4984 1191 5031 sumus,
1217 4967 1315 5037 qui
1360 4969 1665 5039 spiritalem
1693 4962 2069 5041 regeneratio-

489 5072 617 5112 nem
649 5071 749 5127 per
785 5056 943 5110 Iidem
996 5057 1333 5126 accepimus.
1366 5057 1471 5113 Sed
1523 5060 1784 5129 quoniam
1822 5063 2066 5116 nonnulli

488 5146 764 5217 praecipiti
817 5147 1053 5217 quadam
1099 5148 1328 5204 audacia
1359 5148 1427 5204 de
1458 5148 1754 5220 Unigenito
1804 5151 1960 5220 juxta
2015 5161 2071 5206 et

489 5246 688 5295 sancto
740 5238 947 5309 Spiritu
1006 5240 1137 5294 falsa
1174 5241 1404 5310 prodere
1453 5256 1562 5296 non
1595 5250 1877 5303 verentur.
1911 5258 2067 5298 crea-

488 5336 606 5382 tum
634 5336 688 5383 et
718 5329 923 5384 factum
962 5330 1106 5384 hunc
1136 5346 1258 5386 esse
1274 5331 1540 5396 dicentes,
1566 5341 1620 5386 et
1648 5331 1823 5402 ipsum
1846 5334 2068 5387 omnino

492 5417 586 5476 Dei
611 5436 675 5475 ac
706 5418 886 5474 Patris
912 5421 1486 5478 consubstantialitate
1508 5420 1765 5491 dejicere,
1799 5439 1918 5493 age,
1939 5439 2067 5478 rur-

489 5525 589 5567 sus
617 5528 807 5566 eorum
834 5513 1176 5583 iutemperici
1208 5523 1375 5568 recta;
1402 5514 1522 5569 ﬁdei
1557 5515 1864 5569 doctrinam
1893 5531 2067 5586 oppo-

490 5608 708 5669 nentes,
752 5603 901 5673 quod
938 5604 1095 5659 nobis
1122 5611 1173 5658 ct
1206 5603 1508 5662 lectoribus
1539 5605 1661 5662 usui
1714 5605 1787 5661 sit
1828 5605 2068 5677 profera-

564 5769 612 5805 ³²
642 5770 789 5829 Psal.
822 5788 930 5841 cas,
958 5776 1012 5831 3.
1090 5777 1134 5810 ³³
1162 5776 1265 5833 lsa.
1304 5793 1340 5842 ι,
1379 5776 1433 5833 Ξ.
1511 5778 1556 5812 ³⁸
1587 5777 1754 5838 llcbr.
1783 5796 1860 5847 lx,
1900 5779 1978 5834 l0.

2183 3223 2328 3299 εῐχον
2361 3246 2381 3280 r
2417 3228 2634 3300 πνεῦμα
2682 3229 2926 3297 δουλείας
2967 3232 3047 3298 είς
3093 3230 3290 3302 φόϐον,
3336 3232 3386 3286 οἱ
3431 3232 3490 3285 δὲ
3533 3229 3753 3302 πνεῦμα

2181 3320 2470 3384 υἱοθεσίας,
2497 3340 2515 3374 ι
2541 3321 2619 3385 είς
2645 3320 2975 3393 ἐλευθερίαν,
3013 3340 3032 3375 ι
3067 3324 3126 3376 ἐν
3158 3316 3200 3393 ᾧ
3224 3314 3501 3395 κράζομεν
3528 3338 3543 3352 ο
3585 3323 3754 3385 ’Δὸὁᾶ

2179 3413 2208 3465 ό
2248 3414 2459 3486 Πατήρ.
2494 3433 2512 3465 ι
2549 3413 2760 3468 Οὐκοῦν
2795 3416 2824 3468 ό
2876 3415 2964 3470 διὰ
3001 3414 3238 3480 πίστεως
3273 3416 3368 3487 τῆς
3402 3417 3482 3479 είς
3517 3416 3753 3488 Χριστὸν

2179 3505 2551 3577 ἀναϐήσεσθαι¹
2580 3506 2787 3577 μέλλων
2816 3508 2896 3573 είς
2921 3508 3194 3562 υἱοθεσίαν
3226 3508 3375 3574 λαὸς,
3413 3507 3669 3578 καθάπερ
3692 3508 3750 3560 ἐν

2182 3598 2361 3659 σκιαῖς
2404 3597 2461 3650 ἐν
2490 3598 2682 3666 ἐκείνῳ
2703 3598 3209 3671 προκατεγράφετο,
3238 3598 3427 3671 ῶσπερ
3449 3594 3542 3653 οῦν
3562 3597 3757 3669 ἀμέλει

2179 3689 2274 3740 καὶ
2304 3689 2402 3759 τὴν
2431 3691 2489 3743 ἐν
2531 3690 2798 3762 πνεύματι
2825 3692 3050 3763 νοοῦμεν
3080 3692 3379 3765 περιτομὴν
3415 3694 3473 3744 ἐν
3502 3694 3568 3763 τῇ
3602 3686 3749 3744 ἐκεί-

2177 3798 2284 3835 νων
2348 3782 2510 3836 πάλιν
2573 3784 3082 3855 προανατυποῦσθαι
3149 3786 3311 3857 σαρκί
3334 3802 3349 3817 ⁸
3397 3786 3492 3839 καὶ
3559 3784 3754 3857 συλλή-

2178 3871 2309 3942 ϐδην
2360 3874 2561 3936 εἰπεῖν,
2623 3874 2801 3928 πάντα
2853 3870 2921 3945 ἦν
2970 3876 3029 3928 ἐν
3085 3875 3314 3938 ἐκείνοις
3377 3873 3445 3928 τὰ
3508 3875 3754 3946 ἡμέτερα

2175 3965 2440 4028 τυπικῶς.
2502 3966 2646 4036 Πρὸς
2706 3966 2764 4022 δέ
2824 3984 2885 4035 γε
2933 3970 3044 4032 τοῖς
3119 3966 3468 4039 εἰρημένοις,
3531 3968 3755 4022 κάκεῖνό

2177 4076 2391 4128 φαμεν,
2453 4061 2537 4114 ὅτι
2609 4060 2875 4131 κέκληται
2927 4060 3175 4123 τυπικῶς
3241 4061 3320 4124 είς
3392 4059 3664 4113 υἱοθεσίαν
3725 4063 3754 4117 ὁ

2188 4148 2400 4221 Ἰσραὴλ
2421 4149 2509 4204 διὰ
2541 4151 2758 4221 μεσίτου
2782 4150 3021 4214 Μωσέως
3041 4167 3053 4180 ·
3085 4150 3168 4203 διὸ
3194 4151 3287 4204 καὶ
3312 4152 3393 4214 είς
3429 4150 3592 4204 αὐτὸν
3628 4149 3754 4203 ἐϐα-

2176 4240 2441 4305 πτίζοντο,
2489 4240 2737 4319 καθάπερ
2769 4242 2797 4294 ό
2834 4240 3046 4305 Παῦλός
3084 4258 3267 4311 φησιν,
3316 4241 3375 4294 ἐν
3415 4242 3482 4312 τῇ
3532 4240 3750 4312 νεφέλῃ,

2174 4333 2269 4383 καὶ
2301 4333 2358 4384 ἐν
2395 4334 2461 4402 τῇ
2496 4330 2758 4404 θαλάσσῃο
2794 4332 2888 4385 καὶ
2921 4333 2999 4395 είς
3031 4331 3191 4402 νόμον
3223 4330 3465 4395 δουλείας
3496 4329 3558 4396 ἐξ
3596 4329 3753 4383 εἰδω-

2172 4421 2490 4494 λολατρείας
2514 4422 2956 4487 ἀνεσκευάζοντο,
2983 4423 3403 4493 διακονουμένης
3427 4424 3597 4492 αὐτῆς
3635 4422 3751 4494 [αὖ-

2173 4513 2309 4585 τοίς]
2339 4516 2448 4573 τοῖς
2478 4512 2575 4584 [ἴς.
2612 4512 2732 4585 τῆς]
2774 4515 2832 4568 ἐν
2871 4515 3191 4585 γράμμασιν
3232 4514 3450 4583 ἐντολῆς
3485 4514 3553 4568 δι’
3587 4514 3754 4582 ἀγγέ-

2173 4603 2308 4657 λων·
2337 4607 2386 4658 οί
2413 4604 2470 4657 δέ
2505 4605 2683 4661 πίστει
2724 4607 2790 4676 τῇ
2827 4606 2906 4669 εἰς
2938 4605 3170 4677 Χριστὸν
3203 4608 3283 4667 είς
3314 4604 3590 4659 υἱοθεσίαν
3624 4607 3757 4659 ἀνα-

2170 4695 2445 4759 ϐαίνοντες
2470 4694 2626 4759 Θεοῦ,
2661 4696 2761 4748 οὐκ
2807 4697 2885 4759 είς
2918 4696 2976 4749 ἐν
3019 4713 3070 4748 τι
3099 4695 3207 4751 τῶν
3236 4696 3501 4766 γενητῶν,
3528 4694 3642 4748 ἀλλ’
3675 4698 3756 4758 είς

2171 4787 2342 4858 αὐτὴν
2384 4786 2484 4857 τὴν
2531 4786 2690 4856 ἁγίαν
2731 4786 3077 4857 βαπτίζονται
3123 4786 3349 4857 Τριάδα,
3399 4785 3488 4840 διὰ
3531 4785 3755 4856 μεσίτου

2171 4876 2265 4930 τοῦ
2313 4877 2510 4946 Λόγου,
2561 4879 2920 4940 συνάπτοντος
2964 4877 3062 4948 μὲν
3117 4877 3296 4948 ἐαυτῷ
3329 4877 3399 4940 τὰ
3440 4875 3759 4948 ἀνθρώπινα

2173 4968 2264 5022 διὰ
2288 4967 2387 5038 τῆς
2417 4967 2709 5039 ἐνωθείσης
2740 4970 2959 5038 σαρκὸς,
2990 4969 3394 5040 συναπτομένου
3416 4967 3474 5022 δὲ
3508 4967 3756 5037 φυσικῶς

2173 5057 2251 5128 τῷ
2283 5058 2626 5127 γεννήσαντι,
2674 5058 2809 5117 καθὸ
2860 5058 3021 5128 φύσει
3064 5058 3228 5122 Θεός’
3283 5057 3426 5111 οὕτω
3472 5056 3582 5128 γὰρ
3620 5058 3757 5110 ἀνα-ο

2172 5148 2356 5218 τρέχει
2381 5147 2442 5201 τὸ
2472 5147 2655 5203 δοῦλον
2695 5150 2774 5214 είς
2820 5148 3065 5218 υἱότητα,
3100 5145 3189 5200 διὰ
3223 5146 3462 5218 μετοχῆς
3503 5146 3597 5217 τοῦ
3634 5147 3758 5199 κατ’

2172 5238 2430 5310 ἀλήθειαν
2476 5240 2626 5304 Υίοῦ,
2675 5239 2809 5311 πρὸς
2853 5239 2914 5292 τὸ
2954 5240 3196 5311 ὑπάρχον
3228 5238 3379 5309 αὐτῷ
3418 5238 3559 5292 κατὰ
3592 5238 3758 5307 φύσιν

2175 5329 2412 5400 ἀξίωμα,
2442 5330 2770 5402 καλούμενόν
2796 5349 2852 5385 τε
2875 5333 2967 5386 καὶ
2996 5326 3106 5389 οἷον
3136 5328 3621 5399 ἀναϐιϐαζόμενον.
3658 5329 3759 5383 Διά

2172 5439 2254 5476 τοι
2306 5420 2464 5475 τοῦτο
2493 5423 2739 5492 γεννητοὶ
2764 5423 3035 5496 λεγόμεθα
3062 5423 3155 5477 καὶ
3191 5421 3359 5493 ἐσμὲν
3386 5419 3480 5474 τοῦ
3513 5418 3678 5486 Θεοῦ,
3707 5419 3760 5473 οί

2174 5511 2273 5583 τὴν
2323 5511 2414 5567 διὰ
2470 5513 2566 5567 τοῦ
2622 5513 2939 5585 Πνεῦματος
2976 5513 3332 5585 ἀναγέννησιν
3380 5511 3471 5565 διὰ
3516 5509 3759 5573 πίστεως

2178 5604 2630 5677 παραδεξάμενοι.
2663 5604 2880 5676 Ἐπειδὴ
2906 5604 2962 5658 δὲ
2991 5603 3375 5676 ῥιψοκινδύνως
3399 5600 3758 5673 ἀποτολμιῖηξ

2084 5778 2127 5812 ³³
2162 5779 2318 5837 llum.
2347 5794 2467 5845 vm,
2496 5779 2580 5834 l5.
2659 5780 2702 5813 "
2756 5780 2774 5834 l
2826 5779 2951 5835 Cor.
2999 5795 3054 5845 ι,
3096 5779 3144 5833 l.
