4092 6274
333 275 433 335 N57

1427 281 1494 337 1N
1531 263 1822 350 Mrs
1859 279 2314 341 EVANGELIUM
2351 283 2482 356 Lm.
2521 284 2563 340 l.

3480 286 3579 339 158

327 408 491 461 τινες,
523 399 718 468 ὥσπερ
767 399 862 454 τοῦ
895 399 1249 470 Μονογενοῦς,
1283 402 1425 457 οὕτω
1474 405 1568 458 καί⁵
1607 403 1703 457 τοῦ
1753 405 1911 471 ἁγίου

2020 422 2159 460 mus.
2195 404 2250 460 Si
2276 407 2425 460 enim
2453 418 2632 474 neque
2657 397 2803 460 Deus
2837 404 3140 460 secundum
3170 411 3447 470 naturam,
3484 422 3584 460 ne-

329 487 754 556 καταψεύδονται
810 489 1142 561 Πνεῦματος,
1186 493 1414 562 γενητὸν
1466 493 1599 546 αὐτὸ
1643 493 1737 547 καὶ
1797 510 1914 546 κτι-

331 578 473 634 στὸν.
491 574 632 633 εἶναι
670 582 983 648 φάσκοπες,
1034 583 1128 635 καὶ
1177 582 1312 646 ὅλως
1360 583 1461 652 τῆς
1500 584 1593 636 τοῦ
1644 583 1780 637 Θεοῦ
1819 586 1912 638 καὶ

339 669 555 739 Πατρὸς
586 669 822 734 ἐξέλκειν
854 671 1264 742 ὁμοουσιότητος
1291 689 1306 704 ·
1342 674 1472 744 φέρε
1513 672 1576 744 δή
1608 673 1769 726 πάλιν
1796 676 1915 737 ταῖς

333 759 556 812 ἐκείνων
614 759 1076 832 ἀθυρογλωσσίαις
1103 802 1116 825 ,
1171 763 1264 817 τὸν
1318 765 1415 833 τῆς
1465 764 1630 835 ὀρθῆς
1679 765 1916 829 πίστεως

334 849 712 919 ἀντεξάγοντες
736 851 911 921 λόγον,
937 853 1149 916 ἑαυτοῖς
1175 870 1232 906 τε
1259 855 1348 907 καὶ
1377 858 1488 918 τοῖς
1510 856 1913 927 ἐντευξομένοις

335 939 594 1009 ὠφελείας
625 943 974 1012 γεννήσωμεν
1013 941 1284 1015 ἀφορμάς.
1336 945 1398 997 Et
1439 945 1545 1015 γὰρ
1588 949 1726 1015 μήτε
1776 947 1909 1010 Θεὸς

335 1030 475 1083 κατὰ
507 1030 688 1099 φύσιν,
714 1025 759 1085 ὦ
785 1026 952 1097 οὗτοι,
990 1035 1125 1104 μήτε
1158 1034 1262 1105 μὴν
1310 1037 1373 1087 ἐκ
1405 1035 1540 1088 Θεοῦ
1585 1037 1646 1089 τὸ
1687 1037 1914 1107 Πνεῦμά

331 1125 479 1176 ἐστιν
519 1123 648 1177 ῐδιον
677 1123 863 1189 αὐτοῦ,
901 1125 994 1178 καὶ
1031 1125 1122 1179 διὰ
1163 1125 1320 1179 τοῦτο
1364 1125 1633 1190 οὐσιωδῶς
1668 1128 1911 1196 ἐνυπάρ-

332 1230 427 1283 χον
473 1213 651 1281 αὐτῷ·
699 1211 887 1284 ἕτερον
939 1212 998 1266 δέ
1045 1230 1097 1266 τι
1148 1215 1276 1276 παρ’
1306 1214 1484 1274 αὐτὸν,
1534 1215 1630 1266 καὶ
1669 1215 1766 1282 τῆς
1804 1213 1913 1266 τῶν

333 1301 716 1372 πεποιημένων
749 1301 1016 1370 ὁμοφυΐας
1059 1302 1157 1354 οὐκ
1195 1302 1596 1372 ἀπῳκισμένον·
1627 1303 1742 1365 πῶς
1771 1305 1817 1355 οἱ
1842 1301 1914 1355 δι’

334 1391 502 1446 αὐτοῦ
546 1392 895 1462 γεννηθέντες
926 1394 1086 1462 ήμεῖς
1101 1393 1164 1445 ὲκ
1205 1393 1336 1445 Θεοῦ
1366 1391 1722 1463 γεγεννῆσθαι
1761 1391 1914 1460 λεγό-

336 1483 514 1552 μεθα;
544 1483 616 1535 Ἦ
640 1483 747 1553 γὰρ
776 1484 858 1535 ὅτι
880 1482 1133 1556 ψεύδεται
1181 1486 1395 1546 πάντως
1432 1483 1660 1554 ἐροῦμεν
1687 1486 1716 1537 ὁ
1748 1485 1912 1552 εὐαγ-

2018 511 2128 564 que
2163 510 2228 550 ex
2260 496 2371 551 Deo
2407 504 2493 551 est
2519 496 2762 563 Spiritus
2796 496 2938 563 ejus,
2969 494 3128 564 eique
3149 495 3590 548 substantialiter

2017 585 2372 646 inexsistens,
2415 585 2511 640 sed
2541 585 2684 640 alius
2713 584 2783 638 ab
2814 583 2953 653 ipso,
2988 597 3088 637 nec
3118 599 3148 636 a
3193 589 3391 636 natura
3421 596 3589 634 crea-

2018 684 2264 730 turarum
2319 676 2552 740 alienus,
2617 675 2892 746 quomodo
2926 690 3047 740 nos,
3101 675 3196 743 qui
3265 688 3362 743 per
3410 673 3585 743 ipsum

2016 767 2128 823 nati
2159 782 2369 830 sumus,
2395 781 2460 822 ex
2487 765 2594 821 Deo
2619 767 2733 819 nati
2760 765 3036 818 dicimur?
3057 766 3166 819 Aut
3189 767 3334 826 enim
3369 762 3588 817 mentiri

2018 860 2177 928 plane
2223 859 2612 928 evangelistam
2654 857 2946 910 fatebimur
2981 875 2993 909 :
3045 863 3137 909 aut
3193 857 3241 909 si
3278 869 3440 909 verax
3482 863 3586 917 est,

2019 950 2178 1006 sicuti
2214 957 2297 1005 est
2331 948 2594 1018 profecto,
2622 947 2764 1002 Deus
2799 947 2924 1012 erit,
2959 957 3014 1002 et
3041 963 3105 1001 ex
3139 945 3248 1000 Deo
3281 945 3586 1002 secundum

2017 1049 2266 1093 naturam
2303 1038 2582 1109 Spiritus:
2629 1038 2788 1107 cujus
2839 1037 3258 1107 participatione
3293 1051 3388 1106 per
3427 1036 3586 1090 tidem

2017 1130 2070 1182 in
2110 1129 2390 1183 Christum
2423 1129 2632 1195 donati,
2683 1137 2736 1183 et
2792 1137 2998 1182 natura:
3045 1126 3244 1182 divinae
3285 1127 3582 1197 participes

2016 1218 2302 1283 ellicimur,
2347 1227 2401 1272 et
2443 1234 2506 1274 ex
2543 1217 2652 1273 Deo
2685 1218 2797 1272 nati
2832 1233 2954 1272 esse
2987 1217 3242 1279 dicimur,
3271 1224 3326 1282 et
3359 1231 3478 1270 eam
3513 1215 3586 1269 oh

2017 1323 2129 1361 rem
2166 1309 2240 1362 dii
2271 1323 2671 1378 nuncupantur,
2717 1323 2828 1362 non
2867 1308 3043 1378 gratia
3074 1307 3250 1362 solum
3284 1307 3351 1360 ad
3383 1319 3579 1374 super-

2015 1399 2316 1453 naturalem
2355 1398 2580 1468 gloriam
2613 1397 2820 1461 evecti,
2855 1397 2950 1452 sed
2993 1411 3103 1466 quo
3145 1396 3258 1465 jam
3303 1395 3469 1449 Deum
3530 1393 3584 1447 in

2016 1488 2174 1542 nobis
2206 1488 2540 1543 habitantem
2596 1495 2761 1557 atque
2793 1487 3158 1542 diversantem
3188 1485 3488 1540 habeamus
3514 1481 3586 1548 ⁸⁷,

334 1573 671 1642 γελιστὴς,ἢ
708 1573 864 1643 εἴπερ
904 1573 1050 1626 ἐστὶν
1089 1572 1312 1643 ἀληθὴς,
1368 1573 1478 1642 ἔχει
1519 1573 1574 1625 δὲ
1619 1572 1780 1639 οὕτω,
1824 1574 1916 1627 καὶ

2020 1578 2168 1646 iuxta
2197 1579 2329 1632 illud
2358 1578 2632 1647 propheta:
2660 1579 2867 1632 dictum
2903 1597 2916 1631 :
2962 1597 2979 1628 ι
3010 1577 3146 1642 Quia
3182 1575 3498 1630 inhahitabo
3532 1575 3588 1628 in

337 1664 439 1732 οὐχ
467 1663 688 1734 ἑτέρως,
714 1663 843 1726 Θεὸς
875 1663 1026 1716 ἔσται
1069 1664 1162 1716 καὶ
1207 1665 1270 1716 ὲκ
1311 1663 1445 1716 Θεοῦ
1477 1665 1616 1716 κατὰ
1659 1663 1816 1733 φύσιν
1855 1663 1915 1717 τὸ

2020 1669 2150 1737 ipsis
2179 1677 2231 1723 et
2265 1669 2611 1722 inambulabo
2639 1669 2778 1722 inter
2801 1683 2897 1721 eos
2926 1668 2990 1721 ³⁸.
3032 1687 3050 1718 ι
3081 1666 3326 1734 Alioqui,
3362 1680 3590 1734 respon-

339 1733 588 1822 Πνεῦμα,
628 1749 688 1807 οὗ
727 1752 790 1823 δὴ
835 1753 928 1806 καὶ
980 1754 1254 1823 μετίσχειν
1298 1753 1385 1806 διὰ
1431 1753 1666 1816 πίστεως
1701 1753 1800 1823 τῆς
1837 1757 1916 1818 είς

2020 1761 2203 1824 deant,
2246 1775 2452 1830 quaeso,
2488 1760 2666 1826 nobis,
2700 1761 2798 1830 qui
2834 1767 2983 1814 tanta
3013 1758 3158 1828 pleni
3191 1765 3318 1812 sunt
3354 1756 3589 1816 inscitia,

341 1845 577 1916 Χριστὸν
615 1846 943 1916 ἀξιούμενοι,
979 1845 1130 1908 θείας
1163 1862 1220 1897 τε
1260 1844 1472 1913 φύσεως
1512 1845 1914 1915 ἀποτελούμεθα

343 1938 607 1998 κοινωνοὶ,
641 1936 730 1987 καὶ
754 1937 817 1987 ἐκ
843 1934 974 1988 Θεοῦ
999 1936 1356 2005 γεγεννῆσθαι
1375 1934 1664 2004 λεγόμεθα,
1694 1935 1784 1988 καὶ
1806 1934 1917 1988 θεοὶ⁸

337 2027 425 2078 διὰ
447 2025 601 2076 τοῦτο
621 2025 1048 2095 χρηματίζομεν,
1080 2026 1138 2077 οὐ
1163 2027 1343 2096 χάριτι
1367 2026 1524 2096 μόνον
1548 2027 1628 2088 είς
1649 2025 1745 2095 τὴν
1769 2025 1914 2097 ὑπὲρ

339 2115 486 2184 ἡμᾶς
533 2114 892 2184 ἀνιπτάμενοι
924 2115 1101 2178 δόξαν,
1128 2114 1242 2168 ἀλλ’
1270 2115 1344 2177 ὡς
1364 2116 1462 2186 ήδη
1496 2117 1588 2169 καὶ⁵
1604 2114 1734 2169 Θεὸν
1765 2115 1915 2186 ἕχον-

335 2221 428 2268 τες
449 2209 506 2259 ἐν
534 2206 745 2267 ἑαυτοῖς
764 2203 1069 2258 ἐνοικοῦντα
1096 2205 1190 2260 καὶ
1216 2205 1583 2274 αὑλιζόμενον,
1617 2207 1832 2260 κατὰτὸ
1857 2210 1916 2261 ὲν

337 2295 416 2367 τῷ
467 2298 722 2369 προφήτῃ
762 2297 1042 2378 κείμενον,
1091 2297 1172 2350 ὅτι
1224 2315 1243 2348 ι
1291 2298 1586 2367 Ἐνοικήσω
1631 2299 1688 2349 ἐν
1733 2297 1916 2362 αὐτοῖς

335 2388 428 2442 καὶ
458 2387 892 2457 ὲμπεριπατήσω
912 2401 927 2416 ·
965 2404 985 2438 ι
1021 2385 1143 2438 ἐπεὶ
1181 2385 1324 2438 κατά
1359 2385 1477 2438 τίνα
1505 2385 1702 2457 τρόπον
1731 2387 1915 2455 λεγόν-

333 2495 444 2532 των
458 2480 589 2550 ήμίν
619 2480 667 2530 οἱ
698 2478 797 2547 τῆς
811 2475 1077 2545 τοσαύτης
1087 2475 1323 2545 ἀμαθίας
1340 2476 1590 2548 ἀνάπλεῳ
1613 2478 1730 2530 ναοὶ
1756 2478 1912 2544 Θεοῦ,

337 2568 479 2622 κατὰ
503 2568 714 2622 Παῦλον
751 2568 940 2638 ἐσμὲν,
963 2567 1024 2620 τὸ
1041 2567 1266 2636 Πνεῦμα
1295 2566 1505 2637 ἔχοντες
1543 2567 1829 2624 κατοικοῦν
1859 2571 1916 2623 ὲν

336 2661 487 2730 ἡμῖν.
508 2663 556 2712 εί
581 2659 655 2730 μὴ
670 2659 800 2722 Θεὸς
817 2658 960 2711 κατά
977 2657 1137 2726 φύσιν
1155 2658 1298 2710 ἐστίν
1319 2674 1333 2722 ;
1355 2659 1416 2710 Ei
1443 2659 1550 2728 γὰρ
1568 2658 1768 2729 κτίσμα
1798 2661 1918 2713 ἐστὶ

337 2753 430 2803 καὶ
445 2749 692 2820 γενητὸν,
707 2750 795 2803 διὰ
814 2750 972 2804 ποίαν
1003 2750 1183 2803 αἰτίαν
1198 2752 1343 2820 ήμᾶς
1369 2745 1916 2819 ὲκαταφθείρειϐεὸς,

336 2843 416 2904 ὡς
434 2841 570 2894 Θεοῦ
599 2841 1064 2910 καταφθείροντας
1093 2841 1239 2905 ναὸν,
1275 2841 1406 2892 ὅταν
1422 2841 1481 2892 τὸ
1513 2841 1671 2910 σῶμα
1686 2858 1919 2911 καταμο-

342 2930 608 3000 λύνωμεν,
633 2933 690 2983 ὲν
710 2925 754 2997 ᾧ
771 2930 833 2982 τὸ
854 2930 1256 3000 Πνεῦμαόίκεί,
1282 2931 1407 3001 ὃλην
1424 2930 1543 3000 ἔχον
1559 2930 1651 2983 τοῦ
1675 2930 1806 2982 Θεοῦ
1823 2930 1917 2984 καὶ

2015 1848 2290 1918 quomodo
2321 1849 2518 1918 templa
2569 1847 2660 1903 Dei
2697 1850 2894 1910 simus,
2935 1848 3093 1916 juxta
3132 1845 3360 1899 Paulum
3393 1845 3472 1907 ”,
3508 1845 3591 1896 in-

2018 1938 2350 1992 babitantem
2385 1939 2440 1991 in
2469 1939 2627 1992 nobis
2659 1938 2920 2007 Spiritum
2953 1937 3216 1990 habentes
3241 1976 3255 1998 ,
3285 1934 3390 1989 nisi
3422 1932 3592 2001 Spiri-

2018 2039 2105 2084 tus
2137 2028 2279 2084 Deus
2312 2029 2384 2083 sit
2417 2029 2720 2084 secundum
2757 2028 3050 2082 naturam?
3075 2027 3122 2082 si
3154 2025 3302 2081 enim
3336 2033 3588 2078 creatura

2013 2130 2119 2185 est,
2152 2136 2216 2174 ac
2247 2135 2404 2190 opus,
2459 2135 2622 2190 quam
2652 2120 2723 2175 ob
2753 2134 2976 2175 causam
3025 2117 3168 2173 Deus
3202 2131 3304 2172 nos
3334 2114 3588 2175 destruit,

2016 2220 2272 2282 tanquam
2305 2211 2398 2281 qui
2419 2210 2512 2266 Dei
2543 2211 2806 2282 templum
2835 2211 3211 2272 destruamus,
3244 2223 3366 2262 cum
3389 2221 3591 2275 corpus

2015 2301 2385 2371 inquinamus,
2429 2301 2482 2355 in
2518 2316 2626 2372 quo
2664 2301 2901 2370 Spiritus
2935 2299 3145 2354 habitat
3184 2298 3266 2363 “,
3296 2297 3391 2368 qui
3425 2305 3592 2350 totam

2019 2392 2110 2446 Dei
2147 2408 2212 2445 ac
2276 2391 2454 2448 Patris
2508 2400 2564 2446 et
2627 2391 2882 2446 similiter
2937 2390 3214 2460 Unigeniti
3283 2389 3594 2444 naturalem

2015 2481 2401 2549 proprietatem
2425 2479 2536 2550 95.
2555 2480 2610 2534 in
2642 2495 2700 2534 se
2723 2479 2924 2533 habet?
2945 2476 3079 2532 Nam
3105 2478 3378 2546 quomodo
3404 2491 3593 2531 verum

2015 2571 2118 2624 erit
2157 2569 2300 2638 quod
2332 2585 2360 2623 a
2386 2570 2674 2624 Salvatore
2703 2570 2904 2624 dicitur
2940 2587 2953 2622 :
2993 2586 3012 2618 ι
3045 2567 3101 2622 Si
3127 2569 3249 2637 quis
3275 2567 3452 2638 diligit
3483 2581 3593 2628 me,

2016 2675 2324 2715 sermonem
2376 2676 2556 2714 meum
2609 2660 2873 2720 servabit,
2928 2667 2982 2714 et
3021 2658 3178 2712 Pater
3211 2674 3365 2713 meus
3411 2657 3598 2726 diliget

2015 2763 2160 2811 eum,
2199 2755 2253 2802 et
2276 2748 2339 2800 ad
2369 2763 2491 2802 eum
2527 2747 2828 2813 veniemus,
2851 2755 2904 2801 et
2933 2747 3271 2801 mansionem
3298 2745 3442 2815 apud
3471 2760 3596 2798 eum

2018 2839 2336 2893 faciemusM
2359 2877 2374 2901 ,
2400 2858 2419 2888 ι
2453 2853 2576 2891 cum
2598 2838 2836 2907 Spiritus
2871 2839 2941 2892 sit
2967 2839 3060 2908 qui
3084 2837 3295 2892 habitat
3329 2836 3380 2888 in
3419 2836 3596 2898 nobis,

2016 2939 2070 2983 et
2104 2943 2197 2997 per
2234 2929 2414 2996 ipsum
2452 2928 2652 2982 habere
2689 2943 2790 2981 nos
2837 2926 3057 2982 Patrem
3094 2927 3258 2982 simul
3301 2933 3355 2979 et
3401 2923 3593 2978 Filium

342 3023 554 3091 Πατρὸς
587 3021 684 3091 τὴν
714 3022 946 3091 φυσικὴν
977 3022 1234 3091 ἰδιότητα,
1259 3023 1351 3076 καὶ
1392 3023 1592 3091 ὁμοίως
1619 3022 1712 3075 τοῦ
1741 3025 1916 3076 Μονο-

2021 3020 2330 3082 credamus,
2363 3020 2820 3092 quemadmodum
2863 3020 2979 3089 ipse
3009 3034 3233 3089 quoque
3266 3032 3458 3072 rursus
3503 3016 3574 3069 ali

342 3112 569 3181 γενοῦς;
605 3113 756 3164 Ἐπεὶ
780 3111 894 3174 πῶς
920 3112 1204 3182 ἀληθεύσει
1235 3112 1407 3180 λέγων
1435 3115 1464 3165 ὁ
1495 3113 1710 3182 Σωτὴρ,
1741 3130 1764 3163 ι
1795 3114 1920 3166 Ἐάν

346 3219 430 3268 τις
463 3205 654 3274 ἀγαπᾷ
687 3220 774 3274 με,
799 3203 888 3256 τὸν
919 3203 1078 3272 λόγον
1118 3221 1216 3267 μου
1261 3205 1509 3274 τηρήσει,
1542 3204 1634 3256 καὶ
1675 3207 1704 3257 ὁ
1736 3204 1925 3274 Πατήρ

347 3313 450 3364 μου
478 3296 754 3366 ἀγαπήσει
803 3294 982 3361 αὑτὸν,
1028 3297 1120 3348 καὶ
1175 3295 1312 3366 πρὸς
1368 3295 1532 3347 αὑτὸν
1573 3294 1924 3363 ἐλευσόμεθα,

342 3383 440 3435 καὶ
467 3383 524 3435 ὲν
553 3381 698 3452 αὑτῷ
741 3382 1142 3452 καταλύσομεν;
1174 3382 1395 3438 »Καίτοι
1437 3384 1497 3436 τὸ
1535 3383 1758 3455 Πνεῦμά
1811 3386 1926 3439 ἐστι

340 3474 401 3525 τὸ
425 3471 709 3526 κατοικοῦν
737 3474 795 3526 ὲν
822 3474 972 3542 ἡμῖν,
1005 3475 1097 3525 καὶ
1128 3472 1194 3524 δι’
1223 3472 1388 3525 αὐτοῦ
1421 3473 1751 3542 πιστεύομεν
1782 3472 1925 3543 ἔχειν

342 3563 462 3633 ἅμα
490 3563 582 3615 τὸν
613 3562 835 3633 Πατέρα
888 3562 1094 3616 καὶτὸν
1134 3561 1276 3627 Υὶὸν,
1310 3563 1554 3633 καθάπερ
1581 3559 1672 3616 οὖν
1699 3562 1802 3634 ἔφη
1833 3563 1925 3616 καὶ

335 3654 501 3717 αὐτὸς
534 3671 634 3707 που
673 3656 832 3708 πάλιν
862 3655 892 3705 ὁ
937 3654 1193 3724 Ἰωάννης
1239 3655 1295 3706 ὲν
1338 3654 1710 3718 Ἐπιστολαίςο
1771 3673 1789 3706 ι
1837 3654 1924 3706 Ἐν

338 3749 512 3819 τούτῳ
539 3748 900 3819 γινώσκομεν,
931 3750 1014 3801 ὅτι
1063 3749 1122 3802 ἐν
1168 3746 1317 3818 αὐτῷ
1351 3748 1603 3818 μένομεν,
1640 3747 1735 3800 καὶ
1767 3747 1926 3809 αὐτὸς

340 3841 399 3890 ὲν
431 3841 584 3910 ήμίν,
615 3841 698 3894 ὅτι
727 3841 794 3893 ὲκ
816 3839 910 3893 τοῦ
943 3838 1260 3909 Πνεύματος
1289 3839 1453 3892 αὑτοῦ
1482 3839 1680 3892 ἔδωκεν
1711 3840 1862 3908 ἡμῖν.
1900 3857 1919 3890 ι

343 3929 466 3994 Πῶς
495 3932 552 3984 δὲ
581 3933 716 3995 ὅλως
737 3931 830 3984 καὶ
853 3930 989 3984 Θεοῦ
1023 3931 1348 4002 κεκλήσεται
1394 3929 1639 4000 Πνεῦμα,
1678 3931 1726 3981 εί
1765 3929 1836 3999 μὴ
1868 3929 1925 3995 ὲξ

341 4020 507 4083 αὐτοῦ
561 4022 653 4073 καὶ
681 4022 739 4073 ὲν
771 4019 920 4087 αὐτῷ
952 4017 1094 4072 κατά
1120 4017 1282 4087 φύσιν
1329 4017 1466 4080 ἐστὶ,
1509 4017 1604 4068 καὶ
1642 4014 1728 4068 διὰ
1771 4018 1927 4067 τοῦτο

339 4111 506 4176 Θε6ς;
559 4112 622 4163 Et
671 4111 778 4180 γὰρ
818 4110 1084 4179 ὑπάρχον,
1110 4108 1184 4173 ὡς
1237 4107 1434 4160 ἐκεῖνοί
1487 4123 1641 4175 φασι,
1679 4104 1926 4173 γενητὸν,

343 4201 567 4270 πνεῦμά
596 4203 712 4252 ἐστι
756 4199 849 4253 τοῦ
881 4200 1038 4266 Θεοῦ,
1083 4199 1144 4251 τὸ
1189 4199 1397 4251 κωλῦον
1447 4196 1602 4250 οὐδὲν
1642 4194 1928 4262 πνεύματα

341 4292 480 4346 Θεοῦ
518 4293 610 4346 καὶ
654 4293 721 4345 τὰ
751 4292 885 4347 ἄλλα
920 4292 1202 4350 καλεῖσθαι
1248 4292 1558 4361 ποιήματαο
1598 4286 1794 4357 φθάσει
1821 4288 1926 4359 γὰρ

2027 3112 2151 3166 cnbi
2189 3111 2430 3167 Joannes
2473 3114 2527 3166 in
2562 3111 2822 3182 Epistolis
2857 3113 2974 3167 ait:
3017 3129 3036 3162 ι
3075 3111 3134 3165 ιιι
3186 3111 3288 3164 hoc
3315 3108 3596 3179 cognosci-

2027 3221 2168 3269 mus,
2199 3205 2454 3272 quoniam
2488 3203 2540 3256 in
2580 3204 2698 3272 ipso
2729 3218 3037 3266 manemus,
3090 3211 3144 3255 et
3183 3202 3299 3270 ipse
3334 3200 3387 3252 in
3421 3199 3600 3261 nobis,

2026 3295 2282 3364 quoniam
2315 3294 2381 3346 de
2413 3293 2615 3362 Spiritu
2652 3309 2752 3348 suo
2785 3291 2935 3346 dedit
2964 3292 3123 3346 nobis
3153 3290 3219 3344 δ’.
3261 3308 3279 3339 ι
3315 3287 3602 3354 Quomodo

2026 3402 2177 3450 vero,
2213 3400 2398 3454 quaeso
2421 3425 2434 3448 ,
2475 3383 2717 3453 Spiritus
2759 3397 2976 3452 quoque
3011 3381 3102 3436 Dei
3132 3380 3440 3445 vocabitur,
3495 3377 3602 3432 nisi

2025 3494 2087 3532 ex
2127 3479 2246 3548 ipso
2269 3486 2321 3530 et
2345 3477 2398 3530 in
2431 3477 2551 3546 ipso
2586 3475 2888 3530 secundum
2921 3481 3171 3527 naturam
3202 3471 3293 3536 sit,
3317 3485 3382 3524 ac
3413 3470 3602 3540 proin-

2026 3570 2094 3625 de
2126 3569 2305 3623 Deus?
2347 3567 2402 3620 Si
2440 3567 2583 3620 enim
2620 3576 2834 3621 creatus
2863 3581 2988 3620 cum
3030 3565 3123 3628 sit,
3161 3571 3220 3616 ut
3272 3563 3350 3616 illi
3389 3563 3601 3624 volunt,

2026 3660 2120 3714 Dei
2169 3667 2348 3714 tamen
2403 3667 2487 3713 est
2543 3658 2818 3726 spiritus:
2875 3657 3010 3710 nihil
3067 3659 3251 3710 obstat
3310 3653 3604 3725 quominus

2027 3753 2161 3806 alias
2197 3765 2414 3821 quoque
2461 3759 2744 3803 creaturas
2787 3747 3016 3818 spiritus
3067 3745 3162 3801 Dei
3215 3761 3494 3800 vocemus.
3547 3745 3604 3802 Ιιι

2025 3844 2170 3898 enim
2213 3844 2267 3897 in
2299 3857 2392 3896 eas
2421 3841 2609 3911 utique
2639 3839 2838 3894 cadere
2871 3842 3096 3909 poterit,
3139 3839 3182 3892 si
3214 3837 3457 3908 profecto
3490 3833 3602 3886 fieri

2027 3940 2205 4002 potest
2243 3941 2301 3986 ut
2330 3942 2511 3986 creata
2561 3932 2868 3986 substantia
2909 3932 2980 3986 sit
3009 3930 3239 4000 Spiritus
3273 3928 3388 3983 Dei.
3439 3927 3603 3979 Plura

2027 4023 2246 4092 quidem
2277 4032 2424 4077 certe
2449 4023 2537 4077 hic
2563 4031 2750 4077 essent
2775 4021 3006 4075 dicenda
3032 4062 3047 4085 ,
3079 4028 3132 4075 et
3160 4019 3389 4088 longiori
3423 4016 3604 4082 dispu-

2029 4114 2236 4168 tatione
2289 4113 2583 4168 evertenda
2637 4119 2785 4167 esset
2841 4100 3225 4164 hereticorum
3286 4105 3602 4159 temeritas:

2029 4205 2123 4260 sed
2151 4221 2274 4260 cum
2307 4205 2374 4260 de
2422 4212 2612 4260 sancto
2660 4203 2873 4273 Spiritu
2919 4202 2976 4254 in
3026 4201 3169 4260 libro
3221 4196 3298 4249 De
3347 4195 3607 4248 Trinitatc

2027 4295 2139 4365 jam
2197 4295 2414 4349 abunde
2477 4294 2931 4355 tractaverimus,
2981 4290 3137 4360 plura
3185 4286 3370 4340 dicere
3421 4297 3608 4350 super-

344 4391 442 4444 καὶ
469 4391 555 4443 ἐπ’
581 4388 718 4443 αὐτά
754 4388 976 4456 δυνάμει
1004 4386 1064 4440 τὸ
1087 4388 1337 4456 πρᾶγμα,
1368 4385 1524 4455 εἴπερ
1553 4382 1690 4444 ὅλως
1718 4381 1918 4452 ἐνδέχε·

2036 4387 2371 4442 scdebimus.

341 4504 436 4540 ται
471 4483 706 4553 γενητὴν
737 4451 922 4533 οὐσίαν
949 4451 1164 4548 πνεῦμα
1199 4451 1463 4545 ῦτιάρχειν
1621 4473 1778 4526 Θεοῦ.
1810 4451 1916 4528 καὶ
1954 4473 2020 4550 ἦν
2065 4478 2164 4549 μὲν
2209 4478 2379 4542 ὅντως
2430 4476 2740 4539 ἀκόλουθον,
2798 4451 3004 4546 μακρὸν
3047 4471 3140 4524 ἐπὶ
3206 4467 3414 4529 τούτοις
3482 4464 3608 4516 ἀνα-

345 4577 544 4641 πτύξαι
596 4576 772 4642 λόγον,
816 4573 910 4626 καὶ
959 4569 1046 4623 διὰ
1104 4573 1365 4629 πλειόνων
1416 4568 1794 4637 ἀδολεσχῆσαι,
1860 4569 1958 4634 τὰς
1993 4573 2102 4628 τῶν
2165 4573 2392 4627 ἀνοσίων
2437 4572 2728 4644 αίρετικῶν
2756 4570 3155 4639 ἀνατρέποντας
3185 4561 3474 4623 ἀϐουλίαςο
3511 4559 3613 4626 ὰρς

344 4671 582 4732 χούντως
604 4669 659 4722 δὲ
686 4669 786 4739 ήδη
817 4665 1146 4735 διειληφότες
1170 4663 1258 4716 διὰ
1284 4662 1377 4716 τοῦ
1407 4661 1560 4731 ἁγίου
1606 4660 1938 4732 Πνεῦματος,
1981 4668 2039 4719 ἐν
2069 4667 2148 4738 τῷ
2192 4669 2331 4737 Περὶ
2370 4665 2474 4734 τῆς
2524 4665 2699 4736 ἁγίας
2773 4661 3012 4731 Τριάδος
3085 4656 3289 4728 Βιϐλίῳ,
3341 4653 3403 4706 τὸ
3447 4648 3613 4713 πο).λά

343 4761 525 4830 λέγειν
564 4761 667 4824 ἐτι,
703 4761 874 4814 διάτοι
909 4757 1068 4811 τοῦτο
1098 4756 1441 4828 παρήσομεν.

414 4854 523 4910 Καὶ
556 4857 589 4908 ὁ
616 4859 804 4924 Λόγος
831 4851 988 4920 σὰρξ
1016 4849 1273 4920 ἐγένετο.
1650 4836 1677 4858 ’

2097 4844 2154 4908 1,
2188 4844 2276 4897 Η.
2315 4841 2381 4895 Et
2425 4841 2651 4896 Verbum
2699 4853 2822 4892 caro
2855 4836 3054 4906 factum
3095 4840 3193 4886 est.

419 4944 748 5015 Εἰσϐέὸηκεν
777 4945 878 5015 ήδη
919 4940 1174 5013 καθαρῶς
1209 4940 1297 4993 διὰ
1337 4937 1525 4992 τούτου
1564 4939 1642 5001 εἰς
1674 4937 1765 4991 τὸν
1792 4939 1918 5010 περὶ

2095 4937 2294 5006 Aperte
2326 4935 2542 4990 demum
2587 4934 2674 4988 his
2723 4930 2904 4987 verbis
2956 4925 3353 4982 incarnationis
3403 4938 3607 4979 sermo-

343 5035 448 5105 τῆς
477 5035 930 5106 ὲνανθρωπήσεως
956 5033 1131 5102 λόγον.
1169 5032 1290 5084 Ὅτι
1325 5029 1434 5100 γὰρ
1460 5027 1590 5090 Υἱὸς
1632 5027 1918 5099 ἀνθρώπου

2029 5044 2152 5082 nem
2181 5027 2502 5097 ingreditur.
2552 5025 2711 5079 Clare
2755 5024 2900 5079 enim
2931 5020 3091 5075 docet
3141 5017 3337 5072 Filium
3374 5015 3616 5070 hominis

346 5127 540 5199 γέγονέ
573 5143 634 5178 τε
690 5127 790 5197 ήδη
831 5126 924 5178 καὶ⁹
971 5124 1376 5196 κεχρημάτικεν
1411 5123 1439 5175 ὁ
1474 5118 1801 5191 Μονογενὴς,
1835 5119 1918 5182 ἒξ-

2035 5118 2237 5173 l‘actum
2292 5128 2345 5174 et
2393 5119 2726 5188 appellatum
2775 5129 2896 5171 esse
2944 5111 3320 5183 Unigcnitum.
3365 5107 3422 5160 ld
3473 5107 3616 5159 enim

344 5222 562 5291 ηγείται
599 5217 814 5285 σαφῶς·
855 5217 1103 5286 σημαίνει
1132 5215 1240 5285 γὰρ
1282 5213 1455 5275 τοῦτο,
1491 5212 1586 5266 καὶ
1623 5210 1806 5281 ἕτερον
1837 5210 1918 5264 οὐ·

2037 5209 2310 5279 signiiicat
2344 5209 2473 5262 illud
2523 5207 2672 5277 quod
2709 5207 2808 5270 ait,
2863 5201 3102 5258 Verbum
3140 5213 3362 5255 carnem
3414 5196 3616 5248 factum

349 5287 460 5376 έὲν,
487 5309 549 5363 τὸ
578 5309 757 5380 σάρκα
781 5307 1030 5376 γενέσθαι
1054 5311 1143 5360 τὸν
1165 5307 1334 5375 Λόγον
1361 5306 1534 5360 εἰπεῖν
1553 5320 1566 5332 ο
1589 5304 1769 5372 ὅμοιον
1798 5300 1918 5371 γὰρ.

2040 5315 2179 5355 esse.
2215 5301 2358 5355 Idem
2409 5301 2554 5354 enim
2605 5306 2692 5351 est
2747 5311 2812 5350 ac
2863 5295 2910 5350 si
2951 5293 3176 5353 diceret,
3212 5287 3449 5341 Verbum
3497 5296 3617 5336 esse

343 5403 425 5466 ὡς
449 5372 514 5454 ἐἰ
549 5372 1010 5470 καὶ-γυμνότερον
1055 5372 1307 5466 ἔφασκεν,
1357 5396 1416 5450 '0
1455 5396 1624 5464 Λόγος
1655 5394 1918 5463 ἄνθρωπος

2047 5391 2247 5445 factum
2271 5392 2568 5445 hominem.
2603 5387 2756 5455 Quod
2788 5401 2911 5440 cum
2949 5385 3047 5448 ait,
3075 5379 3223 5470 nihil
3243 5374 3403 5428 nobis
3443 5372 3615 5470 inusi-

347 5458 582 5563 ἐγένετο.
612 5458 850 5548 Ξένονδὲ
879 5458 1040 5546 πάλιν
1068 5458 1218 5561 ήΙμϊν,
1243 5458 1568 5561 ήῐάσύνηθες
1601 5458 1918 5539 οὐδὲννοῦτω

2032 5490 2203 5537 tatum
2240 5491 2332 5535 aut
2381 5481 2726 5552 peregrinum
2754 5474 2973 5547 ingerit,
3005 5484 3128 5525 cum
3174 5464 3496 5533 plerumque
3532 5458 3617 5513 di-

2722 5595 2763 5626 δο
2790 5591 2953 5645 lCor.
2991 5581 3186 5650 "1,15,
3221 5575 3305 5630 16.
3383 5575 3423 5606 δ’
3459 5573 3618 5629 Joan.

1650 4826 1679 4858 Ι

426 5611 520 5663 ’⁷1
570 5611 696 5664 Cor.
740 5625 841 5676 γι,
872 5615 959 5666 t9.
1036 5609 1078 5641 ³⁸
1115 5608 1282 5666 Levit.
1342 5621 1485 5672 xxvv,
1538 5604 1710 5674 19;"
1764 5604 1887 5659 (lor.

2047 5600 2128 5655 16.
2208 5598 2415 5655 “Rom.
2443 5613 2559 5665 vni,
2593 5598 2642 5651 1.

362 5696 479 5741 xw,
531 5683 621 5749 ‘23.
692 5682 734 5712 δ’
767 5675 976 5748 μοιιιι,
1015 5696 1084 5741 tv,
1119 5681 1178 5733 17":
