4092 6274
533 345 636 400 159

1560 349 1617 405 S.
1653 347 1928 406 CYRILLI
1965 345 2436 403 ALEXANDRINI
2477 345 2798 404 ARCHIEP.

3688 345 3792 401 160

529 465 655 518 vina
682 462 968 535 Scriptura
1001 466 1178 522 solius.
1193 467 1378 523 carnis
1412 469 1679 524 vocabulo
1700 477 1874 524 totum
1903 469 2103 524 animal

2223 468 2378 536 ιέγων
2415 465 2678 537 εἰσφέρει,
2731 464 2988 527 πολλάκις
3032 463 3132 534 τῆς
3183 463 3334 527 θείας
3383 462 3628 535 Γραφῆς,
3693 463 3795 516 καὶ

529 554 818 625 signiﬁcet,
855 555 1012 623 juxta
1043 557 1172 616 illud
1225 557 1372 626 quod
1415 559 1556 628 apud
1601 557 1807 616 Joelcm
1841 561 2106 631 scriptum

527 653 660 700 est:
716 664 735 697 ι
777 645 1064 702 Eﬂundam
1115 649 1184 705 de
1232 650 1444 721 Spiritu
1505 665 1627 705 meo
1677 667 1843 720 super
1890 667 2109 706 omnem

528 750 757 796 carnem
791 737 856 791 “-.
900 757 918 789 ι
955 737 1140 806 Neque
1173 756 1302 796 vero
1346 741 1646 811 putandum
1673 750 1756 796 est
1789 745 2110 812 prophetam

529 826 727 882 dicere.
765 827 1078 884 inanimata:
1110 840 1163 885 et
1194 831 1298 886 soli
1351 833 1604 886 humanae
1658 832 1812 887 carni
1862 826 2112 887 divinum

531 918 942 988 suppeditatum
977 921 1043 975 iri
1074 920 1340 992 Spiritum
1375 941 1390 978 :
1430 923 1511 978 sic
1546 922 1692 978 enim
1740 923 1971 978 ridicula
2004 920 2114 978 erit

533 1007 625 1061 illa
659 1009 1058 1078 interpretatio.
1102 1009 1208 1066 Sed
1253 1028 1320 1066 ex
1367 1021 1522 1082 parte
1566 1020 1738 1068 totum
1769 1014 2110 1082 complexus,

534 1100 757 1155 nomine
788 1103 972 1157 carnis
999 1103 1276 1172 signiﬁcat.
1298 1105 1595 1172 hominem;
1634 1106 1780 1177 quod
1817 1107 1973 1172 aliter
1997 1104 2113 1162 ﬁeri

535 1206 642 1248 non
678 1193 986 1262 oportebat.
1023 1192 1198 1260 Quam
1235 1203 1416 1251 autem
1472 1198 1543 1252 ob
1581 1212 1830 1262 causam,
1884 1213 2114 1254 necesse

532 1290 637 1345 est,
678 1293 739 1338 ut
772 1285 1007 1349 videtur,
1043 1288 1339 1357 explicare.
1375 1287 1471 1342 Est
1509 1289 1682 1360 igitur
1715 1291 1880 1346 homo
1940 1292 2112 1346 ratio-

533 1373 659 1426 nale
703 1373 922 1442 quidem
977 1376 1201 1440 animal,
1249 1377 1345 1432 sed
1395 1380 1758 1450 compositum
1810 1395 1878 1435 ex
1927 1381 2112 1435 anima

533 1459 790 1514 nimirum
844 1469 899 1514 et
940 1461 1041 1516 hac
1081 1461 1259 1534 fragili
1301 1475 1463 1537 atque
1497 1465 1714 1523 terrena
1755 1482 1942 1524 carne.
1973 1468 2110 1524 Cum

533 1560 713 1617 autem
749 1551 1027 1616 factussit
1066 1570 1093 1607 a
1128 1555 1259 1620 Deo,
1294 1565 1356 1624 et,
1379 1558 1442 1618 in,
1479 1570 1659 1614 ortum
1708 1559 1965 1631 eductus,
1998 1575 2110 1616 non

535 1641 743 1697 habens
767 1661 834 1698 ex
872 1653 1199 1719 naturasua
1238 1657 1300 1702 ut
1328 1649 1402 1712 sit
1435 1650 1872 1721 incorruptibilis
1911 1661 1966 1707 et
2011 1653 2110 1718 im;

535 1734 800 1798 mortalis~
834 1738 985 1804 (haec
1026 1739 1172 1792 enim
1215 1740 1316 1794 soli
1363 1739 1471 1796 Deo
1515 1741 1622 1811 95
1671 1742 2114 1802 substantialiter

2208 560 2316 613 ἀπὸ
2361 558 2530 628 μόνης
2563 558 2662 627 τῆς
2701 557 2920 622 σαρκὸς,
2962 555 3079 608 ὅλον
3108 553 3488 624 ἀποκαλούσης
3529 555 3591 606 τὸ
3625 551 3793 617 ζῶον,

2205 650 2350 705 κατά
2385 649 2446 702 τὺ
2488 649 2548 702 ἐν
2588 647 2667 718 τῷ
2723 647 2977 720 προφήτῃ
3017 645 3268 717 κείμενον
3306 644 3481 716 Ἰωήλ·
3511 662 3530 696 ι
3572 642 3792 713 ,Ἒκχεῶ

2209 743 2317 813 ἀπὸ
2373 740 2467 814 τοῦ
2512 741 2828 812 Πνεύματὸς
2874 759 2975 812 μου
3026 741 3119 794 ἐπὶ
3158 743 3337 793 πᾶσαν
3385 739 3597 811 σάρκα·
3635 757 3654 790 ι
3691 737 3794 792 καὶ

2210 835 2270 888 οὑ
2318 835 2492 905 δήπου
2547 834 2838 905 νομιοῦμεν
2891 832 3081 904 ἀψύχῳ
3127 832 3223 886 καὶ
3270 831 3406 904 μόνῃ
3444 833 3509 901 τῇ
3579 829 3792 900 ἀνθρω-

2215 925 2341 996 πεία
2380 927 2542 994 σαρκὶ
2567 925 2627 978 τὸ
2655 923 2796 977 θεῖον
2834 919 3232 999 χορηγήσεσθᾳι
3267 922 3492 993 Πνεῦμα
3531 923 3622 975 τὸν
3654 938 3792 992 προσ

2213 1019 2386 1088 φήτην
2424 1019 2628 1080 εἰπεῖν·
2681 1018 2970 1104 ἀμοιρήσει
3009 1015 3117 1086 γὰρ
3157 1014 3300 1071 οῦτω
3331 1014 3670 1104 γελοιότῃτος
3695 1015 3794 1077 ού-

2210 1107 2396 1175 δαμῶς
2421 1107 2483 1170 τὸ
2503 1105 2828 1177 δηλούμενον
2848 1146 2862 1163 .
2895 1103 3008 1158 ἀλλ’
3039 1108 3102 1166 εκ
3131 1104 3330 1175 μέρους
3353 1103 3411 1156 τὸ
3442 1103 3560 1156 ὅλον
3589 1103 3792 1168 συλλα-

2212 1196 2343 1263 ϐὼν,
2375 1197 2482 1250 ἀπὸ
2505 1197 2602 1267 τῆς
2631 1197 2831 1268 σαρκὸς
2865 1195 3118 1267 ὀνομάζει
3152 1195 3242 1251 τὸν
3266 1193 3570 1265 ἄνθρωπον,
3595 1195 3702 1264 ἔδει
3733 1195 3793 1256 δὲ

2215 1289 2414 1362 μᾶλλον
2444 1287 2605 1352 οὕτω,
2639 1289 2732 1341 καὶ
2765 1289 2865 1358 οὐχ
2897 1287 3132 1358 ἑτέρως·
3163 1286 3256 1340 καί
3284 1286 3373 1338 διά
3400 1285 3558 1339 ποίαν
3586 1286 3792 1350 αἰτίαν,

2211 1382 2530 1450 ἀναγκαῖον,
2583 1378 2659 1442 ὡς
2689 1379 2883 1440 ἔοικεν,
2933 1379 3107 1431 εἰπεῖν
3132 1394 3146 1408 ·
3183 1378 3340 1430 Ἔστι
3373 1377 3551 1446 τοίνυν
3577 1377 3794 1444 λογικδν

2215 1468 2336 1540 μὲν,
2365 1467 2614 1521 σύνθετον
2631 1467 2687 1520 δὲ
2712 1467 2848 1531 ζῶον
2877 1467 2905 1518 ὁ
2935 1466 3239 1537 ἄνθρωπος,
3263 1467 3328 1518 ὲκ
3348 1466 3527 1536 ψυχῆς
3548 1465 3795 1536 δηλονότι

2212 1560 2306 1614 καὶ
2333 1560 2431 1630 τῆς
2462 1557 2956 1629 ὲπικήρουταύτης
2987 1558 3077 1610 καὶ
3107 1559 3301 1628 γηῖνης
3346 1558 3571 1629 σαρκός.
3615 1558 3796 1614 Ἐπει-

2210 1651 2277 1724 δὴ
2305 1651 2363 1705 δὲ
2393 1649 2655 1722 πεποίητο
2678 1649 2828 1722 παρά
2863 1649 3036 1718 Θεοῦ,
3071 1649 3164 1704 καὶ
3195 1648 3464 1720 παρήχθη,
3482 1648 3618 1719 πρὸς
3641 1648 3796 1715 γένε-

2216 1760 2328 1810 σιν,
2380 1743 2483 1813 οὐκ
2519 1742 2656 1816 ἔχων
2689 1743 2754 1814 ὲξν
2784 1741 2991 1812 οἰκείας
3044 1742 3259 1811 φύσεως
3304 1741 3365 1794 τό
3422 1758 3482 1794 τε
3517 1741 3796 1810 ἄφθαρτον

534 1825 772 1896 insunt),
806 1827 1133 1897 obsignatus
1159 1839 1243 1892 est
1279 1833 1403 1886 vitae
1428 1834 1651 1903 spiritu,
1689 1835 2010 1909 habitudine
2040 1839 2104 1892 ad

2223 1835 2304 1906 καὶ
2331 1833 2630 1906 ἀνώλεθρον
2679 1833 2848 1907 (μόνῳ
2874 1833 2983 1905 γὰρ
3006 1831 3178 1902 ταῦτα
3206 1830 3794 1903 πρόσεστινούσιωδῶς

537 1916 706 1972 Deum
741 1918 943 1971 bonum
985 1921 1132 1990 quod
1171 1930 1426 1977 naturam
1468 1925 1685 1999 excedit
1732 1937 2107 2000 consecutus:

547 2028 565 2061 ι
604 2008 908 2064 lnsuﬂlavit
951 2013 1118 2086 enim,
1161 2031 1179 2064 ι
1219 2013 1414 2085 inquit,
1456 2036 1474 2069 ι
1503 2017 1562 2071 in
1616 2017 1810 2090 faciem
1841 2020 1962 2090 ejus
1996 2020 2111 2090 spi-

539 2101 792 2154 raculum
815 2102 962 2171 vitae,
997 2103 1246 2176 etractus
1277 2100 1361 2162 εει
1381 2107 1545 2162 homo
1576 2108 1630 2163 in
1653 2110 1892 2180 animam
1925 2113 2114 2166 viven-

540 2202 648 2248 tem
671 2193 737 2246 ⁸⁸.
781 2212 800 2244 ι
835 2193 974 2248 Cum
1011 2204 1192 2252 autem
1224 2197 1296 2252 ob
1326 2201 1830 2269 transgressionem
1889 2203 2116 2271 punitus

540 2283 726 2349 fuerit,
764 2303 783 2336 ι
833 2283 1124 2360 Τεντερε,
1178 2295 1234 2343 ct
1290 2289 1345 2342 in
1407 2298 1610 2344 terram
1662 2291 1958 2347 reverteris
1981 2294 2049 2357 δ’,
2089 2311 2108 2345 ι

535 2376 658 2445 jure
697 2383 830 2450 tunc
859 2379 1116 2450 audiens,
1151 2379 1331 2452 gratia
1354 2380 1593 2438 nudatus
1618 2390 1727 2452 cst,
1759 2391 1866 2456 et_a
1895 2392 2113 2440 terrena

538 2482 704 2524 carne
768 2471 997 2525 recessit
1043 2471 1383 2540 spiraculum
1418 2473 1566 2538 vitae,
1603 2475 1706 2533 hoc
1759 2488 1842 2541 est
1877 2476 2117 2547 Spiritus

539 2560 662 2629 ejus
702 2563 805 2632 qui
849 2563 1025 2629 dicit:
1060 2582 1091 2634 ι,
1115 2563 1228 2634 Ego
1261 2581 1400 2636 sum,
1420 2567 1534 2621 vita
1557 2569 1624 2632 “,
1662 2587 1680 2620 ι
1709 2575 1762 2630 et
1819 2571 2024 2641 animal
2060 2572 2120 2642 in_

543 2643 775 2719 mortem
807 2670 902 2724 per
940 2655 1113 2727 solam
1159 2672 1403 2728 carnem,
1448 2659 1647 2733 incidit
1711 2662 2119 2733 immortalitate

541 2746 741 2801 anima!
774 2755 1016 2814 servata,
1047 2749 1311 2818 quoniam
1341 2751 1408 2806 ad
1441 2751 1612 2823 solam
1645 2769 1869 2817 carnem
1900 2771 2120 2829 quoque

541 2834 747 2890 dictum
769 2845 888 2892 est:
927 2856 946 2898 ι
987 2835 1160 2911 Terra
1193 2854 1276 2907 es,
1310 2850 1365 2896 et
1396 2841 1451 2896 in
1492 2850 1698 2910 terram
1733 2829 2067 2911 reverterisa
2091 2863 2112 2897 ι

541 2927 802 2998 Oportuit
830 2945 964 3001 ergo
1000 2931 1055 2986 id
1085 2933 1231 3002 quod
1256 2933 1312 2987 in
1347 2933 1571 3004 homine
1605 2937 1853 3006 periculo
1881 2939 2120 3008 maxime

541 3021 839 3076 obnoxium
873 3030 1014 3088 erat,
1051 3025 1465 3100 quamprimum
1515 3032 1747 3093 servari,
1793 3038 1848 3084 et
1881 3031 2120 3098 conjun-

547 3111 730 3167 ctione
759 3127 884 3166 cum
916 3115 1158 3168 naturali
1196 3115 1308 3169 vita
1334 3115 1402 3171 ad
1449 3116 1910 3188 immortalitatem
1963 3135 2119 3186 revo-g

545 3202 680 3254 cari.
717 3200 973 3272 Oportuit
1005 3204 1056 3259 id
1074 3205 1222 3276 quod
1247 3221 1450 3278 aegrum
1479 3216 1622 3280 erat,
1642 3210 1834 3265 morbo
1863 3209 2114 3282 liberari:

543 3292 801 3365 Oportuit
835 3311 1054 3353 cessare
1089 3297 1309 3355 tandem
1345 3299 1520 3357 illud:
1561 3320 1580 3354 ι
1620 3300 1790 3370 Terra
1825 3320 1907 3370 es,
1957 3314 2019 3370 et,
2064 3307 2120 3378 in

544 3395 748 3454 terram
795 3391 1109 3458 reverteris,
1144 3409 1163 3442 ι
1207 3390 1392 3448 Verbo
1427 3393 1690 3464 nimirum
1726 3399 1909 3458 omnia
1943 3400 2122 3466 viviti-

544 3479 689 3532 canti
755 3479 1020 3536 iueli‘abili
1079 3483 1298 3540 ratione
1353 3500 1590 3555 corpore.
1646 3488 1795 3556 quod
1845 3491 2124 3560 ceciderat

547 3571 722 3626 unilo.
750 3570 986 3626 Decebat
1009 3575 1212 3644 quippe
1231 3591 1480 3638 carnem,
1505 3585 1798 3647 postquam
1825 3579 1946 3654 ejus
1981 3580 2123 3635 facta

547 3670 716 3726 esset,
754 3663 1191 3718 immortalitatis
1221 3666 1398 3734 ipsius
1429 3668 1546 3721 fieri
1571 3669 1916 3739 participem.
1939 3669 2126 3742 Neque

554 3755 700 3808 enim
728 3764 1159 3810 c-utsenlanettm
1187 3766 1336 3811 esset
1366 3756 1547 3826 ignem
1573 3759 1794 3817 virtutis
1825 3778 1937 3818 suae
1966 3772 2128 3822 natu-

551 3845 687 3898 ralis
711 3845 1029 3914 qualitatem
1079 3847 1394 3918 seusibilem
1433 3849 1756 3920 imprimere
1808 3869 1967 3923 posse
2007 3872 2112 3910 ma-

551 3935 724 4005 teriae,
765 3950 936 4006 eaque
981 3938 1376 4008 prepemndum
1429 3940 1483 4001 in
1527 3957 1587 3997 se
1623 3950 2020 4013 transmutare,
2072 3948 2126 4002 in

553 4026 755 4100 quibus
793 4035 877 4081 est
911 4044 1006 4098 per
1034 4031 1515 4102 participationem
1549 4055 1561 4090 :
1590 4036 1911 4092 existimare
1944 4046 2128 4094 autem

554 4116 648 4171 Dei
677 4117 913 4172 Verbum
949 4121 1094 4191 quod
1127 4124 1342 4178 excedit
1367 4128 1575 4192 Omnia,
1607 4128 1798 4198 utique
1825 4143 1936 4183 non
1971 4144 2131 4199 posse

551 4211 836 4285 proprium
861 4214 966 4284 sibi
993 4229 1056 4280 ac
1096 4219 1346 4286 naturale
1383 4217 1610 4282 bonum,
1644 4220 1812 4276 vitam
1847 4220 2128 4286 nimirum,

549 4303 700 4357 carni
738 4303 955 4378 indere.
1015 4306 1126 4362 llac
1179 4308 1350 4380 igitur
1381 4311 1618 4366 maxime
1651 4311 1718 4372 de
1775 4327 1944 4370 causa
1997 4320 2132 4383 puto

551 4404 803 4448 sanctum
857 4397 1252 4466 evangelistam
1293 4414 1323 4452 a
1355 4409 1511 4469 parte
1551 4390 1744 4457 alie-cia
1782 4404 2128 4472 potissimum

2209 1925 2287 1996 τῷ
2335 1923 2497 1996 Θεῷ)⁶
2523 1923 2987 1994 κατεσφραγίζετο
3030 1922 3107 1994 τῷ
3156 1921 3426 1994 πνεύματι
3473 1922 3576 1992 τῆς
3621 1920 3792 1991 ζωῆς,

2216 2017 2395 2086 σχέσει
2421 2018 2487 2087 τῇ
2514 2014 2646 2084 πρὸς
2672 2014 2802 2068 Θεὸν
2823 2015 2992 2068 ἀποκε
3003 2014 3226 2086 ρδαίνων
3255 2015 3316 2067 τὸ
3349 2015 3485 2085 ὑπὲρ
3510 2013 3608 2084 τὴν
3630 2013 3793 2082 φύσιν

2215 2105 2450 2176 ἀγαθόν·
2493 2123 2512 2155 ι
2552 2105 2881 2176 Ἐνεφύσησε
2911 2105 3053 2178 γὰρ,
3089 2105 3281 2178 φησὶν,
3315 2105 3394 2168 εἰς
3415 2105 3476 2157 τὸ
3504 2105 3795 2175 πρόσωπον

2215 2196 2379 2251 αὑτοῦ
2422 2191 2587 2266 πνοήν
2616 2196 2788 2266 ζωῆς,
2823 2201 2917 2251 καὶ
2953 2197 3170 2268 ἐγένετο
3197 2199 3226 2250 ὁ
3257 2196 3541 2268 ἄνθρωπος
3584 2197 3662 2258 εἰς
3691 2195 3797 2264 ψυ-

2215 2287 2315 2359 χὴν
2337 2287 2516 2352 ζῶσαν
2539 2303 2553 2318 ·
2587 2305 2605 2337 ι
2636 2287 2900 2358 ἐπειδὴδὲ
2925 2290 3012 2342 διὰ
3034 2289 3131 2361 τὴν
3153 2288 3463 2360 παράϐασιν
3484 2285 3796 2351 ἐκολάζετο,

2217 2379 2296 2444 τὸ,
2349 2398 2366 2430 ι
2396 2379 2471 2449 Γῆ
2502 2378 2586 2442 εἷ,
2637 2378 2730 2432 καὶ
2765 2381 2845 2442 είς
2881 2379 2985 2450 γῆν
3017 2379 3288 2451 ἀπελεύση
3309 2418 3325 2444 ,
3354 2397 3372 2431 ι
3422 2378 3543 2432 τότε
3574 2377 3799 2440 δικαίως

2217 2469 2430 2539 ἀκούων
2485 2468 2857 2540 ἀπεγνμνὼθη
2895 2470 2992 2540 τῆς
3033 2469 3256 2542 χάριτος
3279 2487 3294 2501 ο
3355 2470 3690 2523 ἀπανίστατο
3740 2469 3800 2520 δὲ

2216 2561 2312 2631 τῆς
2347 2561 2539 2632 γηῒνης
2575 2560 2830 2632 σαρκὺςή
2865 2561 3000 2630 πνοὴ
3041 2561 3142 2630 τῆς
3167 2560 3332 2631 ζωῆς,
3368 2561 3511 2614 τοῦτ’
3541 2560 3688 2623 ἐστι,
3737 2559 3802 2612 τὸ

2219 2652 2440 2723 Πνεῦμςι
2463 2637 2555 2720 τί)ῖί
2583 2643 2866 2723 λέῒοντοςν,
2900 2671 2933 2712 ί.
2977 2651 3118 2722 Ἐγώ
3150 2654 3265 2723 εἶμι
3297 2654 3330 2724 ἡ
3368 2652 3502 2724 ζωὴ,
3535 2672 3553 2704 ι
3590 2653 3686 2706 καὶ
3711 2652 3803 2704 πί-

2218 2761 2340 2815 πτει
2379 2743 2439 2795 τὸ
2471 2743 2716 2813 ζῶον-εἰς
2755 2743 2982 2810 θάνατον
3009 2743 3095 2798 διὰ
3122 2745 3288 2825 μόνης
3317 2747 3415 2822 τῆς
3443 2744 3664 2815 σαρκὸς,
3697 2761 3805 2797 σω-

2219 2835 2451 2910 ζομένης
2479 2837 2538 2888 ὲν
2565 2834 2950 2908 ἀθανασίᾳτῆς
2973 2834 3172 2906 ψυχῆς,
3193 2825 3316 2905 ἐπεὶ
3341 2837 3434 2890 καὶ
3471 2836 3606 2910 πρὸς
3633 2835 3806 2909 μόνην

2219 2916 2404 2996 εἴρητο
2431 2911 2537 2996 ’τὴν
2569 2926 2745 2996 σάρκα
2770 2943 2784 2956 ·
2827 2945 2844 2976 ι
2879 2915 2956 2995 Γῆ
2986 2913 3055 2989 έϊ,
3091 2927 3184 2979 καὶ
3208 2926 3288 2989 εἰς
3314 2927 3427 2996 γῆν,
3447 2925 3748 3000 ἀπελεύσῃ.
3781 2944 3800 2978 ι

2225 3019 2375 3074 Ἔδει
2416 3017 2594 3070 τοίνυν
2625 3017 2686 3070 τδ
2738 3007 2973 3089 μάλιστα
3007 3016 3358 3085 κινδννεῦσαν
3407 3019 3465 3070 ὲν
3489 3017 3640 3088 ἡμῖν,
3672 3033 3807 3088 γορ-

2221 3107 2446 3181 γότερον
2479 3105 2889 3184 ἀνασώζεσθαι,
2939 3107 3035 3168 καὶ
3063 3107 3352 3179 συμπλοκῇ
3393 3108 3551 3162 πάλιν
3573 3111 3638 3180 τῇ
3666 3108 3806 3180 πρὸς

2222 3187 2365 3268 ζωὴν
2387 3199 2486 3270 τὴν
2507 3199 2648 3253 κατά
2679 3198 3276 3269 φύσινιάνακαλεῖσθαι
3309 3199 3444 3270 πρὸς
3475 3200 3804 3272 ἀφθαρσίαν.

2225 3275 2372 3361 Ἔδει
2399 3275 2458 3360 τό
2483 3280 2774 3355 πεπονθὸς,
2821 3289 2972 3342 λύσιν
3007 3288 3260 3359 εὑρέσθαι
3295 3289 3389 3342 τοῦ
3415 3291 3609 3345 κακοῦ.
3658 3293 3810 3347 Ἔδει

2220 3380 2402 3451 λοιπὸν
2429 3380 2687 3450 ἀτονῆσαι
2739 3379 2819 3443 τὸ,
2853 3398 2870 3429 ι
2901 3380 2976 3449 Γῆ
3005 3373 3074 3444 εἰ,
3097 3379 3192 3432 καὶ
3221 3381 3302 3443 εἰς
3328 3381 3431 3452 γῆν
3459 3382 3759 3456 ἀπελεύσῃ.
3783 3401 3804 3437 ι

2223 3471 2515 3535 ὲνωθέντος
2559 3472 2852 3544 ἀφράστως
2884 3470 2979 3524 τοῦ
3011 3474 3415 3545 προσπεσόντος
3448 3476 3697 3546 σώματος
3732 3477 3810 3547 τῷ

2225 3571 2400 3625 πάντα
2429 3571 2782 3641 ζωογονοῦντι
2809 3571 2984 3642 Λόγῳ.
3019 3572 3204 3644 Σάρκα
3230 3569 3339 3640 γὰρ
3376 3569 3482 3621 ἔδει
3512 3569 3811 3638 γενομένην

2225 3659 2414 3726 αὑτοῦ,
2447 3661 2548 3730 τῆς
2579 3662 2672 3714 ἀπ’
2701 3661 2866 3716 αὐτοῦ
2897 3663 3185 3732 μετασχεῖν
3212 3659 3510 3721 ἀθανασίας
3529 3675 3544 3689 ο
3580 3658 3672 3710 καὶ
3701 3660 3814 3728 γὰρ

2228 3752 2294 3806 ἂν
2324 3753 2406 3824 είη
2437 3751 2546 3805 τῶν
2568 3753 2932 3808 ἀτοπωτάτων
2978 3753 3039 3806 τὸ
3072 3753 3169 3823 μὲν
3207 3751 3317 3824 πῦρ
3348 3752 3614 3806 ἐντιθέναι
3653 3751 3817 3803 δύνα-

2231 3843 2354 3898 σθαι
2402 3845 2520 3908 ταῖς
2553 3843 2734 3908 ὕλαις,
2788 3845 2882 3899 καὶ
2926 3845 3067 3901 κατά
3119 3843 3277 3914 φύσιν
3323 3844 3472 3914 αῦτῷ
3505 3843 3819 3915 προσούσης

2229 3936 2513 4008 ἐνεργείας
2545 3937 2644 4007 τὴν
2675 3937 2733 4002 ὲν
2766 3937 3013 4012 αἰσθήσει
3057 3937 3315 4010 ποιότητα
3338 3977 3353 4001 ,
3395 3937 3490 3990 καὶ
3531 3937 3820 4007 μονονουχὶ

2231 4027 2659 4100 μετασκευάζειν
2712 4030 2792 4092 εἰς
2829 4029 2988 4096 ἑαυτὸ
3033 4028 3099 4083 τὰ
3129 4029 3188 4099 ἐν
3218 4023 3298 4092 οἷς
3342 4028 3654 4098 ἀν,γένοιτο
3685 4028 3820 4099 μεθ-

2230 4119 2404 4185 εκτῶς
2423 4137 2438 4150 ο
2475 4120 2568 4174 τὸν
2597 4121 2656 4192 δὲ
2677 4121 2818 4191 ὑπὲρ
2854 4121 3029 4190 πάντα
3056 4119 3151 4173 τοῦ
3181 4119 3316 4174 Θεοῦ
3346 4120 3538 4186 Λόγον,
3573 4119 3648 4190 μὴ
3677 4120 3819 4172 πάν-

2230 4231 2337 4277 τως
2364 4212 2592 4278 οῐεσθαι,
2634 4212 2707 4278 τὸυ
2719 4211 2849 4267 ἴδιον
2895 4211 3094 4280 ἀγαθὸν
3123 4210 3507 4282 ἐνεργάζεσθαι
3534 4213 3601 4281 τῇ
3631 4210 3816 4282 σαρκὶ,

2233 4303 2376 4376 τοῦτξ
2409 4305 2558 4376 εστι²
2612 4303 2712 4373 τὴν
2767 4301 2932 4373 ζωήν.
2977 4301 3196 4375 Ταύτης
3245 4297 3337 4356 οῦν
3372 4297 3526 4371 οἴμαι
3579 4299 3820 4371 μάλιστα

2233 4397 2342 4470 τῆς,
2385 4397 2563 4460 αἰτίας
2597 4395 2758 4449 ἕνεκα
2795 4395 2887 4448 τὸν
2916 4395 3070 4464 ἅγιον
3099 4394 3520 4466 εὐαγγελιστὴν,
3577 4393 3686 4446 ἀπὸ
3721 4391 3824 4445 τοῦ·

552 4485 776 4538 animali
803 4485 1134 4557 signiﬁcato,
1160 4489 1367 4545 dixisse
1396 4506 1619 4556 carnem
1653 4492 1856 4550 factum
1891 4511 2014 4554 esse
2037 4494 2120 4549 Dei

2235 4488 2496 4550 παθόντος
2526 4486 2760 4556 μάλιστα
2796 4487 2856 4538 τὸ
2895 4485 3030 4550 ζῶον
3061 4485 3389 4554 σημαίνοντα
3411 4524 3424 4548 ,
3445 4483 3644 4554 -σὰρκα
3670 4482 3822 4550 γενέ-

554 4573 816 4636 Verbum.
866 4586 924 4630 ut
959 4593 1069 4630 una
1118 4589 1444 4646 cerneretur
1482 4582 1685 4641 vulnus
1713 4591 1767 4635 et
1801 4583 2128 4646 remedium,

552 4682 693 4737 agger
731 4676 786 4721 ct
814 4668 1082 4733 medicus,
1115 4671 1271 4740 quod,
1305 4673 1356 4725 in
1390 4681 1620 4740 mortem
1669 4674 1985 4742 prolapsum
2023 4685 2143 4746 est,

553 4771 602 4812 et
639 4761 733 4828 qui
769 4761 1036 4813 excitavit
1077 4760 1142 4813 ad
1179 4763 1368 4827 vitam,
1397 4763 1543 4832 quod
1568 4763 1907 4833 corruptioni
1937 4766 2127 4831 cessit,

553 4858 610 4902 et
641 4849 735 4918 qui
770 4852 1180 4918 corruptionem
1219 4865 1456 4917 amovet,
1495 4854 1641 4925 quod
1678 4868 1854 4909 morte
1896 4872 2130 4929 supera-

556 4949 672 4994 tum
703 4947 808 5005 est,
843 4950 896 4996 et
922 4942 1016 5011 qui
1053 4954 1231 4998 morte
1266 4948 1521 5016 superior
1550 4955 1651 5010 est,
1684 4948 1831 5017 quod
1874 4949 2130 5018 orbatum

555 5034 798 5101 estvita.
823 5042 878 5089 et
909 5036 999 5104 qui
1029 5038 1193 5090 vitam
1239 5038 1494 5109 largitur.
1547 5039 1665 5095 Non
1695 5049 1879 5094 autem
1935 5042 2012 5094 ait
2065 5043 2137 5109 ad

557 5139 779 5186 carnem
813 5123 1053 5189 Verbum
1092 5129 1332 5193 venisse,
1365 5129 1459 5184 sed
1493 5145 1716 5184 carnem
1752 5132 1958 5196 factum
1987 5146 2132 5198 esse,

558 5229 626 5280 ne
651 5214 996 5288 habitudine,
1019 5218 1165 5271 sicut
1187 5219 1240 5271 in
1273 5220 1590 5290 prophetas.
1623 5231 1713 5273 aut
1745 5232 1967 5276 sanctos
1999 5222 2135 5283 alios

561 5305 741 5377 ipsum
774 5308 988 5374 venisse
1033 5311 1361 5378 suspiceris,
1414 5313 1510 5382 sed
1549 5328 1738 5370 revera
1776 5328 1998 5378 carnem
2056 5311 2136 5366 Γει-

559 5406 704 5450 ctum
738 5414 884 5463 esse,
919 5399 972 5452 id
1015 5409 1098 5454 est
1125 5401 1401 5458 hominem
1430 5423 1442 5459 :
1489 5405 1591 5458 hoc
1621 5404 1764 5464 enim
1802 5405 1964 5459 modo
1995 5405 2138 5468 dixi.

561 5503 702 5543 tuus.
746 5490 1017 5556 Quocirca
1048 5493 1212 5548 etiam
1254 5493 1397 5550 Deus
1426 5504 1509 5552 est
1535 5495 1838 5551 secundum
1876 5505 2132 5550 naturam

563 5581 617 5634 in
647 5595 834 5648 carne,
858 5592 912 5637 et
957 5600 1081 5639 cum
1117 5601 1306 5655 carne,
1337 5587 1539 5666 quippe
1579 5589 1672 5660 qui
1713 5589 1990 5660 propriam
2025 5587 2130 5642 sibi

645 5751 908 5820 "Juctt',
970 5761 1036 5815 ‘23
1142 5763 1242 5812 HT.

2239 4581 2362 4640 σθαι
2393 4580 2483 4632 τὸν
2505 4578 2598 4631 τοῦ
2626 4576 2759 4630 Θεοῦ
2783 4576 2954 4644 Λόγον
2984 4577 3158 4647 εἰπεῖν
3186 4591 3200 4605 ·
3242 4575 3536 4646 ἴνα-θεωρῇ
3566 4591 3651 4636 τις
3681 4573 3819 4641 ὁμοῦ

2235 4674 2298 4730 τὸ
2358 4673 2580 4744 τρᾳῦμα
2642 4671 2737 4743 καὶ
2774 4671 2834 4721 τὸ
2883 4670 3206 4740 φάρμακον,
3246 4669 3306 4721 τὸ
3357 4667 3546 4721 νοσοῦν
3591 4669 3685 4721 καὶ
3727 4669 3822 4720 τὸν

2240 4763 2452 4834 ἰατρὸν,
2489 4763 2548 4814 τὸ
2581 4761 2903 4833 κεκλιμένον
2933 4764 3013 4824 είς
3065 4759 3293 4813 θάνατον
3337 4758 3431 4812 καὶ
3458 4759 3548 4813 τὸν
3577 4760 3824 4829 ἐγείραν-

2234 4873 2302 4908 τα
2333 4854 2466 4923 πρὸς
2513 4853 2676 4924 ζωὴν,
2707 4854 2766 4906 τὸ
2809 4854 2982 4924 φθορᾷ
3013 4851 3367 4924 νενικημένον
3402 4851 3495 4905 καὶ
3531 4853 3621 4906 τὴν
3658 4853 3822 4905 ἐλαύ-

2237 4963 2394 5010 νοντα
2420 4945 2518 5016 τὴν
2558 4943 2763 5016 φθοράν
2783 4985 2798 5010 ,
2835 4945 2895 4998 τὸ
2919 4945 3133 5012 θανάτῳ
3173 4942 3443 5022 κρατηθὲν
3477 4943 3571 5010 καὶ
3599 4943 3693 4996 τοῦ
3719 4943 3818 4996 θα-

2237 5037 2396 5111 νάτου
2437 5036 2528 5091 τὸν
2560 5037 2865 5107 κρείττονα,
2894 5035 2986 5089 τὸν
3025 5033 3171 5104 ζωῆς
3201 5034 3566 5115 ἐστερημένον
3611 5035 3822 5090 καὶτὸν

2238 5128 2470 5200 χορηγὸν
2502 5127 2603 5198 τῆς
2625 5127 2789 5198 ζωῆς.
2842 5127 2955 5181 Οὐκ
3004 5126 3083 5190 εἰς
3119 5124 3298 5195 σάρκα
3328 5126 3384 5178 δὲ
3420 5125 3510 5182 τὸν
3538 5125 3714 5193 Λόγον
3740 5126 3830 5178 ἐλ-

2238 5221 2368 5284 θεῖν,
2394 5219 2528 5274 ἀλλά
2557 5219 2732 5292 σάρκα
2754 5219 3004 5288 γενέσθαι
3037 5218 3223 5289 φησιν,
3254 5217 3341 5272 ἵνα
3374 5217 3448 5288 μὴ
3479 5217 3736 5288 καθάπερ
3763 5221 3817 5271 ἓν

2250 5313 2550 5382 προφήταις
2579 5311 2758 5385 τυχὸν,
2785 5311 2816 5380 ἢ
2841 5310 2931 5363 καί
2950 5310 3156 5381 ἑτέροις
3184 5309 3292 5362 τῶν
3318 5310 3488 5378 ἁγίων
3521 5311 3663 5362 τισὶν
3703 5313 3829 5362 ὲπι-

2246 5405 2492 5474 φοιτῆσαι
2520 5402 2782 5474 σχετικῶς
2810 5402 3086 5472 ὑπολάϐῃς
3115 5403 3275 5472 αῦτδν
3297 5444 3308 5466 ,
3365 5401 3479 5454 ἀλλ’
3525 5403 3658 5468 αὐτὸ
3685 5402 3830 5456 κατὰ

2243 5495 2498 5566 ἀλήθειαν
2549 5494 2802 5562 γενέσθαι
2841 5494 3047 5565 σάρκα,
3085 5493 3230 5560 τοῦτ’
3260 5493 3437 5558 ἔστιν,
3492 5493 3784 5562 ἄνθρωπον
3810 5508 3824 5524 ·
3919 5530 3932 5534 -

2241 5589 2397 5640 τοῦτο
2417 5585 2524 5656 γὰρ
2547 5584 2750 5644 dimico;
2784 5583 3041 5652 ἐλέγομεν
3068 5599 3080 5615 ο
3117 5583 3203 5636 διὰ
3231 5581 3386 5636 τοῦτο
3418 5583 3509 5636 καὶ
3545 5582 3679 5646 Θεός
3711 5581 3829 5636 ἐστι

1231 5763 1335 5820 Ian.
1379 5780 1437 5830 ll,
1479 5775 1524 5825 τ.
1604 5764 1647 5796 ⁵⁸
1690 5767 1822 5822 Cra.
1863 5781 1946 5830 ιιι,
1987 5768 2068 5818 ιιι.
2149 5764 2189 5794 ⁸⁸
2223 5763 2372 5820 leua.
2416 5780 2524 5825 xlv,
2556 5761 2606 5815 6.
