4092 6274
329 285 421 343 liii
1397 276 1462 332 ΙΝ
1494 276 1780 333 JOANNIS
1819 275 1945 332 EVA

1977 276 2270 334 scmuu
2309 275 2434 332 Lm.
2473 277 2514 330 ι.
3476 235 3593 331 ἰεε

323 396 469 450 κατὰ
517 393 682 465 φύσιν
726 393 785 447 ἐν
817 391 1003 465 σαρκὶ,
1035 390 1131 445 καὶ
1169 389 1307 462 μετὰ
1358 390 1561 462 σαρκὸς
1585 431 1601 458 ,
1658 391 1734 454 ὡς
1776 391 1914 445 ἰδίαν

1977 428 1987 458 λ
2019 391 2172 446 illam
2198 374 2420 457 habeat,
2453 397 2509 446 et
2533 395 2716 444 tamen
2745 395 2805 442 ut
2825 387 2976 443 aliud
2997 388 3129 459 quid
3164 388 3503 462 intelligatur
3524 392 3593 446 ab

326 489 466 560 ἔχων
491 485 683 558 αὐτὴν,
718 484 813 540 καὶ
838 485 914 549 ὡς
944 483 1130 555 ἕτερόν
1155 500 1207 537 τι
1237 484 1368 555 παρ’
1401 483 1572 556 αὐτὴν
1602 483 1912 554 νοούμενος,

2016 485 2158 556 ipsa,
2177 483 2305 539 etin
2325 483 2465 553 ipsa,
2494 489 2661 552 atque
2689 497 2814 536 cum
2840 483 2960 552 ipsa
2980 482 3261 545 adoretur,
3272 482 3430 552 juxta
3460 484 3592 539 illud

327 582 424 635 καὶ
453 581 512 634 ἐν
541 580 679 650 αὐτῇ
710 579 803 632 καὶ
841 577 938 630 σὺν
963 576 1102 646 αὐτῇ
1131 573 1606 646 προσκυνούμενος
1627 613 1643 639 ,
1681 575 1824 629 κατά
1854 573 1918 628 τὸ

2017 573 2177 629 Isaiae
2208 572 2418 628 dictum
2448 590 2462 626 :
2511 590 2530 623 ι
2568 569 2685 626 Viri
2714 571 2916 628 excelsi
2956 571 3026 626 ad
3063 581 3117 626 te
3174 573 3512 637 transibunt,
3540 582 3596 628 et

327 673 387 728 ὲν
424 671 506 742 τῷ
538 670 792 741 προφήτῃ
826 665 1080 737 κείμενον
1123 666 1322 737 Ἠσαίᾳ
1347 682 1360 696 ·
1405 683 1424 717 ι
1457 665 1682 736 ’Ἄνδρες
1721 662 1918 736 ὑψηλοὶ

2019 666 2097 718 ιιιὶ
2134 673 2298 720 erunt
2328 663 2498 730 servi,
2517 673 2569 719 et
2590 674 2717 734 post
2741 672 2795 720 te
2822 672 3123 734 sequentur
3139 664 3309 718 vincti
3340 665 3593 729 manicis,

327 763 424 816 ἐπὶ
447 761 507 814 σὲ
535 759 901 830 διαϐήσονται,
938 757 1034 810 καὶ
1067 756 1151 809 σοὶ
1189 755 1403 810 ἔσονται
1429 753 1641 818 δοῦλοι,
1670 754 1765 809 καὶ
1796 751 1918 807 όπί-

2020 758 2134 830 96
2161 767 2214 813 et
2246 757 2555 813 adorabunt
2585 763 2661 821 te,
2693 763 2748 812 et
2776 757 2833 811 in
2860 764 2915 810 te
2943 756 3198 821 orabunt,
3235 756 3495 826 quoniam
3539 757 3593 812 in

331 862 412 901 σω
459 863 551 900 σου
591 842 1022 914 ἀκολουθήσουσι
1062 843 1336 914 δεδεμένοι
1377 841 1760 912 χειροπὲδαις,
1820 841 1918 897 καὶ

2018 859 2073 906 te
2105 858 2190 906 est
2213 848 2382 914 Deus,
2414 857 2468 905 et
2499 865 2610 904 non
2643 856 2730 903 est
2771 847 2916 904 Deus
2974 855 3173 918 praeter
3205 856 3258 903 te
3280 848 3345 901 ".
3395 867 3414 899 ι
3454 846 3596 904 Ecce

331 935 766 1011 προσκυνήσουσί
797 952 910 998 σοι,
969 934 1062 987 καὶ
1097 936 1156 987 ὲν
1190 934 1273 986 σοὶ
1301 933 1713 1004 προσεύξονται,
1739 934 1822 986 ὅτι
1858 933 1917 987 ὲν

2020 942 2195 998 Deum
2241 943 2406 998 etiam
2445 942 2498 995 in
2555 941 2676 1012 ipso
2707 955 2832 996 esse
2879 943 3060 1005 aiunt,
3116 957 3226 995 non
3276 952 3596 1012 separantes

330 1032 413 1083 σοὶ
443 1025 625 1092 δ”Θεός
659 1030 796 1092 ἐστι,
827 1025 922 1079 καὶ
953 1027 1053 1080 οὐκ
1080 1025 1196 1079 ἔστι
1227 1025 1360 1089 Θεδς
1391 1025 1533 1095 πλὴν
1562 1024 1678 1078 σοῦ.
1714 1044 1734 1078 ›
1784 1024 1916 1079 Ἰδοὺ

2019 1050 2246 1090 carnem
2282 1049 2313 1088 a
2346 1031 2565 1088 Verbo:
2602 1042 2657 1087 et
2693 1047 2886 1088 rursus
2918 1032 3092 1086 alium
3125 1046 3236 1086 non
3267 1048 3389 1089 esse
3422 1031 3593 1088 Deum

318 1121 424 1175 καὶ
468 1123 526 1175 ὲν
554 1118 703 1190 αὐτῷ
733 1119 864 1172 Θεὸν
890 1113 1032 1172 εἷναί
1068 1134 1240 1187 φασι,
1299 1117 1374 1188 μὴ
1411 1115 1787 1179 ὰποδιελόντες
1816 1113 1912 1169 τοῦ

2017 1133 2220 1196 praeter
2279 1125 2460 1194 ipsum
2527 1123 2881 1189 confirmant,
2941 1124 3349 1196 conjungentes
3413 1121 3595 1181 Verbo

330 1213 507 1281 Λόγου
536 1210 636 1282 τὴν
679 1209 861 1281 σάρκα
883 1227 897 1241 ·
937 1209 1035 1263 καὶ
1067 1208 1231 1262 πάλιν
1269 1208 1368 1260 οὐκ
1398 1202 1538 1262 εἶναι
1575 1207 1762 1276 ἕτερον
1783 1201 1916 1259 Θεὸν

2017 1227 2325 1288 gestamen,
2368 1225 2426 1270 ut
2453 1215 2574 1286 ejus
2627 1216 2937 1286 proprium,
2970 1217 3231 1287 templum
3287 1216 3499 1272 scilicet
3526 1231 3596 1272 ex

331 1304 473 1376 πλὴν
507 1301 671 1358 αὐτοῦ
713 1300 1114 1372 διισχυρίσαντο
1131 1341 1145 1367 ,
1174 1299 1420 1364 ἑνοῦντες
1441 1298 1519 1370 τῷ
1547 1299 1704 1369 Λόγῳ
1727 1297 1789 1352 τὸ
1820 1314 1918 1368 φο-

1835 1314 1918 1368 ρο-
2018 1303 2273 1379 Virgine:
2316 1322 2462 1362 unus
2485 1308 2634 1362 enim
2660 1322 2727 1363 ex
2759 1291 3027 1364 ambobus
3056 1306 3315 1364 Christus
3347 1315 3451 1364 est.

336 1394 429 1466 ρού
439 1411 619 1465 μενον,
643 1393 719 1458 ὡς
747 1393 878 1446 ἴδιον
905 1391 1094 1460 αὐτοῦ,
1124 1391 1267 1445 τοῦτ’
1294 1391 1410 1450 ἐστι
1430 1391 1522 1446 τὸν
1548 1391 1612 1444 ὲκ
1635 1389 1917 1462 Παρθένου

333 1486 460 1539 ναόν
482 1504 496 1517 ·
531 1479 610 1548 εἷς
635 1485 744 1555 γάρ
772 1485 831 1550 ἐξ
861 1484 1064 1554 ἀμφοῖν
1100 1487 1128 1536 ό
1157 1483 1413 1554 Χριστός.
2084 1556 2091 1564 1

404 1573 517 1629 Καὶ
544 1572 900 1642 ἐσκήνωσεν
925 1573 996 1626 ἐν
1032 1572 1196 1643 ἡμῖν.
2007 1614 2012 1620 .

2007 1614 2012 1620 .
2082 1568 2128 1636 Ι,
2164 1570 2253 1626 ﬂ.
2291 1567 2362 1624 Et
2391 1570 2651 1625 habitavit
2677 1571 2733 1625 in
2753 1571 2925 1628 nobis.

418 1665 877 1736 Ἐπεξεργάζεται
921 1665 1210 1736 χρησίμως
1252 1665 1314 1718 τὸ
1365 1666 1654 1738 εἰρημένον
1696 1651 1918 1736 δεΰαγ-
1953 1737 1967 1738 7

2087 1661 2337 1734 Explicat
2367 1663 2620 1734 pluribus
2662 1663 2846 1718 verbis
2875 1663 3218 1734 evangelista
3251 1662 3396 1732 quod
3430 1647 3588 1726 dixit,

339 1759 612 1830 γελιστὴς,
634 1757 728 1810 καὶ
755 1759 834 1822 εἰς
854 1758 1265 1831 ἐμφανεστέραν
1291 1737 1674 1826 ἄγειδιάνοιαν
1694 1758 1791 1830 τὴν
1818 1757 1913 1812 τοῦ
1947 1737 1955 1796 Ῑ

1974 1739 1990 1795 ι
2026 1761 2192 1824 atque
2217 1756 2372 1811 Suam
2405 1755 2736 1811 sententiam
2770 1755 2975 1810 clarius
3003 1755 3247 1824 exponit.
3283 1755 3415 1809 (lum
3445 1757 3590 1810 enim

341 1850 699 1922 θεωρήματος
720 1847 949 1918 δύναμιν
970 1865 986 1880 ο
1009 1847 1194 1919 ἐπειδὴ
1223 1849 1332 1921 γὰρ
1355 1849 1457 1922 ἔφη
1486 1850 1665 1921 σάρκα
1689 1849 1914 1920 γεγενῆ.

2021 1844 2225 1900 dixerit
2245 1847 2478 1902 carnem
2509 1845 2716 1902 factum
2755 1862 2880 1902 esse
2933 1847 3031 1902 Dei
3065 1845 3332 1912 Verbum,
3373 1862 3440 1901 ne
3469 1847 3592 1916 quis

343 1941 466 1994 σθαι
498 1941 590 1992 τὸν
621 1938 716 1991 τοῦ
748 1937 881 1991 Θεοῦ
898 1937 1093 2006 Λόγον,
1127 1938 1213 1992 ἵνα
1242 1941 1318 2010 μή
1349 1957 1430 2003 τις
1452 1941 1518 1994 ἐκ
1546 1939 1741 2010 πολλῆς
1771 1940 1914 2009 ἁμα-

2012 1939 2248 2010 .propria
2281 1940 2462 2010 ipsum
2494 1949 2693 1994 natura
2729 1938 3008 1995 excidisse
3052 1939 3382 1994 stultissime
3411 1939 3592 2009 διιερὶ-

340 2033 461 2095 θίας
515 2031 615 2100 τῆς
659 2029 760 2100 μὲν
797 2030 930 2092 ἰδίας
977 2029 1140 2082 αὑτὸν
1181 2030 1439 2084 ὑπολάϐοι
1473 2032 1686 2101 φύσεως
1720 2031 1913 2102 ἐκδραο

2016 2038 2262 2094 caretur,
2298 2037 2354 2087 et
2401 2032 2457 2086 in
2494 2037 2726 2087 carnem
2769 2045 2898 2087 vere
2949 2036 3388 2086 transmutatum
3443 2045 3589 2096 esse,

340 2125 491 2194 μεῖν,
525 2119 1000 2192 μεταπεποιῆσθαι
1031 2119 1088 2173 δὲ
1119 2120 1288 2185 ὅντως
1321 2123 1401 2185 εἰς
1435 2122 1614 2194 σάρκα
1647 2121 1777 2194 (καὶ⁹
1806 2137 1915 2175 πα-

2016 2127 2180 2194 atque
2212 2123 2266 2178 id
2298 2124 2412 2193 pati
2460 2117 2603 2194 quod
2651 2123 2876 2178 Omnino
2931 2123 3042 2194 pati
3083 2137 3194 2178 non
3249 2123 3427 2192 possit
3479 2121 3592 2193 (ab

327 2219 471 2280 Ὁεῖν,
525 2215 662 2285 ὅπερ
709 2209 779 2285 ἦν
816 2211 1074 2267 ἀδύνατον
1098 2229 1114 2244 ·
1145 2213 1484 2279 ἀλλοιώσεως
1528 2215 1637 2284 γὰρ
1671 2214 1910 2285 ἁπάσης,

2016 2216 2167 2270 omni
2196 2214 2397 2287 qbippe
2431 2216 2761 2271 alteratione
2811 2215 2865 2270 et
2925 2209 3287 2270 conversione
3320 2215 3374 2269 in
3405 2211 3590 2280 aliud,

327 2309 429 2362 ’καὶ
460 2305 764 2377 μεταϐολῆς
807 2305 906 2375 τῆς
935 2304 1019 2373 ἐφ’
1052 2304 1236 2376 ἕτερόν
1278 2322 1352 2372 τι,
1393 2307 1534 2359 κατὰ
1561 2305 1651 2359 τὸν
1676 2306 1770 2358 τοῦ
1793 2305 1914 2368 πῶς

2015 2306 2232 2361 ratione
2288 2301 2544 2362 essentia
2603 2302 2749 2361 Deus
2783 2303 3105 2376 longissime
3170 2295 3389 2375 abest),
3443 2304 3595 2361 recte

325 2394 474 2451 ἐἶναι
498 2397 658 2466 λόγον
696 2396 758 2449 τὸ
791 2395 945 2449 Θεῖον
991 2394 1320 2466 ἀπῴκισται)
1350 2413 1364 2428 ·
1397 2396 1579 2460 καλῶς
1607 2413 1670 2465 γε
1708 2396 1914 2467 σφόδρα

2019 2397 2209 2467 utique
2240 2398 2552 2469 Theologus
2581 2398 2765 2453 statim
2814 2396 3003 2465 infert,
3039 2417 3057 2450 ι
3106 2397 3171 2450 Ει
3229 2397 3498 2451 habitavit
3536 2397 3592 2451 in

337 2488 505 2542 ποιῶν
531 2490 560 2541 ό
590 2487 840 2556 θεολόγος
877 2487 1180 2558 ἐπήνεγκεν
1211 2485 1402 2552 εὐθὺς,
1462 2489 1544 2542 ὅτι
1582 2507 1600 2540 ι
1623 2489 1733 2541 Καὶ
1759 2487 1917 2558 said}.

2016 2491 2179 2545 nobis
2217 2510 2237 2542 ›
2270 2499 2329 2545 ιιι
2373 2507 2499 2546 cum
2534 2490 2646 2545 duo
2673 2491 2992 2546 necessario
3048 2490 3345 2560 intelligas,
3385 2496 3439 2543 et
3468 2504 3591 2544 eum

334 2597 507 2635 νωσεν
534 2580 593 2633 ὲν
613 2580 766 2650 ἡμῖν,
790 2597 809 2630 ο
843 2578 930 2633 ἵνα
961 2579 1056 2633 δύο
1074 2579 1273 2649 νοήσας
1295 2578 1363 2632 τὰ
1399 2581 1798 2650 σημαινόμενα,
1822 2579 1913 2632 τόν

2016 2581 2113 2651 qui
2172 2581 2405 2646 habitat,
2465 2588 2522 2636 et
2553 2581 2607 2636 id
2643 2581 2700 2636 in
2766 2586 2874 2652 Quo
2911 2581 3215 2644 habitatur,
3273 2579 3328 2633 in
3370 2592 3592 2632 carnem

331 2688 394 2725 τε
427 2670 730 2742 σκηνοῦντα
758 2671 850 2724 καῖ
880 2669 943 2723 τὸ
969 2671 1026 2724 ὲν
1053 2661 1097 2737 ᾧ
1123 2671 1156 2740 ἡ
1189 2669 1484 2740 σκήνωσις,
1519 2670 1594 2742 μὴ
1622 2671 1702 2734 εἰς
1736 2670 1916 2740 σάρκα

2017 2675 2198 2744 ipsum
2230 2689 2342 2729 non
2373 2689 2498 2730 esse
2519 2681 2950 2729 transmutatum
2975 2673 3282 2739 existimes,
3314 2671 3410 2725 sed
3435 2669 3594 2724 trahi-

328 2761 792 2835 ’παρατετράφθαι
827 2761 1056 2833 νομίσῃς
1094 2761 1278 2828 αὐτὸν,
1318 2762 1598 2833 σκηνῶσαι
1627 2762 1682 2816 δὲ
1715 2762 1915 2834 μᾶλλον

2016 2773 2134 2818 tare
2172 2765 2356 2834 potius
2379 2763 2438 2817 in
2481 2777 2669 2826 carne,
2709 2768 2769 2816 ut
2812 2762 3038 2832 proprio
3065 2769 3306 2815 utentem
3339 2773 3591 2829 corpore,-

324 2852 395 2901 ἐν
425 2850 588 2920 σαρκὶ
607 2891 624 2916 ,
667 2849 743 2913 ὡς
774 2849 887 2920 ἰδίῳ
932 2852 1422 2924 προσχρησάμενον
1452 2851 1692 2922 σώματι,
1741 2851 1820 2922 τῷ
1850 2854 1916 2906 ὲκ

2019 2853 2226 2923 t'emplo
2271 2842 2366 2907 illo
2399 2852 2662 2906 nimirum
2695 2851 2844 2922 quod
2875 2860 2960 2906 est
2997 2865 3062 2905 ex
3093 2857 3282 2905 sancta
3319 2847 3550 2917 Virgine
3577 2865 3591 2902 :

335 2939 438 3009 τῆς
463 2939 626 3009 ἁγίας
653 2941 930 3011 Παρθένου
959 2940 1092 3012 ναῷ·
1124 2960 1142 2992 ι
1187 2942 1276 2994 Ἐν
1305 2941 1455 3014 αὑτῷ
1484 2945 1591 3016 γὰρ
1625 2943 1914 3016 κατῴκησε

2023 2965 2043 3000 ‹
2079 2943 2138 3001 In
2168 2946 2288 3016 ipso
2307 2945 2456 3000 enim
2485 2944 2817 2999 inhabitavit
2847 2942 3034 2998 omnis
3069 2941 3356 3014 plenitudo
3398 2940 3596 2996 divini-

338 3034 450 3087 πᾶν
498 3033 563 3085 τδ
601 3022 874 3104 πλήρωμα
903 3035 1001 3104 τῆς
1046 3033 1300 3103 θεότητος
1329 3036 1687 3107 σωματικῶς,
1734 3056 1753 3088 ι
1781 3038 1857 3103 ὡς
1884 3040 1914 3091 ὁ
1941 3088 1954 3139 ⁴

1977 3038 2149 3106 Itatis
2183 3036 2551 3106 corporaliter
2585 3055 2604 3087 ›
2665 3043 2723 3089 ut
2755 3034 2962 3090 Paulus
3016 3035 3093 3089 ait
3115 3035 3185 3089 ”.
3235 3032 3380 3101 Quin
3433 3041 3486 3087 et
3538 3031 3593 3086 in

1977 3117 1985 3140 Ι
2096 3128 2144 3143 ιο
2219 3128 2232 3143 ι
2271 3128 2392 3143 νιο-κ
2523 3125 2562 3143 ιν
2633 3128 2652 3143 ιγ
2739 3141 2748 3143 ε
2821 3127 2986 3143 .uuu,
3018 3141 3126 3143 __,_
3171 3122 3209 3143 ⁸.
3272 3124 3570 3143 -l.!__!_____'_'

339 3124 556 3189 Παῦλός
593 3140 794 3197 φησιν·
846 3125 1212 3195 ὲσκηνωκὲναι
1256 3144 1320 3197 γε
1359 3129 1466 3200 μὴν
1506 3129 1598 3182 τὸν
1641 3129 1814 3197 Λόγον
1857 3133 1916 3184 ὲν
1942 3122 1955 3140 ’

1977 3122 1985 3140 '
2019 3128 2178 3184 nobis
2219 3128 2498 3184 habitasse
2523 3125 2758 3182 Verbum
2782 3127 2990 3180 utiliter
3010 3122 3234 3188 asserit,
3266 3124 3593 3180 altissimum

334 3219 474 3288 ἡμῖν
517 3217 803 3287 χρησίμως
848 3213 1266 3288 διισχυρίζεται,
1322 3214 1456 3288 βαθὺ
1487 3219 1579 3271 καὶ
1609 3218 1766 3273 τοῦτο
1797 3219 1917 3274 λίαν

2019 3235 2239 3290 quoque
2267 3220 2430 3274 nobis
2468 3218 2617 3292 istud
2677 3219 2934 3273 revelans
2992 3210 3334 3287 mysterium.
3393 3209 3595 3271 Sumus

330 3310 475 3381 ἡμῖν
521 3308 878 3363 ἐκκαλύπτων
927 3312 1222 3382 μυστήριον
1245 3327 1260 3340 ο
1299 3310 1500 3373 πάντες
1533 3309 1642 3382 γὰρ
1681 3307 1823 3383 ἦμεν
1860 3311 1918 3365 ὲν

2019 3313 2166 3366 enim
2187 3325 2384 3365 omnes
2419 3312 2474 3363 in
2507 3309 2753 3372 Christo,
2785 3315 2839 3362 et
2883 3302 3194 3362 communis
3231 3305 3596 3363 humanitatis

328 3397 597 3470 Χριστῷ,
654 3397 748 3451 καὶ
772 3397 832 3451 τὸ
857 3398 1031 3454 κοινὸν
1064 3401 1166 3471 τῆς
1200 3399 1616 3472 ἁνθρωπότητος
1647 3403 1726 3464 εἰς
1755 3401 1917 3456 αὑτὸν

2019 3418 2257 3474 persona
2300 3402 2356 3456 in
2401 3402 2587 3471 ipsum
2638 3399 2942 3456 reviviscit.
2986 3397 3121 3453 Nam
3157 3403 3211 3455 et
3255 3399 3597 3455 novissimus

324 3489 553 3544 άναϐιοῖ
572 3488 880 3559 πρόσωπον.
912 3491 1065 3544 Ἐπεὶ
1091 3493 1187 3544 καὶ
1211 3490 1435 3562 ἔσχατος
1450 3491 1621 3562 Ἀδὰμ
1646 3491 1735 3545 διὰ
1758 3491 1916 3545 τοῦτο

2017 3496 2190 3549 Adam
2217 3494 2424 3548 idcirco
2463 3501 2818 3562 nuncupatus
2845 3496 2950 3556 est,
2984 3491 3078 3562 qui
3121 3499 3338 3546 natura
3373 3476 3596 3560 partici-

324 3580 756 3650 κατωνόμασται
786 3583 853 3654 τῇ
883 3581 1154 3654 κοινότητι
1184 3583 1283 3653 τῆς
1307 3582 1524 3652 φύσεως
1554 3584 1732 3638 πάντα
1762 3583 1916 3636 πλου-

2017 3588 2241 3657 patione
2267 3585 2450 3640 omnia
2477 3584 2774 3654 locupletat
2805 3581 2873 3636 ad
2908 3581 3228 3637 felicitatem
3259 3589 3313 3637 et
3341 3581 3590 3653 gloriam,

318 3672 496 3737 τίζων
526 3671 592 3725 τὰ
620 3673 700 3736 εἰς
735 3672 1006 3743 εὐθυμίαν
1054 3675 1149 3727 καὶ
1176 3672 1334 3738 δόξαν
1355 3715 1370 3742 ,
1416 3671 1607 3746 ὥσπερ
1644 3671 1735 3729 οὖν
1761 3677 1854 3730 καὶ
1885 3678 1914 3729 ό

2017 3677 2182 3735 sicuti
2213 3677 2428 3746 primu‘s
2482 3675 2655 3730 Adam
2716 3675 2773 3729 in
2830 3675 3242 3743 corruptionem
3275 3684 3328 3729 et
3363 3675 3594 3745 ignomia

315 3765 553 3837 πρῶτος
589 3765 758 3836 ’Λδὰμ
799 3767 883 3830 εἰς
913 3765 1120 3836 φθορὰν
1157 3767 1259 3820 καὶ
1285 3767 1609 3838 κατήφειαν.
1658 3768 1746 3821 Ἐν
1779 3770 1914 3822 πᾶσι

2015 3767 2165 3821 niam
2191 3764 2264 3823 ⁸³.
2293 3765 2350 3819 In
2375 3765 2636 3820 omnibus
2669 3764 2857 3834 itaque
2886 3763 3130 3818 Verbum
3191 3765 3464 3820 habitavit
3499 3771 3595 3834 per

311 3853 625 3926 τοιγαροῦν
667 3857 696 3909 ὁ
724 3856 897 3924 Λόγος
934 3857 1216 3928 ἐσκήνωσε
1240 3857 1308 3910 δι’
1341 3859 1460 3922 ἑνὸς
1483 3898 1499 3923 ,
1552 3859 1638 3912 ἵνα
1667 3859 1763 3913 τοῦ
1795 3859 1913 3924 ἐνὸς

2018 3873 2210 3920 unum,
2253 3864 2341 3922 ut,
2371 3871 2484 3912 uno
2522 3857 2825 3911 consti‘thto
2867 3856 2963 3911 Dei
2995 3855 3135 3912 Filio
3165 3857 3220 3911 i‘n
3252 3859 3472 3922 virtute,
3509 3861 3595 3911 se-

305 3949 640 4022 ὀριᾶθὲντος
664 3947 796 4002 Υἰοῦ
819 3949 955 4002 Θεοῦ
985 3951 1044 4004 ὲν
1064 3950 1310 4022 δυνάμει,
1335 3951 1477 4006 κατὰ
1498 3951 1716 4023 πνεῦμα
1745 3953 1914 4020 ἁγιω-

2015 3950 2259 4006 cundum
2297 3952 2550 4022 spiritum
2588 3948 2902 4005 sanctitatis
2951 3950 3007 4004 in
3051 3950 3360 4005 universam
3394 3943 3591 4003 hama:

310 4042 490 4112 σύνης
522 4043 605 4104 εἰς
627 4039 757 4111 ὅλην
785 4039 1014 4111 ἔρχηται
1038 4041 1136 4114 τὴν
1161 4043 1556 4114 άνθρωπότητα
1579 4043 1642 4096 τὸ
1673 4041 1910 4114 ἀξίωμα,

2015 4045 2246 4099 nitatem
2296 4042 2541 4113 dignitas
2604 4042 2700 4097 illa
2758 4041 3118 4106 redundaret,
3181 4041 3427 4110 adeoque
3497 4054 3591 4109 per

307 4133 469 4188 οὕτω
523 4148 588 4184 τε
637 4130 820 4204 φθάσῃ
852 4131 951 4184 καὶ
993 4134 1077 4201 ἐφ’
1107 4135 1255 4204 ἡμᾶς
1297 4133 1364 4186 δι’
1391 4133 1486 4189 ’ἕνα
1516 4134 1624 4188 τῶν
1665 4133 1724 4198 ἐξ
1757 4133 1913 4204 ἡμῶν

2017 4150 2185 4189 unum
2223 4149 2290 4188 ex
2321 4133 2482 4188 nobis
2522 4135 2577 4187 in
2623 4147 2726 4188 nos
2779 4147 3005 4202 quoque
3060 4131 3372 4200 perveniret
3413 4125 3587 4186 illud:

303 4223 395 4287 τὸ,
426 4240 446 4272 ι
490 4219 640 4286 Ἐγὼ
661 4215 808 4272 εἶπαι
831 4220 952 4275 Θεοι
976 4222 1116 4290 ἐστε,
1135 4226 1232 4279 καὶ
1255 4225 1362 4278 υἰοὶ
1375 4225 1630 4295 Ὑψίστου
1655 4225 1906 4289 πάντες.»

2021 4249 2038 4279 ι
2075 4227 2186 4298 Ego
2224 4227 2336 4280 dixi
2375 4245 2388 4280 :
2424 4225 2509 4279 Dii
2544 4225 2699 4289 estis,
2731 4232 2786 4280 et
2833 4224 2929 4277 filii
2984 4223 3198 4278 Excelsi
3233 4224 3425 4277 omnes
3447 4213 3516 4278 ³⁸.
3565 4235 3584 4273 ι

305 4311 547 4368 Οὐκοῦν
578 4311 638 4362 ὲν
660 4311 880 4381 Χριστῷ
911 4314 1011 4384 μὲν
1043 4315 1258 4388 ἀληθῶς
1280 4316 1658 4388 ἐλευθεροῦται
1688 4317 1750 4369 τὸ
1782 4316 1910 4370 δοῦ-

2013 4321 2189 4391 Igitur
2213 4319 2269 4373 in
2296 4319 2518 4374 Christo
2572 4317 2791 4386 quidem
2841 4317 2999 4370 Serva
3068 4323 3262 4369 natura
3302 4312 3363 4368 fit
3398 4325 3591 4386 reapse

302 4408 439 4472 λον,
481 4401 783 4458 ἀναϐαῖνον
820 4407 896 4469 εἰς
933 4407 1158 4478 ἑνότητα
1196 4409 1296 4480 τὴν
1346 4409 1614 4481 μυστικὴν
1643 4409 1722 4479 τῷ
1751 4409 1912 4479 φορέ-

1972 4429 1987 4478 )
2017 4414 2210 4477 libera,
2235 4413 2301 4466 ad
2327 4411 2612 4482 mysticam
2645 4408 2910 4463 nimirum
2933 4397 3203 4462 unitatem
3233 4392 3353 4477 ejus
3379 4414 3588 4473 evecta,

305 4509 478 4555 σαντι
510 4495 620 4565 τὴν
642 4494 736 4548 τοῦ
765 4495 952 4550 δούλου
986 4500 1218 4569 μορφὴν,
1247 4500 1304 4552 ὲν
1334 4502 1464 4571 ημῖν
1487 4500 1542 4553 δὲ
1567 4500 1708 4554 κατὰ
1739 4500 1909 4570 μίμη-

2017 4505 2112 4574 qui
2151 4502 2256 4558 fert
2287 4503 2430 4557 servi
2459 4501 2714 4565 formam,
2750 4500 2806 4553 in
2843 4493 3004 4554 nobis
3050 4513 3178 4552 vero
3210 4497 3514 4553 imitatione
3537 4498 3586 4554 el

303 4613 399 4650 σιν
427 4591 540 4663 τὴν
566 4589 705 4661 πρὸς
730 4589 820 4644 τὸν
845 4589 944 4645 ἕνα
969 4591 1054 4646 διὰ
1079 4591 1176 4663 τὴν
1195 4593 1336 4647 κατὰ
1358 4593 1537 4663 σάρκα
1567 4594 1885 4662 συγγένειαν

2019 4595 2380 4652 similitudine
2411 4609 2536 4648 cum
2591 4593 2683 4647 illo
2733 4596 2862 4657 uno,
2899 4601 3124 4661 propter
3161 4589 3344 4646 carnis
3391 4603 3564 4661 cogna
3595 4663 3602 4674 ‘

315 4686 486 4742 Ἐπεὶ
533 4683 628 4738 διὰ
661 4684 822 4738 ποίαν
850 4683 1030 4738 αἰτίαν
1051 4685 1153 4738 οὒκ
1183 4685 1428 4754 άγγέλων
1456 4685 1903 4757 ἐπιλαμϐάνεται,

2015 4692 2242 4745 tionem.
2277 4689 2496 4757 Alioqui
2527 4687 2698 4752 enim,
2733 4700 2897 4757 quam
2927 4679 2998 4740 ob
3019 4688 3243 4738 causam
3279 4698 3388 4738 non
3418 4700 3583 4754 auge-‘-

301 4779 450 4832 ἀλλὰ
485 4775 810 4845 σπέρματος
856 4773 1139 4846 Ἀϐραὰμ,
1185 4776 1307 4831 ὅθεν
1337 4775 1531 4848 ὤφειλε
1559 4777 1700 4833 κατὰ
1730 4779 1908 4833 πάντα

2014 4779 2192 4836 lorum
2223 4781 2470 4853 quidem,
2534 4777 2629 4834 sed
2684 4771 2922 4832 Abraha:
2968 4791 3155 4831 semen
3208 4775 3612 4846 apprehendit,'

299 4875 422 4932 τοῖς
463 4868 726 4935 ἀδελφοῖς
753 4868 1118 4939 ὁμοιωθῆναι,
1175 4869 1269 4922 καὶ
1294 4869 1543 4938 γενέσθαι
1586 4871 1728 4924 κατᾶ
1773 4871 1907 4942 ἀλή-

2011 4875 2154 4928 unde
2171 4870 2357 4928 debuit
2379 4886 2472 4940 per
2492 4869 2678 4922 omnia
2709 4867 2973 4923 fratribus
2987 4856 3280 4922 assimilari
3304 4868 3372 4933 ⁵³,
3389 4880 3439 4924 et
3465 4885 3589 4925 vere

301 4965 468 5018 θειαν
515 4960 849 5029 άνθρωπος;
887 4955 1017 5034 *Δρ*
1042 4961 1163 5033 οὑχί
1213 4961 1378 5016 πᾶσιν
1419 4964 1535 5016 ἐστι
1575 4963 1905 5034 καταφανὲς,

2014 4966 2179 5020 homo
2216 4963 2380 5017 ﬁeri?
2414 4960 2611 5016 Annon
2650 4960 3005 5014 manifestum
3037 4949 3144 5030 9']
3195 4967 3281 5014 est
3309 4961 3586 5024 omnibus,

298 5057 388 5108 ὄτι
415 5048 810 5120 καταϐέϐηκεν
851 5052 929 5115 εἰς
957 5050 1018 5105 τὸ
1045 5052 1232 5107 δοῦλον
1253 5094 1267 5120 ,
1307 5053 1470 5117 αὐτὸς
1487 5095 1502 5120 ,
1527 5055 1623 5125 οὐχ
1646 5054 1824 5127 ἐαυτῷ
1853 5062 1909 5109 τι

2015 5055 2162 5126 quod
2186 5056 2252 5108 ad
2307 5054 2564 5108 servilem
2622 5051 2996 5106 conditionem
3058 5051 3176 5120 ipse
3229 5067 3288 5106 se
3345 5043 3583 5115 demisit,

297 5149 394 5203 διὰ
419 5143 635 5199 τούτου
658 5143 932 5213 προξενῶν
954 5183 968 5208 ,
995 5146 1112 5199 ἀλλ’
1148 5148 1276 5218 ἡμῖν
1309 5145 1501 5201 ἑαυτὸν
1530 5145 1905 5218 χαριζόμενος,

2017 5147 2152 5200 nihil
2181 5163 2245 5200 ex
2283 5147 2387 5200 hoc
2412 5145 2517 5200 sibi
2543 5145 2862 5214 acquirens,
2894 5144 2988 5197 sed
3011 5134 3173 5198 nobis
3206 5143 3445 5212 seipsum
3480 5143 3587 5194 lar-

298 5241 392 5293 ῖνα
429 5237 614 5309 ¹ἡμεῖς
647 5236 714 5304 τῇ
747 5234 910 5288 αὑτοῦ
943 5238 1184 5310 πτωχείᾳ
1217 5240 1638 5310 πλουτήσωμεν,
1679 5238 1907 5308 ἀνατρέ-

2014 5226 2186 5310 giens.
2220 5249 2281 5292 ut
2311 5253 2412 5292 nos
2443 5238 2565 5305 ejus
2594 5241 2918 5306 paupertate
2946 5225 3251 5288 (litaremur
3274 5233 3341 5295 ⁵³,
3393 5231 3587 5283 simili-

298 5346 498 5401 χοντες
519 5324 618 5379 διὰ
657 5324 758 5395 τῆς
786 5323 921 5394 πρὸς
944 5325 1100 5380 αὑτὸν
1130 5329 1443 5399 ὁμοιότητος
1471 5320 1622 5392 εἰςτὸ
1651 5328 1780 5381 ἴδιον
1813 5329 1908 5382 αὑ-

2016 5329 2202 5384 tudine
2230 5345 2354 5383 cum
2386 5321 2506 5398 ipso
2537 5322 2602 5381 ad
2635 5327 2914 5396 proprium
2953 5333 3006 5379 et
3038 5325 3294 5378 eximium
3329 5321 3450 5388 ejus
3489 5320 3588 5373 bo-

298 5420 398 5474 τοῦ
430 5421 532 5473 καὶ
562 5415 855 5486 ἐξαίρετον
899 5417 1137 5485 ἀγαθὸν,
1174 5420 1285 5473 θεοί
1329 5439 1389 5474 τε
1442 5421 1536 5475 καὶ
1563 5419 1698 5473 Θεοῦ
1741 5423 1910 5474 τέκνα

2019 5437 2147 5475 ιιυιιι
2178 5419 2376 5481 evecti,
2415 5418 2600 5485 diique
2633 5425 2686 5470 et
2727 5414 2823 5468 Dei
2858 5414 2954 5467 filii
3001 5429 3094 5482 per
3135 5411 3290 5463 ﬁdem
3326 5405 3588 5462 reddere-

298 5514 392 5568 διὰ
420 5513 524 5584 τῆς
576 5510 824 5573 πίστεως
864 5509 1320 5580 ἀωφαινώμεθας
1381 5513 1683 5583 Ἐσκήνωσε
1707 5511 1816 5584 γὰρ
1855 5514 1912 5565 ὲν

2022 5513 2186 5568 mur?
2224 5511 2499 5566 Habitavit
2539 5510 2686 5563 enim
2722 5507 2776 5560 in
2831 5507 3009 5567 nobis,
3067 5502 3160 5571 qui
3201 5514 3296 5569 per
3331 5504 3585 5559 naturam

371 5630 417 5662 ⁸⁷
456 5628 571 5682 lsa.
624 5639 753 5680 xu,
786 5623 877 5677 14.
951 5622 996 5654 ⁸⁸
1018 5622 1140 5682 (Ξοί.
1201 5641 1262 5684 ιι.
1297 5623 1350 5682 9.
1427 5626 1512 5681 “l
1558 5626 1683 5683 Cor.
1726 5644 1815 5697 xv,
1852 5629 1982 5684 45—4

382 5701 426 5756 Il
461 5698 602 5754 Cor.
651 5709 770 5756 vnn,
815 5697 867 5750 9.

1973 5629 2040 5684 i9.
2096 5629 2142 5662 ⁸⁸
2171 5628 2318 5684 Psal.
2359 5641 2547 5689 Lxxxl,
2589 5623 2655 5691 6;
2683 5621 2843 5675 Joan.
2883 5636 2934 5682 x,
2966 5619 3053 5671 δι.
3130 5617 3173 5647 ⁸¹
3209 5612 3448 5674 llebr.n,
3498 5621 3589 5676 Π,

300 5707 347 5736 ε’
382 5701 426 5756 Il
461 5698 602 5754 Cor.
651 5709 770 5760 vnn,
815 5698 867 5750 9.
