4090 6266
553 399 660 456 165

1549 393 1608 449 S.
1636 387 1915 450 CVRILLI
1952 381 2430 449 ΑιΕΧΑΝῠιιιΝι
2470 387 2788 451 ARCHIEP.

3711 388 3819 450 ιοι

552 516 726 574 Filius
757 523 843 572 est
903 529 968 570 ac
1014 512 1193 569 Deus:
1235 512 1471 584 ideoque
1505 513 1558 568 in
1605 515 1725 585 ejus
1773 513 1982 584 Spiritu
2011 511 2126 568 cla-

2245 511 2365 582 [ςμϊν
2405 513 2434 566 6
2475 512 2614 566 κατὰ
2657 510 2818 580 φύσιν
2859 507 2984 571 Υἱὸς
3017 507 3109 561 καὶ
3136 505 3269 569 Θεός
3293 523 3306 538 ·
3363 498 3444 559 διδ
3488 506 3581 560 καὶ
3630 507 3688 560 ὲν
3735 508 3823 578 τῷ

554 623 772 664 mamus
798 627 811 661 :
855 606 1040 662 «Abba
1067 606 1224 661 Pater
1241 605 1308 660 ⁸³.
1325 625 1344 658 ι
1367 603 1588 661 Habitat
1605 616 1784 662 autem
1802 604 2044 663 Verbum
2071 606 2130 660 in

555 697 836 766 omnibus,
881 698 936 752 in
965 713 1073 753 uno
1102 697 1305 768 templo
1339 699 1548 754 scilicet
1583 703 1728 769 quod
1767 712 1991 770 propter
2029 714 2131 756 nos

556 797 612 846 et
639 805 704 845 ex
731 790 889 844 nobis
918 790 1242 858 assumpsit,
1280 797 1341 842 ut
1372 804 1564 846 omnes
1600 791 1652 844 in
1682 791 1866 860 seipso
1895 791 2126 853 habens,

557 889 750 933 Omnes
786 879 841 932 in
875 892 983 932 uno
1007 892 1261 948 corpore,
1297 879 1464 933 sicuti
1507 877 1712 934 Paulus
1739 879 1903 944 ait“,
1933 893 2131 934 recon-

557 969 776 1024 ciliaret
802 969 976 1025 Patri.

628 1061 668 1127 1,
710 1062 798 1115 14.
824 1059 892 1114 Et
912 1060 1141 1116 vidimus
1163 1061 1390 1132 gloriam
1417 1062 1529 1132 eius
1561 1063 1787 1133 gloriam
1814 1065 1967 1135 quasi
1999 1061 2132 1119 Uni-

558 1153 720 1222 geniti
754 1153 999 1220 aPalre,
1030 1153 1244 1224 plenum
1280 1155 1469 1225 gratim
1497 1164 1545 1208 et
1569 1155 1830 1208 veritatis.

629 1336 764 1390 Cum
795 1333 1036 1390 Verbum
1067 1348 1289 1389 carnem
1342 1333 1546 1389 factum
1590 1349 1716 1389 esse
1753 1333 1977 1401 dixerit,
2031 1333 2136 1389 hoc

557 1435 640 1484 cst
672 1427 949 1481 hominem
973 1469 988 1494 ,
1019 1437 1074 1482 et
1114 1426 1340 1481 fratrem
1390 1441 1674 1481 servorum
1712 1436 1875 1496 atque
1909 1434 2136 1482 creatu-

559 1532 780 1584 rarum,
835 1518 1104 1587 integram
1157 1527 1340 1573 tamen
1399 1519 1450 1573 ei
1503 1533 1723 1588 quoque
1779 1528 1964 1574 servat
2033 1519 2137 1574 hoc

562 1619 719 1678 pacto
749 1609 990 1663 divinam
1024 1610 1381 1680 dignitatem,
1419 1617 1474 1665 et
1507 1612 1729 1678 plenum
1777 1626 1902 1667 esse
1953 1611 2136 1668 Patris

560 1701 902 1770 proprietate
950 1717 1147 1756 rursus
1186 1703 1452 1757 ostendit.
1489 1702 1696 1758 Natura
1726 1704 1927 1774 quippe
1951 1705 2136 1759 divina

563 1788 617 1841 in
637 1790 817 1857 seipse
849 1788 1005 1843 firma
1028 1796 1082 1843 et
1100 1789 1314 1845 stabilis
1342 1798 1447 1856 est,
1475 1805 1580 1844 nec
1607 1793 1966 1847 mutationem
1989 1793 2138 1864 capit

562 1882 620 1932 in
643 1880 790 1934 aliud
813 1919 828 1944 ,
871 1879 968 1935 sed
1002 1880 1194 1936 eodem
1230 1896 1290 1936 se
1319 1880 1484 1936 modo
1515 1898 1731 1954 semper
1768 1884 1964 1948 habet,
1999 1894 2052 1941 et
2083 1889 2137 1940 in

566 1972 682 2024 suis
720 1971 942 2025 dotibus
990 1979 1310 2027 constanter
1355 1985 1558 2028 manet.
1593 1975 1780 2046 Itaque
1818 1976 1943 2031 licet
1974 1993 2141 2033 evan-

567 2063 756 2132 gelista
791 2061 1026 2118 Verbum
1060 2080 1280 2119 carnem
1313 2064 1516 2120 factum
1551 2083 1673 2123 esse
1708 2069 1878 2135 dicat,
1915 2084 2022 2123 non
2054 2081 2139 2124 ta-

569 2168 690 2208 men
722 2154 899 2224 ipsum
932 2155 1118 2210 carnis
1145 2155 1559 2214 infirmitatibus
1592 2160 1951 2216 succubuisse
1993 2172 2144 2216 ass‘e-

567 2247 658 2314 rit,
685 2263 784 2303 nec
814 2247 1045 2318 pristina
1080 2249 1168 2303 illa
1196 2265 1297 2304 sua
1332 2251 1535 2306 virtute
1567 2261 1619 2307 et
1651 2252 1822 2319 gloria
1845 2253 2140 2320 excidisse,

565 2356 632 2394 eo
679 2340 826 2411 quod
871 2341 1150 2396 infirmum
1205 2352 1460 2397 nostrum
1495 2353 1550 2397 et
1599 2345 1892 2415 inglorium
1941 2361 2143 2417 corpus

566 2434 760 2489 induit.
800 2433 1051 2489 Vidimus
1091 2437 1236 2489 enim
1283 2436 1516 2506 gloriam
1553 2436 1710 2506 ejus,
1745 2438 1949 2508 inquit,
1993 2441 2141 2495 omni

567 2524 739 2593 gloria
796 2525 1210 2588 sublimiorem,
1255 2533 1308 2580 et
1360 2528 1579 2596 qualem
1614 2529 1809 2585 decere
1850 2530 2044 2586 Filium
2077 2548 2143 2588 ex

568 2611 679 2668 Deo
713 2613 1249 2684 Patreunigenitum
1296 2632 1457 2672 nemo
1489 2634 1598 2674 non
1651 2619 1907 2676 fateatur.
1945 2622 2143 2679 Plenus

567 2703 714 2758 enim
739 2708 1045 2776 eratgratia
1070 2715 1122 2761 et
1146 2707 1395 2763 veritate.
1424 2707 1480 2762 Si
1505 2709 1632 2780 quis
1651 2710 1796 2765 enim
1823 2720 2140 2766 sanctorum

569 2795 796 2850 chorum
831 2798 1258 2867 contempletur,
1285 2785 1338 2853 et
1374 2799 1815 2871 uniuscujusque
1846 2819 1932 2858 res
1961 2812 2144 2873 gestas

567 2889 905 2960 perpendat,
946 2891 1239 2945 mirabitur
1273 2893 1485 2963 utique,
1516 2901 1569 2947 et
1605 2894 1823 2948 illorum
1850 2896 2144 2951 virtutibus

568 2979 957 3044 oblectabitur,
993 2998 1203 3052 eosque
1252 2985 1427 3055 gloria
1465 2986 1702 3053 repletos
1741 3000 1771 3039 a
1818 2989 1927 3040 Deo
1973 2987 2145 3042 fuisse

569 3069 849 3128 fatebitur.
877 3071 1154 3144 Unigeniti
1186 3091 1316 3130 vero
1349 3076 1584 3146 gloriam
1609 3087 1663 3131 et
1690 3078 1923 3147 gratiam
1947 3117 1962 3142 ,
1993 3080 2146 3135 nullo

2231 600 2511 672 Ιινεύματι
2541 600 2706 654 αὑτοῦ
2726 599 3022 670 κράζομεν·
3053 617 3072 648 ι
3096 593 3265 649 Ἀὅϐἄ
3284 596 3312 647 6
3334 595 3526 665 Πατήρ
3552 610 3565 623 ”
3581 615 3598 645 ι
3625 595 3824 666 σκηνοῖ

2231 691 2289 746 δὲ
2317 695 2346 745 6
2371 692 2552 760 Λόγος,
2569 694 2627 745 ἐν
2652 693 2838 756 πᾶσιν,
2869 692 2928 743 ὲν
2954 690 3033 744 ἑνὶ
3055 689 3135 761 τῷ
3171 690 3238 743 δι’
3271 691 3421 760 ἡμᾶς
3447 692 3542 744 καὶ
3567 689 3627 756 ἐξ
3650 693 3684 762 η
3694 690 3817 762 μῶν

2231 783 2487 854 ληφθέντι
2515 783 2648 854 ναῷ,
2680 783 2766 837 ἵνα
2787 784 2994 848 πάντας
3025 783 3164 854 ἔχων
3197 784 3254 837 ὲν
3284 781 3484 852 ἑαυτῷ.
3511 782 3803 836 ἀποκαταλ

2232 873 2370 946 λάξῃ
2403 875 2610 938 πάντας
2640 877 2696 928 ὲν
2720 876 2800 929 ἐνὶ
2831 875 3047 946 σώματι
3087 875 3223 948 πρὸς
3250 875 3341 928 τὸν
3367 874 3612 946 Πατέρα,
3646 873 3820 927 mea-

2234 983 2340 1038 περ
2374 969 2402 1020 6
2441 967 2656 1031 Παῦλὸς
2682 985 2835 1038 φησι.

2303 1058 2418 1113 Καὶ
2459 1059 2828 1128 ἐθεασάμεθα
2860 1057 2974 1126 τὴν
3017 1056 3207 1123 δόξαν
3246 1058 3432 1115 αὐτοῦ
3456 1098 3471 1122 ,
3520 1057 3708 1119 δόξαν
3734 1057 3820 1123 ὡς

2234 1152 2614 1222 Μονογενοῦς
2652 1151 2812 1220 παρὰ
2853 1150 3105 1221 Πατρός,
3153 1150 3393 1220 πλήρης
3436 1147 3678 1220 χάριτος
3718 1149 3822 1204 καὶ

2235 1241 2544 1310 ἀληθείας.
3204 1253 3210 1259 ”

2309 1333 2498 1404 Σάρκα
2532 1335 2857 1406 γεγενῆσθαι
2895 1333 2987 1388 τὸν
3015 1333 3189 1402 Λόγον
3237 1329 3429 1396 εἰπὼν,
3461 1332 3606 1386 τοῦτ’
3647 1332 3820 1395 ἔστιν,

2236 1421 2522 1494 ἄνθρωπον
2545 1465 2560 1488 ,
2618 1426 2712 1479 καὶ
2767 1427 2847 1488 εἰς
2900 1423 3239 1494 ἀδελφότητα
3321 1421 3651 1492 καταγαγὼν
3719 1421 3825 1491 τὴν

2237 1516 2376 1585 πρὸς
2402 1516 2470 1570 τά
2498 1516 2662 1571 δοῦλα
2709 1518 2805 1572 καὶ
2856 1517 3170 1587 ποιήματα,
3218 1513 3479 1584 φυλάττει
3513 1514 3608 1567 καὶ
3646 1512 3825 1576 οὕτως

2237 1607 2494 1678 ἀκέραιον
2524 1608 2673 1680 αὐτῷ
2714 1607 2775 1662 τδ
2804 1609 3105 1679 Θεοπρεπὲς
3135 1607 3372 1678 ἀξίωμα,
3407 1607 3504 1659 καὶ
3537 1609 3637 1676 τῆς
3670 1605 3826 1659 ὲνού-

2239 1715 2339 1768 σης
2371 1699 2519 1770 αὐτῷ
2547 1699 2822 1772 πατρικῆς
2870 1700 3129 1770 ἰδιότητος
3173 1698 3441 1752 ἀνάπλεον
3479 1698 3607 1752 ὄντα
3655 1697 3822 1750 πάλιν

2239 1787 2491 1866 δεικνύει.
2511 1789 2731 1860 Πέπηγε
2761 1789 2870 1860 γὰρ
2898 1789 3064 1854 ὅντως
3097 1790 3132 1860 ἡ
3169 1789 3289 1843 θεία
3323 1788 3483 1858 φύσις
3512 1790 3595 1858 ἐφ’
3626 1790 3819 1858 ἑαυτῇ,

2239 1879 2338 1950 τὴν
2367 1882 2452 1951 ἐφ’
2482 1881 2666 1953 ἕτερόν
2689 1900 2742 1936 τι
2769 1881 3130 1954 παρατροπὴν
3152 1881 3252 1934 οὐκ
3276 1881 3579 1952 ἀνεχομένη
3604 1880 3818 1942 παθεῖν,

2240 1966 2440 2041 ἔχουσα
2468 1969 2525 2023 δὲ
2557 1971 2759 2041 μᾶλλον
2785 1970 3046 2034 ὡσαύτως
3088 1970 3211 2035 ἀεὶ,
3265 1970 3360 2024 καὶ
3405 1973 3462 2022 ὲν
3511 1973 3624 2033 τοῖς
3670 1969 3822 2031 ἰδίοις

2241 2059 2453 2112 ἑστῶσα
2478 2061 2969 2132 πλεονεκτήμασιν.
3003 2059 3212 2114 Οὐκοῦν
3245 2062 3293 2115 εἰ
3341 2061 3436 2114 καὶ
3471 2061 3650 2130 σάρκα
3685 2060 3823 2130 φησι

2241 2153 2570 2223 γεγενῆσθαι
2597 2154 2690 2208 τὸν
2716 2155 2888 2223 Λόγον
2919 2155 2947 2206 6
2976 2155 3369 2226 εὐαγγελιστὴς
3387 2197 3401 2220 ,
3451 2153 3566 2208 ἀλλ’
3595 2157 3654 2208 οὺ
3699 2155 3824 2222 ταῖς

2241 2240 2343 2311 τῆς
2390 2244 2592 2312 σαρκὸς
2632 2243 2936 2307 ἀσθενείαις
2973 2245 3136 2298 αὐτὸν
3189 2245 3506 2316 νενικῆσθαι
3554 2245 3822 2316 διισχυρίο

2243 2332 2428 2398 ζεται,
2477 2335 2597 2388 οὐδὲ
2642 2336 2740 2406 τῆς
2780 2337 3147 2408 ἀρχαιοτάτης
3192 2338 3373 2409 ἰσχύος
3425 2355 3485 2390 τε
3527 2339 3622 2391 καὶ
3663 2338 3824 2407 δόξης

2242 2429 2538 2482 ἀποπεσεῖν
2560 2469 2574 2493 ,
2608 2429 2906 2502 ἐπειδήπερ
2938 2431 3000 2482 τὸ
3040 2431 3264 2494 ἀσθενὲς
3292 2432 3453 2502 ἡμῶν
3499 2432 3596 2485 καὶ
3636 2431 3822 2496 ἀδοξό-

2243 2537 2402 2574 τατον
2457 2521 2816 2591 περιεϐάλετο
2865 2521 3040 2592 σῶμα.
3090 2523 3319 2593 Εἴδομεν
3365 2523 3475 2593 γὰρ
3519 2523 3684 2576 αὐτοῦ
3727 2522 3826 2595 τὴν

2243 2611 2423 2676 δόξαν,
2457 2613 2632 2684 φησὶ,
2667 2612 2823 2684 παρά
2876 2613 2974 2686 τὴν
3017 2609 3124 2668 τῶν
3159 2614 3333 2668 ἄλλων
3375 2613 3687 2685 ἐξαίρετον,
3730 2617 3828 2670 καὶ

2243 2705 2435 2758 ὁποίαν
2461 2706 2525 2758 ἄν
2547 2722 2630 2768 τις
2655 2705 2976 2776 ὡμολόγησε
2994 2705 3223 2778 πρέπειν
3248 2705 3326 2776 τῷ
3354 2707 3420 2759 ὲκ
3448 2706 3584 2760 Θεοῦ
3611 2707 3827 2779 Πατρὶς

2248 2797 2359 2868 Υἱῷ
2429 2798 2747 2866 Μονογενεῖ.
2811 2796 3034 2870 Πλήρης
3085 2799 3195 2870 γὰρ
3243 2793 3310 2869 ἦν
3361 2799 3583 2869 χάριτός
3609 2815 3671 2851 τε
3729 2801 3826 2854 καί

2244 2888 2519 2958 ἀληθείας.
2567 2887 2811 2960 Ἀφορῶν
2853 2889 2952 2960 μὲν
2995 2889 3102 2960 γάρ
3144 2907 3228 2954 τις
3263 2892 3342 2953 είς
3385 2892 3476 2944 τὸν
3508 2890 3618 2942 τῶν
3652 2891 3826 2958 ἀγίων

2245 2980 2440 3050 χορὸν,
2491 2980 2586 3033 καὶ
2633 2981 2702 3034 τὰ
2745 2980 2811 3034 δι’
2844 2981 3075 3034 ἑκάστου
3118 2981 3465 3052 γεγενημένα
3503 2981 3825 3050 παραδόξως

2245 3070 2741 3142 ἀναμετρούμενος,
2774 3071 3042 3143 θαυμάσει
3093 3073 3191 3143 μὲν
3229 3073 3370 3127 κατά
3417 3073 3479 3126 τὸ
3524 3073 3694 3137 εἰκὸς,
3725 3075 3825 3128 καὶ

569 3163 733 3218 modo
780 3178 906 3217 cum
956 3172 1282 3219 caeterorum
1321 3165 1495 3236 gloria
1538 3169 1969 3237 comparandam
2024 3184 2142 3225 esse

2249 3165 2359 3227 τοῖς
2386 3164 2602 3234 ἑκάστῳ
2638 3163 2934 3235 προσοῦσιν
2985 3163 3207 3234 ἀγαθοῖς
3239 3166 3628 3236 ὲφησθήσεται,
3667 3165 3826 3236 δόξης

567 3253 807 3324 the010gi
842 3253 1041 3309 docent
1072 3270 1135 3310 ac
1167 3256 1307 3311 sacri
1348 3263 1536 3320 testes,
1573 3256 1670 3312 sed
1702 3258 1864 3330 longe
1893 3258 2141 3314 eminen-

569 3345 758 3400 tiorem
795 3359 861 3401 ac
910 3347 1386 3415 praestantiorem,
1451 3357 1509 3402 ut
1554 3349 1648 3419 qui
1701 3365 1809 3403 non
1864 3349 2141 3406 definitam

567 3436 766 3493 habeat
802 3440 990 3509 gratiae
1014 3455 1327 3496 mensuram
1358 3441 1516 3511 quasi
1546 3442 1615 3496 ab
1633 3442 1807 3498 altero
1831 3453 2142 3514 acceptam,

569 3530 664 3584 sed
697 3537 959 3600 tanquam
993 3531 1046 3584 in
1089 3531 1335 3601 perfecto
1367 3532 1667 3602 perfectam
1690 3573 1704 3598 ,
1737 3549 1801 3589 ac
1834 3550 2018 3589 veram
2039 3577 2054 3603 ,
2089 3535 2144 3590 id

569 3625 687 3684 est,
718 3635 828 3674 non
859 3620 1152 3674 ascititiam
1174 3663 1190 3688 ,
1225 3636 1327 3676 nec
1372 3622 1594 3677 aliunde
1624 3623 1782 3692 quasi
1811 3624 2144 3680 accessionis

573 3713 695 3766 loco
731 3711 1129 3781 suppeditatam
1151 3753 1167 3777 ,
1205 3712 1302 3768 sed
1336 3714 1775 3769 substantialiter
1817 3715 2146 3772 inexsisten-

572 3810 710 3868 tem,
748 3810 800 3856 et
846 3800 1081 3857 fructum
1109 3801 1220 3873 98
1261 3815 1504 3873 paterna:
1533 3806 1887 3876 preprietatis
1921 3817 2146 3864 natura-

572 3897 698 3950 liter
732 3899 1118 3952 transmissum
1163 3899 1220 3952 in
1262 3897 1484 3955 Filium.
1529 3899 1686 3966 Quod
1743 3901 1908 3956 sicui
1965 3902 2146 3971 placet

573 3986 885 4041 accuratius
916 3985 970 4040 id
1002 3986 1147 4056 quod
1167 3987 1375 4041 dictum
1409 3995 1496 4043 est
1525 3989 1863 4054 examinare,
1893 3991 2146 4046 conside-

571 4086 654 4131 ret
687 4077 830 4147 apud
880 4092 962 4142 se,
997 4078 1129 4148 quid
1187 4081 1366 4135 sancti
1423 4080 1559 4151 ipsi,
1609 4092 1663 4138 et
1699 4083 1832 4153 quid
1894 4081 2146 4138 Salvator

573 4175 762 4223 noster
787 4165 1044 4225 Christus
1074 4170 1407 4228 mirabiliter
1445 4182 1772 4243 patrarunt,
1818 4182 2147 4246 tantumque

573 4257 780 4314 distare
832 4261 1154 4330 comperiet,
1186 4271 1451 4333 quantum
1505 4273 1665 4320 antea
1706 4265 1967 4322 diximus.
2003 4265 2146 4334 Quid

572 4349 718 4419 quod
748 4350 823 4406 illi
856 4353 1082 4422 quidem
1109 4361 1168 4408 ut
1199 4355 1334 4410 meri
1388 4355 1582 4412 famuli
1634 4357 1689 4412 in
1721 4358 1886 4413 domo
1920 4375 2146 4415 versan-

574 4448 683 4509 tur,
745 4443 834 4498 hic
867 4454 1048 4501 autem
1083 4455 1141 4501 ut
1165 4445 1339 4504 Filius
1382 4447 1570 4503 domui
1594 4464 1708 4504 sua:
1737 4452 1973 4520 praeest?
2004 4451 2147 4506 Prae-

2247 3272 2307 3308 τε
2352 3255 2548 3318 αὐτοὺς
2607 3253 3029 3325 ἀναπεπλῆσθαι
3077 3257 3298 3320 πάντως
3353 3258 3470 3328 ἐρεῖ
3523 3257 3623 3327 τῆς
3674 3258 3827 3329 παρά

2247 3346 2384 3400 Θεοῦ
2408 3365 2420 3377 ·
2451 3350 2550 3419 τὴν
2579 3346 2635 3400 δέ
2663 3365 2727 3418 γε
2755 3345 2852 3402 τοῦ
2873 3348 3208 3416 Μονογενοῦς
3237 3348 3396 3414 δόξαν
3429 3366 3490 3402 τε
3518 3349 3614 3403 καὶ
3639 3350 3823 3421 χάριν,

2247 3438 2308 3494 οὐ
2339 3441 2460 3502 ταῖς
2488 3437 2597 3493 τῶν
2641 3438 2859 3492 πάντων
2892 3439 3278 3511 ἀμιλλωμένην
3326 3439 3617 3494 τεθεᾶσθαι
3661 3457 3823 3511 φασιν

2247 3531 2298 3582 οι
2327 3529 2565 3598 θεολόγοι
2600 3532 2694 3584 καὶ
2722 3530 3018 3603 μάρτυρες,
3044 3531 3180 3586 ἀλλά
3210 3531 3344 3585 πολὺ
3371 3532 3490 3586 λίαν
3531 3533 3822 3604 ὑπερτενῆ,

2249 3622 2344 3675 καὶ
2394 3621 2748 3694 ἀσυγκρίτοις
2790 3623 3087 3695 ὑπεροχαῖς
3117 3624 3536 3690 ἀναϐαίνουσαν,
3567 3625 3628 3678 ού
3663 3640 3825 3694 μεμε-

2248 3714 2526 3785 τρημένην
2572 3713 2800 3785 ἔχουσαν
2850 3716 2926 3780 ὼς
2979 3716 3165 3787 ἑτέρου
3218 3717 3450 3780 διδόντος
3502 3715 3600 3786 τὴν
3645 3718 3822 3787 χάριν,

2250 3806 2367 3859 ἀλλ’
2410 3807 2486 3869 ὡς
2517 3808 2576 3860 ὲν
2623 3808 2815 3880 τελείῳ
2842 3808 3052 3862 τελείαν
3100 3809 3194 3863 καὶ
3225 3808 3439 3880 ἀληθῆ,
3481 3808 3624 3861 τοῦτ’
3655 3807 3823 3873 ἔστιν,

2250 3897 2350 3952 οὐκ
2376 3897 2724 3963 ἐπείσακτον,
2753 3899 2875 3953 οὐδὲ
2907 3898 3103 3964 ἔξωθεν
3131 3901 3206 3962 ὡς
3235 3901 3292 3952 ἐν
3325 3899 3642 3970 προσθήκης
3667 3899 3825 3970 μέρει

2251 3991 2841 4063 προσπεπορισμένην,
2899 3991 3012 4045 ἀλλ’
3064 3991 3338 4055 οὐσιωδῶς
3394 3992 3825 4063 ἐνυπάρχουσαν,

2251 4082 2344 4135 καὶ
2377 4083 2585 4154 καρπὸν
2611 4083 2866 4154 πατρῴου
2897 4083 3182 4154 ἰδιώματος
3219 4083 3462 4153 φυσικῶς
3500 4085 3593 4136 ἐπὶ
3637 4084 3726 4137 τὸν
3768 4083 3828 4150 ἐξ

2253 4175 2417 4229 αὐτοῦ
2458 4176 2750 4246 διήκουσαν
2799 4175 2946 4229 Υἱόν.
2981 4176 3046 4230 Εἰ
3083 4175 3141 4228 δέ
3184 4193 3263 4247 τῳ
3294 4176 3442 4229 δοκεῖ
3468 4175 3827 4248 πλατυτέροις

2254 4269 2573 4340 θεωρήμασι
2628 4267 2935 4339 βασανίζειν
2975 4268 3034 4322 τὸ
3065 4268 3386 4342 εἰρημένον,
3442 4269 3827 4322 ἀποσκοπείτω

2254 4359 2377 4414 καθ’
2433 4359 2623 4414 ἑαυτὸν
2673 4361 2766 4413 καὶ
2803 4361 2872 4413 τὰ
2911 4361 2976 4413 δι’
3022 4361 3250 4416 ἑκάστου
3289 4360 3398 4414 τῶν
3431 4360 3603 4429 ἁγίων
3649 4375 3826 4429 παρα-

2261 4451 2428 4518 δόξως
2473 4452 2844 4522 γεγενημένα,
2886 4453 2979 4506 καὶ
3019 4451 3088 4506 τά
3136 4451 3224 4506 διὰ
3267 4452 3361 4505 τοῦ
3391 4451 3646 4523 Σωτῆρος
3671 4451 3830 4522 ἡμῶν

572 4541 724 4589 terea
771 4536 1040 4607 scriptum
1094 4547 1178 4593 est
1230 4539 1298 4594 de
1354 4536 1696 4609 Unigenito:
1738 4557 1756 4590 ι
1814 4539 2142 4600 Benedictus

2258 4540 2517 4612 Χριστοῦ,
2559 4541 2652 4594 καὶ
2681 4540 2948 4611 τοσαύτην
2981 4536 3146 4594 οὖσαν
3171 4539 3395 4611 εὑρήσει
3421 4539 3518 4609 τὴν
3539 4537 3825 4609 διαφορὰν,

573 4626 666 4695 qui
715 4628 862 4682 venit
917 4631 970 4683 in
1003 4629 1227 4683 nomine
1257 4627 1477 4682 Domini
1501 4630 1569 4684 ".
1603 4648 1621 4680 ι
1652 4628 1726 4685 De
1772 4633 1982 4689 sanctis
2018 4650 2150 4691 vero

576 4716 722 4772 Deus
748 4732 811 4772 ac
831 4717 990 4774 Pater
1015 4719 1092 4772 ait
1123 4735 1136 4772 :
1170 4737 1188 4768 ι
1233 4717 1298 4770 Et
1318 4717 1441 4772 misi
1473 4717 1540 4772 ad
1570 4733 1669 4773 vos
1715 4735 1908 4777 omnes
1960 4738 2149 4781 servos

576 4824 728 4865 meos
759 4811 1056 4881 prophetas
1087 4810 1155 4863 ".
1192 4829 1210 4861 ι
1237 4808 1584 4876 Quinetiam,
1634 4812 1711 4866 illi
1763 4828 2000 4884 superna
2037 4816 2150 4870 vir-

577 4907 691 4952 tute
713 4899 900 4953 donati
935 4906 1066 4953 snnt
1093 4915 1106 4950 :
1136 4896 1226 4950 hic
1251 4906 1433 4951 autem
1459 4906 1543 4953 est
1564 4900 1831 4955 virtutum
1861 4900 2146 4958 Dominus.

579 5008 598 5042 ι
633 4987 691 5044 Si
725 5004 833 5043 non
890 4987 1034 5041 facio
1083 5000 1251 5055 Opera
1298 4983 1476 5042 Patris
1529 4988 1670 5051 mei,
1730 4989 1928 5058 inquit,
1973 4990 2147 5044 nolite

573 5081 708 5137 mihi
747 5078 990 5132 credere.
1045 5077 1103 5131 Si
1137 5085 1318 5132 autem
1349 5077 1518 5142 facio,
1559 5089 1612 5134 et
1642 5080 1686 5134 si
1715 5080 1849 5133 mihi
1877 5096 1986 5134 non
2026 5097 2147 5136 ere-

574 5170 727 5230 ditis,
755 5169 1014 5237 operibus
1052 5169 1188 5224 meis
1221 5169 1429 5224 credite
1454 5171 1523 5224 ⁸⁷.
1565 5189 1583 5222 ι
1619 5169 1810 5240 Itaque
1841 5172 1888 5226 si
1918 5188 1985 5227 ex
2013 5174 2147 5243 ipsis

573 5259 834 5330 operibus
859 5259 1011 5312 Patri
1036 5260 1235 5316 virtute
1259 5261 1489 5330 aaqualis
1520 5259 1850 5330 Unigenitus
1879 5277 2000 5317 esse
2022 5278 2145 5318 cer-

575 5353 744 5416 nitur,
775 5351 970 5422 aequali
1013 5352 1204 5423 utique
1235 5353 1412 5424 gloria
1447 5367 1571 5408 cum
1625 5351 1789 5408 Patre
1829 5354 2024 5409 merito
2057 5371 2147 5410 ce-

572 5442 900 5513 lebrabitur,
925 5445 1161 5500 maxime
1188 5459 1312 5501 cum
1349 5445 1640 5516 aequaliter
1685 5454 1964 5516 operetur.
2001 5445 2146 5502 Tan-

573 5540 689 5589 tum
737 5544 955 5603 autem,
1005 5537 1133 5592 licet
1167 5538 1240 5593 sit
1277 5536 1333 5592 in
1376 5553 1564 5603 carne,
1619 5539 1684 5593 ad
1741 5538 2145 5594 fraternitatem

572 5632 796 5682 vocatos
856 5629 1172 5700 superabit,
1222 5637 1488 5702 quantum
1561 5629 1810 5685 homines
1873 5630 2146 5686 naturalis

642 5803 875 5860 "Rom.
931 5821 1048 5868 VIII,
1102 5809 1186 5864 l5.

2245 4635 2375 4703 ὅσην
2403 4631 2504 4703 ἤδη
2531 4631 2894 4703 προλαϐόντες
2927 4632 3227 4704 εἰρήκαμεν
3246 4648 3260 4662 ’
3301 4629 3436 4702 πρὸς
3474 4630 3532 4684 δέ
3560 4646 3623 4699 γε
3652 4627 3828 4699 τούτῳ

2257 4725 2498 4778 κάκεῖνο.
2534 4725 2597 4776 0i
2649 4724 2746 4793 μὲν
2775 4724 2883 4794 γὰρ
2921 4724 2996 4786 ὡς
3047 4722 3253 4775 οἰκέται
3296 4722 3511 4792 γνήσιοι
3557 4722 3687 4791 περὶ
3736 4720 3829 4772 τὸν

2245 4809 2392 4869 οἶκόν
2432 4815 2603 4877 εἰσιν,
2636 4816 2664 4867 6
2697 4815 2751 4868 δὲ
2783 4816 2858 4878 ὡς
2887 4814 3013 4878 Υἱὸς
3045 4814 3136 4867 ἐπὶ
3177 4812 3268 4866 τὸν
3315 4809 3463 4867 οἷκον
3493 4810 3658 4865 αὐτοῦ
3683 4828 3696 4842 ·
3732 4810 3828 4865 καὶ

2247 4906 2377 4977 περὶ
2411 4906 2508 4976 μὲν
2535 4905 2630 4958 τοῦ
2659 4906 2995 4975 Μονογενοῦς
3027 4908 3059 4977 ὴ
3089 4905 3208 4959 θεία
3233 4905 3382 4974 λέγει
3424 4906 3638 4976 Γραφή·
3670 4923 3690 4956 ι
3719 4904 3826 4956 Εὐ-

2250 4996 2547 5068 λογημένος
2589 4999 2618 5050 6
2657 4999 2948 5069 ἐρχόμενος
2991 4998 3048 5050 ὲν
3089 4997 3315 5068 ὀνόματι
3358 4996 3598 5067 Κυρίου’
3642 5014 3661 5048 ι
3699 4995 3827 5065 περὶ

2251 5087 2308 5142 δὲ
2333 5089 2437 5142 τῶν
2471 5090 2639 5158 ἁγίων
2669 5092 2697 5144 6
2736 5091 2866 5154 Θεὸς
2912 5089 3008 5143 καὶ
3051 5091 3240 5161 Πατήρ
3264 5106 3278 5121 ⁸
3325 5108 3343 5140 ι
3379 5090 3490 5142 Καὶ
3530 5087 3826 5142 ἀπέστειλα

2254 5180 2390 5252 πρὸς
2411 5181 2554 5252 ὑμᾶς
2581 5181 2787 5244 πάντας
2805 5183 2930 5244 τοὺς
2951 5180 3170 5244 δούλους
3197 5197 3298 5251 μου
3321 5181 3450 5244 τοὺς
3472 5181 3778 5250 προφήτας.
3803 5195 3822 5229 ι

2255 5271 2362 5324 Καὶ
2390 5273 2438 5325 oi
2472 5272 2570 5342 μὲν
2615 5272 2711 5343 τὴν
2740 5271 2946 5327 ἀνωθεν
2974 5272 3304 5337 ἐδανείζοντο
3335 5271 3592 5342 δύναμιν·
3618 5273 3645 5325 6
3668 5271 3725 5324 δὲ
3753 5271 3828 5333 ὡς

2252 5362 2362 5416 τῶν
2393 5364 2677 5435 δυνάμεων
2721 5365 2947 5436 Κύριος,
2989 5386 3008 5419 ι
3056 5368 3122 5423 Εἰ
3164 5367 3224 5421 ού
3257 5366 3396 5420 ποιῶ
3444 5367 3515 5420 τὰ
3552 5366 3692 5439 ἔργα
3733 5364 3832 5419 τοῦ

2254 5454 2467 5523 Πατρός
2509 5471 2642 5524 μου,
2687 5457 2860 5526 φησὶ,
2915 5457 2990 5530 μὴ
3033 5457 3315 5513 πιστεύετέ
3353 5473 3465 5528 μοι·
3493 5459 3542 5513 εἰ
3573 5457 3633 5512 δὲ
3667 5457 3828 5522 ποιῶ,
3887 5490 3892 5496 -

2252 5545 2355 5605 κᾶν
2386 5547 2509 5616 ἐμοὶ
2539 5548 2615 5618 μὴ
2646 5549 2959 5621 πιστεύητε,
2985 5553 3096 5614 τοῖς
3127 5550 3309 5622 ἔργοις
3333 5567 3434 5622 μου
3466 5549 3777 5604 πιστεύετε.
3806 5569 3826 5602 ι

2251 5636 2459 5691 οὐκοῦν
2490 5639 2539 5690 εἰ
2561 5640 2809 5706 τοσοῦτος
2834 5643 2911 5704 εἰς
2934 5642 3211 5713 δύναμινό
3230 5643 3562 5712 Μονογενῆς,
3591 5643 3830 5711 ὃσοσπερ

1263 5808 1540 5880 "Ephes.
1595 5825 1652 5874 ιι,
1709 5810 1790 5864 l6.
1869 5810 2079 5866 "Psal.
2131 5828 2142 5868 ι

2245 5828 2297 5877 ιι,
2348 5815 2436 5870 '26.
2513 5817 2558 5848 ³⁶
2606 5816 2804 5874 Jercm.
2855 5836 2953 5887 vti,
2993 5821 3081 5876 25.
3161 5822 3206 5854 ⁸⁷
3239 5821 3396 5877 Joan.
3436 5821 3621 5887 1,·57,
3662 5822 3756 5877 58.
