4090 6266
346 343 452 401 165

1395 335 1460 390 ΙΝ
1484 331 1776 392 ιοΑΝΝιε
1807 333 2260 391 EVANGELIUM
2299 334 2432 390 LIB.
2477 333 2516 388 Ι.

3502 334 3611 390 166

346 459 415 514 ἂν
451 457 541 529 εἴη
579 456 677 512 καὶ
712 455 742 507 6
774 454 987 524 Πατὴρ,
1015 454 1084 507 δι’
1116 453 1297 508 αὐτῶν
1337 453 1532 522 δρᾶται
1580 452 1691 506 τῶν
1726 452 1922 524 ἔργων’

2032 454 2177 509 Deus
2199 494 2213 518 ,
2243 463 2297 508 et
2329 452 2473 507 ﬁlios
2500 451 2790 521 adoptivos
2819 456 3045 518 superat
3067 461 3251 503 verus.
3281 444 3458 502 Porro
3479 461 3606 504 cum

350 547 701 618 ίσοστάθμοις
743 545 1020 613 ἀναλόγως
1069 542 1541 614 μεγαλυνθήσεται
1570 541 1750 607 δόξαις
1774 583 1788 607 ,
1830 542 1926 596 ἆτε

347 640 414 711 δὴ
465 640 562 693 καὶ
613 636 720 691 τῶν
775 636 905 689 ἴσων
959 633 1230 704 ἐργάτηςο
1288 631 1544 704 ὑπερέξει
1595 631 1652 686 δὲ
1711 632 1928 695 πάντως

347 729 620 792 τοσοῦτον,
649 729 742 782 καὶ
763 729 819 780 ὲν
849 726 1015 798 σαρκὶ
1040 725 1300 794 γεγονὼς,
1334 726 1460 788 τοὺς
1489 725 1568 788 είς
1592 723 1928 794 ἀδελφότητα

349 820 746 893 κεκλημένους,
790 820 911 873 ὅσον
943 816 1264 888 ἀνθρώπους
1300 817 1330 868 6
1378 816 1524 870 κατά
1567 816 1728 885 φύσιν
1769 815 1924 882 Θεὸς,

351 914 444 966 καὶ
469 913 616 976 υἱοὺς
636 913 763 975 τοὺς
789 909 928 964 κατά
955 909 1103 963 θέσιν
1121 911 1149 963 6
1172 909 1312 963 κατά
1335 909 1596 980 ἀλήθειαν
1620 908 1923 973 ἐξάλλεται.

361 1003 577 1075 Ἐπειδὴ
630 1003 686 1056 δὲ
742 1003 1051 1072 γέγραπται
1089 1001 1240 1071 παρά
1293 999 1372 1071 τῷ
1417 999 1672 1070 μακαρίῳ
1711 999 1918 1068 Λουκᾷ·

351 1113 370 1146 ι
423 1095 629 1167 Ἰησοῦς
677 1094 736 1148 δὲ
795 1093 1135 1164 προέκοπτεν
1173 1093 1231 1144 ὲν
1270 1093 1432 1164 σοφίᾳ
1483 1093 1580 1146 καὶ
1638 1090 1818 1162 χάριτι
1844 1110 1856 1122 ·
1895 1108 1915 1141 ι

351 1187 686 1258 σημειωτέον
711 1187 769 1239 ὲν
789 1186 1022 1252 τούτοις,
1039 1185 1120 1239 ὅτι
1147 1184 1384 1252 πλήρης
1415 1183 1650 1253 χάριτος
1665 1181 1807 1252 ἔχειν
1827 1181 1929 1252 τὴν

343 1277 499 1343 δόξαν
521 1277 626 1350 ἔφη
661 1278 754 1331 τὸν
787 1277 912 1331 Υίὸν
933 1280 962 1330 6
1001 1277 1445 1348 πνευματοφόρος
1471 1290 1485 1304 ·
1523 1271 1642 1328 εἶτα
1677 1277 1768 1328 ποῖ
1795 1289 1927 1326 ποτε

347 1371 611 1441 προκόψει
652 1370 714 1424 τὸ
751 1370 956 1440 πλῆρες
976 1410 992 1436 ,
1020 1369 1054 1439 ἢ
1101 1371 1258 1422 ποίαν
1289 1368 1423 1431 ὅλως
1457 1365 1759 1430 ὲπιδέξεται
1791 1382 1929 1436 προ-

349 1462 591 1533 σθήκην,
634 1456 695 1515 οὗ
734 1461 994 1514 ἐπέκεινα
1028 1459 1224 1530 μηδέν;
1259 1459 1468 1514 Οὐκοῦν
1491 1499 1506 1524 ,
1545 1460 1645 1530 ούχ
1757 1459 1929 1528 Λόγος

348 1557 469 1609 ἐστι
499 1555 595 1608 καὶ
618 1553 751 1616 Θεὸς
782 1552 1114 1622 προκόπτειν
1136 1552 1372 1621 εἴρηται,
1408 1550 1522 1603 ἀλλ’
1549 1553 1631 1604 ὅτι
1663 1550 1926 1620 μειζόνως

349 1649 441 1701 ἀεὶ
469 1645 904 1715 θαυμαζόμενος,
941 1643 1290 1714 χαριέστερος
1318 1642 1468 1713 παρά
1505 1646 1618 1706 τοῖς
1640 1643 1808 1714 ὁρῶσι
1839 1641 1926 1695 διὰ

2023 544 2168 616 apud
2207 545 2426 600 beatum
2458 542 2660 596 Lucam
2699 542 2968 610 scriptum
3000 540 3076 596 sit
3108 558 3122 594 :
3162 558 3182 592 ι
3218 537 3380 595 Jesus
3423 549 3604 595 autem

2023 635 2340 707 proﬁciebat
2362 633 2626 703 sapientia
2660 639 2714 688 et
2738 634 2914 702 gratia
2935 627 3050 696 ⁸⁸),
3103 631 3507 687 observandum
3524 639 3609 686 est

2025 725 2116 780 hic
2171 724 2567 795 evangelistam
2621 723 2832 778 dixisse
2884 720 3082 776 Filium
3141 723 3362 793 plenum
3427 722 3609 791 gratia

2028 818 2230 874 habere
2261 817 2514 888 gloriam.
2537 816 2605 870 At
2635 815 2916 885 quomodo
2944 813 3200 886 proﬁciet
3229 813 3280 868 id
3309 812 3458 884 quod
3493 812 3609 882 ple-

2029 924 2159 962 num
2179 918 2286 975 est,
2310 915 2405 961 aut
2429 907 2560 976 quid
2595 907 2668 969 ei,
2699 920 2908 976 quaeso,
2961 905 3225 961 accedere
3253 911 3432 974 potest
3465 903 3609 958 ultra

2029 1000 2176 1070 quod
2230 999 2368 1053 nihil
2417 998 2538 1054 est?
2593 997 2766 1068 igitur
2817 1011 2931 1051 non
2967 1009 3076 1066 qua
3129 993 3370 1050 Verbum
3418 1000 3504 1048 est
3543 1006 3609 1046 ac

2031 1089 2200 1156 Deus,
2249 1088 2428 1142 dictus
2478 1095 2563 1142 est
2610 1087 2896 1157 proiicere,
2942 1084 3039 1141 sed
3090 1084 3236 1155 quod
3274 1084 3448 1152 magis
3487 1095 3607 1135 ma-

2025 1182 2220 1254 gisque
2241 1179 2650 1234 admirationem
2673 1178 2756 1234 sui
2787 1176 3073 1248 praeberet,
3093 1192 3163 1235 ex
3181 1175 3446 1246 operibus
3474 1173 3610 1244 ipsis

2027 1274 2200 1344 gratia
2245 1271 2301 1326 in
2334 1271 2453 1326 dies
2479 1269 2664 1341 augeri
2701 1269 3106 1340 spectatoribus
3132 1267 3442 1331 videbatur,
3475 1279 3604 1335 pro-

2031 1365 2246 1420 ﬁciente
2266 1365 2474 1434 potius,
2514 1373 2566 1415 ut
2595 1377 2725 1417 vere
2760 1361 2962 1425 dicam,
2981 1359 3369 1414 admirantium
3393 1357 3602 1419 babitu,

2029 1471 2192 1526 quam
2218 1454 2338 1524 ipso
2371 1452 2438 1507 ad
2471 1453 2730 1524 gratiam,
2763 1452 2857 1522 qui
2889 1451 3166 1522 perfectus
3193 1459 3298 1516 est,
3343 1457 3403 1504 ut
3435 1447 3602 1505 Deus.

2030 1550 2209 1617 Atque
2235 1547 2349 1601 haec
2372 1559 2836 1600 commemorasse
2865 1559 2973 1599 non
3007 1545 3114 1599 erit
3160 1545 3371 1609 inutile,
3405 1557 3605 1612 quam-

2031 1642 2114 1696 vis
2145 1638 2544 1709 aliquantulum
2580 1637 2827 1706 digressa
2855 1638 2923 1690 sit
2963 1639 3161 1691 oratio.

351 1738 462 1790 τῶν
497 1737 950 1807 ἀποτελεσμάτων
979 1735 1356 1799 ἀνεδείκνυτο,
1407 1737 1849 1807 προκοπτούσης,
1877 1735 1951 1798 ὡς
1991 1734 2106 1788 ἐστι
2139 1732 2338 1804 μᾶλλον
2369 1733 2542 1785 εἰπεῖν
2577 1729 2956 1801 ἀληθέστερον,
2996 1729 3095 1797 τῆς
3132 1727 3240 1780 τῶν
3304 1724 3607 1794 θαυμαζόν-

353 1838 467 1883 των
518 1829 718 1896 ἕξεως,
753 1829 898 1900 ἥπερ
931 1827 1100 1882 αὐτου
1144 1826 1239 1881 τοῦ
1278 1827 1520 1894 τελείου,
1571 1829 1706 1900 πρὸς
1745 1829 1920 1900 χάριν,
1960 1828 2037 1891 ὡς
2069 1827 2224 1881 Θεοῦ.
2257 1824 2512 1897 Εἰρήσθω
2546 1821 2837 1876 καὶταῦτα
2889 1819 3194 1890 χρησίμως,
3225 1819 3274 1871 εί
3332 1818 3426 1871 καὶ
3491 1816 3606 1870 ἐστι

358 1921 759 1993 παρεκϐατικὸς
780 1922 810 1974 6
840 1917 1017 1988 λόγος.

407 2041 682 2108 Ἰωάννης
715 2035 1009 2108 μαρτυρεῖ
1046 2035 1182 2105 περὶ
1215 2035 1424 2102 αὐτοῦ,
1455 2037 1554 2093 καὶ
1583 2037 1893 2108 κέκραγεν.

2103 2031 2153 2099 l,
2190 2032 2278 2086 15.
2311 2030 2547 2086 Joannes
2597 2029 2952 2085 testimonium
3000 2025 3232 2096 perhibet
3277 2030 3342 2080 de
3392 2026 3504 2095 ipso
3555 2036 3609 2084 et

437 2209 751 2264 Ἀκολουθεῖ
780 2209 944 2263 πάλιν
969 2212 1092 2274 ταῖς
1117 2210 1277 2274 ίδίαις
1300 2211 1530 2274 ἐννοίαις
1559 2213 1588 2266 6
1619 2213 1931 2282 σοφώτατος

349 2302 768 2372 εὐαγγελιστὴς,
801 2302 896 2356 καὶ
921 2301 997 2366 ὡς
1025 2303 1136 2366 τοῖς
1161 2303 1337 2356 ὀπίσω
1378 2303 1817 2373 χρεωστούμενον
1838 2304 1931 2356 τὸν

349 2395 550 2465 ἑφεξῆς
593 2393 884 2465 εὐρύθμως
923 2396 1160 2447 ποιεῖται
1207 2394 1384 2462 λόγον.
1428 2394 1644 2465 Ἐπειδὴ
1674 2395 1784 2463 γάρ
1827 2395 1930 2466 ἔφη

350 2488 480 2558 περὶ
504 2485 600 2540 τοῦ
641 2485 772 2538 Υἱοῦ
820 2484 916 2538 τοῦ
950 2486 1110 2548 Θεοῦ,
1150 2505 1169 2537 ι
1217 2485 1591 2556 ἘΘεασάμεθα
1633 2487 1732 2558 τὴν
1777 2485 1934 2552 δόξαν

347 2577 538 2642 αὐτοῦ,
569 2576 724 2641 δόξαν
752 2576 828 2640 ὡς
857 2576 1221 2646 Μονογενοῦς,
1263 2596 1281 2630 ι
1324 2577 1410 2631 ἵνα
1459 2577 1532 2648 μὴ
1590 2578 1748 2648 μόνος
1808 2578 1936 2648 φαί-

348 2683 510 2737 νηται
531 2668 689 2721 τοῦτο
735 2667 931 2736 λέγων,
965 2669 1065 2740 οὐχ
1092 2669 1174 2724 ἑνὶ
1206 2668 1484 2741 προσώπῳ
1518 2669 1614 2724 τοῦ
1649 2689 1667 2723 ι
1703 2670 1936 2725 ἐθεασάο

358 2758 503 2831 μεθα
534 2779 553 2812 ι
586 2761 908 2830 πρέποντος,
928 2761 1019 2816 τὸν
1046 2759 1331 2833 ὁμώνυμον
1369 2762 1630 2816 συνάπτει
1661 2763 1933 2833 μάρτυρα,

351 2851 486 2920 μίαν
515 2851 708 2922 ἔχοντα
739 2853 877 2922 πρὸς
913 2852 1079 2907 αὐτὸν
1135 2854 1229 2906 καὶ
1272 2855 1372 2925 τὴν
1403 2854 1574 2924 αὐτὴν
1623 2854 1931 2922 εὐσέϐειαν.

348 2942 656 3014 Μαμυρῶ,
686 2945 842 3014 φησι,
879 2942 1166 3014 τοιγαροῦν
1190 2943 1302 3012 ἐγὼ
1333 2944 1619 3014 (τεθέαμαι
1650 2945 1760 3018 γὰρ
1795 2946 1934 3018 ὅπερ

353 3026 535 3103 εἷπον)
557 3073 569 3093 .
606 3037 871 3104 μαρτυρεῖ
907 3034 962 3088 δὲ
989 3035 1190 3106 ὁμοίως
1219 3035 1314 3088 καὶ
1339 3037 1366 3088 6
1389 3036 1720 3108 Βαπτιστής.
1762 3035 1934 3101 Ἀξιο-

350 3121 643 3194 λογωτάτη
682 3123 790 3178 τῶν
845 3127 1312 3197 πνευματοφόρων
1338 3127 1470 3189 δυάς
1501 3128 1596 3180 καὶ
1633 3126 1934 3198 ἀξιόχρεως

349 3213 617 3284 ξυνωρὶς,
647 3214 876 3286 ἀληθεία
919 3216 1438 3288 συντεθραμμένων,
1478 3220 1572 3272 uai.
1593 3219 1693 3272 οὐκ
1719 3219 1936 3272 εἰδότων

343 3305 412 3358 τὸ
456 3304 770 3374 ψεύδεσθαι.
820 3306 927 3360 Θέα
978 3307 1035 3360 δὲ
1085 3309 1233 3372 ὅπως
1276 3311 1766 3381 ὲμφαντικωτάτην
1805 3311 1935 3381 ἡμῖν

2031 2124 2252 2178 clamat.

2103 2214 2294 2269 Eidem
2347 2211 2633 2267 sententiae
2677 2210 2885 2267 insistit
2927 2210 3380 2281 sapientissimus
3433 2224 3608 2264 evan-

2031 2303 2248 2373 gelista,
2285 2309 2339 2357 et
2363 2301 2724 2371 posteriorem
2766 2313 3074 2354 sermonem
3112 2299 3361 2369 apposite
3400 2313 3607 2354 conne-

2031 2395 2130 2450 ctit
2161 2393 2516 2464 praecedenti.
2565 2391 2702 2460 Nam
2735 2406 2862 2446 cum
2896 2391 2965 2447 de
3012 2389 3151 2446 Filio
3187 2390 3281 2447 Dei
3332 2391 3604 2447 dixisset:

2037 2505 2057 2539 ι
2097 2485 2348 2541 Vidimus
2403 2485 2637 2556 gloriam
2700 2483 2852 2554 ejus,
2909 2484 3140 2554 gloriam
3194 2485 3353 2554 quasi
3403 2483 3609 2554 l‘nige-

2034 2581 2153 2643 uiti,
2193 2599 2212 2632 ι
2248 2594 2318 2635 ne
2358 2580 2512 2634 solus
2542 2577 2692 2633 istud
2739 2577 2928 2633 dicere
2965 2577 3266 2642 videretur,
3301 2591 3427 2631 cum
3458 2595 3478 2628 ι
3511 2575 3606 2630 Vi-

2033 2671 2238 2736 dimus,
2272 2689 2292 2722 »
2325 2686 2432 2727 non
2461 2671 2556 2724 uni
2585 2685 2836 2740 persona:
2879 2670 3188 2733 conveniat,
3219 2669 3604 2739 cognominem

2034 2767 2138 2822 sibi
2197 2773 2397 2819 testem
2439 2764 2710 2833 adjungit,
2752 2777 2866 2831 una
2919 2777 3103 2818 secum
3150 2770 3206 2817 et
3238 2762 3428 2818 eadem
3477 2777 3608 2832 erga

2033 2857 2202 2914 Deum
2238 2858 2441 2927 pietate
2462 2855 2775 2926 praeditum.
2807 2854 3005 2909 Testor
3036 2855 3222 2925 igitur,
3252 2855 3458 2924 inquit,
3483 2869 3606 2924 ego,

2034 2948 2427 3022 (spectavi99
2447 2949 2594 3004 enim
2627 2950 2772 3018 quod
2798 2948 2935 3019 dixi)
2961 2987 2976 3012 ,
3006 2948 3390 3002 testaturitem
3421 2947 3606 3017 Bapti-

2033 3051 2138 3098 sta.
2210 3040 2606 3110 Dignissimum
2670 3055 2768 3111 par
2826 3039 3206 3110 theologorum
3273 3040 3608 3109 testiumque

2032 3133 2390 3201 locupletum,
2443 3133 2538 3201 qui
2582 3131 2804 3186 veritati
2841 3131 3096 3185 innutriti
3149 3138 3277 3187 sunt
3328 3143 3383 3185 et
3425 3133 3608 3187 omnis

2032 3216 2306 3271 mendacii
2350 3218 2549 3272 nescii.
2581 3217 2760 3272 Cerue
2805 3226 2987 3272 autem
3039 3233 3155 3288 quo
3205 3227 3368 3287 pacto
3402 3220 3610 3288 signifi-

2033 3308 2355 3363 cautissime
2397 3308 2450 3361 id
2487 3309 2648 3362 nobis
2678 3315 2937 3378 exponat.
2981 3308 3098 3363 Non
3131 3311 3275 3364 enim
3309 3313 3485 3366 solum
3533 3313 3609 3367 ait

344 3396 654 3466 ἐποιήσατο
683 3395 782 3468 τὴν
809 3395 1086 3469 ἐξήγησιν.
1116 3400 1192 3452 Οὐ
1220 3398 1330 3467 γὰρ
1361 3399 1522 3466 μόνον
1550 3401 1631 3453 ὅτι
1667 3403 1929 3470 μαρτυρεῖ

2036 3394 2304 3452 Joannem
2341 3397 2530 3451 testari
2561 3396 2630 3451 de
2663 3399 2805 3467 ipso,
2843 3399 2940 3452 sed
2970 3399 3136 3452 etiam
3169 3400 3412 3455 clamare
3463 3402 3610 3456 utili-

341 3503 523 3559 φησιν
556 3488 584 3539 6
624 3487 874 3558 Ἰωάννης
900 3489 1030 3560 περὶ
1074 3489 1266 3556 αὐτοῦ,
1303 3491 1629 3561 προστίθησι
1662 3490 1717 3544 δὲ
1741 3491 1934 3562 χρησί-

337 3595 490 3650 μως,
539 3577 621 3630 ὅτι
663 3579 758 3632 καὶ
802 3580 1093 3650 κέκραγεν,
1147 3581 1255 3634 ἀπὸ
1284 3581 1380 3635 τοῦ
1405 3623 1419 3648 ,
1455 3600 1474 3635 ι
1507 3582 1662 3654 Φωνὴ
1703 3583 1934 3651 βοῶντος

332 3671 396 3724 ἐν
433 3670 505 3740 τῇ
545 3669 734 3740 ἐρήμῳ
760 3708 775 3734 ,
807 3688 827 3722 ι
861 3670 1153 3741 λαμϐάνων
1187 3672 1281 3725 τοῦ
1313 3672 1473 3741 λόγου
1509 3675 1606 3745 τὴν
1630 3673 1928 3742 άπόδειξιν,’

331 3761 534 3824 καλῶς
563 3761 619 3813 δὲ
647 3763 740 3814 καὶ
773 3764 932 3816 τοῦτο
965 3763 1109 3819 λίαν.
1155 3764 1445 3836 Ἐνεχώρει
1485 3766 1592 3838 γάρ
1629 3784 1782 3831 τινας
1819 3767 1930 3822 τῶν

323 3853 397 3906 δι’
437 3852 701 3916 ἐναντίας
741 3855 936 3909 εἰπεῖν·
998 3856 1137 3909 Πότε
1176 3856 1255 3927 τῷ
1303 3858 1599 3926 Μονογενεῖ
1652 3858 1933 3930 μεμαρτύ-

323 3963 510 4017 ρηκεν
554 3944 583 3997 6
612 3945 948 4016 Βαπτιστὴς,
993 3947 1027 4018 ἢ
1057 3949 1152 4002 καὶ
1177 3948 1318 4002 τίσιν
1345 3951 1550 4014 ἐκεῖνος
1575 3953 1703 4021 περὶ
1727 3951 1933 4005 τούτων

320 4033 788 4099 ἀνεκοινώσατο;
837 4035 1127 4105 Κέκραγεν
1169 4036 1294 4102 οὖν,
1339 4041 1543 4111 φησιν,
1586 4041 1731 4094 τοῦτ’
1762 4041 1930 4108 ἔστιν,

320 4128 432 4180 οὐκ
463 4128 528 4178 ὲν
563 4125 904 4195 παραϐύστῳ
930 4127 1104 4193 λαλεῖ,
1146 4131 1246 4183 οὐκ
1270 4131 1476 4203 ἠρέμα,
1512 4133 1606 4186 καὶ
1633 4131 1934 4204 ψιθυρίζων

323 4218 664 4290 μαρτυρεῖ·
704 4215 1000 4287 σάλπιγγος
1030 4220 1235 4291 ἀκούσῃ
1277 4221 1508 4286 ϐοῶντος
1554 4224 1929 4295 εὐηχέστερον.

271 4319 288 4330 ‘
319 4312 404 4364 οὐ
451 4307 633 4378 μόνος
662 4305 899 4370 ἀκούσας
927 4309 995 4363 τὰ
1023 4311 1250 4367 τοιαῦτά
1281 4331 1443 4385 φημι,
1479 4316 1689 4379 πλατὺς
1719 4317 1814 4372 καὶ
1853 4319 1932 4382 εἰς

319 4401 561 4460 πάντας
594 4397 621 4447 6
649 4396 824 4465 λόγος,
847 4399 1096 4472 λαμπρὸς
1117 4405 1144 4456 6
1168 4405 1363 4476 κήρυξ,
1395 4406 1667 4479 ἐπίσημος
1693 4411 1726 4480 ὴ
1756 4409 1928 4481 φωνὴ,

319 4492 521 4565 μέγας
566 4485 665 4539 καὶ
708 4487 809 4539 οὐκ
835 4488 1107 4556 ἄγνωστος
1133 4494 1161 4544 6
1196 4495 1516 4567 πρόδρομος.

2039 3498 2122 3544 ιει·
2161 3487 2349 3556 addit,
2400 3497 2618 3559 sumpta
2663 3490 2956 3570 occasione
2993 3508 3057 3546 ex
3087 3491 3181 3545 illo
3214 3493 3384 3559 dicto,
3423 3513 3442 3546 ι
3489 3494 3606 3551 Vox

2034 3581 2327 3636 clamantis
2355 3581 2408 3634 in
2431 3580 2710 3635 deserto”
2730 3599 2778 3648 ;›
2814 3591 2964 3637 recte
2996 3597 3164 3638 sane:
3196 3593 3425 3653 possent
3457 3587 3603 3640 enim

2031 3687 2276 3743 querere
2287 3671 2968 3742 adversarii,quandonam
2985 3675 3052 3728 de
3064 3671 3361 3745 Unigenito
3377 3684 3607 3732 testatus

2031 3773 2118 3820 est
2136 3763 2404 3835 Baptista,
2421 3770 2515 3818 aut
2537 3764 2866 3834 quibuscum
2887 3766 2953 3820 de
2983 3766 3136 3822 hisce
3159 3767 3326 3823 rebus
3357 3781 3607 3823 commu-

2032 3856 2255 3911 nicavit.
2306 3857 2518 3911 Clamat
2574 3855 2761 3926 igitur,
2799 3856 3011 3926 inquit,
3067 3857 3174 3912 boc
3223 3867 3329 3922 est,
3380 3874 3489 3914 non
3548 3859 3605 3914 in

2031 3949 2248 4024 occulto
2277 3948 2539 4018 loquitur,
2585 3963 2696 4002 non
2735 3949 3012 4005 submisse
3043 3949 3266 4005 etclam
3302 3967 3605 4007 susurrans

2031 4046 2284 4095 testatur.
2320 4039 2529 4094 Tubam
2565 4041 2860 4094 clamantis
2892 4041 3061 4096 altius
3097 4042 3451 4096 insonantem
3507 4057 3606 4096 au-

2033 4128 2175 4186 dies.
2207 4130 2328 4185 Non
2360 4129 2475 4185 hec
2523 4131 2677 4186 solus
2716 4130 2868 4185 audit
2900 4131 3144 4192 scilicet,
3191 4132 3351 4202 longe
3389 4133 3604 4203 lateque

2033 4235 2217 4275 sermo
2263 4223 2507 4276 manavit
2533 4223 2588 4275 in
2619 4237 2842 4287 omnes,
2871 4236 3051 4284 praeco
3076 4221 3345 4287 illustris,
3377 4206 3534 4277 clara.
3549 4231 3605 4278 et

2033 4310 2291 4366 distincta
2323 4326 2462 4375 vox,
2514 4325 2746 4381 magnus
2803 4324 2905 4365 nec
2948 4310 3219 4366 obscurus
3272 4325 3604 4381 praeursor.

399 4575 622 4642 Οὗτος
658 4572 757 4647 ἦν,
779 4577 853 4631 ὃν
889 4575 1061 4634 εἷπον
1085 4599 1099 4611 ο
1141 4583 1200 4636 ’0
1229 4586 1419 4639 ὀπίσω
1445 4606 1565 4656 μου
1590 4589 1929 4660 ἐρχόμενος,

2103 4591 2156 4658 l,
2196 4593 2284 4648 15.
2325 4591 2427 4646 Hic
2455 4600 2605 4657 erat,
2630 4607 2780 4663 quem
2809 4591 2923 4645 dixi
2944 4609 2962 4646 :
3001 4592 3106 4659 Qui
3140 4603 3259 4663 post
3287 4611 3378 4648 me
3417 4605 3606 4649 ventu-

311 4669 696 4745 ἔμπροσθέν
720 4687 844 4739 μου
882 4672 1149 4741 γέγονεν,
1189 4675 1280 4730 ὅτι
1311 4677 1542 4746 πρῶτός
1579 4698 1698 4750 μου
1740 4679 1837 4754 ἦν,

2037 4699 2128 4736 rus
2153 4695 2264 4749 εει,
2297 4694 2418 4740 ante
2439 4702 2518 4740 me
2546 4685 2719 4754 factus
2744 4694 2858 4749 est;
2887 4686 3010 4755 quia
3032 4687 3181 4754 prior
3203 4704 3282 4741 me
3303 4696 3439 4744 erat.
3637 4746 3640 4750 λ

407 4760 742 4832 Ὀνομάσας
770 4763 862 4816 τὸν
892 4763 1148 4836 μάρτυρα
1179 4767 1268 4820 τὸν
1291 4769 1647 4842 ὁμογνώμονα
1670 4777 1763 4828 καὶ
1779 4775 1925 4847 ὁμώ-

2101 4775 2278 4830 Citato
2305 4784 2443 4831 teste
2485 4778 2729 4846 ejusdem
2761 4792 2946 4832 secum
2986 4780 3228 4834 nominis
3257 4794 3320 4833 ac
3377 4789 3601 4837 senten-

312 4875 500 4930 νυμον
528 4853 713 4924 αὐτῷ,
755 4857 848 4909 καὶ
895 4858 1111 4931 μεγάλῃ
1147 4859 1327 4927 δείξας
1374 4863 1822 4938 ἀποχρησάμενον
1857 4871 1924 4941 τῇ

2031 4870 2138 4933 tiae,
2171 4883 2335 4938 quem
2370 4883 2568 4938 magna
2603 4884 2737 4924 voce
2775 4885 2892 4924 suae
2927 4871 3337 4939 prredicationis
3355 4873 3598 4928 cilicium

310 4951 481 5021 φωνῇ
530 4945 681 5016 πρὸς
714 4946 813 5016 τὴν
843 4948 939 5002 τοῦ
985 4951 1345 5022 κηρύγματος
1393 4955 1690 5026 διακονίαν,
1726 4962 1928 5029 ἐπάγει

2031 4960 2293 5030 implesse
2328 4959 2509 5024 dixit,
2540 4963 2890 5016 commodum
2924 4961 3147 5032 subiicit
3192 4964 3381 5034 ejusce
3435 4969 3596 5023 testi-

308 5039 634 5114 χρησίμως
669 5037 764 5089 id“
807 5038 906 5108 τῆς
935 5043 1240 5113 μαρτυρίας
1273 5044 1366 5098 τὸν
1394 5047 1624 5116 τρόπον’
1659 5051 1716 5103 ὲν
1753 5051 1928 5123 τούτῳ

2031 5053 2202 5108 monii
2251 5052 2552 5117 rationem,
2607 5054 2662 5107 in
2717 5054 2823 5109 hoc
2875 5057 3019 5109 enim
3081 5059 3430 5126 potissimum
3479 5067 3595 5113 tota

307 5134 432 5208 γὰρ
481 5129 736 5203 μάλιστα
761 5129 978 5219 σύμπαν
1013 5128 1081 5204 ἦν
1113 5135 1173 5188 τὸ
1197 5135 1552 5209 ζητούμενον.
1587 5142 1651 5195 Τί
1693 5140 1783 5198 οὖν
1819 5147 1928 5217 ἄρα

2031 5147 2262 5215 quaestio
2296 5147 2550 5202 vertitur.
2606 5147 2748 5212 Quid
2799 5163 2930 5219 ergo
2981 5146 3248 5206 Joannem
3299 5152 3467 5205 istum
3527 5152 3596 5204 de

306 5228 408 5282 τὸν
444 5220 716 5277 τοιοῦτον
758 5214 1004 5290 Ἰωάννην
1037 5225 1456 5299 ἀνακεκραγότα
1480 5233 1726 5301 περὶτοῦ
1756 5214 1929 5290 Μονο-

2031 5214 2329 5309 ὒηίεεηὶιο
2395 5239 2666 5294 clamasse
2727 5214 3132 5309 comperiemus
3181 5261 3196 5296 :
3249 5260 3266 5292 ι
3309 5242 3411 5307 Qui
3473 5247 3593 5309 post

308 5317 520 5392 γενοῦς
554 5311 918 5383 εὑρήσομενς
965 5332 983 5364 ι
1036 5317 1093 5370 Ὀ
1131 5319 1304 5375 ὀπίσω
1341 5341 1440 5393 μου
1473 5325 1786 5396 ἐρχόμενος,
1827 5329 1925 5398 ἔμ-

2031 5345 2112 5383 me
2144 5339 2414 5384 venturus
2451 5339 2557 5393 est,
2606 5339 2733 5385 ante
2769 5348 2856 5386 me
2911 5332 3094 5387 factus
3131 5342 3233 5387 est.
3269 5332 3396 5399 quia
3443 5331 3595 5398 prior

308 5411 565 5485 προσθέν
608 5419 725 5476 μου
761 5403 971 5470 γέγονε,
1008 5405 1088 5460 δτι
1113 5411 1327 5480 πρῶτός
1365 5432 1466 5484 μου
1495 5411 1597 5486 ἦν.
1644 5437 1664 5469 ,
1697 5418 1873 5483 Βαθὺς
1898 5420 1927 5472 ὁ

2031 5436 2115 5475 me
2153 5421 2311 5474 erat?
2341 5441 2359 5472 ι
2402 5423 2561 5476 Altus
2602 5431 2687 5477 est
2732 5439 2932 5488 sermo,
2968 5432 3021 5477 et
3067 5424 3252 5475 multa:
3297 5421 3592 5487 indaginis.

305 5505 502 5572 λόγος,
544 5501 646 5552 καὶ
688 5489 896 5582 πολλὴν
925 5494 1011 5560 ἐφ’
1040 5496 1216 5567 ἑαυτῷ
1241 5499 1337 5570 τὴν
1377 5503 1610 5572 βάσανον
1645 5507 1891 5562 ἀπαιτῶν
1911 5523 1924 5538 °

2031 5508 2183 5563 Trita
2217 5513 2360 5565 enim
2386 5521 2438 5567 ct
2474 5515 2789 5582 pervulgata
2815 5514 3176 5582 plurimorum
3214 5510 3327 5562 lucc
3358 5517 3442 5562 est
3465 5526 3594 5566 sen—

307 5597 340 5664 ή
393 5593 502 5664 μὲν
550 5588 673 5658 γὰρ
721 5579 1012 5680 πρόχειρος
1055 5588 1169 5650 τοῖς
1206 5590 1415 5657 πολλοῖς
1463 5596 1555 5647 καὶ
1586 5598 1923 5668 τετριμμένη

2031 5605 2202 5658 lentia
2236 5623 2247 5658 :
2277 5603 2432 5671 Quod
2469 5579 2532 5660 ad
2585 5579 2924 5661 nativitatem
2977 5603 3161 5656 carnis
3205 5601 3422 5664 attinet,
3466 5601 3592 5660 Sal-

382 5757 401 5787 ¹¹
471 5753 618 5807 Luc.
675 5764 746 5804 II.
792 5745 879 5801 52.
946 5749 989 5779 δί’
1026 5748 1131 5803 lsa.
1167 5763 1255 5809 χι..
1311 5749 1369 5809 5;
1402 5747 1558 5804 Joan.
1595 5766 1632 5816 ι,
1671 5752 1757 5805 95.
