4090 6266
525 398 628 456 467

1541 385 1608 451 's.
1641 355 1920 452 ργιιιιιζι
1962 369 2438 446 ΑιεχλΝυίιιΝἱ
2477 376 2798 443 anc'ttt‘nr.

3701 373 3803 446 ἴδε

522 522 777 570 vatorem
831 513 1080 585 Baptista
1121 513 1438 586 praecessit,
1468 526 1521 570 et
1561 526 1787 572 secutus
1825 526 1913 571 est
1959 531 2100 586 quo-

2212 513 2440 580 διάνοια,
2474 511 2697 582 τοιαύτη
2727 527 2810 572 τις
2851 504 2987 562 οὖσα
3029 497 3288 576 τυγχάνει
3313 527 3326 539 ·
3357 509 3484 562 ὅσον
3521 509 3630 581 γὰρ
3668 505 3803 582 ἧκεν

523 605 844 672 dammodo,
879 615 937 662 et
989 621 1086 662 sex
1113 607 1410 661 mensibus
1453 609 1586 662 totis
1637 609 1912 678 posterior
1955 609 2109 662 visus

523 704 611 752 est
658 694 1022 760 Emmanuel,
1075 705 1135 750 ut
1181 697 1376 752 beatus
1414 695 1594 754 Lucas
1639 699 1907 752 narravit.
1967 695 2024 752 ld
2078 711 2110 751 a

523 786 741 844 Joanne
789 789 898 843 dici
929 788 1155 859 quidam
1185 789 1547 854 existimant,
1579 801 1637 844 ut
1672 791 1779 844 hoc
1809 799 1978 859 pacto
2019 789 2107 842 in-

527 883 808 951 telligatur
851 881 1024 946 illud,
1082 881 1300 936 ratione
1347 883 1528 937 atatis
1591 880 1851 936 nimir‘um
1885 900 1897 936 :
1937 900 1953 932 ι
2003 878 2109 946 Qui

529 980 653 1040 post
698 987 782 1026 me
829 981 1095 1027 venturus
1149 982 1271 1036 est,
1307 983 1435 1028 ant‘e
1469 989 1556 1028 me
1590 972 1770 1028 factus
1798 982 1902 1028 est.
1935 991 1954 1024 ›
2002 970 2108 1026 Sed

524 1066 619 1133 qui
656 1066 860 1121 divinis
903 1065 1144 1136 Scriptis
1176 1068 1364 1122 acrius
1393 1067 1595 1121 mentis
1627 1067 1821 1122 oculos
1857 1066 2111 1120 intende-

526 1157 634 1221 rit,
673 1156 911 1222 videbit,
972 1159 1211 1226 primum
1263 1155 1488 1226 quidem
1540 1157 1761 1212 inanem
1809 1173 1933 1213 esse
1966 1157 2110 1212 banc

525 1241 1044 1313 interpretationem
1079 1285 1094 1309 ,
1129 1253 1183 1299 et
1222 1260 1253 1298 a
1280 1245 1450 1301 rebus
1481 1245 1731 1316 quaesitis
1763 1246 1927 1317 longe
1958 1262 2110 1302 rece-

525 1334 675 1388 dere.
710 1337 1046 1404 Assumptus
1077 1338 1222 1390 enim
1259 1346 1343 1391 est
1387 1339 1542 1391 testis
1573 1350 1803 1392 sanctus
1834 1337 2106 1408 Baptista,

523 1438 636 1477 non
706 1433 763 1477 ut
827 1427 1139 1481 nativitatis
1192 1437 1439 1497 tempore
1495 1429 1660 1482 modo
1705 1429 2105 1497 posteriorem,

522 1517 686 1570 modo
711 1519 951 1587 priorem
986 1519 1274 1574 Christum
1311 1520 1665 1586 ostenderet,
1694 1521 1790 1576 sed
1825 1529 1886 1576 ut
1921 1521 2107 1593 is,qui

524 1624 628 1661 una
688 1619 1041 1679 spectaverat
1086 1630 1103 1662 ι
1153 1613 1386 1682 gloriam
1435 1613 1592 1682 ejus,
1654 1615 1890 1684 gloriam
1945 1616 2108 1684 quasi

527 1698 804 1770 Unigcniti
832 1719 861 1755 a
891 1701 1056 1756 Patre
1084 1703 1230 1772 pleni
1266 1705 1456 1774 gratia:
1487 1715 1542 1758 et
1565 1705 1840 1760 veritatis.
1879 1725 1898 1758 ι
1932 1705 2106 1772 Quam

522 1790 687 1861 igitur
711 1794 1134 1862 explicationem
1175 1796 1309 1866 99‘
1358 1793 1554 1850 afferes
1589 1797 1727 1852 adeo
1760 1799 2106 1868 intempesti-

521 1899 604 1936 va:
646 1884 986 1948 narrationi,
1023 1891 1119 1938 aut
1153 1884 1429 1954 quomodo
1463 1896 1613 1942 recte
1641 1887 1790 1941 illam
1824 1890 2101 1958 interpre-
2140 1883 2182 1937 Β

523 1977 768 2040 taberis,
800 1978 846 2032 si
889 1977 956 2031 ad
989 1979 1255 2047 temporis
1288 1979 1762 2048 spatiumreferas
1787 1980 1839 2034 id
1871 1981 2020 2050 quod
2047 1988 2106 2034 ιιι

523 2070 836 2137 quaestione
871 2069 1121 2132 vertitur,
1158 2069 1454 2136 nimirum,
1496 2089 1515 2123 ι
1553 2070 1655 2136 Qui
1693 2081 1820 2142 post
1853 2087 1940 2126 me
1971 2087 2107 2127 ven-

525 2169 686 2214 turus
720 2169 832 2223 est,
859 2168 987 2214 ante
1013 2177 1098 2214 me
1119 2161 1302 2216 factus
1329 2160 1453 2216 est?
1487 2179 1508 2213 ι
1541 2160 1778 2218 Utenim
1810 2161 2106 2219 Dominum

523 2257 651 2320 post
692 2250 996 2319 Baptistam
1064 2252 1254 2308 venire
1285 2268 1480 2310 omnes
1517 2253 1818 2320 fateantur,
1872 2269 2106 2325 praser-

525 2344 623 2398 tim
653 2358 779 2398 cum
817 2345 1032 2400 ratione
1061 2345 1330 2415 temporis
1365 2361 1476 2417 quo
1502 2347 1835 2403 incarnatus
1874 2356 1991 2416 est,
2034 2349 2109 2405 sit

523 2433 621 2488 illo
663 2436 966 2502 posterior,
1015 2449 1256 2505 quonam
1290 2443 1454 2506 pacto
1480 2436 1644 2490 etiam
1671 2438 1827 2507 prior
1856 2437 1953 2493 illo
1976 2438 2107 2504 erit,

525 2535 774 2596 tempore
822 2525 1126 2581 nimirum?
1165 2524 1328 2583 Hunc
1383 2526 1535 2584 enim
1587 2541 1814 2585 sensum
1861 2542 1894 2582 a
1946 2529 2108 2586 nobis

525 2618 772 2673 vicissim
811 2619 1056 2689 postulat
1075 2619 1212 2674 ordo
1236 2619 1668 2690 pmcedentium
1687 2629 1742 2676 et
1761 2621 2106 2677 consecutio.

524 2710 596 2763 At
629 2709 782 2765 istud
814 2709 935 2766 fieri
984 2726 1098 2766 non
1124 2726 1309 2782 posse,
1340 2725 1502 2766 nemo
1530 2711 1844 2778 dubitabit,
1888 2710 2106 2782 opinor.

525 2801 684 2870 Quod
718 2804 865 2858 enim
899 2813 1146 2874 tempore
1199 2804 1480 2875 posterius
1532 2811 1619 2861 est
1673 2804 1882 2875 aliquo,
1921 2804 2112 2875 utique

524 2897 678 2968 prius
704 2911 814 2952 non
837 2897 944 2953 erit
976 2912 1044 2954 eo
1081 2898 1232 2968 quod
1259 2897 1562 2954 antecedit.
1599 2895 1772 2968 lgitur
1802 2897 2109 2954 absurdum

525 3001 612 3046 est
668 2990 832 3061 plane
893 2998 949 3046 et
991 2990 1342 3058 incredibile,
1390 2997 1646 3046 sanctum
1699 2989 2003 3060 Baptistam
2041 2989 2112 3044 de

527 3092 771 3151 tempore
819 3081 1225 3137 incarnationis
1286 3081 1534 3136 locutum
1576 3095 1701 3137 esse
1746 3094 1876 3135 cum
1929 3079 2106 3135 dixit:

530 3192 550 3226 ι
588 3172 694 3240 Qui
725 3180 852 3244 post
878 3189 965 3228 me
995 3182 1265 3230 venturus
1296 3182 1421 3239 est,
1457 3183 1584 3229 ante
1607 3188 1694 3230 me
1727 3171 1908 3229 factus
1934 3180 2048 3241 est;
2084 3192 2106 3227 υ

525 3263 620 3319 sed
655 3261 725 3317 ad
764 3263 1106 3335 propositum
1150 3263 1310 3320 nobis
1345 3278 1577 3334 scopum
1608 3262 1746 3318 illud
1777 3263 1965 3334 potius
2017 3263 2107 3318 in-

521 3357 863 3428 telligentes,
897 3358 1001 3414 hoc
1027 3356 1193 3413 modo
1218 3357 1426 3413 dictum
1451 3371 1577 3414 esse
1606 3355 1924 3413 credemus.
1961 3355 2111 3413 Scite

529 3448 724 3505 beatus
771 3448 1020 3520 Baptista
1067 3464 1100 3504 a
1138 3448 1356 3520 vulgari
1401 3449 1663 3520 loquendi
1709 3449 2112 3506 consuetudine

526 3555 836 3597 sermonem
876 3540 1151 3596 transfert
1199 3539 1269 3596 ad
1299 3543 1645 3611 spiritualem
1699 3556 1887 3598 rerum
1926 3543 2112 3614 quali-

528 3638 694 3685 tatem
715 3671 730 3695 ,
761 3631 914 3686 etab
939 3629 1182 3700 imagine
1209 3645 1274 3686 ac
1306 3631 1672 3686 similitudine
1703 3647 1888 3687 rerum
1913 3633 2111 3689 buma-

529 3737 728 3776 narum
775 3721 844 3776 ad
898 3721 1327 3792 explicationem
1383 3723 1692 3779 subtilioris
1730 3739 1930 3781 sensus
1980 3741 2111 3797 pro-

529 3814 797 3884 greditur.
849 3814 988 3869 Fere
1045 3815 1194 3869 cnim
1252 3813 1313 3868 fit
1347 3823 1410 3869 ut
1463 3815 1558 3885 qui
1608 3815 1722 3871 dux
1774 3824 1860 3873 est
1909 3818 2109 3886 alicui,

533 3907 771 3962 nobilior
809 3906 880 3962 sit
923 3921 990 3962 eo
1035 3907 1131 3977 qui
1179 3907 1456 3978 sequitur,
1494 3915 1550 3962 et
1599 3908 1804 3982 cedunt
1854 3908 2112 3982 discipuli

429 4023 431 4026 ·
529 3998 850 4070 magistris;
899 3975 1367 4069 quemadmodum
1421 3998 1636 4069 peritus
1670 3975 1827 4055 faber
1877 3975 2111 4059 aerarius

529 4103 624 4148 aut
675 4092 1038 4156 architectus,
1091 4093 1326 4163 exempli
1363 4091 1561 4162 gratia,
1622 4092 1706 4148 vel
1772 4102 1949 4149 textor
2001 4094 2111 4150 dux

528 4195 614 4239 est
685 4181 1089 4253 quodammodo
1169 4191 1225 4236 et
1301 4191 1526 4255 praestat
1630 4184 1680 4240 ei
1744 4186 1842 4256 qui
1931 4202 1991 4242 se
2053 4187 2111 4242 in

528 4277 878 4346 disciplinam
949 4276 1072 4346 ejus
1142 4276 1280 4332 artis
1342 4274 1530 4343 dedit,
1577 4285 1634 4332 et
1685 4275 1754 4331 ad
1809 4276 2111 4348 perfectam

527 4369 650 4439 ejus
710 4369 965 4424 notitiam
1019 4369 1326 4424 contendit.
1403 4369 1510 4425 Sed
1579 4370 1627 4426 si
1686 4371 1938 4441 magistri
2016 4387 2104 4442 pe-

531 4463 716 4517 ritiam
765 4462 1114 4532 superaverit
1170 4461 1272 4519 iste
1344 4462 1654 4534 discipulus
1710 4471 1766 4517 et
1818 4463 1980 4534 longo
2026 4463 2114 4518 in-

2219 603 2301 666 είς
2353 601 2446 654 τὸν
2488 603 2586 672 τῆς
2632 598 2938 669 γεννήσεως
2989 595 3179 667 χρόνον
3228 597 3329 666 τῆς
3384 598 3524 666 μετά
3579 601 3800 668 σαρκὸς,

2218 692 2539 765 προεϐάδιζε
2585 690 2679 742 τοῦ
2725 690 2976 760 Σωτῆρος
3031 689 3060 740 ὁ
3113 687 3458 758 Βαπτιστὴς,
3509 691 3798 760 ὴκολούθεί

2216 788 2273 842 δέ
2309 804 2448 850 πως,
2483 785 2576 839 καὶ
2608 783 2784 836 ὀπίσω
2815 782 3024 852 τρέχων
3057 781 3326 850 ἐφαίνετο,
3358 782 3526 853 μησὶν
3561 783 3620 850 ἓξ
3648 787 3805 838 ὑστε-

2219 877 2386 954 ρίζων
2427 878 2570 939 ὅλοις
2606 879 2634 930 ὀ
2667 874 3039 946 Ἐμμανουὴλ,
3070 872 3201 938 ὼςό
3243 876 3515 947 μακάριος
3540 878 3800 949 ’ἱστόρησε

2215 970 2451 1032 Λουκᾶς.
2499 967 2671 1021 Τοῦτο
2717 967 2895 1036 λέγειν
2943 966 3148 1020 οἴονται
3190 965 3282 1020 τὸν
3337 964 3592 1038 Ἰωάννην
3636 971 3798 1032 τινὲς,

2217 1062 2306 1116 ἵνα
2339 1064 2526 1133 νοῆται
2568 1060 2793 1115 τοιῶσδε
2835 1061 2978 1116 κατά
3026 1059 3118 1114 τὸν
3165 1060 3266 1131 τῆς
3319 1053 3539 1130 ἡλικίας
3584 1054 3798 1132 χρόνον·

2220 1167 2242 1206 ι
2289 1153 2346 1208 '0
2371 1153 2546 1207 ὀπίσω
2570 1170 2672 1224 μου
2702 1154 3018 1224 ἐρχόμενος,
3035 1151 3351 1224 ἔμπροσθέν
3381 1169 3482 1222 μου
3507 1153 3727 1220 γέγονεν
3747 1166 3794 1203 ·›

2216 1246 2334 1300 ἀλλ’
2367 1245 2514 1300 ἔστιν
2560 1245 2691 1300 ἰδεῖν
2741 1246 2835 1301 τὸν
2883 1245 3292 1316 ὀξυωπέστερον
3335 1247 3452 1308 τοῖς
3505 1243 3674 1308 θείοις
3712 1247 3797 1298 ὲν-

2216 1337 2531 1402 ατενίζοντα
2563 1337 2904 1409 θεωρήμασι,
2937 1337 3157 1408 πρῶτον
3189 1336 3309 1407 μὲν,
3337 1336 3486 1400 ὅπως
3514 1337 3596 1400 είς
3622 1336 3801 1408 ἐξιτήο

2215 1431 2340 1496 λους
2374 1432 2583 1496 ἑννοίας
2625 1433 2654 1485 ὀ
2689 1431 2844 1500 λόγος
2889 1434 3019 1503 ἡμῖν
3069 1431 3416 1503 εἰσφέρεται,
3455 1432 3552 1485 καὶ
3584 1432 3800 1504 μακράν

2216 1541 2320 1577 που
2349 1522 2458 1576 τῶν
2493 1522 2808 1593 ἀναγκαίως
2840 1523 3186 1594 ζητουμένων
3219 1522 3510 1593 ἀποδημεῖ.
3545 1521 3799 1594 Παρελή-

2217 1615 2326 1685 φθη
2356 1616 2466 1687 γὰρ
2493 1618 2704 1686 μάρτυς
2732 1616 2760 1668 ὁ
2793 1615 2944 1682 ἅγιος
2977 1612 3308 1683 Βαπτιστὴς,
3344 1613 3444 1682 οὐχ
3480 1612 3569 1666 ἵνα
3597 1613 3674 1684 τῷ
3698 1613 3796 1683 τῆς

2215 1709 2523 1778 γεννήσεως
2565 1707 2774 1778 χρόνῳ,
2825 1707 2958 1759 ποτὲ
3019 1707 3117 1776 μὲν
3164 1704 3552 1776 ὑστερίζοντα,
3585 1705 3717 1758 ποτὲ
3741 1705 3796 1758 δὲ

2217 1797 2284 1853 αὖ
2313 1800 2476 1854 πάλιν
2514 1797 2918 1870 προτερεύοντα
2941 1797 3088 1868 δείξῃ
3115 1797 3373 1868 Χριστὸν,
3407 1796 3523 1850 ἀλλ’
3557 1796 3634 1860 ὡς
3673 1814 3800 1850 συν·

2209 1891 2538 1962 τεθεαμένος
2573 1909 2591 1942 ι
2623 1890 2723 1962 τὴν
2757 1890 2916 1956 δόξαν
2947 1888 3133 1956 αὑτοῦ,
3169 1887 3326 1954 δόξαν
3358 1888 3434 1952 ὡς
3455 1888 3797 1958 Μονογενοῦς

2208 1984 2361 2054 παρά
2416 1983 2650 2052 Πατρὸς,
2721 1981 2938 2052 πλήρης
2993 1981 3220 2053 χάριτος
3287 1981 3385 2034 καὶ
3437 1980 3718 2051 ἀληθείας.
3768 1993 3790 2033 ι

2208 2077 2368 2129 Ποῖον
2396 2069 2492 2129 οῦν
2529 2074 2595 2128 ἄν
2625 2091 2710 2138 τις
2739 2073 3049 2145 ἐφαρμόσαι
3087 2071 3245 2142 λόγον
3282 2075 3396 2137 τοῖς
3429 2072 3602 2136 οὕτως
3637 2073 3798 2127 ἀκαί-

2211 2185 2320 2239 ρως
2352 2165 2697 2236 είσϐεόηκόσι
2740 2165 3113 2236 διηγήμασιν;
3168 2163 3202 2235 ἦ
3255 2163 3371 2229 πῶς
3434 2164 3500 2219 ἄν
3529 2181 3611 2228 τις
3663 2166 3798 2236 ἡμῖν

2207 2258 2538 2331 ὲρμηνεύσοι
2583 2254 2796 2326 σοφῶς,
2842 2256 2922 2318 είς
2967 2255 3246 2327 ποσότητα
3287 2256 3484 2328 χρόνου
3525 2253 3703 2308 λαθὼν
3737 2240 3798 2310 τδ

2208 2350 2559 2423 ζητούμενον,
2589 2349 2736 2404 τοῦτ’
2777 2348 2926 2403 ἔστιν
2949 2389 2965 2415 ,
3006 2367 3025 2401 ι
3067 2349 3126 2402 ’0
3159 2348 3334 2402 ὀπίσω
3364 2355 3466 2420 μου
3503 2349 3799 2419 ἐρχόμενος

2209 2441 2520 2514 ἔμπροσθέν
2559 2458 2661 2514 μου
2688 2439 2881 2511 γέγονε
2910 2458 2925 2503 ;
2963 2459 2982 2492 ι
3018 2438 3237 2494 Κὲίσθω
3271 2440 3382 2510 γὰρ
3424 2441 3512 2512 δὴ,
3541 2441 3640 2494 καὶ
3665 2435 3799 2513 ’ὀμο-

2206 2535 2576 2606 λογουμένως,
2597 2533 2661 2587 τὸ
2693 2533 2919 2588 κατόπιν
2946 2531 3202 2603 ἔρχεσθαι
3235 2531 3331 2585 τοῦ
3363 2530 3671 2586 Βαπτιστοῦ
3705 2532 3799 2587 τὸν

2208 2629 2436 2702 Κύριον,
2495 2627 2591 2683 ἅτε
2634 2625 2701 2697 δὴ
2743 2627 3006 2695 γεγονότα
3051 2624 3130 2695 τῷ
3167 2625 3346 2696 χρόνῳ
3397 2625 3476 2696 τῷ
3527 2625 3666 2679 κατά
3697 2626 3800 2696 τὴν

2211 2722 2391 2793 σάρκα
2428 2719 2715 2790 δεύτερον·
2760 2717 2903 2772 κατὰ
2936 2716 3060 2771 τίνα
3099 2716 3302 2788 τρόπον
3349 2717 3444 2770 καὶ
3489 2717 3800 2788 ἔμπροσθεν

2210 2812 2378 2867 αὐτοῦ
2405 2812 2717 2882 γενήσεται,
2766 2809 2909 2864 κατά
2962 2807 3152 2880 χρόνον
3188 2808 3247 2861 δὲ
3291 2808 3577 2879 δηλονότι;
3621 2809 3800 2862 Καλεϊ

2209 2903 2320 2974 γὰρ
2357 2903 2436 2967 είς
2464 2901 2655 2956 τοῦτον
2693 2903 2842 2972 ἡμᾶς
2889 2900 2983 2954 τὸν
3026 2899 3152 2956 νοῦν
3200 2901 3234 2972 ἡ
3280 2904 3395 2964 τοῖς
3431 2900 3799 2971 προλαϐοῦσιν

2211 2993 2492 3062 ἀναλόγως
2523 2991 2848 3064 ὀφειλομένη
2873 2991 3029 3059 τάξις
3077 3009 3136 3045 τε
3175 2993 3270 3046 καὶ
3299 2991 3608 3048 ἀκολουθία.
3655 2982 3796 3046 Ἀλλ⁵

2212 3081 2367 3156 οἶμαι
2402 3083 2563 3138 τοῦτο
2609 3083 2774 3138 παντί
2827 3101 2906 3154 τῳ
2945 3081 3201 3152 γενέσθαι
3248 3083 3420 3152 σαφὲς
3444 3124 3459 3151 ,
3498 3083 3574 3147 ὡς
3603 3084 3697 3140 οὐκ
3731 3082 3800 3139 ἂν

2212 3177 2298 3249 εἴη
2330 3175 2439 3231 τῶν
2468 3174 2852 3246 ἐνδεχομένων.
2895 3175 2970 3228 Τὸ
3010 3175 3121 3246 γὰρ
3151 3174 3436 3246 ὑστερίζον
3467 3175 3612 3240 τινὸς
3657 3176 3800 3229 κατά

2208 3269 2302 3323 τὸν
2325 3268 2537 3340 χρόνον,
2557 3269 2658 3321 οὐκ
2684 3267 2748 3322 ἀν
2773 3276 2903 3320 ποτε
2925 3265 3133 3336 φθάσαι
3162 3267 3222 3320 τὸ
3242 3267 3566 3339 ἡγούμενον.
3588 3266 3799 3322 Οὐκοῦν

2212 3362 2426 3434 ἀμαθὲς
2447 3361 2668 3433 κομιδῇ,
2697 3362 2793 3414 καὶ
2822 3360 3105 3423 παντελῶς
3133 3360 3420 3428 ἀπίθανον,
3441 3361 3575 3430 περὶ
3601 3361 3799 3432 χρόνου

2211 3449 2306 3506 τοῦ
2338 3449 2482 3505 κατὰ
2517 3449 2617 3520 τὴν
2679 3448 2859 3520 σάρκα
2903 3449 2994 3503 τὸν
3043 3451 3199 3518 ἅγιον
3241 3451 3415 3504 εἰπεῖν
3451 3449 3660 3505 οἴεσθαι
3691 3452 3797 3506 Βα-

2212 3542 2468 3612 πτιστήν³
2506 3559 2524 3592 ι
2573 3541 2632 3595 '0
2655 3541 2837 3594 ὀπίσω
2861 3557 2964 3611 μου
2999 3541 3313 3612 ἐρχόμενος,
3341 3541 3653 3612 ἔμπροσθέν
3693 3556 3796 3615 μου

2213 3633 2439 3701 γέγονεν
2461 3649 2476 3662 ·
2509 3645 2527 3684 ι
2565 3631 2875 3696 ἀκολούθως
2896 3631 2951 3685 δὲ
2985 3626 3186 3703 μᾶλλον
3214 3632 3292 3704 τῷ
3324 3633 3458 3704 ἡμῖν
3483 3635 3803 3705 προτεθέντι

2215 3723 2405 3795 σκοπῷ
2431 3724 2678 3790 νοοῦντες
2718 3721 3127 3791 αῦτὸ,⁶τοιῶσδέ
3153 3743 3270 3788 πως
3302 3725 3556 3797 εἰρῆσθαι
3585 3727 3807 3780 πιστεύ-

2215 3834 2410 3888 σομεν.
2446 3817 2758 3888 Χαριέντως
2797 3819 2826 3871 ὀ
2877 3818 3147 3889 μακάριος
3195 3818 3507 3890 Βαπτιστὴς
3551 3819 3666 3872 ἀπὸ
3705 3819 3803 3873 τοῦ

2213 3905 2356 3960 κατὰ
2387 3907 2680 3977 συνήθειαν
2728 3909 3007 3977 σχήματος
3051 3906 3314 3977 ἀναφέρει
3354 3909 3447 3960 τὸν
3487 3907 3678 3976 λόγον,
3711 3907 3806 3962 ἐπὶ

2213 3999 2477 4070 ποιότητα
2522 3997 2866 4071 πραγμάτων
2901 3997 3314 4070 πνευματικὴν,
3346 3999 3439 4052 καὶ
3474 3990 3665 4070 ὥσπερ
3692 3999 3806 4052 ἀπό

2213 4107 2358 4154 τινος
2393 4089 2602 4151 εἰκόνος
2641 4089 2751 4143 τῶν
2781 4087 2904 4141 καθ’
2960 4089 3109 4160 ἡμᾶς
3155 4090 3236 4152 είς
3279 4088 3540 4160 ἐξήγησιν
3581 4088 3806 4159 ἔρχεται

2213 4183 2503 4255 νοημάτων
2523 4179 3056 4252 λεπιιτομερεστέρων.
3081 4179 3230 4233 Φιλεῖ
3247 4179 3347 4251 μὲν
3370 4179 3480 4250 γάρ
3498 4196 3615 4241 πως
3635 4179 3722 4234 ἀεὶ
3744 4179 3807 4231 τὺ

2213 4275 2464 4347 ἡγεῖσθαι
2496 4271 2761 4342 πεφυκὸς,
2790 4271 2901 4326 τῶν
2924 4271 3155 4326 ἕπεσθαι
3195 4270 3506 4341 λεγομένων
3531 4257 3804 4341 ὑπάρχειν

2214 4361 2609 4432 ὲπιδοξότερον,
2644 4362 2968 4430 παραχωρεῖ
2996 4359 3053 4412 δὲ
3081 4360 3192 4422 τοῖς
3227 4359 3555 4429 ἡγουμένοις
3583 4359 3654 4412 τά
3681 4359 3806 4412 ὲπόὸ

2217 4470 2357 4523 μενα
2383 4469 2396 4483 ·
2447 4449 2558 4509 οἷον
2609 4452 2638 4504 ό
2692 4449 3055 4522 χαλκευτὶκὴν
3108 4448 3424 4521 ἀκριϐώσας
3477 4449 3714 4521 τέχνην,
3763 4450 3799 4521 ἢ

530 4556 760 4610 tervallo
809 4564 935 4626 post
999 4570 1060 4610 se
1115 4554 1436 4624 reliquerit,
1493 4570 1605 4608 non
1661 4552 1872 4609 insulse
1930 4554 2110 4609 dictu-

2216 4543 2536 4614 τεκτονικὴν
2571 4542 2753 4614 τυχὸν,
2783 4541 2817 4613 ἢ
2854 4539 3174 4611 ὑφαντικὴν,
3211 4539 3426 4611 ἡγεῖταί
3451 4557 3592 4606 πως,
3618 4542 3714 4594 καὶ
3739 4542 3802 4594 τὸ

531 4665 653 4703 rum
716 4649 915 4718 opinor
951 4663 1078 4702 eum
1125 4651 1219 4716 qui
1269 4662 1298 4699 a
1339 4645 1614 4716 discipulo
1661 4644 1829 4700 fuerit
1881 4659 2112 4715 super-a-

532 4751 624 4797 tus
667 4759 681 4793 :
723 4759 742 4793 r
777 4740 881 4806 Qui
936 4732 1060 4810 post
1107 4755 1196 4794 me
1231 4739 1417 4805 venit,
1450 4745 1580 4793 ante
1613 4752 1699 4792 me
1728 4735 1910 4794 factus
1951 4749 2061 4793 est.
2088 4758 2108 4791 ι

533 4833 616 4888 Ad
635 4833 774 4886 hanc
793 4835 958 4902 igitur
975 4831 1209 4886 fortnam
1224 4832 1270 4887 si
1291 4831 1399 4884 vim
1414 4841 1470 4886 et
1485 4829 1756 4884 rationem
1781 4829 1932 4885 illius
1951 4828 2111 4898 dicti,

533 4937 644 4979 tam
680 4925 748 4978 de
776 4923 1057 4976 Salvatore
1100 4931 1296 4977 nostro
1339 4922 1564 4976 Christo
1596 4935 1758 4991 quam
1815 4922 1880 4976 de
1918 4929 2113 4976 sancto

533 5017 815 5087 Baptista.
839 5015 1144 5070 transferas
1166 5054 1180 5077 ,
1230 5023 1380 5069 recte
1414 5028 1534 5068 mea
1582 5015 1806 5084 quidem
1839 5013 2114 5069 sententia

533 5107 807 5176 intelliges
841 5125 854 5160 :
886 5104 983 5160 sed
1011 5106 1080 5160 ab
1114 5105 1274 5158 initio
1317 5104 1554 5172 accipito
1584 5103 1824 5172 singula.
1861 5101 2115 5156 Admira-

533 5202 674 5258 tioni
724 5209 842 5254 erat
903 5197 1048 5268 apud
1082 5213 1276 5252 omnes
1304 5196 1574 5266 Baptista,
1610 5195 1817 5249 multos
1874 5195 2115 5263 undique

531 5298 635 5354 sibi
683 5295 994 5364 discipulos
1051 5291 1384 5362 collegerat,
1440 5305 1636 5360 magna
1674 5289 1832 5344 turba
1891 5290 2114 5344 venien-

531 5391 668 5443 tium
719 5385 788 5441 ad
821 5385 1158 5455 baptismum
1187 5382 1256 5437 ad
1291 5397 1414 5437 eum
1466 5380 1777 5436 conﬂuebat
1811 5398 1824 5433 :
1857 5379 2112 5436 Christus

531 5491 714 5538 autem
751 5478 1129 5549 ignorabatur,
1159 5475 1414 5546 quamvis
1445 5482 1592 5530 esset
1636 5488 1702 5527 eo
1735 5473 2110 5542 praestantior,

531 5572 677 5629 Deus
711 5589 873 5628 verus
923 5570 1278 5627 nesciebatur
1321 5583 1494 5634 esse;
1556 5581 1795 5635 cumque
1845 5566 2038 5620 lateret
2064 5565 2110 5620 is

532 5667 627 5739 qni
654 5664 912 5734 Baptista:
943 5672 1063 5718 erat
1099 5661 1488 5726 admirationi,
1545 5674 1611 5714 eo
1649 5671 1872 5729 quoque
1923 5667 2110 5727 poste—-

541 5759 651 5810 rior
681 5772 804 5811 esse
855 5754 1264 5827 quodammodo
1303 5752 1617 5818 videbatur;
1660 5751 1772 5806 ibat
1829 5751 2112 5820 aliquanto

533 5862 657 5926 post
679 5852 829 5908 illum
861 5850 953 5923 qui
994 5848 1202 5905 honore
1246 5858 1299 5902 et
1341 5848 1512 5914 gloria
1544 5848 1688 5904 inter
1723 5845 1977 5902 homines
1997 5859 2101 5900 nta-

2214 4639 2439 4708 ἄμεινον
2473 4635 2585 4708 ἔχει
2607 4634 2702 4688 τοῦ
2726 4634 2870 4688 κατὰ
2893 4632 3192 4704 μαθητείαν
3227 4632 3456 4686 ἕπεσθαι
3483 4633 3799 4703 νοουμένου.

2213 4728 2309 4782 καὶ
2341 4729 2421 4791 εἰς
2452 4728 2512 4779 τὸ
2552 4725 2774 4788 τελείως
2823 4724 3022 4777 εἰδέναι
3069 4722 3374 4794 βαδίζοντος
3398 4739 3413 4753 ·
3460 4721 3577 4776 ἀλλ’
3610 4724 3744 4776 ὅταν
3773 4724 3803 4775 ὀ

2212 4817 2456 4880 τοιοῦτος
2484 4819 2584 4888 τὴν
2621 4817 2716 4870 τοῦ
2744 4817 3089 4878 διδάσκοντος
3120 4813 3536 4885 ὑπεραναὸαίνῃ
3575 4813 3800 4888 τέχνην,

2213 4912 2310 4965 καὶ
2365 4909 2597 4963 κατόπιν
2646 4908 2815 4973 ἐάσας
2868 4909 3040 4979 αὐτὴν
3090 4906 3392 4978 ἐργάζηται
3437 4907 3500 4958 τὸ
3551 4905 3802 4976 ἄμεινον,

2213 5002 2315 5054 οὐκ
2364 4999 2628 5070 ἀκόμψως
2680 5001 2827 5071 ἐρεῖν
2891 5000 2983 5053 τὸν
3027 4997 3382 5068 νενικημένον
3429 4996 3804 5068 ὑπολαμϐάνω

2214 5092 2344 5165 περὶ⁵
2397 5092 2492 5145 τοῦ
2544 5093 2870 5164 νικήσαντος
2923 5090 3204 5162 μαθητοῦδ
3260 5101 3278 5142 'r
3345 5090 3405 5143 '0
3458 5081 3638 5143 ὀπίσω
3697 5107 3803 5160 μου

2214 5187 2541 5259 ἐρχόμενος,
2598 5183 2908 5257 ἔμπροσθέν
2960 5187 3062 5255 μου
3108 5183 3320 5253 γέγονε.
3363 5201 3382 5234 ι
3431 5183 3592 5236 Κατὰ
3643 5182 3807 5236 τοῦτο

2211 5280 2392 5333 τοίνυν
2427 5276 2808 5349 μετακομίζων
2841 5276 2902 5329 τὸ
2947 5276 3133 5347 σχῆμα
3164 5276 3262 5345 τὴν
3299 5275 3396 5329 τοῦ
3437 5273 3808 5346 θεωρήματος

2212 5372 2441 5442 δύναμιν
2473 5371 2564 5424 ἐπί
2592 5386 2653 5423 τε
2679 5369 2773 5422 τοῦ
2823 5370 3075 5440 Σωτῆρος
3129 5367 3288 5439 ἡμῶν
3313 5366 3555 5442 Χριστοῦ
3583 5367 3680 5421 καὶ
3706 5365 3809 5420 τοῦ

2212 5465 2369 5534 ἁγίου
2404 5462 2710 5521 Βαπτιστοῦ
2739 5493 2754 5528 ,
2790 5463 3001 5534 νοήσεις
3038 5460 3212 5533 ὀρθῶς
3233 5465 3246 5492 '°
3295 5459 3451 5531 δέχου
3481 5458 3540 5511 δὲ
3577 5459 3650 5512 τὰ
3678 5459 3809 5513 καθ’

2212 5559 2442 5613 ἕκαστον
2477 5556 2538 5621 ἐξ
2569 5559 2764 5626 ἀρχῆς.
2805 5555 3179 5626 Ἐθαυμάζετο
3215 5553 3367 5626 παρά
3395 5547 3617 5606 πάντων
3646 5554 3676 5605 ὀ
3698 5548 3813 5605 Βα-

2212 5651 2463 5720 πτιστὴς,
2498 5649 2726 5712 πολλοὺς
2759 5649 2934 5701 ἐποίει
2979 5650 3106 5712 τοὺς
3143 5646 3414 5718 μαθητὰς,
3451 5643 3610 5716 ὄχλος
3637 5644 3812 5698 αὐτὸν

2213 5744 2459 5816 περιέθει
2478 5745 2584 5796 τῶν
2613 5741 3024 5813 βαπτιζομένων
3053 5741 3241 5803 πολύςο
3274 5740 3524 5811 ἠγνοεῖτο
3544 5738 3604 5793 δὲ
3625 5737 3814 5792 καίτοι

2213 5838 2481 5913 κρείττων
2515 5835 2589 5891 ὢν
2622 5835 2650 5890 ό
2675 5834 2930 5908 Χριστὸς,
2980 5824 3291 5900 ἐλάνθανεν,
3338 5818 3577 5896 ὅτιθεὸς
3619 5829 3817 5904 ὑπῆρ-
