4090 6266
482 341 620 398 -175

1587 341 1642 400 S.
1689 341 1966 402 CYliILlJ
2000 346 2468 406 ALEXANDRINI
2505 349 2828 407 ARCHIEP.

3701 354 3804 410 {76

517 461 704 531 plures
757 457 894 513 alias
929 457 1433 514 demonstrationes
1465 458 1690 526 addere,
1741 463 1838 519 sed
1894 464 2096 522 modus

2209 469 2279 531 εἰς
2305 468 2400 538 τὴν
2428 468 2718 522 ἀντίτυπον
2767 465 2873 520 τῶν
2903 465 3172 536 ἀληθινῶν
3217 466 3462 540 είσφέρει
3494 470 3703 541 σκηνήν
3730 487 3742 500 .
3772 473 3801 523 ὁ

519 549 850 609 servandus.
878 547 1018 604 illud
1056 556 1238 604 tamen
1271 549 1500 604 omnino
1533 553 1955 620 praetermittere
1992 570 2103 610 non

517 656 854 714 possumus,
897 639 1119 695 beatum
1153 638 1386 693 Paulum
1427 642 1622 711 paucis
1661 644 1846 700 verbis
1891 645 2105 700 solvere

519 735 669 787 illam
701 732 767 787 de
799 732 916 802 lege
940 739 991 785 et
1030 729 1341 785 Salvatoris
1364 731 1542 800 gratia
1584 734 1948 803 quaestionem
1973 737 2102 790 dum

519 824 595 878 ait
643 838 706 872 ε(
745 820 879 875 Nam
947 821 993 875 si
1036 820 1432 876 ministrationi
1490 821 1867 880 damnationis
1931 827 2103 897 gloria

513 924 625 978 est.
659 915 834 969 multo
864 915 1036 984 magis
1073 913 1328 970 abundat
1351 915 1726 971 ministerium
1763 919 1997 987 justitite
2041 935 2098 973 In

518 1008 790 1076 gloria“.
834 1029 852 1060 ι
891 1008 1262 1069 Minister-ium
1317 1016 1462 1070 enim
1509 1016 1886 1074 damnationis
1940 1028 2105 1074 vocat

501 1105 855 1168 praesensum
904 1100 1206 1158 Massicum
1228 1147 1242 1170 ,
1275 1107 1650 1162 ministerium
1684 1125 1820 1164 vero
1847 1111 2101 1180 justitiaz,

520 1190 826 1247 Salvatoris
885 1195 1120 1264 gratiam
1175 1199 1457 1265 nominat,
1491 1201 1580 1255 cui
1617 1202 1782 1257 etiam
1820 1203 2104 1258 abundan-

518 1284 654 1337 tiam
693 1286 884 1356 gloriae
923 1288 1158 1354 tribuit,
1191 1306 1376 1345 rerum
1410 1301 1664 1348 naturam
1698 1303 1845 1350 recte
1872 1311 2105 1365 perpen-

516 1378 676 1442 deus,
731 1389 793 1433 ut
838 1382 931 1450 qui
983 1382 1057 1437 sit
1117 1383 1331 1439 afﬂatus
1361 1383 1595 1457 Spiritu.
1637 1387 1802 1458 Igitur
1857 1402 1982 1443 cum
2017 1388 2103 1444 lex

514 1471 901 1527 condcmnans
932 1472 1060 1528 data
1088 1489 1186 1544 per
1212 1475 1400 1531 Mosen
1425 1518 1438 1541 ,
1465 1490 1561 1546 per
1583 1475 1940 1549 Unigenitum
1971 1493 2104 1534 vero

516 1560 660 1617 facta
719 1563 876 1634 103
929 1565 998 1620 sit
1043 1566 1224 1637 gratia
1271 1566 1624 1637 jnstilicans,
1670 1567 1951 1638 quomodo
1991 1583 2102 1622 non

516 1655 796 1723 gloriosus
826 1657 933 1710 erit
965 1657 1013 1711 is
1031 1672 1128 1727 per
1155 1672 1319 1727 quem
1342 1659 1591 1728 potiores
1610 1659 1759 1727 leges
1790 1661 1912 1714 latae
1938 1659 2106 1715 sunt?

517 1745 660 1800 Vere
681 1746 870 1814 itaque
896 1744 1218 1810 Psalmista,
1244 1749 1375 1802 dum
1406 1750 1464 1803 in
1495 1748 1704 1819 Spiritu
1737 1751 1884 1805 canit
1913 1750 2104 1806 Domi-

504 1852 652 1891 rnum
685 1845 935 1891 nostrum
969 1835 1160 1893 Jesum
1204 1839 1485 1894 Christum
1516 1841 1834 1897 universam
1879 1849 2103 1897 sancto—
2135 1825 2177 1880 Β

503 1941 644 1980 eum
677 1927 1047 1982 clarissimam
1085 1929 1231 1982 illam
1268 1930 1678 1986 multitudinem
1710 1947 1993 2003 superare,
2028 1934 2106 1988 ait

519 2018 610 2072 his
633 2018 855 2074 verbis:
889 2039 910 2070 ι
933 2018 1069 2085 Quis
1104 2021 1158 2074 in
1209 2021 1449 2077 nubibus
1499 2023 1810 2093 aequabitur
1849 2023 2102 2089 Domino.

520 2117 617 2164 aut
661 2110 787 2179 quis
833 2111 1034 2166 similis
1081 2111 1186 2165 erit
1236 2111 1285 2166 ei
1328 2111 1384 2166 in
1441 2112 1570 2168 ﬁliis
1617 2112 1823 2168 Dei"?
1857 2134 1875 2166 ι
1919 2113 2105 2169 Nubes

505 2203 667 2256 enim
709 2202 992 2273 spiritales
1015 2242 1030 2267 ,
1054 2203 1159 2256 hoc
1190 2213 1274 2258 cst
1305 2204 1482 2258 sancti
1513 2205 1818 2274 prophetas,
1868 2206 2106 2276 palmam

519 2294 745 2349 Gliristo
793 2292 1031 2357 cedent,
1081 2309 1182 2349 nec
1233 2295 1640 2350 existimabunt
1695 2311 1939 2365 unquam
2000 2295 2106 2351 sibi

510 2387 846 2443 certandum
891 2402 1017 2444 esse
1052 2402 1179 2441 cum
1213 2389 1334 2457 ipso
1360 2388 1427 2442 de
1471 2387 1667 2457 gloria,
1711 2389 1982 2465 secundas
2013 2387 2108 2444 illo

503 2489 762 2546 -tenente,
795 2480 890 2551 qui
927 2494 1038 2550 pra:
1068 2479 1285 2533 cancris
1325 2479 1552 2550 agnitus
1587 2489 1712 2534 erat
1743 2495 1772 2534 a
1803 2479 1936 2546 Deo,
1959 2480 2109 2535 Mose

521 2572 788 2626 nimirum
841 2570 994 2623 :tilii‘
1032 2577 1214 2622 autem
1263 2566 1359 2622 Dei
1407 2570 1504 2639 qui
1559 2569 1826 2625 adventus
1868 2579 2110 2640 tempore

521 2662 832 2726 fulserunt,
881 2676 991 2715 non
1032 2667 1196 2716 erunt
1238 2675 1334 2730 per
1378 2661 1563 2713 omnia
1610 2659 1821 2716 similes
1868 2660 2108 2715 naturali

523 2755 686 2821 Filio,
729 2755 822 2811 sed
860 2753 1233 2810 conditionem
1263 2769 1419 2809 suam
1460 2762 1794 2826 agnoscent,
1823 2769 1946 2808 cum
1980 2771 2110 2810 san-

513 2857 652 2903 ctus
682 2846 932 2916 Baptista
974 2845 1132 2915 longe
1169 2859 1227 2899 se
1257 2843 1399 2898 infra
1428 2845 1578 2898 illum
1612 2846 1850 2914 positum
1874 2852 2107 2912 asserat,

2209 560 2400 632 Σωτὴρ
2445 562 2523 624 είς
2554 561 2718 614 αὑτὸν
2751 559 3015 631 ἀναφέρει
3053 559 3144 612 τὸν
3174 559 3425 629 οὐρανὸν,
3460 562 3554 614 καὶ
3585 562 3667 624 εἰς
3700 563 3802 632 τὴν

2208 651 2575 722 ἀληθεστέραν
2627 652 2837 720 εἰσάγει
2888 652 3117 722 σκηνὴν,
3167 651 3233 722 ἣν
3277 651 3475 722 ἔπηξεν
3508 655 3536 706 6
3570 651 3800 725 Κύριος,

2206 743 2308 796 οὐκ
2335 742 2645 813 ἄνθρωπος·
2672 744 2764 800 καὶ
2787 742 3020 813 χαλεπὸν
3053 743 3151 814 μέν
3178 743 3330 796 οὐδὲν
3361 743 3664 809 ἀποδείξεις
3689 747 3804 807 τοῖς

2207 835 2519 905 εἰρημένοις
2547 837 2905 906 ἐπισωρεύειν
2929 835 3144 906 ἐτέρας,
3175 835 3433 907 τιμητέον
3454 836 3498 888 δ’
3531 831 3625 890 οῦν
3651 835 3802 907 ὅμως

2207 924 2266 977 τὸ
2303 924 2521 996 μέτρον.
2548 923 2696 994 Πλὴν
2727 926 2902 978 ἐκεῖνο
2926 926 3214 998 χρησίμως
3241 943 3301 978 τε
3352 925 3448 979 κατ.
3486 926 3804 995 ἀναγκαίως

2205 1011 2461 1084 ἐροῦμεν,
2499 1013 2690 1085 ὅτιπερ
2719 1015 2747 1065 6
2781 1015 3049 1086 μακάριος
3083 1013 3296 1078 Παῦλος
3336 1018 3392 1068 ἐν
3414 1015 3614 1083 ὀλίγοις
3645 1015 3805 1069 ἔλυσε

2203 1104 2266 1157 τὺ
2305 1102 2637 1176 ζητούμενον
2686 1105 2814 1176 περί
2847 1123 2904 1158 τε
2961 1101 3056 1158 τοῦ
3094 1104 3262 1175 νόμου
3305 1105 3398 1158 καὶ
3433 1107 3530 1175 τῆς
3559 1105 3655 1157 τοῦ
3685 1107 3805 1160 Σω-

2203 1199 2370 1268 τῆρος
2393 1197 2636 1269 χάριτος,
2662 1198 2852 1250 εἰπών’
2876 1216 2894 1248 ι
2922 1197 2984 1250 Εἰ
3013 1196 3120 1269 γάρ
3144 1200 3208 1268 τῇ
3233 1197 3481 1269 διακονίᾳ
3504 1197 3604 1266 τῆς
3630 1213 3805 1252 κατα-

2205 1290 2439 1360 κρίσεως
2466 1290 2592 1356 δόξα
2615 1331 2628 1354 ,
2661 1288 2849 1360 πολλῷ
2886 1289 3086 1360 μᾶλλον
3126 1289 3443 1360 περισσεύει
3483 1291 3516 1360 ἠ
3556 1289 3806 1343 διακονία

2204 1386 2304 1454 τῆς
2334 1382 2682 1454 δικαιοσύνης
2710 1381 2858 1454 δόξῃ.
2899 1401 2919 1434 ι
2949 1383 3237 1436 Διακονίαν
3270 1383 3368 1452 μ’ἐν
3399 1381 3508 1452 γὰρ
3545 1383 3806 1454 κατακρί-

2207 1491 2347 1537 σεως
2367 1515 2382 1541 ,
2417 1474 2517 1543 τὴν
2539 1473 2626 1527 διὰ
2652 1473 2895 1538 Μωσέως
2944 1473 3109 1545 φησὶν
3158 1472 3376 1544 ἐντολήν
3398 1489 3410 1501 ·
3446 1473 3721 1526 διακονίαν
3747 1473 3805 1526 δὲ

2204 1565 2576 1636 δικαιοσύνης,
2612 1567 2711 1638 τὴν
2740 1565 2894 1636 παρά
2917 1565 3011 1619 τοῦ
3043 1565 3293 1637 Σωτῆρος
3323 1563 3581 1632 ὀνομάζει
3616 1565 3801 1638 χάριν,

2205 1651 2240 1731 ᾖ
2267 1657 2448 1710 καὶτὸ
2477 1656 2639 1712 πλέον
2662 1660 2718 1710 ἐν
2748 1657 2873 1728 δόξῃ
2904 1656 3204 1722 κεκτῆσθαι
3225 1655 3534 1728 χαρίζεται,
3565 1656 3664 1728 τὴν
3694 1655 3804 1708 τῶν

2207 1749 2548 1819 πραγμάτων
2583 1748 2782 1820 ἄριστα
2803 1749 3114 1819 δοκιμάζων
3151 1748 3337 1816 φύσιν,
3382 1747 3460 1810 ὡς
3503 1763 3808 1817 πνευματοο

2207 1840 2394 1911 φόρος.
2435 1841 2644 1894 Οὐκοῦν
2690 1841 2989 1912 ἐπειδήπερ
3025 1842 3054 1893 6
3095 1839 3194 1911 μὲν
3237 1839 3585 1910 κατακρίνων
3637 1839 3803 1909 νόμος

2207 1932 2364 2004 ἐδόθη
2395 1932 2483 1985 διὰ
2514 1931 2778 1999 Μωσέως,
2823 1932 3013 2001 γέγονε
3044 1931 3100 1985 δέ
3120 1930 3207 1984 διὰ
3243 1925 3336 1984 τοῦ
3392 1930 3733 2000 Μονογενοῦς
3766 1932 3800 2001 ἡ

2205 2025 2490 2080 δικαιοῦσα
2529 2023 2712 2095 χάρις,
2755 2024 2873 2087 πῶς
2923 2025 3022 2077 οὐκ
3051 2025 3110 2077 ἐν
3157 2023 3306 2095 δόξῃ,
3339 2024 3524 2094 φησιν,
3560 2026 3587 2076 6
3615 2024 3684 2076 δι’
3739 2019 3804 2078 οὗ

2206 2112 2274 2166 τὰ
2299 2112 2533 2184 κρείττω
2573 2112 3026 2183 νενομοθέτηταις
3065 2111 3378 2183 ’Λληθεύσει
3426 2113 3490 2184 δὴ
3524 2110 3616 2167 οῦν
3648 2113 3744 2166 καὶ
3773 2113 3804 2164 6

2206 2204 2462 2275 Μελῳδὸς
2493 2206 2551 2258 ἐν
2584 2203 2891 2275 Πνεύματι,
2915 2205 3006 2258 τὸν
3038 2204 3242 2275 Κύριον
3271 2205 3426 2275 ἡμῶν
3470 2204 3676 2272 Ἰησοῦν
3709 2204 3805 2258 τδν

2208 2292 2446 2365 Χριστὸν
2469 2294 2650 2364 πάσης
2669 2293 2804 2365 ὁμοῦ
2826 2295 2925 2365 τῆς
2943 2294 3205 2364 λαμπρᾶς
3231 2295 3338 2346 τῶν
3366 2293 3538 2362 ἁγίων
3564 2294 3806 2362 πληθύος

2210 2384 2569 2454 ὑπερκεῖσθαι
2621 2385 2781 2455 βοῶν·
2823 2403 2842 2436 ‹
2878 2385 2974 2447 Τίς
3019 2384 3150 2456 γὰρ,
3207 2386 3390 2455 φησιν,
3453 2386 3510 2437 ἐν
3553 2385 3805 2453 νεφέλαις

2213 2477 2539 2548 ίσωθήσεται
2569 2476 2647 2546 τῷ
2672 2476 2862 2547 Κυρίῳ
2882 2494 2896 2542 ;
2917 2477 2952 2546 ἢ
2980 2476 3061 2538 τίς
3079 2477 3476 2546 ὁμοιωθήσεται
3508 2475 3586 2546 τῷ
3615 2477 3808 2548 Κυρίῳ

2210 2570 2268 2623 ἐν
2306 2569 2445 2633 υἱοῖς
2493 2567 2664 2633 Θεοῦς
2716 2587 2733 2620 ι
2775 2568 3015 2636 Νεφέλαι
3064 2568 3164 2638 μὲν
3189 2567 3302 2640 γάρ
3335 2569 3390 2621 αἱ
3421 2568 3631 2639 νοηταὶ,
3659 2568 3809 2622 τοῦτ’

2210 2661 2380 2727 ἐστιν,
2416 2662 2466 2714 οἱ
2500 2661 2645 2729 ἅγιοι
2693 2660 2998 2732 προφῆται,
3037 2662 3502 2731 παραχωρήσουσι
3553 2662 3614 2714 τὸ
3649 2660 3813 2732 νικᾷν

2209 2752 2288 2823 τῷ
2306 2754 2349 2805 Χ
2359 2751 2550 2825 ριστῷο
2584 2753 2861 2823 οἰήσονται
2882 2751 2938 2804 δὲ
2960 2751 3069 2804 δεῖν
3090 2751 3342 2822 οὐδαμῶς
3371 2752 3642 2823 ἰσομέτρῳ
3667 2751 3814 2820 πρὸς

2212 2843 2374 2896 αὐτον
2405 2841 2738 2913 ἁμιλλᾶσθαι
2771 2844 2928 2913 τιμῇ,
2965 2841 3063 2912 τὴν
3089 2841 3349 2912 δευτέραν
3394 2840 3812 2911 ἀποφερομένου

514 2938 591 2992 de
616 2951 728 3006 quo
759 2935 835 2989 ait
863 2934 958 3004 qui
992 2934 1163 2989 corda
1217 2935 1370 2988 novit
1401 2950 1418 2989 :
1457 2953 1474 2986 ι
1507 2933 1624 2989 Non
1673 2937 1918 2990 surrexit
1967 2937 2107 2991 inter

2212 2935 2365 2999 τάξιν
2409 2934 2500 2986 τοῦ
2524 2934 2674 3004 παρά
2702 2933 2912 2995 πάντας
2942 2932 3289 3004 ἐγνωσμένου
3314 2933 3463 3004 παρά
3479 2933 3634 2998 Θεοῦ,
3659 2932 3812 2986 τοῦτ’

524 3038 686 3085 natos
712 3028 1006 3083 mulierum
1059 3025 1239 3096 major
1269 3025 1482 3082 Joanne
1529 3026 1768 3097 Baptista
1791 3028 1857 3082 '".
1886 3047 1904 3080 ι
1930 3025 2107 3083 Verax

2214 3025 2331 3078 ἐστι
2354 3025 2618 3087 Μωσέως·
2649 3024 2756 3077 υἱοὶ
2781 3023 2839 3077 δὲ
2859 3024 2910 3076 οἱ
2935 3042 3052 3098 χρι.
3134 3064 3148 3078 .
3228 3066 3241 3079 .
3275 3023 3352 3097 (1)
3378 3025 3470 3078 τοῦ
3501 3025 3635 3078 Θεοῦ
3664 3025 3814 3079 κατά

512 3122 796 3192 estigitur
832 3119 1173 3189 evangelista
1208 3119 1407 3174 beatus
1429 3157 1444 3181 ,
1470 3117 1599 3172 dum
1623 3120 1700 3173 ait
1729 3133 1788 3173 se
1827 3128 2107 3188 spectasse

2215 3119 2307 3172 τὸν
2333 3119 2431 3189 τῆς
2450 3117 2746 3188 ἐπιδημίας
2769 3118 2978 3189 καιρὸν,
3004 3118 3104 3171 οὐκ
3143 3119 3577 3190 ἀπαραλλάκτως
3604 3121 3810 3190 ὁμοιω-

528 3237 550 3270 ς
592 3216 836 3272 Gloriam
866 3215 1021 3284 ejus,
1058 3214 1293 3285 gloriam
1328 3213 1606 3287 Unigeniti
1649 3230 1680 3268 a
1719 3215 1912 3279 Patre,
1947 3234 1964 3268 ι
2001 3216 2107 3270 hoc

2215 3211 2475 3280 θήσονται
2501 3210 2578 3281 τῷ
2602 3209 2745 3263 κατὰ
2766 3210 2928 3278 φύσιν
2952 3211 3082 3282 Υἱῷ,
3108 3212 3242 3266 ἀλλά
3273 3212 3332 3265 τὺ
3355 3214 3553 3266 οἰκεῖον
3577 3212 3812 3282 ἐπιγνώ-

514 3318 640 3375 est,
676 3309 858 3379 qualis
879 3309 1077 3364 deceat
1099 3307 1447 3378 unigenitum
1473 3322 1502 3360 a
1538 3306 1652 3363 Deo
1684 3306 1846 3362 Patre
1876 3305 2102 3371 Filium,

2217 3322 2398 3358 σονται
2443 3303 2661 3374 μέτρον,
2713 3302 2889 3356 ὀπίσω
2941 3305 3180 3375 μάλιστα
3231 3305 3510 3360 τεθεῖσθαι
3555 3306 3812 3375 λέγοντος

519 3417 632 3457 non
677 3409 857 3456 autem
907 3415 1005 3456 eos
1042 3399 1135 3470 qui
1174 3400 1243 3455 ad
1288 3400 1410 3470 ejus
1472 3399 1873 3456 fraternitatem
1919 3398 2105 3454 vocali

2214 3396 2402 3450 ἑαυτὸν
2431 3395 2526 3448 τοῦ
2547 3395 2703 3464 ἁγίου
2731 3396 3054 3463 Βαπτιστοῦ,
3085 3398 3213 3471 περὶ
3245 3391 3303 3451 οῦ
3327 3416 3489 3468 φησιν
3523 3401 3551 3452 6
3580 3399 3812 3471 καρδίας

521 3504 671 3559 sunt,
700 3507 936 3564 quorum
970 3501 1056 3547 est
1084 3492 1510 3562 primogenitus.

2212 3488 2388 3550 είδὼς·
2415 3506 2434 3539 ‹
2463 3489 2577 3541 υύκ
2601 3490 2898 3561 ἐγήγερται
2927 3490 2984 3544 ἐν
3004 3493 3283 3563 γεννητοῖς
3307 3492 3582 3560 γυναικῶν
3603 3492 3810 3562 μείζων

532 3583 781 3637 1Ἰωάννου
831 3580 927 3634 τοῦ
979 3579 1312 3634 Βαπτιστοῦ.
1376 3599 1395 3634 ι
1444 3579 1724 3651 Ἀληθεύει
1787 3580 1854 3649 δὴ
1893 3573 1986 3632 οῦν
2031 3579 2060 3631 6
2116 3577 2390 3648 μακάριος
2420 3575 2834 3648 εύαγγελιστὴς,
2877 3578 3169 3640 τεθεᾶσθαι
3223 3580 3397 3647 λέγων
3443 3598 3461 3629 ι
3506 3581 3618 3650 Τὴν
3649 3580 3810 3645 δόξαν

521 3672 712 3736 αὑτοῦ,
771 3671 929 3736 δόξαν
993 3671 1070 3733 ὡς
1111 3671 1454 3738 Μονογενοῦς
1499 3672 1652 3742 παρά
1699 3671 1934 3740 Πατρὺς,
1998 3690 2018 3723 ι
2081 3668 2213 3723 τοῦτ
2248 3668 2395 3721 ἐστιν
2449 3669 2598 3740 ἥπερ
2647 3669 2714 3722 ἂν
2770 3671 2972 3742 πρέποι
3013 3671 3091 3741 τῷ
3138 3673 3202 3725 ἐκ
3245 3672 3379 3724 Θεοῦ
3433 3673 3646 3742 Πατρὸς
3693 3673 3813 3744 Tqu

527 3764 829 3839 μονογενεῖ,
888 3760 984 3814 καὶ¹
1041 3761 1163 3831 οὐχὶ
1196 3760 1398 3832 μᾶλλον
1458 3764 1571 3825 τοῖς
1599 3763 1678 3826 είς
1730 3761 2065 3834 ἀδελφότητα
2101 3760 2462 3835 κεκλημένοις
2492 3758 2680 3828 αὐτοῦ,
2715 3754 2792 3815 ὧν
2821 3762 2939 3814 ἐστι
2974 3763 3348 3832 πρωτότοκος.

1177 3853 1335 3909 CAP.
1381 3854 1450 3910 Χ.

527 3949 685 4018 Quod
715 3947 861 4002 solus
892 3945 1181 4029 secundum
1210 3956 1461 4030 naturam
1499 3945 1787 4030 Filius.ch
1839 3949 2006 4004 Patre
2035 3951 2106 4005 sit

811 4026 1115 4087 unigent’tus
1135 4057 1149 4083 ,
1170 4027 1318 4071 alaex
1351 4026 1488 4086 ipso,
1518 4028 1568 4072 et
1600 4026 1654 4072 in
1685 4026 1817 4088 ipso.

595 4109 653 4178 1,
688 4111 777 4165 l8.
823 4107 988 4164 Deum
1021 4125 1172 4164 nemo
1206 4109 1643 4180 vidit-unquam:
1680 4112 1983 4182 unigenims
2011 4111 2106 4166 Fi-

524 4205 656 4271 lius,
683 4201 774 4273 qui
799 4212 877 4255 est
903 4202 955 4254 in
978 4200 1099 4254 sinu
1143 4197 1362 4267 Patris,
1397 4201 1504 4267 ipse
1534 4202 1823 4254 enarravit.

596 4373 1001 4434 Animadverte
1042 4389 1242 4429 rursus
1277 4373 1367 4428 hic
1397 4372 1570 4429 divini
1603 4374 1959 4443 evangelista:
1975 4389 2113 4444 pru-

521 4469 785 4526 dentiam.
815 4465 935 4521 Non
960 4467 1234 4537 ignoravit
1255 4465 1555 4520 nonnullos
1581 4463 1636 4518 in
1656 4479 1720 4519 ea
1739 4479 1860 4534 quae
1879 4462 1950 4518 de
1976 4461 2112 4517 Uni-

521 4562 706 4632 genito
733 4559 886 4615 dicta
918 4568 1068 4625 sunt,
1087 4559 1276 4615 acrius
1306 4558 1702 4628 inquisituros,
1728 4571 1792 4610 ac
1811 4557 2062 4610 dicturos
2091 4571 2104 4606 :

520 4653 852 4716 Asseruisti,
878 4666 912 4705 o
958 4652 1123 4715 bone,
1176 4658 1459 4720 spectasse
1487 4669 1506 4702 ι
1531 4648 1779 4704 Gloriam
1819 4647 1968 4717 ejus,
1995 4647 2112 4717 glo-

2835 3858 3087 3912 ΚΕΦΑΛ.
3116 3858 3173 3911 ιν.

2210 3948 2344 4002 ⁹οτι
2365 3947 2722 4025 μόνος-χαῖῤ
2748 3949 2939 4025 φύσιν
2961 3950 3096 4025 nec
3123 3950 3205 4025 se
3224 3951 3452 4025 Πατρὸς
3466 3954 3512 4025 _d
3540 3956 3805 4025 Μονογε-

2495 4018 2632 4086 νὴς,
2663 4019 2744 4085 ὠς
2767 4019 2836 4083 ἐξ
2859 4021 3072 4083 αὑτοῦ,
3113 4021 3210 4074 καί
3239 4022 3308 4074 ἐν
3338 4020 3527 4086 αὐτῷ.

2285 4110 2435 4164 Θεὸν
2493 4110 2695 4178 οὐδεὶς
2765 4111 2986 4180 ἑώρακε
3057 4113 3291 4169 πώποτε
3325 4133 3340 4146 ·
3394 4118 3427 4169 ό
3465 4113 3810 4184 μονογενὴς

2221 4202 2356 4268 Υἱὸς
2397 4205 2430 4256 d
2465 4201 2550 4256 ὢν
2573 4205 2660 4268 είς
2701 4202 2808 4256 τὸν
2853 4205 3088 4258 κόλπον
3129 4204 3236 4258 τοῦ
3278 4206 3530 4275 Πατρός,
3573 4206 3808 4273 ἐκεῖνος

2213 4292 2581 4362 ἐξηγήσατο.

2287 4384 2396 4437 Θέα
2418 4384 2481 4454 δὴ
2525 4383 2687 4437 πάλιν
2725 4387 2784 4438 ἐν
2812 4385 3024 4451 τούτοις
3058 4387 3153 4441 τοῦ
3206 4391 3658 4462 πνευματοφόρου
3700 4391 3804 4462 τὴν

2215 4476 2400 4546 νῆψιν.
2457 4477 2576 4529 Οὐκ
2605 4477 2874 4549 ἠγνόησεν
2903 4479 2985 4532 ὅτι
3040 4481 3258 4546 πάντως
3305 4483 3489 4554 ἐροῦσί
3515 4501 3682 4548 τινες,
3729 4485 3803 4538 τᾶ

2216 4568 2347 4638 περὶ
2379 4566 2472 4620 τοῦ
2513 4567 2854 4636 Μονογενοῦς
2897 4570 3166 4641 εἰρημένα
3207 4573 3533 4643 πικρότερον
3573 4573 3799 4643 βασανί-

2215 4659 2418 4722 ζοντες·
2447 4659 2643 4728 Ἐφης.
2661 4653 2707 4712 ὧ
2723 4652 2896 4724 οὗτος,
2913 4661 3201 4716 τεθεᾶσθαι
3219 4681 3233 4694 ·
3269 4664 3409 4736 «Τὴν
3425 4665 3580 4730 δόξαν
3605 4665 3796 4734 αὐτοῦ,

520 4744 660 4798 riam
689 4742 850 4812 quasi
886 4739 1168 4810 Unigeniti
1198 4755 1228 4794 a
1271 4739 1466 4797 Patre:
1509 4758 1526 4791 ι
1585 4739 1840 4809 Cumque
1881 4738 2105 4794 deceret

2213 4748 2374 4813 δόξαν
2432 4749 2512 4812 ὡς
2572 4752 2910 4820 Μονογενοῦς
2964 4755 3115 4824 παρὰ
3159 4733 3396 4826 Πατρόςο
3445 4776 3463 4809 ι
3507 4751 3627 4812 είτα
3679 4758 3801 4812 δέον

519 4833 870 4892 subtiliorem
937 4832 1171 4887 istarum
1223 4847 1410 4887 rerum
1459 4832 1622 4887 nobis
1681 4832 2104 4902 explicationem

517 4923 744 4988 εὕει-ιε,
767 4930 831 4976 et
859 4922 1106 4978 divinum
1136 4923 1402 4994 quiddam
1444 4933 1615 4995 atque
1639 4925 1873 4980 sublime
1899 4923 2104 4987 dicere,

521 5015 951 5090 gloriam-illam
985 5016 1380 5072 demonstrasti
1419 5030 1484 5070 ex
1514 5031 1582 5071 eo
1629 5015 1775 5084 quod
1801 5015 2004 5086 Moysis
2051 5022 2107 5068 et

518 5107 754 5163 Joannis
809 5105 1191 5160 excellentiam
1227 5107 1533 5177 superavit,
1577 5108 1733 5174 quasi
1765 5120 1875 5159 non
1921 5113 2105 5174 posset

520 5201 684 5254 aliter
729 5196 852 5268 ejus
900 5195 1073 5267 gloria
1124 5198 1397 5266 spectari,
1445 5211 1574 5251 cum
1605 5197 1804 5251 beatus
1841 5196 2106 5265 propheta

520 5290 875 5347 lsaiasdicat
907 5308 920 5344 :
952 5307 970 5340 ι
1006 5285 1132 5342 Vidi
1165 5286 1458 5344 Dominum
1489 5288 1769 5343 sedentem
1830 5303 1995 5357 super
2018 5302 2109 5342 so-

520 5383 652 5437 lium
672 5381 982 5442 escelsum,
1012 5387 1068 5434 et
1089 5379 1364 5434 elevatum
1393 5397 1405 5433 :
1433 5389 1484 5432 et
1503 5379 1664 5448 plena
1689 5378 1892 5433 domus
1929 5378 2106 5450 gloria

523 5473 662 5540 ejus.
696 5473 761 5528 Et
791 5471 1069 5543 scraphim
1095 5470 1318 5526 stabant
1344 5470 1397 5522 in
1425 5470 1666 5524 circuitu
1693 5468 1814 5538 ejus
1838 5489 1851 5525 :
1873 5485 1967 5525 sex
2002 5470 2106 5524 alas

2215 4839 2608 4892 ἀπολεπτύνειν
2665 4844 2796 4912 ἡμῖν
2835 4844 2936 4916 τὴν
2989 4847 3082 4897 ἐπὶ
3108 4844 3315 4909 τούτοις
3364 4847 3645 4919 ἐξήγησιν,
3702 4849 3800 4902 καὶ

2215 4919 2519 5001 θεοπρεπὲς
2557 4949 2609 4985 τι
2641 4937 2872 5005 πρᾶγμα
2914 4940 3008 4988 καὶ
3042 4937 3279 5000 ἐξαίσιον
3316 4940 3510 5005 εἰπεῖν,
3547 4941 3656 4993 ἀπὸ
3694 4940 3798 5010 τῆς

2214 5020 2357 5073 κατά
2388 5021 2632 5085 Μωσέως
2679 5023 2957 5096 ὑπεροχῆς
3004 5028 3096 5080 καὶ
3136 5027 3243 5081 τῶν
3297 5030 3543 5084 Ἰωάννου
3579 5032 3811 5102 μέτρων

2215 5110 2456 5178 ἐποιήσω
2499 5113 2596 5182 τὴν
2624 5115 2915 5181 ἀπόδειξιν,
2940 5118 3017 5181 ὡς
3056 5121 3156 5173 οὐκ
3182 5121 3300 5174 ἐνὸν
3337 5123 3538 5193 ἑτέρως
3565 5125 3799 5196 ὁρᾶσθαι

2215 5199 2310 5271 τὴν
2348 5201 2502 5268 δόξαν
2524 5205 2708 5270 αὑτοῦ,
2730 5209 2906 5260 καίτοι
2952 5211 3046 5262 τοῦ
3080 5212 3176 5281 μὲν
3217 5213 3486 5283 μακαρίου
3515 5217 3798 5285 προφήτου

2213 5290 2460 5359 λέγοντος
2493 5295 2734 5348 Ἡσαΐου·
2784 5317 2801 5347 ι
2836 5295 2987 5352 Εἶδον
3029 5303 3119 5355 τὸν
3160 5303 3362 5375 Κύριον
3392 5304 3623 5358 Σαϐαὼθ
3661 5309 3800 5361 καθ-

2212 5381 2412 5469 ήμενον
2441 5384 2531 5436 ἐπὶ
2558 5385 2745 5455 θρόνου
2765 5386 2970 5458 ὑψηλοῦ
2992 5393 3088 5444 καὶ
3114 5393 3446 5464 ἐπηρμένου,
3466 5397 3560 5448 καὶ
3583 5397 3802 5469 πλήρης

2210 5473 2239 5524 6
2265 5467 2410 5538 οἶκος
2441 5476 2542 5546 τῆς
2588 5476 2745 5548 δόξης
2789 5480 2983 5547 αὑτοῦ,
3025 5484 3120 5538 καὶ
3159 5487 3401 5556 σεραφὶμ
3444 5467 3800 5559 εἱστήκεισαν

579 5585 621 5616 ⁷³
679 5593 722 5646 ll
760 5594 890 5650 Cor.
923 5609 1005 5660 ιιι,
1058 5593 1112 5648 9.
1183 5591 1387 5650 "Psal.
1419 5605 1685 5658 suum,
1741 5592 1793 5647 7.
1872 5592 1918 5624 τ³
1957 5591 2107 5648 Mattl

2209 5610 2278 5661 Il,
2335 5596 2428 5652 Η.

599 5718 676 5790 (1)
705 5722 1036 5797 Cotelerius,
1063 5727 1305 5786 Hortum.
1344 5726 1491 5786 Eccl.
1523 5728 1614 5786 Gr.
1649 5730 2017 5802 supplendum
2039 5746 2103 5789 co

2209 5732 2266 5790 :it
2309 5739 2796 5808 χρηματισθέντες,
2841 5742 2986 5813 quod
3021 5749 3077 5800 et
3131 5747 3415 5818 sequentia
3443 5747 3801 5818 _ostendunt.

3441 5815 3609 5874 Enn.
