4090 6266
549 375 660 455 ιτο

1534 398 1591 454 S.
1633 397 1909 453 CYRILLI
1945 397 2409 454 ALEXANDIHNI
2450 400 2769 456 ARCIIIEP.

3686 411 3794 468 180

545 519 678 575 bere
725 534 791 573 ex
846 517 1009 574 Patre
1054 526 1109 573 et
1156 519 1211 573 in
1244 517 1409 574 Patre
1435 519 1837 576 exsistentiam.
1874 521 1931 575 Si
1960 521 2104 576 enim

2223 522 2306 592 τὴν
2340 523 2571 593 Θεωρίαν
2615 525 2824 578 ὠδίνειν
2866 523 2964 577 τοῦ
3009 526 3375 595 προκειμένου
3561 529 3784 585 ἔννοιαν.

546 625 736 666 revera
765 609 912 666 Deus
940 617 1026 667 est
1057 608 1420 681 Unigenitus,
1449 611 1725 680 quomodo
1748 627 1860 666 non
1888 612 2117 667 diversa

547 715 632 758 est
663 710 871 757 natura:
894 703 963 758 ab
993 703 1104 758 illis
1149 703 1242 773 qui
1293 703 1586 772 adoptione
1616 703 1694 757 dii
1727 712 1857 758 sunt
1885 718 1951 758 ac
1984 703 2117 757 lllii?

546 793 886 863 [intelligetur
917 794 1062 848 enim
1093 810 1200 848 non
1236 794 1293 848 in
1323 795 1512 849 multis
1543 794 1815 850 fratribus
1847 795 2116 864 Unigeni-

503 873 517 906 ·’
549 899 636 940 Ius
660 923 676 948 ,
720 884 816 939 sed
856 885 1007 940 solus
1043 886 1312 940 exsistere
1349 899 1378 938 a
1414 883 1595 940 Patre.
1628 884 1765 940 Cum
1813 893 2020 953 autem,
2057 893 2116 940 ut

548 975 753 1030 Paulus
776 975 854 1029 ait
869 975 937 1039 ⁸ο,
959 975 1148 1032 multis
1170 975 1563 1032 exsistentibus
1582 984 1637 1031 et
1663 976 1960 1031 nominatis
1984 977 2112 1042 diis,

548 1082 672 1121 eum
715 1066 768 1122 in
803 1066 975 1132 σωκ),
1011 1074 1128 1121 tum
1162 1067 1220 1122 in
1253 1074 1399 1123 terra
1421 1107 1437 1133 ,
1472 1066 1614 1123 Deus
1645 1069 1717 1124 sit
1753 1067 2077 1138 Unigenitus
2099 1109 2113 1133 ,

549 1165 700 1211 extra
747 1165 1072 1214 exterarum
1129 1173 1422 1214 numerum
1467 1159 1681 1214 scilicet
1729 1160 2115 1225 collocabitur,

550 1263 653 1302 nec
685 1247 831 1303 inter
861 1263 957 1306 eos
986 1249 1082 1320 qui
1113 1249 1189 1305 dii
1224 1257 1354 1306 sunt
1385 1265 1484 1320 per
1523 1251 1756 1322 gratiam
1797 1252 2116 1307 numerabi-

549 1345 663 1402 tur,
702 1336 802 1392 sed
839 1337 945 1393 erit
986 1339 1171 1408 potius
1209 1353 1336 1394 cum
1382 1337 1545 1395 Patre
1593 1338 1739 1396 Deus
1789 1356 1974 1397 verus.
2024 1340 2116 1396 Sic

549 1425 696 1480 enim
717 1423 923 1481 Paulus
941 1441 1067 1481 eum
1090 1427 1370 1498 eonjungit
1390 1467 1405 1492 ,
1432 1427 1627 1485 dicens
1654 1447 1668 1484 :
1693 1449 1712 1481 ‹
1737 1429 1908 1486 Nobis
1931 1441 2114 1487 autem

549 1532 698 1573 unus
729 1516 872 1573 Deus
897 1517 1078 1585 Pater,
1106 1534 1172 1575 ex
1201 1535 1312 1591 quo
1338 1523 1520 1577 omnia
1544 1560 1560 1587 ,
1589 1531 1644 1577 et
1677 1538 1820 1578 unus
1849 1523 2114 1582 Dominus

548 1607 711 1664 Jesus
740 1609 995 1666 Christus
1016 1647 1032 1674 ,
1079 1625 1176 1680 per
1218 1627 1382 1681 quem
1427 1613 1613 1668 omnia
1641 1613 1709 1668 ⁸⁸.
1738 1632 1756 1666 ι
1779 1614 1917 1668 Cum
1964 1616 2112 1670 enim

528 1716 696 1756 .unns
726 1701 800 1756 sit
831 1716 928 1771 per
956 1709 1216 1756 naturam
1252 1702 1398 1758 Deus
1429 1701 1614 1766 Pater,
1650 1719 1758 1758 non
1792 1715 1972 1773 potest
2005 1722 2112 1762 non

549 1808 673 1847 esse
706 1791 983 1858 Verbum,
1013 1795 1159 1865 quod
1201 1809 1266 1849 ex
1315 1796 1437 1865 ipso
1475 1804 1529 1850 et
1575 1796 1630 1850 in
1666 1797 1787 1867 ipso
1821 1807 1937 1860 est,
1969 1799 2116 1868 geni-

2233 613 2619 686 Ἐπιτηρητὲον
2669 615 2726 667 δὲ
2774 615 2970 682 πάλιν,
3028 617 3108 668 ὅτι
3171 618 3265 670 καὶ
3322 619 3601 691 Μονογενῆ
3660 622 3794 676 Θεὸν

2217 705 2484 758 ἀποκαλεῖ
2521 707 2611 759 τὸν
2642 707 2786 771 Υίὸν,
2831 708 2926 761 καὶ
2973 711 3029 762 tv
3063 709 3282 772 κόλποις
3324 706 3461 764 εἶναί
3516 730 3648 783 φησι
3697 716 3792 768 τοῦ

2218 794 2449 864 Πατρός,
2498 796 2583 848 ἵνα
2631 797 2886 866 φαίνηται
2925 799 3088 853 πάλιν
3136 800 3238 868 τῆς
3279 801 3418 871 πρὸς
3470 802 3568 873 τὴν
3617 806 3792 857 κτίσιν

2216 885 2483 954 ὁμοφυτας
2515 885 2901 958 ὲξῳκισμένος,
2946 889 3039 942 καὶ
3073 889 3380 953 ἰδιάζουσαν
3404 890 3544 960 ἔχων
3578 894 3642 946 έκ
3683 895 3792 944 Πα-

2214 976 2343 1045 τρὸς
2397 977 2491 1031 καὶ
2515 979 2573 1030 tv
2602 978 2776 1049 Πατρὶ
2800 978 2896 1050 τὴν
2935 977 3189 1046 ὕπαρξιν.
3231 982 3294 1033 Εἰ
3325 981 3433 1051 γὰρ
3465 982 3632 1045 ὅντως
3657 982 3792 1046 Θεός

2216 1069 2331 1120 ἐστι
2359 1068 2686 1138 Μονογενὴς,
2709 1068 2829 1131 πῶς
2854 1069 2956 1122 οὐκ
2983 1068 3097 1122 ἐστι
3127 1070 3268 1125 κατὰ
3293 1072 3456 1140 φύσιν
3485 1072 3691 1143 ἔτερος,
3715 1073 3792 1137 ὡς

2218 1157 2352 1227 πρὸς
2381 1157 2641 1222 ἐκείνους,
2679 1159 2837 1231 οἵπερ
2869 1159 2978 1212 εἰσὶ
3009 1160 3147 1213 κατὰ
3172 1160 3320 1214 θέσιν
3353 1162 3466 1216 θεοὶ
3523 1164 3620 1216 καί
3654 1164 3792 1229 uici;

2217 1249 2555 1320 Νοηθήσεται
2580 1248 2688 1320 γὰρ
2712 1250 2811 1302 ούκ
2830 1251 2888 1302 tv
2910 1251 3121 1314 πολλοῖς
3140 1251 3386 1322 ἀδελφοῖς
3407 1254 3436 1307 6
3458 1254 3786 1325 Μονογενὴς,

2215 1337 2330 1392 ἀλλ’
2356 1339 2434 1402 ὠς
2463 1339 2622 1410 μόνος
2656 1337 2732 1392 ὢν
2760 1341 2826 1393 ὲκ
2854 1341 3086 1412 Πατρός.
3129 1341 3347 1411 Ἐπειδὴ
3393 1342 3472 1407 δὲ,
3506 1344 3650 1397 κατὰ
3690 1345 3789 1416 τὴν

2217 1427 2428 1480 Παύλου
2462 1429 2666 1500 φωνὴν,
2692 1430 2900 1483 πολλῶν
2935 1430 3124 1493 ὅντων,
3157 1430 3190 1500 ἢ
3225 1433 3318 1486 καὶ
3347 1432 3791 1504 ὀνομαζομένων,

2217 1519 2274 1572 tv
2297 1537 2355 1572 τε
2389 1521 2602 1592 ούρανῷ
2647 1523 2740 1576 καὶ
2783 1524 2874 1576 ἐπὶ
2904 1523 3006 1593 τῆς
3032 1525 3156 1594 γῆς,
3191 1523 3301 1578 τῶν
3333 1523 3470 1578 θεῶν
3505 1524 3638 1588 Θεός
3671 1528 3786 1580 ἐστι

2218 1611 2550 1682 Μονογενὴς,
2575 1611 2679 1678 ἔξω
2698 1612 2936 1682 δηλονότι
2953 1613 3060 1667 τῶν
3081 1613 3252 1667 ἄλλων
3279 1613 3538 1681 κείσεται,
3567 1617 3659 1669 καὶ
3685 1617 3784 1669 οὐκ

2217 1703 2274 1756 tv
2304 1706 2416 1767 τοῖς
2444 1703 2585 1758 κατὰ
2611 1705 2768 1776 χάριν
2797 1704 3077 1771 τετάξεται
3101 1705 3270 1770 θεοῖς,
3306 1705 3456 1759 ἔσται
3495 1706 3552 1760 δὲ
3589 1709 3786 1777 μᾶλλον

2221 1790 2358 1860 μετά
2396 1791 2608 1863 Πατρδς
2650 1791 2932 1862 ἀληθινός·
2979 1792 3123 1847 οὕτω
3167 1794 3276 1864 γὰρ
3327 1796 3459 1864 ἡμῖν
3499 1797 3532 1848 6
3574 1796 3792 1862 Παῦλος

549 1884 688 1939 toris
729 1884 966 1955 prepriis
1015 1861 1177 1941 bonis
1217 1861 1608 1967 conspicuum,
1675 1861 1730 1942 et
1773 1861 2112 1945 substantia-

2223 1861 2576 1950 συναρμόττει
2602 1861 2774 1948 λέγων
2799 1895 2813 1910 ο
2849 1897 2869 1932 ι
2905 1881 3066 1950 Ἦμῖν
3090 1881 3146 1933 δὲ
3176 1861 3256 1945 εἷς
3279 1861 3412 1945 Θεδς
3439 1884 3468 1936 6
3499 1884 3707 1955 Πατὴρ,
3731 1885 3787 1950 ἐξ

550 1973 679 2028 liter
728 1975 924 2044 aquali
969 1974 1236 2047 dignitate
1279 1976 1601 2047 praeditum,
1635 1979 1690 2032 in
1741 1994 1808 2034 eo
1854 1981 2113 2034 nimirum

549 2062 699 2132 quod
740 2062 882 2120 Deus
920 2073 1006 2120 est
1049 2067 1351 2121 secundum
1382 2076 1660 2122 naturam.
1684 2068 2028 2138 Quapropter
2059 2070 2116 2123 in

549 2154 673 2208 sinu
702 2170 922 2226 quoque
954 2157 1131 2226 ipsum
1173 2159 1252 2214 ait
1293 2173 1419 2214 esse
1467 2157 1685 2224 Patris,
1735 2170 1796 2214 ut
1842 2161 2116 2232 intelligas

551 2260 742 2301 rursus
773 2247 826 2301 id
855 2248 1005 2318 quod
1041 2248 1098 2302 in
1129 2249 1251 2317 ipso
1286 2257 1342 2303 et
1372 2264 1438 2303 ex
1470 2249 1591 2318 ipso
1622 2259 1744 2314 est,
1782 2250 1940 2319 juxta
1983 2251 2115 2305 illud

547 2333 853 2392 Psalmistte
876 2354 891 2391 :
912 2354 932 2389 ι
957 2335 1036 2391 Ex
1067 2345 1223 2393 utero
1239 2344 1365 2390 ante
1381 2335 1695 2392 Luciferum
1719 2341 1880 2409 genui
1907 2347 1957 2393 te
1973 2340 2058 2392 δ”.
2091 2357 2112 2390 ι

549 2428 620 2483 Ut
651 2429 800 2484 enim
830 2428 920 2482 hic
947 2445 968 2479 ε
991 2443 1058 2482 ex
1087 2435 1278 2490 utero,
1306 2447 1326 2479 ι
1346 2443 1446 2498 pro
1485 2444 1550 2484 eo
1581 2429 1728 2498 quod
1758 2448 1777 2481 ι
1807 2447 1870 2486 ex
1903 2433 2023 2500 ipso
2046 2473 2060 2497 ,
2093 2452 2110 2484 ι

547 2521 715 2574 etiam
758 2519 977 2588 proprie
1009 2519 1197 2589 ponit,
1229 2519 1395 2573 ducta
1431 2535 1627 2576 rursus
1655 2537 1686 2575 a
1721 2522 1880 2578 nobis
1917 2523 2117 2578 simili-

551 2610 742 2665 tudine
770 2611 868 2682 (ex
891 2617 1050 2665 utero
1071 2611 1270 2680 quippe
1296 2611 1566 2680 prodeunt
1589 2614 1682 2684 qui
1705 2628 1771 2668 ex
1800 2613 2115 2671 hominibus

552 2701 932 2773 nascuntur),
958 2704 1034 2758 ita
1074 2717 1198 2758 cum
1227 2723 1244 2756 ι
1277 2704 1335 2759 in
1381 2706 1503 2762 sinu
1533 2724 1553 2758 ι
1583 2707 1693 2771 ait,
1738 2715 1948 2762 tantum
2002 2724 2114 2763 non

550 2792 865 2863 signiﬁcare
892 2794 1008 2848 vult
1037 2794 1093 2848 in
1121 2794 1296 2851 Patris
1320 2803 1478 2852 utero
1505 2797 1762 2868 gignente
1785 2798 2006 2869 quidem
2035 2799 2116 2854 Fi-

552 2883 684 2936 lium
716 2898 811 2953 per
838 2887 1252 2954 expressionem
1295 2887 1485 2942 divina
1523 2889 1671 2944 velut
1704 2891 2026 2947 emicatione
2061 2903 2117 2947 et

550 2974 811 3031 ineffabili
840 2975 1077 3046 quodam
1122 2993 1417 3048 progressu
1449 2979 1516 3033 ad
1544 2982 1826 3052 propriam
1863 2984 2118 3055 hyposta-

550 3069 690 3132 sim,
737 3067 832 3123 sed
883 3069 1063 3138 ipsum
1111 3083 1309 3124 rursus
1358 3069 1626 3137 habente,
1673 3073 2116 3143 quandoquidem

552 3174 660 3212 non
694 3173 789 3228 per
817 3157 1156 3213 decisionem
1185 3167 1280 3213 aut
1307 3160 1636 3217 divisionem
1677 3162 1914 3228 aliquam
1943 3179 1972 3218 c
2001 3181 2119 3219 cor-

551 3263 680 3316 pore
707 3248 950 3303 divinum
977 3266 1004 3302 a
1029 3248 1190 3304 Patre
1215 3251 1465 3319 genimen
1495 3251 1721 3322 prodiit.
1770 3252 1922 3310 Unde
1943 3254 2116 3311 Filius

551 3340 752 3395 alicubi
783 3341 860 3395 ait
887 3356 947 3397 se
989 3342 1044 3396 in
1089 3341 1251 3398 Patre
1289 3343 1512 3413 quidem
1558 3359 1714 3409 esse,
1765 3345 1860 3401 sed
1913 3346 2116 3402 habere

548 3431 793 3486 vicissim
825 3431 1042 3488 Patrem
1072 3434 1126 3487 in
1154 3436 1336 3504 seipso
1364 3436 1430 3490 “.
1460 3434 1616 3502 Quod
1646 3436 1794 3494 enim
1822 3440 2114 3509 proprium

548 3529 633 3576 est
662 3520 842 3576 Patris
871 3514 1197 3578 substantia:
1225 3527 1552 3582 naturaliter
1595 3529 1902 3597 pervadens
1933 3531 1985 3582 in
2025 3529 2116 3582 Fi-

549 3613 684 3665 lium
709 3651 723 3674 ,
756 3613 1000 3667 ostendit
1029 3615 1083 3666 in
1116 3615 1238 3684 ipso
1268 3614 1518 3678 Patrem,
1553 3616 1715 3671 Pater
1741 3625 1923 3672 autem
1956 3620 2118 3674 viris-

553 3706 657 3757 sim
689 3702 855 3758 habet
886 3702 943 3757 in
976 3705 1162 3772 seipse
1185 3703 1384 3758 Filium
1416 3705 1576 3776 106
1599 3720 1694 3774 per
1718 3706 1898 3760 omnia
1923 3707 2116 3776 :Bquali

551 3792 878 3848 substantiae
908 3791 1193 3868 identitate
1221 3793 1484 3850 radicitus
1519 3795 1746 3850 infixum
1768 3836 1782 3860 ,
1816 3804 1870 3850 et
1897 3813 1962 3853 ex
1998 3799 2118 3867 ipso

551 3884 772 3954 quidem
803 3884 1044 3955 genitum
1065 3923 1081 3949 ,
1115 3901 1222 3940 non
1242 3895 1432 3943 tamen
1463 3901 1561 3956 per
1591 3886 1918 3942 divisionem
1949 3889 2117 3943 ullam

551 3978 670 4032 sive
705 3976 1132 4046 disjunctionem
1165 3978 1432 4046 localem,
1475 3980 1571 4036 sed
1609 3981 2023 4038 inexsistentem
2065 3991 2119 4038 et

557 4084 774 4139 semper
803 4069 1270 4126 coexsistentem:
1305 4070 1380 4124 ita
1433 4087 1568 4127 sane
1617 4073 1790 4144 magis
1841 4073 1929 4144 pie
1974 4075 2121 4128 acci-

551 4160 767 4231 piemus
796 4160 958 4226 illud,
989 4161 1042 4215 in
1085 4161 1208 4218 sinu
1253 4159 1434 4217 Patris
1484 4161 1686 4218 Filium
1719 4179 1844 4219 esse
1867 4206 1882 4230 ,
1917 4178 2027 4217 non
2061 4171 2120 4216 ut

550 4250 770 4324 quidam
806 4249 900 4306 Dei
946 4251 1131 4321 hostes
1175 4252 1639 4321 interpretantur,
1686 4267 1923 4324 quorum
1965 4251 2118 4323 iusta

549 4345 939 4401 condemnatio
964 4355 1087 4401 est:
1133 4346 1320 4409 omnia
1363 4347 1509 4400 enim
1559 4353 1709 4401 recta
1756 4353 2115 4416 pervertunt,

543 4438 702 4506 juxta
722 4439 1014 4509 -pr0phet:e
1047 4437 1256 4491 dictum
1286 4437 1332 4468 ⁸³
1353 4475 1368 4500 ,
1401 4436 1802 4505 simpliciorum
1831 4450 2000 4491 aures
2033 4451 2118 4488 se-

548 4528 846 4593 ducentes,
877 4538 931 4582 ct
962 4538 1165 4582 temere
1191 4527 1245 4581 in
1276 4526 1473 4580 fratres
1504 4535 1797 4594 peccantes
1820 4563 1835 4588 ,
1866 4540 1968 4594 pro
1996 4525 2118 4595 qui-
2157 4555 2200 4608 υ

549 4619 654 4674 bus
679 4618 935 4672 Christus
977 4626 1230 4682 mortuus
1271 4623 1380 4670 est.
1429 4613 1667 4668 Necesse
1705 4613 1850 4667 enim
1876 4614 2120 4684 estquid

549 4707 633 4760 illi
679 4695 886 4760 dicant'
914 4718 978 4756 ac
1025 4702 1300 4765 sentiant,
1347 4699 1591 4770 quidque
1632 4701 1833 4755 docere
1879 4701 2126 4755 nitantur

549 4811 846 4866 exponere.
887 4795 1024 4848 Cum
1061 4793 1396 4864 evangelista
1441 4793 1496 4846 in
1543 4792 1667 4848 sinu
1714 4790 1808 4847 Dei
1850 4805 1916 4846 ac
1946 4791 2123 4848 Patris

552 4888 754 4943 Filium
783 4902 908 4941 esse
937 4885 1118 4949 dicat,
1145 4901 1380 4956 cumque
1409 4885 1671 4940 Ecclesiae
1701 4884 1794 4938 [liii
1830 4894 1976 4940 recte
2005 4901 2128 4941 sen-

553 4981 726 5041 tiant,
769 4987 824 5031 et
863 4993 930 5031 ex
975 4975 1136 5030 Patre
1180 4985 1344 5045 atque
1391 4976 1444 5030 in
1488 4975 1650 5030 Patre
1703 4975 1912 5031 idcirco
1946 4977 2123 5044 ipsum

553 5068 822 5124 exsistere
845 5065 1197 5124 confirment,
1224 5078 1287 5116 ac
1309 5077 1490 5117 veram
1521 5063 1818 5133 generandi
1854 5065 2124 5116 rationein

555 5156 881 5214 servandam
913 5169 1037 5210 esse
1075 5153 1444 5217 Contendant,
1473 5154 1528 5206 in
1557 5153 1727 5207 risum
1775 5152 1924 5205 illico
1968 5152 2124 5206 eﬂ'usi

555 5248 822 5303 vecordes
864 5244 940 5298 illi
963 5287 976 5309 ,
1011 5245 1096 5298 bis
1127 5257 1228 5298 nos
1261 5244 1528 5312 impetere
1553 5241 1739 5296 verbis
1783 5253 1893 5296 non
1935 5258 2125 5298 veren-

557 5352 667 5394 tur.
711 5337 880 5408 Nugae
919 5344 1049 5390 sunt
1095 5333 1654 5398 vestrae‘sententize,
1703 5347 1736 5386 ο
1777 5332 1938 5398 boni,
1971 5333 2127 5387 indo-

555 5439 704 5484 ctum
735 5430 882 5485 enim
909 5437 963 5482 ct
993 5425 1270 5481 insulsum
1303 5433 1388 5479 est
1425 5423 1570 5493 quod
1613 5422 1680 5478 de
1719 5421 1829 5479 Deo
1873 5425 2090 5479 sentitis
2112 5466 2126 5490 ,

557 5538 682 5576 cum
727 5538 789 5576 ex
825 5538 890 5576 co
931 5520 1077 5592 quod
1122 5519 1176 5573 in
1221 5517 1346 5573 sinu
1389 5515 1566 5571 Patris
1611 5514 1782 5572 Filius
1815 5525 1977 5572 natus
2005 5533 2126 5572 esse

561 5613 786 5674 dicitur,
821 5614 1000 5681 ipsum
1041 5611 1233 5679 utique
1262 5625 1325 5664 ex
1372 5608 1494 5678 ejus
1535 5608 1844 5664 substantia
1891 5609 2125 5664 exii-isse

2216 2975 2317 3044 τῆς
2347 2975 2467 3028 καθ’
2497 2976 2642 3044 ἡμᾶς
2665 2991 2680 3004 ·

2217 1962 2278 2022 οὗ
2310 1969 2377 2022 τὰ
2406 1971 2602 2035 πάντα,
2632 1972 2726 2024 καὶ
2759 1966 2840 2036 εἷς
2869 1971 3072 2042 Κύριος
3112 1971 3314 2043 Ἰησοῦς
3341 1974 3595 2043 Χριστὸς,
3633 1976 3699 2027 δι’
3725 1969 3787 2028 οὗ

2215 2060 2283 2114 τὰ
2316 2061 2511 2113 πάντα.
2551 2081 2569 2113 ι
2619 2060 2770 2124 Ἐνδς
2807 2060 2916 2130 γὰρ
2962 2060 3114 2124 ὄντος
3158 2060 3298 2114 κατὰ
3337 2061 3498 2129 φύσιν
3527 2061 3662 2115 Θεοῦ
3693 2064 3795 2116 τοῦ

2219 2149 2448 2220 Πατρός,
2482 2151 2582 2204 οὐκ
2625 2151 2730 2215 ἔξω
2755 2151 2850 2204 τοῦ
2893 2145 3032 2204 εἶναι
3072 2151 3204 2215 Θεὸς
3238 2153 3268 2206 6
3309 2152 3367 2218 ἐξ
3397 2152 3561 2206 αὑτοῦ
3592 2155 3687 2208 καὶ
3731 2157 3790 2206 tv

2217 2241 2367 2312 αὐτῷ
2397 2245 2548 2312 μενεῖ
2577 2241 2770 2311 Λόγος,
2805 2245 2870 2314 τῇ
2904 2243 2999 2296 τοῦ
3032 2245 3392 2314 γεννήσαντος
3431 2245 3650 2315 ἰδιότητι
3674 2245 3792 2298 δια-

2219 2337 2481 2403 πρέπων,
2535 2336 2628 2387 καὶ
2682 2333 2952 2398 ούσιωδῶς
3007 2333 3143 2404 πρὸς
3201 2334 3263 2387 τὸ
3319 2333 3434 2386 ἴσον
3485 2336 3796 2388 ἀναϐαίνων

2217 2425 2451 2494 ἀξίωμα,
2488 2425 2628 2477 κατά
2658 2440 2723 2492 γε
2760 2424 2823 2477 τὸ
2865 2419 3001 2477 εἶναι
3032 2425 3173 2477 κατὰ
3211 2425 3370 2493 φύσιν
3400 2426 3551 2489 Θεός.
3585 2427 3685 2480 Διά
3710 2443 3794 2480 τοι

2215 2515 2370 2569 τοῦτο
2388 2519 2484 2570 καὶ
2505 2519 2562 2570 tv
2583 2517 2802 2578 κόλποις
2828 2516 2989 2570 αὐτὸν
3016 2513 3155 2568 εἶναί
3180 2534 3310 2587 φησι
3327 2517 3422 2572 τοῦ
3447 2520 3680 2589 Πατρδς,
3704 2520 3796 2572 ἵνα

2219 2610 2403 2679 ἐννοῇς
2422 2609 2581 2662 πάλιν
2604 2607 2667 2661 τὺ
2695 2611 2751 2661 tv
2778 2607 2926 2678 αὐτῷ
2957 2608 3051 2662 καὶ
3076 2606 3135 2673 ἐξ
3151 2608 3314 2662 αὑτοῦ
3332 2609 3471 2662 κατὰ
3487 2610 3546 2661 τὸ
3563 2612 3618 2662 tv
3637 2610 3786 2663 Ψαλ-

2220 2700 2336 2768 μοῖς
2353 2699 2658 2768 εἰρημένον·
2680 2717 2698 2750 ι
2710 2699 2804 2751 Ἐκ
2819 2697 3052 2768 γαστρὸς
3064 2697 3170 2770 πρὸ
3187 2699 3457 2768 ἑωσφόρον
3471 2698 3795 2769 ἐξεγέννησὰ

2220 2809 2300 2844 σε.
2328 2811 2345 2843 ι
2368 2792 2579 2863 Ὥσπερ
2599 2793 2706 2863 γὰρ
2726 2794 2783 2845 tv
2811 2791 3004 2861 τούτῳ,
3021 2792 3081 2844 τὸ
3107 2791 3466 2862 σὲκγαστρὺς,
3483 2811 3499 2839 ι
3523 2791 3610 2844 διὰ
3629 2792 3712 2856 τὸ,
3737 2792 3795 2856 ἐξ

2217 2881 2399 2947 αὑτοῦ,
2437 2884 2534 2936 καὶ
2572 2883 2810 2954 γνησίως
2837 2881 3067 2953 τίθησιν,
3097 2881 3172 2946 ὡς
3201 2880 3259 2946 ἐξ
3288 2882 3599 2952 ὁμοιότητος
3631 2883 3795 2935 πάλιν

2725 2973 2938 3043 πρόεισι
2981 2974 3088 3043 γὰρ
3122 2974 3186 3027 ἐκ
3223 2973 3458 3044 γαστρὸς
3482 2973 3552 3025 τὰ
3598 2973 3657 3040 ἐξ
3695 2975 3795 3026 ἀν-

2220 3064 2450 3136 θρώπων
2479 3063 2790 3134 γεννώμενα
2816 3080 2850 3120 ο.
2891 3063 3032 3117 οὕτω
3079 3065 3173 3118 καὶ
3200 3065 3288 3117 ὅτε
3319 3063 3380 3144 τζι
3432 3083 3450 3114 ι
3473 3065 3530 3116 tv
3556 3064 3743 3136 κόλπῳ
3773 3083 3791 3114 ι

2221 3158 2374 3225 φησὶ,
2425 3156 2705 3228 μονονουχὶ
2752 3154 2996 3225 βούλεται
3029 3155 3220 3225 δῆλουν
3257 3155 3314 3206 tv
3345 3157 3411 3224 τῇ
3444 3153 3538 3206 τοῦ
3576 3155 3791 3224 Πατρός

2221 3245 2372 3316 νηδύϊ
2424 3243 2667 3316 γεννώσῃ
2731 3245 2828 3316 μὲν
2873 3244 2964 3298 τὸν
3002 3243 3128 3296 Υἰὸν
3185 3242 3561 3312 ὲκφαντικῶς,
3606 3243 3684 3304 ὡς
3737 3245 3796 3295 ἐν

2223 3335 2489 3406 ἐκλάμψει
2511 3335 2821 3406 θεοπρεπεῖ,
2843 3335 2936 3386 καὶ
2962 3335 3184 3404 ἀρρήτῳ
3203 3333 3311 3386 τινὶ
3332 3333 3540 3404 προόδῳ
3561 3335 3627 3403 τῇ
3657 3333 3796 3404 πρὸς

2228 3428 2362 3482 ἰδίαν
2395 3427 2712 3490 ὑπόστασιν,
2733 3425 2931 3496 ἐχούσῃ
2956 3425 3013 3477 δὲ
3035 3425 3196 3479 πάλιν
3218 3424 3398 3488 αὑτὸν,
3419 3423 3542 3476 ἐπεὶ
3560 3425 3633 3493 μὴ
3657 3423 3794 3476 κατὰ

2225 3519 2528 3588 ἀποκοπὴν,
2550 3519 2668 3588 ἦτοι
2704 3517 2966 3588 μερισμὸν
2985 3517 3076 3570 τὸν
3101 3515 3241 3569 κατὰ
3267 3516 3452 3586 σῶμα,
3480 3515 3541 3567 τὸ
3567 3516 3708 3568 θεῖον
3730 3515 3797 3568 ἐκ

2226 3611 2435 3679 Πατρός
2448 3608 2718 3680 προέκυψε
2735 3609 2979 3677 γέννημα
2999 3622 3012 3636 ·
3043 3608 3136 3661 καὶ
3151 3607 3280 3675 γοῦν
3297 3609 3326 3660 6
3345 3605 3471 3669 Υἰός
3487 3608 3588 3660 πού
3607 3622 3793 3676 φησιν,

2224 3699 2299 3762 ὼς
2321 3700 2405 3769 εἴη
2438 3699 2535 3769 μὲν
2561 3697 2717 3760 αὐτὸς
2738 3700 2794 3750 tv
2826 3697 3017 3768 Πατρί,
3045 3696 3156 3766 έχοι
3179 3696 3224 3751 δ’
3253 3692 3318 3750 αὖ
3349 3696 3509 3749 πάλιν
3539 3697 3596 3748 tv
3620 3695 3798 3763 ἑαυτῷ

2226 3791 2315 3843 τὴν
2350 3790 2600 3859 Πατέρα·
2652 3789 2712 3841 τὸ
2744 3788 2850 3858 γὰρ
2879 3789 3010 3842 ῐδιον
3037 3787 3172 3840 αὐτὸ
3202 3789 3304 3857 τῆς
3325 3786 3419 3840 τοῦ
3451 3786 3666 3857 Πατρδς
3701 3787 3800 3839 οὖ-

2229 3878 2344 3940 σίας
2381 3877 2622 3945 φυσικῶς
2652 3876 2836 3947 διῆκον
2872 3877 2950 3938 εἰς
2983 3875 3074 3928 τὸν
3113 3875 3262 3938 Υἰδν,
3297 3875 3356 3927 tv
3385 3873 3535 3944 αὐτῷ
3554 3873 3800 3926 δείκνυσι

2225 3966 2315 4016 τὸν
2367 3965 2585 4034 Πατέρα
2611 3979 2624 3992 ·
2677 3963 2789 4032 ἔχει
2832 3961 2876 4014 δ’
2910 3957 2976 4016 αὖ
3022 3963 3184 4016 πάλιν
3227 3963 3257 4016 6
3287 3962 3476 4031 Πατὴρ
3528 3961 3588 4014 tv
3615 3958 3802 4029 ἑαυτῷ

2225 4052 2314 4104 τὸν
2353 4051 2477 4104 Υἰὺν
2505 4049 2909 4121 ὰπαραλλάκτῳ
2937 4049 3040 4119 τῆς
3074 4049 3261 4113 οὐσίας
3300 4048 3588 4117 ταυτότητι
3619 4046 3804 4116 ῥιζούο

2229 4154 2386 4209 μενον
2409 4180 2423 4203 ,
2472 4137 2568 4191 καὶ
2612 4137 2957 4205 ἐκπεφυκότα
2992 4136 3090 4205 μὲν
3126 4135 3199 4200 ὡς
3234 4135 3294 4200 ἐξ
3322 4133 3522 4198 αὐτοῦ,
3569 4133 3711 4203 πλὴν
3736 4133 3804 4186 οὐ

2225 4224 2366 4277 κατὰ
2400 4222 2685 4294 μερισμὸν,
2716 4223 2749 4292 ἢ
2781 4222 3060 4276 διάστασιν
3099 4223 3353 4294 τοπικὴν,
3401 4221 3515 4275 ἀλλ’
3556 4216 3804 4290 ἐνυπάρ-

2225 4312 2384 4380 χοντὰ
2425 4327 2486 4363 τε
2531 4311 2623 4363 καὶ
2669 4311 2756 4362 ἀεὶ
2804 4309 3215 4379 συνυπάρχοντα
3239 4325 3253 4341 ·
3299 4308 3442 4361 οὓτω
3493 4308 3558 4378 δὴ
3598 4307 3804 4378 μᾶλλον

2225 4397 2460 4460 εὐσεϐῶς
2499 4396 2560 4449 τὸ
2595 4397 2654 4448 ὲν
2682 4395 2904 4459 κόλποις
2937 4391 3074 4450 εἶναι
3114 4395 3208 4448 τοῦ
3239 4395 3451 4465 Πατρὸς
3492 4394 3807 4464 παραδεξό-

2229 4484 2366 4554 μεθα
2411 4483 2500 4535 τὸν
2546 4483 2690 4547 Υἰὸν,
2737 4481 2796 4534 ού
2845 4483 3094 4550 καθάπερ
3140 4480 3456 4551 ὲξειλήφασί
3502 4498 3649 4543 τινες
3693 4480 3806 4533 τῶν

2229 4572 2513 4640 θεομαχεῖν
2557 4568 2900 4640 εἰθισμένων,
2935 4562 3009 4620 ὧν
3052 4567 3113 4620 τὸ
3160 4571 3337 4638 κρῖμα
3379 4567 3588 4620 ἔνδικόν
3637 4569 3757 4620 ἐστι
3789 4583 3803 4596 ⁸

2229 4658 2406 4711 πάντα
2455 4657 2562 4726 γὰρ
2610 4656 2678 4709 τὰ
2727 4655 2862 4725 ὀρθὰ
2909 4654 3326 4724 διαστρέφουσι,
3376 4655 3518 4708 κατὰ
3559 4655 3662 4720 τὴν
3708 4655 3808 4707 τοῦ

2231 4745 2506 4815 προφήτου
2537 4743 2740 4812 φωνὴν,
2763 4742 2860 4804 τὰς
2887 4741 2995 4794 τῶν
3020 4739 3401 4812 ἁπλουστέρων
3432 4740 3812 4811 παραλύοντες

2231 4832 2420 4894 ἀκοὰς,
2450 4830 2543 4883 καὶ
2568 4831 2968 4900 ἁμαρτάνοντες
3014 4828 3338 4897 ἀφυλάκτως
3376 4829 3454 4893 εἰς
3494 4829 3623 4892 τοὺς
3656 4829 3814 4881 ἁδελ-

2233 4918 2386 4987 φοὺς,
2417 4918 2554 4986 ὑπὲρ
2578 4910 2652 4969 ὧν
2687 4917 2919 4987 Χριστὸς
2962 4915 3219 4968 ἀπέθανε.
3268 4915 3334 4967 Τί
3365 4915 3474 4986 γὰρ
3503 4915 3569 4986 δὴ
3603 4915 3810 4977 νοοῦσι,

2235 5007 2327 5058 καὶ
2360 5004 2598 5072 λέγουσι,
2643 5007 2736 5057 καὶ
2767 5003 3040 5057 διδάσκειν
3070 5001 3460 5074 ἐπιχειροῦσιν,
3506 5004 3813 5070 ἀναγκαῖον

2236 5094 2411 5144 εἰπεῖν
2438 5110 2449 5122 ·
2504 5093 2596 5153 Εἰς
2628 5091 2718 5144 τὸν
2745 5091 2940 5143 κόλπον
2975 5089 3068 5143 τοῦ
3109 5089 3244 5142 Θεοῦ
3309 5091 3404 5142 καὶ
3450 5090 3669 5161 Πατρὸς
3721 5091 3814 5142 τὸν

2236 5179 2359 5232 Υἰδν
2393 5174 2532 5231 εἶναι
2583 5175 2676 5229 τοῦ
2729 5176 2882 5244 ἁγίου
2932 5176 3180 5243 λέγοντος
3224 5175 3646 5245 εὐαγγελιστοῦ,
3697 5172 3817 5230 εἶτα

2231 5269 2340 5322 τῶν
2369 5267 2468 5336 τῆς
2504 5264 2829 5333 Ἐκκλησίας
2859 5263 3064 5316 τέκνων
3097 5263 3361 5317 νοούντων
3396 5263 3597 5335 ὀρθῶς,
3629 5267 3729 5318 καὶ
3755 5271 3819 5317 ὲκ

2236 5355 2447 5426 Πατρὶς
2487 5353 2583 5406 καὶ
2625 5353 2681 5404 tv
2739 5352 2913 5420 Πατρὶ
2969 5349 3057 5404 διὰ
3105 5349 3262 5402 τοῦτο
3310 5351 3819 5422 διαϐεϐαιουμένων

2235 5441 2496 5508 ὑπάρχειν
2529 5433 2711 5495 αὑτὸν,
2745 5433 2836 5485 καὶ
2877 5433 2938 5485 τὸ
2965 5433 3023 5485 ὲν
3058 5437 3305 5502 γεννήσει
3337 5436 3562 5504 γνήσιον
3600 5435 3810 5487 ἀποσώ-

2235 5527 2420 5590 ζεσθαι
2441 5523 2570 5584 δεῖν,
2597 5519 2690 5572 καὶ
2721 5517 2861 5588 μάλα
2885 5520 3107 5582 εἰκότως
3130 5519 3584 5585 φιλονεικούντων
3611 5525 3820 5584 αὐτῶν,

2232 5611 2550 5680 διαγελῶσιν
2586 5609 2744 5670 εὐθὺς
2769 5609 2819 5659 οἰ
2856 5608 3004 5678 πάσῃ
3038 5606 3328 5678 μεθύοντες
3361 5610 3605 5682 ἀμαθίᾳ,
3628 5613 3729 5666 καὶ
3759 5613 3822 5681 δὴ

636 5789 680 5816 ⁸³
724 5787 896 5842 lCor.
933 5803 1049 5850 \‘lll,
1189 5783 1407 5844 "'ibid.
1434 5787 1484 5843 θ.
1562 5789 1601 5819 ³⁸
1627 5787 1769 5843 l‘sal.
1808 5803 1914 5855 cxx,
1941 5787 1992 5840 5.
2071 5785 2114 5818 ⁶²

2223 5802 2300 5839 ιιι.
2330 5801 2437 5851 xlv,
2484 5786 2567 5838 ll.
2646 5786 2689 5816 "
2724 5784 2882 5839 Micb.
2910 5800 2992 5848 ιιι,
3033 5784 3066 5837 9
