4090 6266
365 356 472 416 185

1401 371 1470 428 IN
1506 373 1796 434 JOANNIS
1818 374 2269 440 EVANGELIUM
2309 383 2439 442 LIB.
2477 387 2517 447 ι.

3508 402 3617 459 186

361 482 464 584 ξμς
514 478 756 584 Γρῆφάς,
805 499 833 584 »ι
892 483 1320 584 ΔιεΙρωτήσαντες
1364 488 1474 561 γὰρ
1521 492 1614 547 τὸν
1662 495 1925 568 μακάριον

2037 497 2248 558 Joanne
2278 502 2545 578 Baptista,
2575 514 2866 578 postquam
2905 519 3240 582 acceperunt
3288 513 3465 584 ipsum
3500 534 3609 574 non

363 567 704 638 Βαπτιστὴν,
749 570 843 623 καὶ
893 571 1153 642 μαθόντες
1201 576 1392 648 ὅτιπερ
1435 580 1600 646 αὐτὸς
1645 585 1744 638 οὐκ
1788 567 1876 655 εἴη
1906 588 1936 640 ὁ

364 660 624 733 Χριστὸς,
654 662 1071 733 ἀποκρίνονταιο
1099 665 1164 720 Τί
1187 662 1315 734 οὖν;
1360 670 1547 735 Ἠλίας
1575 671 1658 740 ei;
1703 676 1814 729 Καὶ
1845 675 1934 729 λέ-

364 767 576 819 γοντος,
605 752 717 804 Οὐκ
748 749 882 822 εἰμὶ,
933 753 1053 807 δέον
1098 757 1293 820 αὐτοὺς
1332 761 1460 831 περὶ
1489 763 1584 815 τοῦ
1615 764 1934 836 Προδρόμου

363 843 548 896 λοιπὸν
595 843 1056 898 ἀναπυνθάνεσθαι
1091 845 1272 914 (τοῦτο
1316 851 1426 922 γὰρ
1473 851 1553 906 έτι
1593 855 1658 908 τὸ
1701 856 1930 928 λοιπὸν),

359 933 701 996 ἀπαιδεύτως
737 935 821 987 ἐπ’
851 935 1014 989 αὐτὸν
1043 939 1392 1010 ἀνατρέχουσι
1419 943 1514 996 τὸν
1550 946 1802 1015 Χριστὸν,
1842 948 1934 1002 τὸν

357 1023 437 1086 ὡς
477 1025 763 1096 προφήτην
790 1025 878 1080 διά
917 1027 1014 1081 τοῦ
1060 1031 1223 1100 νόμου
1255 1033 1743 1106 καταδηλούμενον.
1790 1040 1933 1110 Ὅρα

359 1111 468 1182 γὰρ
493 1113 548 1165 τί
574 1129 738 1182 φασιν
761 1115 862 1168 οὐκ
891 1117 1090 1182 ειδότες
1112 1121 1180 1174 τά
1207 1121 1294 1176 atat
1325 1123 1572 1189 Μωσέως
1594 1143 1608 1157 ’
1660 1147 1679 1178 ι
1715 1128 1774 1182 '0
1797 1145 1931 1199 προ-

359 1203 537 1273 φήτης
561 1200 613 1258 εῐ
643 1204 744 1271 σύ;
771 1207 880 1260 Καὶ
909 1209 1200 1281 ἀπεκρίθη·
1229 1212 1326 1269 Οὔ.
1361 1233 1380 1268 s
1431 1217 1507 1270 Οὐ
1536 1218 1644 1290 γὰρ
1668 1214 1738 1290 ἦν
1768 1221 1932 1285 αὐτὸς

356 1296 388 1348 ὁ
421 1296 677 1366 Χριστὸς,
711 1298 855 1352 καθὰ
884 1301 978 1353 καὶ
1012 1301 1223 1370 φθάσας
1249 1306 1347 1377 ήδη
1379 1307 1771 1380 διισχυρίσατο.

431 1385 499 1440 Τί
511 1387 594 1442 σὺ
617 1389 816 1458 λέγεις
840 1392 975 1459 περὶ
993 1397 1256 1451 σεαυτοῦ
1275 1397 1446 1468 ’Ἐγὼ
1472 1402 1640 1469 φωνὴ
1657 1402 1930 1471 ,ϐοῶντος

438 1567 536 1659 Ὠς
555 1569 708 1623 οὐδὲν
744 1571 950 1636 είδότας
979 1575 1190 1645 ἐλέγχει
1217 1579 1462 1650 γοργῶς,
1499 1583 1596 1638 καὶ
1615 1590 1926 1659 προφητικῇ

356 1658 646 1714 πιστοῦται
689 1663 964 1734 μαρτυρίᾳ
1022 1665 1124 1736 τὴν
1165 1670 1599 1739 ὲγχειρισθιϊσαν
1650 1658 1926 1741 ὑπόθεσιν,

356 1747 480 1818 ἢτοι
508 1748 786 1806 διακονίαν
813 1753 980 1823 αὐτῷ.
1019 1755 1178 1811 Ἥκω
1201 1761 1330 1828 γὰρ,
1357 1764 1542 1833 φησὶν,
1572 1765 1721 1819 οὐδὲν
1742 1766 1926 1838 ἕτερον

356 1839 524 1929 ἀρῶν,
547 1841 582 1911 ἢ
609 1841 692 1895 ὅτι
715 1843 899 1899 λοιπὸν
927 1847 1020 1900 ἐπὶ
1039 1823 1231 1919 θύραις
1247 1823 1766 1924 ὀ.
1792 1823 1928 1929 μάλ-
1958 1823 2001 1879 Β

355 1927 447 2018 λον
473 1929 533 1982 δὲ
573 1933 706 1986 εἵσω
733 1932 912 2004 θυρῶν
953 1937 984 1989 ὁ
1029 1940 1327 2011 Δεσπότης.
1375 1942 1763 2016 Ἐτοιμάσθητε

351 2017 531 2089 ἥνπερ
570 2018 639 2073 ἂν
683 2022 961 2076 ἐπιτάττει
1003 2024 1242 2094 βαδίζειν
1290 2029 1442 2093 ὁδὸν,
1499 2031 1782 2088 ὲϐαδίσατε
1829 2017 1928 2106 τήν

349 2107 440 2160 διὰ
485 2110 764 2176 Μωσέως,
816 2114 1105 2170 ἀνελάϐετε
1157 2119 1258 2190 τὴν
1286 2119 1373 2174 διὰ
1401 2123 1636 2192 Χριστοῦ
1661 2141 1674 2155 ·
1723 2125 1926 2198 ταύτην

348 2200 482 2269 ἡμῖν
508 2201 539 2253 ὁ
562 2201 672 2256 τῶν
698 2203 872 2272 ἁγίων
906 2208 1202 2277 προφητῶν
1233 2213 1607 2282 προεκήρυττε
1641 2217 1816 2288 χορός.

345 2290 684 2360 Παράθεσις
715 2294 919 2363 ῥητῶν
963 2297 1098 2365 περὶ
1141 2298 1284 2353 ὀδοῦ
1323 2300 1433 2368 τῆς
1466 2304 1617 2358 κατὰ
1644 2307 1921 2373 Χριστόν.

431 2381 689 2450 Ἡσαΐας.
731 2403 750 2436 t
793 2387 959 2440 Δεῦτε
993 2389 1087 2442 καὶ
1116 2390 1406 2462 ἀναδῶμεν
1449 2397 1529 2458 είς
1566 2397 1629 2448 τὸ
1658 2397 1781 2468 ὅρος
1826 2397 1923 2451 τοῦ

348 2473 585 2542 Κυρίου,
613 2476 706 2527 καὶ
736 2477 816 2541 είς
841 2478 934 2530 τὸν
961 2473 1110 2534 οἷκον
1144 2481 1238 2534 τοῦ
1267 2482 1403 2536 Θεοῦ
1441 2485 1665 2550 Ἰακὼϐ,
1702 2488 1798 2542 καὶ
1830 2490 1924 2542 ἀνα

351 2563 569 2631 αγγελεί
608 2567 741 2636 ἡμῖν
782 2567 882 2638 τὴν
913 2568 1031 2622 ὁδὸν
1076 2572 1270 2634 αὑτοῦ.
1321 2575 1414 2626 καὶ
1459 2578 1838 2648 πορευσόμεθα
1865 2581 1924 2634 ὲν

348 2654 508 2725 αὐτῇ.
541 2674 561 2708 ι

431 2743 484 2797 '0
510 2747 710 2812 αὐτός.
757 2766 776 2798 ι
825 2750 1020 2803 Ἔσται
1059 2753 1177 2805 ἐκεῖ
1207 2752 1322 2817 ὁδὸς
1352 2753 1602 2825 καθαρὰ,
1656 2757 1751 2810 καὶ
1805 2757 1922 2822 ὁδὸς

348 2835 478 2904 ἁγία
501 2835 859 2909 κληθήσεται,
907 2844 1001 2895 καὶ
1022 2843 1122 2896 οὐκ
1150 2843 1299 2897 ἔσται
1330 2845 1446 2898 ἐκεῖ
1473 2845 1639 2912 λέων,
1665 2849 1785 2902 οὐδὲ
1813 2850 1921 2904 τῶν

350 2925 551 2996 θηρίων
576 2930 682 3008 τῶν
715 2932 966 3003 πονηρῶν
996 2933 1146 2988 οὐδὲν
1173 2935 1234 2988 οὐ
1283 2935 1358 3005 μὴ
1384 2937 1559 3008 ἀναϐῇ
1587 2940 1703 2992 ἐκεῖ
1724 2978 1739 3004 ,
1787 2941 1836 2993 oi
1864 2940 1920 2994 δὲ

346 3017 730 3092 διεσπαρμένοι
755 3023 1110 3094 πορεύσονται
1143 3026 1202 3079 ἐν
1232 3027 1392 3097 αὐτῇ.
1425 3045 1446 3081 ι

2036 605 2158 647 esse
2193 593 2492 660 Christum,
2522 598 2825 668 subjiciunt
2848 616 2862 652 :
2885 602 3026 667 Quid
3049 603 3215 674 ergo?
3251 603 3399 660 ﬁlias
3428 620 3488 662 es
3513 610 3610 663 tu?

2034 676 2133 733 lllo
2159 689 2411 751 negante,
2449 698 2575 738 cum
2621 695 2766 742 esset
2793 698 3221 747 consentaneum
3259 698 3606 764 percunctari

2034 769 2102 825 de
2139 786 2517 842 praecursoria,
2557 777 2716 849 109
2750 779 2840 847 (id
2873 784 3020 836 enim
3058 786 3324 852 restabat)
3356 787 3607 855 imperite

2033 861 2103 916 ad
2151 862 2326 933 ipsum
2360 865 2641 923 Christum
2675 870 2860 925 statim
2913 885 2972 926 se
3025 872 3340 937 conterunt,
3392 875 3487 944 qui
3547 883 3607 930 ut

2031 955 2297 1022 propheta
2339 971 2436 1026 per
2469 958 2640 1029 legem
2686 961 3051 1029 signiﬁcatur.
3100 962 3237 1018 Vide
3278 965 3424 1019 enim
3472 967 3604 1036 quid

2031 1043 2218 1099 dicant
2246 1049 2574 1118 scriptorum
2619 1048 2986 1106 Mosaicorum
3023 1054 3200 1124 ignari
3229 1073 3241 1109 :
3276 1074 3295 1108 ι
3331 1053 3604 1127 Propheta

2030 1150 2092 1191 es
2120 1137 2218 1190 tu?
2256 1137 2322 1192 Et
2361 1141 2664 1210 respondit,
2706 1140 2848 1197 Non.
2891 1163 2910 1196 ι
2953 1143 3074 1200 Non
3118 1153 3237 1201 erat
3279 1147 3428 1202 enim
3486 1148 3606 1219 ipse

2030 1225 2305 1292 Christus,
2341 1239 2401 1284 ut
2421 1230 2537 1301 jam
2571 1241 2699 1288 ante
2723 1233 3091 1289 conﬁrmavit.

2097 1404 2138 1470 1,
2155 1404 2247 1466 22.
2271 1404 2361 1460 23.
2397 1404 2538 1472 Quid
2557 1406 2690 1461 dicis
2721 1407 2786 1462 de
2812 1411 2978 1478 teipso
2997 1413 3023 1466 2
3045 1409 3156 1482 Ego
3187 1427 3286 1466 vos:
3315 1413 3599 1469 clamantis

2027 1497 2082 1552 in
2105 1495 2330 1552 deserto.

2098 1585 2377 1658 Tanquam
2407 1589 2624 1660 ignaros
2646 1589 3050 1661 Scripturarum
3077 1593 3282 1648 acriter
3303 1609 3398 1649 eos
3420 1595 3599 1666 arguit

2027 1685 2080 1732 et
2107 1677 2425 1747 praphetico
2454 1679 2763 1734 testimonio
2796 1679 2956 1735 ﬁdem
3008 1680 3141 1736 facit
3189 1684 3483 1738 ministerii
3532 1699 3598 1740 ac

2028 1767 2166 1824 vicis
2201 1768 2306 1824 sibi
2353 1768 2714 1825 demandata.
2757 1768 2934 1826 Venio
2990 1772 3160 1839 enim,
3219 1774 3416 1843 inquit,
3461 1774 3596 1828 nihil

2029 1859 2276 1917 dicturus
2310 1861 2456 1916 aliud
2501 1861 2609 1917 nisi
2657 1877 2756 1934 pro
2786 1860 3000 1918 foribus
3033 1862 3254 1918 demum
3295 1880 3419 1919 esse
3470 1880 3594 1919 eum

2027 1952 2122 2021 qui
2141 1960 2514 2022 exspectatur,
2538 1953 2650 2008 imo
2679 1952 2863 2024 potius
2890 1953 3175 2008 Dominum
3206 1954 3349 2009 intra
3383 1963 3591 2024 portas.

2027 2042 2208 2097 Parati
2243 2043 2364 2099 sitis
2391 2045 2959 2115 quamcunquejubet
2985 2045 3129 2098 viam
3155 2045 3442 2100 insistere:
3482 2061 3596 2098 am—

2027 2135 2260 2191 hulastis
2294 2135 2348 2190 in
2379 2136 2466 2189 via
2496 2135 2686 2200 Mosis,
2710 2135 2918 2191 Christi
2945 2135 3088 2190 viam
3124 2136 3425 2206 suscipite:
3451 2134 3594 2190 hanc

2025 2224 2186 2281 nobis
2219 2233 2538 2282 sanctorum
2568 2227 2956 2297 prophetarum
2989 2225 3240 2294 praedixit
3272 2225 3497 2283 chorus.

2201 2317 2528 2373 Testimonia
2560 2316 2936 2383 prophetarum
2973 2313 3038 2368 de
3073 2316 3158 2367 via
3191 2313 3415 2368 Christi.

2095 2407 2294 2465 Isaias.
2336 2428 2354 2462 ι
2388 2406 2582 2463 Venite
2598 2405 2962 2462 ascendamns
2991 2403 3047 2457 in
3071 2410 3310 2458 montem
3345 2403 3584 2466 Domini,

2023 2514 2077 2560 et
2104 2503 2173 2559 ad
2198 2504 2417 2558 domum
2442 2499 2535 2556 Dei
2559 2498 2748 2565 Iacob,
2785 2508 2840 2553 et
2873 2496 3222 2550 annuntiabit
3256 2495 3414 2549 nobis
3442 2497 3586 2548 viam

2023 2610 2202 2662 suam,
2227 2602 2282 2651 et
2309 2593 2714 2648 ambulabimus
2749 2591 2804 2644 in
2827 2604 2892 2646 ca
2917 2589 2986 2642 "'.
3021 2607 3040 2641 ι

2092 2770 2262 2825 Idem.
2303 2785 2321 2819 ι
2360 2767 2480 2821 Erit
2509 2767 2583 2822 ibi
2609 2766 2694 2820 via
2725 2764 2956 2827 munda,
2989 2771 3043 2818 et
3075 2761 3164 2816 via
3205 2769 3392 2816 sancta
3428 2774 3593 2814 voca-

2021 2862 2212 2917 bitur:
2249 2875 2359 2915 non
2392 2859 2498 2914 erit
2527 2859 2598 2912 ibi
2637 2859 2744 2920 leo,
2780 2863 2836 2910 et
2869 2854 3010 2908 mala
3053 2854 3221 2908 bestia
3260 2869 3366 2906 non
3399 2867 3593 2907 ascen-

2020 2955 2112 3011 det
2133 2953 2187 3008 in
2219 2967 2361 3015 eam,
2398 2949 2492 3005 sed
2518 2947 2879 3004 ambulabunt
2905 2946 2959 2999 in
2984 2960 3048 2999 ea
3079 2942 3332 3012 dissipati
3357 2942 3426 2994 ’⁸.
3461 2959 3482 2992 ι

431 3113 486 3166 '0
511 3116 710 3181 αὑτός.
758 3136 776 3167 ι
820 3117 1016 3190 Ἀρχὴν
1047 3119 1184 3173 Σιὼν
1207 3095 1397 3186 δῶσω,
1438 3123 1535 3176 καὶ
1569 3122 1920 3195 Ἰερουσαλὴμ

2091 3129 2263 3185 Idem.
2304 3148 2322 3181 ι
2381 3126 2718 3196 Principium
2773 3122 2919 3178 dabo
2971 3118 3124 3185 Sion,
3186 3130 3238 3174 et
3286 3115 3590 3174 Jerusalem

350 3205 725 3276 παρακαλέσω
751 3208 830 3270 εἰς
860 3208 998 3264 ὀδόν.
1036 3228 1054 3260 ι

431 3296 495 3349 '0
535 3298 731 3364 αὑτός.
789 3317 808 3350 ι
862 3301 970 3354 Καὶ
1015 3301 1129 3365 ἄξω
1171 3303 1408 3372 τυφλοὺς
1450 3321 1509 3356 εν
1550 3305 1682 3377 ὁδῷ,
1737 3300 1772 3380 ᾖ
1819 3308 1921 3360 οὐκ

349 3387 613 3456 ἔγνωσαν·
633 3391 724 3444 καὶ
742 3391 981 3463 τρίϐους,
1003 3392 1072 3457 ἃς
1092 3394 1191 3448 οὐκ
1207 3394 1428 3466 ᾔδεσαν,
1448 3399 1690 3468 πατῆσαι
1711 3399 1922 3469 ποιήσω

346 3473 567 3538 αὐτούς.
604 3494 624 3526 ›

429 3564 725 3636 Ἱερεμίας.
767 3586 786 3620 ι
820 3569 988 3640 Στῆτε
1026 3570 1121 3624 ἐπὶ
1141 3574 1262 3637 ταῖς
1289 3574 1450 3641 ὁδοῖς,
1481 3575 1572 3629 καὶ
1606 3577 1918 3648 ἐρωτήσατε

343 3657 564 3728 τρίϐους
588 3659 789 3730 Κυρίου
815 3662 1084 3727 αίωνίους,
1116 3665 1209 3718 καὶ
1238 3665 1374 3719 ἴδετε
1404 3667 1532 3722 ποία
1568 3669 1715 3722 ἐστὶν
1747 3669 1919 3740 ἡὸδὸς

345 3750 379 3818 ὴ
405 3749 605 3821 ἀγαθὴ,
638 3753 732 3805 καὶ
759 3752 1002 3822 βαδίζετε
1029 3755 1088 3808 ὲν
1115 3755 1255 3826 αὐτῇ
1277 3795 1294 3822 ,
1349 3759 1442 3812 καὶ
1467 3759 1725 3832 εὑρήσετε
1757 3761 1919 3830 ἁγια-

345 3840 482 3910 σμὸν
512 3844 631 3907 ταῖς
656 3842 853 3914 ψυχαῖς
881 3844 1054 3915 ὑμῶν.
1095 3864 1114 3896 ›

412 3932 508 3996 Τίς
531 3929 623 3989 οὖν
655 3937 688 4006 ἠ
715 3936 832 3999 ὁδὸς
866 3938 900 4007 ή
925 3937 1105 4010 ἀγαθὴ
1145 3940 1238 3992 καὶ
1268 3939 1563 4009 ἀγνίζουσα
1614 3946 1740 4018 τοὺς
1771 3945 1918 4016 βαδί⁵
1977 3952 1986 3960 ’

343 4025 535 4089 ζοντας
563 4027 621 4079 ἐν
646 4028 808 4099 αὐτῇ,
839 4029 1000 4093 αὐτὸς
1027 4029 1232 4099 λεγέτω
1264 4033 1498 4103 Χριστός
1523 4052 1537 4067 ο
1574 4056 1592 4088 ι
1635 4037 1776 4107 Ἐγώ
1802 4042 1916 4112 είμι

341 4113 600 4182 ήὸδός.»

407 4204 520 4256 Καὶ
552 4207 605 4258 οὶ
631 4206 1070 4276 ἀπεσταλμένοι
1095 4207 1259 4280 ἦσαν
1295 4212 1363 4266 ἐκ
1408 4213 1526 4268 τῶν
1548 4219 1915 4288 Φαρισαίων,

343 4293 446 4347 καί
490 4293 808 4363 ἠρώτησαν
849 4299 1065 4364 αὑτὸν,
1109 4302 1209 4356 καί
1253 4300 1426 4358 εἷπον
1463 4307 1652 4372 αὐτῷ·
1708 4312 1769 4364 Τί
1805 4308 1919 4367 οὖν

337 4384 648 4451 βαπτίζεις
667 4426 681 4450 ,
709 4389 761 4440 ει
799 4389 880 4441 σὺ
902 4392 1014 4444 οὐκ
1045 4387 1104 4446 εἷ
1138 4395 1172 4447 ό
1199 4396 1450 4464 Χριστὸς
1469 4436 1484 4462 ,
1525 4399 1663 4453 οὔτε
1695 4400 1915 4470 Ἠλίας,

343 4477 486 4532 οὔτε
509 4480 542 4532 ὀ
570 4478 878 4547 προφήτης
901 4497 919 4542 ;

415 4568 480 4621 Ol
522 4569 669 4638 παρά
695 4569 806 4621 τῶν
841 4569 1109 4624 Ἰουδαίων
1141 4571 1537 4645 ἀπεσταλμένοι
1576 4577 1821 4648 (Λευῖται
1857 4582 1915 4636 δὲ

340 4655 501 4730 ἦσαν,
533 4659 627 4713 καὶ
663 4661 771 4714 τῶν
800 4661 858 4713 ὲν
890 4660 1155 4734 ἱερωσύνῃ
1185 4666 1371 4735 τινὲς),
1405 4667 1746 4732 ἀπαιδεύτως
1773 4673 1914 4743 ὲρωο

340 4749 542 4814 τῶντες
581 4751 896 4822 ἠλέγχοντο.
947 4752 1173 4826 Ἕτερον
1213 4756 1322 4827 γὰρ
1363 4753 1503 4812 εἶναι
1527 4759 1618 4813 τὸν
1654 4761 1911 4833 Χριστὸν,

340 4841 526 4913 ἕτερον
555 4841 628 4896 ’δὲ
660 4843 751 4896 τὸν
773 4843 861 4896 διά
882 4842 977 4896 τοῦ
1009 4845 1176 4915 νόμου
1216 4849 1496 4920 προφήτην
1539 4852 1915 4909 ὑποτοπάσαν-

339 4931 713 5000 τες,ἕφασκον,
731 4933 869 5004 μετὰ
879 4935 936 4987 τὸ
961 4937 1131 5006 φῆσαι
1150 4937 1239 4990 τὸν
1255 4937 1407 5008 ἅγιον
1432 4941 1914 5015 Βαπτιστὴν,Ἐγὼ

259 5067 263 5070 .
341 5021 444 5075 οὐκ
475 5023 591 5090 εἰμὶ
623 5026 650 5076 ὁ
683 5025 916 5094 Χριστός
942 5039 956 5054 ’
1001 5044 1020 5076 ι
1060 5026 1117 5078 '0
1143 5030 1427 5100 προφήτης
1467 5027 1514 5084 si
1559 5033 1664 5100 σύ;
1699 5054 1719 5087 s
1773 5037 1913 5089 Ἀλλ’

345 5112 456 5165 ίδοὺ
501 5113 595 5166 καὶ
639 5117 674 5184 ἡ
719 5115 826 5168 τῶν
865 5117 1174 5187 Φαρισαίων
1224 5119 1435 5189 πληθὺς
1479 5123 1913 5194 δοκησισοφοῦσα

342 5203 549 5274 μᾶλλον
594 5204 734 5276 ἥπερ
770 5206 935 5272 ὅντως
981 5210 1180 5281 ἀκριϐῆ
1222 5210 1331 5263 τῶν
1378 5211 1539 5266 θείων
1580 5214 1771 5284 λογίων
1813 5218 1911 5290 τὴν

339 5295 541 5363 γνῶσιν
565 5295 765 5367 ἔχουσα
801 5301 1080 5368 φωρᾶται⁸
1130 5319 1148 5351 ι
1189 5301 1253 5352 Τί
1293 5301 1400 5372 γὰρ
1435 5303 1570 5365 ὅλως
1609 5305 1908 5374 βαπτίζεις,

340 5388 539 5457 φησὶν,
570 5390 620 5439 εί
655 5387 720 5440 σὺ
750 5388 848 5440 οὐκ
876 5382 928 5440 si
953 5391 980 5441 ὁ
1012 5389 1243 5460 Χριστὸς
1262 5429 1278 5456 ,
1316 5391 1438 5443 οὐδὲ
1488 5393 1675 5458 Ἠλίας
1697 5433 1711 5458 ,
1747 5398 1863 5451 οὐδὲ
1885 5401 1913 5453 ὁ

342 5485 623 5551 προφήτης
647 5497 661 5546 ;
691 5499 709 5530 ι
760 5479 1037 5533 Φαίνονται
1065 5481 1120 5532 δὲ
1150 5480 1309 5532 πάλιν
1331 5520 1345 5545 ,
1380 5483 1438 5535 οὐ
1475 5486 1675 5554 μικρὰν
1700 5488 1912 5542 ὠδίνον-

339 5587 428 5633 τες
456 5572 592 5625 κατὰ
613 5571 707 5625 τοῦ
736 5571 1036 5625 Βαπτιστοῦ
1059 5573 1156 5642 τὴν
1177 5573 1535 5631 ἀπόνοιαν.οὐ
1556 5578 1661 5650 γὰρ
1681 5578 1911 5645 datatim,

2020 3222 2281 3276 hortabor
2304 3220 2370 3274 ad
2396 3218 2540 3272 viam
2562 3217 2630 3270 9’.
2667 3235 2684 3267 ι

2093 3311 2262 3388 Idem.
2293 3330 2311 3362 ‹
2352 3309 2418 3363 Et
2459 3309 2658 3363 ducam
2709 3321 2885 3360 caseos
2920 3305 2976 3357 in
3011 3304 3099 3355 via
3137 3317 3301 3371 quam
3338 3316 3446 3354 non
3492 3313 3594 3354 no-

2018 3411 2235 3468 verunt,
2261 3411 2313 3457 et
2343 3415 2441 3470 per
2472 3398 2699 3455 semitas
2727 3411 2866 3467 quas
2927 3410 3037 3449 non
3085 3399 3291 3447 norunt
3338 3389 3593 3444 incedere

2019 3495 2169 3565 ipsos
2204 3491 2398 3544 faciam
2424 3491 2464 3543 ί.
2514 3508 2534 3540 ι

2086 3582 2368 3637 Jeremias.
2406 3597 2425 3630 ι
2467 3578 2620 3633 State
2647 3593 2814 3648 super
2844 3577 2980 3641 vias,
3031 3583 3086 3628 et
3118 3574 3455 3641 interrogate
3498 3585 3592 3626 se-

2017 3677 2182 3732 mitas
2219 3672 2428 3727 Domini
2463 3687 2583 3742 qua:
2613 3686 2642 3723 a
2676 3670 2917 3724 saeculo:
2969 3676 3023 3722 et
3062 3667 3240 3720 videte
3287 3663 3468 3734 qualis
3508 3671 3593 3718 est

2015 3766 2103 3818 via
2125 3764 2291 3826 bona,
2325 3769 2380 3817 et
2419 3761 2691 3815 ambulate
2742 3759 2799 3812 in
2848 3773 2933 3821 ea,
2964 3767 3017 3812 et
3057 3755 3354 3811 invenietis
3405 3751 3594 3823 puriﬁ-

2017 3856 2285 3913 cationem
2321 3851 2610 3906 animabus
2641 3851 2845 3905 vestris
2865 3851 2908 3903 '.
2951 3867 2968 3900 ι

2087 3948 2345 4014 Quaenam
2372 3959 2501 4014 ergo
2531 3943 2603 3999 sit
2644 3943 2736 3996 illa
2769 3943 2855 3995 via
2891 3943 3056 4007 hona,
3089 3956 3320 4010 quaeque
3350 3939 3594 3996 sanctiﬁ-

2016 4047 2106 4094 cat
2136 4036 2452 4092 incedentes
2490 4037 2546 4090 in
2577 4049 2662 4101 ea,
2709 4034 2826 4102 ipse
2876 4033 3022 4087 dicat
3080 4032 3374 4087 Christus:
3417 4049 3436 4082 ι
3479 4031 3593 4099 Ego

2018 4147 2140 4188 sum
2166 4130 2251 4184 via
2277 4129 2318 4182 ³.
2362 4147 2382 4180 ι

2087 4222 2128 4288 l,
2160 4219 2351 4275 2i-‘25.
2391 4218 2455 4271 Et
2502 4219 2592 4289 qui
2630 4216 2780 4270 missi
2813 4215 3050 4284 fuerant,
3105 4221 3353 4265 erantex
3401 4207 3594 4262 Phari-

2018 4314 2140 4369 sa'is
2165 4329 2183 4366 :
2213 4322 2262 4366 et
2291 4313 2749 4378 interrogaverunt
2781 4323 2920 4369 eum,
2953 4315 3002 4357 et
3040 4304 3292 4356 dixerunt
3321 4301 3368 4354 ei
3400 4315 3417 4352 :
3450 4297 3592 4363 Quid

2017 4419 2138 4473 ergo
2189 4401 2452 4469 baptizas,
2494 4401 2542 4452 si
2575 4406 2631 4450 tu
2659 4411 2765 4449 non
2797 4411 2850 4448 es
2883 4391 3154 4454 Christus,
3203 4405 3366 4456 neque
3414 4387 3590 4451 Elius,

1949 4481 1992 4538 D
2021 4509 2182 4564 neque
2209 4491 2468 4561 propheta
2495 4491 2520 4546 ?

2085 4585 2242 4652 Quia
2276 4583 2481 4638 Iudaeis
2540 4579 2695 4634 missi
2729 4585 2908 4637 erant.
2957 4575 3158 4630 Levita:
3209 4574 3490 4640 nimirum,
3539 4581 3593 4630 et

2012 4677 2236 4747 quidam
2261 4691 2329 4730 ex
2369 4672 2725 4730 sacerdotum
2767 4669 2984 4733 ordine,
3015 4667 3175 4736 110
3199 4666 3420 4720 stultam
3445 4681 3592 4735 qua:-

2012 4771 2250 4825 stionem
2310 4767 2509 4822 iecisse
2573 4763 2967 4833 arguebantur.
3026 4761 3206 4813 Alium
3264 4759 3408 4813 enim
3469 4773 3592 4814 esse

2013 4859 2315 4921 Christum,
2346 4858 2509 4911 alium
2536 4854 2857 4926 prophetam
2885 4853 3060 4917 illum,
3095 4849 3257 4918 cujus
3299 4851 3355 4906 in
3382 4850 3498 4920 lege
3533 4849 3591 4902 ﬁt

2019 4949 2225 5006 mentio
2251 4949 2533 5018 suspicati,
2571 4961 2697 5001 cum
2729 4954 2960 5001 sanctus
2989 4941 3234 5012 Baptista
3273 4941 3590 5012 respondis-

2019 5049 2103 5096 set
2129 5055 2189 5095 se
2218 5054 2328 5094 non
2355 5054 2478 5094 esse
2500 5038 2809 5098 Christum,
2843 5035 3096 5088 dicebant
3122 5051 3138 5088 ε
3179 5051 3196 5083 ι
3229 5031 3501 5102 Pr0pheta
3528 5047 3589 5086 es

2017 5132 2116 5186 tn?
2155 5151 2173 5184 ι
2223 5129 2328 5186 Sed
2377 5145 2506 5184 ecce
2560 5129 2719 5182 turba
2754 5128 2872 5197 ipsa
2921 5141 3140 5195 quoque
3187 5122 3586 5178 Pharisaeorum

2017 5239 2156 5278 vana
2207 5221 2562 5293 persuasione
2622 5218 2908 5290 sapientiae
2960 5216 3142 5270 inﬁata
3187 5215 3373 5284 potius
3424 5227 3586 5280 quam

2017 5330 2143 5368 vera
2194 5314 2510 5368 divinorum
2575 5310 2930 5364 oraculorum
2995 5305 3308 5376 cognitione
3364 5301 3588 5371 praedita

2018 5421 2141 5460 esse
2163 5403 2612 5473 deprehenditur.
2653 5419 2672 5452 ι
2709 5399 2850 5465 Quid
2875 5399 3044 5460 enim,
3094 5414 3112 5446 ι
3152 5395 3401 5454 obsecro,
3440 5409 3459 5441 ι
3494 5392 3592 5444 ba-

2020 5497 2217 5564 ptizas,
2257 5515 2275 5543 ι
2317 5495 2594 5564 inquiunt,
2636 5513 2653 5543 ι
2693 5492 2737 5546 si
2768 5500 2822 5544 tu
2855 5505 2962 5554 non
3006 5502 3065 5540 es
3085 5482 3373 5540 Christus,
3414 5495 3590 5550 neque

2024 5589 2192 5648 lilias,
2254 5601 2430 5656 neque
2486 5581 2837 5654 propheta“?
2876 5597 2895 5629 ι
2959 5575 3058 5627 llic
3088 5581 3284 5624 rursus
3337 5569 3588 5624 Videntur

409 5687 455 5717 ’τ
487 5687 590 5742 lsa.
621 5690 756 5769 In}.
833 5691 1007 5747 "Isa.
1036 5706 1196 5756 xxxv,
1229 5688 1281 5754 8,
1319 5694 1370 5748 9.
1448 5699 1492 5732 9°
1533 5699 1638 5757 lsa.
1674 5718 1783 5769 xu,
1832 5701 1920 5756 Ἥ.

2065 5704 2168 5758 lsa.
2211 5720 2341 5769 XLII,
2389 5703 2471 5757 16.
2551 5704 2569 5732 ³
2598 5699 2800 5754 Jcrcm.
2841 5709 2915 5760 Vl,
2961 5688 3044 5743 l6.
3135 5684 3155 5715 ⁸
3184 5681 3338 5737 Joau.
3381 5701 3491 5752 xxv,
3533 5684 3585 5736 6.

345 5755 534 5812 ‘Joan.
580 5775 617 5826 ι,
