4090 6266
562 390 653 446 18³1

1551 385 1608 454 3,
1647 382 1922 440 CYRILLl
1962 376 2428 438 Αιεχωοιιιαι
2467 373 2780 434 ΛΜΝ-ΕΡ.

3711 372 3809 428 188

555 499 820 556 Joannem
853 498 1149 571 Baptistam
1181 515 1290 554 non
1337 512 1528 570 parum
1580 500 1784 556 habere
1813 497 2112 570 despectui.

2225 493 2364 546 κατά
2392 493 2454 545 τὸ
2483 491 2657 554 εἰκὸς,
2685 492 2742 543 ἐν
2772 488 2849 558 τῷ
2882 485 3168 570 καταλόγῳ
3199 483 3308 537 τῶν
3349 485 3811 557 προσδοκωμένων

557 591 760 645 Nolunt
785 593 951 657 enim,
982 601 1040 647 ut
1069 600 1319 662 apparet,
1365 593 1544 662 ipsum
1576 593 1631 647 in
1669 607 1859 648 eorum
1906 609 2146 648 numero-

557 683 652 750 qni
710 684 1178 752 exspectabantur
1211 685 1508 750 collocare,
1569 684 1665 739 sed
1733 683 1990 738 familiari
2029 685 2131 739 sibi

559 774 705 828 fastu
739 775 897 828 nihili
932 775 1164 838 faciunt,
1214 777 1468 845 quamvis
1519 777 1801 845 prophetae
1835 791 1966 829 voce
2002 789 2132 844 prae-

557 865 847 919 nuntiatus
877 866 970 920 sit.
1005 867 1140 919 Cum
1169 868 1315 920 enim
1344 867 1648 921 audierint:
1679 887 1696 919 ι
1737 867 1848 938 Ego
1876 882 1995 921 sum
2026 881 2130 920 vox

557 958 852 1012 clamantis
873 958 931 1012 in
963 959 1179 1014 deserto
1215 977 1227 1012 :
1256 958 1449 1014 Parate
1479 961 1621 1014 viam
1651 959 1932 1024 Domini",
1956 979 1975 1012 ι
2007 975 2132 1014 ora-

556 1048 684 1102 culo
722 1049 956 1117 reiecto,
991 1048 1342 1118 impudenter
1373 1050 1554 1120 ipsum
1611 1050 1696 1104 his
1729 1050 2125 1120 propemodum

555 1141 744 1196 verbis
776 1143 1204 1211 aggrediuntur:
1251 1142 1429 1206 Nulla,
1463 1160 1496 1198 ο
1549 1144 1804 1212 quisquis
1846 1158 1927 1205 es,
1971 1143 2024 1196 in
2076 1151 2129 1198 te

543 1240 637 1288 .est
668 1234 992 1295 auctoritas,
1027 1234 1160 1288 nihil
1198 1236 1376 1304 magni
1411 1243 1505 1288 aut
1556 1235 1940 1290 admirabilis:
1973 1234 2124 1305 quid,

553 1339 676 1377 cum
706 1325 844 1378 nihil
885 1326 1004 1394 ipse
1025 1326 1124 1389 sis,
1157 1334 1369 1380 tantam
1391 1341 1506 1381 rem
1543 1326 1758 1381 moliris
1781 1326 2136 1396 ?’lmpiorum

549 1411 952 1471 Pharisazorutn
989 1417 1092 1472 iste
1135 1433 1254 1472 mos
1296 1425 1434 1483 erat,
1489 1425 1828 1487 «praesentem
1886 1419 2121 1484 elevare,

545 1523 670 1560 eum
705 1516 886 1563 autem
924 1510 1017 1579 qui
1050 1519 1317 1564 venturus
1341 1517 1470 1565 erat-
1487 1510 1615 1565 ficto
1644 1511 1852 1565 honore
1883 1510 2118 1566 allicere.

551 1596 618 1652 llt
654 1598 798 1651 enim
819 1585 970 1668 apud
999 1597 1217 1655 Iudaeos
1241 1599 1296 1654 in
1325 1601 1535 1654 honore
1561 1615 1776 1671 semper
1815 1609 2022 1664 essent,
2070 1607 2126 1656 et

545 1689 765 1747 divitias
793 1691 1045 1762 ingentes
1063 1692 1166 1746 sibi
1189 1701 1596 1762 compararent,
1620 1694 1898 1747 neminem
1922 1703 2124 1762 praeter

545 1796 608 1835 se
639 1782 898 1836 honorari
935 1783 1304 1852 patiebantur.
1339 1782 1639 1855 Propterea
1675 1786 1852 1856 ipsum
1901 1801 2121 1857 quoque

543 1870 938 1926 interfecerunt
988 1872 1279 1938 haeredem,
1334 1875 1615 1933 dicentes:
1661 1895 1681 1930 ι
1727 1875 1940 1946 Venite,
1971 1879 2121 1934 occi-

543 1962 743 2020 damus
773 1979 919 2029 eum,
947 1975 1001 2021 et
1055 1966 1379 2024 habebimus
1444 1958 1989 2042 haereditatem'ejus
2008 1971 2049 2026 ‘2
2095 1990 2126 2024 ι

613 2225 657 2290 1,
683 2225 872 2280 26-27.
909 2224 1197 2294 Respondit
1234 2228 1310 2282 eis
1336 2225 1597 2296 Ioannes,
1633 2229 1812 2285 dicens
1833 2247 1851 2284 :
1884 2231 1993 2303 Ego
2027 2233 2120 2287 ba—

2235 581 2643 653 κατ[ατ]ἀττειν
2687 579 2872 644 αὑτὸν,
2903 578 3002 648 τὴν
3039 560 3099 628 δὲ
3147 577 3360 638 ἐαυτοῖς
3399 575 3808 647 συντεθραμμέ.

2233 693 2331 745 νην
2359 673 2638 734 νοσοῦντες
2659 667 3050 740 ἁλαζον[ε]ίαν,
3068 667 3220 719 οὐδὲν
3239 665 3377 720 εἶναι
3393 668 3694 737 νομίζουσι,
3711 669 3807 724 κᾶν

2231 764 2320 818 διὰ
2349 764 2449 833 τῆς
2476 762 2568 815 τοῦ
2605 762 2885 832 προφήτου
2919 758 3362 828 προαγγέλληται
3393 760 3600 828 φωνῆς.
3620 760 3806 812 Ἀκού-

2234 870 2426 917 σαντες
2455 853 2598 922 γὰρ,
2645 853 2726 906 ὅτι
2758 871 2776 902 ι
2819 849 2960 918 Ἐγώ
2985 850 3103 918 εἰμι
3145 847 3313 919 φωνὴ·
3352 848 3587 918 βοῶντος
3634 851 3693 902 ὲν
3741 853 3802 919 τῇ

2231 947 2442 1016 ἐρήμῳο
2468 945 2833 1015 Ἑτοιμάσατε·
2853 941 2952 1012 τὴν
2976 941 3108 994 ὸδδνι
3127 940 3354 1011 Κυρίου,
3393 959 3412 991 ι
3446 939 3538 993 τὸν
3566 940 3722 1008 λόγον
3749 944 3805 993 οὐ

2230 1033 2663 1107 παραδεξάμενοι
2685 1073 2700 1098 ,
2757 1031 3068 1102 μονονουχὶ,
3125 1030 3221 1084 καὶ
3271 1030 3473 1099 ἀνέδην
3514 1031 3806 1100 ἐπιτιμῶσι

2228 1127 2502 1196 λέγοντες·
2524 1126 2720 1192 υύδέν,
2750 1119 2794 1178 ὦ
2825 1118 3006 1189 οὗτος,
3028 1125 3088 1177 ἐν
3119 1123 3202 1176 σοὶ
3225 1124 3286 1176 τὺ
3317 1123 3657 1187 ἀξιόπιστον,
3693 1123 3802 1178 ἀλλ’

2227 1220 2349 1274 οὑδέ
2380 1219 2442 1272 τὸ
2473 1218 2807 1289 θαυμαστὸν,
2837 1217 3046 1289 η’μέγα
3065 1233 3079 1248 ·
3112 1215 3165 1267 τί
3196 1215 3300 1268 καὶ
3320 1214 3458 1278 ὅλως
3487 1215 3801 1285 βαπτίζειςς

2224 1311 2357 1363 τίδὲ
2378 1307 3026 1380 πράγματιντηλικούτῳ,
3055 1307 3115 1360 τὸ
3145 1307 3315 1378 μηδὲν
3346 1305 3444 1371 ὢν,
3471 1309 3801 1378 ἐπιχειρεῖςς

2224 1402 2383 1464 Ἔθος
2417 1402 2475 1456 δέ
2511 1401 2670 1455 τοῦτο
2701 1403 2874 1454 ποιεῖν
2909 1402 3023 1464 τοῖς
3051 1400 3287 1462 ἀνοσίοις
3325 1400 3640 1469 Φαρισαίοις
3659 1439 3674 1461 ,
3712 1399 3822 1452 τὸν·

2229 1493 2326 1563 μὲν
2357 1494 2460 1563 ἤδη
2490 1493 2732 1563 παρόντα
2759 1491 3255 1562 κατασμικρύνειν,
3307 1489 3724 1560 προσποιεῖσθαι
3745 1491 3800 1544 δὲ

2226 1583 2430 1656 μᾶλλον
2455 1585 2622 1655 τιμᾷν
2649 1583 2741 1638 τὸν
2775 1582 3101 1654 ἀφιξόμενον
3125 1599 3141 1616 ’
3170 1582 3390 1654 ῐναγάρ
3420 1584 3508 1636 ἀεὶ
3526 1582 3627 1645 τάς
3654 1582 3822 1652 παρὰ

2221 1675 2332 1728 τῶν
2361 1674 2630 1730 Ἰουδαίων
2647 1673 3145 1747 πραγματούωνται
3167 1674 3355 1746 τιμὰς,
3379 1674 3472 1728 καὶ
3504 1691 3609 1744 χρη
3619 1673 3801 1744 μάτων

2224 1768 2437 1831 ἑαυτοῖς
2489 1767 2791 1839 προξενῶσι
2842 1767 3146 1838 πορισμοὺς
3168 1805 3184 1832 ,
3237 1766 3429 1820 οὐδένα
3471 1765 3586 1819 τῶν
3623 1766 3799 1821 ἄλλων

2151 1830 2194 1892 Β
2221 1857 2466 1928 ὁρᾶσθαι-
2501 1830 2780 1929 βούλονται
2812 1830 3111 1929 διαπρεπῆ.
3168 1830 3326 1911 Οὕτω
3357 1859 3468 1929 γὰρ
3511 1859 3607 1912 καὶ
3637 1858 3799 1912 αὐτὸν

2222 1949 2547 2004 ἀπέκτειναν
2567 1951 2660 2004 τὸν
2689 1949 3050 2022 κληρονόμον,
3079 1948 3330 2018 λέγοντες
3347 1965 3360 1981 ·
3401 1967 3420 2002 ι
3450 1948 3802 2014 Διῦεεβποέ

2221 2042 2522 2114 κτείνωμεν
2577 2041 2770 2108 αὑτὸν,
2827 2042 2924 2097 καὶ
2993 2041 3218 2114 σχῶμεν·
3269 2040 3369 2114 τὴν
3435 2042 3819 2114 κληρονομίαν-

2221 2133 2405 2188 αὐτοῦ.
2423 2181 2425 2183 .
2443 2153 2467 2187 ι

2304 2226 2606 2293 Ἀπεκρίθη
2634 2225 2839 2292 αὐτοῖς
2862 2228 2897 2280 ὁ
2938 2224 3230 2292 Ἰωάννης,
3261 2225 3476 2294 λέγων·
3523 2225 3799 2294 Ἑτὼβα-

538 2319 683 2384 ptizo
713 2318 768 2372 in
825 2335 964 2389 aqua
988 2335 1006 2372 :
1046 2320 1248 2372 medius
1285 2331 1460 2373 autem
1502 2331 1728 2376 vestrum
1755 2325 1925 2387 stetit,
1966 2344 2112 2395 quem

2219 2315 2395 2378 πτίζὶι)
2415 2319 2484 2371 ἐν
2503 2318 2673 2371 ὕδατι
2696 2335 2709 2348 ·
2742 2318 2932 2386 μέσος
2956 2316 3023 2370 δὲ
3043 2317 3208 2386 ὑμῶν
3227 2317 3506 2384 ἕστηκεν,
3533 2318 3606 2370 ὃν
3629 2318 3814 2385 ὑμεῖς.

539 2426 627 2465 vos
659 2412 892 2464 nescitis.
926 2409 1042 2478 Ipse
1065 2421 1166 2474 est,
1198 2413 1288 2482 qui
1328 2423 1442 2480 post
1481 2430 1559 2467 me
1605 2426 1850 2470 venturus
1881 2427 1981 2477 est,
2029 2421 2112 2486 qui

2217 2410 2328 2462 οὐκ
2350 2408 2569 2464 οἴδατε.
2590 2410 2782 2474 Αὐτός
2801 2410 2989 2473 ἐστιν,
3017 2411 3050 2462 ό
3083 2409 3276 2462 ὀπίσω
3303 2425 3423 2477 μου
3453 2409 3795 2478 ἐρχόμενος.

539 2510 662 2554 ante
696 2517 775 2553 me
797 2499 974 2568 factus
1005 2509 1080 2553 est
1103 2515 1121 2561 ;
1141 2501 1300 2570 cujus
1324 2517 1426 2555 non
1449 2519 1566 2556 sum
1593 2502 1805 2574 dignus,
1837 2515 1894 2558 ut
1914 2508 2112 2562 solvam

2218 2499 2287 2566 ὃς
2334 2501 2676 2570 ἔμπροσθέν
2729 2519 2851 2570 μου
2902 2501 3182 2570 γέγονεν,
3230 2497 3303 2556 οὗ
3345 2499 3460 2570 ἐγὼ
3517 2503 3630 2555 οὑκ
3680 2500 3810 2570 εἰμι’

536 2593 652 2662 ejus
684 2594 972 2662 corrigiam
1013 2592 1378 2649 calceamenti.

2216 2591 2416 2659 ἄξιος,
2465 2593 2768 2649 Ira-.1660)
2813 2593 3001 2647 αὐτοῦ
3040 2594 3148 2647 τὸν
3180 2593 3392 2663 ἱμάντα
3434 2593 3541 2646 τοῦ
3569 2592 3798 2662 ὑποδή-

2209 2701 2422 2752 ματος.

607 2771 807 2828 Beatus
845 2771 1090 2842 Baptista
1136 2789 1294 2845 aequo
1343 2776 1527 2832 aliimo
1575 2775 1681 2832 fert
1735 2778 2109 2850 increpantes,

2299 2774 2657 2840 Ἀνεξικάκως
2700 2778 2728 2830 ὁ
2763 2776 3032 2847 μακάριος
3055 2775 3368 2846 Βαπτιστὴς
3412 2772 3795 2842 ἐπιτιμώντων

532 2873 587 2921 et
617 2866 771 2922 valde
786 2867 1037 2937 apposite
1064 2868 1326 2923 salutaris
1353 2870 1613 2939 praeconii
1637 2872 1985 2928 occasionem
2019 2889 2112 2929 su-

2215 2867 2501 2936 ἀνέχεται·
2535 2867 2866 2939 εὐαφόρμως
2915 2867 2973 2920 δὲ
2999 2866 3117 2920 λίαν
3154 2864 3253 2936 τὴν
3279 2867 3336 2918 ἐν
3364 2867 3479 2927 τοῖς
3510 2862 3632 2918 καθ’
3663 2865 3796 2917 ἐαυ-

530 2959 631 3011 ιιιίι
655 2973 720 3012 ex
746 2958 814 3013 iis
845 2973 966 3028 quae
996 2959 1063 3014 de
1093 2975 1153 3015 se
1200 2969 1422 3014 narrat:
1464 2962 1733 3033 docetque
1765 2965 1982 3020 demum
2022 2969 2109 3022 vel

2211 2958 2303 3011 τὸν
2349 2958 2608 3029 ἐξήγησιν
2649 2957 2905 3011 ὑπόθεσιν
2949 2960 3186 3010 ἐποιεῖτο
3231 2956 3325 3009 τοῦ
3379 2955 3648 3026 σωτηρίου
3691 2971 3794 3024 κη-

530 3048 734 3118 invitos
766 3049 860 3118 qui
893 3051 963 3102 ad
996 3064 1055 3104 se
1084 3049 1237 3104 missi
1267 3060 1422 3104 erant
1457 3049 1787 3117 Pharisaeos,
1819 3055 2104 3111 Christum

2216 3046 2530 3118 ρύγματος’
2583 3047 2824 3100 διδάσκει
2873 3047 2930 3099 δὲ
2979 3047 3079 3117 ἤδη
3134 3046 3230 3099 καὶ
3269 3046 3364 3115 οὐχ
3407 3044 3633 3106 ἑκόντας
3666 3045 3794 3106 τοὺς

528 3139 670 3191 intra
700 3146 887 3208 portas
923 3153 1064 3192 esse.
1120 3137 1234 3210 Ego
1292 3141 1460 3206 enim,
1513 3141 1712 3214 inquit,
1775 3144 2104 3215 baptismum

2211 3137 2362 3208 παρά
2389 3136 2498 3190 τῶν
2535 3138 2847 3208 Φαρισαίων
2892 3137 3374 3207 ἀπεσταλμένους,
3417 3137 3608 3205 ὅτιπερ
3659 3134 3792 3187 εἴσω

527 3230 694 3288 aﬂ'ero
725 3231 1122 3295 institutivum,
1155 3233 1390 3289 abluens
1425 3250 1567 3304 aqua
1597 3244 1827 3306 peccato
1856 3239 2107 3310 inquina-

525 3331 612 3380 tos
640 3323 708 3378 ad
734 3324 947 3396 initium
981 3327 1340 3395 paenitentiae,
1380 3337 1436 3381 et
1465 3327 1716 3384 homines
1758 3345 1787 3383 a
1820 3332 2005 3401 parvis
2037 3332 2105 3386 ad

524 3415 852 3485 perfectiora
917 3416 1121 3471 docens
1162 3417 1344 3472 evehi.
1410 3415 1528 3473 Hoc
1582 3419 1730 3475 enim
1786 3427 1872 3476 est
1911 3438 2106 3494 reapse

521 3507 788 3577 implere,
846 3506 916 3561 ad
978 3508 1126 3576 quod
1188 3509 1600 3578 praedicandum
1671 3529 1793 3568 sum
1855 3515 2102 3580 missus,

527 3618 548 3650 ε
577 3599 792 3660 Parata,
820 3617 837 3649 ι
867 3597 1292 3666 ιιιεοὶιίοοι,‹
1316 3602 1456 3657 viam
1477 3601 1714 3658 Domini.
1740 3623 1759 3656 ι
1782 3603 1886 3672 Qui
1920 3615 2100 3664 autem

523 3689 794 3757 majorum
847 3698 903 3744 et
952 3689 1264 3758 digniorum
1315 3691 1479 3746 dator
1536 3701 1640 3758 est,
1703 3709 1770 3750 ac
1836 3698 2104 3755 universa

522 3781 791 3834 honorum
827 3779 1180 3850 perfectionis
1206 3781 1455 3853 largitor,
1483 3785 1537 3838 in
1566 3785 1748 3840 medio
1771 3795 1880 3842 stat
1909 3792 2098 3855 vestri,

523 3870 744 3938 ignotus
775 3869 976 3934 adhuc,
1011 3871 1140 3939 quia
1181 3887 1351 3926 carne
1384 3871 1612 3930 indutus
1646 3883 1771 3930 est:
1811 3878 1905 3947 qui
1948 3885 2128 3950 tanto.

521 3975 612 4014 me
643 3961 930 4015 intervallo
959 3970 1205 4032 superat,
1236 3972 1296 4017 ut
1331 3980 1399 4019 ne
1430 3965 1574 4021 servi
1603 3967 1726 4021 loco
1755 3967 1980 4040 dignum
2010 3987 2100 4028 me

517 4053 660 4123 apud
694 4053 874 4123 ipsum
923 4063 1193 4126 reputem,
1255 4058 1358 4112 hoc
1409 4061 1578 4127 enim,
1626 4077 1746 4116 mea
1802 4065 2095 4132 sententia,

515 4145 792 4215 signiﬁcat
824 4146 980 4213 illud,
1019 4166 1037 4199 ‹
1080 4145 1198 4202 Non
1233 4163 1355 4205 sum
1381 4149 1581 4222 dignus
1625 4160 1686 4206 ut
1733 4154 1939 4208 solvam
1974 4156 2096 4224 ejus

511 4233 808 4303 corrigiam
835 4235 1227 4306 calceamenti.
1269 4256 1288 4291 ι
1326 4239 1384 4292 In
1417 4255 1528 4310 quo
1558 4256 1684 4297 cum
1716 4259 1902 4299 verum
1934 4246 2089 4311 dicit,

511 4332 625 4378 tum
683 4325 831 4380 aliud
869 4325 998 4383 facit
1033 4329 1420 4390 observatione
1463 4334 1712 4407 dignum.
1776 4337 2090 4396 Pharisaeos

507 4417 658 4471 enim
715 4417 781 4470 ad
830 4420 1153 4476 modestiam
1213 4435 1466 4492 revocat,
1525 4430 1822 4501 semetipso
1881 4430 1951 4486 ad
2008 4433 2088 4488 rei

506 4507 817 4578 exemplum
844 4512 1150 4579 proposito.

571 4763 611 4826 I,
637 4766 727 4819 28.
767 4766 893 4820 Htec
918 4767 970 4820 in
994 4765 1254 4823 Bethania
1272 4771 1420 4840 facta
1447 4785 1570 4828 sunt
1595 4785 1744 4831 trans
1766 4775 2080 4846 Iordanem,

505 4853 595 4906 ubi
621 4863 737 4906 erat
765 4853 1000 4909 Joannes
1037 4856 1338 4925 baptizans.

575 4943 781 4999 Locum
815 4955 991 5009 notat,
1046 4961 1106 5002 ut
1154 4961 1414 5009 accurate
1449 4953 1844 5026 diligenterque
1880 4958 2077 5016 factam

501 5049 628 5088 csse
673 5035 1048 5090 narrationem
1084 5038 1382 5108 significet.
1420 5041 1673 5100 Solemus
1730 5047 1898 5112 enim,
1953 5065 2077 5104 cum

501 5127 570 5179 de
600 5125 765 5179 rebus
791 5127 1009 5196 magnis
1043 5127 1292 5186 facienda
1323 5133 1486 5190 nobis
1506 5143 1590 5189 est
1618 5140 1885 5204 narratio,
1912 5140 2076 5195 etiam

499 5218 817 5274 meminisse
847 5217 1112 5288 locorum,
1139 5224 1196 5277 in
1229 5225 1432 5295 quibus
1460 5241 1555 5282 eas
1588 5227 1703 5284 fieri
1743 5232 1992 5302 contigit.

555 5478 579 5509 '
622 5483 723 5541 lsa.
755 5504 845 5554 χι,
886 5487 950 5556 5;
978 5486 1134 5545 Joan.
1175 5506 1212 5557 ι,
1259 5491 1349 5545 23.
1425 5494 1444 5523 ⁸
1474 5490 1662 5549 Matth.
1700 5511 1812 5562 3m,
1844 5497 1930 5552 58.

2209 3229 2388 3300 θυρῶν
2422 3229 2730 3301 δΧριστός.
2784 3228 2926 3297 Ἐγὼ
2970 3229 3070 3299 μὲν
3099 3227 3228 3299 γὰρ,
3266 3229 3419 3298 φησὶ,
3453 3227 3792 3294 παιδαγωγι-

2207 3322 2303 3376 κὺν
2323 3321 2563 3394 εἰσφέρω
2591 3320 2652 3374 τὺ
2683 3321 2998 3391 βάπτισμα,
3046 3321 3174 3384 τοὺς
3207 3319 3266 3387 ἐξ
3303 3320 3580 3390 ἁμαρτίας
3616 3335 3789 3388 μεμο-

2205 3414 2508 3486 λυσμένους
2545 3412 2824 3467 ἀπολούων
2870 3413 3022 3466 ὕδατι
3071 3413 3209 3484 πρὸς
3253 3412 3540 3481 μετανοίας
3589 3411 3787 3482 ἀρχὴν,

2205 3507 2299 3561 καὶ
2335 3507 2399 3559 ἐκ
2444 3505 2554 3558 τῶν
2599 3504 3019 3576 ὑποϐεϐηκότων
3062 3502 3492 3573 ἀνακομίζεσθαι
3521 3502 3791 3556 διδάσκων

2205 3597 2296 3650 ἐπὶ
2327 3596 2397 3651 τά
2443 3596 2755 3667 τελειότερα
2779 3611 2794 3626 ⁶
2845 3594 3004 3648 τοῦτο
3029 3595 3139 3667 γὰρ
3174 3592 3242 3666 ἦν
3285 3594 3430 3666 ἔργῳ
3461 3593 3726 3664 πληροῦν,
3760 3594 3789 3648 δ

2203 3686 2492 3757 κηρύττειν
2535 3685 2880 3756 ἀπεστάλην·
2942 3703 2963 3737 ι
3013 3687 3404 3756 Ἑτοιμάσατε,
3452 3705 3471 3739 ι
3505 3687 3785 3756 δηλονότι,

2209 3796 2235 3830 ι
2257 3778 2354 3850 τὴν
2383 3779 2499 3832 ὁδὸν
2530 3779 2758 3850 Κυρίου.
2791 3799 2808 3830 ι
2855 3779 2912 3833 Ὀ
2939 3778 2995 3832 δέ
3019 3778 3127 3831 τῶν
3152 3777 3415 3850 μειζόνων
3443 3796 3502 3831 τε
3523 3779 3618 3831 καὶ
3638 3777 3791 3844 ἀξιο-

2200 3869 2522 3938 λογωτάτων
2550 3870 2713 3941 δοτὴρ
2732 3911 2747 3935 ,
2808 3872 2903 3924 καὶ
2935 3870 3154 3942 ἀπάσης
3189 3870 3524 3939 τελειότητος
3570 3871 3670 3940 τῆς
3697 3871 3788 3922 ἐπ’

2199 3963 2423 4031 ἀγαθοῖς
2456 3962 2693 4034 χορηγὸς
2713 4002 2728 4026 ,
2759 3961 2922 4032 μέσος
2959 3962 3112 4033 ὑμῶν
3146 3964 3334 4033 στήκει
3354 4003 3368 4026 ,
3421 3962 3792 4032 ἀγνοούμενος

2196 4054 2278 4108 ἔτι
2305 4055 2393 4109 διὰ
2435 4057 2534 4126 τὴν
2563 4055 2627 4108 ἐκ
2663 4054 2766 4124 τῆς
2796 4053 2997 4123 σαρκὸς
3025 4054 3340 4125 περιϐολὴν,
3387 4054 3642 4108 τοσοῦτον
3681 4055 3787 4123 ἐμὲ

2194 4147 2286 4200 τὸν
2317 4126 2630 4213 Βαπτιστὴν
2660 4144 3034 4216 ὑπερτρέχων,
3064 4145 3139 4208 ὡς
3171 4146 3377 4199 οἴεσθαι
3407 4145 3517 4198 δεῖν
3545 4147 3786 4215 ἐμαυτόν

2193 4240 2312 4293 οὐδὲ
2343 4241 2399 4293 ἐν
2422 4239 2635 4292 οἰκέτου
2661 4238 2814 4304 τάξει
2844 4243 3156 4310 μετρεῖσθαι
3190 4242 3318 4309 παρέ
3349 4239 3583 4309 ἐκείνῳ·
3623 4241 3786 4293 τοῦτο

2193 4331 2300 4400 γάρ
2369 4325 2522 4399 οἶμαι
2557 4326 2749 4398 δηλοῦν
2779 4329 2868 4395 τὺ,
2905 4348 2923 4380 ι
2961 4331 3076 4382 Οὐκ
3123 4330 3238 4400 εἰμὶ
3277 4330 3489 4392 ἱκανὸς,
3518 4329 3603 4382 ἵνα
3633 4329 3787 4384 λύσω

2192 4419 2357 4473 αὐτοῦ
2374 4418 2513 4492 [τὸν]
2544 4421 2743 4490 ἱμάντα
2757 4420 2852 4473 τοῦ
2873 4421 3041 4491 ύποδή
3051 4438 3236 4490 ματος.
3254 4420 3587 4491 »Πρᾶγμαδὲ
3603 4420 3783 4487 λέγων

2120 4516 2166 4574 υ
2192 4507 2409 4574 ἀληθὲς,
2449 4507 2634 4579 ἕτερον
2666 4508 2935 4580 ἐπίσημον
2965 4510 3255 4581 ἐργάζεται
3283 4525 3297 4539 ·
3335 4512 3781 4579 ταπεινοφρονεῖν

2193 4599 2302 4672 γὰρ
2327 4594 2608 4654 ἀναπείθει
2641 4599 2730 4652 τὸν
2761 4602 2993 4666 ἀλαζόνα
3017 4603 3329 4673 Φαρισαῖον,
3374 4600 3566 4655 ἑαυτὸν
3591 4601 3649 4653 δέ
3682 4603 3777 4655 τύ-

2193 4708 2292 4742 πον
2321 4691 2562 4762 είσφὲρει
2592 4691 2686 4746 τοῦ
2716 4693 3062 4764 πράγματος.

2267 4780 2456 4834 Ταῦτα
2476 4781 2545 4833 ἐν
2561 4783 2827 4850 Βηθανίᾳ
2846 4783 3082 4854 ἐγένετο
3101 4783 3291 4853 πέραν
3310 4783 3415 4838 τοῦ
3441 4781 3776 4851 Ἰορδάνου,

2188 4867 2343 4922 ὅπου
2382 4867 2462 4940 ἦν
2499 4872 2772 4942 Ἰωάννης
2805 4875 3126 4939 βαπτίζων.

2260 4959 2490 5030 Σημεῖον
2514 4960 2703 5035 ὥσπερ
2727 4968 2821 5018 καὶ
2859 4967 3014 5019 τοῦτο
3041 4967 3209 5030 τιθεὶς
3242 4968 3464 5038 μνήμης
3506 4968 3776 5037 ἀκριϐοῦς

2187 5052 2283 5102 καὶ
2306 5050 2528 5122 λεπτῆς.
2555 5055 2886 5127 Πεφύκαμεν
2912 5057 3021 5128 γάρ
3045 5074 3163 5121 πως
3185 5060 3279 5112 καὶ
3307 5057 3595 5129 εἰθίσμεθα
3630 5060 3775 5112 πάν-

2149 5147 2160 5152 ’
2185 5157 2308 5206 τες,
2366 5143 2440 5206 ὡς
2473 5143 2602 5209 ἔπος
2646 5149 2819 5201 εἰπεῖν
2841 5189 2856 5214 ,
2897 5149 2955 5200 ἐν
2980 5152 3091 5212 τοῖς
3138 5149 3267 5221 περὶ
3309 5149 3417 5203 τῶν
3453 5149 3773 5218 ἀναγκαίων

2183 5229 2480 5302 διηγήμασι
2511 5236 2820 5306 μεμνῆσθαι
2858 5239 2949 5291 καὶ
2977 5238 3178 5305 τόπων,
3230 5242 3289 5294 ἐν
3327 5234 3409 5304 οἷς
3440 5238 3583 5293 αύτά
3616 5238 3771 5308 γενέ·

2182 5319 2303 5374 σθαι
2337 5324 2703 5395 συμϐέϐηκεν.
