4090 6266
503 353 596 410 191

1499 356 1560 412 S.
1603 356 1882 414 CYRILLI
1918 351 2395 439 ΑιΕΧΑΝυιιιΝι
2434 358 2761 414 ARCHIEP.

3664 356 3779 414 ιω

486 491 622 535 tom.
646 482 944 552 Propterea
979 480 1256 551 prophetae
1279 495 1501 551 quoque
1531 496 1854 537 mensuram
1877 497 2068 537 exces-

2176 481 2272 534 Διά
2322 481 2498 547 τοῦτο,
2529 482 2624 535 καὶ
2651 481 2712 534 τὸ
2755 476 3052 548 προφητῶν
3095 477 3406 560 ἀνεπήδησε
3438 475 3771 548 μέτρον,ὡς

487 571 584 635 sit,
619 579 681 626 nt
719 571 836 643 ipse
889 571 1092 626 alicubi
1148 570 1406 626 Salvator
1466 572 1544 626 ait
1587 587 1713 627 cum
1762 571 1970 628 Judaeis
2003 571 2071 628 de

436 659 445 669 ’“
487 675 557 716 eo
582 663 864 718 disserens
908 682 922 717 :
963 681 981 712 ι
1025 662 1167 728 Quid
1197 663 1390 718 existis
1433 664 1492 718 in
1538 663 1816 718 desertum
1851 664 2076 718 videre?

495 755 860 824 PrOphetam?
888 754 1068 809 Etiam
1100 755 1227 809 dico
1264 756 1440 819 vobis,
1475 765 1530 810 et
1564 756 1688 825 plus
1733 771 1898 825 quam
1945 772 2075 826 pro-

493 846 708 915 phetam
739 848 778 898 '.
828 867 848 900 ι
891 847 970 901 Illi
1009 848 1155 902 enim
1207 847 1489 902 Christum
1527 847 1822 916 aliquando
1873 854 2071 901 ventu-

494 955 614 993 rum
647 940 1054 1009 prophetabant
1086 957 1098 994 :
1132 941 1221 994 hic
1254 950 1435 994 autem
1467 955 1594 994 eum
1625 948 1922 994 venturum
1955 941 2072 995 cla-

494 1039 692 1095 maret,
722 1031 891 1085 etiam
953 1031 1149 1086 adesse
1203 1031 1555 1086 monstravit.
1594 1050 1612 1082 ι
1645 1031 1848 1085 ίΑιιοινιι
1925 1030 2072 1085 enim

494 1123 609 1188 die,
645 1123 851 1194 inquit,
885 1123 1024 1178 vidit
1056 1121 1245 1180 Iesum
1286 1125 1599 1179 venientem
1631 1123 1697 1177 ad
1722 1138 1802 1178 se.
1833 1140 1852 1175 ι

566 1227 609 1289 l.
633 1227 725 1282 29.
760 1226 830 1280 Et
860 1229 937 1281 ait
967 1245 987 1282 :
1020 1227 1155 1282 Ecce
1183 1228 1364 1298 Agnus
1399 1227 1518 1293 Dei,
1556 1227 1646 1296 qui
1698 1226 1838 1280 tollit
1883 1242 2067 1296 pecca-

495 1327 608 1373 tum
638 1321 823 1374 mundi
831 1360 844 1372 .

564 1408 683 1463 Non
727 1411 842 1479 jam
892 1411 1092 1480 inquit,
1131 1428 1150 1461 ‹
1198 1409 1391 1465 Parate
1425 1428 1480 1466 ιι
1525 1410 1924 1468 convenienter
1955 1425 2073 1464 am-

494 1499 640 1568 plius
697 1499 805 1554 diei
865 1507 1066 1570 potest,
1117 1515 1243 1554 cum
1298 1511 1560 1556 cernatur
1615 1501 1839 1556 demum
1899 1509 1956 1556 et
2015 1502 2071 1556 in

493 1593 670 1648 oculis
703 1595 778 1648 sit
823 1593 916 1648 ille
944 1602 1175 1666 propter
1205 1609 1367 1663 quem
1419 1594 1475 1648 ﬁt
1519 1595 1871 1664 praeparatio.
1911 1593 2073 1647 Aliud

495 1685 751 1754 loquendi
785 1701 962 1756 genus
990 1701 1176 1740 rerum
1232 1694 1430 1740 natura
1468 1687 1737 1755 postulat.
1777 1686 2073 1755 Exponen-

493 1777 620 1831 dum
643 1786 732 1832 est
765 1777 928 1848 114
955 1779 1080 1846 quis
1113 1779 1186 1832 sit
1215 1777 1306 1831 ille
1347 1779 1440 1847 qui
1483 1777 1598 1846 jam
1641 1779 1820 1840 adest,
1849 1785 1903 1832 et
1931 1792 2072 1848 quas

492 1866 565 1920 ob
625 1881 717 1921 res
755 1866 819 1920 ad
882 1882 982 1921 nos
1015 1867 1387 1932 descenderit,
1433 1867 1528 1935 qui
1567 1865 1636 1922 de
1687 1867 1846 1922 caelis
1900 1869 2071 1924 venit.

499 1976 522 2008 ‹
570 1958 712 2011 Ecce
748 1977 767 2009 ι
805 1957 993 2027 igitur,
1025 1957 1224 2028 inquit,
1263 1976 1282 2009 ι
1324 1958 1510 2028 Agnus
1535 1956 1654 2021 Dei,
1689 1978 1708 2010 ι
1744 1973 1907 2028 quem
1943 1976 2075 2029 pro-

495 2050 661 2120 pheta
697 2048 840 2103 lsaia
874 2049 1035 2105 nobis
1065 2049 1537 2120 przesigniticavit,
1581 2049 1776 2106 dicens
1814 2069 1830 2106 :
1863 2071 1882 2103 ι
1917 2050 2075 2108 Sicut

492 2141 617 2195 ovis
635 2141 700 2194 ad
723 2142 1058 2197 occisionem
1089 2142 1294 2198 ductus
1311 2151 1418 2206 est,
1440 2150 1495 2199 et
1518 2143 1665 2199 sicut
1685 2159 1863 2214 agnus
1885 2160 2072 2200 coram

496 2233 760 2288 tondente
822 2249 882 2289 se
942 2235 1220 2289 obmutuit
1263 2235 1306 2292 ⁸.
1353 2254 1372 2286 ι
1412 2234 1589 2301 Quem
1651 2235 1810 2300 olim,
1873 2236 2072 2306 inquit,

493 2322 666 2379 Mosis
711 2325 794 2380 lex
833 2325 1228 2396 prmﬁguravit.
1289 2325 1399 2381 Sed
1446 2340 1512 2380 eo
1550 2325 1776 2394 quidem
1827 2333 2077 2396 tempore

492 2415 750 2470 servabat
783 2432 849 2471 ex
903 2424 1080 2486 parte,
1118 2431 1230 2470 non
1289 2416 1348 2471 in
1403 2431 1599 2472 omnes
1641 2416 2076 2475 misericordiam

494 2521 648 2561 suam
707 2508 1026 2563 din'undens
1077 2524 1092 2560 :
1143 2517 1308 2579 typus
1357 2509 1502 2564 enim
1559 2517 1679 2565 erat
1734 2517 1792 2565 et
1842 2511 2073 2577 umbra;

494 2613 644 2655 nunc
674 2608 862 2654 autem
905 2599 999 2654 ille
1026 2599 1239 2670 Agnus,
1263 2601 1356 2671 qui
1388 2601 1518 2656 olim
1549 2602 1897 2671 aenigmatice
1935 2617 2077 2672 prae-

495 2689 862 2760 ﬁgurabatur,
908 2690 1266 2748 immaculata
1321 2692 1414 2746 illa
1453 2693 1634 2748 hostia
1676 2709 1776 2764 pro
1815 2694 2077 2750 omnibus

493 2779 564 2835 ad
597 2783 936 2838 occisionem
972 2784 1215 2851 ducitur,
1248 2792 1309 2839 ut
1361 2785 1551 2840 mundi
1587 2771 1876 2857 peccatum
1921 2801 2076 2844 amo-

493 2881 639 2941 veat,
673 2882 733 2929 ut
763 2874 916 2931 orbis
944 2876 1436 2932 exterminatorem
1472 2883 1707 2942 evertat,
1741 2885 1803 2932 ut
1840 2884 2074 2932 mortem

493 2980 597 3036 pro
637 2965 898 3022 omnibus
941 2965 1204 3022 obeundo
1239 2975 1474 3023 mortem
1527 2968 1771 3032 abolent,
1804 2975 1864 3023 ut
1898 2970 2078 3024 solvat

494 3055 777 3112 hominum
807 3057 1254 3114 maledictionem
1275 3059 1319 3126 ’,
1349 3066 1410 3114 ut
1439 3067 1619 3115 cesset
1650 3060 1871 3116 tandem
1905 3061 2073 3116 illud:

2175 572 2337 634 αύτός
2389 571 2492 624 πού
2523 588 2686 642 φησιν
2735 571 2763 623 6
2793 569 3006 639 Σωτὴρ,
3040 567 3177 638 πρὸς
3205 565 3494 630 Ἰουδαίους
3525 568 3769 638 διαλεγό-

2179 679 2342 732 μενος
2387 663 2516 733 περὶ
2567 661 2766 715 αὐτοῦ·
2803 680 2822 714 ι
2865 659 2930 712 Τί
2967 659 3221 728 ἐξήλθετε
3269 660 3348 721 είς
3403 658 3503 730 τὴν
3560 659 3770 730 ἔρημον

2177 753 2306 806 ἰδεῖν
2332 770 2346 819 ;
2373 753 2666 824 Προφήτην
2692 770 2709 820 ;
2739 752 2849 805 Ναὶ
2875 750 3028 819 λέγω·
3047 750 3213 820 ὑμῖν,
3237 752 3332 803 καὶ
3378 751 3769 823 περισσότερον

2176 845 2508 914 προφήτου.»
2542 844 2606 898 Οί
2633 843 2732 914 μὲν
2763 841 2872 913 γὰρ
2907 842 2987 896 ὅτι
3023 841 3163 895 κατὰ
3191 842 3420 912 καιροὺς
3450 842 3772 919 ἀναδειχθῂ-

2177 951 2325 986 σεται
2357 933 2591 1005 Χριστὸς
2631 933 3026 1006 προεφήτευον,
3071 936 3099 986 6
3122 933 3178 986 δέ
3207 932 3284 996 ὡς
3320 932 3440 1003 ἥξει
3475 934 3636 1004 βοῶν,
3673 938 3770 990 καὶ

2176 1025 2419 1094 παρόντα
2432 1024 2653 1095 δέδειχε.
2679 1043 2698 1077 ι
2726 1026 2806 1096 Τῇ
2845 1025 2952 1096 γάρ
2981 1024 3266 1092 ἐπαύριον,
3290 1025 3445 1097 φησὶ,
3467 1026 3652 1098 βλέπει
3675 1029 3780 1080 τὸν.

2188 1116 2396 1189 Ἰησοῦν
2421 1117 2716 1188 ἐρχόμενον
2745 1117 2883 1188 πρὸς
2913 1117 3102 1174 αὐτόν.
3135 1137 3156 1170 ι

2249 1228 2361 1283 Καὶ
2386 1228 2548 1299 λέγει
2568 1248 2581 1260 ο
2610 1230 2734 1285 Ἴδε
2753 1232 2786 1284 ὁ
2827 1230 3045 1300 Ἀμνὸς
3077 1216 3183 1286 τοῦ
3217 1231 3368 1286 Θεοῦ
3392 1235 3426 1286 ὁ
3447 1232 3632 1302 αἴρων
3650 1233 3768 1304 τὴν

2172 1320 2470 1389 ἁμαρτίαν
2494 1321 2602 1374 τοῦ
2629 1321 2884 1390 κόσμου.

2246 1410 2441 1464 Οὐκέτι
2457 1412 2536 1477 τὸ,
2550 1430 2568 1463 ι
2588 1412 2968 1482 Ἑτοιμάσατε,
2984 1430 3001 1463 ι
3012 1411 3202 1484 καιρδν
3223 1411 3335 1484 ἔχει
3355 1415 3446 1466 τὸν
3463 1415 3566 1486 πρέ
3574 1429 3763 1468 ποντα⁶

2165 1494 2358 1556 ⁷λοιπὸν
2400 1503 2682 1573 ὁρωμένου
2728 1503 2822 1558 καὶ
2870 1503 3023 1567 ὄντος
3065 1506 3124 1558 ἐν
3155 1504 3456 1575 ὀφθαλμοῖς
3487 1506 3579 1560 τοῦ
3611 1507 3680 1560 δι’
3706 1506 3770 1559 δν

2176 1595 2210 1664 η
2262 1593 2549 1664 ἐτοιμασία
2606 1595 2816 1662 γίνεται
2840 1612 2854 1627 ο
2895 1595 3100 1666 ἐτέρων
3152 1596 3324 1648 ἐδεῖτο
3371 1596 3548 1664 λόγων
3600 1600 3634 1667 ή
3671 1597 3767 1650 τοῦ

2175 1683 2500 1754 πράγματος
2533 1683 2716 1751 φύσις.
2765 1684 2963 1756 Ἐχρῆν
3011 1683 3327 1755 ἐξηγεῖσθαι
3367 1686 3452 1749 τίς
3483 1689 3510 1739 6
3540 1686 3768 1757 παρὼν,

2177 1776 2270 1829 καὶ
2299 1776 2391 1828 ἐπὶ
2417 1775 2558 1829 τίσιν
2584 1773 2696 1845 ἔχει
2722 1773 2819 1846 τὴν
2848 1775 3074 1830 κάθοδον
3097 1777 3125 1828 6
3160 1774 3298 1845 πρὸς
3331 1777 3480 1846 ἡμᾶς
3513 1775 3574 1841 ἐξ
3602 1779 3772 1848 ούρα-

2179 1867 2285 1921 νῶν
2335 1866 2658 1937 ἀφιγμένος.
2692 1885 2712 1918 ι
2743 1866 2851 1919 Ἴδε
2881 1866 3080 1934 τοίνυν,
3121 1868 3308 1936 φησὶν,
3341 1868 3378 1918 6
3416 1867 3612 1937 Ἀμνδς
3670 1865 3768 1919 τοῦ

2175 1957 2334 2022 Θεοῦ,
2369 1977 2390 2010 ι
2435 1958 2495 2012 δν
2532 1959 2561 2010 6
2593 1958 2884 2028 προφήτης
2932 1959 3068 2028 ήμϊν
3124 1959 3353 2021 Ἡσαΐας
3396 1959 3771 2028 κατεσήμαινε

2175 2049 2350 2118 λέγων
2374 2065 2388 2080 ·
2425 2069 2444 2101 ι
2487 2049 2575 2112 Ὦς
2620 2049 2892 2120 πρόϐατον
2926 2050 3023 2102 ἐπὶ
3077 2049 3290 2120 σφαγὴν
3337 2050 3479 2121 ἤχθη
3505 2089 3521 2114 ,
3567 2050 3662 2103 καὶ
3693 2050 3772 2113 ὡς

2175 2140 2345 2212 ἀμνὸς
2375 2140 2616 2195 ἐναντίον
2647 2140 2742 2194 τοῦ
2779 2141 3055 2212 κείροντος
3074 2142 3236 2196 αὑτὸν
3258 2142 3493 2211 ἄφωνος.
3510 2161 3528 2195 ι
3554 2143 3649 2196 Ὃν
3676 2143 3775 2195 καὶ

2178 2233 2367 2297 πάλαι,
2402 2233 2568 2302 φησὶν
2587 2272 2602 2296 ,
2638 2233 2666 2285 6
2697 2232 2784 2286 διὰ
2817 2233 3060 2296 Μωσέως
3091 2233 3364 2290 ἀνετύπου
3399 2234 3601 2304 νόμοςο
3631 2234 3773 2287 ἀλλά

2173 2324 2295 2376 τότε
2333 2322 2430 2394 μὲν
2479 2323 2649 2387 ἔσωζε
2683 2322 2946 2395 μερικῶς,
2979 2323 3081 2376 οὐκ
3113 2323 3194 2386 είς
3233 2324 3480 2387 ἅπαντας
3515 2323 3776 2378 ἐκτείνων

2175 2413 2266 2468 τὸν
2287 2412 2433 2466 ἔλεον
2452 2430 2466 2444 ο
2491 2411 2662 2475 τύπος
2678 2409 2890 2485 γὰρῆν,
2915 2413 3008 2466 καὶ
3042 2413 3172 2466 σκιά
3187 2429 3202 2443 '
3224 2415 3342 2467 νυνὶ
3364 2413 3421 2466 δὲ
3451 2413 3480 2465 6
3514 2412 3684 2468 πάλαι
3701 2395 3772 2466 δι’

2177 2503 2513 2574 αἰνιγμάτων
2529 2501 2818 2573 ζωγραφού
2829 2520 2987 2573 μενος
3002 2505 3031 2556 ὁ
3043 2502 3296 2573 ἀληθινὸς
3325 2503 3608 2574 Ἀμνὸς,τδ
3622 2504 3776 2574 ἄμω-

2180 2612 2279 2666 μον
2313 2597 2507 2666 ίερεῖον
2533 2595 2676 2668 ὑπὲρ
2723 2595 2941 2649 πάντων
2979 2595 3171 2664 ἄγεται
3221 2596 3360 2667 πρὸς
3396 2596 3646 2667 σφαγὴν,
3684 2597 3776 2649 ἵνα

2175 2684 2270 2740 τοῦ
2305 2686 2511 2756 κόσμου
2538 2686 2636 2757 τὴν
2682 2686 2961 2757 ἁμαρτίαν
2988 2686 3180 2759 ἐλάσῃ,
3218 2687 3306 2740 ἴνα
3331 2687 3422 2740 τὸν
3452 2691 3553 2757 τῆς
3587 2690 3773 2741 οἰκου-

2180 2777 2349 2847 μένης
2379 2775 2704 2848 ὁλοθρευτὴν
2733 2775 3032 2847 ἀνατρέψῃ,
3063 2778 3150 2830 ἵνα
3180 2778 3507 2848 καταργήσῃ
3547 2778 3640 2830 τὸν
3672 2777 3772 2831 θά-

2176 2885 2334 2922 νατον
2355 2868 2500 2940 ὑπὲρ
2533 2869 2750 2922 πάντων
2780 2867 3091 2933 ἀποθανὼν,
3122 2870 3209 2922 ἵνα
3234 2869 3371 2944 λύσῃ
3399 2870 3499 2941 τήν
3527 2871 3613 2939 ἐφ’
3639 2872 3775 2942 ἡμῖν

2179 2959 2442 3030 κατάραν,
2485 2959 2573 3012 ἶνα
2621 2958 2897 3030 παύσηται
2935 2959 3121 3013 λοιπὸν
3145 2960 3230 3026 τὸ,
3269 2979 3286 3012 ι
3335 2962 3412 3030 Γῆ
3453 2956 3522 3024 εἴ,
3566 2963 3662 3014 καὶ
3691 2963 3775 3024 είς

2177 3052 2281 3122 γῆν
2314 3050 2614 3123 ἀπελεύσῃ,
2666 3069 2686 3101 ι
2737 3051 2826 3105 ἵνα
2867 3051 3094 3121 γένηται
3143 3051 3398 3123 δεύτερος
3438 3052 3630 3122 Ἀδὰμ,
3671 3053 3775 3106 οὐκ

497 3167 520 3200 ι
559 3147 734 3203 Terra
766 3165 848 3215 es,
881 3159 937 3205 et
979 3149 1036 3204 in
1071 3156 1274 3206 terram
1307 3151 1605 3208 reverteris
1627 3153 1692 3217 ¹⁹,
1731 3171 1751 3204 ›
1787 3159 1847 3207 ut
1888 3151 1961 3208 sit
1986 3154 2073 3210 ille

2177 3149 2288 3202 ἀπὸ
2314 3149 2438 3219 γῆς,
2477 3148 2591 3202 ἀλλ’
2617 3149 2678 3214 ἐξ
2721 3148 2976 3219 ούρανοῦ,
3008 3150 3103 3201 καί
3134 3148 3278 3219 ἀρχὴ
3328 3149 3553 3218 γένηται
3579 3151 3644 3217 τῇ
3674 3147 3775 3201 ἀν-

492 3240 773 3296 secundus
799 3240 995 3308 Adam,
1024 3258 1134 3298 non
1161 3259 1193 3300 e
1220 3249 1394 3310 terra,
1422 3243 1520 3300 sed
1544 3259 1575 3300 e
1597 3245 1761 3310 cmlo,
1785 3246 2078 3316 omnisque

489 3329 622 3385 boni
652 3331 992 3400 principium
1036 3341 1252 3394 naturae
1295 3333 1554 3390 humana:
1591 3337 1846 3403 exsistat,
1875 3337 2078 3392 solutio

489 3422 692 3479 invecti
736 3425 1018 3493 interitus,
1067 3439 1290 3482 αξιοι-ηαξ
1330 3427 1462 3483 vitae
1506 3428 1860 3494 conciliator,
1908 3444 2077 3485 causa

491 3515 906 3574 reformationis
943 3519 1011 3573 ad
1063 3517 1260 3584 Deum,
1295 3520 1521 3590 pietatis
1555 3528 1611 3575 et
1649 3521 1881 3590 iustitiae
1923 3522 2077 3591 prin-

491 3605 723 3675 cipium,
763 3607 853 3660 via
904 3605 1146 3677 denique
1193 3607 1264 3661 ad
1316 3623 1545 3678 regnum
1581 3610 1870 3664 caelorum.
1920 3609 2078 3667 Unus

489 3695 641 3750 enim
683 3705 942 3753 mortuus
975 3705 1060 3752 est
1090 3712 1268 3768 agnus
1291 3697 1393 3767 pro
1421 3699 1704 3761 omnibus,
1727 3713 1947 3754 omnem
1979 3702 2078 3756 ho-

491 3785 706 3840 minum
751 3801 975 3857 gregem
1026 3801 1258 3842 servans
1292 3785 1406 3843 Deo
1453 3802 1517 3842 ac
1542 3785 1694 3842 Patri
1745 3807 1758 3844 :
1803 3805 1948 3845 unus
1979 3807 2079 3860 pro

491 3877 776 3943 omnibus,
811 3885 874 3932 ut
906 3891 1100 3934 omnes
1130 3877 1244 3934 Deo
1282 3877 1552 3948 subjiciat
1589 3897 1604 3934 :
1644 3896 1788 3936 unus
1825 3897 1926 3952 pro
1961 3898 2078 3937 om-

490 3967 681 4032 nibus,
735 3974 796 4021 ut
840 3982 1032 4024 omnes
1081 3967 1525 4024 lucrifaciatzut
1575 3985 1771 4027 omnes
1836 3972 2076 4044 denique

489 4071 605 4112 non
629 4056 742 4126 jam
773 4057 880 4114 sibi
918 4059 1124 4125 vivant,
1155 4059 1251 4115 sed
1281 4060 1332 4116 ei
1368 4059 1464 4130 qui
1508 4075 1610 4131 pro
1645 4061 1780 4131 ipsis
1820 4071 2074 4118 mortuus

487 4159 574 4205 est
609 4157 664 4206 et
699 4152 1012 4207 resurrexit
1045 4153 1109 4207 ".
1139 4151 1277 4207 Nam
1317 4168 1442 4210 cum
1492 4155 1548 4210 in
1594 4156 1787 4210 multis
1832 4157 2075 4225 peccatis

485 4256 760 4308 essemus,
793 4250 962 4313 atque
1006 4243 1219 4299 idcirco
1270 4245 1436 4300 morti
1478 4253 1536 4301 et
1589 4247 1942 4318 eorruptioni
1973 4247 2075 4303 ob-

488 4327 662 4392 noxii,
693 4327 840 4384 dedit
878 4328 1075 4386 Filium
1103 4347 1268 4389 suum
1299 4331 1465 4389 Pater
1499 4334 1938 4406 redemptionem
1971 4351 2074 4406 pro

485 4419 669 4484 nobis,
711 4419 881 4476 unum
932 4439 1034 4494 pro
1073 4425 1353 4492 omnibus,
1389 4427 1652 4497 quoniam
1698 4428 1891 4483 omnia
1940 4435 2072 4484 sunt

2179 3241 2398 3316 θρώπου
2464 3241 2623 3312 φύσει
2682 3242 2881 3306 παντὸς
2929 3240 3180 3310 ἀγαθοῦ,
3235 3239 3388 3304 λύσις
3442 3240 3772 3293 ἐπεισάκτου

2177 3333 2404 3404 φθορᾶς,
2441 3333 2700 3404 πρόξενος
2729 3331 2952 3386 αἰωνίου
2987 3329 3133 3399 ζωῆς
3156 3369 3171 3395 ,
3197 3329 3647 3401 ἀναμορφὼσεως
3674 3329 3783 3400 τῆς

2178 3427 2256 3488 εἰς
2283 3424 2416 3477 Θεὸν
2447 3423 2706 3486 ὑπόθεσις
2727 3463 2744 3489 ,
2774 3421 3060 3484 εὐσεϐείας
3101 3420 3196 3473 καὶ
3233 3418 3582 3486 δικαιοσύνης
3605 3419 3768 3491 ἀρχὴ,

2177 3515 2294 3578 ὁδὸς
2325 3517 2404 3578 εἰς
2451 3512 2725 3584 βασιλείαν
2777 3512 3023 3584 οὐρανῶν
3048 3527 3063 3540 ο
3099 3506 3182 3574 εἷς
3223 3512 3332 3583 γάρ
3385 3511 3525 3582 ὑπὲρ
3552 3511 3772 3564 πάντων

2177 3607 2448 3660 ἀπέθανεν
2478 3604 2668 3676 ἀμνὸς,
2691 3605 2820 3675 ὅλην
2853 3602 3150 3668 ἀνασώζων
3179 3603 3278 3674 τὴν
3301 3603 3396 3656 ἐπὶ
3431 3604 3536 3672 γῆς
3565 3600 3770 3673 ἀγέλην

2178 3699 2255 3770 τῷ
2279 3697 2400 3768 Θεῷ
2449 3699 2543 3751 καὶ
2577 3696 2756 3768 Πατρί
2777 3711 2793 3726 '
2830 3691 2911 3760 εἷς
2961 3695 3104 3768 ὑπὲρ
3139 3697 3360 3750 πάντων
3381 3735 3395 3760 ,
3431 3696 3520 3748 ἵνα
3559 3695 3770 3757 πάντας

2179 3787 2422 3860 ὑποτάξῃ
2443 3787 2579 3858 Θεῷ·
2607 3785 2688 3852 εἷς
2714 3789 2853 3860 ὑπὲρ
2882 3789 3122 3851 πάντων,
3156 3788 3243 3840 ἵνα
3275 3787 3480 3850 πάντας
3510 3786 3767 3858 κερδάνῃ·

2179 3881 2267 3934 ἵνα
2289 3881 2476 3935 λοιπὸν
2504 3883 2552 3934 ot
2583 3881 2785 3944 πάντες
2821 3880 3021 3952 μηκέτι
3053 3882 3266 3943 ἑαυτοῖς
3303 3879 3492 3944 ζῶσιν,
3526 3879 3663 3933 ἀλλά
3691 3879 3771 3950 τῷ

2177 3970 2318 4042 ὑπὲρ
2345 3969 2525 4025 αὐτῶν
2560 3970 2910 4035 ἀποθανόντι,
2942 3970 3036 4023 καὶ
3079 3970 3379 4040 ἐγερθέντι.
3419 3967 3638 4039 Ἐπειδὴ
3661 3966 3770 4038 γὰρ

2174 4058 2316 4134 ἦμεν
2371 4063 2430 4116 ἐν
2482 4062 2704 4126 πολλαῖς
2755 4063 3085 4134 ἁμαρτίαις,
3127 4061 3218 4116 διά
3265 4079 3326 4115 τε
3377 4061 3538 4114 τοῦτο
3594 4077 3769 4131 χρεω-

2178 4137 2464 4226 στούμενοι
2506 4155 2724 4226 θανάτῳ
2777 4155 2873 4208 καὶ
2922 4155 3097 4226 φθορᾷ
3119 4195 3134 4221 ,
3165 4155 3398 4208 δέδωκεν
3450 4152 3770 4222 ἀντίλυτρον

2175 4245 2318 4316 ὑπὲρ
2369 4245 2556 4316 ήμῶν,
2601 4244 2690 4297 τὸν
2733 4245 2858 4298 Υἱὺν
2893 4246 2921 4297 6
2968 4246 3158 4316 Πατὴρ
3183 4244 3281 4298 ἕνα
3327 4243 3472 4315 ὑπὲρ
3525 4244 3766 4306 πάντων,

2175 4337 2298 4389 ἐπεὶ
2349 4337 2446 4390 καὶ
2512 4336 2692 4390 πάντα
2743 4337 2802 4390 ἐν
2855 4336 3006 4406 αύτῷ
3030 4377 3044 4402 ,
3079 4336 3175 4389 καὶ
3231 4335 3452 4390 πάντων
3505 4333 3769 4405 κρείττων

2175 4427 2361 4480 ἐστίν·
2411 4422 2494 4491 εἷς
2536 4426 2808 4482 ἀπέθανεν
2851 4428 2992 4498 ὑπὲρ
3050 4427 3306 4492 πάντων,
3334 4426 3422 4479 ἵνα
3461 4426 3513 4479 οί
3567 4425 3768 4488 πάντες

486 4511 542 4564 in
585 4511 727 4582 ipso,
773 4520 828 4568 et
873 4516 1133 4572 omnibus
1178 4517 1376 4573 melior
1437 4526 1542 4573 est.
1581 4518 1738 4574 Unus
1794 4533 1898 4589 pro
1953 4535 2072 4575 om-

2176 4517 2432 4588 ζήσωμεν
2471 4518 2529 4570 ἐν
2560 4516 2737 4588 αὐτῷ·
2757 4517 3044 4572 καταπιὼν
3068 4519 3178 4590 γὰρ
3205 4520 3234 4572 6
3255 4517 3484 4581 θάνατος
3516 4516 3608 4570 τὸν
3629 4516 3765 4586 ὑπὲρ

483 4603 649 4659 nibus
685 4613 937 4661 mortuus
989 4617 1096 4674 est,
1144 4616 1206 4662 ut
1262 4623 1456 4664 omnes
1508 4610 1760 4666 vivamus
1818 4612 1874 4666 in
1928 4613 2070 4681 ipso.

487 4693 629 4749 Cum
687 4697 837 4749 enim
887 4697 1136 4752 occisum
1195 4713 1300 4768 pro
1352 4700 1610 4756 omnibus
1655 4699 1874 4771 Agnum
1921 4716 2074 4756 mors

481 4786 863 4854 absorpserit,
926 4788 1090 4843 simul
1153 4779 1320 4844 etiam
1371 4791 1428 4846 in
1483 4793 1604 4863 ipso
1657 4799 1713 4849 et
1766 4807 1893 4847 cum
1949 4793 2072 4864 ipso

481 4882 717 4930 cunctos
761 4879 1029 4934 evomuit.
1065 4878 1268 4936 Omnes
1297 4882 1445 4936 enim
1488 4898 1709 4938 eramus
1758 4883 1815 4938 in
1848 4881 2073 4940 Christo

483 4965 579 5036 qni
615 4975 838 5035 propter
881 4985 983 5025 nos
1031 4979 1085 5025 et
1118 4987 1218 5042 pro
1258 4973 1419 5030 nobis
1459 4982 1710 5030 mortuus
1747 4982 1852 5041 est,
1903 4983 2074 5046 atque

485 5058 794 5114 resurrexit
840 5078 854 5114 :
903 5062 1109 5116 abolito
1154 5079 1284 5119 vero
1344 5074 1596 5136 peccato,
1654 5068 1752 5136 qui
1798 5067 1916 5123 ﬁeri
1972 5083 2074 5138 po-

485 5157 630 5209 terat
686 5158 747 5207 ut
797 5169 951 5212 mors
1017 5157 1224 5223 etiam,
1285 5174 1407 5228 qua:
1459 5174 1528 5214 ex
1587 5161 1708 5230 ipso
1759 5169 1880 5227 est,
1932 5177 2069 5233 pro-

486 5253 606 5314 pter
653 5245 834 5316 ipsum
866 5261 976 5300 non
1015 5246 1217 5302 abolita
1271 5248 1384 5303 sit?
1433 5247 1649 5303 Mortua
1685 5247 1874 5306 radice
1927 5266 2068 5322 quo-

488 5335 652 5390 modo
690 5351 916 5408 germen
973 5337 1326 5393 servabitur?
1378 5346 1598 5394 mortuo
1645 5347 1896 5411 peccato,
1948 5358 2071 5412 quae

487 5426 759 5482 moriendi
813 5427 976 5484 nobis
1019 5441 1193 5482 causa
1244 5428 1385 5483 erit?
1430 5427 1613 5494 Quare
1669 5429 1739 5485 de
1791 5430 2069 5488 occisione

487 5515 627 5585 Λειιί
653 5516 750 5575 Dei
780 5519 1014 5576 solemni
1043 5519 1416 5576 exsultatione
1445 5520 1699 5577 dicamus
1721 5539 1735 5577 :
1756 5539 1776 5573 ι
1819 5522 1925 5578 Ubi
1955 5529 2067 5588 est,

488 5622 660 5675 mors,
711 5612 943 5668 victoria
995 5614 1131 5685 tua?
1175 5613 1270 5669 ubi
1295 5614 1554 5672 stimulus
1573 5625 1725 5682 tuus,
1765 5614 2018 5672 inferne?
2046 5635 2065 5667 ι

2180 4608 2400 4661 πάντων
2441 4607 2656 4678 Ἀμνὺν,
2691 4609 2898 4673 πάντας
2953 4608 3220 4680 ἐξήμεσεν
3263 4610 3320 4661 ἐν
3368 4607 3520 4679 αὐτῷ
3567 4624 3627 4661 τε
3673 4607 3769 4660 καὶ

2181 4701 2278 4754 σὺν
2304 4698 2473 4770 αὐτῷ.
2514 4701 2577 4753 Ol
2626 4700 2735 4771 γὰρ
2769 4701 2971 4765 πάντες
3003 4696 3147 4771 ἦμεν
3176 4703 3235 4754 ἐν
3277 4700 3357 4770 τῷ
3397 4700 3464 4752 δι’
3493 4701 3640 4769 ἡμᾶς
3675 4698 3770 4752 καὶ

2179 4787 2322 4858 ὑπὲρ
2345 4787 2504 4857 ἡμῶν
2531 4789 2854 4843 ἀποθανόντι
2871 4830 2888 4855 ,
2919 4791 3015 4843 καὶ
3041 4789 3321 4862 ἐγερθέντι
3347 4788 3572 4860 Χριστῷ
3593 4807 3606 4820 ·
3636 4805 3770 4842 κατ-

2178 4878 2525 4949 αργουμένης
2570 4878 2628 4932 δὲ
2677 4881 2777 4951 τῆς
2824 4880 3098 4951 ἁμαρτίας
3124 4922 3140 4946 ,
3193 4879 3312 4944 πῶς
3363 4880 3640 4950 ἐνεδέχετο
3692 4879 3768 4950 μὴ

2177 4970 2300 5041 οὐχὶ
2324 4969 2544 5032 πάντως
2560 4969 2654 5024 καὶ
2673 4976 2766 5024 τὸν
2782 4972 2841 5037 ἐξ
2861 4973 3031 5042 αὐτῆς
3052 4972 3120 5025 δι’
3140 4971 3311 5041 αὐτὴν
3349 4971 3769 5043 καταργηθῆναι

2178 5062 2443 5128 θάνατον;
2492 5062 2896 5135 Ἀποθανούσης
2923 5064 3023 5134 τῆς
3054 5064 3231 5136 ῥίζης,
3265 5063 3385 5127 πῶς
3414 5063 3481 5117 ἂν
3531 5063 3614 5116 ἔτι
3653 5063 3768 5117 λοι-

2176 5153 2335 5209 πὸνό
2385 5151 2446 5220 ἐξ
2476 5154 2648 5224 αὐτῆς
2696 5154 2876 5226 ἐσώθη
2931 5154 3160 5224 βλαστός
3186 5170 3201 5219 ;
3230 5152 3332 5207 Διά
3377 5153 3538 5206 ποίαν
3585 5153 3768 5206 αἰτίαν

2176 5241 2476 5313 ἐμέλλομεν
2490 5242 2859 5313 ἀποθνήσκειν
2888 5241 3102 5313 ἔτι,τῆς
3128 5241 3405 5314 ἁμαρτίας
3436 5241 3768 5313 ἀναιρουμέ-

2176 5350 2312 5404 νης;
2359 5333 2567 5387 Οὐκοῦν
2619 5331 2970 5403 ἑορτάζοντες
3027 5333 3277 5403 λέγωμεν
3315 5333 3409 5386 ἐπὶ
3455 5334 3522 5403 τῇ
3580 5333 3766 5402 σφαγῇ

2174 5426 2268 5481 τοῦ
2305 5426 2504 5500 ’Δμνοῦ
2523 5425 2619 5481 τοῦ
2648 5426 2786 5480 Θεοῦ
2811 5443 2825 5457 ·
2855 5426 3004 5481 ιΠοῦ.
3031 5429 3064 5496 ἡ
3089 5428 3214 5497 νίκη
3258 5443 3377 5490 σου,
3407 5425 3637 5493 θάνατε;
3663 5424 3769 5478 ποῦ

2176 5522 2239 5576 τὸ
2274 5522 2498 5593 κέντρον
2529 5539 2646 5586 σου,
2701 5521 2841 5592 ᾆδη;
2877 5552 2948 5561 -
2992 5522 3149 5577 Πᾶσα
3188 5519 3299 5592 γὰρ
3325 5520 3550 5590 ἀνομία,
3574 5536 3593 5569 ι
3635 5517 3770 5572 καθ-

2179 5615 2325 5683 άπερ
2382 5614 2488 5684 ἔφη
2536 5631 2641 5668 που
2697 5612 2918 5682 ψάλλων
2945 5615 2975 5667 ὁ
3015 5613 3290 5684 Μελῳδὸς,
3327 5630 3348 5664 ι
3382 5609 3658 5682 ἐμφράξαι
3707 5606 3770 5661 τὸ

559 5760 578 5789 τ
609 5759 798 5818 Matth.
839 5780 914 5829 ιι,
945 5765 998 5819 9.
1075 5767 1096 5799 ⁸
1126 5767 1233 5824 lsa.
1269 5783 1388 5838 Lm,
1423 5770 1475 5824 7.
1560 5771 1578 5802 θ
1611 5768 1776 5828 lCor.
1813 5785 1904 5838 xv,
1937 5771 1969 5826 '5
2002 5785 2158 5841 seqq.
2239 5769 2279 5801 ’°
2316 5767 2450 5824 Gen.
2489 5783 2574 5836 ιιι,
2622 5765 2707 5823 l9.
2789 5766 2828 5798 “
2863 5765 2906 5821 ll
2935 5768 3060 5824 Cor.
3096 5781 3147 5832 v,
3201 5765 3286 5833 ii,
3325 5765 3409 5821 l5.
