4090 6266
302 351 406 409 193

1343 348 1411 404 IN
1451 349 1740 406 JOANNIS
1781 351 2237 412 EVANCELIUM
2277 352 2404 408 LIB.
2440 352 2502 406 Π.

3449 355 3555 414 194

301 464 480 535 στόμα
504 465 698 535 αὐτῆς,
735 481 754 514 ι
799 463 980 518 οὐκέτι
1013 467 1334 534 κατηγορεῖν
1359 465 1466 518 τῶν
1502 466 1560 532 ἐξ
1588 467 1875 532 ἀσθενείας

1982 488 2000 520 ι
2046 470 2239 525 Omnis
2287 469 2434 525 enim
2492 466 2878 538 iniquitas“,i
2918 476 2978 521 ut
3019 467 3226 523 alicubi
3264 467 3560 527 Psalmista

300 557 707 626 ἡμαρτηκότων
749 556 1023 626 ἰσχύουσα.
1059 576 1077 608 ι
1118 557 1248 620 Θεὸς
1275 557 1383 628 γὰρ
1409 560 1438 610 ό
1472 557 1717 612 δικαιῶν·
1753 559 1882 628 Χρι-

259 667 273 720 ς
300 644 422 705 στδς
442 645 598 714 ἡμᾶς
625 645 957 715 ἐξηγόρασεν
983 647 1047 698 ἐκ
1073 647 1172 716 τῆς
1193 647 1434 716 κατάρας
1455 645 1547 698 τοῦ
1572 647 1759 716 νόμου,
1783 663 1880 714 γε·

299 735 526 804 νόμενος
567 737 704 805 ὑπὲρ
749 736 903 806 ἡμῶν
931 739 1177 809 κατάρα,
1205 738 1292 792 ἵνα
1324 739 1484 808 ἡμεῖς
1515 737 1614 808 τὴν
1658 738 1717 802 ἐξ
1753 739 1879 790 ἀνο-

302 825 431 896 μίας
465 829 602 898 ἀρὰν
627 826 996 897 διαφύγωμεν.
1036 847 1055 880 ι

379 998 566 1068 Οὗτός
599 1003 730 1056 ἐστι
765 1005 897 1071 περὶ
926 999 996 1060 οὗ
1021 1001 1195 1060 εἶπον
1219 1024 1232 1038 ο
1251 1008 1476 1061 Ὀπίσω
1494 1025 1614 1078 μου
1643 1009 1879 1077 ἔρχεται

302 1092 542 1160 arma,
557 1093 897 1162 ἔμπροσθέν
904 1113 1022 1163 μου
1040 1097 1397 1167 τέγυνενβτι
1409 1101 1636 1168 πρῶτός
1645 1118 1766 1168 μου
1776 1097 1874 1171 ἦν.

369 1185 464 1248 Εἰς
501 1185 806 1258 ὑπόμνησιν
852 1187 978 1255 -άγει
1029 1189 1138 1242 τῶν
1194 1190 1254 1254 ἐξ
1301 1192 1465 1245 αὐτοῦ
1520 1192 1694 1261 λόγων
1753 1194 1879 1257 τοὺς

299 1276 705 1348 ἀκροωμένους,
736 1281 833 1331 καὶ
879 1279 941 1332 τὸ
988 1282 1173 1349 μεῖζον
1204 1285 1260 1335 ἐν
1288 1283 1415 1354 δόξῃ
1449 1288 1774 1355 παραχωρεῖ
1801 1285 1879 1356 τῷ

299 1367 542 1439 Χριστῷ,
564 1369 664 1420 οὐκ
689 1370 934 1440 ἀγάπης,
954 1370 1211 1442 ἀληθείας
1233 1373 1288 1426 δὲ
1313 1374 1515 1445 μᾶλλον
1546 1375 1581 1445 ἢ
1606 1375 1702 1427 καὶ
1725 1376 1884 1443 ἀνάγ-

301 1476 403 1528 κης
452 1459 612 1529 ἔργον
667 1460 999 1531 ἀποπληρῶν
1031 1478 1043 1490 ·
1077 1463 1424 1517 ὑποκείσεται
1468 1466 1577 1536 γὰρ
1601 1505 1616 1529 ,
1647 1465 1750 1518 κᾶν
1805 1466 1881 1536 μὴ

304 1550 582 1620 βούληται,
605 1551 683 1620 τῷ
715 1553 908 1622 ποιητῇ
935 1553 996 1605 τὸ
1021 1554 1249 1624 ποίημα,
1277 1553 1354 1624 τῷ
1391 1555 1624 1628 δεσπότῃ
1656 1557 1717 1609 τὸ
1757 1557 1880 1610 δοῦ-

304 1639 416 1701 λον.
463 1641 541 1710 τῷ
595 1643 813 1713 χορηγῷ
871 1644 932 1696 τὸ
978 1649 1400 1716 χορηγούμενον.
1455 1650 1612 1702 Κατὰ
1658 1649 1778 1701 τίνα
1821 1649 1878 1703 δὲ

1985 559 2211 624 cecinit,
2252 577 2271 610 ι
2316 557 2582 628 oppilabit
2615 571 2678 612 os
2705 571 2868 611 suum
2899 557 2963 622 ",
2993 575 3013 608 ι
3047 573 3149 612 nec
3197 560 3399 628 poterit
3443 575 3560 614 am-

1987 649 2134 717 plius
2171 663 2442 702 accusare
2476 662 2586 717 prta
2625 647 2966 702 intlrmitate-
2989 657 3312 718 peccantes.
3357 669 3376 702 ι
3415 649 3562 708 Deus

1985 739 2130 792 enim
2171 746 2256 792 est
2283 738 2377 806 qui
2423 736 2698 804 justiﬁcat
2731 737 2776 768 “
2811 755 2824 790 :
2864 755 2882 787 ι
2904 764 2972 776 -
2995 756 3012 788 ι
3047 737 3301 794 Christus
3333 756 3436 796 nos
3471 756 3562 796 re-

1980 827 2148 884 demit
2169 829 2238 885 de
2261 827 2555 883 maledicto
2585 829 2742 899 legis,
2759 828 2942 884 factus
2965 843 3063 899 pro
3085 829 3242 899 115
3268 832 3424 884 nobis
3445 846 3564 886 ma-

1978 920 2243 975 ledictum
2280 928 2338 974 ut
2364 919 2804 974 maledictionem
2827 919 3036 988 peccati
3059 935 3158 974 nos
3180 919 3555 990 fugiamus“.i

2055 1009 2098 1075 Ι,
2141 1011 2231 1066 50.
2278 1011 2380 1064 Hic
2419 1011 2596 1064 estde
2643 1026 2746 1080 quo
2787 1010 2902 1062 dixi
2930 1025 2948 1062 :
2979 1009 3109 1063 Post
3161 1025 3242 1064 me
3286 1012 3424 1064 venit
3462 1015 3560 1078 vir,

1986 1101 2074 1170 qui
2104 1111 2226 1156 ante
2255 1118 2336 1155 me
2365 1102 2538 1169 [actus
2564 1112 2641 1155 est
2670 1116 2690 1154 :
2716 1103 2842 1172 quia
2877 1102 3025 1170 prior
3049 1117 3130 1154 me
3167 1111 3303 1155 erat.

2061 1193 2357 1248 Auditores
2373 1193 2440 1246 ad
2461 1193 2786 1248 memoriam
2807 1199 3026 1248 revocat
3053 1208 3245 1248 eorum
3267 1209 3387 1263 qua:
3409 1194 3564 1264 prius

1987 1281 2133 1336 dicta
2176 1291 2327 1348 sunt,
2369 1291 2426 1337 et
2464 1284 2704 1353 palmam
2747 1284 2935 1352 gloriae
2969 1285 3196 1338 Christo
3243 1285 3412 1348 cedit,
3449 1299 3560 1339 non

1987 1374 2170 1427 studio
2197 1382 2290 1427 aut
2340 1373 2541 1429 aﬂectu
2594 1375 2731 1438 ullo,
2758 1375 2852 1429 sed
2899 1377 3129 1429 veritate
3159 1375 3344 1443 potius
3375 1386 3430 1430 et
3462 1391 3562 1432 ne-

1985 1465 2250 1519 cessitate
2278 1464 2330 1518 id
2361 1464 2597 1522 faciens.
2630 1464 2939 1535 Suhjicitur
2967 1468 3138 1530 enim,
3168 1467 3254 1522 vel
3299 1469 3422 1537 ipso
3459 1483 3564 1522 no-

1984 1554 2152 1619 lente,
2185 1570 2326 1624 opus
2363 1556 2582 1621 factori,
2623 1557 2848 1612 domino
2879 1573 3097 1622 servus,
3145 1559 3394 1630 largitori
3438 1576 3553 1615 mu-

1985 1662 2110 1702 nus.
2155 1646 2407 1712 Quonam
2441 1664 2569 1703 vero
2623 1649 2787 1703 modo
2841 1652 3113 1719 posterior
3155 1659 3303 1706 esset
3349 1650 3561 1707 Joanne

307 1733 509 1802 τρόπον
546 1735 720 1786 όπίσω
761 1735 857 1804 μὲν
887 1731 954 1805 ἦν
993 1737 1238 1790 Ἰωάννου
1276 1739 1542 1808 Χριστὸς,
1574 1740 1877 1810 ἔμπροσθεν

1979 1737 2261 1802 Christus,
2301 1747 2355 1793 et
2389 1750 2517 1794 ante
2572 1739 2752 1794 factus
2806 1742 2880 1795 sit
2925 1743 3188 1810 quoniam
3224 1743 3378 1811 prior
3418 1752 3558 1810 erat,

307 1823 364 1876 δὲ
390 1823 632 1890 γέγονεν,
658 1825 740 1878 ἔτι
757 1825 967 1896 πρῶτος
985 1821 1074 1897 ἦν,
1098 1828 1172 1891 ὼς
1193 1829 1352 1892 αὐτὸς
1379 1831 1650 1900 ὁμολογεῖ,
1667 1831 1754 1884 διὰ
1772 1829 1880 1884 τῶν

309 1913 694 1984 προλαϐόντων
733 1916 1041 1986 ἀρκούντως
1061 1918 1387 1988 εἰρήκαμεν.

381 2005 554 2073 Κάγὼ
585 2008 695 2059 οὐκ
728 2007 897 2075 ᾔδειν
921 2008 1127 2073 αὑτὸν,
1161 2010 1298 2062 ἀλλ’
1322 2011 1421 2062 ἵνα
1463 2012 1775 2081 φανερωθῇ
1802 2012 1880 2076 τῷ

317 2095 586 2163 Ἰσραὴλ,
613 2096 709 2148 διὰ
725 2096 900 2151 τοῦτο
926 2093 1117 2166 ἦλθον
1143 2099 1258 2168 ἐγὼ
1271 2100 1576 2163 βαπτίζων
1593 2104 1662 2156 ἐν
1685 2103 1874 2160 ὕδατι.

385 2187 444 2237 'U
472 2189 530 2239 ἐν
574 2189 639 2256 τῇ
677 2187 855 2258 κοιλίᾳ
885 2187 983 2258 τῆς
1028 2188 1166 2251 ιδίας
1208 2190 1614 2262 ἀνασκιρτήσας
1647 2194 1875 2264 μητρὸς,

301 2277 380 2330 ἔτι
407 2280 504 2348 τῆς
537 2278 698 2345 ἁγίας
733 2278 1010 2348 Παρθένου
1059 2283 1429 2351 κυοφορούσης
1456 2283 1546 2334 τὸν
1590 2282 1813 2354 Κύριον,
1847 2287 1876 2336 ό

301 2370 406 2440 πρὸ
446 2371 544 2439 τῆς
594 2370 777 2433 ὠδῖνος
820 2372 1136 2442 προφήτης,
1167 2375 1195 2424 ό
1226 2374 1284 2424 ὲν
1325 2373 1550 2444 ἐμϐρύῳ
1605 2374 1874 2445 μαθητὴς,

308 2461 448 2516 «Οὐκ
481 2461 628 2531 ᾔδειν
658 2461 870 2523 αὐτὸν,ι
895 2462 1134 2531 περὶτοῦ
1156 2462 1406 2532 Σωτῆρός
1422 2480 1606 2535 φησιν’
1624 2465 1878 2534 ἀληοέυει

299 2552 356 2604 δὲ
379 2551 572 2619 λέγων’
611 2553 670 2604 οὐ
703 2552 811 2622 γὰρ
856 2553 1105 2620 ψεύδεται
1143 2570 1156 2583 ·
1181 2554 1357 2607 πάντα
1390 2557 1484 2625 μὲν
1507 2555 1614 2626 γὰρ
1639 2550 1778 2608 οἶδεν
1816 2556 1876 2623 ἐξ

301 2641 466 2695 αὐτοῦ
521 2643 611 2694 καὶ
661 2642 961 2706 ἀδιδάκτως
1007 2643 1173 2707 Θεὸς,
1211 2644 1474 2709 διδακτῶς
1507 2646 1564 2699 δὲ
1595 2649 1628 2718 ή
1661 2646 1836 2710 κτίσις
1857 2662 1873 2678 ⁸

300 2731 540 2784 ἐνοικοῦν
569 2733 624 2784 δὲ
651 2735 761 2797 τοῖς
792 2734 968 2801 ἁγίοις
989 2734 1051 2787 τὸ
1076 2735 1317 2805 Πνεῦμα,
1341 2737 1402 2791 τὸ
1425 2737 1602 2790 ἐνδέον
1635 2739 1878 2810 ἀναπλη-

301 2826 404 2894 ροῖ,
436 2824 530 2876 καὶ
565 2824 624 2877 τὸ
648 2825 774 2878 [διον
821 2826 1022 2894 ἀγαθὸν
1049 2830 1114 2897 τῇ
1146 2827 1433 2898 ἀνθρώπου
1461 2829 1619 2897 φύσει
1657 2829 1876 2900 χαρίζε-

299 2932 406 2979 ται,
426 2915 485 2967 τὸ
505 2915 723 2981 εἰδέναι,
751 2917 914 2987 φημὶ,
937 2917 1005 2971 τὰ
1033 2917 1284 2988 ἐσόμενα,
1314 2920 1406 2972 καὶ
1429 2919 1537 2972 τῶν
1558 2919 1876 2990 κεκρυμμέ-

301 3020 407 3054 νων
432 3005 743 3076 μυστηρίων
768 3007 867 3076 τὴν
888 3006 1106 3074 γνῶσιν.
1134 3008 1340 3061 Οὐκοῦν
1369 3009 1444 3078 μὴ
1475 3010 1674 3063 εἰδέναι
1701 3010 1876 3079 λέγων

300 3094 392 3148 τὸν
446 3094 652 3166 Κύριον
680 3096 711 3147 ὀ
739 3097 1003 3168 μακάριος
1041 3098 1372 3170 Βαπτιστὴς,
1397 3100 1743 3168 διαψεύσεται
1777 3101 1877 3170 μὲν
1903 3079 1946 3136 C

300 3187 574 3257 οὐδαμῶς,
599 3189 741 3242 κατά
759 3205 822 3256 γε
853 3189 910 3242 τὸ
936 3189 1035 3258 τῆς
1063 3189 1477 3261 ἀνθρωπότητος
1515 3191 1664 3253 ἴδιον,
1697 3193 1792 3244 xui.
1818 3192 1880 3244 τὸ

303 3283 518 3352 πρέπον
547 3283 612 3351 τῇ
634 3280 808 3332 κτίσει
826 3285 1019 3350 μέτρον
1043 3297 1054 3310 ·
1091 3280 1352 3351 ἀναθήσει
1375 3280 1431 3334 δὲ
1447 3281 1593 3353 μόνῳ
1613 3282 1674 3334 τὸ
1702 3283 1880 3336 πάντα

302 3373 501 3426 εἰδέναι
525 3371 599 3442 τῷ
643 3371 876 3444 Θεῷ,τῷ
903 3373 992 3426 διὰ
1031 3375 1345 3444 Πνεύματος
1396 3374 1551 3441 ἁγίου
1602 3376 1737 3444 πρὸς
1778 3374 1878 3446 τὴν

298 3463 411 3517 τῶν
456 3464 848 3536 κεκρυμμένων
879 3463 1178 3536 κατάληψιν
1215 3466 1638 3534 φωταγωγοῦντι
1661 3467 1752 3519 τὸν
1782 3467 1877 3520 ἄν·

298 3556 540 3628 Θρωπονο
569 3557 851 3628 χρησίμως
877 3558 934 3611 δὲ
979 3558 1119 3621 λίαν,
1147 3559 1246 3610 οὐκ
1266 3558 1463 3611 ειδέναι
1497 3561 1594 3629 μέν
1618 3577 1782 3631 φησιν
1809 3559 1869 3624 ἐξ

296 3647 490 3701 ἑαυτοῦ
519 3648 606 3701 τὸν
633 3649 890 3720 Χριστὸν,
913 3648 1226 3719 ἐληλυθέναι
1254 3665 1317 3716 γε
1337 3648 1443 3720 μὴν
1474 3649 1562 3704 διὰ
1593 3650 1750 3704 τοῦτο
1775 3669 1875 3704 κυ-

295 3740 452 3810 ρίως,
476 3740 560 3794 ἵνα
601 3741 833 3812 φανερὸν
861 3741 1025 3794 αὐτὸν
1064 3743 1378 3813 καταστήσῃ
1407 3743 1485 3814 τῷ
1526 3743 1762 3814 Ἰσραὴλ,
1789 3743 1878 3796 ἵνα

295 3833 369 3903 μὴ
405 3831 707 3902 αὐτόμολος
734 3833 828 3886 ἐπὶ
872 3833 973 3902 τὴν
1004 3835 1312 3906 μαρτυρίαν
1335 3835 1591 3906 φαίνηται
1627 3835 1872 3908 δραμὼν,

293 3924 427 3994 μηδέ
463 3923 611 3976 ἰδίων
641 3923 963 3995 θελημάτων
1009 3925 1288 3997 ὑπηρέτης
1319 3927 1506 3997 νοῆται
1531 3928 1682 3999 παρά
1709 3945 1872 3994 τισιν,

287 4014 423 4067 ἀλλὰ
485 4013 634 4076 θείας
675 4014 775 4084 μὲν
817 4015 1128 4085 οἰκονομίας
1175 4016 1434 4089 ἐργάτης,
1471 4018 1662 4088 βουλῆς
1688 4018 1745 4072 δὲ
1777 4020 1878 4089 τῆς

289 4107 500 4160 ἄνωθεν
541 4105 832 4175 ὑπουργὸς,
863 4107 1352 4178 ἀποκαλυπτούσης
1381 4107 1530 4178 αὐτῷ
1558 4109 1650 4160 τὸν
1680 4108 1876 4178 Ἀμνὸν

290 4198 385 4248 τὸν
449 4195 678 4263 αἴροντα
729 4195 828 4264 τὴν
875 4197 1148 4266 ἁμαρτίαν
1192 4197 1286 4250 τοῦ
1315 4198 1542 4267 κόσμου.
1599 4198 1716 4250 Ἵνα
1765 4199 1878 4250 τοί-

291 4302 390 4338 νυν
416 4283 810 4354 εὐπετέστερον
838 4285 930 4337 ὲπὶ
967 4286 1030 4338 τὸ
1081 4288 1359 4340 πιστεύειν
1385 4287 1465 4357 τῷ
1497 4287 1708 4357 Σωτῆρι
1740 4288 1878 4360 Χρι·

1983 1838 2040 1882 ιιι
2069 1828 2186 1898 ipse
2216 1831 2522 1899 proﬁtetur,
2553 1829 2772 1885 abunde
2796 1845 2961 1900 supra
2990 1831 3251 1887 diximus.

2054 2007 2093 2072 l,
2123 2009 2213 2062 51.
2254 2006 2325 2060 Ει
2349 2025 2442 2078 ego
2473 2008 2764 2071 nesciebam
2790 2025 2928 2074 eum,
2964 2011 3055 2065 sed
3096 2019 3154 2064 ut
3188 2011 3561 2080 manifestatur

1979 2098 2034 2151 in
2065 2096 2260 2161 Israel,
2293 2109 2567 2165 propterea
2601 2100 2716 2153 veni
2735 2117 2826 2168 ego
2847 2101 2902 2153 in
2929 2116 3070 2170 aqua
3099 2102 3400 2168 baptizans.

2051 2187 2155 2252 Qui
2211 2196 2402 2242 sancta
2447 2186 2676 2257 Virgine
2727 2187 3017 2242 Dominum
3063 2189 3249 2244 adhuc
3302 2192 3358 2244 in
3399 2199 3560 2246 utero

1981 2287 2239 2349 gestante
2285 2279 2514 2334 exsiluit
2563 2279 2619 2332 in
2678 2287 2839 2333 utero
2894 2295 3010 2335 sua:
3051 2281 3270 2343 matris,
3306 2281 3397 2336 ille
3430 2291 3559 2336 ante

1980 2379 2195 2440 partum
2242 2371 2529 2440 propheta,
2565 2369 2659 2424 ille
2689 2370 2743 2424 in
2781 2378 2941 2426 utero
2983 2372 3179 2426 matris
3229 2371 3557 2442 discipulus,

1978 2460 2304 2517 Nesciebam
2340 2463 2544 2532 ipsum,
2579 2461 2765 2533 inquit
2799 2462 2869 2516 de
2911 2460 3217 2518 Salvatore.
3241 2464 3392 2529 Quod
3430 2479 3556 2519 cum

1980 2554 2054 2607 ait
2097 2568 2224 2608 vera
2255 2553 2522 2622 loquitur.
2565 2552 2710 2608 Deus
2753 2556 2957 2624 quippe
2989 2570 3134 2610 unus
3173 2556 3360 2609 omnia
3393 2572 3459 2611 ex
3494 2571 3558 2612 se

1979 2645 2154 2708 novit,
2187 2659 2217 2698 a
2257 2646 2410 2699 nullo
2432 2645 2685 2709 edoctus,
2740 2655 2997 2698 creatura
3025 2659 3157 2698 vero
3187 2645 3255 2699 ab
3289 2646 3398 2699 alio
3423 2662 3558 2701 eru-

1977 2737 2116 2791 dita.
2150 2736 2210 2789 In
2255 2737 2467 2790 sanctis
2501 2736 2649 2789 enim
2685 2736 3005 2790 inhabitans
3031 2735 3270 2805 Spiritus
3309 2737 3454 2807 quod
3500 2739 3557 2795 in

1979 2827 2071 2881 illa
2091 2826 2246 2881 deest
2263 2825 2615 2895 adimplet,et
2633 2827 2778 2896 quod
2797 2841 2958 2880 suum
2979 2835 3064 2880 est
3080 2836 3290 2882 natura:
3307 2829 3560 2883 humanm

1979 2919 2238 2989 largitur,
2272 2933 2458 2972 rerum
2501 2933 2699 2988 nempe
2736 2917 3053 2972 futurarum
3102 2929 3158 2972 et
3212 2921 3556 2978 occultorum

1979 3009 2375 3080 mysteriorum
2411 3007 2691 3064 notitiam.
2735 3007 2872 3063 Cum
2908 3022 3041 3077 ergo
3090 3022 3150 3064 se
3204 3009 3421 3064 nescire
3452 3008 3560 3063 Do-

1979 3100 2190 3154 minum
2219 3099 2298 3153 ait
2337 3099 2535 3154 beatus
2574 3098 2846 3168 Baptista,
2875 3113 2986 3152 non
3035 3099 3323 3161 mentitur,
3355 3099 3401 3152 si
3455 3097 3560 3152 hu-

1979 3189 2267 3243 manitatis
2294 3196 2350 3243 et
2392 3196 2664 3242 creaturae
2696 3189 2945 3243 conditio
2975 3197 3256 3258 spectetur
3284 3207 3298 3242 :
3329 3189 3426 3245 sed
3461 3191 3556 3244 uni

1977 3279 2091 3333 Deo
2119 3285 2322 3332 cuncta
2352 3292 2516 3332 nosse
2537 3278 2755 3341 tribuit,
2776 3278 2866 3347 qui
2886 3293 2984 3346 per
3003 3285 3254 3331 sanctum
3291 3280 3556 3348 Spiritum

1979 3370 2047 3424 ad
2081 3369 2627 3439 comprehensionem
2661 3383 2846 3424 rerum
2881 3367 3227 3422 occultarum
3276 3369 3556 3424 hominem

1976 3462 2340 3527 illuminat,et
2360 3461 2574 3515 utiliter
2609 3460 2766 3515 valde
2786 3458 3072 3530 proﬁtetur
3095 3476 3161 3515 ex
3183 3461 3367 3531 seipse
3391 3460 3557 3516 Chri-

1978 3561 2125 3607 stum
2167 3552 2406 3617 nescire,
2447 3566 2567 3606 eam
2601 3551 2673 3606 ob
2702 3566 2817 3607 rem
2849 3558 3031 3606 tamen
3062 3553 3281 3621 proprie
3311 3554 3553 3619 venisse,

1975 3656 2036 3700 ut
2079 3644 2270 3701 lsraeli
2315 3653 2506 3699 notum
2561 3644 2742 3715 ipsum
2782 3645 2948 3699 faciat
2986 3662 3000 3702 :
3033 3660 3104 3699 ne
3143 3647 3212 3700 ad
3260 3647 3555 3716 perhiben-

1976 3739 2104 3794 dum
2141 3737 2280 3792 illud
2335 3738 2710 3794 testimonium
2763 3753 2862 3793 sua
2894 3747 3099 3808 sponte.
3141 3739 3444 3795 incurrisse
3472 3742 3556 3794 vi-

1974 3828 2192 3894 deatur,
2230 3844 2410 3899 neque
2445 3828 2772 3900 cupiditatis
2805 3846 2920 3886 sua:
2949 3845 3150 3886 servus
3179 3839 3427 3901 putetur,
3455 3832 3552 3886 sed

1975 3921 2148 3976 divini
2207 3921 2428 3976 consilii
2508 3922 2694 3991 potius
2759 3929 3072 3982 exsecutor.
3133 3923 3555 3992 volu—ntatisque

1976 4027 2232 4083 supernae
2281 4013 2540 4068 minister
2575 4033 2594 4065 ι
2625 4014 2839 4083 Agnum
2891 4031 2909 4063 ι
2962 4014 3012 4066 ei
3046 4013 3362 4080 revelantis,
3398 4033 3417 4065 ‹
3457 4015 3552 4082 qui

1974 4106 2128 4159 tollit
2154 4112 2438 4174 peccatum
2473 4104 2662 4158 mundi
2691 4105 2755 4157 “.
2797 4123 2814 4155 ι
2852 4101 2920 4156 Ut
2942 4117 3073 4173 ergo
3105 4101 3280 4156 Judaei
3311 4105 3552 4158 alacrius

1974 4195 2198 4251 Christo
2235 4192 2508 4250 Salvatori
2546 4195 2858 4256 crederent,
2885 4203 2938 4247 et
2968 4193 3451 4260 praeclarissimam
3483 4194 3554 4248 de

1977 4303 2044 4342 eo
2086 4288 2556 4343 existimationem
2601 4287 2886 4350 haberent,
2947 4285 3022 4336 ait
3055 4284 3234 4353 ipsum
3281 4298 3341 4338 se
3379 4300 3554 4352 agno.

294 4375 409 4446 στῷ
461 4374 727 4444 βαδίζοιεν
781 4376 1022 4430 Ἰουδαῖοι
1046 4418 1060 4444 ,
1089 4380 1183 4432 καὶ
1230 4379 1660 4450 ἀξιολογωτάτην
1706 4379 1872 4451 ἔχωσι

1978 4396 2130 4435 scere
2169 4396 2332 4450 quem
2366 4395 2476 4434 non
2512 4388 2762 4438 noverat,
2793 4385 2855 4431 ut
2899 4377 3210 4444 intelligant
3256 4375 3479 4429 demum
3517 4391 3551 4430 α

292 4470 424 4538 περὶ
451 4468 618 4520 αὐτοῦ
652 4469 748 4540 τὴν
777 4469 1045 4540 διάληψιν,
1081 4474 1374 4540 ἐγνωκέναι
1402 4473 1565 4542 φησιν
1589 4473 1876 4538 αὐτὸν,οὐκ

291 4560 474 4623 είδὼςο
502 4560 591 4613 ἵνα
635 4559 822 4617 λοιπὸν
869 4563 1090 4617 ἐννοῶσι
1137 4565 1228 4617 τὸν
1265 4566 1692 4635 άποκαλύψαντα
1721 4565 1872 4629 Θεὸν,

290 4650 474 4706 καὶτὸ
495 4650 703 4704 ἄνωθεν
731 4653 1211 4725 ἀποναρκήσαντες
1243 4659 1436 4726 κρῖμα,
1468 4654 1872 4727 παραδέξωνται

289 4743 472 4797 τοίνυν
498 4742 592 4796 τὸν
623 4742 778 4812 λόγον
806 4745 991 4808 αὐτοῦ,
1016 4746 1111 4799 κα)⁵
1134 4745 1224 4799 τὸν
1247 4746 1461 4817 οἰκέτην
1490 4746 1720 4818 ὁρῶντες
1743 4747 1870 4800 δντα

289 4834 568 4897 τοσοῦτον,
602 4836 880 4905 ἀναλόγως
911 4837 970 4890 τὸ
999 4837 1091 4890 τοῦ
1143 4819 1464 4908 κρατοῦντος
1489 4838 1868 4910 ἀναμετρῶσιν

286 4927 525 4997 ἀξίωμα.
564 4927 783 5000 Τὸνγὰρ
814 4929 1133 5000 ἐληλυθέναι
1165 4929 1364 4998 λέγειν,
1393 4933 1478 4984 ἵνα
1517 4931 1745 5003 φανερὸν
1768 4933 1865 4984 αὐ-

1983 4472 2094 4527 Deo
2123 4471 2450 4535 revelatum,
2488 4477 2542 4524 et
2577 4467 2814 4538 pristino
2847 4465 3014 4520 animi
3043 4475 3270 4535 stupore
3289 4481 3548 4530 excusso,

1979 4563 2102 4631 ejus
2136 4561 2298 4630 116
2329 4573 2642 4614 sermonem
2686 4556 2997 4618 admittant,
3029 4563 3082 4609 et
3114 4564 3324 4609 tantum
3367 4553 3548 4609 famu-

1978 4652 2091 4706 lum
2119 4659 2432 4713 cernentes,
2461 4649 2816 4718 proportione
2853 4646 3092 4716 quadam
3124 4645 3340 4700 Domini
3366 4645 3552 4715 digni-

1975 4752 2144 4800 tatein
2186 4745 2482 4798 aestiment.
2519 4740 2678 4807 Quod
2715 4741 2862 4794 enim
2905 4739 2984 4792 ait
3014 4738 3232 4793 venisse
3277 4746 3334 4792 ut
3368 4738 3546 4792 mani-

1978 4836 2182 4891 festum
2208 4850 2334 4889 eum
2376 4833 2541 4888 faciat
2585 4831 2794 4895 lsraeli,
2830 4829 3098 4900 numquid
3127 4829 3361 4885 ofﬁcium
3401 4830 3547 4886 servi

1976 4927 2235 4983 denotat?

283 5020 376 5073 τὸν
397 5017 477 5088 τῷ
515 5018 730 5091 Ἰσραὴλ
751 5022 1090 5092 καταστήσῃ,
1116 5021 1232 5085 πῶς
1260 5022 1320 5074 οὐ
1346 5023 1557 5084 πάντως
1584 5025 1685 5095 τὴν
1702 5023 1886 5093 οἰκέτῃ
1927 5021 2241 5091 πρέπουσαν
2262 5017 2558 5088 θεραπείαν
2593 5016 2841 5089 σημαίνει
2863 5035 2878 5082 ;

890 5112 1138 5169 ΚΕΦΔΛ.
1169 5114 1246 5165 A'.

283 5198 418 5270 Ὀτι
442 5197 517 5270 οὐ
545 5199 694 5251 κατὰ
713 5199 995 5270 μετοχὴν,
1008 5201 1148 5255 οὐδὲ
1171 5202 1252 5268 ὼς
1270 5203 1532 5257 ἐπακτὸν
1555 5202 1623 5256 ἐν
1643 5201 1721 5270 τῷ
1756 5203 1866 5269 Υιῷ

352 5267 426 5319 τῦ
471 5266 648 5340 ᾄγιον
700 5266 1184 5340 Πνεῦμάςὲστιν,
1227 5266 1366 5327 αλλ’
1393 5266 1734 5340 οὺσιωδῶξ,
1767 5266 1867 5327 καὶ

355 5336 511 5390 κατὰ
563 5337 756 5405 φύσιν
784 5337 1102 5406 ἐνυπάρχει
1150 5343 1326 5407 αὐτῷ.

357 5431 466 5487 Καὶ
521 5429 938 5497 ἐμαρτύρησεν
977 5430 1256 5500 Ἰωάννης
1291 5433 1500 5503 λέγων’
1526 5435 1654 5488 Ὅτι
1677 5435 1870 5488 τεθέα-

284 5537 385 5590 μαι
431 5520 498 5574 τὸ
543 5519 788 5589 Πνεῦμα
815 5519 1194 5584 καταϐαῖνον,
1220 5523 1362 5575 ὡσεί
1393 5525 1761 5592 περιστερὰν,
1798 5525 1867 5589 ἐξ

287 5611 569 5679 οὐρανοῦ,
596 5611 694 5665 καὶ
743 5611 980 5680 ἔμεινεν
1008 5611 1099 5665 ἐπ’
1129 5613 1332 5668 αὐτόν·
1370 5614 1532 5686 κάγὼ
1556 5618 1665 5670 οὐκ
1699 5617 1868 5687 ᾔδειν

2639 5107 2788 5162 CAP.
2835 5106 2876 5162 l.

1974 5200 2124 5265 Quod
2151 5216 2255 5253 non
2285 5215 2374 5264 per
2389 5201 2869 5267 participationem,
2904 5215 3064 5268 neque
3089 5209 3145 5252 ut
3175 5202 3434 5257 ascititius
3465 5209 3542 5253 est

2042 5272 2095 5322 in
2134 5268 2277 5323 Filio
2305 5281 2521 5323 sanctus
2538 5271 2800 5338 "Spiritus,
2837 5269 2928 5322 sed
2975 5270 3022 5322 ei
3054 5268 3474 5324 substantialiter
3493 5276 3544 5320 et

2044 5340 2326 5393 secundum
2359 5351 2602 5392 naturam
2635 5340 2790 5393 inest.

2048 5429 2089 5491 Ι,
2131 5428 2322 5483 52-55.
2365 5428 2433 5481 Ει
2472 5429 2830 5483 testimonium
2879 5429 3140 5495 perhibuit
3177 5427 3429 5484 Joannes,
3458 5424 3541 5475 di-

1973 5521 2298 5587 cens:Quia
2345 5520 2452 5575 nidi
2501 5521 2755 5590 Spiritum
2787 5519 3215 5578 descendentem,
3261 5514 3418 5595 [quasi
3461 5532 3544 5568 co-

1970 5611 2225 5679 lumbam,
2259 5611 2322 5665 de
2374 5611 2536 5679 caelo,
2583 5623 2632 5666 et
2693 5610 2887 5664 mansit
2948 5623 3102 5674 super
3133 5623 3248 5659 eum
3291 5619 3308 5656 :
3350 5611 3399 5655 et
3451 5619 3546 5673 ego

364 5778 403 5808 ι’
447 5776 467 5830 l
517 5776 648 5833 Cor.
700 5795 788 5847 κν,
837 5780 923 5836 55.
961 5782 1051 5862 ,λδ
1081 5781 1354 5854 Psal.cvl,
1387 5786 1475 5842 42.
1554 5789 1596 5821 ’⁸
1655 5787 1813 5846 Rom.
1846 5806 1877 5845 ι’

1997 5793 2086 5848 55.
2171 5793 2213 5826 ¹³
2248 5791 2422 5847 Galat.
2476 5806 2556 5859 ιιι,
2606 5792 2689 5845 15.
2769 5784 2991 5842 “Joan.
3042 5802 3082 5854 1,
3130 5787 3220 5842 29.
