4090 6266
299 325 410 380 ,197

1347 318 1413 374 ΙΝ
1450 317 1738 376 JOANNIS
1774 313 2224 375 ΕΝΑΝΟΕΠΠΜ
2254 315 2391 377 "LIB.
2428 319 2492 376 ll.
2561 343 2565 348 ·

3459 335 3565 393 1⁸98

307 438 430 493 κατ’
462 434 616 490 οὐδὲν
645 433 840 505 ἕτερος
889 433 1138 502 ἄγγελος,
1163 431 1306 488 κατά
1340 449 1406 502 γε
1457 433 1518 487 τὸ
1565 431 1706 489 εἶναι
1739 433 1879 487 τοῦθ’

1988 445 2054 488 eo
2107 433 2257 502 quod
2310 434 2560 502 ejusdem
2593 440 2724 490 sunt
2758 435 2984 506 speciei,
3021 435 3078 492 in
3104 450 3268 495 unam
3303 453 3560 504 naturam

305 527 460 598 ὃπερ⁹
499 527 636 581 εἰσὶν
674 525 910 593 ἄγγελοι,
955 523 1154 594 δηλαδὴ
1193 524 1281 576 διὰ
1311 524 1410 592 τῆς
1456 523 1591 595 πρὸς
1623 523 1884 594 ἀλλήλους

249 668 257 674 .
305 620 602 692 ὁμοειδίας,
644 619 724 680 εἰς
753 617 878 686 μίαν
905 617 1142 679 ἅπαντες
1191 616 1654 687 ἀναδεσμούμενοι
1697 617 1880 686 φύσιν.

305 712 432 774 Πῶς
461 709 526 762 ἂν
553 703 642 762 οὖν
663 711 695 778 ἡ
719 707 837 761 Θεία
857 708 947 759 καὶ
970 707 1221 761 ἁπάντων
1244 707 1681 778 ὑπερανίσχουσα
1696 707 1880 777 φύσις,

305 804 364 854 ὲν
397 801 642 854 ἐλάττοσι
685 798 792 851 τῶν
824 798 1065 866 γενητῶν
1111 801 1169 852 ἐν
1210 801 1322 860 τοῖς
1363 798 1484 851 καθ’
1513 799 1710 869 ἑαυτὴν
1741 800 1881 867 ἁγα-

307 894 418 955 Οοῖς
469 891 796 959 όςςθήσεται,
826 891 1088 958 ὑπομενεῖ
1127 889 1184 942 δὲ
1234 889 1436 954 πάθος,
1483 889 1511 942 ὃ
1545 889 1736 943 παθεῖν
1783 891 1883 944 οὐκ

303 984 502 1054 οἷδενή
548 982 751 1047 κτίσις;
783 981 907 1045 Πῶς
954 981 1010 1034 δὲ
1051 981 1188 1043 ὅλως
1246 981 1400 1033 ἔσται
1452 982 1550 1033 καὶ
1589 981 1736 1050 ἁπλῆ
1787 981 1882 1034 καὶ

304 1074 614 1137 ἀτύνθετος,
650 1072 807 1143 εἴπερ
839 1071 897 1124 ὃν
931 1075 988 1124 ὲν
1014 1072 1150 1141 αὐτῇ
1179 1073 1426 1139 φανεῖται
1461 1071 1520 1122 τὸ
1551 1070 1756 1123 τέλειον
1787 1073 1881 1123 καὶ

300 1165 360 1218 τὸ
413 1163 600 1228 ἀτελές
629 1182 644 1228 ;
673 1161 1026 1230 Συγκείσεται
1073 1163 1182 1232 γὰρ
1214 1162 1281 1215 δι’
1325 1161 1549 1230 ἀμφοῖν,
1575 1161 1732 1232 εἴπερ
1781 1163 1880 1231 οὐχ

301 1257 486 1327 ὅμοιον
533 1253 611 1324 τῷ
662 1253 850 1324 τελείῳ
903 1253 965 1306 τὸ
1013 1252 1224 1314 ἀτελές.
1272 1253 1333 1305 Εἰ
1385 1253 1483 1322 μὲν
1536 1252 1642 1321 γὰρ
1695 1252 1879 1321 ὅμοιόν

301 1350 438 1411 ἐστι,
472 1348 566 1400 καὶ
610 1345 671 1398 τὸ
713 1343 1028 1398 διαλλάττον
1071 1342 1224 1396 οὐδὲν
1251 1345 1308 1396 ὲν
1343 1344 1548 1407 αὐτοῖς,
1581 1343 1713 1408 πᾶν,
1742 1343 1880 1410 ὅπερ

300 1438 366 1493 ἂν
416 1441 502 1509 εἴη
546 1437 774 1501 τέλειον,
804 1436 1111 1508 ἀδιαφόρως
1143 1435 1295 1489 ἔσται
1325 1435 1417 1488 καὶ
1447 1435 1666 1497 ἀτελές·
1691 1434 1787 1487 καὶ
1830 1432 1885 1488 ei

299 1547 352 1582 τι
381 1531 545 1582 πάλιν
570 1529 780 1591 ἀτελὲς,
811 1527 971 1581 τοῦτο
1013 1529 1104 1582 καὶ
1126 1528 1350 1591 τέλειον,
1377 1529 1471 1580 καὶ
1503 1527 1654 1581 οὐδὲν
1679 1528 1736 1581 ὲν
1767 1519 1880 1596 Υἱῷ

300 1617 362 1670 τὸ
393 1616 776 1688 κατηγόρημα,
791 1614 891 1668 κᾶν
908 1619 1026 1681 ταῖς
1051 1618 1346 1688 ἡμετέραις
1374 1619 1637 1680 διανοίαις
1650 1617 1714 1670 τὸ
1728 1617 1881 1679 τέλος

304 1710 444 1779 ἔχων
482 1709 542 1760 οὐ
588 1709 844 1778 φαίνηται
877 1725 891 1739 ·
924 1709 1039 1763 ἀλλ’
1075 1710 1195 1762 οὐδὲ
1240 1712 1447 1773 amca
1479 1709 1665 1781 Πατὴρ
1710 1711 1880 1779 ὑπερ-

1989 524 2286 593 colligatis.
2317 526 2606 590 Quomodo
2651 542 2783 597 ergo
2832 527 3020 582 divina
3074 537 3130 584 et
3172 535 3416 589 omnium
3464 554 3560 593 su-

1988 629 2174 682 prema
2239 616 2331 668 illa
2391 627 2612 682 natura,
2659 620 2840 673 minor
2891 621 2947 674 in
3011 637 3071 677 se
3123 638 3245 680 esse
3285 626 3574 688 videbitur.

1985 719 2148 773 quam
2192 715 2470 772 creatura,
2500 711 2660 778 eique
2690 711 2974 782 continget
3001 715 3146 783 quod
3197 732 3266 771 ne
3295 717 3350 771 in
3385 718 3561 787 ipsam

1985 797 2208 867 quidem
2254 809 2565 855 creaturam
2621 803 2822 859 cadere
2865 807 3072 875 possit?
3115 809 3223 862 Aut
3259 813 3558 878 quomodo,

1990 905 2202 959 quaeso,
2225 891 2332 945 erit
2362 892 2589 962 simplex
2625 904 2678 949 et
2707 895 3094 966 incomposita,
3115 899 3161 952 si
3205 899 3260 953 in
3287 915 3348 954 ea
3378 902 3564 956 videa-

1983 997 2108 1038 mus
2160 998 2284 1038 esse
2339 984 2728 1054 perfectionem
2786 999 2840 1042 et
2908 989 3416 1059 imperfectionem?
3479 991 3560 1047 Ex

1983 1081 2216 1143 utroque
2249 1076 2396 1130 enim
2449 1087 2832 1146 componetur.
2865 1080 3138 1148 siquidem
3176 1083 3420 1152 perfecto
3457 1085 3562 1139 im-

1983 1165 2288 1233 perfectum
2351 1166 2534 1222 simile
2581 1184 2690 1223 non
2748 1180 2851 1226 est.
2904 1169 2961 1225 Si
3021 1173 3168 1227 enim
3225 1176 3409 1230 simile
3463 1177 3557 1242 sit,

1982 1257 2231 1327 nihilque
2261 1258 2335 1313 sit
2365 1260 2506 1313 inter
2530 1277 2592 1315 ea
2620 1261 2981 1328 discriminis,
3013 1266 3387 1337 quodcunque
3435 1285 3559 1339 per-

1984 1345 2187 1401 fectum
2227 1357 2333 1410 est,
2367 1350 2574 1418 passim
2630 1368 2852 1422 quoque
2901 1355 3007 1409 erit
3051 1356 3463 1426 imperfectum;
3504 1370 3560 1415 et

1983 1438 2166 1507 siquid
2203 1439 2446 1495 vicissim
2503 1442 2920 1511 imperfectum,
2955 1447 3088 1501 illud
3125 1465 3344 1518 quoque
3383 1451 3561 1521 perfe-

1981 1537 2131 1580 Ctum
2181 1528 2308 1592 erit,
2357 1545 2458 1584 nec
2508 1529 2648 1586 Filio
2674 1533 2974 1604 quidquam
3027 1535 3404 1602 detrahemus,
3431 1540 3560 1593 licet

1981 1631 2104 1670 eum
2139 1617 2479 1686 perfectione
2507 1635 2700 1678 carere
2731 1633 2990 1692 putemus
3021 1642 3033 1676 :
3066 1628 3158 1682 sed
3196 1644 3372 1696 neque
3397 1628 3559 1685 Pater

1983 1705 2178 1762 Filium
2210 1714 2531 1780 superabit:
2564 1716 2818 1783 quamvis
2847 1718 2894 1771 ei
2930 1718 3195 1787 perfectio
3224 1722 3557 1786 ascribatur,

305 1800 517 1852 αλεῖται
545 1799 638 1853 τὸν
677 1800 800 1853 Υἱὸν
837 1801 930 1852 ἐπὶ
958 1799 1251 1870 τελειότητι
1290 1802 1752 1873 μαρτυρούμενος,
1790 1803 1879 1855 καὶ

1985 1804 2038 1850 et
2066 1798 2246 1853 soluta
2279 1815 2476 1858 rursus
2500 1804 2664 1859 nobis
2693 1813 2779 1860 est
2813 1810 3046 1876 quaestio
3078 1829 3088 1860 :
3123 1811 3208 1863 sin
3239 1820 3421 1865 autem
3457 1813 3562 1866 im-

303 1891 526 1944 λέλυται
554 1891 714 1945 πάλιν
739 1893 869 1962 ἡμῖν
902 1891 964 1944 τὸ
998 1891 1329 1963 ζητούμενον
1348 1908 1360 1921 ·
1393 1894 1442 1945 εἰ
1467 1893 1524 1946 δὲ
1555 1892 1720 1957 πολὺς
1746 1895 1882 1947 ἀπο-

303 1983 535 2054 τειχίζει
574 1983 729 2046 λόγος
763 1981 854 2034 τοῦ
889 1982 1097 2035 τελείου
1125 1982 1190 2036 σὺ
1233 1982 1439 2047 ἀτελὲς,
1470 1984 1682 2054 δέχεται
1706 1984 1758 2037 δὲ
1790 1984 1884 2037 καὶ

305 2076 338 2146 ἡ
366 2075 486 2128 Θεία
531 2073 690 2143 φύσις
740 2073 879 2127 κατά
919 2074 1116 2128 ταυτὸν
1146 2074 1447 2145 ἀμφότερα,
1473 2074 1722 2138 σύνθετος
1750 2077 1878 2146 ἀρα.

303 2168 396 2220 καὶ
442 2167 541 2238 οὐχ
576 2166 742 2237 ἁπλῆ.
782 2167 923 2219 Ἀλλ’
946 2167 1064 2237 ἐρεῖ
1108 2182 1192 2228 τις
1216 2166 1398 2235 τυχὸν,
1428 2165 1503 2228 ὡς
1529 2167 1790 2237 ἀσυμφυῆ
1821 2165 1881 2221 τέ

300 2260 416 2312 ἐστι
461 2259 556 2311 καὶ
595 2258 986 2329 ἀσυνύπαρκτα
1031 2257 1172 2311 κατὰ
1205 2257 1400 2309 ταυτὸν
1434 2258 1492 2309 ὲν
1524 2258 1603 2310 ἐνὶ
1637 2257 1713 2328 τῷ
1749 2257 1882 2310 ὑπο·-

299 2353 535 2424 κειμένῳ
553 2353 622 2407 τὰ
642 2354 881 2417 ἐναντία,
911 2352 986 2415 ὡς
1017 2354 1074 2406 ὲν
1097 2350 1308 2418 σώματι
1330 2350 1487 2421 τυχὸν
1523 2351 1658 2422 ὁμοῦ
1682 2351 1881 2423 χρῶμα

298 2450 487 2503 λευκὸν
515 2450 609 2503 καὶ
640 2449 824 2518 μέλαν.
872 2445 1067 2510 Καλῶς
1090 2463 1176 2514 γε,
1198 2438 1242 2498 ὧ
1266 2445 1436 2516 φίλος,
1463 2446 1555 2499 καὶ
1583 2443 1729 2514 μάλα
1751 2438 1883 2515 γορ·

297 2541 408 2610 γῶς
431 2542 542 2603 τοῖς
589 2539 876 2610 ἡμετέροις
923 2537 1254 2607 ἀπηγωνίσω
1283 2537 1478 2604 λόγοις.
1523 2537 1586 2589 Εἰ
1632 2537 1739 2606 γὰρ
1782 2536 1881 2605 μία

299 2631 380 2694 τίς
402 2632 550 2683 ἐστιν
568 2631 600 2699 ἡ
619 2627 732 2681 Θεία
762 2627 944 2695 φύσις,
975 2627 1067 2680 καὶ
1093 2627 1222 2696 παρ’
1241 2627 1407 2698 αὐτὴν
1434 2627 1532 2696 οὐχ
1553 2627 1734 2697 ἑτέρα,
1764 2624 1882 2688 πῶς

295 2721 519 2789 ames
553 2737 664 2792 μοι,
694 2719 800 2774 τῶν
845 2719 1102 2772 ἐναντίων
1142 2719 1354 2787 γένοιτο
1389 2718 1645 2787 δεκτική;
1673 2717 1787 2779 πῶς
1824 2715 1882 2769 δὲ

299 2815 420 2871 καθ’
456 2815 515 2868 ἓν
543 2832 596 2867 τι
616 2812 679 2866 τὸ
707 2811 1064 2882 ὑποκείμενον
1091 2811 1161 2866 τὰ
1199 2811 1452 2882 ἀλλήλοις
1483 2809 1712 2880 ἀνόμοια
1740 2826 1880 2878 συμ-

300 2908 559 2980 6ήσεται;
589 2904 724 2959 Θεοῦ
749 2903 806 2957 δὲ
826 2903 976 2967 ὄντος
1008 2903 1150 2956 κατά
1179 2901 1340 2972 φύσιν
1371 2900 1464 2956 τοῦ
1495 2901 1726 2972 Πατρός,
1748 2900 1881 2963 Θεός

299 3002 417 3054 ἐστι
447 2998 586 3054 κατὰ
613 2997 773 3066 φύσιν
797 2997 890 3050 καὶ
925 2999 953 3050 6
975 2996 1101 3059 Υἱός
1120 3012 1134 3026 ο
1175 2995 1326 3048 οὐδὲν
1360 2995 1469 3065 ἄρα
1499 2993 1705 3054 διοίσει,
1741 2991 1881 3046 κατά

299 3109 366 3159 γε
403 3089 466 3142 τὸ
515 3086 656 3141 εἶναι
689 3086 906 3151 τέλειος,
935 3084 1010 3148 ῶς
1039 3086 1175 3159 πρὸς
1211 3085 1300 3138 τὸν
1332 3083 1568 3154 Πατέρα,
1602 3083 1698 3152 τῆς
1728 3081 1878 3145 Θείας
1903 3118 1946 3177 C

299 3181 467 3236 αὐτοῦ
501 3180 596 3234 καὶ
628 3178 966 3248 τελειοτάτης
985 3177 1172 3241 οὐσίας
1203 3173 1559 3243 ἑκπεφυκώς·
1586 3173 1619 3244 ἢ
1647 3173 1754 3243 γὰρ
1779 3172 1878 3224 οὐκ

298 3275 516 3342 ἀνάγκη
545 3270 743 3324 τέλειον
790 3266 924 3323 εἶναι
959 3269 1198 3331 πάντως,
1223 3269 1310 3321 τὸν
1341 3269 1404 3318 ἐκ
1455 3263 1655 3317 τελείου
1685 3264 1878 3332 γεννή-

298 3383 479 3437 τορος,
518 3363 672 3435 εἴπερ
721 3362 864 3416 ἐστὶν
893 3360 1057 3414 αὐτοῦ
1109 3360 1202 3413 καὶ
1253 3356 1667 3428 ἀπαράλλακτος
1694 3351 1877 3416 εἰκὼν,

296 3460 393 3515 καὶ
435 3456 722 3530 χαρακτὴρ
767 3455 867 3525 τῆς
915 3452 1266 3514 ὑποστάσεως
1290 3491 1304 3512 ,
1335 3448 1477 3504 καθὰ
1517 3446 1825 3518 γέγραπται
1861 3463 1876 3513 ;

305 3545 470 3614 Ἀλλ’,
502 3543 676 3617 οἶμαι,
709 3547 815 3609 πᾶς
836 3562 916 3607 τις
943 3545 1073 3616 ἡμῖν
1101 3542 1315 3612 συνερεῖ
1354 3540 1446 3593 καὶ
1477 3536 1876 3610 συνθήσεταιθῆ

291 3639 500 3709 λεγέτω
531 3638 692 3693 πάλιν
719 3638 797 3700 είς
825 3635 991 3706 μέσον
1028 3630 1215 3696 ἐλθὼν,
1243 3629 1385 3684 κατὰ
1415 3634 1536 3683 τίνα
1560 3629 1760 3701 τρόπον
1783 3627 1874 3680 τοῦ

288 3733 496 3786 τελείου
525 3729 736 3802 Πατρὸς
763 3725 1176 3798 ἀπαράλλακτος
1205 3722 1358 3778 ἔσται
1390 3720 1672 3793 χαρακτὴρ
1695 3721 1724 3773 6
1751 3719 1878 3782 Υἱὸς

286 3825 387 3879 οὐκ
433 3824 578 3894 ἔχων
623 3824 680 3876 ὲν
725 3819 831 3891 ἰδίᾳ
864 3817 1023 3887 φύσει
1069 3817 1131 3869 τδ
1159 3812 1300 3869 εἶναι
1339 3813 1561 3880 τέλειος,
1595 3811 1736 3866 κατά
1778 3813 1877 3882 τήν

283 3933 447 3971 τινων
490 3912 840 3969 δυσϐουλίαν.
906 3906 1124 3978 Ἐπειδὴ
1173 3905 1232 3962 δέ
1278 3907 1394 3960 ἐστι
1445 3903 1732 3977 χαρακτὴρ
1781 3904 1878 3958 καὶ

283 4007 470 4072 εἰκὼν,
499 4005 708 4068 τέλειος
735 4003 846 4075 ἄρα
863 4000 957 4055 καὶ
981 3999 1144 4062 αὐτὸς
1181 3998 1257 4062 ὡς
1281 3998 1504 4062 ἐκεῖνος,
1531 3990 1592 4048 οὗ
1615 3995 1710 4050 καὶ
1731 3994 1878 4048 ἔστιν

281 4099 470 4164 είκῴν.
534 4095 673 4150 Ἀλλ’
712 4090 841 4159 εἶδε,
869 4091 1079 4164 ,φησὶν,
1130 4089 1384 4160 Ἰωάννης
1442 4087 1502 4153 ἐξ
1537 4083 1770 4158 οὐρανοῦ
1819 4083 1880 4139 τὺ

280 4189 521 4259 Πνεῦμα
553 4185 878 4241 καταϐαῖνον
909 4183 1002 4236 ἐπὶ
1043 4181 1137 4235 τὸν
1180 4179 1328 4244 Υἱδν,
1364 4179 1458 4234 καὶ
1494 4177 1732 4232 ἐπακτὸν
1767 4175 1880 4246 ἔχει

278 4278 374 4334 τὸν
393 4276 691 4347 ἀγιασμδνο
713 4272 1043 4346 ἄχεταιγάρ
1063 4272 1140 4337 ὼς
1161 4272 1262 4325 οὐκ
1281 4271 1417 4342 ἔχων
1429 4267 1797 4341 δηλαδή.“Ωρα
1813 4265 1880 4338 δὴ

279 4367 379 4427 οὖν
414 4365 727 4437 ἀναφανδὸν
759 4363 971 4436 ποίημα
1000 4363 1100 4436 μὲν
1129 4363 1306 4432 λέγειν
1339 4362 1520 4427 αὑτὸν,
1549 4359 1703 4430 ὀλίγῃ
1727 4357 1880 4430 μόλις

1986 1892 2287 1960 perfectum
2337 1910 2366 1948 a
2408 1895 2656 1965 perfecto
2685 1900 2873 1954 multis
2923 1901 3233 1956 rationibus
3265 1902 3562 1974 distingui-

1985 1992 2095 2046 tur,
2139 1993 2429 2054 utrumque
2469 2002 2596 2042 vero
2641 1988 2826 2044 divina
2867 2006 3088 2062 quoque
3135 2000 3334 2047 natura
3368 1995 3558 2049 eodem

1984 2075 2148 2126 modo
2175 2077 2428 2146 suscipit,
2461 2080 2764 2148 composita
2801 2081 2968 2150 igitur
3014 2084 3142 2148 erit,
3168 2093 3222 2138 et
3272 2100 3383 2138 non
3425 2086 3559 2140 sim-

1985 2168 2128 2234 plex.
2159 2166 2262 2222 Sed
2303 2167 2488 2223 forsan
2522 2169 2665 2226 dicet
2702 2173 3000 2242 quispiam,
3045 2177 3324 2229 contraria
3363 2178 3416 2230 in
3447 2190 3558 2229 uno

1983 2260 2232 2329 subjecto
2281 2261 2444 2315 simul
2505 2276 2614 2316 non
2648 2278 2811 2332 posse
2863 2265 3147 2332 exsistere,
3183 2277 3242 2322 ut
3287 2268 3342 2321 in
3397 2269 3561 2340 113

1981 2365 2236 2419 corpore,
2270 2351 2502 2420 exempli
2536 2367 2727 2418 causa,
2756 2355 2914 2408 albus
2937 2356 3092 2410 color
3121 2373 3184 2411 ac
3216 2358 3370 2428 niger
3392 2360 3558 2412 simul

1981 2456 2104 2496 esse
2151 2449 2452 2509 nequeunt.
2481 2440 2625 2496 Bene
2667 2443 2852 2510 habet,
2897 2446 3108 2511 amice;
3142 2449 3354 2502 nostris
3389 2448 3558 2502 dictis

1981 2531 2201 2602 egregie
2244 2541 2298 2586 tu
2331 2547 2551 2602 quoque
2582 2533 2925 2604 suifragaris.
2952 2534 3090 2590 Nam
3122 2537 3168 2591 si
3207 2553 3313 2591 una
3347 2545 3432 2594 est
3463 2554 3559 2592 na-

1983 2629 2105 2676 tura
2165 2623 2381 2686 divina,
2429 2639 2529 2678 nec
2573 2633 2769 2694 praeter
2813 2641 2932 2680 eam
2987 2629 3158 2682 altera
3189 2667 3203 2691 ,
3259 2631 3558 2699 quomodo,

1983 2730 2190 2785 quaeso,
2213 2713 2466 2768 admittet
2494 2716 2810 2770 contraria?
2831 2719 3110 2788 quomodo
3145 2721 3198 2774 in
3229 2737 3396 2774 unum
3425 2723 3566 2776 sub-

1977 2808 2183 2877 jectum
2214 2821 2336 2874 qua:
2362 2806 2504 2860 inter
2536 2821 2596 2860 se
2621 2807 2913 2862 dissimilia
2951 2819 3080 2864 sunt
3110 2813 3471 2866 convenient?
3491 2814 3560 2866 At

1981 2913 2105 2952 cum
2143 2895 2303 2950 Pater
2333 2895 2479 2951 Deus
2512 2899 2582 2952 sit
2616 2898 2919 2953 secundum
2957 2910 3232 2966 naturam,
3253 2901 3394 2957 Deus
3419 2919 3558 2972 quo-

1981 3005 2089 3060 que
2131 2989 2436 3047 secundum
2467 2998 2722 3045 naturam
2771 3000 2854 3045 est
2876 2989 3047 3045 Filius
3075 3011 3087 3046 :
3116 2994 3248 3046 nihil
3294 3010 3424 3064 ergo
3453 2994 3568 3048 dif-

1982 3081 2121 3138 feret
2154 3083 2244 3137 ille
2273 3098 2302 3136 a
2329 3081 2511 3144 Patre,
2540 3085 2753 3138 ratione
2784 3083 3167 3153 perfectionis.
3203 3087 3297 3157 qui
3337 3103 3400 3142 ex
3439 3089 3559 3158 ejus

1980 3174 2164 3229 divina
2195 3184 2250 3230 et
2295 3172 2699 3245 perfectissima
2730 3176 3040 3230 substantia
3074 3181 3362 3247 processit.
3389 3178 3560 3234 Num-

1979 3266 2110 3334 quid
2142 3265 2310 3332 enim,
2346 3281 2558 3336 quaeso,
2583 3281 2811 3320 necesse
2835 3281 2942 3318 non
2977 3275 3062 3319 est
3087 3284 3209 3321 eum
3235 3285 3356 3323 esse
3381 3270 3559 3339 perfe-

1980 3367 2152 3418 ctum,
2169 3358 2262 3426 qui
2281 3373 2342 3410 ex
2361 3356 2604 3426 perfecto
2619 3365 2703 3411 est
2719 3355 2900 3421 Patre,
2916 3358 3182 3425 siquidem
3196 3359 3242 3426 ej
3255 3375 3318 3411 us
3335 3370 3414 3413 est
3435 3377 3559 3416 cum

1980 3465 2076 3520 per
2099 3449 2282 3502 omnia
2311 3449 2508 3502 similis
2533 3445 2734 3518 imago,
2755 3457 2870 3503 tum
2902 3451 3228 3504 substantia:
3253 3453 3559 3515 character,

1980 3547 2041 3593 ut
2099 3542 2366 3610 scriptum
2418 3548 2502 3594 est
2535 3540 2630 3592 '°?
2684 3540 2788 3594 Sed
2842 3556 3003 3594 nemo
3058 3556 3165 3594 non
3223 3545 3564 3598 assentietur

1980 3631 2161 3696 nobis,
2195 3633 2414 3702 opinor,
2468 3641 2522 3688 et
2571 3630 2963 3702 suffragabitur
3015 3652 3028 3688 :
3075 3634 3279 3703 alioqui
3332 3639 3561 3704 prodeat

1980 3737 2178 3778 rursus
2213 3723 2267 3776 in
2302 3722 2564 3786 medium,
2593 3731 2650 3778 et
2683 3723 2835 3778 dicat
2866 3723 3146 3796 quomodo
3185 3726 3411 3796 perfecti
3455 3728 3558 3783 Pa-

1979 3813 2082 3868 tris
2138 3811 2361 3869 futurus
2425 3814 2497 3868 sit
2556 3815 2786 3885 aequalis
2846 3815 2902 3871 in
2961 3817 3223 3873 omnibus
3273 3820 3561 3875 character

1977 3901 2176 3969 Filius,
2225 3903 2271 3959 si
2320 3911 2518 3958 natura
2571 3921 2670 3960 sua
2721 3905 3010 3977 perfectus
3063 3923 3186 3963 esse
3230 3909 3451 3978 nequit,
3502 3917 3561 3962 ut

1979 3996 2147 4052 stulte
2189 3993 2413 4066 quidam
2457 3996 2726 4051 sentiunt.
2764 3995 2902 4051 Cum
2945 4009 3126 4053 autem
3168 3999 3240 4054 sit
3273 4001 3562 4054 character

1978 4093 2035 4142 et
2071 4085 2273 4156 imago.
2309 4083 2590 4156 perfectus
2628 4087 2798 4158 igitur
2839 4104 3058 4158 qttoque
3101 4090 3207 4144 erit
3254 4105 3363 4142 non
3397 4106 3559 4143 secus

1980 4191 2044 4231 ac
2069 4175 2160 4230 ille
2188 4175 2351 4246 cujus
2375 4184 2462 4231 est
2495 4178 2699 4248 imago.
2733 4176 2839 4231 Sed
2885 4176 3130 4233 Joannes
3159 4179 3322 4242 vidit,
3356 4180 3557 4247 inquit.

1982 4262 2253 4335 Spiritum
2283 4265 2714 4322 descendentem
2755 4265 2824 4321 de
2864 4269 3004 4321 caelo
3047 4283 3216 4337 super
3242 4266 3438 4322 Filium
3491 4272 3556 4329 ἰ,

1979 4365 2035 4412 et
2089 4356 2160 4411 ab
2213 4357 2324 4410 alio
2375 4356 2870 4411 sanetiﬁcationem
2928 4357 3094 4411 habet
3141 4375 3154 4411 :
3202 4375 3320 4412 eam
3361 4362 3560 4429 ηιιῐμμε

282 4461 538 4532 ὑπεροχῇ
595 4455 926 4528 τιμώμενον,
975 4456 1033 4508 ὲν
1075 4456 1167 4525 ἴσῃ
1226 4454 1284 4508 δὲ
1335 4453 1487 4519 τάξει
1539 4453 1650 4515 τοῖς
1701 4449 1879 4513 ἄλλοις

1985 4451 2243 4524 suscipit,
2273 4461 2332 4506 ut
2367 4452 2458 4523 qui
2493 4467 2602 4506 non
2634 4451 2854 4514 habeat,
2880 4452 3114 4507 scilicet.
3149 4451 3410 4523 Sequitur
3431 4474 3559 4522 ergo

277 4547 672 4620 τελειούμενόν
736 4563 795 4599 τε
853 4547 947 4600 καὶ
997 4545 1386 4615 ἀγιαζόμενον,
1434 4543 1529 4597 καὶ
1579 4542 1874 4612 ἐπίκτητον

278 4645 479 4717 ἔχοντα
507 4639 608 4712 τὴν
650 4639 760 4692 τῶν
791 4636 1011 4708 ἀγαθῶν
1039 4635 1300 4708 χορηγίαν
1333 4651 1350 4666 ·
1376 4630 1493 4687 εἶτα
1525 4631 1640 4696 πῶς
1672 4632 1733 4685 οὐ
1761 4631 1875 4684 δια-

274 4735 547 4808 ψεύσεται
580 4730 753 4800 λέγων
779 4731 807 4782 6
839 4727 1250 4798 εὐαγγελιστὴς,
1285 4745 1303 4776 ι
1345 4725 1468 4778 Ὅτι
1518 4725 1582 4777 ὲκ
1614 4721 1708 4778 τοῦ
1740 4721 1876 4793 πληέ

278 4830 538 4900 ριῦματος
587 4823 753 4877 αὑτοῦ
789 4825 947 4893 ἡμεῖς
991 4821 1193 4883 πάντες
1219 4818 1511 4888 ὲλάὸομεν;
1544 4837 1561 4870 ι
1600 4816 1724 4881 Πῶς
1762 4815 1872 4886 γὰρ

273 4923 435 4973 ἔσται
471 4917 691 4986 πλήρης
737 4916 795 4967 ὲν
848 4914 956 4985 ἰδία
1008 4911 1166 4982 φύσει
1218 4909 1508 4978 λαμϐάνων
1534 4908 1696 4972 αὐτὸς
1737 4908 1869 4978 παρ’

275 5012 506 5080 ὲτέρου;
550 5006 585 5076 ἢ
617 5003 732 5067 πῶς
775 5003 840 5056 ἂν
862 5003 998 5066 ὅλως
1054 5002 1225 5055 νοοῖτο
1253 5001 1440 5071 Πατὴρ
1472 5000 1499 5052 6
1525 4999 1676 5080 Θεὸς,
1716 5000 1874 5070 εἴπερ

275 5100 398 5152 ἐστὶ
448 5097 665 5164 ποίημα
709 5094 802 5146 καὶ
850 5094 970 5164 οὐχὶ
1018 5094 1218 5164 μᾶλλον
1269 5091 1396 5154 Υἱὸς
1442 5091 1471 5142 ὁ
1510 5091 1818 5160 Μονογενής
1855 5107 1871 5158 ;

275 5189 659 5261 ιΓευδώνυμος
683 5186 810 5257 γὰρ,
842 5186 906 5240 ἂν
933 5185 1105 5250 οὕτως
1127 5185 1248 5256 ἔχῃ,
1279 5183 1372 5237 καὶ
1399 5182 1560 5244 αὐτὸς
1591 5182 1744 5235 ἔσται
1766 5183 1876 5235 Πα-

274 5285 403 5354 τὴρ,
452 5277 692 5348 ἀλήθεια
744 5278 803 5330 δὲ
852 5278 1097 5348 οὐδαμῶς
1147 5278 1175 5329 ὁ
1231 5273 1576 5341 Υἱὸς,νόθον
1619 5274 1757 5344 ἔχων
1790 5272 1876 5342 ἐφ’

278 5375 459 5446 ἑαυτῷ
496 5374 560 5426 τὸ
601 5368 853 5442 ἀξίωμα,
884 5371 978 5424 καὶ
1026 5370 1186 5441 μέχρι
1214 5368 1436 5440 γυμνῶν
1487 5367 1747 5438 ῥημάτων
1780 5365 1878 5436 τὴν

281 5463 686 5536 προσηγορίαν.
739 5461 1031 5532 Οίχήσεται
1069 5462 1132 5531 δὴ
1174 5456 1267 5513 οὖν
1319 5461 1398 5522 εἰς
1446 5458 1597 5511 οὐδὲν
1630 5457 1692 5510 τὸ
1742 5455 1878 5527 σύμ-

281 5576 390 5612 παν
419 5560 574 5630 ημῖν,
603 5553 731 5609 οὔτε
783 5552 879 5608 τοῦ
913 5554 1126 5625 Πατρδς
1156 5555 1274 5606 κατ’
1299 5551 1554 5624 ἀλήθειαν
1577 5550 1728 5615 ὄντος
1754 5550 1870 5605 Παο

1981 4547 2159 4616 ipsum
2196 4553 2384 4614 aperte
2414 4543 2710 4599 dicendum
2744 4558 2866 4598 esse
2894 4553 3229 4612 creaturam,
3257 4549 3356 4615 qui
3392 4563 3555 4616 parva

1981 4636 2313 4692 excellentia
2344 4635 2435 4690 vix
2488 4636 2562 4690 sit
2607 4644 2858 4698 ornalus,
2889 4645 2943 4690 et
2987 4636 3215 4706 perinde
3260 4646 3424 4706 atque
3469 4655 3557 4692 res

1981 4734 2197 4781 caetera:
2252 4727 2575 4798 perficiatur
2626 4736 2682 4782 et
2714 4714 3206 4793 sattctificetur,'et
3254 4745 3353 4783 sua
3414 4731 3557 4784 bona

1982 4817 2205 4872 aliunde
2257 4818 2546 4886 suscipiat.
2585 4817 2656 4869 At
2705 4818 2796 4887 qui
2849 4833 2957 4872 non
3005 4819 3296 4874 mentietur
3323 4836 3558 4892 evange-

1981 4910 2109 4966 lista
2158 4911 2351 4965 dicens
2411 4929 2422 4962 :
2492 4928 2509 4960 ι
2561 4909 2702 4976 Quia
2759 4911 2826 4966 de
2883 4912 3225 4982 plenitudine
3285 4914 3405 4984 ejus
3455 4933 3557 4970 ncs

1981 5019 2178 5058 omnes
2230 5001 2544 5078 accepimus
2570 5004 2648 5057 ”?
2682 5023 2700 5055 ι
2735 5003 3020 5069 Quomodo
3062 5006 3207 5060 enim
3245 5006 3333 5060 ille
3361 5008 3555 5077 plenus

1982 5097 2088 5152 erit
2121 5095 2183 5150 in‘
2216 5111 2316 5153 sua
2346 5105 2562 5162 natura,
2589 5097 2682 5166 qui
2728 5098 2797 5152 ab
2841 5099 2953 5151 alio
2983 5099 3229 5169 accepit?
3262 5099 3371 5153 Aut
3420 5116 3557 5168 quo-

1982 5190 2168 5259 modo,
2200 5206 2409 5261 quasso,
2441 5188 2606 5244 Pater
2628 5189 2946 5244 censebitur
2984 5206 3107 5244 esse
3154 5190 3316 5256 Deus,
3342 5189 3388 5243 si
3422 5188 3555 5242 Uni-

1981 5285 2202 5353 genitus
2241 5290 2496 5338 creatura
2527 5288 2634 5346 est,
2665 5295 2773 5335 non
2803 5289 2983 5335 autem
3013 5278 3220 5335 Filius?
3246 5280 3366 5348 Ipse
3407 5277 3554 5328 enim

1981 5374 2144 5429 Pater
2169 5373 2310 5431 falso
2341 5391 2562 5445 quoque
2600 5373 3036 5443 nuncupabitur,
3061 5380 3113 5425 et
3142 5373 3342 5423 veritas
3375 5366 3555 5418 neuti-

1985 5480 2147 5534 quam
2174 5464 2280 5518 erit
2316 5462 2510 5529 Filius,
2551 5464 2796 5533 spuriam
2833 5463 3043 5515 habens
3073 5459 3125 5510 in
3160 5452 3556 5522 seipsodigni-

1980 5539 2248 5621 tatetn,'et
2279 5556 2546 5611 vocabulo
2577 5563 2740 5610 tenus
2771 5548 3212 5623 appellationem.
3241 5543 3298 5596 lu
3325 5543 3555 5596 nihilum

369 5718 413 5749 ’³
446 5741 569 5797 Col.
622 5756 664 5807 ι,
700 5740 802 5808 15;
837 5739 1000 5799 Hebr.
1035 5755 1074 5808 ι,
1113 5740 1169 5796 5.
1243 5741 1285 5772 ἰ
1316 5737 1478 5796 Joan.
1517 5754 1564 5810 I,
1592 5738 1683 5794 3'2.
1759 5739 1806 5770 ”
1833 5733 1972 5792 ibid.
2009 5734 2097 5788 16.
