4090 6266
511 347 616 406 ην

1504 341 1566 399 s.
1606 327 1884 396 unum
1924 335 2395 395 ALEXANDRINI
2434 338 2755 397 aucmar.

3680 351 3791 408 ΜΟ

507 479 640 536 ergo
665 462 825 533 plane
851 469 1095 526 corruet,
1124 472 1252 515 cum
1280 472 1463 530 neque
1478 458 1646 514 Pater
1667 475 1793 515 vere
1815 459 1886 514 sit
1905 456 2088 518 Pater,

2194 455 2341 524 τρὸς,
2357 453 2479 509 οὔτε
2509 455 2615 527 μὴν
2639 455 2732 509 τοῦ
2755 453 2885 508 Υἱοῦ
2909 454 3225 511 τοῦτο’κατά
3244 457 3405 526 φύσιν
3423 455 3788 530 ὑπάρχοντος.

508 571 690 627 neque
725 554 898 609 Filius
933 552 1238 608 secundum
1277 559 1530 604 naturam
1579 552 1652 607 sit
1697 552 1753 606 ιιι
1786 551 1932 622 quod
1969 565 2094 606 esse

509 649 731 703 dicitur.
783 645 881 699 Sin
943 651 1124 699 autem
1178 641 1342 696 Pater
1378 656 1506 697 vere
1554 651 1640 697 est
1684 643 1855 708 Deus,
1905 641 2094 712 utique

510 741 679 795 habet
725 739 778 792 id
826 737 986 804 cujus
1029 744 1116 792 est
1147 733 1329 801 Pater,
1361 732 1562 788 Filium
1598 733 1870 798 videlicet,
1898 734 1990 804 qui
2025 748 2095 788 ex

512 833 634 902 ipso
673 832 972 901 processit.
1029 831 1098 884 At
1133 830 1409 900 quomodo
1464 844 1560 899 per
1613 838 1864 881 naturam
1902 831 2094 882 sancta

513 923 702 978 Deitas
732 921 933 976 Filium
959 921 1272 976 sanctitatis
1309 928 1587 991 expertem
1640 918 1844 990 gignet,
1877 925 1931 971 et
1973 915 2095 971 fru-

511 1019 660 1067 ctum
687 1011 812 1066 edet
858 1013 974 1066 suis
1006 1012 1435 1082 pro-prietatibus
1477 1009 1995 1068 dcstitutum?Nam
2044 1011 2092 1066 si

511 1099 736 1164 aiiunde
781 1096 1276 1156 sanctificationem
1322 1102 1525 1167 habet,
1562 1109 1621 1156 ut
1670 1102 1748 1155 illi
1791 1107 2090 1171 angantur,

512 1208 739 1248 necesse
781 1201 868 1248 est
911 1191 998 1248 vel
1047 1193 1249 1247 invitos
1297 1193 1455 1264 ipsos
1504 1192 1686 1255 fateri.
1714 1208 1825 1246 non
1876 1205 2096 1261 semper

511 1281 684 1338 fuisse
717 1291 1002 1344 sanctum,
1053 1283 1150 1337 sed
1193 1291 1308 1336 tum
1363 1283 1586 1337 demum
1638 1282 1933 1345 exstitisse,
1965 1295 2090 1336 cum

507 1373 781 1442 Spiritus,
804 1381 864 1427 ut
888 1373 1084 1429 scribit
1117 1372 1382 1438 Joannes,
1410 1373 1696 1429 descendit
1727 1388 1894 1443 super
1937 1385 2088 1428 eum.

507 1468 796 1534 Quomodo
836 1469 1004 1540 igitur
1031 1479 1260 1525 sanctus
1296 1475 1418 1524 erat
1462 1469 1628 1524 etiam
1667 1477 1794 1522 ante
1835 1467 2093 1521 incarna-

508 1562 714 1617 tionem
759 1561 926 1632 119
961 1560 1166 1618 Filius?
1188 1560 1282 1615 Sic
1316 1560 1463 1616 enim
1491 1561 1671 1630 ipsum
1697 1559 1979 1614 celebrant
2005 1572 2092 1613 se-

509 1653 720 1723 raphin:
740 1653 943 1724 hymno
969 1653 1062 1707 illo
1083 1653 1313 1722 trisagio
1339 1666 1454 1722 quo
1480 1665 1584 1706 vox
1609 1651 1724 1715 illa,
1759 1649 2049 1713 «Sanctus,
2067 1667 2084 1700 ι»

2201 542 2337 616 ὅπερ
2366 541 2503 600 εἶναι
2535 547 2773 615 λέγεται.
2803 547 2866 600 Εἰ
2884 548 2941 600 δὲ
2964 548 3180 618 άληθῶς
3206 549 3400 620 Πατήρ
3422 551 3570 605 ἐστιν
3591 550 3788 614 ὁΘεδς,

2200 635 2314 706 ἔχει
2343 636 2408 706 δὴ
2437 637 2674 701 πάντως,
2699 629 2759 690 οὗ
2781 638 2876 691 καὶ
2899 637 3015 692 ἔστι
3035 639 3247 711 Πατὴρ,
3281 640 3410 693 Υίὺν
3434 640 3680 712 δηλονότι
3697 641 3791 693 τὸν

2201 726 2262 791 ἐξ
2291 727 2476 781 αὑτοῦ.
2493 724 2626 780 Εἶτα
2653 727 2768 791 πῶς
2789 727 2978 798 ήικατά
3001 729 3164 798 φύσιν
3188 729 3318 797 ἁγία
3332 729 3793 801 Θεότης,ἁγιότη-

2199 833 2292 881 τος
2331 817 2540 889 ἔρημον
2565 818 2627 871 τὸ
2648 818 2707 883 ἐξ
2731 819 2902 888 αὐτῆς
2926 819 3271 886 ἀποτέξεται,
3287 821 3382 874 καὶ
3409 822 3616 891 γυμνὸν
3634 849 3641 856 ·
3657 823 3792 894 ἡμῖν

2199 907 2310 962 τῶν
2328 909 2466 978 αὑτῇ
2489 909 2804 978 προσόντων
2833 909 3140 978 ίδιωμάτων
3170 911 3262 963 τὸν
3287 913 3486 966 οἰκεῖον
3517 913 3791 968 ἀποδώσει

2202 997 2413 1069 καρπόν
2433 1015 2446 1064 ;
2471 998 2533 1051 El
2549 998 2656 1069 γάρ
2677 998 2790 1068 ἔχει
2813 998 2906 1052 τὸν
2923 1000 3193 1070 ἀγιασμδν
3217 1002 3475 1068 ὲπακτδν,
3498 1003 3575 1066 ὡς
3588 1006 3789 1058 ἐκεῖνοι

2201 1087 2492 1160 ληροῦντές
2525 1105 2656 1158 φασι
2674 1106 2688 1118 θ
2714 1091 2926 1162 ἀνάγκη
2978 1089 3043 1162 δὴ
3076 1094 3227 1146 πᾶσα
3285 1094 3668 1165 συνομολογεῖν
3695 1097 3790 1150 καὶ

2199 1184 2298 1255 οὑχ
2319 1184 2544 1250 ἑκόντας
2567 1185 2786 1250 αὐτοὺς,
2806 1186 2882 1250 ὡς
2909 1181 2977 1258 ἧν
3009 1189 3108 1257 μὲν
3142 1188 3296 1256 ἅγιος
3323 1191 3425 1244 οὐκ
3453 1191 3541 1245 ἀεί
3565 1209 3578 1222 ·
3598 1191 3787 1260 γέγονε

2197 1276 2257 1330 δὲ
2291 1275 2541 1349 ὕστερον,
2581 1278 2668 1331 ὅτε
2693 1281 2789 1333 κα)⁵
2817 1279 2877 1332 τὸ
2905 1279 3129 1351 Πνεῦμα
3159 1281 3539 1353 καταϐέϐηκεν
3578 1285 3666 1337 ἐπ’
3693 1285 3792 1338 αὑ-

2197 1369 2310 1436 τὸν,
2341 1369 2417 1433 ὡς
2443 1370 2472 1421 6
2510 1370 2760 1442 Ἰωάννης
2785 1373 2950 1442 φησί·
2992 1371 3110 1437 πῶς
3147 1369 3240 1428 οὖν
3269 1374 3423 1444 ἆγιος
3451 1371 3520 1448 ἦν
3550 1377 3642 1429 καὶ
3682 1376 3791 1447 πρδ

2197 1459 2298 1530 τῆς
2349 1461 2680 1531 σαρκώσεως
2716 1466 2746 1517 6
2775 1463 2935 1532 Υίός;
2975 1465 3162 1530 Οὕτως
3205 1467 3316 1538 γὰρ
3349 1467 3513 1521 αὐτὸν
3548 1467 3788 1532 ὲδοξολό-

2200 1567 2289 1618 γει
2318 1552 2387 1606 τὰ
2436 1555 2682 1626 σεραφὶμ
2721 1556 2812 1609 ὲπὶ
2835 1555 2930 1610 τὸν
2961 1557 3146 1630 τρίτον
3177 1558 3376 1628 ἐφεξῆς
3421 1559 3655 1631 ἀριθμὸν
3684 1560 3791 1613 ἀπδ

2197 1643 2293 1697 τοῦ
2318 1643 2560 1716 πρώτου,
2591 1646 2653 1699 τὸ
2682 1646 2850 1718 ἅγιος
2875 1648 3155 1720 στοιχηδὸν
3187 1649 3549 1720 ἀναφέροντα.
3581 1649 3790 1704 οὐκοῦν

506 1752 592 1801 ter
622 1760 650 1798 a
677 1745 858 1815 primo
880 1744 944 1798 ad
969 1743 1194 1797 tertium
1223 1743 1516 1798 ordinatim
1547 1743 1836 1813 repetitur.
1868 1740 1925 1796 Si
1959 1757 2088 1811 ergo

2200 1731 2359 1806 εἴπερ
2383 1734 2536 1800 ἀγιος
2561 1730 2651 1806 ἦν,
2670 1738 2766 1790 καὶ
2790 1737 2898 1808 πρὸ
2923 1737 3027 1808 τῆς
3067 1740 3559 1812 ὲνανθρωπήσεως,
3589 1741 3789 1810 μᾶλλον

510 1842 736 1891 sanctus
765 1840 902 1898 erat,
938 1834 1106 1888 etiam
1138 1844 1265 1888 ante
1302 1833 1764 1896 incarnationem,
1813 1833 1923 1887 imo
1962 1849 2088 1888 vero

2197 1826 2252 1879 δὲ
2287 1827 2550 1898 ὑπάρχων
2600 1830 2686 1883 ἀεὶ
2733 1829 2873 1900 μετά
2908 1831 3004 1884 τοῦ
3049 1831 3285 1903 Πατρδς,
3335 1811 3454 1896 πῶς
3496 1832 3670 1886 ἐδεῖτο
3695 1831 3788 1886 τοῦ

508 1938 637 1979 cum
664 1922 830 1977 Patre
887 1937 1101 1994 semper
1133 1924 1454 1989 exsistebat,
1514 1923 1796 1993 quomodo
1850 1924 2094 1978 sanctifi-

509 2023 674 2070 cante
739 2015 1049 2086 indigebat,
1114 2015 1278 2087 idque
1339 2016 1658 2073 novissimis
1728 2017 2088 2088 temporibus,

511 2107 736 2177 quando
784 2107 1044 2162 nimirum
1090 2106 1268 2163 factus
1318 2116 1404 2164 est
1451 2107 1665 2164 homo?
1712 2107 1878 2164 Miror
1910 2117 2090 2165 autem

509 2214 621 2268 quo
651 2189 811 2270 pacto
846 2199 978 2254 illud
1012 2215 1110 2257 eos
1151 2201 1324 2270 fugiat
1357 2216 1485 2255 cum
1522 2201 1729 2271 alioqui
1778 2201 2089 2259 sciscitato-

508 2306 600 2346 ηε
632 2291 744 2347 sint
793 2299 959 2362 atque
988 2293 1236 2348 curiosi:
1285 2293 1607 2348 necessario
1656 2293 1918 2349 nimirum
1979 2301 2094 2350 sta-

508 2384 775 2439 tuendum
803 2400 927 2441 esse
958 2385 1158 2440 Filium
1191 2385 1494 2456 aliquando
1517 2400 1682 2456 posse
1710 2400 1929 2457 quoque
1962 2401 2092 2442 san-

508 2477 752 2532 ctitatem
787 2476 1050 2546 abiicere,
1081 2476 1127 2532 si
1189 2491 1301 2531 non
1348 2487 1433 2533 est
1466 2477 1516 2532 ei
1549 2477 1954 2542 substantialis,
1995 2478 2088 2534 sed

512 2569 737 2641 perinde
760 2583 824 2623 ac
848 2569 1007 2625 nobis
1028 2577 1122 2623 aut
1147 2569 1311 2626 alicui
1345 2571 1500 2626 alteri
1532 2579 1804 2627 creaturae
1833 2572 2088 2627 rationali

509 2661 730 2716 accidit.
763 2661 922 2728 Quod
957 2673 1138 2719 autem
1171 2663 1614 2721 sanctificatione
1636 2665 1866 2731 excidit,
1909 2681 2091 2721 nonne

511 2752 675 2807 etiam
711 2753 920 2823 peccati
956 2753 1194 2810 vinculis
1233 2765 1319 2811 est
1351 2755 1674 2823 obnoxium,
1723 2765 1777 2813 et
1813 2757 1866 2812 in
1897 2759 2089 2813 vitium

509 2844 735 2906 labitur.
777 2861 883 2900 non
909 2847 1021 2916 jam
1055 2848 1298 2903 retinens
1329 2847 1382 2902 in
1414 2848 1598 2919 seipso
1657 2847 1709 2904 id
1749 2864 1861 2920 quo
1894 2850 2086 2904 vitium

509 2937 849 3006 superabat?
883 2938 1053 3009 Igitur
1083 2954 1151 2994 ne
1199 2940 1596 3009 immutabilem
1627 2942 1847 3012 quidem
1886 2942 2086 2998 Filium

508 3032 926 3100 comperiemus,
966 3037 1021 3086 et
1049 3029 1344 3088 Psalmista
1372 3048 1595 3104 quoque
1636 3035 1935 3089 mentietur
1959 3050 2087 3090 cum

508 3119 563 3172 in
611 3118 819 3190 Spiritu
873 3121 941 3175 ad
980 3121 1162 3192 ipsum
1209 3124 1452 3179 clamat:
1515 3145 1535 3177 ι
1588 3124 1669 3181 Tu
1709 3133 1892 3182 autem
1946 3127 2087 3183 idem

508 3209 628 3279 ipse
653 3227 713 3267 es
737 3212 808 3267 ".
847 3231 867 3264 ι
919 3211 1216 3280 Praeterea,
1261 3215 1394 3271 illud
1426 3232 1649 3288 quoque
1684 3219 2088 3274 observandum

505 3313 607 3366 est.
643 3305 791 3376 quod
820 3306 1012 3362 eodem
1047 3309 1331 3378 pertinet:
1374 3309 1659 3373 nimirum,
1691 3308 1747 3364 id
1774 3309 1920 3381 quod
1967 3324 2090 3380 par-

509 3395 698 3467 ticipat
733 3399 876 3453 aliud
911 3401 1102 3470 procul
1137 3400 1304 3457 dubio
1336 3402 1596 3473 quiddam
1624 3419 1746 3460 esse
1774 3411 1972 3458 natura
2022 3404 2091 3458 ab

505 3503 572 3542 eo
598 3489 743 3558 quod
775 3491 1157 3562 partieipatur.
1190 3492 1325 3548 Nam
1360 3495 1406 3550 si
1435 3510 1628 3550 verum
1659 3496 1806 3550 istud
1840 3511 1950 3549 non
1983 3504 2088 3558 est,

509 3585 618 3633 nec“
648 3581 879 3634 alterum
911 3583 979 3637 ab
1010 3584 1185 3638 altero
1211 3586 1323 3639 ullo
1354 3587 1520 3640 modo
1557 3586 1760 3654 differt,
1819 3589 2091 3658 suiipsius

509 3666 788 3734 particeps
822 3668 930 3722 erit
959 3671 1335 3742 quodcunque
1372 3683 1458 3729 est
1511 3676 1752 3745 alicujus
1792 3679 2090 3748 particeps,

508 3755 657 3824 quod
717 3759 800 3811 vel
853 3761 1096 3830 cegitare
1154 3771 1240 3818 est
1279 3763 1767 3821 absurdissimum.
1805 3767 2092 3834 Quomodo

505 3849 651 3903 enim
679 3848 882 3919 aliquis
909 3851 996 3907 sui
1025 3854 1299 3926 particeps
1328 3871 1452 3912 esse
1474 3859 1835 3914 censebitur?
1855 3860 2008 3928 Quod
2042 3863 2090 3918 si

509 3938 748 3993 naturali
775 3939 1100 3999 diversitate
1142 3943 1379 4000 invicem
1415 3947 1508 4001 illa
1538 3951 1853 4006 necessario
1882 3952 2091 4009 discre-

507 4039 660 4099 pant,
693 4030 916 4086 videant
938 4034 1030 4102 qui
1061 4033 1361 4106 Unigenito
1408 4035 1677 4108 Spiritum
1711 4055 1834 4097 esse
1861 4051 2090 4099 conten-

505 4121 644 4177 dunt
667 4138 765 4193 per
801 4124 1304 4196 participationem,
1356 4139 1621 4200 quantam
1653 4131 1708 4186 in
1747 4133 2087 4205 impietatem

505 4214 676 4269 nescii
727 4215 1087 4287 praecipitent.
1121 4215 1258 4273 Nam
1300 4219 1346 4275 si
1402 4220 1683 4293 particeps
1731 4221 1971 4294 Spiritus
2005 4237 2090 4282 est

503 4306 697 4374 Filius,
730 4318 960 4366 sanctus
993 4322 1175 4366 autem
1208 4321 1404 4368 natura
1433 4321 1519 4370 est
1547 4313 1810 4386 Spiritus,
1845 4333 1953 4373 non
1983 4319 2090 4373 erit

502 4409 728 4456 sanctus
763 4403 877 4472 ipse
905 4418 1004 4472 per
1029 4409 1308 4467 naturam,
1346 4406 1442 4462 sed
1475 4406 1702 4464 alterius
1737 4409 2089 4478 conjunctio-

502 4589 708 4636 statum
737 4571 900 4653 quam
938 4583 1098 4637 initio
1130 4599 1228 4654 per
1271 4587 1507 4656 gratiam
1560 4587 1920 4646 reformatus.
1975 4590 2082 4646 Sed

500 4673 684 4728 videat
713 4664 910 4729 rursus
942 4673 1038 4729 Dei
1069 4675 1247 4731 hostis
1283 4685 1548 4748 quantam
1586 4679 1640 4732 in
1679 4679 2082 4742 absurditatem

503 4766 596 4819 illa
619 4765 894 4821 desinant.
921 4767 1164 4822 Primum
1187 4769 1332 4824 enim
1370 4771 1762 4828 alterationem
1781 4776 2082 4846 quamdam

502 4862 558 4909 et
590 4858 971 4923 mutationem,
1011 4859 1174 4916 sicuti
1205 4861 1320 4931 jam
1354 4872 1518 4919 antea
1580 4863 1719 4932 dixi,
1780 4869 2084 4938 comperie-

502 4962 627 5000 rnus
685 4960 808 5002 esse
835 4949 890 5003 in
921 4949 1104 5006 Filio:
1142 4953 1192 5007 si
1245 4963 1491 5011 mutatus
1522 4967 1705 5013 autem
1739 4958 1832 5024 sit,
1890 4967 1952 5014 ut
1986 4974 2083 5014 vos

502 5039 692 5101 vultis,
721 5046 776 5092 et
805 5040 1100 5108 profecerit
1139 5043 1195 5098 in
1250 5046 1470 5109 melius,
1504 5046 1666 5103 Patre
1720 5052 1910 5105 nescio
1938 5067 2081 5121 quo-

500 5131 662 5186 modo
698 5129 880 5185 minor
909 5139 1017 5194 cst,
1083 5133 1179 5189 sed
1209 5146 1265 5190 ct
1307 5137 1489 5206 major
1547 5138 1768 5192 demum
1804 5140 1915 5207 fiet,
1972 5156 2082 5210 quo

499 5232 660 5293 pacto
691 5237 843 5287 vero,
877 5221 1148 5291 dicemus,
1179 5241 1244 5281 ex
1285 5225 1588 5299 Scripturae
1617 5229 1817 5286 divina:
1845 5235 2083 5288 auctori-

497 5321 627 5369 tate.
685 5313 854 5370 Divus
909 5311 1114 5370 Paulus
1151 5317 1218 5372 de
1271 5318 1391 5388 ipso
1429 5320 1634 5376 alicubi
1689 5321 1849 5379 infit:
1902 5344 1922 5377 ι
1961 5322 2077 5381 Hoc

499 5407 700 5464 sentite
739 5406 792 5460 in
831 5407 1010 5472 vobis,
1042 5409 1186 5478 quod
1222 5417 1277 5464 et
1307 5411 1360 5465 in
1384 5410 1606 5467 Christo
1629 5411 1789 5470 Jesu:
1821 5417 1916 5487 qui
1949 5431 2075 5472 cum

496 5496 550 5548 in
587 5495 761 5552 forma
795 5499 891 5554 Dei
920 5509 1088 5565 esset,
1125 5517 1233 5557 non
1260 5504 1506 5574 rapinam
1531 5505 1830 5564 arbitratus
1847 5519 1930 5564 est
1954 5524 2081 5566 esse

495 5603 554 5642 se
582 5586 846 5660 :equalein
883 5593 1014 5661 Deo,
1049 5594 1146 5651 sed
1192 5597 1549 5668 semetipsum
1584 5599 1904 5668 exinanivit,
1959 5601 2076 5658 for-

559 5765 764 5825 "Psal.
789 5783 862 5838 ct,
895 5771 977 5826 is.

2201 1919 2534 1989 άγιάζοντος,
2566 1921 2843 1976 καὶτοῦτο
2867 1924 2926 1976 ἐν
2969 1923 3215 1996 ὑστέροις
3246 1927 3474 1996 καιροῖς,
3519 1927 3609 1980 ὅτε
3635 1926 3792 1994 γέγο-

2200 2030 2285 2066 νεν
2339 2013 2625 2086 ἄνθρωπος
2657 2032 2672 2082 ;
2707 2016 2985 2086 Θαυμάςω
3014 2017 3072 2070 δὲ
3117 2017 3266 2080 ὅπως
3319 2017 3518 2082 αὐτοὺς
3571 2018 3791 2072 κάκεῖνο

2199 2104 2471 2174 λανθάνει,
2505 2107 2681 2160 καίτοι
2719 2108 2839 2162 λίαν
2868 2108 3026 2173 ὄντας
3069 2109 3463 2180 φιλοζητητάς·
3498 2109 3530 2180 ἦ
3558 2110 3666 2180 γὰρ
3691 2109 3791 2162 οὐκ

2197 2198 2414 2271 ἀνάγκη
2444 2203 2608 2268 νοεῖν,
2631 2201 2889 2256 δύνασθαί
2919 2219 3048 2255 ποτε
3081 2201 3172 2255 τὸν
3196 2202 3325 2257 Υίδν
3355 2203 3451 2256 καὶ
3480 2202 3793 2256 ἀποπτύσαι

2196 2292 2288 2344 τδν
2317 2292 2606 2362 ἀγιασμὸν,
2635 2292 2907 2364 είπεροὺκ
2926 2291 3073 2346 ἔστιν
3104 2291 3367 2363 οὑσιὼδης
3393 2295 3450 2346 ἐν
3480 2291 3646 2363 αὐτῷ,
3675 2308 3795 2344 συν-

2198 2383 2295 2454 έϐη
2318 2383 2375 2438 δὲ
2404 2383 2594 2455 ὥσπερ
2623 2386 2774 2455 ἡμῖν,
2807 2385 2903 2438 καὶ
2923 2384 3096 2456 ἑτέρῳ
3129 2386 3230 2438 τινί
3259 2385 3366 2437 τῶν
3404 2384 3640 2453 λογικῶν
3671 2401 3791 2437 rct-

2200 2477 2461 2547 σμάτων;
2485 2476 2558 2529 Τὸ
2585 2471 2641 2531 δὲ
2674 2477 2961 2549 ἁγιότητος
2994 2478 3249 2541 ἐκπεσὸν,
3303 2477 3423 2546 οὐχὶ
3467 2477 3530 2547 δὴ
3574 2477 3792 2539 πάντως

2197 2567 2350 2620 ἔσται
2381 2568 2478 2621 καὶ
2530 2569 2636 2622 ὑπὸ
2663 2570 2731 2623 τὰ
2753 2570 2852 2640 τῆς
2897 2569 3175 2641 ἁμαρτίας
3199 2568 3396 2640 δεσμὰ,
3430 2569 3525 2622 καὶ
3568 2566 3792 2622 όκλάσει

2197 2658 2334 2728 πρὸς
2365 2659 2424 2712 τὺ
2462 2663 2661 2731 χεῖρον,
2695 2660 3164 2725 οὐκέτιδιασῶζον
3195 2660 3331 2731 πρὸς
3357 2660 3418 2712 τὸ
3453 2658 3791 2729 φαυλότητος

2195 2750 2302 2819 ἔξω
2320 2751 2572 2821 γενέσθαι
2602 2751 2790 2806 ποιοῦν
2814 2769 2828 2819 ;
2857 2751 3066 2806 Οὐκοῦν
3115 2751 3235 2806 οὐδὲ
3267 2751 3627 2813 ἀναλλοίωτος
3657 2751 3790 2819 ἡμῖν

2195 2845 2225 2896 6
2267 2843 2399 2910 Υίδς
2444 2844 2831 2916 εὑρεθήσεται,
2861 2843 3210 2914 διαψεύσεται
3245 2843 3303 2897 δὲ
3328 2842 3421 2896 καὶ
3468 2844 3497 2896 6
3533 2839 3790 2912 Μελῳδῦς

2197 2939 2256 2992 ὲν
2283 2936 2583 3006 Πνεύματι,
2617 2954 2635 2988 ι
2690 2937 2763 2990 Σὺ
2794 2935 2850 2989 δὲ
2887 2937 2917 2988 6
2960 2935 3124 2999 αὑτδς
3152 2930 3221 3002 εἷ,
3272 2954 3292 2986 ι
3330 2932 3487 3005 βοῶν,
3529 2934 3606 2998 ὡς
3649 2932 3791 3004 πρὸς

2199 3030 2380 3083 αὐτόν.
2417 3028 2561 3100 Πρὸς
2590 3027 2647 3081 δέ
2679 3045 2743 3095 γε
2773 3031 2886 3092 τοῖς
2922 3027 3234 3099 εἰρημένοις
3266 3025 3669 3100 περιαθρείσθω
3693 3025 3788 3078 καὶ

2196 3117 2375 3186 τοῦτο,
2409 3118 2644 3188 συγγενῆ
2671 3118 2773 3188 τὴν
2790 3117 3025 3188 θεωρίαν
3057 3110 3331 3188 εἰσφέρον,
3373 3115 3466 3170 τοῦ
3500 3114 3788 3186 μετίσχον-

2193 3229 2284 3276 τος
2317 3210 2378 3264 τδ
2419 3210 2783 3281 μετεχόμενον
2812 3209 2996 3280 ἕτερόν
3024 3226 3074 3261 τι
3111 3208 3252 3263 κατὰ
3291 3207 3390 3279 τὴν
3418 3206 3580 3276 φύσιν
3611 3206 3787 3277 ὑπάρ-

2193 3321 2328 3373 χειν,
2357 3302 2692 3357 ἀπαστισοῦν
2727 3302 3026 3370 ἀναγκάσει
3059 3300 3232 3370 λόγος.
3277 3301 3342 3353 Εἰ
3369 3299 3476 3370 γάρ
3512 3300 3587 3372 μὴ
3629 3297 3786 3353 τοῦτό

2193 3399 2340 3450 ἐστιν
2378 3394 2576 3466 ἀληθὲς
2603 3435 2615 3456 ,
2645 3393 2837 3447 διοίσει
2871 3394 2928 3447 δὲ
2973 3393 3092 3447 κατ’
3127 3392 3320 3446 οὐδένα
3373 3393 3575 3466 τρόπον
3607 3393 3786 3445 έκεῖνο

2194 3489 2332 3560 πρὸς
2371 3485 2530 3541 τοῦτο
2553 3527 2568 3550 ,
2601 3487 2694 3539 καὶ
2746 3486 2861 3540 ἔστι
2890 3485 3108 3553 ταυτὸν,
3140 3484 3334 3539 ἑαυτοῦ
3369 3485 3600 3556 μέτοχον
3629 3483 3782 3537 ἔσται

2193 3581 2254 3632 τό
2291 3596 2433 3642 τινος
2479 3577 2724 3648 μετέχον,
2759 3579 2896 3648 ὅπερ
2928 3577 3046 3630 ἐστὶ
3078 3578 3173 3631 καὶ
3206 3577 3367 3648 μόνον
3414 3577 3615 3630 ὲννοεῖν
3657 3576 3786 3628 ἀπί-

2195 3669 2373 3722 θανον.
2422 3668 2546 3733 Πῶς
2572 3669 2682 3739 γὰρ
2706 3669 2771 3723 ἄν
2803 3686 2886 3733 τις
2932 3668 3126 3721 ἑαυτοῦ
3165 3672 3337 3722 νοοῖτο
3369 3667 3724 3740 μετεσχηκώς
3763 3684 3779 3733 ;

2194 3759 2258 3812 ΕΞ
2284 3759 2341 3812 δὲ
2386 3763 2562 3813 κεῖται
2597 3761 2814 3824 πάντως
2861 3760 2920 3813 ἐν
2968 3760 3249 3831 ἑτερότητι
3296 3763 3498 3831 φυσικῇ
3529 3763 3596 3831 τῇ
3646 3759 3784 3830 πρὸς

2193 3851 2398 3922 ἄλληλα
2425 3852 2492 3906 τὰ
2531 3853 2817 3924 εἰρημένα,
2860 3851 2956 3907 καὶ
2982 3851 3259 3923 διατέμνει
3300 3853 3458 3922 λόγος
3487 3854 3784 3920 ἀναγκαῖος

2192 3945 2352 4008 αὐτὰ,
2384 3946 2668 4016 ὁράτωσαν
2691 3947 2736 3998 οἱ
2761 3947 2824 3998 ὲκ
2847 3946 3082 4018 μετοχῆς
3107 3947 3166 3999 τὸ
3196 3945 3420 4017 Πνεῦμα
3439 3945 3674 4007 διδόντες
3704 3943 3783 4015 τῷ

2191 4037 2488 4104 Μονογενεί
2517 4075 2530 4100 ,
2573 4035 2709 4106 πρὸς
2774 4036 2905 4106 ὅσην
2966 4035 3468 4098 κατολισθαίνοντες
3527 4034 3781 4089 ἀσέϐειαν

2191 4129 2291 4182 οὐκ
2318 4128 2681 4184 αἰσθάνονται.
2710 4128 2773 4181 El
2796 4129 2904 4200 γάρ
2927 4130 3154 4200 μέτοχός
3196 4130 3314 4182 ἐστι
3339 4127 3434 4181 τοῦ
3460 4129 3603 4181 Πνεύ
3614 4143 3782 4200 ματος

2190 4222 2218 4273 6
2247 4220 2393 4286 Υίὸς,
2419 4220 2574 4290 ἅγιον
2595 4219 2652 4272 δὲ
2685 4222 2750 4291 τῇ
2783 4220 2942 4290 φύσει
2969 4220 3030 4274 τὸ
3060 4220 3284 4292 Πνεῦμά
3308 4222 3477 4286 ἐστιν,
3499 4221 3598 4274 οὑκ
3628 4221 3779 4275 ἔσται

2191 4311 2331 4365 κατά
2362 4311 2524 4380 φύσιν
2556 4311 2710 4379 ἅγιος
2746 4311 2928 4374 αὐτός’
2966 4310 3180 4383 ἐδείχθη
3226 4312 3282 4364 δὲ
3328 4310 3486 4364 τοῦτο
3521 4311 3678 4381 μόλις
3711 4313 3776 4382 τῇ

2191 4402 2326 4473 πρὸς
2351 4402 2538 4474 ἕτερον
2573 4402 2881 4475 συμπλοκῇ,
2912 4402 3049 4472 πρὸς
3085 4402 3148 4457 τὸ
3171 4404 3415 4474 ἄμεινον,
3439 4404 3469 4476 ἢ
3499 4405 3557 4456 ὲν
3582 4397 3777 4474 οἷσπερ

403 4561 420 4572 ν
502 4508 572 4548 ne
597 4493 687 4547 vix
722 4495 940 4572 tandem
973 4494 1109 4550 illud
1148 4505 1486 4554 consecutus
1537 4508 1645 4565 est,
1677 4501 1743 4554 ad
1802 4503 2081 4558 meliorem

2194 4492 2258 4570 ἦν
2323 4498 2468 4568 ἀρχῇ
2490 4503 2514 4559 ,³
2554 4495 2696 4549 κατά
2767 4496 2927 4568 χάριν
2991 4497 3569 4566 μεταστοιχειούμενος
3600 4512 3614 4524 ·
3662 4496 3777 4549 ἀλλ’

2191 4586 2371 4657 ὁράτω
2394 4585 2556 4640 πάλιν
2588 4588 2617 4640 6
2649 4585 2936 4656 θεομάχος,
2968 4587 3048 4650 είς
3096 4587 3228 4660 ὅσην
3282 4590 3431 4660 αὐτῷ
3462 4587 3777 4642 δυσσέϐειαν

2191 4680 2558 4754 καταστρέφει
2589 4678 2659 4732 τὰ
2706 4678 3090 4751 προϐλήματα.
3141 4679 3367 4750 Πρῶτον
3415 4682 3512 4750 μὲν
3543 4680 3653 4753 γὰρ
3684 4680 3778 4735 άλ-

2189 4772 2404 4834 λοίωσὶς
2434 4789 2518 4836 τις
2571 4771 2665 4826 καὶ
2689 4771 2886 4843 τροπὴ,
2922 4771 3174 4844 καθάπερ
3197 4772 3298 4845 ἤδη
3332 4775 3617 4844 προεῖπον,
3651 4773 3778 4845 περὶ

2188 4868 2279 4921 τὸν
2309 4867 2437 4920 Υἱὸν
2483 4866 2837 4937 εὑρεθήσεται
2867 4882 2882 4897 ο
2910 4866 3222 4930 ἀλλοιωοεὶς
3245 4866 3302 4920 δὲ
3329 4865 3452 4920 καθ’
3483 4867 3650 4937 ὑμᾶς,
3681 4868 3778 4921 καὶ

2191 4958 2470 5031 προκόψας
2503 4958 2595 5010 ἐπὶ
2618 4956 2678 5010 τὸ
2699 4958 2941 5028 ἄμεινον,
2972 4957 3072 5026 οὐχ
3101 4957 3249 5020 ὅπως
3281 4955 3521 5027 ἐλάττων
3546 4957 3662 5010 ἐστὶ
3683 4955 3774 5009 τοῦ

2183 5049 2417 5122 Πατρὸς,
2452 5048 2567 5104 ἀλλ’
2599 5049 2700 5120 ἠδη
2748 5065 2866 5111 πως
2909 5048 3002 5101 καὶ
3037 5050 3096 5101 ὲν
3149 5048 3362 5117 μείζοσι
3395 5046 3638 5116 γεγονὼς
3665 5049 3775 5101 δει-

2180 5141 2461 5214 χθήσεταισ
2494 5144 2586 5196 καὶ
2601 5143 2770 5208 ὅπως,
2798 5139 3053 5213 ἐροῦμεν,
3079 5139 3187 5194 ἀπὸ
3210 5139 3311 5210 τῆς
3337 5139 3486 5203 θείας
3521 5139 3776 5204 λαϐόντες

2181 5235 2423 5305 Γραφῆς’
2465 5234 2522 5288 ’0
2556 5233 2842 5296 θεσπέσιος
2873 5231 3085 5295 Παῦλος
3117 5232 3244 5302 περὶ
3264 5227 3434 5284 αὐτοῦ
3471 5231 3577 5284 πού
3617 5248 3770 5302 φησι·

2191 5349 2208 5379 ι
2237 5329 2409 5382 Τοῦτο
2439 5327 2702 5400 φρονείτω
2737 5326 2968 5388 ἕκαστος
3006 5326 3065 5378 ὲν
3096 5325 3245 5394 ὑμῖν,
3275 5324 3304 5377 6
3337 5325 3430 5377 καὶ
3474 5325 3534 5378 ἐν
3553 5320 3776 5395 Χριστῷ

2201 5419 2392 5492 Ἰησοῦ,
2421 5419 2479 5482 ὃς
2515 5422 2572 5472 ἐν
2615 5419 2795 5488 μορφῇ
2841 5414 2979 5470 Θεοῦ
3021 5401 3316 5486 ὑπάρχων,
3347 5415 3444 5485 οὑχ
3481 5414 3775 5486 ἁρπαγμὸν

2186 5515 2430 5586 ἡγήσατο
2460 5510 2521 5564 τὸ
2553 5504 2692 5564 εἶναι
2725 5509 2816 5563 ῐσα
2845 5507 2986 5578 Θεῷ,
3019 5507 3134 5562 ἀλλ’
3164 5508 3356 5561 ἑαυτὸν
3383 5506 3621 5561 ὲκένωσε
3645 5523 3777 5578 μορ-

2187 5607 2291 5677 φὴν
2325 5604 2510 5658 δούλου
2543 5601 2745 5670 λαϐὼν,
2775 5601 2835 5656 ὲν
2869 5599 3177 5670 ὁμοιώματι
3204 5597 3509 5669 ἀνθρώπων
3541 5598 3778 5673 γενόμε-
