4090 6266
389 234 487 289 ‘17)!

1444 229 1514 284 IN
1550 227 1837 284 JOANNIS
1871 225 2321 284 EVANGELIUM
2360 228 2489 290 LIB.
2522 230 2586 287 11.

3532 232 3641 291 202

390 362 501 413 νος,
525 345 621 398 καὶ
652 344 891 415 σχήματι
915 342 1155 415 εὑρεθεὶς
1181 344 1257 406 ὡς
1276 341 1577 415 ἅνθρωπος,
1606 343 1968 397 ἐταπείνωσεν

2084 356 2215 396 mam
2247 347 2394 400 servi
2443 345 2743 415 accipiens,
2806 344 2861 399 in
2902 346 3316 404 similitudinem
3354 348 3639 408 hominum

390 437 627 492 ἑαυτόνο
661 454 683 488 ι
728 436 817 490 ὅτε
859 435 1045 489 τοίνυν
1076 435 1183 506 πρὸ
1224 434 1322 506 μὲν
1366 437 1463 505 τῆς
1510 433 1969 505 ἐνανθρωπήσεως

391 525 462 601 ἦν
499 528 560 583 ὲν
592 528 773 598 μορφῇ
806 526 900 579 καὶ
948 524 1155 596 ἰσότητι
1202 524 1295 578 τοῦ
1344 523 1557 595 Πατρὸς
1579 562 1594 587 ,
1623 522 1764 577 κατὰ
1789 522 1847 574 δὲ
1877 521 1969 574 τὸν

393 620 498 690 τῆς
531 617 991 687 ὲνανθρωπήσεως
1021 616 1210 687 χρόνον
1237 616 1299 670 τὸ
1327 614 1553 685 Πνεῦμα
1583 612 1762 666 λαϐὼν
1784 610 1845 676 ἐξ
1882 611 1973 663 οὺ-

400 710 564 781 ρανοῦ
592 707 829 781 ἡγιάσθη
873 707 992 761 κατ’
1038 707 1299 770 ἐκείνους,
1338 706 1601 777 κρείττων
1650 720 1707 757 τε
1738 704 1853 773 ἅμα
1878 701 1973 754 καὶ

400 802 601 873 μείζων
634 797 827 857 ἑαυτοῦ
869 798 959 852 διὰ
997 798 1200 869 ταύτην
1229 797 1600 867 ἀναπέφανται
1642 793 1740 867 τὴν
1772 793 1971 857 αίτίαν,

399 893 681 965 ὑπεραίρει
731 891 973 963 δηλονότι
1030 890 1216 946 λοιπὸν
1262 890 1448 945 καὶτὸ
1492 887 1587 965 τοῦ
1620 889 1974 960 γεννήσαντος

400 949 615 1057 μέτρονί
646 984 760 1039 Καὶ
783 949 833 1036 ἐι
853 982 1161 1054 τὸΠνεῦμα
1186 981 1366 1037 λαϐὼν
1387 982 1468 1044 εἰς
1494 949 1976 1050 τίὺτίερετὶέκεινα

396 1075 490 1130 τοῦ
538 1074 755 1146 Πατρὸς
798 1073 1139 1143 ἀναϐέϐηκεν
1182 1072 1420 1144 ἀξίωμα,
1450 1074 1694 1142 κρεῖττον
1723 1071 1832 1140 ἄρα
1859 1069 1976 1125 ἐστὶ

395 1166 456 1220 τὸ
492 1165 719 1236 Πνεῦμα
763 1166 856 1219 καὶ
912 1165 1078 1219 αὑτοῦ
1126 1165 1374 1237 Πατρὸς,
1416 1164 1516 1235 τὴν
1554 1167 1671 1218 κατ’
1697 1163 1859 1218 αὐτοῦ
1899 1161 1977 1234 τῷ

397 1257 515 1326 Υἱῷ
563 1254 920 1328 χαριζόμενον
957 1256 1250 1325 ὑπεροχήν.
1291 1254 1387 1318 Τίς
1436 1250 1529 1307 οὖν
1568 1253 1677 1324 ἄρα
1723 1252 1979 1322 καὶπρὸς

402 1350 569 1419 μόνην
598 1350 700 1402 οὐκ
743 1346 1035 1418 ἀποφρίξει
1077 1346 1175 1417 τὴν
1218 1348 1427 1418 ἀκοήν;
1457 1345 1704 1402 Χαλεπὸν
1736 1346 1833 1416 μὲν
1866 1345 1980 1415 γὰρ

399 1440 568 1504 ὅντως
595 1441 689 1494 καὶ
714 1438 777 1493 τὸ
813 1438 902 1492 διὰ
931 1437 1041 1492 τῶν
1069 1437 1320 1492 τοιούτων
1359 1438 1494 1491 ἱέναι
1522 1437 1695 1506 λόγων
1720 1452 1732 1466 ·
1768 1434 1884 1489 ἔστι
1915 1447 1982 1503 γε

404 1530 514 1603 μὴν
539 1532 638 1602 οὐχ
665 1530 868 1601 ἑτέρως
903 1529 972 1583 τὰ
998 1529 1064 1582 ὲκ
1092 1530 1190 1599 τῆς
1227 1529 1449 1582 ἐκείνων
1477 1526 1805 1598 δυστροπίας
1847 1528 1983 1581 ἁπο-

404 1606 742 1693 κρούσασθαι
792 1619 983 1691 βλάϐη.
1027 1620 1119 1673 Διὸ
1148 1619 1212 1691 δὴ
1264 1619 1427 1672 πάλιν
1468 1617 1703 1689 ἐροῦμεν
1757 1618 1937 1679 αὐτοῖς
1963 1633 1978 1648 ο

2072 431 2272 497 factus,
2319 444 2374 490 et
2426 438 2587 507 120
2644 436 2835 493 habitu
2908 439 3167 495 inventus
3200 448 3260 494 ut
3308 440 3493 507 homo,
3530 442 3642 498 hu-

2071 526 2306 581 tniliavit
2336 531 2692 599 semetipsum
2717 531 2783 585 ".
2824 549 2842 583 ι
2907 532 3045 586 Cum
3077 547 3208 601 ergo
3237 540 3365 587 ante
3386 534 3641 590 incarna-

2072 616 2277 672 tionem
2324 627 2475 673 esset
2530 620 2587 673 in
2621 619 2797 675 forma
2827 629 2882 675 et
2934 623 3247 692 aequalitate
3285 622 3487 691 Patris,
3545 626 3643 683 sed

2072 708 2475 764 incarnationis
2547 716 2796 779 tempore
2859 711 3085 767 cmlitus
3137 720 3363 782 accepto
3431 712 3641 785 Spiritu

2072 797 2452 855 sanetificatus
2483 799 2580 863 sit,
2615 807 2675 854 ut
2701 800 2777 855 illi
2806 801 3020 866 volunt,
3058 803 3360 874 meliorque
3390 811 3443 859 et
3466 805 3644 876 major

2075 890 2257 959 scipso
2314 890 2457 945 hanc
2506 892 2576 946 ob
2634 907 2859 947 causam
2922 893 3197 959 redditus,
3259 894 3438 964 major
3473 896 3642 951 etiam

2072 976 2235 1034 Patre
2263 979 2442 1043 factus
2473 988 2558 1035 est
2589 980 2865 1038 videlicet.
2897 980 3045 1049 Jam,
3073 983 3118 1038 si
3151 993 3384 1052 accepto
3429 983 3644 1054 Spiritu

2075 1069 2217 1125 ultra
2250 1070 2571 1141 dignitatem
2597 1070 2777 1129 Patris
2805 1079 2890 1127 est
2920 1082 3166 1139 evectus,
3194 1075 3451 1144 superior
3479 1076 3650 1144 igitur

2075 1168 2160 1216 est
2185 1162 2305 1232 ipso
2346 1178 2567 1233 quoque
2620 1163 2782 1219 Patre
2832 1163 3100 1235 Spiritus,
3156 1166 3252 1236 qui
3292 1166 3647 1222 eminentiam

2076 1252 2243 1309 Patre
2275 1254 2538 1325 majorem
2562 1253 2702 1310 Filio
2736 1256 2985 1326 largitur.
3012 1255 3150 1323 Quis
3181 1272 3312 1328 ergo
3342 1257 3428 1313 vel
3457 1257 3646 1311 auditu

2077 1342 2196 1398 solo
2226 1358 2336 1397 non
2372 1344 2777 1401 exhorrescat?
2807 1346 3095 1401 Enimvero
3143 1361 3311 1417 grave
3345 1352 3432 1402 est
3468 1344 3652 1417 profe-

2079 1443 2170 1490 cto
2202 1436 2544 1505 ejuscemodi
2575 1437 2744 1492 verba
2779 1436 2992 1492 facere:
3037 1437 3135 1493 sed
3182 1437 3343 1493 aliter
3380 1452 3490 1493 non
3518 1452 3649 1509 pos-

2080 1542 2270 1581 sumus
2294 1542 2483 1587 eorum
2511 1528 2910 1599 malignitatem
2944 1529 3262 1586 retundere.
3287 1529 3471 1597 Quare
3500 1531 3652 1603 ipsos

2083 1619 2280 1673 iterum
2311 1619 2699 1689 aggrediemur
2728 1620 2815 1675 his
2858 1622 3084 1677 verbis:
3119 1621 3341 1688 Si,cum
3381 1622 3545 1678 homo
3572 1620 3653 1679 fa-

356 1774 362 1779 .
408 1684 460 1765 εί
478 1712 570 1765 ὅτε
594 1684 817 1779 γέγονεν
849 1684 1132 1783 ἄνθρωπος
1163 1684 1308 1763 δ’τοῦ
1337 1708 1472 1763 Θεοῦ
1504 1684 1674 1778 λόγος
1699 1709 1978 1778 ἁγιάζεται

2084 1714 2227 1761 etum
2262 1684 2471 1763 estvDei
2504 1706 2764 1775 Verbum,
2789 1717 2921 1765 tunc
2943 1720 3166 1781 accepto
3185 1684 3403 1781 Spiritu
3436 1711 3649 1768 sancti-

408 1803 473 1856 τὸ
504 1802 730 1873 Πνεῦμα
775 1800 956 1855 λαϐών
977 1818 991 1832 ·
1032 1801 1138 1872 πρὸ
1188 1799 1247 1853 δὲ
1280 1801 1380 1870 τῆς
1431 1798 1887 1871 ὲνανθρωπήσεως
1913 1794 1980 1869 ἦν

410 1891 469 1942 ὲν
497 1892 676 1961 μορφῇ
705 1890 798 1943 καὶ
828 1889 1032 1959 ἰσότητι
1059 1886 1152 1941 τοῦ
1181 1887 1412 1959 Πατρὺς,
1439 1886 1589 1941 οὔπω
1608 1887 1726 1942 κατ’
1742 1888 1981 1952 ἐκείνους

410 1982 761 2051 ἡγιασμένος,
795 1979 913 2049 ὥρα
937 1979 1116 2048 λέγειν
1151 1979 1654 2051 ἀποτολμήσαντας,
1690 1978 1841 2047 ἅγιον
1878 1979 1980 2031 οὐκ

409 2069 545 2126 εἶναι
570 2072 663 2127 τὸν
694 2072 825 2126 Θεὸν
854 2071 945 2125 καὶ
976 2069 1216 2142 Πατέρα,
1256 2070 1413 2147 εἴπερ
1442 2071 1577 2134 ὅλως
1605 2073 1634 2124 6
1660 2070 1980 2141 σύμμορφός

406 2181 465 2217 τε
521 2163 617 2218 καὶ
669 2163 783 2225 τσος
818 2162 970 2232 αὐτῷ
1001 2162 1142 2215 κατὰ
1168 2161 1344 2215 πάντα
1374 2162 1565 2230 Λόγος,
1599 2161 1753 2229 ἆγιος
1791 2162 1892 2215 οὐκ
1913 2157 1982 2231 ἦν

391 2257 465 2308 “ἐν
501 2254 664 2325 ἀρχῇ,
695 2255 752 2308 ἐν
779 2254 1028 2324 ὑστέροις
1060 2253 1118 2306 δὲ
1157 2252 1309 2324 μόλις
1340 2251 1500 2306 τοῦτο
1527 2252 1717 2321 γέγονε
1747 2255 1979 2324 καιροῖς.

407 2343 518 2398 Καὶ
556 2345 745 2398 πάλινο
778 2346 827 2397 εί
865 2345 1028 2409 αὑτός
1055 2346 1171 2398 ἔστι
1215 2346 1417 2417 κυρίως
1445 2346 1474 2397 6
1517 2344 1609 2398 τοῦ
1647 2345 1781 2401 Θεοῦ
1810 2344 1985 2413 Λόχος

408 2434 469 2487 τὸ
519 2432 746 2506 Πνεῦμα
775 2434 1106 2507 λαμϐάνων,
1136 2437 1230 2492 καὶ
1264 2434 1619 2507 ἁγιαζόμενος
1652 2437 1711 2490 ὲν
1744 2435 1851 2506 ἰδίᾳ
1882 2433 1985 2504 φύ-

411 2541 512 2590 σει,
548 2525 856 2594 λεγέτωσαν
910 2528 1041 2598 ἡμῖν
1081 2529 1130 2581 οί
1180 2527 1246 2581 δι’
1284 2528 1549 2593 ἐναντίας,
1581 2528 1809 2599 πότερόν
1851 2546 1985 2584 ποτε

408 2612 614 2682 μείζων
645 2613 838 2668 ἑαυτοῦ
873 2616 1153 2687 γέγονενῆ
1186 2616 1441 2684 ἐλάττων,
1465 2617 1499 2687 ἢ
1543 2618 1637 2671 καὶ
1677 2618 1889 2688 ἔμεινεν
1927 2621 1985 2673 ὲν

409 2706 696 2777 ταυτότητι
731 2706 889 2761 τοῦτο
938 2706 1146 2763 παθών.
1177 2707 1240 2761 Εί
1295 2708 1393 2780 μὲν
1440 2709 1548 2781 γὰρ
1587 2709 1738 2762 οὐδὲν
1786 2710 1851 2762 ἐκ
1890 2708 1984 2761 τοῦ

412 2795 729 2867 Πνεύματος
756 2798 869 2868 ἔχει
898 2798 958 2851 τὺ
983 2797 1163 2864 πλέον,
1199 2797 1349 2867 μένει
1382 2798 1439 2852 δὲ
1474 2799 1615 2853 οὕτω
1639 2799 1891 2869 καθάπερ
1918 2796 1986 2871 ἦν

410 2885 644 2952 ὁαύτὸς,
689 2887 764 2958 μὴ
798 2886 1149 2951 σκανδαλίζου
1184 2887 1498 2958 μανθάνων,
1547 2888 1628 2942 ὅτι
1678 2887 1986 2959 καταϐέϐη-

415 2993 510 3032 κεν
545 2980 628 3031 ἐπ’
660 2978 841 3032 αὐτόν.
874 2980 938 3033 Et
964 2978 1021 3032 δὲ
1061 2978 1290 3049 ἠδικήθη
1337 2979 1535 3044 λαϐὼν,
1562 2980 1655 3033 καὶ
1680 2981 1902 3050 γέγονεν
1927 2983 1986 3033 ὲν

416 3066 697 3133 ἐλάττοσι,
727 3066 965 3136 παθητὸν
1011 3068 1141 3138 ἡμῖν
1183 3067 1437 3130 εἰσοίσεις
1489 3067 1583 3121 τὸν
1638 3068 1812 3136 Λόγον
1841 3108 1855 3133 ,
1890 3070 1986 3121 καί

419 3159 818 3231 κατηγορήσεις
854 3159 953 3228 τῆς
1014 3159 1204 3223 οὐσίας
1254 3158 1348 3211 τοῦ
1389 3159 1640 3229 Πατρὸς,
1674 3158 1987 3221 ἀδικοῦντος

423 3249 659 3320 μᾶλλον,
701 3249 734 3320 ἢ
787 3250 1118 3319 ἁγιάζοντος.
1163 3251 1227 3321 Εί
1273 3250 1330 3304 δὲ
1378 3249 1617 3321 ἀμείνων
1671 3249 1880 3320 ἐδείχθη
1926 3250 1988 3302 τὸ

422 3339 647 3410 Πνεῦμα
664 3338 956 3413 λαϐὼν,,.ἦν
986 3342 1043 3396 δὲ
1068 3343 1162 3396 καὶ
1195 3343 1253 3396 ἐν
1299 3344 1478 3413 μορφῇ
1514 3342 1608 3395 καὶ
1650 3342 1856 3411 ίσότητι
1895 3341 1986 3395 τοῦ

419 3432 652 3502 Πατρὸς,
687 3433 778 3487 καὶ
829 3433 957 3504 πρὶν
989 3434 1150 3487 αὑτὸν
1178 3433 1531 3504 βελτιωθῆναι
1560 3432 1683 3486 καθ’
1708 3433 1989 3504 ὑμᾶς,ούκ

417 3525 498 3588 είς
549 3525 825 3595 ἀκρότητα
857 3523 1028 3595 δόξης
1077 3524 1418 3594 ἀναϐέϐηκεν
1450 3528 1478 3578 6
1515 3524 1732 3596 Πατὴρ,
1774 3523 1891 3577 ἀλλ’
1929 3523 1987 3575 ἐν

416 3615 642 3680 ἐκείνοις
681 3616 832 3670 ἔσται
881 3619 994 3680 τοῖς
1029 3616 1266 3688 μέτροις,
1295 3617 1352 3671 ἐν
1382 3611 1575 3687 οἷσπερ
1615 3612 1682 3687 ἦν
1712 3616 1808 3668 σὺν
1838 3612 1987 3683 αύτῷ

417 3704 739 3775 σύμμορφός
786 3722 847 3758 τε
883 3705 980 3761 καὶ
1039 3705 1153 3768 ίσος
1197 3705 1459 3776 ὑπάρχων
1494 3706 1523 3759 6
1550 3703 1686 3775 πρὸς
1717 3703 1777 3757 τὸ
1802 3704 1986 3774 μεῖζον

412 3792 764 3864 ἀναπηδήσας
802 3792 953 3856 Υίός.

485 3972 756 4042 Εῦκαιρον
805 3966 901 4024 οὖν
944 3965 1097 4040 οἶμαι
1154 3968 1332 4037 λέγειν
1367 3969 1457 4021 ἐπὶ
1494 3969 1606 4030 τοῖς
1645 3966 1989 4028 ἀπαιδεύτοις

416 4065 713 4133 αἱρετικοῖς
753 4080 767 4093 ο
852 4083 869 4114 ι
910 4062 1041 4117 Ἰδοὺ
1100 4061 1227 4125 λαὸς
1285 4061 1503 4131 μωρὸς,
1561 4059 1656 4113 καὶ
1711 4058 1984 4129 ἁκάρδιος’

415 4153 687 4222 ὀφθαλμοὶ
719 4152 936 4216 αὐτοῖς,
975 4152 1070 4205 καὶ
1102 4152 1162 4204 οὐ
1199 4150 1504 4221 βλέπουσιν.
1534 4167 1553 4201 ι
1610 4148 1988 4218 ’Δπετύφλωσε

392 4244 527 4314 -γὰρ
560 4243 728 4307 ὅντως
754 4244 783 4295 6
814 4242 944 4306 Θεὸς
974 4242 1067 4296 τοῦ
1097 4243 1292 4306 αἰῶνος
1318 4241 1507 4295 τούτου
1528 4240 1599 4293 τὰ
1615 4240 1861 4310 νοήματα
1878 4239 1989 4293 τῶν

2082 1795 2299 1860 ﬁcatur,
2341 1805 2468 1851 ante
2497 1797 2933 1854 incarnationem
2972 1815 3106 1856 vero
3137 1801 3192 1855 in
3234 1799 3409 1856 forma
3443 1810 3564 1857 erat
3596 1808 3654 1856 et

2079 1884 2388 1953 aequalitate
2431 1884 2635 1952 Patris,
2688 1887 2954 1955 nondum,
2997 1903 3065 1944 ex
3120 1902 3313 1944 eorum
3349 1891 3651 1959 sententia,

2082 1974 2540 2031 sanctificatum:
2611 1978 2862 2049 sequitur
2933 1980 3258 2038 necessario
3331 1981 3650 2046 dicendum,

2081 2066 2253 2124 Deum
2284 2082 2348 2122 ac
2384 2066 2603 2124 Patrem
2635 2083 2746 2123 non
2800 2085 2921 2125 esse
2982 2079 3237 2127 sanetum
3291 2072 3366 2138 si,
3428 2088 3553 2129 cum
3600 2074 3651 2127 ei

2083 2158 2365 2215 conforme
2392 2169 2446 2215 et
2473 2162 2685 2230 aquale
2712 2157 2960 2216 Verbum
3003 2163 3080 2217 sit
3113 2163 3168 2216 in
3203 2163 3480 2229 omnibus,
3527 2179 3656 2219 san-

2082 2258 2230 2305 ctum
2266 2260 2449 2308 tamen
2496 2267 2607 2309 non
2654 2259 2775 2309 erat
2826 2253 3119 2324 principio,
3183 2254 3281 2310 sed
3332 2256 3652 2310 novissimis

2081 2343 2428 2413 temporibus
2457 2343 2547 2401 vix
2597 2346 2820 2401 tandem
2856 2355 3110 2403 sanctum
3158 2344 3278 2401 fuit.
3327 2344 3600 2402 Praeterea
3635 2364 3650 2399 :

2084 2433 2133 2489 si
2169 2433 2343 2504 ipsum
2371 2443 2457 2492 est
2483 2437 2704 2507 proprie
2746 2437 2843 2494 Dei
2882 2436 3149 2502 Verbum,
3182 2437 3333 2508 quod
3377 2436 3646 2508 Spiritum

2084 2525 2283 2598 accipit
2308 2534 2363 2582 et
2402 2528 2457 2582 in
2489 2536 2691 2584 natura
2728 2543 2826 2585 sua
2850 2528 3253 2596 sanctiﬁcatur,
3277 2529 3462 2584 dicant
3492 2529 3654 2584 nobis

2083 2615 2403 2683 adversarii,
2430 2624 2615 2672 utrum
2648 2618 2864 2674 tandem
2897 2620 3080 2689 seipse
3119 2618 3298 2688 majus
3340 2617 3547 2673 factum
3578 2618 3654 2675 sit

2084 2711 2180 2759 aut
2199 2705 2402 2771 minus,
2436 2716 2530 2761 aut
2554 2721 2620 2762 eo
2651 2716 2877 2778 accepto
2910 2708 2966 2762 in
2998 2708 3192 2765 eodem
3227 2717 3372 2765 statu
3408 2724 3657 2781 perman-

2086 2795 2240 2850 serit.
2261 2792 2397 2848 Nam
2428 2795 2476 2849 si
2514 2797 2748 2866 amplius
2781 2797 2919 2853 nihil
2955 2799 3127 2854 habet
3163 2809 3388 2868 accepto
3418 2799 3652 2871 Spiritu,

2085 2886 2180 2942 sed
2214 2887 2460 2957 idipsum
2493 2896 2677 2943 manet
2716 2889 2867 2959 quod
2907 2898 3049 2955 erat,
3086 2889 3203 2944 noli
3256 2891 3471 2945 turbari
3528 2905 3655 2946 cum

2086 2977 2328 3034 audieris
2367 2977 2631 3049 Spiritum
2656 2980 2713 3034 in
2746 2994 2873 3036 eum
2904 2980 3286 3037 descendisse.
3327 2981 3483 3048 Quod
3511 2982 3560 3038 si
3589 2997 3656 3037 eo

2086 3079 2342 3139 suscepto
2394 3069 2784 3126 detrimentum
2841 3072 3066 3141 aliquod
3116 3081 3170 3128 et
3215 3073 3658 3129 imminutionem

2088 3160 2370 3224 sustinuit,
2404 3160 2628 3230 patibile
2659 3161 2819 3216 nobis
2860 3160 3100 3219 Verbum
3129 3169 3361 3229 statues,
3397 3171 3453 3217 et
3478 3162 3659 3218 Patris

2087 3250 2448 3306 substantiam
2478 3251 2782 3318 incusabis,
2818 3251 2913 3321 qui
2967 3252 3229 3306 damnum
3282 3252 3451 3308 infert
3477 3253 3659 3322 potius

2087 3355 2250 3410 quam
2283 3339 2612 3397 sanctificat.
2640 3340 2739 3396 Sin
2770 3347 2954 3395 autem
2977 3348 3203 3411 accepto
3230 3340 3436 3413 Spiritu
3467 3344 3661 3398 melior

2087 3427 2317 3484 etl‘ectus
2369 3437 2653 3485 est:,erat
2685 3435 2867 3483 autem
2924 3428 2978 3483 in
3036 3428 3216 3484 forma
3241 3437 3296 3484 et
3349 3431 3664 3501 aequalitate

2087 3516 2288 3583 Patris,
2321 3518 2486 3591 etiam
2519 3526 2811 3589 antequam
2843 3520 3040 3575 melior
3065 3519 3405 3588 redderetur,
3447 3530 3506 3575 ut
3538 3537 3665 3577 sen-

2089 3609 2204 3667 titis
2230 3627 2246 3676 ;
2278 3608 2443 3665 Pater
2462 3608 2742 3680 fastigium
2770 3611 2960 3681 gloriae
2992 3626 3102 3666 non
3132 3613 3332 3683 attigit,
3366 3612 3462 3670 sed
3487 3615 3541 3668 in
3571 3630 3665 3669 eo-

2088 3701 2212 3757 dem
2240 3702 2348 3756 erit
2383 3707 2535 3777 statu
2563 3700 2618 3755 in
2644 3715 2757 3772 quo
2795 3709 3068 3757 eratcum
3107 3703 3227 3773 ipso
3277 3705 3581 3763 conformis
3609 3717 3664 3761 et

2087 3790 2316 3860 aequalis
2340 3790 2429 3845 ille
2449 3788 2645 3858 Filius,
2674 3791 2767 3861 qui
2802 3791 2871 3847 ad
2899 3792 3317 3851 eminentiorem
3349 3802 3552 3851 statum
3578 3806 3665 3853 est

2088 3891 2331 3939 ενεοιιιε.

2159 3971 2479 4044 Opportune
2530 3973 2717 4044 itaque
2772 3974 2842 4029 de
2896 3974 3171 4045 imperitis
3222 3977 3496 4033 haereticis
3553 3977 3662 4033 dici

2091 4073 2303 4137 potest:
2346 4084 2365 4117 ι
2399 4064 2541 4121 Ecce
2563 4066 2799 4136 populus
2822 4067 3024 4121 stultus
3051 4075 3107 4122 et
3128 4067 3247 4122 sine
3273 4068 3440 4123 corde
3469 4086 3484 4121 :
3515 4070 3662 4123 oculi

2090 4157 2195 4221 eis,
2228 4163 2282 4212 et
2338 4170 2448 4210 non
2509 4156 2698 4211 vident
2720 4155 2790 4207 ³⁸.
2835 4174 2854 4206 ι
2919 4155 3231 4210 Excaecavit
3263 4157 3408 4211 enim
3469 4173 3662 4218 revera

2091 4246 2237 4302 Deus
2268 4246 2454 4302 smeuli
2488 4245 2657 4315 hujus
2684 4245 2851 4299 corda
2878 4245 3202 4312 infidelium,
3237 4261 3305 4301 ne
3330 4247 3663 4303 illuminatio

420 4334 701 4397 ἀπίστων,
752 4336 831 4395 είς
876 4333 938 4386 τὸ
999 4333 1074 4403 μὴ
1138 4334 1374 4401 αὐγάσαι
1419 4332 1511 4385 τὸν
1559 4331 1835 4401 φωτισμὸν
1890 4330 1982 4384 τοῦ

2088 4335 2365 4407 Evangelii
2391 4336 2578 4406 gloriae
2611 4333 2820 4391 Christi
2846 4335 2927 4390 eis
2955 4334 3175 4389 illuceat
3195 4335 3259 4389 ’⁸.
3288 4335 3499 4400 Quibus
3517 4347 3665 4392 certe

420 4422 754 4490 Εὐαγγελίου
788 4424 887 4491 τῆς
914 4422 1070 4491 δόξης
1100 4422 1191 4475 τοῦ
1217 4421 1452 4492 Χριστοῦ
1476 4438 1490 4453 ·
1525 4418 1607 4484 οἷς
1638 4420 1702 4490 δὴ
1728 4421 1823 4474 καὶ
1854 4421 1988 4489 μᾶλ-

417 4516 511 4568 λον
541 4500 936 4580 ἐπαλγύνεσθαι
958 4512 1092 4574 δεῖν,
1123 4512 1183 4563 ού
1208 4512 1552 4581 χαλεπαίνειν
1580 4511 1748 4575 ἄξιον.
1781 4511 1855 4565 Οὐ
1877 4512 1986 4581 γὰρ

419 4609 618 4668 ἴσασιν,
652 4607 689 4661 ἃ
727 4605 1230 4674 ἁναγινώσκουσιν’
1291 4608 1371 4659 ὅτι
1408 4606 1465 4659 δὲ
1507 4605 1712 4677 ἀληθὴς
1749 4608 1777 4659 6
1808 4607 1983 4674 λόγος,

416 4700 668 4755 ἐντεῦθεν
702 4703 835 4771 ἡμῖν
870 4700 1025 4753 ἔσται
1054 4699 1378 4767 καταφανὲς,
1415 4699 1463 4751 εἰ
1507 4699 1600 4752 καὶ
1639 4700 1718 4752 ὅτι
1752 4698 1987 4768 μάλιστα

415 4794 505 4847 διὰ
561 4792 670 4845 τῶν
734 4793 836 4862 ήδη
900 4789 1509 4861 προγεγυμνασμένων,
1581 4790 1680 4843 οὐκ
1739 4790 1985 4859 ἄκομψον

416 4880 791 4949 ἐποιησάμεθα
817 4880 915 4951 τὴν
954 4879 1229 4945 ἀπόδειξιν
1254 4894 1268 4907 ·
1324 4878 1455 4931 αὐτὸ
1485 4878 1540 4930 δὲ
1567 4879 1729 4932 πάλιν
1759 4880 1889 4949 ἡμῖν
1925 4878 1988 4930 τὸ

416 4971 505 5023 διὰ
532 4971 630 5038 τῆς
658 4970 749 5023 τοῦ
794 4971 1008 5024 Παύλου
1036 4969 1357 5039 λελεγμένον
1390 4968 1572 5036 φωνῆς
1601 4970 1982 5039 προστήσεται.

424 5079 445 5111 ι
475 5060 644 5112 Τοῦτο
686 5061 968 5129 φρονείτω,
1005 5060 1189 5130 φησὶν,
1220 5059 1449 5121 ἕκαστος
1473 5061 1529 5109 ὲν
1550 5057 1675 5127 ὑμῖν
1714 5058 1915 5123 αὐτοῖς,
1958 5057 1987 5109 ὃ

417 5151 515 5205 καὶ
556 5151 615 5202 ὲν
641 5148 857 5218 Χριστῷ
889 5150 1082 5218 Ἰησοῦ,
1120 5149 1178 5212 ὃς
1218 5150 1278 5212 ὲν,
1309 5149 1489 5218 μορφῇ
1524 5146 1659 5199 Θεοῦ
1700 5147 1981 5217 ὑπάρχων,

298 5246 305 5254 ’
414 5247 516 5317 οὐχ
539 5243 833 5315 ἁρπαγμὸν
861 5244 1102 5312 ἡγήσατο
1128 5243 1189 5295 τὸ
1215 5238 1351 5295 εἶναι
1382 5240 1472 5294 ἴσα
1500 5239 1638 5309 Θεῷ,
1663 5239 1775 5294 ἀλλ’
1796 5241 1984 5294 ἑαυτὸν

414 5338 653 5393 ἑκένωσε
681 5333 893 5406 μορφὴν
919 5333 1115 5387 δούλοιν
1128 5333 1326 5398 λαϐὼν,
1359 5336 1416 5387 ἐν
1442 5332 1748 5403 ὁμοιώματι
1778 5332 1987 5407 ἀνθρώ-

414 5445 536 5483 πων
560 5427 873 5499 γενόμενος,
908 5425 1002 5478 καὶ
1032 5426 1266 5495 σχήματι
1297 5424 1541 5495 εὑρεθεὶς
1574 5424 1650 5486 ὡς
1679 5422 1983 5494 ἄνθρωπος,

2093 4428 2444 4483 indolendum
2475 4427 2658 4496 potius
2675 4440 2836 4496 quam
2871 4425 3220 4480 irascendum
3254 4426 3520 4492 arbitror;
3552 4441 3660 4481 non

2092 4519 2237 4574 enim
2278 4517 2591 4587 intelligunt
2638 4530 2759 4587 qua
2806 4516 3015 4585 legunt.
3067 4513 3270 4569 Verum
3310 4522 3494 4570 autem
3543 4531 3665 4573 esse

2092 4610 2237 4679 quod
2282 4610 2426 4675 dico,
2467 4610 2594 4664 hinc
2642 4607 2996 4664 manifestum
3046 4607 3205 4662 nobis
3239 4607 3366 4672 erit,
3417 4606 3547 4662 licet
3594 4623 3663 4663 ex

2097 4702 2248 4770 121
2280 4701 2347 4755 iis
2372 4715 2493 4770 quae
2524 4700 2786 4754 hactenus
2812 4699 3108 4767 disceptata
3142 4705 3290 4764 sunt,
3323 4712 3431 4752 non
3456 4699 3664 4754 insulse

2090 4793 2144 4847 id
2197 4792 2771 4846 demonstraverimus.
2844 4787 2948 4845 Sed
3008 4788 3162 4842 Pauli
3211 4788 3416 4844 dictum
3472 4805 3665 4845 rursus

2092 4888 2446 4952 preponetur.
2499 4897 2519 4930 ι
2557 4879 2670 4934 lloc
2719 4879 2939 4946 sentite,
2976 4878 3173 4948 inquit,
3218 4879 3274 4933 in
3305 4879 3482 4943 vobis,
3517 4876 3665 4949 quod

2091 4980 2147 5029 et
2183 4974 2237 5027 in
2282 4971 2501 5027 Christo
2545 4968 2699 5034 Jesu.
2740 4971 2990 5041 quicum
3037 4972 3091 5026 in
3138 4970 3310 5024 forma
3346 4970 3440 5025 Dei
3485 4977 3663 5034 esset,

2090 5078 2199 5117 non
2239 5063 2484 5131 rapinam
2527 5061 2823 5116 arbitratus
2851 5068 2936 5117 est
2971 5075 3091 5116 esse
3132 5075 3190 5116 se
3219 5060 3480 5127 aequalem
3512 5056 3622 5112 Deo
3646 5095 3663 5120 ,

2090 5151 2183 5206 sed
2219 5151 2569 5220 semetipsum
2597 5148 2901 5203 exinanivit
2939 5146 3167 5201 formam
3211 5146 3353 5203 servi
3392 5141 3665 5209 accipiens

2092 5243 2147 5296 in
2170 5241 2574 5297 similitudinem
2598 5240 2875 5294 hominum
2898 5236 3089 5300 factus,
3117 5245 3169 5289 et
3198 5235 3384 5289 habitu
3413 5232 3666 5283 inventus

2093 5341 2156 5387 ut
2204 5333 2401 5399 homo,
2436 5330 2745 5385 humiliavit
2786 5330 3162 5396 semetipsum.
3232 5344 3250 5375 ι
3298 5322 3439 5376 Ecce
3477 5317 3666 5385 utique
3705 5304 3717 5332 ³

2096 5423 2291 5478 Filium
2322 5435 2668 5491 summopere
2693 5420 2944 5485 miratur,
2962 5404 2969 5409 ’
2988 5412 3193 5484 utpote’
3211 5412 3307 5479 qui
3339 5407 3413 5464 sit
3439 5405 3683 5506 aequalis.

493 5605 543 5637 “
566 5605 803 5679 Philipp.
829 5619 892 5668 ιι,
922 5605 1037 5659 5-8.
1115 5604 1161 5635 ’⁵
1190 5602 1387 5658 Jerem.
1424 5621 1475 5671 v,
1511 5605 1601 5659 2|.
1678 5605 1722 5635 "
1754 5603 1795 5658 ll
1829 5602 1956 5659 Cor.
1994 5617 2065 5666 tv,
2094 5601 2146 5656 4.

706 5698 967 5762 ΡΑῚἭΟΙ..
1013 5697 1127 5757 Gn.
1168 5696 1425 5756 LXXIII.

3238 5670 3273 5732 7
