4090 6266
528 284 638 338 203
1501 279 1558 332 S.
1602 277 1875 332 CYliiLLl
1905 274 2372 332 ALEXANDRINI
2403 276 2718 332 ARCHIEP.

3680 275 3788 326 εὶθί

529 405 582 452 et
611 389 909 449 conformis
940 390 1050 447 Deo
1087 406 1154 447 ac
1198 390 1367 456 Patri,
1410 408 1585 462 neque
1613 401 1794 449 tamen
1838 393 1975 448 illud
2018 407 2077 445 ra

2210 391 2571 446 ἐταπείνωσεν
2594 390 2808 446 ἑαυτόν.
2845 409 2863 442 ›
2899 388 3027 444 Ἰδοὺ
3054 390 3118 461 δὴ
3149 388 3266 442 λίαν
3290 386 3673 457 ἀποθαυμάζει
3699 387 3792 439 τὸν

527 487 702 556 puerit
727 490 949 554 propter
975 483 1296 538 charitatem
1334 483 1482 538 illam
1523 485 1580 540 in
1619 500 1741 552 nos,
1785 483 1880 540 sed
1909 483 1978 538 ad
2004 483 2109 538 hu-

530 577 815 631 militatem
842 573 1206 638 descenderit,
1228 585 1452 644 accepta
1481 577 1625 631 servi
1651 574 1849 639 forma,
1869 575 2112 630 exinani-

527 674 616 722 tus
662 672 886 737 propter
928 665 1347 748 humanitatem.
1391 665 1462 719 At
1509 665 1578 730 si,
1613 674 1838 736 accepto
1863 665 2104 736 Spiritu,

525 758 700 828 magis
745 756 1118 813 sanctificatus
1160 765 1265 821 est,
1316 771 1440 811 cum
1493 757 1658 812 homo
1714 757 1893 813 factus
1927 765 2028 823 est,
2055 766 2109 814 et

524 851 710 922 seipso
752 849 944 906 melior
990 849 1168 906 factus
1212 859 1298 906 est
1339 857 1562 920 propter
1594 849 2104 914 sanctiﬁcationem,

526 930 582 1000 in
627 959 788 1015 quam
824 944 1184 999 humilitatem
1212 959 1336 999 eum
1378 943 1726 999 descendisse
1754 942 2103 998 videbimus?

523 1031 809 1098 Quomodo
850 1033 1170 1103 depressum
1218 1039 1304 1088 est
1338 1031 1392 1086 id
1451 1029 1597 1100 quod
1645 1037 1730 1086 est
1771 1031 2102 1094 exaltatum,

522 1125 796 1195 quomodo
840 1123 1126 1178 descendit
1175 1122 1322 1192 quod
1373 1121 1778 1178 sanctiﬁcatum
1839 1129 1946 1184 est,
2009 1108 2104 1176 aut

519 1216 798 1287 quomodo
841 1230 953 1270 non
996 1215 1246 1272 ascendit
1279 1215 1465 1285 potius
1512 1221 1566 1269 et
1613 1215 1669 1267 in
1719 1212 1914 1268 melius
1980 1228 2104 1270 eve-

520 1317 666 1362 ctum
705 1307 1078 1376 est?ecquam
1118 1306 1280 1361 habet
1304 1305 1658 1361 inanitionem
1684 1305 1776 1359 illa
1799 1319 1888 1375 per
1929 1304 2104 1375 Spiri-

517 1408 632 1453 tum
671 1397 947 1467 impletio?
975 1396 1250 1467 quomodo
1275 1396 1513 1466 denique
1549 1403 1776 1467 prapter
1810 1411 1914 1452 nos
1936 1396 2102 1450 homo

514 1488 697 1544 factus
745 1486 1077 1553 censebitur,
1125 1493 1333 1541 tantam
1386 1487 1442 1540 in
1474 1487 1592 1542 suis
1635 1486 1801 1542 rebus
1838 1494 2100 1558 expertus

460 1614 461 1617 η
512 1580 842 1636 utilitatem?
873 1579 1158 1645 Quomodo
1206 1586 1430 1649 propter
1480 1591 1583 1632 nos
1623 1577 1803 1633 factus
1842 1585 1927 1632 est
1971 1591 2101 1647 pau-

513 1687 610 1742 per
638 1669 720 1738 ’⁸,
759 1670 853 1740 qui
891 1675 1112 1739 propter
1142 1684 1241 1724 nos
1276 1669 1642 1737 locupletatus
1672 1668 1792 1722 est?
1823 1668 2096 1736 quomodo

2214 481 2362 546 Υίὸν,
2395 482 2470 544 ὡς
2504 481 2617 536 ἴσον
2654 481 2750 552 μὲν
2775 481 2902 534 ὅντα
2941 481 3036 534 καὶ
3069 497 3392 550 συμμορφον
3439 477 3518 548 τῷ
3541 477 3662 547 Θεῷ
3696 477 3788 530 καὶ

2213 573 2407 643 Πατρὶ,
2448 572 2522 643 μὴ
2561 572 2667 642 μὴν
2693 573 3017 642 ἁρπάσαντα
3053 571 3212 624 τοῦτο
3260 570 3350 624 διὰ
3376 569 3474 640 τὴν
3509 569 3790 638 ἀγάπησιν

2210 662 2308 734 τὴν
2348 666 2426 726 είς
2462 666 2630 733 ἡμᾶς,
2664 663 3077 735 καταϐεϐηκότα
3115 662 3170 715 δέ
3204 663 3284 725 είς
3317 660 3670 724 ταπείνωσιν,
3699 660 3790 718 διὰ

2210 753 2306 824 τῆς
2340 751 2432 806 τοῦ
2457 753 2642 806 δούλου
2673 753 2907 824 μορφῆς,
2940 751 3311 822 κεκενωμένον
3334 750 3423 805 διὰ
3448 749 3546 820 τὴν
3575 750 3785 820 ἀνθρω-

2210 845 2419 915 πότητα
2452 861 2466 875 ⁸
2522 845 2637 898 ἀλλ’
2684 846 2876 916 εἴπερ,
2927 837 2972 897 ὦ
3015 837 3186 908 οὗτοι,
3227 843 3287 897 τὸ
3333 841 3562 914 Πνεῦμα
3605 840 3788 896 λαϐὼν

2209 936 2446 1006 ἡγιάσθη
2481 937 2677 1016 μᾶλλον
2697 975 2712 1000 ,
2765 937 2854 989 ὅτε
2888 936 3110 1004 γέγονεν
3138 936 3442 1007 ἄνθρωπος,
3497 935 3694 990 ἐαυτοῦ
3726 952 3785 987 τε

2206 1025 2469 1095 κρείττων
2503 1025 2716 1096 ἐδείχθη
2757 1026 2845 1081 διὰ
2878 1027 2970 1080 τὸν
2997 1026 3287 1096 ἀγιασμδν,
3324 1027 3404 1089 είς
3434 1026 3594 1079 ποίαν
3623 1026 3784 1078 αὑτὸν

2205 1115 2446 1185 ὀψόμεθα
2467 1115 2880 1188 καταϐεϐηκότα
2900 1119 3260 1184 ταπείνωσιν;
3291 1118 3419 1182 Πῶς
3439 1117 3781 1189 ἐταπεινώθη

2203 1206 2263 1259 τὸ
2287 1206 2520 1276 ὑψωθέν;
2544 1208 2645 1261 ποῦ
2669 1210 2874 1279 κατέϐη
2897 1209 2956 1263 τὸ
2979 1209 3261 1279 ἀγιασθέν;
3289 1211 3323 1281 ἢ
3354 1210 3470 1274 πῶς
3491 1211 3589 1263 οὐκ
3613 1211 3785 1282 ἀνέϐη

2206 1299 2422 1369 μᾶλλον,
2448 1300 2543 1352 καὶ
2571 1301 2662 1353 ἐπὶ⁵
2695 1301 2756 1354 τὸ
2788 1304 3037 1372 κρεῖττον
3070 1302 3294 1373 essen;
3340 1303 3510 1357 Ποίαν
3539 1303 3654 1374 ἔχει
3682 1300 3781 1374 τὴν

2202 1387 2488 1459 κένωσινὴ
2530 1389 2619 1443 διὰ
2645 1389 2739 1444 τοῦ
2777 1391 3095 1462 Πνεύματος
3132 1392 3451 1463 πλήρωσις;
3487 1395 3611 1457 Πῶς
3639 1394 3685 1446 δ’
3713 1396 3782 1448 ἂν

2199 1475 2336 1540 ὅλως
2360 1478 2427 1530 δι’
2451 1481 2601 1550 ἡμᾶς
2626 1481 3054 1552 ἐνανθρωπὴσας
3075 1484 3264 1547 νοοῖτο,
3291 1484 3558 1555 τοσαύτην
3586 1486 3643 1539 ἐν
3667 1487 3782 1548 τοῖς

2199 1566 2320 1620 καθ’
2355 1568 2547 1622 ἐαυτὸν
2593 1570 2891 1640 ὑπομείνας
2925 1570 3022 1642 τὴν
3055 1571 3273 1643 ὄνησιν;
3313 1573 3436 1636 Πῶς
3465 1573 3781 1644 ἐπτώχευσε

2197 1655 2266 1709 δι’
2297 1659 2467 1728 ἡμᾶς,
2493 1661 2520 1712 ὁ
2550 1659 2856 1732 πλουτήσας
2886 1661 2951 1714 δι’
2983 1663 3162 1732 ήμᾶς;
3199 1662 3323 1726 Πῶς
3347 1663 3403 1717 δέ
3429 1659 3498 1734 ἦν
3524 1663 3780 1728 πλούσιος

511 1777 643 1817 vero
673 1761 830 1816 dives
851 1768 969 1815 erat
996 1760 1161 1814 etiam
1174 1766 1302 1814 ante
1332 1758 1652 1823 adventum,
1685 1758 1780 1829 qui
1809 1758 1864 1812 in
1892 1773 1959 1812 eo
1997 1758 2087 1813 ad-

2198 1749 2294 1803 καὶ
2333 1751 2439 1820 πρὸ
2466 1751 2564 1820 τῆς
2591 1751 2902 1822 ἐπιδημίας,
2945 1755 2974 1806 ό
3012 1753 3190 1807 λαϐὼν
3218 1757 3276 1809 ἐν
3305 1755 3440 1826 αὐτῇ
3471 1755 3594 1809 κατ’
3630 1755 3778 1809 ἐκεί-

512 1856 702 1914 ventu,
736 1859 798 1904 ut
831 1849 915 1903 illi
950 1848 1214 1915 sentiunt,
1250 1848 1462 1919 accepit
1509 1847 1654 1918 quod
1693 1864 1805 1905 non
1834 1849 2088 1917 habebat,

513 1939 776 1993 nimirum
828 1936 1126 2008 Spiritum?
1173 1945 1269 1993 aut
1314 1938 1592 2008 quomodo
1641 1953 1752 1994 non
1793 1940 1978 2010 potius
2027 1956 2089 1996 ea

511 2033 638 2101 jure
666 2029 828 2086 nobis
872 2029 991 2100 ipse
1031 2028 1176 2084 dona
1219 2027 1444 2096 referat,
1481 2029 1681 2101 quibus
1730 2040 1952 2102 propter
1989 2047 2090 2087 nos

513 2119 822 2176 cumulatus
854 2119 976 2174 est?
1032 2135 1051 2170 ι
1089 2115 1400 2188 Obstupuit,
1438 2127 1494 2173 ut
1539 2119 1808 2189 scriptum
1841 2127 1947 2188 est,
1977 2134 2091 2176 cm-

512 2211 626 2268 lum
653 2225 818 2280 super
853 2211 954 2265 hoc
987 2227 1001 2264 :
1033 2209 1338 2278 obstupuit,
1379 2215 1436 2264 et
1461 2209 1737 2265 inhorruit
1763 2223 1931 2279 supra
1968 2224 2090 2265 mo-

511 2299 664 2365 dum,
709 2298 844 2353 dicit
898 2297 1184 2352 Dominus.
1234 2295 1354 2350 Duo
1402 2296 1551 2350 enim
1599 2311 1789 2353 revera
1847 2305 1902 2352 et
1947 2299 2091 2354 mala

512 2389 642 2446 fecit
679 2407 698 2443 ι
732 2387 1118 2444 haereticorum
1158 2405 1178 2438 ι
1209 2387 1444 2456 populus
1473 2388 1517 2419 ²⁹
1543 2426 1558 2453 ,
1593 2405 1612 2439 ι
1650 2388 2089 2458 nonintelligens

508 2482 645 2554 quid
683 2481 856 2545 dicat,
888 2494 1067 2549 neque
1093 2479 1161 2534 de
1207 2477 1409 2548 quibus
1454 2477 1704 2543 afﬁrmet,
1748 2479 1889 2534 etin
1923 2481 2087 2536 rebus

508 2576 653 2632 tanti
724 2573 990 2631 momenti
1048 2571 1354 2644 periculum
1411 2572 1568 2628 adire
1629 2587 1738 2629 non
1804 2581 2083 2646 gravatur.

509 2666 730 2738 Alioqui
761 2663 906 2720 enim
932 2678 1054 2719 cum
1078 2678 1273 2735 magna
1297 2664 1350 2717 vi
1377 2664 1767 2735 lacrymarum,
1800 2672 1854 2720 et
1879 2665 2085 2736 ingenti

508 2758 749 2814 clamore
806 2756 911 2827 ipsi
963 2769 1184 2826 quoque
1228 2754 1505 2811 dixerint:
1553 2773 1572 2806 ι
1602 2755 1776 2822 Pone,
1819 2755 2081 2822 Domine,

2196 1855 2320 1904 νους
2352 1841 2490 1911 ὅπερ
2519 1842 2618 1894 οὐκ
2644 1837 2780 1912 εἶχε,
2813 1843 2875 1896 τὸ
2903 1844 3127 1915 Πνεῦμα
3152 1845 3384 1917 δηλαδή;
3423 1847 3493 1898 Ἦ
3518 1845 3635 1909 πῶς
3657 1845 3779 1916 οὐχὶ

2196 1932 2396 2001 μᾶλλον
2428 1933 2588 1997 αὐτὸς
2635 1935 2894 2004 ἀναθήσοι
2922 1934 3146 2000 δικαίως
3185 1937 3336 2007 ἡμῖν,
3369 1937 3436 1989 τά
3475 1939 3560 2006 ἐφ’
3589 1932 3671 2002 οἷς
3707 1939 3775 1991 δι’
3845 1968 3852 1972 ‹-

2191 2024 2340 2092 ἡμᾶς
2367 2022 2642 2094 ὠφέληται
2661 2025 3025 2095 χαριστήρια;
3069 2042 3088 2076 ι
3112 2025 3354 2096 Ἐξέστη,
3383 2044 3405 2077 ι
3438 2028 3581 2080 κατὰ
3600 2027 3661 2080 τὺ
3683 2043 3778 2094 γε-

2191 2115 2560 2186 γραμμένον,ι
2591 2119 2618 2170 ὁ
2642 2116 2869 2188 οὐρανὸς
2895 2119 2988 2172 ἐπὶ
3006 2118 3200 2190 τούτῳ,
3220 2120 3412 2191 ἐξέστη
3436 2121 3530 2174 καὶ
3556 2120 3775 2191 ἔφριξεν

2191 2206 2284 2259 ἐπί
2313 2207 2493 2263 πλεῖον
2529 2208 2767 2280 σφόδρα,
2820 2208 2967 2278 λέγει
3016 2210 3241 2282 Κύριος.
3297 2212 3403 2265 Δύο
3450 2212 3560 2284 γὰρ
3606 2213 3776 2275 ὃντως

2190 2298 2285 2352 καὶ
2317 2297 2532 2369 πονηρά
2565 2299 2861 2371 πεποίηκεν
2903 2301 2932 2352 ό
2980 2299 3089 2353 τῶν
3133 2301 3580 2371 ἐτεροδοξούντων
3621 2302 3771 2367 λαὸς,

2194 2394 2269 2466 μὴ
2300 2395 2518 2465 νοήσας,
2557 2396 2694 2464 μήτε
2739 2393 2776 2448 ἀ
2818 2393 2985 2463 λέγει,
3041 2395 3177 2465 μήτε
3212 2395 3340 2466 περὶ
3386 2395 3548 2450 τίνων
3594 2395 3778 2449 διαϐε-

2192 2486 2795 2550 ϐαιοῦται,κινδυνεύειν
2811 2486 2867 2539 δέ
2892 2484 3064 2548 οῦτως
3085 2488 3142 2539 ἐν
3167 2490 3278 2549 τοῖς
3302 2487 3775 2554 ἀναγκαιοτάτοις,

2188 2577 2341 2630 οὐδὲν
2375 2575 2638 2647 ἡγοῦνται
2678 2575 2851 2647 βαρύ·
2900 2575 2934 2646 ἢ
2981 2575 3090 2646 γὰρ
3131 2575 3218 2644 ἂν,
3255 2578 3347 2631 καὶ
3393 2579 3546 2632 αὐτοὶ
3576 2579 3777 2649 πικρὸν

2188 2670 2254 2722 ἐκ
2280 2667 2563 2739 βλεφάρων
2597 2653 2952 2738 καταχέοντες
2987 2668 3238 2740 δάκρυον,
3283 2670 3377 2722 καὶ
3411 2670 3655 2741 μεγάλην
3689 2671 3776 2734 είς

2189 2758 2321 2829 ὕψος
2351 2758 2720 2822 ἀνατείνοντες
2754 2758 2851 2830 τὴν
2885 2758 3086 2830 φωνὴν,
3113 2759 3426 2831 προσῄεσαν
3470 2761 3722 2830 λέγοντες
3753 2779 3768 2791 ·

507 2847 814 2905 custodiam
844 2846 930 2901 ori
964 2859 1106 2909 meo,
1143 2851 1198 2900 et
1226 2845 1427 2901 ostium
1468 2844 1895 2903 circumstantia:
1923 2847 2083 2903 labiis

2192 2847 2361 2912 «Θοῦ,
2387 2847 2577 2920 Κύριε,
2603 2848 2848 2919 φυλακὴν
2893 2848 2972 2919 τῷ
3015 2849 3240 2920 στόματί
3288 2868 3412 2921 μου,
3458 2852 3552 2904 καὶ
3600 2851 3774 2924 θύραν

509 2937 661 2991 meis.
703 2935 783 2990 Ne
819 2933 1064 2990 declines
1096 2947 1194 2987 cor
1217 2947 1400 2988 meum
1431 2933 1488 2987 in
1516 2934 1682 2988 verba
1711 2935 1935 2990 malitiae
1962 2936 2030 2988 ”.
2057 2954 2076 2988 ι

2189 2941 2449 3011 περιοχῆς
2479 2941 2607 3012 περὶ
2638 2941 2706 2994 τὰ
2738 2940 2888 3012 χείλη
2927 2948 3046 3011 μου.
3093 2942 3184 3012 Μὴ
3219 2942 3476 3017 ἐκκλίνῃς
3504 2945 3602 3015 τὴν
3631 2962 3772 3016 καρ-

505 3027 683 3084 Verba
709 3026 857 3083 enim
884 3023 1130 3095 profecto
1168 3031 1299 3079 sunt
1323 3023 1564 3088 malitiae,
1593 3039 1714 3093 quae
1742 3027 2082 3082 auditoribus

2189 3029 2304 3083 δίαν
2338 3047 2440 3098 μου
2477 3032 2555 3094 εἰς
2600 3031 2791 3098 λόγους
2832 3031 3116 3103 πονηρίας.
3161 3050 3180 3084 ι
3235 3033 3399 3102 Λόγοι
3442 3034 3551 3105 γὰρ
3599 3035 3773 3097 ὅντως

506 3127 816 3177 extremum
843 3117 1103 3172 damnum
1133 3113 1386 3170 afferunt.
1430 3114 1538 3170 Sed
1568 3130 1670 3171 nos
1696 3130 1886 3171 eorum
1924 3118 2084 3187 nugis

2190 3085 2451 3189 πονηὲίας
2485 3085 2553 3171 οἱ-
2575 3085 2705 3188 παῤ,
2736 3085 3098 3192 ὲᾶυτῶνητῆδ
3128 3085 3358 3184 ἐπὶντοές
3391 3085 3642 3191 ἐσκάιτοινς

505 3213 572 3268 de
594 3211 762 3268 corde
790 3215 981 3264 nostro
1003 3206 1270 3278 expulsis,
1299 3206 1368 3262 ad
1393 3213 1599 3263 rectam
1627 3208 1750 3262 fidei
1775 3207 2081 3263 doctrinam

2191 3210 2319 3281 μίαν
2341 3212 2451 3274 τοῖς
2470 3211 2840 3281 ἀκροωμένοις
2870 3211 3168 3275 ὼδίνοντες.
3210 3213 3401 3283 Ἡμεῖς
3425 3213 3481 3266 δέ
3510 3213 3610 3282 τῆς
3634 3213 3768 3266 ἐαυ-

502 3313 908 3368 convertemur,
941 3302 1092 3358 illius
1125 3301 1257 3358 dicti
1288 3315 1598 3357 memores:
1645 3319 1665 3353 ι
1705 3300 1949 3357 Consilia
1981 3301 2081 3356 de-

502 3402 801 3461 struentes,
852 3402 908 3449 et
955 3406 1174 3447 omnem
1228 3389 1572 3446 altitudinem
1615 3390 1972 3447 extollentem
2020 3407 2082 3448 se

503 3486 769 3542 adversus
820 3484 1106 3539 scientiam
1156 3482 1274 3546 Dei,
1323 3490 1378 3538 et
1411 3484 1469 3537 in
1503 3481 1874 3552 captivitatem
1931 3483 2080 3539 redi-

466 3579 696 3649 'gcntes
752 3591 972 3631 omnem
1029 3576 1366 3631 intellectum
1439 3577 1497 3631 in
1548 3576 1706 3644 122
1753 3577 2080 3646 obsequium

505 3670 713 3726 Christi
741 3669 808 3724 ³¹.
841 3687 860 3721 ›
897 3670 1010 3739 Age
1038 3682 1194 3738 ergo,
1227 3674 1465 3722 mentem
1507 3682 1726 3738 quoque
1749 3676 1996 3724 nostram
2024 3671 2080 3724 in

503 3759 846 3832 explicandis
898 3759 1066 3815 rebus
1113 3757 1414 3829 propositis
1446 3758 1717 3827 captivam
1773 3759 2078 3829 ducentes,

502 3866 624 3906 eam
647 3849 1005 3918 subjiciamus
1035 3847 1224 3920 gloriae
1253 3845 1554 3916 Unigeniti,
1579 3849 1762 3902 omnia
1785 3851 2082 3918 prudenter

503 3937 801 3997 referentes
829 3937 898 3992 ad
933 3937 1052 4007 ejus
1093 3934 1438 4006 obsequium,
1489 3934 1593 3990 hoc
1622 3943 1707 3990 est
1736 3936 1801 3990 ad
1832 3937 2081 3992 incarna-

494 4029 672 4085 tionis
702 4029 992 4083 rationem.
1042 4045 1061 4079 ι
1113 4025 1250 4082 Cum
1281 4024 1427 4081 enim
1465 4032 1613 4080 esset
1648 4026 1822 4094 dives,
1855 4038 2078 4098 pr0pter

499 4138 602 4178 nos
628 4135 836 4194 pauper
861 4118 1045 4175 factus
1075 4125 1180 4184 est,
1218 4125 1277 4172 ut
1303 4132 1406 4172 nos
1439 4116 1561 4187 ejus
1594 4128 1914 4188 paupertate
1937 4120 2076 4175 dita-

499 4228 685 4268 remur
707 4212 777 4266 ³³.
813 4229 833 4264 υ
866 4210 1070 4280 Accipe
1098 4225 1247 4273 vero,
1281 4209 1325 4263 si
1347 4209 1525 4278 juvat,
1553 4209 1718 4264 etiam
1754 4225 1820 4265 ex
1858 4211 1926 4267 iis
1956 4227 2076 4282 qua}

499 4302 698 4357 dicturi
726 4317 918 4359 sumus
943 4301 1106 4354 aliam
1138 4298 1374 4369 hujusce
1400 4299 1480 4354 rei
1520 4299 2070 4369 demonstrationem,

497 4401 548 4446 et
571 4392 872 4462 patientem
913 4391 1074 4448 nobis
1107 4404 1291 4445 aurem
1327 4391 1698 4446 accommoda.

568 4565 647 4620 Ad
679 4568 994 4638 imaginem,
1022 4576 1078 4622 et
1111 4565 1527 4622 similitudinem
1557 4565 1800 4634 supremi
1828 4567 2072 4621 omnium

500 4656 591 4709 Dei
618 4655 821 4712 factum
853 4671 977 4712 esse
1001 4656 1274 4713 hominem
1297 4656 1482 4712 divina
1508 4657 1792 4728 Scriptura
1818 4668 2071 4716 testatur.

502 4745 678 4800 Moses
709 4747 931 4815 quippe,
969 4747 1063 4801 ille
1102 4745 1211 4802 Deo
1239 4755 1407 4803 notus
1447 4763 1560 4817 pra:
1593 4748 1830 4813 cunctis,
1864 4751 1919 4804 in
1959 4753 2074 4821 pri-

500 4850 590 4888 mo
613 4836 754 4890 libro
781 4836 1096 4892 Geneseos:
1141 4855 1160 4888 ‹
1195 4836 1260 4892 Ει
1295 4838 1450 4902 fecit,
1485 4837 1687 4908 inquit,
1729 4839 1871 4896 Deus
1897 4841 2075 4895 homi-

501 4938 645 4986 nem,
680 4923 750 4978 ad
779 4923 1070 4995 imaginem
1103 4923 1200 4980 Dei
1228 4925 1356 4982 fecit
1379 4943 1509 4982 eum
1545 4929 1609 4983 ³⁸.
1648 4947 1666 4980 ι
1704 4927 1860 4994 Quod
1889 4940 2070 4984 autem

501 5028 596 5083 per
625 5013 890 5082 Spiritum
920 5014 989 5068 ad
1031 5012 1322 5084 imaginem
1361 5015 1454 5070 Dei
1505 5018 1670 5072 fuerit
1710 5019 2072 5090 obsignatus,

494 5105 616 5174 ipse
646 5117 746 5158 nos
773 5118 967 5158 rursus
995 5103 1202 5168 docuit,
1241 5105 1329 5160 his
1357 5107 1540 5161 verbis
1579 5127 1594 5161 :
1634 5127 1652 5159 ι
1690 5107 1755 5160 Ει
1787 5109 2076 5178 inspiravit

497 5196 552 5250 in
586 5195 782 5251 faciem
819 5194 938 5264 ejus
973 5195 1310 5264 spiraculum
1333 5197 1456 5251 vitae
1477 5198 1544 5253 ³⁸.
1585 5217 1604 5250 ι
1645 5196 1821 5253 Simul
1849 5200 1996 5254 enim
2021 5210 2076 5256 et

493 5287 664 5342 vitam
687 5292 956 5342 creatura:
977 5283 1218 5356 Spiritus
1235 5285 1451 5349 indidit,
1487 5294 1540 5342 et
1566 5302 1697 5344 suos
1720 5290 2072 5349 characteres

494 5377 757 5433 divinitus
804 5376 1104 5448 impressit.
1143 5375 1218 5430 Ita
1258 5374 1503 5446 perfecto
1552 5380 1778 5435 animali
1837 5385 2072 5443 rationis

495 5469 782 5537 participe,
809 5467 1051 5537 optimus
1088 5465 1179 5520 ille
1225 5462 1426 5518 artifex
1463 5463 1604 5521 Deus
1639 5469 1882 5527 salutare
1917 5487 2071 5526 man-

565 5578 613 5651 ξξ
638 5579 680 5632 Il
710 5581 842 5651 Cor.
868 5597 988 5643 vm.
1018 5582 1084 5651 9.
1184 5582 1227 5613 "
1252 5578 1451 5651 Jerem.
1487 5595 1548 5648 ιι,
1588 5584 1671 5651 l2,
1708 5587 1792 5641 l3.

500 5639 545 5670 ³³
570 5646 707 5702 Gen.
751 5665 789 5712 ι,
820 5650 912 5704 27.
978 5639 1032 5682 ’⁸⁸
1059 5650 1196 5705 Gen.
1246 5665 1305 5714 ιι,
1341 5650 1391 5703 7.

2101 4437 2156 4495 D

2185 3300 2292 3355 τῶν
2329 3300 2552 3372 καρδίας
2582 3300 2671 3355 τὸν
2696 3301 2917 3356 ἐκείνων
2946 3301 3307 3366 ἐξοικίσαντες
3337 3303 3525 3375 λῆρον,
3554 3304 3647 3357 ἐπὶ
3676 3306 3769 3358 τὸν

2182 3390 2341 3462 όρθὺν
2384 3392 2482 3461 τῆς
2531 3392 2768 3455 πίστεως
2818 3391 3148 3462 βαδιούμεθα
3187 3392 3367 3462 λόγον,
3420 3394 3482 3447 τὺ
3515 3411 3764 3466 γεγραμ-

2188 3484 2345 3554 μένον
2377 3484 2590 3554 ἕχοντες
2633 3485 2710 3548 είς
2747 3484 2870 3538 νοῦν
2894 3499 2909 3516 ⁸
2969 3503 2989 3537 ι
3012 3485 3320 3555 Λογισμοὺς
3355 3484 3764 3556 καθαιροῦντες,

2183 3573 2278 3627 καὶ
2306 3575 2412 3627 πᾶν
2447 3573 2648 3644 ὕψωμα
2686 3575 3047 3646 ἐπαιρόμενον
3079 3575 3222 3629 κατά
3250 3576 3348 3647 τῆς
3374 3576 3627 3644 γνώσεως
3671 3575 3765 3628 τοῦ

2182 3661 2338 3728 Θεοῦ,
2370 3664 2462 3717 καὶ
2494 3665 2981 3735 αἰχμαλωτίζοντες
3027 3667 3137 3720 πᾶν
3169 3665 3348 3738 νόημα
3391 3670 3470 3730 είς
3499 3667 3599 3738 τὴν
3663 3669 3767 3721 ὑπ-

2184 3753 2352 3823 ακοὴν
2381 3751 2476 3806 τοῦ
2520 3754 2780 3825 Χριστοῦ.
2811 3773 2830 3806 ι
2879 3754 3015 3826 Φέρε
3058 3755 3123 3826 δὴ
3171 3751 3298 3824 οὖν,
3321 3756 3414 3810 καὶ
3440 3756 3532 3809 τὸν
3565 3758 3624 3811 ἐν
3651 3759 3765 3820 τοῖς

2180 3841 2563 3911 προκειμένοις
2584 3844 2714 3914 ἡμῖν
2734 3844 3082 3914 θεωρήμασιν
3108 3845 3598 3915 αἰχμαλωτίζοντες
3617 3845 3762 3910 νοῦν,

2181 3931 2535 4002 ὑποτάξωμεν
2567 3936 2633 4005 τῇ
2663 3934 2787 4004 δόξῃ
2827 3934 2920 3987 τοῦ
2949 3935 3306 4003 Μονογενοῦς,
3355 3936 3537 3991 πάντα
3567 3937 3762 4006 φέρον-

2178 4037 2268 4083 τες
2294 4021 2526 4085 συνετῶς
2556 4023 2636 4085 εἰς
2670 4021 2768 4093 τὴν
2803 4021 3048 4092 ὑπακοὴν
3074 4022 3260 4089 αὐτοῦ,
3291 4023 3440 4077 τοῦτ’
3477 4023 3646 4090 ἔστιν,
3680 4024 3761 4085 είς

2177 4107 2268 4162 τὸν
2298 4107 2426 4179 περὶ
2450 4111 2549 4179 τῆς
2575 4110 3038 4180 ἐνανθρωπήσεως
3057 4111 3276 4180 τρόπον.
3319 4129 3339 4162 ι
3362 4110 3624 4175 Πλούσιος
3652 4111 3760 4182 γὰρ

2176 4193 2251 4248 ὢν
2272 4235 2286 4260 ,
2340 4193 2650 4266 ἐπτώχευσε
2698 4196 2766 4249 δι’
2798 4198 2966 4268 ἡμᾶς,
3014 4197 3099 4250 ἵνα
3129 4198 3288 4268 ἡμεῖς
3317 4201 3382 4269 τῇ
3418 4199 3584 4253 αὐτοῦ
3613 4217 3758 4252 πτω-

2175 4287 2300 4358 χείᾳ
2327 4287 2747 4359 πλουτήσωμεν.
2779 4307 2799 4339 ι
2853 4288 3020 4359 Δέχου
3050 4289 3128 4354 δέ,
3161 4289 3214 4342 εῐ
3244 4306 3325 4342 σοι
3351 4289 3519 4355 δοκεῖ,
3553 4291 3647 4342 καὶ
3673 4289 3758 4341 διὰ

2176 4377 2284 4431 τῶν
2326 4378 2707 4450 προκειμένων
2756 4381 2886 4450 ἡμῖν
2931 4379 3031 4449 τὴν
3073 4379 3346 4446 ἀπόδειξιν
3370 4420 3386 4448 ,
3439 4379 3756 4446 ἀνεξίκακον

2174 4471 2286 4530 τοῖς
2311 4468 2488 4536 λόγοις
2519 4468 2774 4533 ὰπλώσας
2796 4472 2893 4541 τὴν
2924 4471 3114 4540 ἀκοήν.

2247 4563 2379 4614 Κατ’
2425 4563 2608 4615 εἰκόνα
2655 4563 2748 4616 καὶ
2801 4563 2921 4616 καθ’
2965 4563 3223 4634 ὁμοίωσιν
3267 4564 3362 4618 τοῦ
3409 4565 3505 4618 ἐπὶ
3545 4568 3754 4628 πάντας

2175 4651 2328 4715 ὄντος
2358 4652 2492 4706 Θεοῦ
2521 4652 2849 4723 πεποιῆσθαι
2881 4653 2973 4707 τὸν
3001 4653 3284 4725 ἄνθρωπον
3315 4655 3348 4725 ἡ
3378 4653 3500 4709 θεία
3543 4655 3720 4725 μαρτύ
3740 4684 3752 4694 ι

2181 4758 2333 4811 ρεται
2365 4744 2577 4814 Γραφὴ.
2615 4743 2890 4817 Καὶεγοῦν
2917 4746 2946 4798 ὁ
2976 4743 3036 4797 τὸ
3075 4743 3292 4816 πρῶτον
3321 4747 3454 4817 ἡμῖν
3489 4743 3752 4811 συντάξας

2181 4833 2382 4901 βιϐλίον
2426 4837 2650 4907 (Μωσῆς
2673 4826 2735 4888 δέ
2761 4829 2915 4900 οὗτος
2943 4838 2970 4889 ὁ
2994 4835 3340 4908 ἐγνωσμένος
3363 4835 3520 4911 πατὰ
3549 4837 3755 4907 arti-Ita;

2174 4925 2250 4996 τῷ
2275 4925 2440 4996 Θεῷ),
2472 4945 2489 4977 ι
2513 4928 2622 4980 Καὶ
2647 4929 2888 5000 ἐποίησε,
2919 4945 2938 4983 ι
2968 4937 3154 5002 φησιν,
3186 4950 3204 4983 ι
3228 4935 3256 4984 ό
3277 4933 3406 4996 Θεὸς
3431 4935 3522 4986 τὸν
3547 4934 3756 5005 ἄνθρω-

2175 5032 2296 5078 πον,
2328 5015 2448 5068 κατ’
2474 5017 2655 5073 εἰκόνα
2686 5019 2819 5073 Θεοῦ
2855 5021 3112 5093 ἐποίησεν
3137 5022 3320 5077 αὐτόν.
3353 5042 3372 5074 ι
3429 5024 3552 5076 Ὅτι
3585 5025 3643 5078 δέ
3670 5025 3754 5077 δια

2173 5105 2268 5160 τοῦ
2297 5109 2609 5180 Πνεῦματος
2637 5114 2715 5174 εἰς
2744 5113 2925 5166 εἰκόνα
2953 5113 3051 5183 τὴν
3081 5113 3232 5168 θείαν
3265 5111 3751 5193 κατεσφρᾳζτζξτο,

2175 5198 2336 5252 πάλιν
2368 5201 2530 5264 αὐτὸς
2565 5203 2710 5272 ἡμᾶς
2735 5203 2972 5269 ἐδίδαξεν
3014 5204 3217 5260 sinth
3254 5190 3753 5277 «'xdstsaeoéﬁasv

2177 5291 2256 5352 εἰς
2287 5290 2344 5343 τὸ
2371 5291 2658 5360 πρόςωπον
2687 5291 2850 5344 αὑτοῦ
2882 5288 3242 5364 πνοῖςνζωῆςζ
3278 5313 3296 5346 ι
3345 5295 3641 5368 Ὀμοῦίγάρ
3661 5297 3756 5348 καὶ

2178 5380 2322 5451 ζωὴν
2372 5381 2599 5435 ἐνετίθει
2649 5383 2710 5435 τὸ
2763 5382 2986 5453 Πνεῦμα
3032 5383 3111 5454 τῷ
3159 5384 3602 5455 πλάσμμτιιίκαὶ
3632 5388 3756 5450 τοὺς

2180 5471 2375 5525 ἑαυτοῦ
2416 5473 2770 5543 χαρακτῆρας
2809 5474 3127 5546 θεοπρεπῶς
3165 5477 3523 5545 ἐνεσήμαινεν
3549 5493 3565 5508 ·
3614 5476 3758 5530 οῦτω

1902 5587 1948 5620 ³ο
1978 5587 2080 5645 Psa

2194 5605 2281 5654 XL,
2314 5591 2369 5653 5,
2402 5591 2455 5644 Al.
2561 5589 2602 5621 ³¹
2629 5589 2672 5644 ll
2702 5587 2830 5646 Cor.
2874 5608 2928 5659 ιι,
2961 5592 3015 5674 ᾇ,
3048 5592 3100 5660 5.
3214 5590 3259 5623 ”
3291 5590 3336 5646 ll
3373 5591 3504 5647 Cor.
3539 5605 3667 5660 un,
3697 5590 3750 5646 9.
