4090 6266
386 264 493 318 205

1447 260 1513 315 IN
1555 261 1840 318 JOANNIS
1873 250 2325 343 EVANGELIUM
2364 260 2494 318 LIB.
2535 257 2600 315 Π.

3528 245 3634 313 206

385 378 447 431 τὸ
488 377 580 430 ἐπὶ
607 377 710 447 γῆς
743 375 960 445 λογικὸν
993 375 1278 447 ἐξαρτίσας
1317 376 1453 441 ζῶον
1501 380 1529 430 6
1573 378 1958 449 ἀριστοτέχνης

2064 376 2248 428 datum
2282 377 2330 430 ei
2363 377 2532 430 dedit.
2562 372 2628 428 Et
2664 380 2782 429 erat
2806 373 2858 428 in
2887 373 3164 443 paradiso,
3204 373 3342 429 sicut
3371 372 3634 445 scriptum

383 467 762 537 Θεὸς,ἐντο).ὴν
781 467 949 520 ἐδίδου
965 468 1063 538 τὴν
1082 467 1374 532 σώζουσαν·
1401 462 1492 522 καὶ
1519 464 1586 540 ἦν
1605 472 1661 522 ἐν
1683 468 1758 540 τῷ
1787 485 1962 539 παρα-

388 560 571 629 δείσῳ,
605 558 750 611 καθά
776 559 1101 628 γέγραπται,
1145 559 1518 628 διαφυλάττων
1565 561 1644 614 ἔτι
1682 561 1742 614 τὸ
1787 559 1960 623 δοθὲν,

390 651 487 703 καὶ⁸
530 651 596 720 τῇ
643 648 760 719 θείᾳ
792 648 884 701 τοῦ
920 650 1278 722 πεποιηκότος
1321 651 1626 723 διαπρεπὴς
1675 651 1842 704 είκὸνι
1874 650 1962 704 διὰ

389 741 485 796 τοῦ
515 741 904 804 ἐνοικισθὲντος
940 743 1094 810 ἁγίου
1134 743 1452 814 Πνεύματος
1478 761 1493 775 ·
1543 745 1729 816 ἐπειδὴ
1754 746 1812 798 δὲ
1840 748 1962 809 ταῖς

347 866 350 868 ~
389 831 485 885 106
513 831 755 885 διαϐόλου
787 834 1313 904 παρατετραμμένος
1361 836 1596 898 ἀπάταις
1639 835 1962 906 κατεφρόνει

388 922 484 977 τοῦ
525 925 888 994 Δημιουργοῦ,
931 923 1026 976 καὶ
1062 925 1224 994 νόμον
1261 926 1350 979 τὸν
1391 926 1673 991 ὁρισθέντα
1711 929 1960 998 πατήσας

389 1014 576 1066 ἐλύπει
599 1014 690 1067 τὸν
710 1014 1022 1084 εὐεργέτην,
1041 1015 1139 1086 τὴν
1162 1015 1309 1086 αῦτῷ
1329 1015 1574 1069 δοθεῖσαν
1595 1016 1961 1088 ἁνεπράττετο

389 1103 549 1174 χάριν
567 1121 580 1134 θ
628 1122 647 1155 ι
670 1104 747 1174 Γῆ
770 1101 842 1166 εἷ,
868 1105 963 1157 καὶ
986 1107 1067 1168 είς
1093 1105 1194 1174 γῆν
1221 1105 1514 1176 ἀπελεύσῃ,
1546 1124 1564 1157 ›
1599 1106 1719 1158 τότε
1745 1099 1961 1177 πρῶτον
1994 1097 1996 1100 ’

384 1195 626 1259 ἀκούσας
651 1197 678 1248 6
704 1195 941 1263 γεγονὼς
970 1197 1048 1259 είς
1078 1196 1241 1267 ζωὴν,
1269 1198 1708 1267 παρεχαράττετο
1737 1197 1839 1268 ἤδη
1870 1200 1963 1252 καὶ

387 1284 421 1351 ἡ
456 1282 592 1353 πρὸς
625 1282 755 1334 Θεὸν
796 1284 1054 1353 ὁμοίωσις
1085 1285 1171 1337 διὰ
1213 1287 1310 1355 τῆς
1345 1285 1753 1356 ἐπιδραμούσης
1787 1287 1962 1356 ἁμαρ-

387 1372 528 1435 τίας,
582 1373 679 1425 καὶ
721 1368 862 1443 ἦσαν
915 1373 1013 1442 μὲν
1062 1373 1256 1427 οὐκέτι·
1293 1377 1476 1429 λοιπὸν
1519 1377 1569 1429 οί
1618 1377 1964 1447 χαρακτῆρες

388 1463 651 1534 λαμπροὶ,
703 1464 1060 1535 ἀμυδρότεροι
1104 1465 1160 1517 δέ
1209 1484 1322 1529 πως
1361 1468 1418 1518 ἐν
1468 1467 1618 1538 αὐτῷ
1667 1467 1762 1520 καὶ
1806 1470 1963 1521 ἐσκο-

389 1556 636 1625 τισμένοι
676 1554 763 1608 διὰ
804 1555 902 1626 τὴν
935 1555 1262 1626 παράϐασιν.
1304 1557 1519 1628 Ἐπειδὴ
1553 1558 1609 1610 δὲ
1648 1561 1727 1622 είς
1755 1559 1963 1628 πληθὺν

393 1645 628 1715 ἀριθμοῦ
674 1645 956 1714 κρείττονα
992 1645 1052 1697 τὸ
1089 1645 1425 1716 ἀνθρώπινον
1454 1647 1749 1711 ἐξετείνετο
1787 1647 1961 1716 γένος,

397 1735 722 1806 κατεκράτει
763 1734 821 1786 δὲ
851 1735 1064 1788 πάντων
1107 1737 1141 1805 ἡ
1175 1737 1440 1807 ἁμαρτία,
1475 1738 1827 1810 πολυτρόπως
1866 1739 1964 1810 τὴν

397 1826 628 1882 ἑκάστου
659 1825 949 1897 ληϊζομένη
974 1825 1172 1898 ψυχὴν,
1203 1829 1580 1899 ἀπεγυμνοῦτο
1621 1832 1718 1901 μὲν
1746 1831 1966 1903 χάριτος

397 1919 498 1988 τῆς
544 1917 771 1988 ἀρχαίας
817 1918 850 1986 ἡ
897 1919 1096 1986 φύσις⁶
1153 1919 1516 1974 ἀπανίσταται
1554 1915 1611 1974 δὲ
1650 1922 1711 1975 τὸ
1742 1922 1964 1993 Πνεῦμα

396 2007 713 2073 παντελῶς,
763 2008 856 2060 καὶ
891 2009 1079 2062 πίπτει
1109 2011 1246 2081 πρὸς
1274 2011 1372 2082 τὴν
1403 2012 1639 2082 ἐσχάτην
1677 2011 1900 2082 ἀλογίαν
1937 2017 1964 2068 6

393 2097 628 2166 λογικὸς,
680 2097 770 2151 καὶ
803 2097 967 2152 αὐτὸν
1010 2101 1286 2171 ἀγνοήσας
1322 2101 1413 2154 τὸν
1445 2101 1720 2159 κτίσαντα.
1769 2085 1907 2157 ’Ᾰλλ’
1935 2107 1964 2160 ὁ

391 2188 610 2242 πάντων
632 2189 976 2260 Δημιουργὸς
1005 2191 1250 2260 μακροὺς
1291 2191 1686 2264 ἀνεξικακήσας
1713 2193 1960 2265 χρόνους,

390 2278 534 2332 ἐλεεῖ
557 2278 740 2332 λοιπὸν
773 2279 1230 2351 κατεφθαρμένην
1259 2281 1356 2352 τὴν
1385 2283 1725 2354 οἰκουμένην,
1749 2287 1844 2338 καὶ
1862 2287 1963 2356 τὴν

391 2368 491 2440 μὲν
520 2369 964 2441 δραπετεύσασαν
1014 2371 1108 2423 ἐπὶ
1142 2371 1241 2442 τῆς
1286 2373 1388 2443 γῆς
1429 2373 1632 2445 ἀγέλην
1679 2378 1802 2438 ταῖς
1851 2376 1964 2430 ἄνω

391 2460 681 2517 συνάπτειν
713 2461 918 2530 άγαθὸς
948 2461 1024 2515 ὢν
1063 2463 1326 2532 ἠπείγετο
1349 2481 1365 2495 ·
1419 2465 1858 2536 μεταστοιχειοῦν
1908 2467 1965 2520 δὲ

390 2553 550 2608 πάλιν
577 2555 658 2617 είς
687 2553 787 2625 τὴν
824 2554 1059 2625 ἀρχαίαν
1099 2557 1283 2608 είκόνα
1313 2545 1410 2628 τὴν
1439 2557 1835 2628 άνθρωπότητα
1876 2557 1965 2612 διά

388 2643 482 2696 τοῦ
512 2643 826 2715 Πνεύματος
851 2644 1192 2716 ἐδοκίμαζεν.
1220 2641 1328 2699 Ἦν
1355 2645 1463 2717 γὰρ
1491 2649 1589 2718 οὑχ
1614 2649 1817 2719 ἑτέρως
1838 2648 1963 2711 τοὺς

389 2732 570 2796 θείους
597 2733 910 2804 ἀναλάμψαι
944 2736 1297 2805 χαρακτῆρας
1324 2737 1382 2792 ὲν
1415 2738 1574 2808 αὐτῇ,
1599 2737 1851 2808 καθάπερ
1871 2733 1963 2792 οῦν

389 2819 530 2894 ἦσαν
558 2825 653 2878 καὶ
683 2825 970 2896 πρότερον.
1009 2823 1074 2878 Τί
1103 2821 1196 2879 οῦν
1223 2827 1330 2898 ἄρα
1361 2827 1497 2900 πρὸς
1527 2831 1685 2880 τοῦτο
1714 2829 1962 2900 μηχανᾶ-

390 2931 500 2980 ται,
545 2916 666 2979 πῶς
696 2916 754 2969 δέ
783 2917 981 2972 ἄσυλον
1029 2918 1087 2970 ἐν
1124 2918 1256 2989 ἡμῖν
1283 2918 1548 2988 ἐφύτευσε
1582 2919 1680 2990 τὴν
1712 2920 1891 2992 χάριν,
1925 2921 1961 2993 ἢ

392 3007 510 3103 πῶς
539 3007 808 3103 ἐρριζὼθη
838 3009 1000 3064 πάλιν
1046 3011 1104 3064 ἐν
1136 3009 1448 3082 ἀνθρώποις
1472 3012 1533 3066 τὸ
1555 3012 1812 3083 Πνεῦμα,
1841 3013 1963 3068 τίνα
1989 3045 2033 3103 C

391 3095 453 3150 δὲ
484 3096 684 3166 τρόπον
729 3099 764 3168 ἡ
810 3099 970 3168 φύσις
1019 3099 1382 3174 ἀνεμορφὼθη
1429 3103 1565 3173 πρὸς
1614 3103 1676 3156 τὸ
1714 3105 1961 3175 ἀρχαῖον,

395 3187 688 3242 ἀκόλουθον
732 3190 922 3245 εἰπεῖν.
969 3190 1030 3246 '0
1082 3192 1299 3262 πρῶτος
1343 3192 1646 3262 ἅνθρωπος,
1692 3193 1875 3262 χοϊκός
1903 3199 1964 3246 τε

397 3275 656 3346 ὑπάρχων
682 3277 774 3330 καὶ
798 3277 904 3331 ἀπὺ
925 3277 1024 3348 τῆς
1049 3279 1172 3349 γῆς,
1204 3280 1298 3334 καὶ
1325 3281 1382 3333 ἐν
1411 3279 1516 3350 ίδίᾳ
1547 3281 1806 3352 κειμένην
1826 3280 1964 3351 ἔχων

395 3363 636 3435 ἐξουσίᾳ,
672 3364 766 3418 τοῦ
802 3384 860 3419 τε
895 3367 1098 3434 ἀγαθοῦ
1130 3368 1224 3422 καὶ
1245 3367 1341 3421 τοῦ
1370 3368 1574 3438 φαύλου
1606 3369 1705 3440 τὴν
1732 3370 1961 3441 αἵρεσιν,

397 3457 572 3526 ῥοπῆς
613 3467 677 3524 γε
716 3458 814 3528 τῆς
856 3461 942 3513 ἐπ’
970 3460 1136 3531 ἄμφω
1175 3460 1362 3532 κύριος
1412 3460 1507 3526 ὢν,
1555 3463 1738 3534 πικρῷ
1768 3481 1965 3536 συνηρ-

394 3545 576 3616 πάσθη
607 3546 762 3618 δόλῳ,
798 3548 893 3601 καὶ
925 3549 1223 3614 ἀποκλίνας
1270 3552 1351 3613 είς
1399 3553 1717 3623 παρακοὴν,
1774 3553 1962 3606 πίπτει

394 3637 495 3707 μὲν
520 3638 600 3701 είς
629 3638 729 3708 τὴν
758 3638 880 3693 ὅθεν
929 3640 1090 3708 ἐξέφυ
1125 3641 1336 3713 μητέρα
1383 3643 1482 3713 τὴν
1528 3644 1650 3714 γῆν,
1702 3644 1878 3716 φθορᾷ
1905 3645 1961 3698 δὲ

390 3728 514 3798 ἤδη,
541 3728 636 3782 καὶ
675 3729 893 3800 θανάτῳ
922 3731 1308 3802 κρατούμενος,
1351 3732 1457 3803 ὅλῳ
1495 3735 1857 3806 παραπέμπει
1882 3737 1962 3804 τῷ

389 3821 537 3888 ⁴γένει
568 3821 664 3893 τὴν
699 3823 921 3893 ζημίαν.
954 3821 1251 3893 αὐξομένου
1274 3822 1412 3876 δὲέν
1449 3825 1599 3895 ἡμῖν,
1634 3825 1728 3878 καὶ
1754 3825 1959 3896 πληθύ-

390 3927 572 3976 νοντος
617 3912 712 3968 τοῦ
747 3915 939 3979 κακοῦ,
975 3914 1068 3967 καὶ
1110 3913 1247 3984 πρὸς
1277 3913 1340 3966 τὸ
1376 3916 1554 3986 χεῖρον
1581 3916 1667 3968 άεὶ
1695 3915 1958 3970 καταϐαί-

389 4002 586 4072 νούσης
607 4001 708 4072 τῆς
726 4004 783 4056 ὲν
806 4005 936 4073 ἡμῖν
953 4003 1208 4068 διανοίας,
1235 4002 1666 4073 βεϐασίλευκενή
1695 4004 1957 4075 ἁμαρτία,

390 4093 573 4161 γυμνή
599 4109 660 4143 τε
699 4091 842 4144 οὕτω
866 4091 1050 4144 λοιπὸν
1071 4090 1166 4144 τοῦ
1193 4089 1580 4155 ἔνοικισθέντος
1605 4091 1762 4159 ἁγίου
1789 4093 1958 4146 Πνεύ-

395 4197 564 4246 ματος
595 4184 630 4250 ἡ
661 4181 949 4251 ἀνθρώπου
993 4181 1153 4249 φύσις
1180 4181 1538 4235 άνεδείκνυτο.
1587 4201 1605 4234 ι
1632 4183 1820 4251 ’Ἃγιον
1853 4183 1961 4254 γάρ

392 4270 620 4339 Πνεῦμα
649 4271 859 4339 σοφίας,
898 4270 1153 4340 φεύξεται
1181 4271 1350 4338 δόλον,
1382 4290 1402 4324 ›
1446 4273 1588 4326 καθά
1632 4273 1957 4344 γέγραπταιο

1995 1708 2036 1762 Β

2062 475 2145 518 est
2181 467 2254 529 ³⁸,
2304 481 2531 521 servans
2566 465 2746 520 adhuc
2785 463 3128 527 mandatum,
3164 463 3217 518 et
3247 463 3431 518 divina
3469 464 3637 520 Crea-

2063 559 2200 612 toris
2248 561 2582 626 conspicuus
2617 557 2869 627 imagine
2899 573 2994 628 per
3031 555 3428 612 inhahitantem
3463 557 3638 627 Spiri-

2063 654 2176 700 tum
2207 665 2220 701 :
2269 647 2363 702 s'ed
2392 662 2516 701 cum
2562 648 2762 702 diaboli
2796 648 2988 703 fraude
3032 649 3294 704 seductus
3317 646 3632 702 Creatorem

2061 738 2501 808 contempsisset,
2535 743 2589 792 et
2618 739 2871 808 imposita
2904 738 3008 795 sibi
3041 739 3161 809 lege
3193 739 3513 793 conculcata
3542 738 3638 794 he-

2062 829 2242 883 neticii
2276 837 2557 884 auctorem
2593 828 2932 893 offendisset,
2979 829 3153 898 gratia
3197 828 3299 883 sibi
3345 828 3474 882 data
3507 842 3636 897 spo-

2062 920 2226 974 liatus
2255 927 2362 986 est,
2403 927 2565 990 atque
2599 923 2729 974 tunc
2762 921 2997 989 primum
3029 920 3242 974 audiit:
3278 937 3298 970 ι
3333 917 3504 974 Terra
3538 934 3634 981 es,

2063 1019 2115 1065 et
2142 1011 2194 1064 in
2229 1017 2432 1066 terram
2471 1011 2762 1066 reverteris
2791 1010 2866 1076 “,
2911 1028 2930 1062 ι
2966 1011 3057 1080 qui
3099 1009 3279 1064 factus
3309 1019 3425 1064 erat
3455 1008 3521 1061 ad
3551 1008 3636 1061 vi-

2065 1110 2224 1156 tam:
2278 1101 2584 1157 adulterata
2633 1109 2718 1157 est
2769 1103 2858 1156 illa
2899 1102 3199 1157 similitudo
3254 1099 3347 1154 Dei
3404 1100 3632 1153 incursu

2063 1193 2292 1263 peccati,
2321 1209 2421 1247 nec
2452 1193 2564 1262 jam
2593 1194 2940 1250 characteres
2969 1195 3202 1262 amplius
3235 1199 3392 1247 erant
3422 1192 3476 1245 in
3516 1191 3636 1262 ipso

2063 1283 2197 1336 clari
2231 1290 2286 1338 et
2327 1283 2621 1353 splendidi,
2663 1287 2758 1340 sed
2794 1284 3144 1347 subobscuri,
3191 1299 3253 1338 ac
3289 1282 3532 1337 tenebris
3560 1281 3638 1334 in-

2063 1375 2231 1429 voluti
2266 1376 2338 1431 0b
2368 1379 2888 1447 transgressionem.
2920 1377 3025 1431 Sed
3073 1378 3312 1444 humano
3344 1389 3541 1446 genere
3580 1373 3634 1427 in

2065 1464 2390 1522 immensum
2433 1479 2749 1538 propagato,
2793 1484 2916 1523 cum
2968 1479 3252 1538 peccatum
3296 1472 3550 1536 regnaret
3578 1465 3637 1519 in

2064 1570 2276 1620 omnes,
2330 1564 2384 1611 et
2428 1558 2865 1628 uniuscujusque
2922 1561 3158 1612 animam
3209 1556 3634 1628 depraedaretur,

2064 1647 2232 1702 veteri
2273 1648 2492 1718 quidem
2526 1650 2700 1719 gratia
2735 1658 2930 1704 natura
2969 1651 3229 1706 destituta
3259 1657 3343 1704 est
3373 1663 3388 1702 :
3429 1647 3638 1703 recedit

2064 1737 2284 1807 penitus
2321 1739 2390 1792 ab
2419 1739 2499 1794 eis
2527 1739 2788 1808 Spiritus,
2844 1748 2895 1796 et
2953 1742 3007 1795 in
3059 1752 3358 1797 extremam
3403 1739 3636 1794 rationis

2065 1828 2348 1896 penuriam
2389 1827 2592 1882 labitur
2626 1829 2789 1901 homo
2829 1831 3062 1888 rationis
3090 1832 3181 1887 ille
3226 1831 3522 1901 particeps,
3551 1831 3636 1900 ip-

2065 1929 2184 1971 Sum
2229 1919 2392 1973 etiam
2437 1919 2695 1988 ignarans
2728 1919 3063 1977 Creatorem.
3101 1921 3206 1978 Sed
3255 1923 3634 1977 universorum

2065 2004 2255 2076 Opifex
2302 2007 2563 2062 diuturna
2605 2025 2740 2065 usus
2780 2012 3066 2080 patientia,
3099 2012 3508 2068 miserationem
3538 2010 3636 2067 de-

2064 2103 2212 2150 mUm
2258 2098 2405 2166 cepit
2450 2101 2693 2169 corrupti
2735 2101 2885 2156 orbis
2931 2111 2985 2156 et
3031 2100 3317 2172 fugitivum
3371 2102 3428 2154 in
3471 2099 3640 2155 terris

2063 2198 2279 2254 gregem
2313 2186 2528 2254 superis
2557 2201 2871 2257 aggregare,
2915 2190 3092 2246 bonus
3115 2190 3231 2259 ipse
3256 2204 3382 2244 cum
3424 2189 3519 2255 sit,
3561 2186 3639 2242 fe-

2065 2271 2333 2337 stinavit,
2394 2280 2449 2328 et
2495 2273 2560 2327 ad
2609 2275 2898 2344 imaginem
2931 2277 3213 2346 pristinam
3242 2277 3636 2331 humanitatem

2063 2361 2366 2419 reformare
2395 2380 2492 2434 per
2526 2364 2790 2433 Spiritum
2847 2367 3059 2421 statuit.
3113 2365 3232 2421 Non
3284 2371 3430 2422 enim
3480 2369 3639 2422 aliter

2065 2463 2316 2522 poterant
2351 2457 2405 2510 in
2441 2465 2505 2512 ea
2555 2457 2725 2512 divini
2769 2458 3114 2514 characteres
3160 2475 3226 2515 eo
3271 2461 3434 2514 modo
3482 2461 3638 2532 123

2064 2559 2172 2612 quo
2228 2546 2383 2616 prius
2439 2542 2707 2604 relucere.
2749 2549 2894 2614 Quid
2947 2563 3078 2620 ergo
3155 2553 3211 2604 ln
3259 2551 3364 2606 hoe
3411 2553 3638 2606 molitus

2063 2638 2135 2692 sit
2184 2636 2367 2702 Deus,
2417 2640 2690 2708 quomodo
2732 2641 2968 2712 gratiam
3008 2642 3064 2695 in
3113 2642 3273 2697 nobis
3323 2643 3635 2698 inviolatam

2064 2729 2399 2791 inseruerit,
2457 2740 2552 2785 aut
2603 2732 2882 2802 quomodo
2951 2748 3145 2788 rursus
3207 2734 3262 2787 in
3321 2718 3637 2789 hominibus

2064 2816 2304 2871 radicem
2381 2816 2619 2887 Spiritus
2701 2820 2908 2890 egerit,
2963 2836 3140 2890 quove
3205 2831 3368 2892 pacto
3437 2831 3636 2878 natura

2063 2904 2121 2958 in
2157 2906 2453 2975 pristinum
2507 2917 2706 2962 statum
2752 2909 3052 2964 reformata
3099 2912 3202 2976 sit,
3246 2912 3634 2981 exponendum

2065 3002 2152 3052 est
2183 2997 2464 3068 deinceps.
2485 2997 2705 3055 Primus
2738 2999 2832 3055 ille
2859 3001 3022 3056 homo
3051 3009 3307 3058 terrenus
3337 3017 3462 3056 cum
3489 3012 3637 3058 esset

2066 3103 2132 3144 ac
2171 3089 2239 3144 de
2269 3094 2438 3154 terra,
2474 3099 2528 3146 et
2561 3091 2616 3144 in
2645 3107 2746 3148 sua
2782 3100 3058 3163 potestate
3091 3094 3255 3149 sitam
3286 3094 3511 3150 haberet
3535 3096 3636 3150 bo-

2064 3181 2124 3234 ni
2158 3166 2356 3236 malive
2379 3182 2676 3251 optionem,
2707 3191 2873 3254 atque
2899 3187 3299 3256 propensionis
3337 3186 3393 3240 in
3425 3185 3635 3242 alteru-

2068 3278 2212 3325 trum
2255 3272 2514 3328 dominus
2553 3282 2718 3338 esset,
2756 3276 2908 3342 gravi
2957 3276 3084 3330 dolo
3129 3284 3418 3346 correptus
3448 3287 3554 3341 est,
3581 3283 3638 3332 et

2065 3361 2120 3415 in
2163 3361 2594 3418 inohedientiam
2637 3363 2850 3432 lapsus,
2885 3365 2941 3418 in
2986 3373 3188 3418 terram
3224 3372 3456 3419 matrem
3491 3364 3639 3419 unde

2064 3451 2369 3521 prodierat,
2397 3453 2617 3518 decidit,
2653 3461 2705 3507 et
2728 3455 3073 3522 corruptioni
3109 3455 3330 3511 demum
3365 3456 3638 3526 mortique

2063 3543 2366 3604 obnoxius,
2399 3543 2456 3597 in
2490 3545 2815 3599 universum
2845 3560 3018 3615 genus
3049 3546 3312 3601 damnum
3341 3549 3633 3605 tranSmit-
3681 3613 3692 3623 .

2063 3632 2165 3698 tit;
2200 3640 2488 3688 crescente
2518 3647 2648 3688 vero
2685 3635 2740 3688 in
2774 3635 2938 3691 nobis
2971 3641 3026 3690 et
3063 3637 3432 3708 multiplicato
3465 3639 3636 3704 malo,

2061 3733 2117 3781 et
2145 3725 2332 3778 animo
2371 3732 2565 3780 nostro
2602 3741 2820 3797 semper
2852 3728 2908 3782 in
2940 3729 3099 3799 pejus
3131 3739 3348 3795 ruente,
3383 3731 3638 3800 regnavit

2063 3822 2376 3888 peccatum,-
2409 3823 2577 3888 atque
2626 3818 2701 3872 ita
2733 3818 2954 3874 demum
2989 3828 3191 3874 natura
3221 3820 3465 3876 hominis
3509 3836 3638 3891 spo-

2061 3909 2194 3962 liata
2215 3913 2302 3962 est
2319 3907 2662 3963 inhabitante
2676 3908 2904 3979 Spiritu.
2933 3927 2952 3961 ι
2988 3909 3388 3981 Spiritusenim
3406 3919 3637 3968 sanctus

2062 3998 2350 4067 sapientia:
2388 3997 2576 4054 dolum
2611 4000 2805 4071 fugiet,
2839 4017 2858 4053 ι
2908 4008 2967 4054 ut
3014 4001 3284 4070 scriptum
3322 4009 3428 4067 est,
3469 4021 3487 4054 ι
3535 4017 3637 4057 nec

2062 4086 2336 4141 habitabit
2387 4087 2444 4141 in
2498 4103 2729 4157 corpore
2774 4087 2999 4143 subdito
3034 4090 3274 4157 peccatis
3294 4089 3361 4141 ".
3413 4107 3434 4140 ι
3486 4088 3638 4153 Quo-

2063 4179 2211 4232 niam
2233 4194 2364 4250 ergo
2398 4180 2612 4250 primus
2642 4180 2816 4235 Adam
2848 4180 3085 4249 gratiam
3117 4180 3224 4233 sibi
3257 4195 3286 4232 a
3311 4180 3421 4233 Deo
3450 4180 3635 4235 datam

2063 4261 2172 4323 non
2201 4278 2538 4338 servaverat,
2571 4271 2873 4326 destinarit
2905 4269 3066 4324 nobis
3087 4270 3307 4324 cmlitus
3334 4271 3636 4326 secundum

393 4361 510 4424 καὶ,
537 4360 639 4412 «ού
664 4361 974 4432 κατοικήσει
996 4361 1053 4414 ἐν
1079 4362 1289 4432 σώματι
1315 4363 1600 4433 κατάχρεῳ
1620 4364 1910 4434 ἁμαρτίας.
1937 4384 1956 4416 ι

2064 4359 2236 4414 Adam
2287 4361 2433 4417 Deus
2487 4375 2551 4415 ac
2597 4359 2784 4414 Pater.
2826 4359 2997 4413 Mittit
3045 4360 3189 4413 enim
3226 4359 3282 4413 in
3323 4361 3641 4415 similitudi--

406 4449 560 4501 Ἐπεὶ
587 4449 766 4502 τοίνυν
799 4452 827 4502 6
856 4451 1066 4521 πρῶτος
1102 4452 1273 4522 Ἀδὰμ
1309 4452 1407 4522 τὴν
1444 4453 1594 4523 παρὰ
1627 4454 1760 4505 Θεοῦ
1790 4453 1953 4506 δοθεῖ-

395 4556 497 4590 σαν
544 4539 605 4590 οὐ
655 4537 876 4591 διέσωσε
907 4540 1084 4609 χάριν,
1129 4542 1417 4611 ἐπενόησεν
1447 4545 1578 4613 ἡμῖν
1626 4544 1684 4607 ἐξ
1733 4544 1959 4613 ούρανοῦ

389 4627 484 4679 τὸν
514 4625 766 4696 δεύτερον
810 4627 980 4698 Ἀδάμ
1009 4628 1039 4678 ὁ
1075 4627 1207 4690 Θεὸς
1235 4630 1327 4682 καὶ
1355 4631 1561 4700 Πατήρ,
1598 4631 1810 4701 Πέμπει
1854 4631 1962 4701 γὰρ

390 4720 472 4780 είς
513 4718 774 4789 ὁμοίωσιν
815 4718 916 4790 τὴν
949 4719 1083 4790 πρὸς
1114 4721 1260 4790 ἡμᾶς
1295 4720 1557 4789 ἄτρεπτόν
1588 4737 1646 4773 τε
1677 4722 1771 4774 καὶ
1807 4721 1964 4776 άναλ-

389 4809 610 4863 λοίωτον
629 4809 760 4864 ὄντα
784 4813 850 4881 τῇ
873 4808 1029 4879 φύσει
1046 4810 1139 4863 σὸν
1166 4809 1297 4862 ἴδιον
1322 4809 1469 4874 Υίὸν,
1497 4811 1590 4863 καὶ
1613 4811 1673 4862 τὺ
1701 4811 1964 4882 ἁμαρτεῖν

387 4901 490 4953 οὐκ
520 4901 694 4956 εἰδότα
720 4901 1016 4966 παντελῶς,
1057 4902 1143 4956 ἴνα
1173 4902 1420 4973 καθάπερ
1447 4902 1534 4956 διὰ
1558 4903 1654 4972 τῆς
1683 4901 1778 4954 τοῦ
1811 4901 1962 4969 πρώ-

397 5006 484 5041 του
521 4993 801 5062 παρακοῆς
833 4993 936 5045 ὑπὸ
965 4992 1113 5047 θείαν
1141 4993 1442 5063 γεγόναμεν
1477 4993 1663 5064 ὀργὴν,
1706 4993 1846 5045 οὕτω
1877 4992 1966 5045 διὰ

397 5083 491 5150 τῆς
517 5082 762 5154 ὑπακοῆς
785 5084 878 5138 τοῦ
901 5085 1176 5157 δευτέρου,
1203 5085 1298 5138 καὶ
1317 5085 1415 5152 τὴν
1436 5085 1570 5154 ἀρὰν
1591 5083 1960 5153 διαφύγωμεν,

394 5171 490 5222 καὶ
515 5171 585 5223 τὰ
621 5173 680 5236 ἐξ
718 5173 884 5240 αὐτῆς
909 5177 1121 5247 άργήσῃ
1146 5175 1312 5229 κακά.
1356 5173 1572 5245 Ἐπειδὴ
1598 5175 1655 5227 δὲ
1679 5175 1964 5244 ἄνθρωπος

389 5264 617 5330 γέγονεν
649 5265 679 5315 6
714 5264 805 5316 106
830 5265 962 5318 Θεοῦ
989 5268 1178 5336 Λόγος,
1225 5267 1437 5337 δέχεται
1467 5266 1530 5318 τὸ
1559 5266 1779 5336 Πνεῦμα
1812 5267 1963 5338 παρὰ

388 5353 483 5406 τοῦ
524 5356 632 5406 Πατ
644 5355 754 5426 ρὸς,
777 5355 850 5417 ὡς
881 5351 958 5418 εἷς
983 5359 1042 5422 ἐξ
1063 5358 1240 5428 ἡμῶν,
1275 5359 1373 5428 οὐχ
1405 5356 1579 5427 ἑαυτῷ
1603 5375 1655 5410 τι
1674 5357 1962 5427 λαμῦάνων

392 5441 579 5506 sema;
605 5459 620 5473 °
657 5445 821 5509 αὐτὸς
865 5447 972 5517 γὰρ
1013 5443 1079 5517 ἦν
1114 5448 1143 5499 6
1188 5448 1281 5500 106
1328 5449 1646 5519 Πνεύματος
1689 5446 1958 5517 χορηγός·

466 5610 510 5640 ³⁵⁸
543 5618 679 5678 Cen.
717 5625 890 5690 11,25.
986 5624 1031 5656 ³⁸
1064 5624 1199 5680 Gen.
1235 5640 1323 5691 tu,
1363 5627 1444 5682 l9.
1524 5626 1566 5658 ³⁷
1599 5625 1728 5697 Sap.
1773 5643 1813 5691 I,
1849 5626 1900 5679 5.

2065 4467 2188 4505 nem
2233 4453 2410 4507 nostri
2449 4469 2610 4509 suum
2638 4451 2839 4505 Filium
2873 4458 3069 4504 natura
3104 4465 3204 4505 sua
3229 4450 3557 4507 mutationis
3583 4463 3639 4508 et

2067 4543 2412 4599 alterationis
2441 4544 2714 4608 nescium,
2742 4549 2796 4595 et
2826 4541 3035 4610 peccati
3066 4557 3298 4611 prorsus
3329 4552 3635 4611 expertem,

2069 4645 2128 4688 ut
2163 4635 2625 4704 quemadmodum
2657 4650 2754 4705 per
2783 4634 3209 4689 inohcdientiam
3242 4635 3406 4703 primi
3439 4634 3639 4689 divina:

2068 4721 2164 4776 ira:
2198 4723 2438 4792 subjecti
2479 4723 2707 4790 fuimus,
2745 4722 2818 4776 ita
2862 4739 2960 4792 per
2996 4721 3361 4778 obedientiam
3413 4725 3639 4780 secundi

2066 4814 2515 4868 maledictionem
2569 4814 3152 4886 quoque‘fugiamus,
3213 4821 3268 4868 et
3311 4813 3431 4883 ejus
3495 4817 3639 4869 mala

2066 4913 2286 4958 cessent
2319 4905 2383 4958 ³⁸.
2407 4905 2543 4958 Cum
2578 4915 2759 4960 autem
2803 4906 2970 4960 homo
3008 4906 3216 4960 factum
3251 4907 3324 4961 sit
3369 4906 3463 4962 Dei
3502 4906 3638 4964 Ver--

2064 4992 2228 5056 bum,
2264 4993 2531 5063 Spiritum
2568 5012 2598 5050 a
2626 4996 2786 5051 Patre
2822 4997 3048 5067 accipit,
3085 5005 3144 5050 ut
3189 5014 3331 5053 unus
3371 5014 3401 5053 e
3449 5000 3634 5063 nobis,

2066 5097 2174 5136 non
2217 5084 2321 5138 sibi
2365 5085 2572 5156 aliquid
2610 5088 2924 5156 specialiter
2970 5088 3248 5157 accipiens
3296 5088 3444 5158 (erat
3489 5091 3635 5143 enim

2066 5173 2181 5242 ipse
2214 5175 2450 5245 largitor
2503 5177 2787 5251 Spiritus),
2819 5182 2913 5236 sed
2965 5190 3025 5236 ut
3083 5190 3373 5253 acceptum
3428 5190 3636 5234 natura:

2071 5273 2273 5318 nostra:
2299 5276 2676 5334 conservaret,
2709 5278 2768 5323 ut
2817 5270 3002 5337 homo,
3035 5282 3091 5326 et
3120 5287 3316 5326 rursus
3368 5267 3637 5320 radicarel

2069 5354 2122 5407 in
2161 5354 2321 5410 nobis
2352 5359 2586 5427 gratiam
2619 5375 2742 5430 quas
2768 5372 3098 5427 recesserat,
3125 5364 3194 5424 is,
3220 5360 3316 5429 qui
3347 5362 3636 5425 peccatum

2067 5460 2176 5499 non
2210 5449 2383 5503 novit.
2429 5448 2584 5506 llane
2633 5451 2781 5507 enim
2815 5455 2888 5510 ob
2931 5467 3155 5508 causam
3209 5446 3466 5504 existimo
3507 5458 3635 5500 saw

1980 5625 2025 5656 ³⁸
2071 5624 2228 5684 Rom.
2256 5643 2308 5694 ν,
2356 5629 2444 5684 18.
