4090 6266
479 316 693 375 207-

1437 297 1491 351 S.
1519 256 1807 351 .CYRILLI
1854 282 2327 343 ALEXANDRINI
2353 285 2669 342 ARCHIEP.

3635 239 3748 347 eos

481 444 632 491 etum
704 427 1002 499 Baptistam
1073 421 1283 478 utiliter
1331 418 1640 481 addidisse,
1685 433 1704 465 ι
1739 414 1881 481 Quia
1936 410 2048 465 vidi

2175 409 2241 463 ’να
2287 411 2353 481 τῇ
2403 409 2561 478 φύσει
2607 409 2848 483 διασώσῃ
2892 409 3105 475 λαϐὼν,
3150 409 3225 473 ὡς
3274 409 3595 484 ἄνθρωπος,
3650 419 3748 467 καὶ

485 524 753 597 Spiritum
773 515 1215 575 descendentem
1242 510 1310 567 de
1339 510 1503 573 coelo,
1525 515 1578 564 et
1609 515 1928 562 manentem
1963 520 2057 560 su-

484 630 585 688 per
613 627 738 670 eum
762 610 828 665 ³’.
857 628 877 663 ›
905 606 1158 663 Avolavit
1193 603 1340 660 enim
1375 617 1443 657 ex
1472 600 1634 655 nobis
1668 606 1896 669 propter
1932 611 2059 667 pec-

486 685 692 767 eatum,
722 701 906 756 factus
959 707 1142 752 autem
1189 699 1275 750 est
1302 692 1452 748 velut
1500 706 1645 746 unus
1672 705 1738 745 ex
1771 687 1934 744 nobis
1964 685 2059 754 qui

486 800 775 866 peceatum
810 805 921 846 non
951 787 1128 855 novit,
1162 792 1215 840 ut
1247 783 1579 840 assuelieret
1611 793 1777 850 porro
1818 776 2060 859 Spiritus

489 901 713 943 manere
745 886 803 940 in
835 882 1017 948 nobis,
1049 895 1175 935 cum
1214 873 1533 933 discedendi
1567 879 1661 927 aut
1709 867 2060 928 subducendi

489 996 550 1036 se
573 992 796 1034 causam
833 976 890 1030 in
933 974 1053 1044 ipso
1094 986 1206 1025 non
1244 969 1493 1023 haberet.
1545 964 1719 1036 Igitur
1763 960 1927 1016 nobis
1964 973 2060 1030 per

490 1070 732 1140 scipsum
764 1065 1029 1136 Spiritum
1063 1060 1287 1131 accipit,
1322 1067 1376 1114 et
1404 1064 1614 1111 natura:
1645 1062 1804 1108 vetus
1853 1052 2058 1106 bonum

494 1166 739 1217 renovat.
791 1157 883 1211 Sic
925 1154 1091 1210 etiam
1124 1165 1332 1223 pauper
1375 1148 1558 1203 factus
1584 1145 1788 1201 dicitur
1833 1150 2062 1214 propter

491 1266 617 1307 nos.
652 1249 813 1305 Dives
862 1245 1010 1301 enim
1059 1257 1184 1297 cum
1243 1241 1335 1303 sit,
1387 1252 1496 1309 qua
1543 1236 1709 1300 Deus,
1747 1241 1802 1290 et
1855 1233 2061 1287 nullius

494 1341 627 1403 boni
677 1338 921 1408 indigus,
972 1334 1138 1388 homo
1188 1330 1366 1385 factus
1406 1334 1491 1383 est
1533 1326 1781 1381 omnium
1819 1337 2059 1394 egenus;

490 1432 558 1487 ad
588 1445 753 1501 quem
786 1422 1219 1481 alicubidictum
1241 1415 1327 1477 est
1358 1418 1622 1489 praeclare
1653 1432 1664 1467 :
1690 1432 1708 1464 ι
1746 1414 1887 1480 Quid
1915 1412 2062 1468 enim

496 1522 654 1595 125
684 1522 856 1577 habes
890 1518 1035 1590 quod
1074 1529 1187 1571 non
1244 1508 1615 1581 accepisti“?
1641 1527 1659 1559 ι
1697 1505 2064 1573 Quemadmo-

465 1618 619 1672 dum
651 1627 784 1683 ergo
813 1611 925 1664 vita
957 1606 1261 1664 secundum
1295 1609 1548 1657 naturam
1596 1597 1869 1654 exsistens
1909 1608 2065 1648 mor-

495 1718 620 1762 tuus
644 1712 729 1761 est
750 1699 1055 1759 secundum
1088 1708 1311 1751 carnem
1341 1699 1565 1762 propter
1587 1702 1709 1752 nos,
1741 1695 1801 1741 ut
1829 1691 2062 1740 mortem

493 1799 739 1853 vinceret
770 1807 872 1863 pro
909 1789 1093 1854 nobis,
1125 1793 1181 1841 et
1225 1784 1547 1838 universam
1581 1793 1769 1836 secum
1806 1784 2062 1832 naturam

492 1885 967 1946 (-ouresuscitaret
995 1882 1210 1950 (omnes
1242 1876 1389 1931 enim
1424 1886 1646 1929 eramus
1676 1870 1734 1924 in
1761 1870 1902 1940 ipso,
1927 1879 2067 1937 qua-

498 1993 660 2037 tenus
688 1978 855 2033 homo
888 1974 1071 2028 factus
1088 1972 1217 2039 est),
1238 1967 1319 2024 sic
1353 1965 1518 2022 etiam
1543 1962 1807 2035 Spiritum
1840 1965 2068 2030 propter

496 2088 601 2129 nos
636 2069 857 2139 accipit,
898 2075 959 2121 ut
995 2077 1212 2120 omnem
1269 2058 1579 2118 sanctiﬁcat
1624 2062 1903 2111 naturam.
1947 2048 2068 2104 Non

496 2164 645 2219 (nim
699 2136 774 2214 in—
802 2170 962 2213 suum
1016 2150 1365 2208 commodum
1412 2146 1596 2211 venit,
1650 2142 1746 2200 sed
1804 2148 1864 2194 ut
1908 2136 2070 2193 nobis

497 2251 755 2308 omnibus
784 2243 1141 2318 principium,
1175 2246 1231 2295 et
1251 2239 1363 2304 via,
1400 2243 1458 2292 et
1484 2235 1653 2304 janua
1693 2231 1767 2286 sit
1797 2229 2069 2318 bonorum

496 2317 826 2399 «mlestiuui.
863 2334 980 2390 Nisi
1032 2332 1180 2388 enim
1236 2328 1510 2396 accipere,
1546 2329 1605 2378 ut
1650 2321 1838 2386 homo,
1887 2317 2067 2373 visum

496 2441 665 2498 (sset,
713 2438 808 2485 aut
840 2428 1006 2484 etiam
1053 2422 1190 2493 pati,
1227 2428 1290 2474 ut
1329 2431 1474 2473 unus
1505 2430 1535 2470 e
1566 2414 1747 2477 nobis,
1792 2408 2070 2482 quomodo

498 2531 677 2598 ipsum
708 2538 768 2579 se
797 2517 1122 2576 humiliasse
1150 2511 1370 2568 ostendi
1407 2506 1629 2579 posset?
1668 2511 1764 2559 aut
1791 2501 2070 2573 quomodo

499 2592 645 2673 servi
669 2614 844 2668 forma
875 2614 1024 2664 recte
1050 2605 1102 2661 ei
1129 2603 1497 2665 tribueretur,
1524 2598 1636 2654 nisi
1657 2598 1726 2654 de
1751 2599 1891 2668 ipso.
1908 2592 2070 2666 quid~

499 2708 624 2761 dam
656 2693 824 2759 etiam
854 2712 1015 2754 servo
1042 2693 1378 2752 conveniens
1420 2690 1688 2760 scriptum
1716 2687 1898 2744 esset?
1943 2685 2071 2746 Noli

498 2811 631 2868 ergo
658 2789 1126 2864 sapientissimum
1172 2782 1572 2841 incarnationis
1605 2781 1876 2837 rationem
1908 2777 2070 2835 velli-

498 2902 647 2951 care,
679 2896 842 2954 quam
871 2880 1092 2937 divinus
1131 2877 1223 2933 ille
1254 2875 1463 2930 Paulus
1502 2873 1631 2943 jure
1660 2872 1915 2937 miratur,
1959 2869 2071 2924 cla-

499 2992 658 3034 mans
689 2995 703 3031 :
737 2993 756 3027 ι
787 2972 860 3029 Ut
897 2972 1210 3028 innotescat
1253 2980 1404 3022 nunc
1443 2962 1848 3035 principatibus
1881 2968 1937 3016 et
1968 2974 2072 3030 po-

2161 500 2370 573 ῥιζώσῃ
2404 501 2565 555 πάλιν
2610 502 2668 554 ἐν
2701 503 2832 572 ἡμῖν
2875 501 2974 572 τὴν
3001 503 3449 572 ἁποφοιτὴσασαν
3499 504 3746 575 χάρινρό

2163 594 2239 665 μὴ
2265 593 2419 658 εἰδὼς
2451 593 2746 666 ἁμαρτίαν.
2776 594 2876 648 Διὰ
2898 594 3101 665 ταύτην
3128 595 3236 666 γὰρ
3261 594 3415 668 οἶμαι
3436 598 3536 669 τὴν
3562 600 3744 654 αἰτίαν
3774 666 3779 671 ,

2162 686 2604 757 προστεθεικέναι
2664 685 2950 757 χρησίμως
3009 686 3103 739 τὸν
3168 687 3325 755 ἆγιον
3389 673 3784 761 Βαπτιστήν”

2168 773 2321 826 «Ὅτι
2368 772 2632 843 τεθέαμαι
2672 773 2733 825 τὸ
2774 774 3000 845 Πνεῦμα
3028 774 3355 830 καταϐαῖνον
3386 775 3446 841 ἐξ
3488 779 3743 848 οὐρανοῦ,

2162 863 2258 915 καί⁵
2289 860 2502 932 ἔμεινεν
2528 862 2614 914 ἐπ’
2652 862 2834 917 αὐτόν.
2863 881 2882 913 ι
2938 863 3182 934 Ἀπέπτη
3220 865 3318 934 μὲν
3357 865 3466 938 γὰρ
3502 867 3563 934 ἐξ
3587 870 3744 938 ἡμῶν

2161 953 2251 1006 διὰ
2276 952 2376 1024 τὴν
2404 954 2696 1025 ἁμαρτίαν,
2732 954 2923 1023 γέγονε
2953 954 3011 1007 δὲ
3048 955 3124 1019 ὡς
3166 950 3247 1019 εἷς
3280 955 3342 1021 ἐξ
3379 957 3556 1028 ἡμῶν,
3591 961 3620 1012 ὁ
3668 960 3743 1031 μὴ

2163 1043 2320 1109 εἰδὼς
2345 1046 2640 1117 ἁμαρτίαν,
2681 1047 2768 1100 ἴνα
2799 1045 3096 1119 προσεθίσῃ
3124 1047 3185 1101 τὸ
3214 1048 3443 1119 Πνεῦμα
3475 1050 3656 1121 μένειν
3687 1055 3747 1105 ἐν

2163 1135 2315 1205 ἡμῖν,
2347 1135 2600 1208 ἀφορμὴν
2628 1137 2730 1191 οὑκ
2762 1136 2883 1208 ἔχον
2926 1138 3347 1208 ἀναχωρήσεως,
3379 1140 3412 1211 ἢ
3443 1141 3748 1213 ὑποστολῆς

2164 1227 2221 1279 ἐν
2247 1227 2416 1297 αὑτῷ.
2446 1227 2652 1280 Οὐκοῦν
2675 1230 2806 1298 ἡμῖν
2829 1229 2893 1282 δι’
2922 1228 3113 1283 ἐαυτοῦ
3135 1230 3399 1300 λαμϐάνει
3418 1232 3477 1285 τὸ
3499 1234 3745 1304 Πνεῦμα,

2165 1320 2259 1372 καὶ
2286 1320 2502 1373 ἁνανεοῖ
2529 1322 2594 1391 τῇ
2631 1320 2788 1389 φύσει
2818 1321 2881 1373 τὸ
2917 1321 3139 1392 ἀρχαῖον
3172 1323 3375 1390 ἀγαθόν
3401 1338 3413 1351 ·
3464 1324 3606 1378 οὕτω
3652 1328 3748 1380 καὶ

2166 1411 2478 1479 πτωχεῦσαι
2513 1408 2729 1477 λέγεται
2774 1409 2840 1462 δι’
2888 1411 3051 1480 ἡμᾶς.
3090 1410 3349 1474 Πλούσιος
3374 1412 3483 1485 γάρ
3528 1413 3626 1479 ὣν,
3669 1416 3745 1479 ὡς

2166 1497 2317 1565 Θεὸς,
2365 1500 2458 1552 καὶ
2504 1498 2713 1562 οὐδενὸς
2756 1500 2865 1552 τῶν
2910 1496 3130 1568 ἀγαθῶν
3175 1501 3413 1573 ἐπιδεὴς,
3464 1504 3749 1576 ἅνθρωπος

2167 1590 2358 1658 γέγονε
2388 1591 2606 1645 πάντων
2638 1590 2876 1661 ἐπιδεὴς,
2929 1590 3065 1659 πρὸς
3108 1592 3167 1646 ὃν
3213 1593 3427 1665 εἴρηταί
3462 1612 3602 1659 που,
3654 1601 3751 1650 καὶ

2174 1681 2377 1752 σφόδρα
2400 1680 2601 1745 καλῶς·
2632 1682 2725 1736 «Tt
2748 1684 2856 1755 γὰρ
2877 1685 3043 1755 ἔχεις,
3070 1685 3098 1738 ὅ
3120 1685 3219 1739 οὐκ
3240 1685 3453 1753 ἔλαϐες
3486 1706 3503 1739 ι
3538 1688 3751 1760 Ὠσπερ

2172 1768 2265 1825 οὖν
2306 1772 2420 1844 ζωὴ
2460 1772 2603 1828 κατὰ
2636 1774 2796 1844 φύσιν
2845 1776 3102 1847 ὑπάρχων
3129 1777 3370 1832 ἀπέθανε
3403 1779 3545 1834 κατὰ
3574 1781 3751 1851 σάρκα

2170 1862 2239 1915 δι’
2267 1864 2433 1933 ἡμᾶς,
2482 1864 2567 1918 ἵνα
2613 1865 2811 1937 νικήσῃ
2857 1865 2949 1921 τὸν
2995 1866 3223 1921 θάνατον
3266 1869 3406 1940 ὑπὲρ
3447 1866 3626 1940 ἡμῶν,
3656 1871 3751 1924 καὶ

2171 1952 2298 2025 ὃλην
2355 1953 2531 2024 ἐαυτῷ
2579 1957 2956 2029 συναναστήσῃ
2997 1957 3095 2028 τὴν
3136 1955 3298 2028 φύσιν
3335 1974 3351 1990 ·
3403 1959 3604 2023 πάντες
3640 1960 3751 2032 γὰρ

2169 2039 2311 2115 ἦμεν
2342 2047 2401 2100 ἐν
2436 2046 2617 2120 αὑτῷ,
2642 2047 2778 2102 καθὸ
2804 2047 3027 2117 γέγονεν
3057 2048 3342 2119 ἄνθρωπος
3369 2065 3381 2079 ·
3408 2049 3548 2104 οὕτω
3575 2052 3755 2106 καὶτὸ

2171 2136 2398 2208 Πνεῦμα
2439 2138 2651 2209 δέχεται
2700 2140 2767 2193 δι’
2808 2141 2990 2209 ἡμᾶς,
3040 2142 3126 2195 ἵνα
3175 2143 3356 2195 πᾶσαν
3407 2143 3606 2216 ἁγιάσῃ
3650 2145 3755 2215 τὴν

2173 2227 2354 2297 φύσιν.
2396 2230 2471 2283 Οὐ
2504 2230 2610 2303 γὰρ
2641 2232 2836 2286 ἑαυτὸν
2873 2232 3169 2304 ὠφελήσων
3199 2234 3473 2304 ἐλήλυθεν,
3516 2237 3633 2290 ἀλλ’
3665 2237 3756 2291 ἵνα

2173 2322 2339 2374 πᾶσιν
2385 2322 2517 2391 ἡμῖν
2560 2321 2726 2392 ἁρχὴ,
2762 2322 2858 2376 καὶ
2903 2322 3041 2388 ὁδὸς,
3077 2324 3171 2377 καὶ
3213 2323 3351 2394 θύρα
3386 2325 3611 2397 γένηται
3643 2328 3755 2381 τῶν

2171 2411 2440 2482 οὐρανίων
2484 2410 2724 2480 ἀγαθῶν.
2776 2412 2841 2467 Et
2885 2412 2994 2484 γὰρ
3027 2415 3103 2486 μὴ
3149 2414 3292 2479 ἔδοξε
3324 2415 3645 2487 λαμϐάνειν,
3676 2418 3756 2480 ὡς

2175 2500 2480 2572 ἄνθρωπος,
2513 2502 2547 2572 ἢ
2586 2502 2683 2555 καὶ
2726 2502 2978 2573 πάσχειν,
3010 2502 3086 2567 ὡς
3115 2497 3194 2566 εἷς
3226 2503 3285 2569 ἐξ
3310 2505 3487 2576 ἡμῶν,
3527 2505 3645 2570 πῶς
3687 2507 3755 2559 ἂν

2174 2592 2341 2658 ἔδειξέ
2389 2611 2493 2659 τις,
2546 2594 2628 2647 ὅτι
2671 2594 3070 2649 τεταπείνωκεν
3118 2596 3354 2661 ἐαυτόν;
3401 2598 3470 2649 Ἢ
3519 2597 3639 2661 min;
3686 2598 3756 2652 ᾶν

2174 2681 2352 2753 ἐσώθη
2387 2683 2568 2747 καλῶς
2597 2685 2630 2755 ἡ
2658 2683 2752 2737 τοῦ
2789 2684 2975 2738 δούλου
3005 2676 3209 2758 μορφὴ,
3239 2687 3287 2739 εἰ
3320 2689 3396 2757 μή
3431 2705 3485 2740 τι
3513 2690 3609 2742 καὶ
3632 2689 3755 2743 δου-

2174 2774 2445 2846 λοπρεπὲς
2471 2775 2688 2846 ἐγράφη
2709 2777 2838 2847 περὶ
2865 2777 3064 2843 αὑτοῦ;
3097 2778 3188 2848 Μὴ
3214 2777 3554 2857 διασυρέσθω
3577 2781 3755 2834 τοίνυν

2175 2867 2204 2919 ὁ
2255 2867 2529 2937 πάνσοφος
2576 2869 2675 2940 τῆς
2720 2869 3031 2940 οἰκονομίας
3074 2869 3250 2937 λόγος,
3293 2869 3353 2923 ὃν
3397 2872 3490 2924 καὶ
3533 2872 3697 2936 αὐτὸς
3725 2874 3755 2926 ό

2179 2958 2458 3022 θεσπέσιος
2494 2960 2699 3023 Παῦλος
2721 2962 2945 3024 εἰκότως
2968 2960 3346 3032 ἀποθαυμάζει
3370 2961 3511 3032 βοῶν
3536 2977 3551 2994 ·
3600 2964 3755 3037 (Ἵνα

503 3067 795 3125 testatibus
816 3064 877 3119 in
896 3060 1221 3118 coelestibus
1240 3072 1341 3128 per
1368 3055 1684 3116 Ecclesiam
1719 3050 2070 3108 multiformis

2178 3051 2453 3123 γνωρισθῇ
2490 3051 2584 3105 νῦν
2615 3054 2732 3116 ταῖς
2762 3053 2978 3122 ἀρχαῖς,
3005 3054 3099 3105 καὶ
3121 3055 3242 3116 ταῖς
3266 3052 3535 3118 ἐξουσίαις
3552 3055 3613 3107 ἐν
3644 3057 3754 3118 τοῖς

501 3158 774 3231 sapientia
796 3156 914 3220 Dei,
939 3153 1243 3211 secundum
1271 3147 1691 3220 prastinitionem
1718 3144 2073 3210 saeculorum,

499 3264 666 3322 quam
693 3248 824 3305 fecit
853 3247 909 3302 in
936 3245 1163 3303 Christo
1188 3240 1321 3298 Jesu
1353 3239 1591 3296 Domino
1620 3248 1811 3293 nostro
1832 3235 1900 3295 ιι.
1928 3253 1946 3287 ι
1975 3231 2078 3289 Sa-

497 3341 708 3413 pientia
757 3338 903 3395 enim
955 3350 1171 3401 revera,
1211 3347 1395 3403 eaque
1424 3330 1538 3386 Dee
1572 3327 1931 3392 conveniens,
1967 3338 2077 3380 ma-

499 3446 667 3502 gnum
699 3429 832 3485 illud
878 3424 1281 3483 incarnationis
1323 3421 1542 3476 videtur
1570 3432 1693 3475 esse
1727 3415 2082 3487 mysterium.

501 3522 580 3578 ita
613 3522 680 3576 de
709 3519 1007 3574 Servatore
1052 3523 1246 3571 nostro
1295 3511 1643 3569 sentiendum
1674 3522 1799 3564 esse
1844 3520 1995 3571 reor,
2028 3503 2077 3559 si

503 3615 580 3684 pii
618 3626 743 3667 esse
784 3610 1058 3675 volumus,
1088 3617 1143 3662 et
1175 3606 1493 3673 dogmatum
1536 3601 1923 3657 reotitudinem
1959 3614 2079 3655 am-

504 3703 816 3774 plectimur.
866 3698 1056 3768 Neqne
1091 3696 1237 3753 enim
1292 3696 1348 3749 in
1399 3702 1607 3748 tantam
1641 3693 1873 3749 rationis
1902 3708 2077 3761 perru-

504 3797 649 3850 riam
695 3791 1071 3852 devolvemur,
1099 3794 1161 3843 ut
1207 3785 1264 3840 in
1296 3785 1438 3839 Filio
1489 3783 1789 3839 secundum
1822 3789 2076 3838 naturam

509 3885 777 3956 Spiritum
826 3895 927 3950 per
970 3876 1459 3949 participationem
1502 3890 1625 3931 esse
1666 3882 1962 3944 putemus,
2014 3889 2080 3929 ac

507 3990 620 4032 non
653 3970 1089 4030 substantialiter
1138 3968 1327 4039 potius
1362 3965 1589 4023 insitum
1618 3964 2078 4036 quemadmodum

506 4065 768 4124 nimirum
791 4071 845 4119 et
875 4061 930 4117 in
961 4061 1083 4131 ipso
1109 4058 1293 4114 Patre.
1328 4056 1400 4112 Ut
1430 4057 1579 4113 enim
1613 4055 1816 4124 Patris,
1850 4057 1926 4112 ita
1953 4056 2078 4113 Filii

502 4173 725 4230 quoque
754 4165 839 4213 est
875 4161 1104 4212 sanctus
1141 4151 1401 4222 Spiritus.
1442 4150 1537 4205 Sic
1580 4149 1723 4220 apud
1761 4148 2079 4220 Scripturas

504 4252 722 4307 divinas
745 4248 1056 4319 legimusu
1081 4243 1217 4300 Cum
1238 4242 1384 4298 enim
1418 4242 1699 4297 venissent
1732 4241 1785 4295 in
1826 4240 2076 4312 Mysiam,

505 4341 710 4413 inquit,
750 4339 1036 4396 tentabant
1085 4338 1167 4393 ire
1221 4337 1277 4389 in
1324 4332 1654 4406 Bithyniam,
1698 4341 1753 4389 et
1787 4347 1898 4388 non
1945 4346 2075 4403 per-

2181 3143 2559 3215 ἐπουρανίοις,
2622 3143 2710 3197 διὰ
2759 3144 2857 3215 τῆς
2903 3143 3257 3214 Ἐκκλησίας,
3304 3148 3338 3214 ἡ
3375 3145 3754 3209 πολυποίκιλος

2181 3235 2342 3304 σοφία
2394 3235 2489 3288 τοῦ
2535 3234 2703 3299 Θεοῦ,
2751 3235 2892 3289 κατὰ
2940 3234 3197 3306 πρόθεσιν
3242 3235 3351 3289 τῶν
3394 3237 3640 3300 αἰώνων,
3687 3235 3756 3307 ἢν

2178 3325 2434 3396 ἐποίησεν
2467 3326 2525 3378 tv
2548 3324 2772 3397 Χριστῷ
2802 3326 2977 3397 Ἰησοῦ
3006 3326 3082 3398 τῷ
3110 3327 3304 3398 Κυρίῳ
3326 3328 3504 3398 ἡμῶν.
3535 3346 3555 3379 »
3588 3328 3755 3396 Σοφία

2177 3416 2286 3488 γὰρ
2319 3417 2487 3482 ὅντως
2526 3417 2621 3471 καὶ
2661 3416 3006 3488 θεοπρεπὴς,
3052 3417 3114 3472 τδ
3162 3417 3302 3488 μέγα
3344 3419 3447 3488 τῆς
3479 3418 3752 3490 ἐνανθρω-

2178 3509 2398 3578 πησεως
2423 3507 2617 3577 ὁρᾶται
2656 3510 2973 3580 μυστήριον.
3007 3509 3274 3578 Τοιαύτην
3315 3508 3459 3578 ἔχειν
3488 3512 3633 3580 ἡμᾶς
3658 3512 3753 3577 τὴν

2179 3597 2310 3668 περί⁹
2340 3599 2433 3651 τοῦ
2463 3598 2712 3669 Σωτῆρος
2742 3597 2993 3668 διάληψιν
3019 3600 3216 3670 χρῆναι
3245 3599 3355 3652 δεῖν
3389 3600 3754 3670 ὑπολαμϐάνω

2179 3688 2306 3751 τοὺς
2346 3688 2588 3759 εὐσεϐεῖν
2628 3689 2945 3760 ἑλομένους,
2981 3692 3073 3744 καὶ
3106 3692 3199 3745 ἐπὶ
3227 3694 3293 3762 τῇ
3325 3691 3433 3745 τῶν
3472 3692 3754 3761 δογμάτων

2179 3776 2430 3850 ὀρθότητι
2472 3779 2799 3851 χαίρονταςο
2842 3782 2904 3835 οὐ
2934 3781 3042 3852 γὰρ
3072 3780 3136 3851 δή
3176 3799 3278 3835 που
3317 3782 3453 3853 πρὸς
3492 3784 3754 3854 τοσαύτην

2179 3867 2402 3938 ἀλογίαν
2447 3868 2866 3941 καταϐησόμεθα
2899 3871 2991 3923 καὶ
3031 3872 3213 3941 ἡμεῖς,
3254 3870 3328 3934 ὡς
3379 3870 3586 3924 οἴεσθαι
3625 3872 3755 3942 μεθ-

2178 3960 2337 4015 εκτὺν
2362 3962 2419 4014 tv
2438 3960 2515 4032 τῷ
2538 3962 2683 4016 κατὰ
2707 3961 2869 4031 φύσιν
2889 3962 3005 4034 Υίῷ
3021 3962 3083 4016 τὸ
3109 3962 3333 4033 Πνεῦμα
3353 3963 3638 4034 ὑπάρχειν,
3664 3964 3755 4016 καὶ

2179 4054 2299 4125 οὐχὶ
2331 4054 2530 4125 μᾶλλον
2565 4052 2837 4118 οὐσιωδῶς
2861 4055 3189 4124 ἐκπεφυκὸς,
3224 4051 3533 4126 ὥσπεροῦν
3566 4055 3755 4127 ἀμέλει

2184 4147 2276 4199 καὶ
2302 4144 2450 4216 αὑτῷ
2480 4144 2559 4215 τῷ
2607 4145 2801 4217 Πατρί.
2838 4147 3050 4216 ’Ὠσπερ
3078 4145 3186 4216 γὰρ
3212 4145 3306 4199 τοῦ
3349 4145 3584 4215 Πατρδς,
3617 4146 3755 4200 οὕτω

2183 4236 2278 4291 καὶ
2320 4237 2414 4290 τοῦ
2451 4236 2579 4291 Υίοῦ
2609 4237 2725 4291 ἐστι
2761 4236 2822 4289 τὸ
2868 4236 3093 4306 Πνεῦμα
3131 4236 3193 4290 τὸ
3248 4236 3401 4304 ἆγιον
3428 4254 3442 4269 ·
3485 4237 3627 4291 οὕτω
3664 4237 3755 4291 καὶ

2183 4327 2497 4396 ἀνέγνωμεν
2538 4326 2689 4398 παρὰ
2731 4329 2851 4390 ταῖς
2884 4326 3056 4391 θείαις
3084 4327 3328 4399 Γραφαῖς
3354 4343 3368 4357 ·
3423 4348 3444 4382 ι
3485 4328 3755 4391 Ἐλθόντες

507 4407 662 4490 misit
702 4447 800 4488 eos
832 4429 1074 4502 Spiritus
1102 4427 1265 4483 Jesus
1286 4427 1352 4481 “.
1378 4445 1398 4478 ι
1426 4426 1584 4492 Quod
1618 4426 1663 4481 si
1690 4424 1816 4496 quis
1849 4430 2070 4479 conten-

2185 4418 2291 4487 γὰρ
2323 4416 2461 4472 κατὰ
2492 4416 2588 4486 τὴν
2628 4417 2865 4481 Μυσίαν,
2920 4418 3104 4487 φησιν,
3174 4419 3464 4489 ἐπείραζον
3521 4422 3603 4482 εἰς
3656 4420 3754 4489 τὴν

506 4525 706 4581 tiosius
731 4529 941 4593 urgeat,
961 4527 1017 4576 et
1039 4522 1263 4574 rnrsum
1295 4526 1511 4573 asserat
1540 4514 1802 4586 Spiritum
1834 4530 1930 4584 per
1949 4530 2079 4585 par-

508 4614 886 4685 ticipationem
937 4624 1063 4666 esse
1112 4608 1168 4662 in
1219 4606 1393 4673 Filio,
1434 4614 1529 4659 aut
1580 4621 1705 4660 cum
1749 4604 1905 4674 prius
1968 4619 2079 4659 non

510 4705 738 4771 inesset,
769 4701 1006 4772 coepisse
1053 4706 1171 4754 tum
1212 4700 1269 4752 in
1316 4713 1382 4754 eo
1412 4711 1558 4761 esse,
1604 4710 1731 4750 eum
1767 4696 2078 4764 baptizatus

509 4801 615 4859 est,
633 4790 1034 4845 incarnationis
1061 4788 1323 4843 nimirum
1350 4795 1618 4857 tempore,
1641 4785 1829 4841 videat
1856 4800 2076 4840 rursum

509 4886 566 4940 in
599 4887 735 4952 quot
772 4889 826 4935 et
854 4889 1094 4949 quantas
1126 4877 1496 4933 absurditates
1548 4892 1609 4932 se
1648 4875 1928 4946 conjiciat.
1956 4875 2077 4930 Pri«

509 4986 660 5027 mum
708 4969 876 5034 enim,
920 4971 1061 5025 inter
1098 4982 1196 5023 eos
1226 4968 1319 5036 qui
1358 4968 1658 5037 gignuntur
1686 4983 1718 5023 e
1752 4967 2077 5022 mulieribus

508 5078 620 5119 non
666 5059 978 5118 surrexisse
1014 5058 1192 5127 major
1237 5058 1440 5112 dicitur
1467 5057 1681 5113 Joanne
1730 5058 1975 5127 Baptista
2008 5058 2072 5109 ⁸³.

505 5156 651 5213 Vere
680 5150 937 5223 quidem:
970 5150 1068 5206 sed
1104 5149 1354 5204 videmus
1383 5164 1508 5204 eum
1533 5149 1627 5218 qui
1660 5162 1934 5202 summum
1959 5150 2075 5218 glo-

505 5246 605 5302 ria:
629 5244 886 5300 humanae
914 5247 1062 5295 tenet
1102 5238 1409 5310 fastigium,
1446 5237 1864 5308 incomparabili
1902 5239 2078 5293 excel-

505 5335 673 5392 lentia
702 5331 988 5388 Christum
1024 5329 1303 5384 honorare
1329 5346 1342 5385 :
1374 5348 1393 5381 ι
1430 5328 1548 5384 Non
1580 5343 1702 5385 sum
1731 5348 1749 5380 ι
1776 5330 1922 5384 enim
1946 5348 1965 5381 ι
1993 5330 2077 5384 di-

507 5440 685 5495 gnus,
734 5421 944 5491 inquit,
988 5428 1047 5474 ut
1088 5418 1295 5475 solvam
1337 5418 1458 5488 ejus
1508 5417 1801 5490 corrigiam
1872 5420 2078 5475 calcea-

510 5515 678 5571 menti
695 5514 763 5569 “.
792 5533 811 5567 ι
849 5513 1041 5584 Atqui
1077 5525 1189 5568 non
1232 5510 1533 5566 absurdum
1579 5519 1633 5565 et
1686 5510 1915 5580 impium
1972 5523 2076 5575 est,

2184 4510 2433 4565 Βιθυνίαν
2467 4509 2759 4577 ἀπελθεῖν,
2812 4511 2903 4563 καὶ
2938 4511 3036 4564 οὑκ
3077 4512 3257 4565 εἴασεν
3298 4512 3495 4575 αὑτοὺς
3532 4511 3753 4581 Πνεῦμα

2196 4602 2390 4672 Ἰησοῦ.
2407 4622 2424 4653 ι
2458 4603 2520 4655 Εἰ
2538 4601 2595 4654 δέ
2615 4618 2693 4670 τῳ
2719 4601 2865 4654 δοκεῖ
2889 4601 3317 4672 φιλονεικότερον
3345 4604 3458 4667 τοῖς
3483 4602 3610 4672 περί
3631 4602 3753 4655 τοὺ-

2181 4710 2289 4746 των
2320 4693 2632 4746 ἐνίστασθαι
2660 4693 2856 4761 λόγοις,
2888 4693 2979 4745 καὶ
3006 4691 3429 4764 διισχυρίζεσθαι
3462 4693 3644 4753 πάλιν.
3674 4694 3756 4745 ὅτι

2183 4782 2327 4838 κατὰ
2382 4782 2597 4852 μέθεξιν
2641 4785 2696 4837 tv
2729 4783 2804 4854 τῷ
2852 4783 2966 4854 Υίῴ
3015 4784 3075 4837 τὸ
3117 4783 3347 4855 Πνεῦμά
3380 4785 3618 4856 ἐστιν,ἢ
3662 4786 3756 4838 καὶ

2181 4874 2303 4927 τότε
2335 4874 2559 4941 γέγονεν
2585 4876 2642 4926 ἐν
2671 4875 2839 4945 αὐτῷ,
2875 4874 3138 4946 πρότερον
3169 4877 3269 4929 οὐκ
3303 4876 3629 4945 ἐνυπάρχον,
3666 4876 3754 4928 ὅτε

2184 4967 2278 5019 καὶ
2313 4964 2633 5035 ἐϐαπτίσθη,
2658 4966 2797 5020 κατὰ
2815 4965 2906 5017 τὸν
2935 4968 3033 5035 τῆς
3061 4965 3522 5036 ἐνανθρωπήσεως
3542 4964 3753 5035 χρόνον,

2183 5059 2363 5128 ὁράτω
2392 5058 2552 5111 πάλιν
2580 5059 2787 5128 ἡλίκοις
2817 5074 2876 5110 τε
2920 5057 3013 5110 καὶ
3045 5057 3188 5119 ὅσοις
3227 5059 3601 5126 περιπεσεῖται
3646 5057 3757 5118 τοῖς

2186 5150 2516 5220 ἁτοπήμασι.
2557 5150 2779 5219 Πρῶτον
2807 5149 2904 5219 μὲν
2935 5148 3062 5218 γὰρ,
3091 5148 3192 5200 οὑκ
3216 5147 3510 5217 ἐγηγέρθαι
3540 5147 3703 5217 φησὶν
3728 5148 3756 5199 ὁ

2185 5242 2372 5314 Σωτὴρ
2396 5243 2452 5295 tv
2472 5244 2745 5313 γεννητοῖς
2764 5241 3034 5309 γυναικῶν
3065 5241 3312 5294 Ἰωάννου
3336 5238 3430 5293 τοῦ
3450 5238 3757 5292 Βαπτιστοῦ

2184 5335 2274 5387 τὸν
2310 5335 2530 5405 μείζονα
2555 5348 2568 5363 ·
2619 5335 2714 5387 καὶ
2744 5332 2948 5403 ἀληθὴς
2978 5335 3005 5386 ὁ
3031 5332 3227 5401 λόγοςς
3275 5330 3392 5384 ἁλλ’
3421 5330 3641 5401 ὁρῶμεν
3669 5330 3763 5382 τὸν

2185 5428 2266 5490 εἰς
2302 5427 2578 5497 ἀκρότητα
2596 5424 2768 5493 ,δόξης
2806 5441 2863 5476 τε
2895 5424 2989 5477 καὶ
3015 5423 3215 5493 ἀρετῆς
3246 5421 3625 5492 ἁναϐεϐηκότα
3663 5420 3763 5491 τῆς

2185 5521 2243 5571 ἐν
2270 5520 2421 5588 ἡμῖν,
2466 5516 2817 5586 άσυγκρίτοις
2854 5515 3151 5587 ὑπεροχαῖς
3192 5512 3436 5582 τιμῶντα
3479 5512 3719 5583 Χριστόν
3742 5527 3761 5544 ⁸

586 5696 801 5752 "Joan.
840 5713 876 5764 ι,
908 5700 995 5753 32.
1074 5698 1155 5753 "1
1188 5699 1317 5754 Cor.
1354 5714 1425 5765 Iv,
1458 5697 1508 5753 7.
1586 5699 1625 5729 δ’
1652 5696 1848 5768 Ephes.
1871 5714 1952 5765 In,
1984 5700 2070 5768 10,

2177 5741 2195 5758 .
2272 5697 2459 5754 "Act.
2495 5712 2605 5761 xvr,
2635 5695 2683 5749 7.
2760 5693 3010 5748 "Matth.
3040 5708 3116 5757 ιι,
3154 5690 3238 5744 Η.
3309 5688 3354 5719 ⁵⁸
3390 5687 3551 5743 Joan.
3596 5704 3637 5756 ι,
3668 5688 3761 5744 27.
