4090 6266
490 461 593 519 πλε

1481 461 1540 517 S.
1578 460 1854 518 CYRlLLI
1878 457 2352 515 ALEXANDRINI
2382 456 2703 515 ARClllEP.

3633 455 3741 511 ΞΒ

494 595 604 637 non
629 578 771 634 allus
794 577 864 633 ab
890 577 1014 648 ipso
1040 578 1110 634 sit
1127 578 1353 645 veritas,
1373 577 1504 633 audi
1526 593 1722 635 rursus
1749 577 2059 634 dicentem:

2180 574 2321 629 ἰλλον
2349 574 2705 646 Παράκλητον
2729 572 2891 627 δώσει
2927 573 3075 644 ὑμῖν,
3104 572 3167 626 τὸ
3204 569 3435 644 Πνεῦμα
3468 571 3568 639 τῆς
3610 571 3748 643 ἀλη-

496 690 517 723 ‹
556 671 669 742 Ego
697 684 819 727 sum
852 670 1058 726 veritas
1081 669 1149 725 ⁸⁷.
1174 688 1195 725 ι
1229 670 1366 726 Cum
1401 684 1532 740 ergo
1561 670 1765 726 veritas
1783 668 1855 724 sit
1884 674 1938 723 et
1967 681 2063 722 vo-

494 772 652 817 cetur
698 769 897 816 natura
941 757 1116 817 Filius
1149 776 1164 812 :
1196 759 1325 816 vide
1372 765 1635 830 quantam
1693 759 1895 821 habeat
1936 769 2062 811 cum

497 856 618 924 ipso
649 852 890 924 Spiritus
917 852 1209 908 unitatem.
1249 852 1341 906 Ait
1375 851 1522 906 enim
1549 850 1750 905 alicubi
1782 850 1849 905 de
1880 847 2066 903 Salva-

496 954 617 1000 tore
653 953 849 1000 nostro
878 941 1120 999 Joannes
1152 941 1460 1013 discipulus
1493 959 1507 995 :
1542 960 1561 993 ι
1593 940 1696 995 Hie
1725 948 1815 1003 est
1844 939 1940 1009 qui
1972 928 2066 992 vc?-

497 1037 580 1090 nit
611 1052 710 1107 per
757 1051 978 1108 aquam,
1003 1041 1058 1090 et
1095 1035 1451 1105 sanguinem,
1483 1040 1540 1088 et
1569 1030 1862 1102 Spiritum,
1902 1027 2066 1083 Jesus

495 1127 790 1182 Christus:
820 1142 931 1181 non
960 1126 1014 1181 in
1054 1140 1199 1196 aqua
1227 1124 1435 1189 solum,
1472 1123 1571 1180 sed
1593 1123 1649 1177 in
1681 1137 1823 1193 aqua
1851 1127 1905 1176 et
1936 1133 2067 1175 san-

498 1215 698 1286 guine;
734 1223 788 1270 et
828 1215 1071 1286 Spiritus
1102 1222 1189 1273 est
1212 1214 1307 1285 qui
1349 1219 1608 1280 testatur,
1648 1212 1781 1283 quia
1810 1208 2069 1272 Christus

500 1305 702 1360 veritas
730 1314 816 1361 est
843 1305 909 1359 ιε.
943 1324 963 1358 ι
992 1304 1255 1368 Proinde,
1291 1311 1347 1359 et
1398 1301 1743 1357 inhabitante
1791 1299 1849 1354 in
1908 1298 2068 1354 nobis

494 1402 686 1448 sancto
727 1392 958 1464 Spiritu,
996 1395 1051 1449 in
1082 1393 1337 1451 interiori
1389 1391 1633 1455 homine,
1666 1388 1918 1443 habitare
1948 1389 2070 1458 ipse

494 1485 702 1541 dicitur
745 1485 1026 1553 Christus,
1050 1496 1216 1557 alque
1246 1486 1322 1540 ita
1345 1500 1404 1540 se
1437 1499 1524 1541 res
1549 1483 1715 1540 habet
1743 1488 1967 1538 natura.
2000 1478 2070 1533 Et

496 1585 648 1633 certe
695 1579 889 1635 beatus
928 1579 1132 1635 Paulus
1182 1578 1240 1633 id
1294 1576 1609 1633 clarissime
1666 1574 1878 1630 docens
1936 1571 2011 1625 ait
2053 1588 2068 1626 :

503 1683 520 1717 ι
550 1665 664 1722 Vos
709 1678 890 1723 autem
928 1682 1036 1722 non
1090 1667 1227 1722 estis
1266 1665 1320 1718 in
1374 1679 1560 1731 carne,
1602 1663 1699 1720 sed
1732 1663 1788 1717 in
1826 1661 2068 1732 Spiritu;

497 1756 775 1827 siquidem
807 1756 1048 1827 Spiritus
1073 1754 1169 1810 Dei
1203 1754 1420 1807 habitat
1446 1754 1500 1807 in
1528 1752 1706 1807 vobis.
1740 1750 1796 1806 Si
1828 1751 1953 1819 quis
1975 1765 2073 1804 au-

500 1861 608 1901 tem
645 1846 915 1918 Spiritum
949 1846 1155 1902 Christi
1188 1861 1299 1900 non
1328 1845 1512 1910 habet,
1555 1843 1644 1898 hic
1674 1858 1786 1897 non
1814 1850 1898 1896 est
1927 1840 2069 1908 ejus.

500 1937 559 1992 Si
588 1953 720 1994 vero
748 1938 1000 1994 Christus
1022 1938 1074 1992 in
1103 1938 1282 2002 vobis,
1310 1951 1512 2006 corpus
1543 1935 1762 2006 quidem
1792 1941 2068 1987 mortuum

503 2034 728 2096 propter
776 2036 1090 2097 peccatum,
1145 2025 1387 2095 Spiritus
1444 2033 1625 2080 autem
1679 2024 1789 2078 vita
1848 2032 2074 2094 propter

496 2117 770 2186 justitiam
799 2118 867 2172 η.
893 2138 912 2171 ι
950 2116 1049 2173 Hie
1090 2124 1395 2187 promptam
1424 2131 1636 2181 aurem,
1670 2126 1879 2186 quaeso,
1908 2112 2073 2169 dictis

500 2208 881 2265 accommoda.
901 2208 1035 2264 Cum
1065 2208 1333 2280 Spiritum
1358 2208 1568 2262 Christi
1596 2207 1990 2261 inhabitantem
2019 2203 2075 2257 in

500 2298 663 2355 nobis
684 2299 1046 2369 nominasset,
1087 2302 1274 2357 statim
1309 2299 1634 2371 Subiunxit:
1663 2297 1722 2353 Si
1752 2311 1888 2353 vero
1917 2294 2076 2351 Chri-

502 2400 622 2448 stus
670 2394 726 2449 in
754 2394 934 2461 vobis,
980 2397 1255 2473 aqualem
1293 2409 1391 2465 per
1425 2394 1612 2449 omnia
1651 2391 2074 2448 similitudinem

503 2492 751 2540 statuens
771 2482 897 2538 Filii
932 2499 1059 2539 eum
1094 2483 1308 2555 Spiritu
1339 2485 1435 2556 qui
1474 2487 1734 2556 proprius
1765 2481 1889 2552 ejus
1916 2488 2000 2537 est
2021 2489 2077 2536 et

504 2574 573 2628 ab
600 2573 724 2645 ipso
756 2574 1059 2629 secundum
1097 2581 1356 2630 naturam
1389 2574 1665 2647 procedit.
1686 2572 1927 2644 Ideoque
1957 2571 2080 2642 Spi-

505 2665 649 2722 ritus
685 2664 1000 2737 adoptionis
1031 2681 1252 2738 quoque
1285 2667 1516 2732 dicitur,
1548 2674 1602 2723 et
1633 2665 1689 2721 in
1724 2665 1845 2737 ipso
1875 2664 2079 2718 clama-

434 2794 441 2799 -
505 2771 672 2813 mus:
698 2755 852 2812 Abba
885 2756 1047 2812 Pater
1073 2759 1143 2811 ⁵ο.
1161 2757 1227 2812 Et
1261 2766 1320 2812 ut
1349 2758 1542 2814 beatus
1592 2756 1792 2812 alicubi
1832 2752 2078 2810 Joannes

503 2848 628 2902 ait:
662 2864 682 2899 ι
714 2846 796 2902 Ex
843 2848 949 2903 hoc
995 2849 1417 2919 cognoscimus,
1467 2848 1597 2919 quia
1648 2848 1705 2903 in
1759 2846 1922 2902 nobis
1968 2853 2074 2909 est,

502 2936 632 3006 quia
654 2936 723 2992 de
753 2936 965 3008 Spiritu
989 2953 1091 2994 suo
1115 2937 1262 2994 dedit
1285 2938 1451 2994 nobis
1473 2938 1540 2992 ⁸⁸.
1574 2956 1593 2991 ι
1621 2936 1750 2991 Ηωο
1779 2934 2080 2991 sutl'ectura

503 3027 730 3096 quidem
761 3029 1028 3095 arbitror,
1058 3038 1118 3084 ut
1147 3029 1414 3084 Ecclesiae
1452 3027 1575 3099 tilii_
1599 3027 1816 3098 possint
1856 3025 2078 3081 haereti-

503 3133 699 3174 corum
743 3118 944 3175 damna
975 3120 1246 3191 repellere
1278 3139 1293 3175 :
1333 3120 1381 3174 si
1412 3119 1538 3190 quis
1578 3125 1762 3173 autem
1811 3130 1963 3173 mera
1990 3115 2079 3169 in-

503 3209 669 3265 scitia
704 3210 894 3269 ebrius
920 3226 985 3267 ac
1018 3211 1377 3278 temulentus,
1406 3209 1606 3286 [filium
1632 3208 1916 3266 existimat
1964 3216 2078 3262 tum

2165 668 2336 733 θείας,
2382 667 2412 721 6
2455 669 2485 720 6
2517 665 2722 737 κόσμος
2759 665 2820 720 οὐ
2849 665 3071 720 δύναται
3092 666 3317 742 χωρεῖν.
3347 680 3366 717 ι
3422 662 3555 717 Ἰδοὺ
3592 662 3745 733 διαῤ-

2169 759 2337 835 ρήδην
2365 757 2593 830 Πνεῦμα
2623 758 2721 829 τῆς
2753 756 3011 827 ἀληθείας
3041 754 3102 808 τδ
3131 754 3285 823 ἆγιον
3310 752 3539 824 Πνεῦμὰ
3561 769 3743 822 φησιν.

2170 850 2290 904 Ὅτι
2331 849 2389 903 δὲ
2429 850 2608 917 αὐτὸς,
2663 849 2759 903 καὶ
2805 848 2904 918 οὐχ
2944 845 3130 918 ἕτερός
3180 846 3295 898 ἐστι
3340 846 3473 914 παρ’
3515 843 3675 896 αὑτὸν
3713 843 3746 912 ἡ

2169 941 2413 1013 ἀλήθεια,
2447 941 2610 995 πάλιν
2640 941 2803 995 ἄκουε
2830 938 3079 1007 λέγοντος
3103 954 3119 970 ·
3169 955 3188 990 ι
3224 935 3364 1004 Ἐγὼ
3396 937 3511 1005 εἰμι
3541 935 3574 1004 ἡ
3617 933 3751 1003 ἀλή-

2168 1032 2305 1086 θεια.
2343 1051 2362 1084 ι
2418 1029 2701 1100 Ἀληθείας
2744 1025 2836 1084 οῦν
2870 1029 3022 1093 ὄντος
3066 1045 3126 1081 τε
3159 1028 3254 1081 καὶ
3287 1023 3625 1094 κεκλημένου
3652 1021 3748 1075 τοῦ

2169 1122 2308 1175 κατὰ
2335 1120 2496 1189 φύσιν
2535 1119 2691 1185 Υἰοῦ,
2727 1119 2892 1191 βλέπε
2922 1118 3093 1189 πόσην
3126 1117 3240 1187 ἔχει
3268 1116 3329 1169 τὸ
3358 1114 3582 1184 Πνεῦμα
3610 1112 3747 1181 πρὸς

2169 1215 2330 1279 αὐτὸν
2360 1216 2458 1285 τὴν
2480 1212 2726 1283 ἑνότητα.
2760 1212 2923 1280 Λέγει
2950 1209 3057 1282 γάρ
3081 1226 3184 1261 που
3219 1207 3348 1278 περὶ
3375 1204 3470 1259 τοῦ
3497 1203 3748 1274 Σωτῆρος

2169 1304 2326 1378 ἡμῶν
2358 1305 2611 1375 Χωάννης
2634 1306 2662 1357 6
2697 1301 2975 1374 μαθητής·
3014 1292 3213 1363 «Οὗτός
3245 1301 3392 1352 ἐστιν
3424 1299 3453 1350 ὁ
3486 1293 3657 1348 ἐλθὼν
3682 1292 3748 1346 δι’

2168 1394 2381 1462 ὓδατος,
2405 1398 2500 1449 καὶ
2519 1395 2766 1464 αἵματος,
2795 1392 2889 1446 καί
2910 1391 3227 1461 Πνεῦματος
3260 1387 3468 1458 Ἰησοῦς
3489 1384 3744 1454 Χριστός

2170 1487 2269 1545 οῦιι
2297 1488 2355 1541 ἐν
2381 1484 2458 1556 τῷ
2487 1484 2637 1538 ὕδατι
2669 1484 2848 1554 μόνον,
2888 1482 3002 1536 ἀλλ’
3037 1483 3094 1535 ἐν
3121 1480 3201 1552 τῷ
3228 1480 3402 1543 ῦδατι,
3432 1478 3525 1532 καὶ
3555 1477 3634 1547 τῷ
3665 1474 3751 1532 αἱ·

2173 1593 2343 1646 ματι,
2389 1575 2483 1629 καί
2526 1574 2588 1627 τὸ
2638 1571 2865 1644 Πνεῦμα
2906 1574 3025 1625 ἐστι
3070 1571 3129 1625 τὸ
3178 1568 3520 1643 μαρτυροῦν,
3572 1569 3657 1620 ὃτι
3692 1565 3756 1619 τδ

2171 1667 2391 1737 πνεῦμά
2433 1669 2582 1721 ἐστιν
2611 1668 2644 1737 ἡ
2673 1665 2921 1738 ἀλήθεια.
2961 1684 2980 1718 ι
3029 1664 3212 1717 Διάτοι
3254 1660 3436 1724 τοῦτο,
3477 1658 3574 1711 καὶ
3612 1660 3754 1710 ἐνοι-

2169 1756 2393 1823 κοῦντος
2421 1758 2552 1829 ἡμῖν
2578 1755 2672 1810 τοῦ
2706 1756 2861 1825 ἁγίου
2888 1755 3222 1827 Πνεύματος,
3260 1753 3339 1818 εἰς
3375 1752 3466 1805 τὸν
3512 1749 3621 1803 ἔσω
3663 1749 3756 1810 ἄν·

2172 1850 2389 1922 θρωπον
2438 1850 2714 1903 κατοικεῖν
2743 1848 2906 1912 αὖτδς
2932 1846 3153 1915 λέγεται
3180 1843 3437 1914 Χριστὸς,
3464 1840 3558 1894 καὶ
3579 1838 3756 1902 οὕτως

2105 1969 2146 2028 Β
2174 1940 2285 2011 ἔχει
2308 1941 2369 1994 τὸ
2393 1942 2625 2012 πρᾶγμα
2648 1943 2716 2011 τῇ
2739 1939 2921 2009 φύσει.
2954 1937 3066 1992 Καὶ
3092 1935 3224 2005 γοῦν
3252 1936 3280 1987 6
3313 1933 3581 2006 μακάριος
3607 1930 3756 2028 Παῗῖ

2176 2031 2267 2096 λος
2308 2031 2622 2101 σαφέστατα
2663 2029 2823 2084 τοῦτο
2850 2028 3114 2082 διδάσκων
3159 2024 3362 2098 φησίν·
3417 2022 3649 2092 «Ὑμεῖς
3698 2018 3761 2075 δέ

2174 2125 2274 2177 οὐκ
2302 2123 2425 2175 ἐστέ
2452 2122 2510 2175 ἐν
2545 2123 2728 2193 σαρκὶ,
2767 2121 2881 2176 ἀλλ’
2917 2123 2974 2174 ἐν
3002 2117 3300 2189 Πνεύματι,
3336 2114 3496 2200 εἴπερ
3531 2112 3760 2184 Πνεῦμα

2175 2215 2312 2270 Θεοῦ
2341 2215 2481 2269 οἰκεῖ
2517 2214 2575 2269 ἐν
2609 2215 2758 2284 ὑμῖν.
2806 2213 2871 2265 Εἰ
2919 2211 2977 2265 δέ
3006 2226 3092 2272 τις
3136 2205 3361 2279 Πνεῦμα
3392 2203 3630 2279 Χριστοῦ
3657 2204 3760 2257 οὐκ

2177 2305 2312 2376 ἔχει,
2347 2301 2501 2367 οὗτος
2527 2303 2628 2357 οὐκ
2656 2302 2801 2356 ἐστιν
2830 2299 3018 2356 αὑτοῦ.
3070 2300 3133 2353 Εἰ
3161 2300 3218 2354 δέ
3245 2297 3481 2369 Χριστὸς
3509 2298 3569 2350 ἐν
3602 2296 3758 2367 ὑμῖν,

2176 2397 2236 2451 τὸ
2267 2396 2365 2467 μὲν
2396 2395 2556 2466 σῶμα
2584 2394 2775 2464 νεκρὸν
2801 2392 2866 2447 δι’
2897 2391 3190 2463 ἁμαρτίαν,
3219 2390 3280 2444 τὸ
3306 2390 3364 2443 δὲ
3391 2388 3616 2458 Πνεῦμα
3644 2385 3762 2455 ζωὴ

2175 2487 2263 2542 διὰ
2302 2485 2667 2556 δικαιοσύνην.
2702 2503 2720 2537 ι
2762 2482 2992 2551 Ὀξεῖαν,
3024 2477 3069 2536 ὧ
3091 2477 3263 2547 οὗτος,
3295 2483 3411 2544 τοῖς
3440 2478 3763 2551 εἰρημένοις

2178 2579 2413 2649 ὑπόσχες
2435 2577 2534 2648 τὴν
2562 2577 2751 2647 ἀκοήν.
2779 2574 3004 2645 Πνεῦμα
3030 2566 3268 2643 Χριστοῦ
3292 2573 3353 2627 τὸ
3384 2568 3673 2626 κατοικοῦν
3704 2570 3763 2622 ἐν

2179 2673 2309 2741 ἡμῖν
2341 2669 2634 2740 ὀνομάσας,
2669 2668 2950 2739 ἐπήγαγεν
2983 2667 3145 2729 εὐθύς
3167 2682 3182 2696 ·
3230 2666 3294 2719 Εἰ
3335 2665 3391 2718 δέ
3436 2662 3672 2734 Χριστὸς
3704 2662 3764 2713 ἐν

2180 2764 2337 2833 ὑμῖν,
2384 2760 2804 2833 ἀπαράλλακτον
2852 2758 3123 2830 εἰσφέρων
3168 2756 3268 2828 τὴν
3325 2754 3620 2826 ὁμοιότητα
3662 2749 3765 2804 τοῦ

2179 2854 2331 2921 Υἱοῦ,
2362 2853 2496 2926 πρὸς
2518 2852 2577 2906 τὸ
2600 2853 2727 2906 ἴδιον
2754 2850 2940 2915 αὐτοῦ,
2962 2850 3058 2904 καὶ
3088 2848 3216 2920 παρ’
3244 2845 3409 2901 αὐτοῦ
3435 2843 3574 2899 κατά
3596 2843 3764 2912 φύσιν

2180 2944 2545 3017 προχεόμενον
2592 2942 2832 3014 Πνεῦμα.
2904 2941 3086 2995 Διάτοι
3128 2937 3324 3002 τοῦτο,
3381 2936 3477 2990 καὶ
3535 2932 3765 3003 Πνεῦμα

2180 3035 2452 3098 υἱοθεσίας
2480 3033 2720 3103 λέγεται,
2765 3032 2861 3087 καὶ
2904 3033 2964 3084 ἐν
2998 3030 3146 3101 αὑτῷ
3189 3028 3488 3101 κράζομεν·
3532 3023 3705 3078 Ἀεὸἄ
3735 3025 3767 3077 6

2181 3128 2391 3198 Πατήρ.
2440 3124 2552 3179 Καὶ
2594 3124 2670 3189 ὡς
2700 3125 2729 3177 6
2765 3123 3033 3195 μακάριός
3088 3119 3190 3175 πού
3241 3134 3406 3190 φησιν
3464 3116 3760 3185 Ἰωὰννηςο

2187 3236 2205 3269 ι
2228 3219 2324 3271 Ἐκ
2364 3215 2555 3270 τούτου
2600 3216 2967 3284 γινώσκομεν,
3002 3213 3084 3266 ὃτι
3130 3211 3189 3265 ἐν
3218 3210 3350 3281 ἡμῖν
3378 3209 3547 3271 ἐστιν,
3586 3205 3668 3258 ὅτι
3698 3205 3766 3256 ἐκ

503 3302 744 3371 primum
779 3303 1045 3374 Spiritum
1079 3305 1383 3376 accepisse,
1405 3304 1743 3393 cumlactus
1770 3312 1857 3359 est
1878 3302 2075 3361 homo:

2180 3309 2274 3364 τοῦ
2306 3308 2623 3380 Πνεύματος
2652 3304 2818 3363 αὐτοῦ
2852 3304 3052 3358 ἔδωκεν
3080 3304 3232 3374 ἡμῖν.
3266 3319 3285 3354 ι
3332 3294 3506 3371 Οἶμαι
3541 3296 3640 3368 μὲν
3668 3291 3766 3350 θῦν

504 3395 762 3451 ostendat
787 3394 881 3452 Dei
912 3395 1154 3453 Verbum
1188 3405 1317 3454 ante
1351 3397 1790 3454 incarnationem
1823 3401 2076 3452 sanctum

506 3501 619 3542 non
648 3501 792 3552 esse,
824 3495 878 3543 et
911 3503 1015 3544 nos
1042 3489 1371 3546 tacebimus.
1403 3487 1536 3544 Iure
1570 3496 1757 3545 autem
1790 3486 2081 3545 mirandus

506 3583 594 3631 est
619 3583 850 3631 sanctus
877 3579 1216 3648 evangelista
1245 3580 1339 3650 qui
1362 3579 1566 3649 ubique
1593 3579 1769 3645 multa
1799 3592 1924 3633 cum
1948 3592 2083 3632 cau-

509 3669 661 3721 tione
704 3675 1000 3721 conservat
1029 3683 1231 3736 eaquae
1254 3677 1472 3723 natura:
1502 3668 1704 3725 divinae
1725 3668 2080 3723 conveniunt.

510 3755 649 3809 Cum
679 3755 823 3810 enim
846 3764 1007 3812 antea
1027 3756 1284 3826 dixisset,
1306 3758 1583 3813 neminem
1611 3771 1853 3827 unquam
1879 3756 2086 3811 vidisse

515 3848 684 3902 Deum
702 3846 774 3911 ",
795 3854 849 3903 et
874 3848 1030 3919 127
1059 3863 1206 3902 nunc
1225 3863 1257 3902 a
1286 3849 1449 3904 beato
1477 3847 1722 3918 Baptista
1750 3847 1932 3903 visum
1961 3846 2086 3917 Spi-

511 3945 683 3993 ritum
717 3948 950 4005 asserat,
978 3939 1401 3995 descendentem
1427 3954 1590 4009 super
1620 3938 1818 3994 Filium
1843 3939 2085 4006 caelitus,

513 4029 668 4086 addit
698 4032 1036 4099 necessario,
1070 4041 1351 4105 spectasse
1380 4031 1623 4101 quidem,
1652 4030 1746 4088 sed
1779 4030 1963 4101 specie
1989 4045 2087 4086 co-

513 4120 738 4186 lumbae,
773 4135 885 4177 non
913 4121 1245 4192 simpliciter
1270 4120 1452 4192 qualis
1481 4129 1679 4176 natura
1709 4134 1808 4176 sua
1845 4119 2084 4188 exsistit,

512 4215 608 4271 sed
642 4214 919 4271 mitissimi
947 4213 1205 4271 animalis
1233 4215 1417 4285 specie
1445 4200 1854 4282 adumbratum,
1882 4220 1944 4269 ut
1984 4213 2088 4269 hoc

513 4314 674 4376 pacto
700 4321 922 4363 rursum
952 4307 1234 4362 videretur
1262 4305 1710 4377 conjunctionem
1747 4312 1801 4361 et
1825 4306 2085 4366 similitu-

512 4398 697 4454 dinem
727 4399 1033 4454 naturalem
1077 4414 1300 4455 servare
1329 4414 1456 4455 eum
1488 4398 1629 4454 Filio
1657 4398 1906 4455 dicente:
1938 4416 1957 4450 ι
1992 4397 2089 4453 Di-

512 4490 651 4544 scite
686 4503 715 4545 a
747 4504 855 4553 me,
882 4490 1011 4560 quia
1063 4490 1213 4545 mitis
1255 4506 1375 4547 sum
1422 4497 1476 4545 ct
1523 4488 1747 4545 humilis
1772 4489 1939 4545 corde
1960 4489 2029 4545 ⁸³.
2063 4508 2082 4542 ι

512 4577 684 4647 igitur
714 4596 826 4635 non
873 4578 1092 4636 desinet
1131 4595 1256 4647 esse
1298 4579 1442 4635 Deus
1483 4581 1784 4637 secundum
1830 4588 2085 4634 naturam

516 4669 754 4738 Spiritus
796 4687 809 4724 :
842 4669 910 4724 de
952 4684 1063 4740 quo
1114 4685 1313 4741 nempe
1352 4670 1557 4725 dicitur
1594 4686 1878 4741 nunquam
1908 4670 2087 4726 visum

513 4773 658 4822 esse,
702 4759 809 4814 nisi
865 4760 1134 4814 duntaxat
1191 4760 1248 4815 in
1302 4761 1570 4817 columba:
1626 4760 1811 4830 specie
1860 4771 2088 4832 propter

513 4850 782 4905 discentis
801 4852 1113 4908 utilitatem.
1150 4849 1297 4908 Loco
1328 4853 1473 4909 enim
1507 4854 1648 4924 signi
1679 4861 1735 4910 et
1768 4854 1957 4909 indicii
1991 4854 2089 4910 da-

515 4953 626 4994 tam
657 4940 762 4996 sibi
809 4941 977 4997 fuisse
1010 4942 1427 5001 descensionem
1467 4944 1727 5016 Spiritus,
1755 4946 1950 5003 beatus
1977 4945 2087 5001 Ba-

517 5032 685 5103 ptista
720 5030 1029 5101 proﬁtetur,
1058 5031 1361 5092 Salvaturis
1388 5037 1564 5092 nostri
1594 5039 1927 5094 testimoniis
1953 5039 2089 5094 illud

517 5121 773 5177 addens:
806 5138 825 5173 ι
868 5119 971 5186 Qui
1016 5121 1166 5177 misit
1220 5138 1307 5178 me
1350 5124 1631 5194 baptizare
1678 5126 1733 5180 in
1779 5141 1941 5196 aqua,
2000 5127 2090 5184 ille

517 5214 654 5269 mihi
705 5213 887 5282 dixit:
922 5212 1100 5282 Super
1131 5230 1291 5284 quem
1325 5215 1530 5271 videris
1560 5215 1826 5286 Spiritum
1862 5218 2092 5274 descen-

517 5309 758 5374 dentem,
798 5312 853 5367 et
898 5312 1214 5371 manentem
1241 5321 1409 5385 super
1438 5321 1588 5373 eum,
1618 5307 1710 5363 hic
1737 5316 1822 5365 est
1855 5310 1951 5381 qui
1995 5310 2093 5365 ba-

519 5401 690 5477 ptizat
715 5400 771 5454 in
813 5396 1025 5470 Spiritu
1061 5396 1340 5464 sancto“.
1375 5416 1394 5450 ι
1415 5396 1590 5474 Quam
1619 5399 1692 5455 ob
1724 5416 1835 5456 rem
1868 5403 2095 5457 insanos

521 5491 809 5547 haereticos
868 5490 1225 5553 vehementer
1291 5487 1607 5553 irridendos
1674 5491 1934 5557 arbitror,
1999 5493 2094 5564 qui

520 5578 670 5648 quod
704 5579 846 5650 signi
881 5579 1003 5635 loco
1046 5578 1291 5651 positum
1323 5587 1430 5646 est,
1462 5595 1563 5652 pro
1597 5581 1826 5638 veritate
1854 5583 1970 5657 ipsa
2015 5585 2095 5639 rei

517 5668 764 5740 capiunt,
797 5670 1050 5740 quamvis
1094 5670 1367 5743 singulari
1397 5670 1604 5726 factum
1635 5671 1686 5727 id
1722 5672 1795 5728 sit
1840 5675 2092 5741 consilio,

592 5779 817 5860 ‘j-Joan.
850 5782 1050 5860 κινηθ.
1125 5785 1173 5860 ff
1203 5784 1409 5860 l_Joan.
1450 5784 1586 5860 v,_6.
1662 5786 1707 5821 δ’
1760 5785 1919 5853 Rom.
1964 5805 2079 5859 vnr,

2194 5791 2280 5858 10.
2357 5793 2405 5827 ⁸ο
2458 5790 2596 5849 Ibid.
2648 5791 2740 5848 15.
2814 5791 2854 5825 ⁸⁸
2888 5788 3198 5860 Hoan.tv,
3231 5789 3320 5851 l5.

522 5852 569 5901 t'
615 5850 806 5907 Matth.
857 5868 934 5920 xl,
964 5852 1058 5910 29.
1124 5855 1171 5888 “
1208 5852 1367 5917 Joan.
1407 5872 1447 5926 ι,
1487 5858 1541 5915 3.

2186 3403 2501 3476 ἐξαρκέσειν
2557 3400 2653 3456 καὶ
2700 3397 2902 3466 ταῦτα,
2957 3395 3094 3467 πρὸς
3144 3393 3205 3447 τὸ
3249 3391 3508 3447 δύνασθαι
3550 3388 3623 3442 τά
3660 3387 3768 3458 τῆς

2196 3494 2520 3565 Ἐκκλησίας
2546 3491 2713 3547 τέκνα
2740 3490 2810 3545 τὰ
2853 3489 2963 3545 τῶν
3009 3485 3456 3561 ἐτεροδοξούντων
3491 3479 3769 3553 ἀποκρού-

2146 3634 2149 3635 ν
2187 3588 2384 3642 σασθαι
2415 3586 2585 3658 βλάϐη
2611 3601 2626 3616 ⁸
2665 3586 2714 3638 εἰ
2745 3583 2803 3637 δέ
2829 3600 2915 3647 τις
2944 3581 3169 3653 ἀκράτῳ
3194 3579 3295 3651 τῆς
3325 3575 3566 3649 ἀμαθίας
3599 3572 3766 3644 βεϐά-

2185 3695 2408 3735 πτισται
2454 3676 2615 3749 μέθῃ,
2659 3676 2783 3730 τότε
2828 3674 2888 3728 δὲ
2935 3673 3156 3745 πρῶτον
3196 3670 3258 3725 τδ
3305 3668 3532 3739 Πνεῦμα
3580 3663 3769 3718 λαϐεῖν

2186 3772 2359 3825 οἴεται
2385 3769 2473 3823 τὸν
2496 3767 2645 3832 Υἱὸν,
2673 3767 2761 3821 ὅτε
2785 3764 3010 3834 γέγονεν
3035 3762 3320 3833 ἄνθρωπος
3345 3755 3769 3814 ἰἀποδεικνύτω

2188 3860 2295 3933 πρὸ
2323 3860 2425 3930 τῆς
2447 3858 2909 3930 ἐνανθρωπήσεως
2939 3855 3093 3925 ᾶγιον
3122 3854 3222 3908 οὐκ
3240 3853 3372 3907 ὄντα
3387 3851 3480 3905 τὸν
3508 3848 3601 3903 τοῦ
3626 3846 3768 3901 Θεοῦ

2187 3950 2383 4021 Λόγον,
2431 3951 2526 4004 καὶ
2570 3951 2730 4020 ἡμεῖς
2765 3949 3136 4019 σιωπήσομεν.
3177 3942 3590 4014 Ἀποθαυμάσαι
3627 3938 3671 3992 δ’
3701 3938 3769 3994 ἄν

2188 4061 2271 4108 τις
2299 4042 2394 4098 καὶ
2433 4042 2550 4096 λίαν
2578 4041 2803 4105 εἰκότως
2847 4040 2939 4098 τὸν
2966 4039 3120 4109 ἆγιον
3161 4034 3552 4106 εὐαγγελιστὴν
3593 4032 3667 4087 τὰ
3697 4033 3766 4104 τῇ

2190 4134 2312 4207 θείᾳ
2340 4134 2617 4207 πρέποντα
2636 4131 2796 4202 φύσει
2822 4130 2960 4201 μετά
2986 4130 3190 4199 πολλῆς
3209 4144 3354 4192 τινος
3380 4127 3480 4196 τῆς
3502 4122 3772 4194 ἐπιτηρή-

2191 4245 2330 4293 σεως
2379 4224 2632 4295 πανταχῆ
2686 4223 3036 4287 διασώζοντα.
3094 4220 3312 4292 Ἐπειδὴ
3354 4217 3464 4290 γὰρ
3504 4217 3610 4289 ἐφη
3659 4214 3771 4287 πρὸ

2186 4318 2414 4383 τούτων,
2445 4318 2526 4371 ὅτι
2557 4314 2690 4369 Θεὸν
2722 4313 2897 4378 οὐδεὶς
2942 4312 3154 4384 ἑώρακε
3198 4311 3442 4373 πώποτε,
3479 4306 3770 4363 τεθεᾶσθαι

2188 4408 2248 4465 δὲ
2296 4408 2392 4463 νῦν
2436 4409 2500 4461 τδ
2545 4405 2772 4477 Πνεῦμά
2812 4421 2948 4474 φησι
2988 4402 3080 4457 τὸν
3113 4402 3384 4474 μακάριον
3431 4397 3768 4470 Βαπτιστὴν,

2192 4500 2513 4556 καταϐαῖνον
2556 4497 2651 4550 ἐπὶ
2696 4496 2786 4550 τὸν
2838 4495 2968 4549 Υἰὸν
3014 4493 3075 4560 ἐξ
3108 4492 3359 4565 οὐρανοῦ,
3410 4488 3768 4563 προστίθησιν

2191 4589 2524 4658 ἀναγκαίως,
2560 4588 2642 4642 ὅτι
2688 4587 2932 4642 θεάσοιτο
2963 4587 3083 4658 μὲν,
3132 4588 3272 4656 πλὴν
3325 4584 3384 4638 ἐν
3432 4582 3562 4635 εῖδει
3608 4596 3770 4650 περι-

2197 4682 2413 4753 στερᾶς,
2438 4682 2538 4734 οὐκ
2566 4679 2697 4733 αὐτὸ
2726 4679 2871 4734 κατά
2904 4679 3085 4750 φύσιν,
3112 4679 3247 4748 ὅπερ
3277 4676 3511 4745 ὑπάρχει
3541 4669 3770 4742 γυμνὸν,

2194 4774 2311 4828 ἀλλ’
2359 4775 2418 4826 ἐν
2475 4770 2553 4842 τῷ
2596 4773 2890 4843 πραοτάτῳ
2939 4769 3410 4841 σχηματιζόμενον
3458 4765 3583 4836 ζώῳ
3610 4780 3625 4798 ο
3681 4763 3773 4817 ἴνα

2196 4863 2455 4935 φαίνηται
2527 4861 2686 4914 πάλιν
2743 4863 2836 4915 καὶ
2899 4860 2986 4914 διὰ
3035 4859 3225 4915 τούτου
3278 4855 3621 4927 οἰκειότητα,
3675 4853 3776 4908 καὶ

2195 4955 2453 5026 ὁμοίωσιν
2483 4950 2748 5017 διασῶζον
2793 4951 3049 5022 φυσικὴν,
3090 4948 3228 5021 πρὸς
3272 4948 3364 5002 τὸν
3405 4946 3536 5001 Υίὸν
3565 4943 3656 4998 τὸν
3681 4941 3775 4996 λέ-

2196 5061 2362 5113 γοντα
2390 5059 2404 5074 ⁸
2471 5063 2490 5096 ι
2516 5043 2731 5097 Μάθετε
2791 5044 2887 5096 ἀπ’
2927 5040 3097 5112 ἐμοῦ,
3149 5041 3231 5094 ὅτι
3273 5038 3448 5110 πρᾶός
3497 5037 3633 5107 εἰμι,
3676 5033 3776 5090 καὶ

2194 5132 2449 5197 ταπεινὸς
2480 5135 2545 5205 τῇ
2590 5134 2802 5206 καρδίᾳ.
2839 5151 2858 5185 ι
2913 5131 3120 5186 Οὐκοῦν
3149 5131 3250 5185 οὐκ
3284 5131 3643 5185 ἀποπεσεῖται
3674 5128 3772 5181 τοῦ

2197 5220 2336 5277 εἶναι
2382 5224 2512 5288 Θεὸς
2544 5224 2687 5279 κατά
2717 5224 2878 5294 φύσιν
2919 5223 2981 5276 τὸ
3013 5222 3237 5295 Πνεῦμα
3259 5237 3274 5254 ·
3328 5222 3625 5292 τετήρηται
3664 5217 3777 5290 γὰρ

2195 5312 2342 5384 αὐτῷ
2370 5313 2432 5366 τὸ
2460 5312 2535 5384 μὴ
2562 5312 2853 5368 τεθεᾶσθαι
2886 5311 3126 5380 πώποτε,
3156 5312 3298 5382 πλὴν
3322 5312 3447 5365 ὅσον
3478 5312 3537 5364 ἐν
3566 5309 3646 5380 τῷ
3672 5308 3777 5379 τῆς

2195 5405 2524 5476 περιστερᾶς
2559 5404 2946 5475 σχηματισμῷ,
2993 5403 3082 5457 διά
3125 5403 3227 5474 τὴν
3267 5401 3361 5461 τοῦ
3413 5400 3781 5472 μανθάνοντος

2197 5497 2404 5567 χρείαν.
2445 5497 2536 5559 Ὠς
2569 5496 2676 5566 γάρ
2722 5498 2778 5549 ἐν
2809 5495 3035 5567 σημείου
3068 5496 3163 5551 καὶ
3194 5493 3576 5566 γνωρίσματος
3624 5488 3781 5554 τάξει

2197 5588 2437 5643 δεδόσθαι
2481 5588 2643 5657 φησιν
2676 5587 2852 5658 ἐαυτῷ
2885 5587 2982 5659 τὴν
3020 5587 3113 5642 τοῦ
3145 5585 3457 5656 Πνεύματος
3488 5583 3714 5638 κάθοδον
3752 5581 3785 5632 6

2204 5678 2470 5750 μακάριος
2515 5677 2844 5750 Βαπτιστὴς,
2878 5679 2997 5742 ταῖς
3041 5678 3166 5747 περί
3207 5675 3303 5730 τοῦ
3333 5674 3590 5745 Σωτῆρος
3622 5672 3783 5745 ἡμῶν

3415 5789 3465 5825 ⁵³
3514 5785 3666 5843 Ibid.
3687 5783 3757 5842 ιε
3776 5822 3794 5845 ._
