4090 6266
367 394 479 454 213
1354 403 1423 460 ΙΝ
1450 404 1739 464 JOANNIS
1773 408 2225 473 EVANGELIUM
2260 417 2389 473 LIB.
2414 418 2479 475 ll.
3531 426 3642 486 2N

372 514 706 585 μαρτυρίαις
752 516 1080 586 ιπενεγκὼν,
1108 518 1188 573 ὄτι
1230 538 1249 572 ι
1272 518 1331 575 '0
1360 523 1585 593 πέμψας
1640 542 1726 596 με,
1752 525 1941 597 βαπτί-

2054 535 2521 602 quemadmodum
2552 538 2667 609 jam
2690 539 2897 597 dictum
2927 546 3033 607 est,
3062 541 3130 597 ad
3164 544 3392 599 humani
3415 550 3637 615 generis

371 602 487 667 ζειν
519 605 578 660 ιν
610 604 781 675 ὕδατι,
824 609 1027 676 ἐκεῖνός
1062 628 1154 684 μοι
1204 607 1378 678 εἴπεν,
1425 615 1540 685 Ἐφ’
1572 616 1632 671 ὸν
1661 617 1728 672 ἂν
1757 618 1872 692 ίδῃς
1894 621 1941 674 τί

2061 624 2379 683 utilitatem.

620 703 962 801 καταϐαῖνον,
989 707 1085 761 καὶ
1115 698 1276 778 μένον
1303 708 1392 762 ἐπ’
1413 710 1609 801 αὐτὸν,
1625 704 1779 777 οὗτός
1798 716 1948 768 ἐστιν
1980 717 2009 770 6
2038 716 2316 788 βαπτίζων
2357 723 2416 775 ὲν
2449 723 2730 796 Πνεύματι
2796 725 2875 797 τῷ
2904 726 3066 796 ἀγίῳ.
3098 745 3118 779 ι
3189 729 3305 798 Ἐφ’
3328 721 3374 797 ᾧ
3440 729 3505 801 δὴ
3547 732 3639 785 καὶ

373 789 606 891 μάλιστα
633 793 884 891 διαγελᾷν
906 794 1063 891 οίμαι
1098 799 1332 871 πρέπειν
1364 802 1521 891 ,τοὺς
1588 800 1853 877 ἀνοήτους
1910 809 2242 879 αἱρετικοὺς,
2291 813 2353 867 τὸ
2408 816 2467 870 ἐν
2518 789 2669 882 τάξει
2718 789 2967 890 σημείου-
2993 789 3152 872 τεθὲν
3184 859 3200 886 ,
3252 789 3639 891 είςῠάλήθειαν

372 883 695 982 πράγματος
716 885 1179 982 ἐκλαμϐάνοντας,
1211 891 1260 944 εί
1288 890 1384 945 καὶ
1418 892 1644 962 γέγονεν
1671 894 2059 967 οἰκονομικῶς,
2110 899 2365 975 καθάπερ
2396 904 2499 976 ήδη
2570 883 2917 982 προείρηται,
2961 906 3050 961 διά
3114 883 3215 979 τὴν
3251 907 3350 979 τῆς
3415 883 3631 982 ἀνθρω-

374 974 602 1044 πότητος
631 976 844 1046 χρείαν.

441 1061 549 1116 Καί
578 1062 831 1132 ἑώρακα,
861 1065 960 1120 καί
974 1070 1420 1148 μεμαρτύρηκα,
1452 1072 1542 1128 ὅτι
1570 1068 1746 1141 οὗτός
1774 1073 1949 1133 ἐστιν

368 1155 405 1207 ὁ
427 1151 558 1220 Υἱὸς
588 1155 698 1209 τοῦ
730 1155 898 1212 Θεοῦ.

450 1244 722 1318 Ἀσφαλὴς
750 1248 779 1301 6
811 1247 1046 1320 μάρτυς,
1091 1250 1228 1324 ὅπερ
1269 1253 1438 1319 ὅντως
1477 1254 1751 1322 τεθέαται,
1788 1258 1949 1313 τοῦτο

369 1335 463 1389 καὶ
491 1336 689 1393 λαλῶν.
741 1339 855 1394 Οὐκ
902 1342 1090 1411 ἀγνοεῖ
1114 1344 1224 1417 γάρ
1271 1344 1401 1411 ἴσως
1432 1347 1492 1401 τὸ
1521 1350 1906 1421 γεγραμμένον
1931 1365 1945 1381 ·

374 1441 392 1474 ι
420 1425 488 1478 ’Δ
515 1422 656 1480 εἶδον
680 1429 732 1482 οί
761 1430 1029 1502 ὀφθαλμοί
1056 1450 1172 1499 σου,
1202 1434 1349 1504 λέγε.
1383 1455 1401 1489 ι
1456 1433 1610 1492 Εἶδον
1638 1434 1753 1506 οὖν,
1792 1440 1949 1510 φησι,

366 1514 428 1567 τὸ
453 1518 702 1588 σημεῖον,
745 1520 839 1574 καὶ
868 1523 1073 1592 συνῆκα
1100 1524 1192 1577 τὸν
1232 1525 1298 1579 δι’
1326 1526 1493 1581 αὐτοῦ
1530 1530 1950 1600 σημαινόμενον.

370 1606 648 1680 Μαρτυρῶ
687 1609 746 1663 δὲ
788 1611 868 1664 ὃτι
897 1606 1051 1678 οὗτός
1091 1616 1241 1669 ἐστιν
1267 1618 1296 1671 6
1326 1617 1456 1680 Υἱὸς
1497 1618 1594 1673 τοῦ
1619 1620 1780 1685 Θεοῦ,
1809 1624 1839 1675 6
1864 1623 1954 1678 διὰ

369 1697 538 1768 νόμου
574 1700 673 1768 μὲν
697 1700 793 1755 τοῦ
833 1702 920 1756 διὰ
943 1704 1190 1775 Μωσέως
1221 1707 1621 1779 ἀναϐοώμενος,
1652 1710 1740 1764 διὰ
1768 1715 1954 1785 φωνῆς

2129 1080 2172 1143 l,
2204 1079 2294 1135 54.
2327 1078 2398 1136 Et
2426 1096 2520 1152 ego
2550 1080 2675 1147 vidi,
2706 1090 2758 1136 et
2796 1083 3154 1139 testimonium
3197 1084 3461 1158 perhibui,
3504 1089 3635 1159 quia

2059 1170 2145 1222 hic
2167 1178 2247 1224 est
2279 1168 2462 1226 Filius
2499 1170 2616 1227 Dei.

2124 1260 2498 1319 Gravissimus
2536 1263 2714 1330 testis,
2747 1266 2845 1336 qui
2901 1266 3046 1338 quod
3100 1282 3291 1323 revera
3338 1271 3628 1341 spectavit,

2059 1347 2196 1404 Illud
2241 1350 2408 1406 etiam
2453 1353 2718 1423 loquitur.
2750 1353 2869 1410 Non
2910 1357 3057 1411 enim
3104 1356 3291 1413 forsan
3316 1358 3530 1430 ignorat
3578 1361 3634 1416 id

2054 1439 2199 1508 quod
2233 1441 2500 1511 scriptum
2552 1448 2638 1497 est
2663 1459 2679 1499 :
2708 1461 2727 1495 ι
2767 1443 2900 1510 Quae
2924 1446 3069 1501 oculi
3109 1447 3188 1502 tui
3232 1447 3510 1517 viderunt,
3540 1451 3634 1505 illa

2051 1527 2221 1585 dicito
2252 1530 2322 1585 ".
2369 1550 2388 1583 ι
2420 1529 2544 1587 Vidi
2601 1547 2753 1604 ergo,
2802 1534 3002 1605 inquit,
3050 1534 3292 1606 signum,
3336 1547 3393 1594 et
3438 1541 3632 1610 agnovi

2051 1633 2178 1705 eum
2225 1621 2321 1691 qui
2358 1637 2456 1692 per
2504 1624 2687 1695 ipsum
2737 1624 3174 1695 signiﬁcabatur.
3210 1628 3408 1685 Testor
3445 1639 3631 1687 autem

2052 1711 2201 1767 hunc
2223 1726 2348 1769 esse
2372 1713 2469 1771 Dei
2495 1714 2718 1782 Filium,
2748 1719 2845 1788 qui
2875 1735 2904 1773 a
2936 1719 3086 1776 Mose
3108 1736 3204 1791 per
3230 1722 3404 1791 legem
3437 1722 3633 1792 pra-di-

525 1789 697 1881 676m:
741 1793 1037 1881 προφητῶν
1080 1798 1486 1868 κηρυττόμενος
1512 1815 1528 1830 ·
1579 1800 1725 1855 δοκεῖ
1764 1802 1822 1857 δέ
1857 1821 1941 1874 μοι

2052 1809 2207 1859 catus
2240 1812 2346 1869 est,
2376 1812 2434 1860 et
2485 1815 2811 1863 sanctorum
2861 1788 3250 1881 prophetarum
3282 1788 3453 1868 voce.
3490 1812 3634 1868 Rur-

373 1876 538 1931 πάλῐν
580 1879 610 1932 6
646 1879 932 1951 μακάριος
983 1883 1373 1959 εὐαγγελιστὴς
1404 1887 1543 1959 μετά
1576 1889 1777 1962 πολλῆς
1807 1909 1953 1959 τινος

369 1968 470 2038 τῆς
489 1969 785 2038 ἀσφαλείας
805 1972 1000 2028 εἰπεῖν·
1036 1993 1057 2028 ι
1072 1969 1241 2041 Οὗτός
1272 1978 1418 2033 ἐστιν
1445 1981 1475 2034 6
1491 1980 1619 2046 Υίὸς
1641 1982 1736 2036 τοῦ
1755 1982 1911 2050 Θεοῦ,
1925 2004 1946 2039 ι

368 2057 520 2112 τοῦτ’
547 2057 717 2129 ἐστιν,
763 2062 794 2113 6
838 2057 921 2127 εἷς
953 2064 1049 2118 καὶ
1077 2066 1240 2136 μόνος
1283 2068 1424 2123 κατά
1453 2070 1638 2140 φύσιν,
1671 2076 1700 2127 6
1726 2073 1825 2144 τῆς
1850 2075 1948 2130 τοῦ

366 2150 727 2221 γεννήσαντος
755 2152 1015 2224 ἰδιότητος
1046 2155 1402 2229 κληρονόμος,
1428 2160 1563 2231 πρὸς
1586 2162 1646 2217 ὃν
1673 2164 1767 2217 καὶ
1786 2165 1950 2235 ἡμεῖς

362 2244 413 2295 οι
456 2242 600 2296 κατά
650 2243 797 2300 θέσιν
831 2246 1207 2318 μορφούμεθα,
1254 2249 1348 2304 καὶ
1373 2251 1442 2305 δι’
1471 2247 1534 2308 οὗ
1565 2254 1703 2326 πρὸς
1740 2256 1801 2311 τδ
1843 2257 1947 2332 τῆς

361 2334 637 2400 υἱοθεσίας
665 2336 882 2408 ἀξίωμα
904 2339 1048 2394 κατά
1076 2340 1236 2412 χάριν
1261 2343 1595 2416 κεκλήμεθα.
1634 2347 1723 2411 Ὠς
1751 2348 1860 2420 γὰρ
1879 2349 1946 2403 ἐκ

360 2425 495 2479 Θεοῦ
526 2426 622 2481 καὶ.
663 2428 901 2500 Πατρὸς,
927 2447 948 2482 ι
970 2430 1127 2485 Πᾶσα
1170 2434 1376 2505 πατριά
1413 2435 1471 2490 ἓν
1517 2454 1575 2491 τε
1604 2438 1818 2510 οὐρανῷ
1851 2441 1947 2494 καὶ

360 2516 456 2570 ἐπὶ
487 2515 591 2587 γῆς
619 2516 967 2589 ὀνομάζεται,
989 2539 1017 2575 ο
1053 2521 1141 2577 διὰ
1164 2523 1227 2578 τὸ
1255 2525 1416 2581 αὐτὸν
1444 2522 1585 2584 εἶναι
1615 2529 1819 2600 κυρίως
1850 2532 1947 2588 καὶ

362 2608 577 2679 πρῶτον
612 2608 709 2680 [αι.
758 2611 1014 2686 πρώτως]
1041 2615 1137 2669 καὶ
1165 2617 1382 2688 ἀληθῶς
1413 2621 1658 2694 Πατέρα,
1683 2621 1828 2679 οὕτω
1850 2625 1949 2679 καὶΙ

362 2700 513 2754 πᾶσα
548 2701 733 2772 υίότης
759 2705 825 2757 ἐκ
850 2703 945 2757 τοῦ
975 2705 1126 2774 Υἱοῦ,
1172 2708 1259 2763 διὰ
1286 2710 1347 2763 τὸ
1377 2713 1540 2767 αὐτὸν
1570 2709 1709 2769 εἶναι
1738 2715 1949 2788 κυρίως

361 2789 455 2844 καὶ
495 2791 657 2860 μόνον
687 2792 904 2864 ἀληθῶς
947 2794 1095 2863 Υίὸν,
1140 2798 1203 2851 οὐ
1234 2799 1388 2855 νόθον
1422 2802 1545 2856 οὐδὲ
1567 2803 1942 2876 ψευδώνυμον,

359 2880 476 2936 ἀλλ’
521 2884 586 2937 ὲκ
636 2884 737 2955 τῆς
768 2885 958 2950 οὐσίας
990 2883 1086 2941 τοῦ
1123 2888 1258 2943 Θεοῦ
1305 2891 1403 2945 καὶ
1443 2893 1658 2965 Πατρὸς
1700 2895 1761 2949 οὐ
1804 2897 1947 2951 κατά

359 2972 666 3053 ἀποκοπὴν,
696 2973 731 3046 ἢ
764 2974 970 3046 ρεῦσιν,
1000 2977 1033 3048 ἢ
1063 2979 1350 3050 μερισμὸν,
1387 2982 1421 3052 ἢ
1461 2985 1639 3057 τομήν
1661 3000 1675 3017 ⁸
1725 2986 1945 3059 ἀπαθὴς

361 3064 470 3137 γάρ
503 3065 538 3136 ή
580 3065 701 3119 θεία
746 3067 907 3137 φύσις
950 3070 1228 3134 παντελῶς
1250 3088 1266 3103 ’
1318 3073 1434 3129 ἀλλ’
1474 3075 1555 3140 ὡς
1581 3076 1678 3132 ἕνα
1710 3078 1771 3145 ἐξ
1798 3081 1937 3147 ἑνὸς,

361 3155 451 3210 ἀεὶ
485 3156 914 3230 συνυπάρχοντα,
940 3161 1036 3215 καὶ
1065 3163 1334 3219 ωναῖδιον
1359 3167 1453 3220 καὶ
1476 3169 1832 3239 ὲμπεφυκότα
1862 3171 1941 3244 τῷ

362 3246 709 3335 γεννήσαντι,
750 3251 810 3306 ἐν
844 3253 990 3326 αὐτῷ
1019 3273 1081 3309 τε
1121 3256 1274 3319 ὄντα,
1315 3257 1410 3311 καὶ
1452 3257 1513 3325 ἐξ
1549 3259 1715 3315 αὐτοῦ
1744 3262 1939 3335 προελ-

362 3334 528 3391 θόντα
563 3337 873 3410 ἀμερίστως
907 3345 1001 3399 καὶ
1048 3345 1407 3413 ἀδιαστάτως,
1457 3348 1581 3403 ἐπεὶ
1631 3352 1768 3423 μηδὲ
1799 3354 1942 3410 κατά

365 3423 527 3498 σῶμα
551 3427 613 3482 τὸ
639 3428 813 3498 Θετον,
850 3434 987 3505 μήτε
1011 3436 1163 3507 τόπῳ
1192 3439 1547 3510 περιληπτὸν,
1580 3441 1943 3516 ἢδιαστημα-

360 3518 521 3584 τικάς
552 3520 651 3586 τὰς
700 3525 1027 3593 μεταϐάσεις
1062 3529 1334 3584 ποιεῖσθαι
1382 3532 1649 3603 πεφυκὸς,
1700 3535 1818 3590 ἀλλ’
1859 3536 1938 3602 ὡς

360 3611 605 3681 πρόεισιν
630 3613 695 3667 ἐκ
726 3614 897 3687 πυρὸς
927 3619 961 3688 ὴ
996 3616 1192 3673 ἐνοῦσα
1220 3621 1489 3693 θερμότης
1515 3622 1682 3694 αὐτῷ,
1704 3625 1939 3680 δοκοῦσα

362 3697 461 3768 μέν
489 3716 607 3764 πως
630 3702 795 3759 αὐτοῦ
820 3706 939 3769 ταῖς
964 3706 1231 3772 ἐπινοίαις
1259 3710 1600 3781 μερίζεσθαι,
1636 3713 1730 3768 καὶ
1750 3714 1938 3786 ἔτερόν

357 3805 410 3842 τι
431 3790 562 3862 παρ’
588 3793 721 3848 αὐτὸ
744 3794 1030 3869 ὑπάρχειν,
1058 3799 1118 3867 ἐξ
1143 3800 1308 3855 αὐτοῦ
1340 3802 1396 3856 δὲ
1420 3797 1555 3857 οὖσα
1583 3805 1678 3858 καὶ
1701 3807 1761 3860 ἐν
1785 3804 1939 3879 αὐτῷ

359 3880 500 3935 κατά
537 3883 720 3953 φύσιν,
762 3888 858 3942 καὶ
885 3887 947 3953 ἐξ
978 3889 1144 3944 αὐτοῦ
1176 3891 1442 3962 προϊοῦσα
1474 3894 1614 3965 μετά
1639 3896 1731 3950 τοῦ
1769 3897 1937 3968 μηδὲν

356 3970 561 4027 ἀδικεῖν
606 3975 751 4030 κατά
776 3994 843 4046 γε
882 3978 974 4033 τὸν
1016 3980 1324 4053 ἀποκοπῆς,
1367 3983 1485 4055 ήτοι
1524 3986 1795 4057 μερισμοῦ
1842 3988 1936 4046 καὶ

357 4061 596 4131 ρεύσεως
631 4066 786 4136 λόγον
813 4084 828 4099 ο
876 4070 971 4141 ὅλη
1014 4070 1125 4143 γὰρ
1150 4074 1209 4126 ὲν
1236 4072 1343 4146 ὄλῲ
1377 4073 1458 4145 τῷ
1488 4075 1624 4145 πυρὶ
1660 4076 1894 4143 σώζεται
1917 4095 1931 4111 ο

354 4152 499 4209 οὕτω
538 4158 809 4230 νοήσομεν
852 4161 947 4214 καὶ
984 4162 1076 4215 ἐπὶ
1113 4162 1209 4216 τοῦ
1255 4163 1402 4217 θείου
1442 4167 1781 4239 γεννήματος
1814 4168 1932 4224 θεο-

358 4248 742 4319 πρεπεστάτην
780 4251 867 4303 ἐπ’
911 4252 1056 4324 αὐτῷ
1093 4252 1192 4324 τὴν
1242 4254 1475 4326 θεωρίαν
1522 4258 1891 4328 λαμϐάνοντες
1916 4278 1932 4293 ο

356 4335 458 4387 καὶ
499 4334 627 4390 Υίὸν
668 4339 766 4408 μὲν
801 4340 947 4405 ἰδίως
980 4342 1275 4412 ὐφεστᾶναι
1316 4345 1682 4413 πιστεύοντες,
1726 4349 1785 4402 οὐ
1829 4349 1934 4422 μὴν

359 4425 729 4542 εςὲτιθενῗς
761 4430 921 4542 αὐτὸν
948 4433 1047 4502 τῆς
1071 4436 1199 4540 μιᾶς
1221 4437 1315 4542 x6}
1345 4439 1626 4509 ἀφράστου
1652 4439 1933 4512 θεότητος,
1965 4486 2008 4542 D

356 4518 480 4572 οὐδὲ
514 4518 608 4572 τοῦ
647 4521 861 4591 Πατρὸς
892 4524 1226 4594 ἐτεροοὺσιον
1260 4523 1399 4583 εἶναι
1426 4529 1675 4597 λέγοντες
1696 4549 1710 4563 ο
1752 4533 1785 4603 ἢ
1820 4535 1931 4606 γάρ

357 4607 426 4662 ἂν
445 4608 572 4674 Υἱὸς
595 4610 772 4666 οὐκέτ’
793 4612 861 4666 ἂν
890 4616 1060 4669 νοοῖτο
1082 4616 1325 4684 δικαίως,
1354 4619 1468 4672 ἀλλ’
1496 4620 1683 4690 ἕτερόν
1703 4640 1757 4675 τι
1777 4624 1930 4695 παρά

354 4698 531 4764 τοῦτο,
575 4701 669 4754 καὶ
711 4701 1025 4773 πρόσφατος
1069 4705 1198 4775 ἡμῖν
1246 4707 1496 4762 ἀνατελεῖ
1528 4709 1693 4776 Θεὸς,
1741 4712 1928 4785 ἕτερος

355 4790 616 4862 ὑπάρχων
658 4793 811 4865 παρά
843 4793 936 4847 τὸν
980 4795 1107 4849 ὄντα
1152 4797 1247 4851 καὶ
1281 4797 1459 4868 μόνον.
1495 4799 1569 4853 Τὸ
1604 4800 1713 4871 γὰρ
1743 4802 1841 4856 οὐκ
1868 4803 1929 4857 ὃν

353 4880 636 4948 ὁμοούσιον
672 4883 751 4954 τῷ
777 4884 920 4939 κατὰ
949 4884 1111 4954 φύσιν
1132 4885 1270 4956 Θεῷ,
1304 4889 1421 4952 πῶς
1452 4889 1512 4943 οὐ
1542 4890 1759 4957 πάντως
1788 4894 1928 4949 ἀπο-

356 4973 602 5025 πεσείται
633 4974 726 5028 τοῦ
789 4968 927 5029 εἶναι
958 4976 1093 5041 Θεὸς
1130 4977 1408 5049 ἀληθινός;
1452 4980 1668 5054 Ἐπειδὴ
1702 4984 1759 5038 δὲ
1784 4985 1932 5051 ἀξιό-

354 5060 534 5131 χρεώς
564 5081 623 5117 τε
654 5065 749 5119 καὶ
787 5067 1212 5138 ἀξιολογώτατος
1236 5070 1266 5124 6
1296 5070 1565 5142 μακάριος
1600 5072 1934 5148 Βαπτιστὴς,

358 5155 632 5224 μαρτυρεῖ
653 5156 710 5210 δὲ
735 5158 816 5211 ὅτι
852 5152 1005 5225 οὗτός
1041 5162 1188 5215 ἐστιν
1217 5163 1247 5216 6
1276 5161 1406 5226 Υἱὸς
1441 5163 1535 5217 τοῦ
1577 5165 1712 5219 Θεοῦ
1734 5183 1750 5197 ο
1797 5167 1931 5221 Θεὸν

353 5241 498 5299 εἶναι
542 5244 755 5310 πάντως
785 5249 1033 5318 ἀληθινὸν
1078 5253 1482 5326 ὁμολογήσομεν
1523 5255 1615 5311 τὸν
1652 5253 1800 5323 Υίὸν,
1834 5259 1929 5314 καὶ

354 5340 422 5390 ἐκ
443 5335 541 5406 τῆς
564 5334 751 5402 οὐσίας
776 5338 868 5392 τοῦ
898 5341 1107 5413 Πατρός
1131 5361 1145 5374 ·
1177 5344 1336 5400 τοῦτο
1365 5345 1475 5417 γὰρ
1506 5346 1641 5419 ἡμῖν
1673 5349 1927 5421 σημαίνει

350 5430 416 5482 τὸ
437 5429 538 5500 τῆς
570 5429 812 5502 υἱότητος
840 5432 1031 5504 ρνομα,
1061 5437 1154 5489 καὶ
1180 5436 1367 5506 ἕτερον
1397 5438 1570 5495 οὐδέν.

432 5519 512 5591 Τῇ
557 5521 847 5593 ἐπαύριον
880 5525 1067 5580 πάλιν
1101 5528 1361 5592 εἱστήκει
1406 5533 1439 5584 ὀ
1478 5529 1779 5598 Ἰωάννης,
1826 5531 1927 5587 καί

349 5611 424 5668 ἐκ
450 5610 568 5668 τῶν
602 5617 884 5687 μαθητῶν
935 5618 1124 5674 αὐτοῦ
1174 5618 1317 5688 δύο,
1349 5617 1451 5677 καί
1484 5620 1793 5696 ἐμϐλέψας
1826 5623 1931 5692 τῷ

427 5787 474 5821 ⁵⁸
519 5788 674 5847 Prov.
714 5810 837 5861 xxv,
878 5796 929 5853 8.
1008 5796 1054 5829 "
1083 5796 1283 5868 Ephcs.
1321 5812 1407 5867 Ill,
1443 5797 1527 5857 15.

2053 1906 2151 1949 sus
2178 1900 2386 1960 autem,
2423 1894 2619 1953 beatus
2651 1897 2990 1969 evangelista
3034 1898 3169 1953 mihi
3202 1898 3421 1954 videtur
3448 1899 3632 1954 consi-

2048 1981 2242 2042 derata
2292 1983 2590 2039 admodum
2634 1984 2857 2042 dicere:
2892 2004 2913 2038 ι
2950 1984 3052 2042 Hic
3087 1993 3173 2043 est
3227 1985 3401 2044 Filius
3456 1986 3578 2050 Dei,
3605 2007 3628 2042 ι

2048 2071 2155 2129 hoc
2177 2083 2283 2142 est,
2314 2090 2464 2131 unus
2495 2091 2561 2131 ac
2596 2075 2750 2133 solus
2778 2076 3079 2133 secundum
3109 2084 3385 2146 naturam,
3406 2077 3498 2134 ille
3529 2095 3628 2149 pa-

2050 2173 2223 2221 terna:
2254 2166 2611 2237 proprietatis
2650 2168 2849 2235 haeres,
2884 2168 2953 2223 ad
2990 2183 3156 2239 quem
3190 2168 3355 2225 etiam
3391 2183 3492 2225 nos
3532 2170 3629 2223 ad-

2049 2254 2223 2325 optivi
2274 2253 2720 2321 conformamur,
2769 2265 2826 2312 et
2856 2270 2955 2328 per
2990 2271 3153 2326 quem
3202 2256 3267 2311 ad
3302 2255 3626 2325 dignitatem

2050 2343 2365 2416 adoptionis
2393 2360 2493 2416 per
2527 2346 2762 2417 gratiam
2793 2346 2972 2402 vocati
3016 2360 3233 2402 sumus.
3287 2343 3358 2401 Ut
3383 2345 3528 2401 enim
3557 2360 3627 2401 ex

2049 2432 2159 2490 Deo
2190 2440 2245 2489 et
2260 2432 2425 2488 Patre
2453 2450 2475 2485 ι
2511 2433 2702 2488 Omnis
2726 2434 3030 2503 paternitas
3058 2436 3114 2487 In
3146 2430 3289 2488 ctelo
3317 2439 3371 2487 et
3392 2431 3448 2486 in
3477 2439 3625 2486 terra

2046 2524 2369 2580 nominatur
2392 2525 2463 2589 ⁸⁸,
2496 2543 2518 2578 ι
2551 2531 2844 2595 propterea
2864 2523 3021 2595 quod
3069 2524 3188 2595 ipse
3241 2529 3328 2580 est
3376 2523 3620 2594 proprie,

2045 2631 2146 2689 per
2172 2631 2253 2684 se,
2284 2623 2342 2672 et
2370 2630 2499 2672 vere
2528 2613 2695 2672 Pater
2733 2624 2839 2683 est,
2888 2615 2971 2671 sic
3012 2617 3176 2672 etiam
3205 2614 3389 2672 omnis
3432 2613 3626 2669 liliatio

2046 2723 2115 2764 ex
2141 2706 2305 2773 Filio,
2335 2717 2626 2779 propterea
2654 2707 2800 2779 quod
2830 2707 2951 2778 ipse
2986 2705 3207 2777 proprie
3236 2705 3507 2761 duntaxat
3535 2710 3625 2760 est

2047 2798 2243 2863 Filius,
2272 2813 2387 2853 non
2431 2798 2679 2868 spurius,
2712 2812 2893 2867 neque
2938 2795 3078 2853 falso
3110 2803 3487 2867 nuncupatus,
3523 2793 3621 2850 sed

2045 2906 2116 2948 ex
2159 2889 2472 2947 substantia
2506 2888 2603 2945 Dei
2647 2902 2713 2943 ac
2742 2887 2948 2954 Patris,
2975 2901 3085 2942 non
3126 2900 3227 2957 per
3263 2885 3619 2947 decisionem,

2046 2987 2144 3035 aut
2181 2978 2409 3044 ﬂuxum,
2452 2993 2552 3036 seu
2585 2976 2915 3034 divisionem
2942 2975 3153 3048 (divina
3182 2974 3387 3045 quippe
3420 2971 3622 3029 natura

2049 3070 2327 3141 passionis
2346 3069 2528 3125 omnis
2558 3078 2644 3125 est.
2672 3065 2894 3139 expers)
2919 3064 3014 3123 sed
3041 3080 3186 3122 unus
3205 3079 3274 3121 ex
3304 3078 3438 3129 uno,
3461 3061 3624 3134 128

2046 3176 2265 3233 semper
2285 3160 2653 3227 coexsistens,
2683 3165 2740 3216 et
2761 3165 3096 3224 coaeternus,
3122 3165 3175 3215 et
3212 3154 3362 3210 Patri
3392 3154 3618 3215 insitus,

2045 3261 2102 3309 et
2132 3252 2191 3307 in
2221 3252 2344 3322 ipso
2376 3251 2679 3316 exsistens,
2710 3256 2876 3320 atque
2904 3263 2973 3303 ex
3002 3247 3122 3317 ipso
3166 3244 3498 3316 procedens,
3540 3241 3621 3295 ci-

2042 3351 2129 3399 tra
2157 3342 2492 3399 divisionem
2534 3347 2591 3397 et
2632 3339 2929 3403 indivulse,
2964 3336 3413 3408 quandoquidem
3439 3347 3622 3403 neque

2043 3446 2344 3503 corporeus
2392 3437 2478 3488 est
2505 3430 2670 3494 Deus,
2701 3443 2807 3485 nec
2845 3428 2968 3484 loco
2994 3426 3497 3490 circumscribitur,
3524 3430 3621 3478 aut

2043 3524 2281 3579 transitu
2298 3523 2552 3579 locorum
2571 3520 2989 3592 spatiorumque
3011 3525 3286 3585 movetur,
3308 3517 3407 3573 sed
3432 3533 3622 3589 quem-

2040 3615 2337 3672 admodum
2365 3629 2433 3671 ει
2472 3614 2599 3684 igne
2647 3612 2832 3684 prodit
2881 3612 3047 3668 insita
3084 3611 3135 3667 ei
3168 3610 3447 3678 caliditas,
3496 3628 3619 3683 qua:

2040 3706 2256 3763 videtur
2308 3705 2379 3760 ab
2416 3718 2484 3761 eo
2510 3701 2919 3775 quodammodo
2966 3702 3303 3775 cogitatione
3342 3702 3615 3774 separari,

2038 3805 2096 3853 et
2134 3796 2285 3853 aliud
2335 3796 2407 3852 ab
2439 3795 2562 3866 ipso
2610 3794 2875 3867 quiddam
2922 3794 3225 3859 exsistere,
3263 3808 3389 3848 cum
3441 3794 3514 3849 sit
3545 3808 3617 3849 cx

2037 3888 2161 3959 ipso
2187 3896 2242 3942 et
2279 3888 2336 3942 in
2366 3886 2488 3957 ipso
2530 3884 2840 3942 secundum
2879 3895 3156 3950 naturam,
3183 3892 3239 3940 et
3266 3899 3332 3939 ex
3372 3898 3441 3939 eo
3475 3884 3615 3939 citra

2037 3978 2299 4033 damnum
2347 3978 2519 4033 ullum
2552 3977 2834 4050 procedat,
2874 3977 3135 4032 nimirum
3187 3976 3328 4031 citra
3372 3974 3615 4031 decisio-

2037 4085 2161 4126 nem
2200 4085 2298 4127 seu
2325 4068 2661 4126 divisionem
2699 4083 2765 4123 ac
2810 4067 3020 4122 ﬂuxum
3053 4066 3192 4137 (tota
3220 4065 3370 4121 enim
3415 4065 3472 4119 in
3499 4070 3614 4119 toto

2037 4170 2296 4217 servatur
2333 4159 2483 4232 igne)
2523 4159 2617 4231 sic
2637 4159 2809 4213 etiam
2840 4155 3194 4212 statuendum
3241 4154 3405 4209 nobis
3430 4162 3513 4209 cst
3545 4153 3617 4209 de

2036 4249 2229 4305 divino
2270 4249 2572 4321 genimine,
2600 4262 2704 4319 pro
2737 4261 2804 4302 eo
2832 4260 2897 4300 ac
2924 4245 2993 4300 de
3036 4243 3149 4300 Deo
3174 4242 3331 4298 decet
3364 4243 3616 4313 cogitan-

2038 4340 2187 4397 tibus
2223 4356 2236 4392 :
2277 4347 2335 4397 et
2375 4338 2551 4394 Filius
2589 4337 2812 4408 proprie
2856 4334 3083 4405 quidem
3133 4333 3438 4390 subsistere
3492 4348 3616 4390 cre-
3678 4378 3683 4385 .

2036 4430 2276 4496 dendus,
2330 4445 2443 4486 non
2482 4437 2667 4484 tamen
2716 4427 2785 4482 ab
2829 4441 2940 4481 una
2990 4434 3044 4480 et
3092 4423 3359 4480 inellabili
3409 4423 3617 4480 deitate

2035 4522 2442 4588 excludendus,
2470 4535 2653 4591 neque
2680 4518 2911 4574 alterius
2944 4531 3069 4574 esse
3103 4532 3133 4571 a
3162 4515 3320 4570 Patre
3355 4516 3617 4571 substan-

2035 4613 2125 4669 tia:
2170 4612 2460 4670 dicendus.
2497 4610 2723 4682 Alioqui
2774 4608 2923 4665 enim
2984 4622 3095 4663 non
3147 4607 3384 4678 amplius
3440 4604 3615 4663 Filius

2034 4720 2160 4761 esse
2193 4704 2320 4776 jure
2348 4705 2659 4776 putabitur,
2707 4701 2804 4758 sed
2855 4699 3064 4771 aliquid
3104 4698 3253 4755 aliud
3282 4699 3351 4753 ab
3388 4699 3531 4770 ipso,
3561 4706 3616 4753 et

2034 4812 2231 4855 recens
2262 4797 2426 4854 nobis
2459 4798 2606 4853 Deus
2631 4795 2885 4862 exsistet,
2911 4793 3052 4849 alius
3096 4792 3165 4851 ab
3193 4806 3265 4845 eo
3294 4791 3391 4861 qui
3436 4798 3520 4847 est
3550 4805 3615 4846 ac

2037 4889 2192 4943 solus
2223 4895 2330 4943 est.
2361 4886 2519 4953 Quod
2557 4886 2704 4943 enim
2757 4899 2865 4939 non
2896 4889 2981 4939 cst
3009 4881 3482 4938 consubstantiale
3513 4896 3613 4935 na-

2037 4980 2204 5036 turali
2234 4979 2367 5047 Deo,
2400 4978 2681 5050 quomodo
2719 4976 2838 5033 ﬁeri
2886 4975 3093 5046 poterit
3125 4984 3188 5030 ut
3224 4974 3300 5035 sit
3332 4973 3482 5031 Deus
3520 4987 3615 5029 vc—

2036 5072 2165 5126 rus?
2195 5069 2306 5127 Sed
2336 5085 2462 5124 cum
2505 5069 2874 5142 gravissimus
2908 5082 2974 5122 ac
3016 5066 3490 5137 locupletissimus
3543 5064 3616 5119 sit

2014 5163 2230 5220 ‘beatus
2260 5163 2534 5234 Baptista,
2573 5162 2803 5223 ethunc
2842 5176 2967 5218 esse
2993 5159 3207 5218 Filium.
3229 5160 3327 5215 Dei
3357 5163 3612 5218 testetur,

2034 5255 2235 5313 Filium
2276 5255 2447 5312 Deum
2474 5271 2598 5312 esse
2631 5269 2824 5310 verum
2862 5253 3057 5323 utique
3106 5251 3422 5313 fatebimur,
3452 5255 3507 5300 et
3544 5246 3610 5299 de

2037 5329 2350 5405 substantia
2378 5346 2580 5402 Patris.
2615 5345 2731 5401 Hoc
2762 5345 2934 5410 enim,
2959 5350 3016 5400 et
3041 5343 3180 5399 nihil
3211 5336 3360 5393 aliud
3396 5333 3610 5404 signiti-

2037 5446 2128 5494 cat
2158 5453 2359 5493 nomen
2402 5437 2705 5494 liliationis.

2104 5530 2150 5594 l,
2183 5528 2363 5584 55-56.
2390 5528 2576 5583 Altera
2616 5527 2703 5582 die
2735 5527 2926 5581 iterum
2957 5521 3135 5577 stabat
3163 5516 3425 5574 Joannes,
3457 5521 3507 5567 et
3546 5527 3614 5567 ea:

2037 5620 2317 5691 discipulis
2353 5620 2469 5690 ejus
2518 5619 2623 5675 duo
2654 5635 2671 5673 :
2706 5626 2759 5671 et
2798 5614 3078 5682 respiciens
3119 5608 3302 5665 Iesum
3334 5601 3612 5656 αηιῖηιίακ*
