4090 6266
480 430 586 488 llo

1479 437 1536 492 S.
1579 435 1855 494 CYRILLI
1892 436 2365 493 ALEXANDRINI
2398 436 2717 492 ARCIIIEP.

3615 438 3728 497 216

479 561 582 605 lem
628 548 757 603 dicit
797 563 816 603 :
857 536 988 604 Ecce
1039 553 1218 621 Agnus
1268 552 1400 621 Dei,
1438 556 1526 623 qui
1580 556 1720 611 tollit
1776 565 2049 626 peccatum

2175 554 2378 622 Ἰησοῦ
2431 550 2872 621 περιπατοῦντι,
2915 552 3075 621 λέγει
3106 569 3120 583 ο
3184 551 3308 607 Ἴδε
3343 554 3377 606 ὁ
3409 551 3599 622 ἀμνὸς
3622 553 3735 610 τοῦ

479 640 684 695 mundi.

549 730 734 802 Ipsum
758 730 873 802 jam
903 739 1067 788 antea
1100 733 1295 791 beatus
1324 735 1572 805 Baptista
1606 738 2042 795 demonstravit:

481 819 580 878 sed
601 836 730 877 ecce
756 836 956 879 rursus
982 823 1174 880 eadem
1204 827 1455 884 oratione
1480 831 1711 899 repetita
1739 830 1858 886 suis
1880 829 2048 885 disci-

481 912 631 981 pulis
670 913 915 969 ostendit
948 913 1137 971 Jesum
1176 923 1229 972 et
1277 932 1477 987 agnum
1531 919 1628 973 Dei
1676 920 1947 986 nominat,
1995 926 2050 975 et

483 1001 679 1057 tollere
716 1001 905 1056 mundi
948 1010 1234 1072 peccatum
1284 1005 1382 1071 ait,
1414 1006 1807 1075 propemodum
1859 997 1954 1062 eis
1992 1005 2049 1059 in

480 1093 805 1148 memoriam
840 1093 1022 1163 ipsum
1054 1108 1318 1151 revocans
1364 1097 1517 1167 apuda
1534 1097 1833 1167 prophetas
1863 1098 2051 1152 dicen-

483 1190 592 1235 tem
628 1196 642 1232 :
673 1198 691 1231 ι
724 1181 838 1250 Ego
877 1196 1024 1246 sum,
1071 1197 1171 1253 ego
1201 1198 1346 1247 sum,
1378 1184 1474 1253 qui
1519 1182 1676 1238 deleo
1731 1183 2052 1251 iniquitates

484 1279 628 1335 tuas,
663 1278 717 1325 et
740 1286 849 1325 non
873 1271 1208 1326 recordabor
1228 1272 1294 1325 ⁸⁷.
1318 1290 1338 1323 ι
1360 1272 1479 1328 Non
1517 1271 1728 1329 frustra
1764 1287 1892 1327 vero
1922 1271 2050 1325 bea-

404 1394 410 1399 ι
480 1366 573 1414 tus
603 1359 852 1430 Baptista
875 1360 1067 1416 eadem
1096 1360 1165 1415 de
1189 1359 1474 1417 Salvatore
1503 1361 1802 1417 identidem
1832 1363 2047 1430 repetit.

480 1449 725 1506 Oﬂicium
760 1451 963 1522 quippe
998 1467 1064 1506 ac
1104 1452 1282 1507 virtus
1316 1452 1563 1509 doctoris
1609 1463 1714 1519 est,
1766 1467 1857 1507 res
1905 1466 2049 1505 non-

479 1540 609 1595 dum
646 1549 937 1611 perceptas
974 1540 1376 1612 discipulorum
1422 1542 1701 1597 mentibus
1742 1540 2047 1603 inculcare,

478 1646 583 1687 nec
604 1633 793 1687 eadem
825 1634 1027 1702 saepius
1050 1633 1347 1704 repetendo
1381 1633 1621 1703 gravari,
1646 1634 1741 1687 sed
1767 1630 1839 1685 ad
1875 1630 2045 1685 disci-

480 1723 737 1792 pulcrum
788 1724 1081 1779 utilitatem
1133 1725 1404 1794 patienter
1449 1724 1503 1778 id
1553 1739 1736 1795 agere.
1786 1722 1943 1789 Quod
1994 1721 2053 1775 ιιι

482 1823 543 1869 ιιι
585 1816 778 1871 beatus
829 1830 1051 1885 quoque
1096 1814 1304 1871 Paulus
1344 1816 1495 1870 dicat
1540 1833 1604 1869 ιι
1643 1815 1845 1870 Eadem
1891 1814 2051 1869 vobis

2151 647 2301 701 Θεοῦ
2333 648 2367 700 ό
2395 646 2579 714 αἴρων
2610 643 2725 712 τὴν
2748 643 3039 712 ἁμαρτίαν
3061 643 3167 696 τοῦ
3193 644 3446 712 κόσμου.

2206 736 2430 806 ,Φθάσας
2462 735 2562 805 ἤδη
2605 732 2913 805 προέδειξεν
2944 731 3108 786 αὐτὸν
3151 733 3181 786 6
3217 732 3487 803 μακάριος
3517 732 3735 787 8am:-

2151 827 2283 897 στής
2308 843 2321 856 ·
2370 825 2486 881 ἀλλ’
2537 824 2646 878 ἰδοὺ
2693 824 2788 877 καὶ
2829 818 2984 886 αὖθις
3017 822 3108 876 τὸν
3141 824 3302 877 αὑτὸν
3344 824 3735 894 άνακυκλήσας

2147 917 2326 987 λόγον,
2356 915 2682 969 ἐπιδεικνύει
2712 915 2825 979 τοῖς
2854 913 3049 968 ἑαυτοῦ
3078 906 3349 985 μαθήταῖς
3376 915 3468 967 τὸν
3504 913 3732 984 Ἰησοῦν,

2150 1010 2246 1063 καὶ
2274 1008 2446 1080 ἀμνὸν
2478 1006 2733 1077 ὀνομάζει
2762 1004 2920 1070 Θεοῦ,
2952 1006 3044 1059 καὶ
3074 1006 3175 1074 τὴν
3198 1003 3293 1059 τοῦ
3334 1007 3542 1075 κόσμου
3567 1005 3733 1074 φησὶν

2150 1099 2325 1171 αἴρειν
2379 1097 2649 1172 ἁμαρτίαν
2672 1140 2685 1161 ,
2737 1096 3020 1167 μονονουχὶ
3069 1097 3206 1168 πρὸς
3239 1095 3547 1166 ὑπόμνησιν
3583 1096 3733 1164 ἄγων

2149 1191 2272 1251 τοὺς
2331 1188 2715 1257 ἀκροωμένους
2772 1185 2868 1239 τοῦ
2931 1187 2990 1240 ὲν
3066 1187 3373 1258 προφήταις
3427 1186 3681 1253 λέγοντος
3718 1201 3730 1213 ·

2157 1299 2174 1331 ι
2198 1277 2340 1347 Ἐγώ
2369 1280 2507 1348 εἰμι,
2537 1262 2659 1343 ’ἐγώ
2692 1278 2806 1346 εἰμι
2842 1277 2871 1328 ὁ
2902 1276 3200 1344 ὲξαλείφων
3228 1276 3329 1340 τὰς
3356 1276 3586 1346 ἀνομίας
3614 1292 3732 1340 σου,

2152 1371 2245 1423 καὶ
2263 1369 2323 1422 ού
2357 1369 2432 1439 μὴ
2467 1366 2870 1439 μνησθήσομαι,
2904 1385 2923 1418 ι
2968 1365 3358 1420 Ἐπαναλαῦὼν
3387 1366 3443 1418 δὲ
3466 1367 3528 1418 ού
3557 1366 3733 1435 μάτην

2150 1464 2178 1516 6
2220 1460 2530 1529 Βαπτιστὴς
2569 1458 2668 1530 τὴν
2713 1458 2883 1528 αὐτὴν
2913 1460 3147 1511 ποιεῖται
3188 1456 3319 1527 περὶ
3350 1455 3445 1509 τοῦ
3483 1455 3736 1525 Σωτῆρος

2151 1552 2429 1623 ἐξήγησιν.
2495 1548 2722 1619 Ἀρετῆς
2773 1547 2884 1617 γάρ
2942 1548 3090 1600 ἐστιν
3142 1544 3302 1616 ἔργον
3348 1543 3737 1613 διδασκαλικῆς

2150 1632 2427 1695 τὸνούπω
2460 1636 2867 1710 παραδεχθέντα
2895 1635 3073 1704 λόγον,
3119 1638 3239 1699 ταῖς
3281 1633 3391 1687 τῶν
3429 1633 3736 1711 μαθητευο-

2155 1732 2332 1804 μένων
2372 1727 2832 1800 ἐγκαθειργνύναι
2879 1727 3099 1797 ψυχαῖς,
3148 1726 3249 1780 οὐκ
3290 1723 3555 1803 όκνούσης
3600 1722 3739 1793 πρὸς

2155 1820 2510 1891 ἐπανάληψιν,
2543 1816 2973 1888 ἁνεξικακούσης
3021 1816 3077 1870 δὲ
3117 1816 3318 1888 μᾶλλον
3366 1815 3455 1867 ἐπ’
3500 1811 3740 1881 ὠφελείᾳ

482 1905 757 1972 scribere,
788 1921 874 1961 me
912 1906 1136 1975 quidem
1192 1920 1298 1961 non
1342 1906 1510 1979 piget,
1542 1907 1699 1962 vobis
1739 1912 1920 1961 autem
1954 1918 2054 1961 ne-

2163 1913 2265 1966 τῶν
2296 1910 2722 1982 παιδευομένων.
2775 1908 2873 1962 Διὰ
2904 1909 3013 1981 γάρ
3046 1922 3129 1960 τοι
3157 1906 3315 1960 τοῦτο
3346 1905 3442 1959 καὶ⁸
3487 1906 3515 1959 ὁ
3555 1902 3738 1975 μακά·

483 1995 793 2050 cessarium
814 2004 909 2050 est
927 1996 994 2048 ⁵⁸.
1023 2015 1042 2048 ι

561 2169 724 2240 129
743 2168 785 2236 Ι,
805 2170 894 2225 57.
915 2169 986 2225 Ει
1006 2173 1286 2228 audierunt
1310 2190 1428 2229 eum
1453 2173 1823 2244 duo‘diseipuli
1839 2173 2071 2243 loquen—r

485 2268 612 2324 tem,
641 2267 690 2314 et
714 2262 883 2315 secuti
906 2273 1026 2317 sunt
1047 2261 1255 2321 Iesum.

556 2346 721 2405 Vides
769 2364 931 2418 quam
962 2352 1075 2406 cito
1124 2368 1287 2408 suum
1342 2353 1579 2408 fructum
1626 2353 1882 2409 doctrina
1930 2367 2061 2423 pro-

483 2436 648 2492 tulit?
671 2436 841 2494 Vides
868 2447 1136 2510 quantum
1171 2440 1518 2511 repetitionis
1542 2442 1754 2495 lucrum
1779 2441 2059 2496 inventum

486 2526 597 2581 sit?
624 2527 816 2584 Discat
856 2543 987 2598 ergo
1027 2544 1096 2583 ex
1133 2529 1243 2595 his,
1277 2530 1531 2600 quisquis
1576 2530 1667 2585 ille
1696 2537 1787 2586 est
1832 2531 1922 2585 cui
1963 2530 2062 2586 do-

486 2615 647 2671 cendi
693 2617 965 2672 creditum
1004 2632 1204 2673 munus
1250 2626 1356 2685 est,
1398 2619 1673 2689 pigritiam
1705 2633 1920 2674 omnem
1969 2601 2063 2673 su-

486 2718 724 2776 pet-ate,
771 2706 989 2776 sibique
1037 2707 1232 2778 majori
1285 2722 1443 2763 noxa:
1501 2723 1666 2778 quam
1717 2707 2063 2765 auditoribus

489 2805 683 2867 putare
712 2797 1018 2864 silentium,
1066 2813 1168 2854 nec
1203 2799 1468 2855 talentum
1507 2798 1723 2855 Domini
1767 2799 1825 2853 in
1866 2801 2060 2869 ignava

485 2892 708 2958 inertia,
740 2891 889 2949 velut
914 2892 1070 2948 humi
1101 2892 1383 2959 defodere,
1421 2893 1517 2949 sed
1548 2900 1837 2964 argentum
1877 2882 2062 2962 potiu's

485 2983 878 3039 nutnmuiariis
903 2983 1140 3039 tradere.
1178 2982 1425 3053 Recipiet
1459 2983 1603 3039 enim
1636 2982 1887 3038 Salvator
1911 2981 2064 3051 quod

487 3084 648 3128 suum
696 3080 783 3129 est
824 3088 947 3129 cum
984 3072 1191 3138 fenore,
1242 3088 1306 3128 ac
1342 3074 1507 3129 veluti
1546 3087 1731 3129 semen
1781 3072 2063 3142 quoddam

486 3162 756 3233 injectum
789 3177 1100 3219 sermonem
1133 3163 1452 3219 viviﬁcabit.
1507 3162 1688 3219 [labes
1731 3162 1822 3218 hic
1870 3161 2063 3216 admo-

489 3260 619 3314 dum
654 3255 948 3327 genuinam
996 3255 1157 3311 istius
1210 3256 1291 3311 rei
1340 3255 1889 3312 demonstrationem.
1942 3239 2133 3310 Nonc

487 3355 749 3417 gravatus
775 3346 918 3401 enim
973 3344 1221 3417 Baptista
1269 3348 1389 3403 suis
1428 3346 1722 3417 discipulis
1770 3345 2062 3402 Dominum

489 3437 811 3502 ostendere,
844 3436 1156 3508 iterumque
1183 3449 1461 3506 repetere:
1504 3455 1523 3490 ι
1568 3436 1711 3494 Ecce
1739 3451 1915 3507 agnus
1944 3436 2063 3501 Dei,

489 3526 584 3598 qui
637 3525 780 3580 tollit
806 3532 1091 3595 peccatum
1118 3528 1313 3581 mundi
1342 3528 1411 3592 '9,
1458 3545 1478 3580 ι
1519 3536 1734 3582 tantum
1775 3526 2066 3597 discipulis

492 3615 612 3671 suis
644 3614 908 3680 contulit,
942 3622 1002 3669 ut
1028 3629 1127 3670 eos
1166 3616 1323 3685 sequi
1351 3617 1576 3672 demum
1618 3617 1978 3687 persuaserit,
2012 3622 2067 3671 et

493 3706 618 3776 ejus
643 3703 951 3774 disciplinae
974 3718 1101 3760 sese
1122 3704 1237 3774 jam
1266 3713 1380 3760 tum
1407 3705 1726 3777 adjungcre.

561 3899 607 3967 Ι,
639 3898 729 3956 38.
763 3897 1054 3953 Conversus
1101 3906 1277 3952 autem
1318 3895 1497 3961 Iesus,
1546 3904 1595 3951 et
1648 3896 1826 3950 videns
1868 3911 1954 3950 eos
1992 3912 2072 3951 seu

493 3999 708 4066 quentes
745 4006 821 4056 se,
852 3986 979 4043 dicii
1006 3988 1118 4043 eis:
1153 3986 1294 4053 Quid
1324 3988 1606 4059 quwritis?

565 4080 890 4153 Opportune
928 4095 1233 4137 conversus
1262 4087 1348 4136 est
1383 4077 1648 4135 Dominus
1677 4077 1743 4132 ad
1782 4084 2072 4149 sequentes

496 4194 579 4247 se,
599 4184 660 4232 ut
690 4176 876 4248 reipsa
905 4176 1090 4232 discas
1116 4173 1264 4246 quod
1295 4173 1352 4230 in
1374 4172 1611 4230 Psalmis
1641 4172 1897 4227 canitur:
1928 4189 1948 4224 ι
1969 4168 2075 4224 Ex-

495 4268 699 4342 quisivi
747 4268 1039 4325 Dominum
1089 4277 1145 4324 et
1189 4267 1425 4323 intendit
1471 4265 1603 4320 mihi
1634 4263 1726 4319 ³⁹⁶.
1767 4282 1787 4316 ι
1816 4262 2073 4331 Quandiu

495 4362 643 4420 enim
676 4363 839 4421 bonis
869 4363 1119 4420 moribus
1151 4370 1206 4418 et
1235 4369 1387 4418 recta
1429 4361 1534 4416 (ide
1573 4358 1746 4415 Deum
1777 4374 1890 4413 non
1918 4371 2073 4427 quaa-

494 4458 692 4522 rimus,
714 4463 840 4527 post
869 4455 1047 4526 ipsum
1074 4467 1267 4510 averso
1289 4454 1441 4509 vultu
1466 4451 1872 4522 quodammodo
1898 4450 2072 4505 collo-

2163 2020 2276 2073 ριος
2305 2001 2516 2066 Παῦλός
2542 2019 2674 2072 φησι
2697 2017 2711 2032 ·
2770 2018 2787 2051 ι
2810 1999 2893 2053 Τὰ
2918 1998 3057 2052 αὐτὰ
3090 1997 3270 2066 λέγειν
3303 1997 3451 2068 ὑμῖν,
3490 1994 3612 2066 ἐμοὶ
3642 1993 3739 2062 μὲν

2161 2093 2261 2145 οὐκ
2291 2091 2544 2162 ὀκνηρὸν,
2578 2091 2710 2162 ύμῖν
2737 2090 2794 2144 δὲ
2821 2088 3084 2158 ἀσφαλές.
3118 2106 3135 2138 ι

2228 2182 2338 2237 Καὶ
2370 2181 2650 2251 ἥκουσαν
2672 2180 2859 2236 αὑτοῦ
2888 2182 2943 2234 οἱ
2966 2177 3076 2234 δύο
3096 2175 3354 2249 μαθηταὶ
3378 2174 3739 2241 λαλοῦντος,

2161 2274 2256 2329 καὶ
2296 2274 2724 2343 ἠκολούθησαν
2756 2270 2837 2337 τῷ
2878 2270 3095 2339 Ἰησοῦ.

2243 2367 2405 2438 Ὁρᾷς
2431 2368 2499 2437 τῇ
2542 2362 2861 2434 διδασκαλίᾳ
2890 2362 3108 2431 γείτονα
3153 2360 3243 2413 τὸν
3281 2350 3343 2424 ἐξ
3388 2357 3560 2428 αὐτῆς
3602 2356 3741 2410 ἀνα-

2160 2458 2379 2512 δοθέντα
2429 2458 2674 2529 καρπόν;
2719 2456 2881 2527 Ὁρᾷς
2924 2454 3048 2508 ὅσον
3092 2452 3194 2523 τῆς
3234 2449 3625 2522 ἐπαναλήψεως
3653 2447 3745 2502 e6-

2166 2547 2292 2618 ρέθη
2320 2547 2380 2600 τὸ
2416 2548 2641 2617 κέρδος;
2684 2543 3016 2600 Μανθανέτω
3044 2540 3333 2613 τοὶγαροῦν
3360 2541 3448 2594 διὰ
3484 2540 3695 2593 τούτων
3716 2540 3745 2592 6

2160 2638 2429 2693 διδάσκειν
2452 2637 2901 2708 πεπιστευμένος,
2924 2636 3083 2690 ὸκνου
3113 2634 3210 2705 μὲν
3242 2630 3481 2704 ἀμείνων
3510 2628 3746 2701 ὁρᾶσθαι.

2163 2729 2381 2794 παντὸς,
2414 2728 2591 2799 ἑαυτῷ
2617 2728 2674 2782 δὲ
2701 2728 2884 2796 πλέον,
2914 2729 2948 2799 ἢ
2987 2731 3101 2792 τοῖς
3139 2718 3513 2798 ἀκροωμένοις
3546 2722 3746 2792 ἐπιζήο

2166 2835 2283 2890 μιον
2314 2817 2561 2890 ἡγεῖσθαι
2613 2816 2710 2888 τὴν
2766 2816 2995 2889 σιωπὴν,
3043 2818 3137 2871 καὶ
3175 2814 3250 2887 μὴ
3292 2815 3371 2878 είς
3413 2813 3609 2884 ἀργίαν
3642 2810 3749 2881 μὲν

2128 2959 2134 2965 .
2162 2909 2388 2980 ἀδρανῆ,
2414 2906 2665 2976 καθάπερ
2693 2906 2772 2970 είς
2807 2906 2929 2976 γῆν,
2962 2905 3024 2958 τὸ
3062 2903 3378 2958 δεσποτικὸν
3401 2899 3751 2971 ἁντορύττειν

2162 2999 2441 3066 τάλαντον,
2481 2996 2756 3066 διανέμειν
2796 2997 2853 3049 δὲ
2905 2994 3106 3067 μᾶλλον
3140 2996 3254 3058 τοῖς
3294 2990 3645 3064 τραπεζίταις
3686 2988 3750 3042 τὸ

2164 3089 2453 3162 ἀργύριον·
2498 3090 2769 3157 κομιεῖται
2812 3085 2921 3156 γάρ
2975 3087 3004 3138 6
3059 3082 3250 3154 Σωτὴρ
3296 3083 3359 3135 τὸ
3409 3078 3604 3135 ἑαυτοῦ
3650 3081 3751 3133 σὺν

2163 3179 2326 3250 τόκῳ,
2364 3179 2458 3233 καὶ
2489 3176 2740 3247 καθάπερ
2773 3175 2895 3230 τινὰ
2940 3174 3140 3249 σπόρον
3164 3171 3495 3242 ζωογονήσει
3531 3170 3624 3223 τὸν
3651 3171 3749 3237 ἐγ-

2165 3267 2573 3341 κατασληθέντα
2614 3266 2794 3335 λόγον.
2827 3267 3012 3338 Ἔχεις
3047 3266 3105 3318 ὲν
3135 3264 3346 3327 τούτοις
3377 3259 3753 3331 εὐφυεστάτην

2163 3362 2270 3417 τῶν
2298 3360 2605 3433 εἰρημένων
2639 3357 2931 3422 ἀπόδειξιν.
2968 3357 3042 3411 Οὐ
3071 3355 3179 3427 γάρ
3213 3354 3448 3424 ὀκνήσας
3481 3352 3512 3404 6
3545 3351 3753 3405 Βαπτι-

2166 3452 2295 3523 στὴς
2323 3454 2432 3514 τοῖς
2471 3447 2665 3503 ἑαυτοῦ
2691 3448 2958 3521 μαθηταῖς
2986 3445 3248 3512 ἐπιδεῖξαι
3283 3444 3375 3498 τὸν
3402 3440 3627 3513 Κύριον,
3655 3438 3753 3493 καὶ

2167 3545 2246 3607 είς
2274 3541 2523 3612 δεύτερον
2551 3543 2722 3595 εἰπεῖν
2745 3556 2760 3571 ·
2799 3559 2818 3593 ι
2862 3540 2969 3593 Ἴδε
2999 3540 3026 3593 6
3055 3537 3225 3610 ἀμνὸς
3252 3535 3343 3591 τοῦ
3368 3533 3505 3589 Θεοῦ
3528 3533 3558 3586 6
3580 3532 3755 3603 αἴρων

2167 3633 2265 3706 τὴν
2313 3632 2587 3703 ἁμαρτίαν
2630 3631 2724 3685 τοῦ
2769 3631 2995 3701 κόσμου,
3039 3647 3058 3682 ι
3091 3621 3345 3683 τοσοῦτον
3373 3625 3570 3687 αὐτοὺς
3608 3623 3754 3691 ὠφεο

2167 3726 2340 3796 λήσας
2363 3725 2576 3796 ὁρᾶται,
2607 3723 2682 3788 ὡς
2723 3722 2820 3778 καὶ
2865 3722 3158 3775 ὑποπεῖσαι
3199 3718 3384 3774 λοιπὸν
3416 3712 3753 3779 ἀκολουθεῖν,

2170 3819 2264 3871 καὶ
2296 3817 2397 3887 ’ήδη
2437 3817 2537 3887 τῆς
2570 3817 2661 3869 ὑπ’
2698 3814 2846 3888 αύτῷ
2882 3813 3182 3887 μαθητείας
3207 3813 3354 3884 ὲρᾷν.

2242 3907 2531 3977 Στραφεὶς
2558 3906 2626 3961 δὲ
2651 3909 2684 3961 ὀ
2721 3906 2971 3975 Ἰησοῦς,
2997 3904 3096 3959 καὶ
3134 3901 3504 3971 θεασάμενος
3530 3896 3754 3964 αὐτοὺς

2170 3997 2678 4063 ἀκολουθοῦντας,
2713 3997 2876 4067 λέγει
2906 3995 3133 4061 αὐτοῖς.
3156 3994 3217 4048 Τί
3249 3991 3504 4061 (meite;

2254 4086 2604 4157 ἙτιεστράςρηΔ
2640 4085 2926 4158 χρησίμως
2983 4082 3120 4155 πρὸς
3158 4082 3285 4145 τοὺς
3328 4075 3754 4139 ἀκολουθοῦντας

2173 4180 2201 4232 6
2227 4175 2453 4248 Κύριος,
2484 4176 2571 4229 ἵνα
2613 4175 2760 4247 ἔργῳ
2802 4174 2978 4246 μάθῃς
3016 4174 3076 4228 τὸ
3123 4171 3548 4244 μελῳδούμενον·
3583 4188 3603 4221 ι
3635 4168 3750 4233 Ἐξ-

2174 4268 2412 4339 εζήτησα
2439 4267 2532 4320 τὸν
2569 4266 2808 4336 Κύριον,
2858 4267 2953 4319 καὶ
2984 4264 3253 4336 προσέσχε
3303 4281 3426 4335 μοι·
3470 4281 3488 4314 ι
3518 4260 3628 4324 ἓως
3659 4259 3754 4329 μὲν

2174 4361 2281 4430 γὰρ
2318 4357 2471 4412 οὔπω
2519 4357 2607 4411 διὰ
2637 4358 2856 4429 τρόπων
2885 4356 3128 4427 ἀγαθῶν,
3173 4356 3268 4411 καὶ
3306 4356 3405 4425 τῆς
3441 4355 3498 4408 ὲν
3542 4352 3621 4423 τῷ
3666 4368 3753 4404 m-

2178 4448 2385 4503 στεύειν
2463 4448 2752 4520 ὀρθότητος
2828 4447 3191 4519 ἐπιζητοῦμεν
3280 4446 3371 4500 τὸν
3453 4443 3621 4507 Θεὸν,
3689 4442 3759 4496 ὲκ

497 4547 606 4602 cati
640 4558 868 4602 sumus:
911 4544 1006 4599 sed
1035 4557 1162 4598 cum
1195 4542 1394 4598 divinae
1432 4539 1572 4610 legis
1606 4539 1697 4594 siti
1731 4546 1985 4593 sanctum
2018 4547 2062 4593 el

2180 4540 2469 4611 προσώπου
2512 4539 2713 4611 τρόπον
2759 4540 2883 4594 τινὰ
2943 4539 3169 4594 κατόπιν
3218 4537 3480 4608 κείμεθα·
3514 4533 3654 4588 ἐπάν
3700 4533 3758 4587 δὲ

496 4636 759 4692 eximium
797 4634 1026 4704 iustitiae
1076 4633 1181 4686 iter
1228 4631 1560 4694 insistimus,
1603 4637 1735 4683 tunc
1765 4636 1916 4683 certe
1966 4643 2070 4685 nos

494 4727 742 4797 respicit,
769 4725 902 4781 illud
940 4724 1103 4779 nobis
1131 4721 1468 4777 inclamans:
1514 4738 1530 4772 ι
1568 4717 1968 4775 Convertimini
2002 4718 2071 4773 ad

497 4832 605 4881 me,
642 4823 698 4871 et
744 4823 1035 4871 convertar
1080 4812 1148 4867 ad
1194 4828 1312 4876 vos,
1345 4811 1481 4866 dicit
1513 4809 1780 4866 Dominus
1818 4811 2071 4880 omnipo-

499 4917 621 4961 tens
639 4905 739 4959 ⁸⁸.»
765 4904 849 4957 Ad
876 4919 972 4959 eos
1004 4911 1184 4958 autem
1217 4902 1501 4969 Christus,
1535 4919 1554 4954 ι
1584 4901 1726 4968 Quid
1748 4900 2064 4972 quat-itis?»

497 4994 702 5065 inquit,
737 5008 846 5049 non
879 4994 1024 5064 quod
1048 4996 1325 5063 ignoraret
1360 4992 1579 5064 (cuncta
1609 4993 1757 5049 enim
1805 4993 1978 5058 novit,
2012 5003 2073 5048 ut

499 5084 692 5155 Deus),
725 5082 819 5138 sed
855 5083 1003 5153 quod
1031 5083 1515 5152 interrogationem
1545 5083 1688 5137 hanc
1718 5082 2071 5154 colloquendi

497 5172 862 5247 primordium
895 5186 961 5227 ac
992 5172 1159 5228 veluti
1192 5172 1436 5228 radicem
1465 5178 1751 5227 statueret.

568 5355 616 5421 l,
646 5353 737 5411 38.
779 5351 887 5420 Qui
919 5351 1166 5406 dixerunt
1192 5351 1274 5404 ei:
1307 5348 1473 5404 Rabbi
1502 5347 1659 5420 (quod
1683 5347 1880 5402 dicitur
1911 5351 2072 5404 inter-

496 5456 762 5518 pretatum
790 5442 1085 5517 magister),
1115 5442 1205 5497 ubi
1229 5442 1480 5499 habitas?

571 5536 741 5593 Docte
787 5539 839 5593 ei
889 5542 1192 5592 occurrunt
1218 5533 1572 5605 interrogati.
1623 5533 1867 5589 Primum
1922 5536 2067 5592 enim

505 5628 829 5699 magistrum
879 5629 1058 5700 ipsum
1107 5634 1328 5695 vocant,
1382 5626 1530 5683 clare
1576 5625 1956 5699 signiﬁcantes
2015 5644 2074 5684 se

2174 4628 2264 4682 τὸν
2307 4629 2449 4682 θεῖον
2493 4629 2658 4684 αὐτοῦ
2698 4628 3022 4699 διψήσαντες
3067 4628 3269 4698 νόμον,
3310 4625 3410 4695 τὴν
3454 4622 3759 4693 ἁγίανκαὶ

2175 4721 2448 4791 ἐξαίρετον
2476 4722 2574 4790 τῆς
2597 4719 2938 4790 δικαιοσύνης
2977 4717 3344 4792 ἰχνηλατῶμεν
3371 4717 3509 4780 ὁδὸν,
3547 4716 3671 4769 τότε
3693 4715 3762 4787 δὴ

2178 4812 2394 4875 πάντως
2438 4813 2586 4881 ἡμᾶς
2637 4810 2992 4882 ἐπισκέψεται
3033 4811 3095 4864 τὸ
3154 4808 3538 4880 γεγραμμένον
3582 4807 3761 4861 ἐκεῖνο

2181 4903 2349 4974 βοῶν·
2387 4921 2405 4954 ι
2443 4903 2833 4974 Ἐπιστρέψατε
2868 4903 3004 4974 πρός
3038 4919 3126 4973 με,
3159 4902 3253 4956 καὶ
3279 4899 3758 4970 ὲπιστραφήσομα.

2178 4990 2312 5062 πρὸς
2338 4992 2503 5061 ὑμᾶς,
2535 4991 2681 5060 λέγει
2710 4992 2912 5064 Κύριος
2953 4992 3366 5062 παντοκράτωρ.
3405 5008 3423 5042 ι
3451 5019 3521 5031 --
3555 5007 3575 5039 ι
3611 4988 3681 5041 Τί
3709 4990 3757 5041 δέ

2180 5081 2425 5151 curares;
2462 5102 2480 5135 ι
2513 5085 2645 5154 φησι
2670 5085 2805 5155 πρὸς
2837 5085 3030 5148 αύτούς
3051 5101 3063 5116 ·
3097 5084 3199 5138 οὐκ
3225 5083 3517 5154 ἀγνοήσας,
3558 5078 3759 5134 πόθεν·

2181 5171 2357 5226 πάντα
2385 5174 2491 5246 γὰρ
2524 5173 2661 5229 οἶδεν
2691 5176 2767 5239 ὡς
2806 5175 2974 5239 θεός·
3015 5174 3186 5247 ἀρχὴν
3232 5174 3288 5227 δὲ
3334 5174 3425 5227 καὶ
3452 5169 3611 5243 ῥίζαν
3644 5173 3759 5231 ταῖς

2179 5261 2443 5328 διαλέξεσι
2471 5266 2636 5329 τιθεὶς
2662 5266 2764 5337 τὴν
2796 5265 3087 5336 ἐρώτησιν.

2262 5360 2327 5411 Ol
2344 5356 2412 5411 δὲ
2434 5354 2608 5412 εἷπον
2639 5356 2818 5423 αὐτῷ·
2863 5357 3079 5419 Ῥαϐϐὶ,
3111 5356 3143 5410 ὃ
3175 5356 3412 5424 λέγεται
3435 5350 3755 5425 ἑρμηνευό-

2175 5466 2384 5520 μενον,
2414 5446 2770 5512 Διδάσκαλε,
2802 5449 2921 5503 ποῦ
2955 5447 3192 5519 gerere;
3326 5506 3327 5509 η

2247 5539 2625 5603 Εύπαιδεύτως
2667 5538 2977 5593 ὑπαντῶσιν
3032 5538 3082 5591 0i
3135 5536 3570 5609 διερωτώμενοι·
3612 5531 3753 5588 διδά-

2183 5629 2377 5686 σκαλον
2424 5630 2531 5700 γὰρ
2577 5628 2688 5700 ήδη.
2727 5628 2969 5694 καλοῦσι,
3011 5629 3072 5682 τὸ
3122 5626 3405 5698 βούλεσθαί
3446 5644 3500 5682 τι
3543 5623 3738 5697 μαθεῖν

596 5796 639 5833 ⁵⁷
669 5807 769 5862 lsa.
815 5823 964 5873 xuu,
1000 5811 1090 5865 ‘25.
1178 5812 1223 5843 "
1255 5809 1489 5879 Philipp.
1528 5824 1610 5875 ιιι,
1651 5809 1695 5862 l.
1774 5809 1818 5840 ”
1845 5808 1999 5864 Joan.
2038 5827 2062 5864 l.

2163 5815 2195 5868 ι.
2235 5812 2303 5847 ⁸⁵⁸
2342 5811 2482 5866 Psal.
2517 5825 2710 5881 χχχιιι,
2747 5810 2799 5865 5.
2880 5809 2924 5842 "
2952 5809 3187 5864 Zachar.
3220 5823 3258 5871 ι,
3293 5806 3347 5864 '5.
