4090 6266
533 318 641 374 219
711 306 718 311 '

1538 334 1595 391 S.
1637 336 1918 398 CYRILLl
1953 343 2421 404 AIEXANDRINI
2462 353 2786 415 ARCHIEP.

3680 377 3794 435 220

532 449 680 487 csum
733 434 1000 492 afferant:
1044 441 1139 495 sed
1199 443 1252 498 in
1294 445 1432 515 ipsis
1478 450 1731 510 discendi
1779 459 2079 528 primordii:

534 526 782 560 enini-lim
823 528 1217 560 ηηπρρηιςηηλ...
1281 541 1550 560 -____.__.
1642 555 1653 560 -
1856 550 1888 560 ...
1972 554 1983 560 -

2207 466 2539 534 παιδεύσεως
2569 473 2950 530 ἁνατίκτουσαι
2987 481 3216 550 καρπὸν,
3246 483 3362 538 ἀλλ’
3399 487 3536 558 ὁμοῦ
3561 489 3660 560 τῆς
3682 493 3791 549 τῶν

531 526 782 580 scientia:
823 528 1241 596 perfectionem.
1278 541 1749 609 complectuntur.
1781 526 1821 601 -ι
1856 550 2104 622 Sapienti

531 616 674 669 enim
701 617 766 670 da
790 621 1166 690 occasionem,
1185 637 1240 681 et
1267 631 1568 699 sapientior
1589 637 1714 701 erit,
1735 639 1914 711 inquit
1946 643 2104 700 Scri-

533 712 716 770 ptura:
751 709 973 764 notiiica
997 713 1176 783 justo,
1212 725 1265 772 et
1302 721 1462 775 addet
1489 724 1557 778 ad
1593 709 1971 798 recipiendum
1999 737 2096 789 θ’.»

532 789 781 848 Fratrem
818 797 1005 869 itaque
1043 819 1202 860 suum
1231 808 1481 868 Andreas
1514 827 1719 883 servat,
1751 821 1972 879 Petrum
2022 827 2103 881 vi-

531 881 752 951 delicet,
789 896 960 944 totum
994 892 1128 948 illud
1161 913 1417 970 magnum
1453 905 1602 962 brevi
1635 881 1960 981 compendio
2002 918 2101 975 de-

530 970 751 1030 clarans
771 980 1112 1046 mysterium.
1138 985 1455 1047 Invenimus
1484 996 1864 1070 enim,inquit,
1888 1002 2098 1074 Jesum,

530 1071 631 1113 ceu
676 1079 696 1114 ι
737 1061 1082 1125 Thesaurum
1129 1076 1186 1129 in
1236 1092 1371 1150 agro
1412 1083 1821 1152 absconditum.
1858 1104 1951 1148 aut
1978 1113 2102 1165 pre-

529 1146 727 1204 tiosam
759 1159 1114 1227 margaritam
1148 1165 1192 1197 ⁸³
1230 1146 1293 1232 »ξ
1309 1169 1463 1238 juxta
1501 1179 1909 1249 evangeliorum
1940 1201 2100 1256 para-

530 1237 706 1297 bolas.

599 1323 641 1391 1,
679 1328 770 1385 42.
814 1331 1055 1393 Intuitur
1098 1353 1270 1398 autem
1317 1364 1432 1402 eum
1465 1350 1644 1421 Jews,
1674 1359 1814 1414 dixit
1852 1379 1873 1418 :
1918 1365 1995 1420 Tu
2043 1385 2096 1422 es

525 1415 714 1471 Simon
747 1421 894 1488 [ilius
931 1425 1074 1484 Iona
1113 1447 1133 1485 :
1162 1443 1218 1487 tu
1270 1440 1535 1498 vocaberis
1575 1415 1801 1518 Ceplzas,
1831 1415 2095 1525 in:

525 1513 847 1572 terpretatnr
884 1511 1066 1576 Petra.

593 1594 876 1658 Divinitus
913 1605 1180 1677 intuetur,
1215 1618 1311 1686 qui
1341 1623 1507 1678 corda
1542 1634 1596 1681 et
1629 1645 1789 1688 renes
1820 1638 1996 1703 novit,
2043 1649 2097 1696 et

521 1689 698 1742 cernit
726 1707 986 1766 quantam
1012 1702 1079 1755 ad
1107 1706 1364 1773 pietatem
1395 1714 1701 1787 discipulus
1731 1741 2094 1794 perventurus

523 1778 618 1841 sit,
669 1789 723 1835 et
771 1796 1036 1853 quantam
1084 1795 1149 1848 ad
1185 1798 1407 1857 virtutis
1444 1778 1834 1874 perfectionem
1866 1821 2079 1876 evehen

526 1868 628 1893 AM
703 1872 849 1893 ιν...
963 1881 974 1892 .
1087 1884 1099 1893 .

2208 1778 2364 1800 τι--νι
2430 1778 2528 1804 *ΓΤ
2559 1778 2582 1786 '

2198 1817 2443 1893 ϐήσεται,
2493 1824 2584 1876 καὶ

523 1868 650 1924 dus.
703 1872 852 1929 Nihil
887 1881 1035 1934 enim
1085 1884 1305 1954 ignorat
1347 1868 1458 1961 qui-
1492 1911 1691 1956 cuneta
1733 1908 1883 1961 novit
1920 1911 2096 1979 prius-

522 1975 688 2028 quam
727 1964 872 2029 ﬁant.
904 1985 1014 2040 quo
1044 1990 1176 2032 sane
1209 1982 1553 2048 potissimum
1584 1991 1742 2050 docet
1773 1964 2094 2067 praedictum

522 2049 882 2122 discipulum,
914 2076 974 2116 se
1019 2065 1158 2120 citra
1200 2071 1525 2145 cujusquam
1566 2082 1812 2143 doctoris
1844 2105 2089 2162 operam,

1270 2136 1284 2140 ,
1380 2136 1398 2145 ,
1847 2136 1871 2145 ν
1918 2136 2089 2162 -._...,

520 2136 669 2195 Deus
707 2158 828 2198 cum
871 2148 966 2215 sit,
1013 2165 1208 2210 cuncta
1240 2174 1424 2218 nosse.
1458 2165 1616 2224 Nulla
1661 2136 1932 2244 siquidem
1961 2195 2092 2237 ora-

520 2227 672 2285 tione
729 2238 1034 2306 przemissa,
1092 2246 1352 2318 nullaque
1408 2253 1552 2311 facta
1600 2260 1980 2334 inquisitione,
2029 2278 2091 2325 ut

517 2319 754 2378 disceret
783 2328 909 2396 quis
935 2340 1029 2386 aut
1052 2337 1196 2392 unde
1227 2340 1273 2396 is
1302 2343 1367 2396 ad
1397 2361 1456 2400 se
1482 2319 1712 2418 venirei,
1744 2364 1852 2410 tam
1881 2368 2088 2428 patrem

515 2409 635 2476 ejus
671 2428 834 2482 quam
873 2417 1049 2488 ipsum
1102 2429 1328 2484 nomine
1381 2438 1656 2505 appellat,
1703 2453 1756 2500 et
1811 2447 2085 2506 Simonem

515 2512 642 2553 eum
673 2517 782 2557 non
812 2505 924 2574 jam
964 2515 1149 2566 vocari
1186 2520 1411 2587 patitur,
1444 2540 1567 2580 cum
1594 2531 1696 2586 sibi
1728 2549 1828 2604 pro
1863 2554 1962 2593 sua
1988 2557 2088 2611 po-

514 2594 714 2645 testate
750 2593 856 2648 iam
898 2607 1012 2653 tum
1059 2611 1118 2656 ut
1153 2622 1314 2663 suum
1362 2614 1673 2690 vindicans,
1712 2628 1806 2680 sed
1842 2644 2084 2702 congrua

517 2677 802 2702 -2...!I:.--.I9
829 2701 835 2702 ,
861 2701 870 2702 κ
928 2687 966 2702 n
1006 2699 1017 2702 _

515 2677 879 2740 similitudine
928 2687 1146 2748 Petrum
1183 2712 1210 2751 a
1242 2709 1399 2770 petra
1432 2713 1615 2765 vocari
1656 2715 1902 2787 placuit,
1950 2677 2084 2792 lpum

513 2783 680 2838 super
706 2789 867 2843 quem
903 2780 1236 2845 fundaturus
1263 2803 1379 2848 erat
1411 2812 1565 2853 suam
1600 2780 1922 2864 Ecclesiam.

582 2860 622 2924 Ι,
657 2864 746 2930 45,
782 2869 872 2924 44.
916 2871 984 2927 In
1031 2883 1323 2935 crastinum
1350 2888 1514 2943 voluit
1545 2891 1700 2950 Jesus
1725 2860 1945 2956 exire-in
1970 2903 2080 2959 Ga-

511 2950 730 3020 lilwam,
755 2969 806 3012 et
849 2962 1040 3020 inrenit
1071 2968 1398 3042 Philippum,
1424 2990 1472 3033 et
1503 2982 1634 3038 dicit
1668 2988 1718 3040 ei
1754 2988 1912 3046 Iesus
1937 3011 1957 3048 :
1984 2995 2081 3051 Se-

507 3059 662 3112 quere
690 3065 788 3102 me.
825 3051 958 3106 Erat
989 3068 1163 3114 autem
1213 3062 1495 3137 Philippus
1526 3089 1557 3124 a
1593 3074 1901 3147 Bethsaida,
1947 3085 2080 3139 civi-

509 3143 618 3190 tate
646 3139 874 3198 Andrere
894 3154 944 3199 et
969 3146 1138 3208 Petri.

579 3228 707 3285 Erat
739 3234 987 3331 ejusdem
1020 3245 1188 3300 animi
1216 3263 1338 3304 cum
1374 3254 1654 3322 prioribus
1687 3260 1998 3338 Philippus,
2025 3280 2080 3328 et

1375 3318 1387 3322 _
1834 3318 1998 3338 ηπ,
2028 3318 2079 3328 υ-

505 3318 572 3372 ad
613 3323 1269 3393 sectandum'Christum
1322 3357 1590 3415 perquam
1625 3350 1877 3411 idoneus.
1922 3358 2079 3417 llunc

503 3413 733 3476 probum
765 3416 885 3474 fore
923 3418 1181 3483 Christus
1208 3444 1458 3499 noverat,
1489 3439 1740 3513 ideoque,
1772 3467 1791 3499 ι
1833 3449 2079 3521 Sequere

504 3517 594 3558 me
627 3523 672 3572 ι,
709 3507 913 3578 inquit,
948 3515 1050 3569 hoc
1070 3520 1238 3575 verbo
1271 3527 1502 3592 gratiam
1540 3548 1646 3600 qua
1685 3535 1925 3596 donatus
1961 3553 2078 3598 erat

503 3595 914 3668 demonstrans,
949 3619 1004 3660 et
1033 3624 1155 3663 cum
1189 3617 1342 3684 sequi
1373 3620 1554 3689 jubet,
1582 3625 1857 3685 hominem
1893 3637 2078 3703 probae

501 3685 627 3739 vita:
656 3704 780 3744 esse
815 3695 1150 3767 testiﬁcans;
1182 3719 1358 3773 neque
1399 3711 1555 3781 132
1604 3720 1751 3772 enim
1795 3736 1918 3776 eum
1968 3727 2074 3784 nisi

504 3775 735 3844 probum
768 3781 834 3834 ad
870 3783 922 3835 id
951 3791 1198 3845 muneris
1224 3794 1504 3866 elegisset.

571 3864 613 3931 Ι,
649 3868 740 3922 45.
781 3869 984 3926 Invenit
1029 3864 1665 3957 Pliilippus'Nat/ianael,
1706 3905 1755 3949 et
1804 3900 1933 3954 dicit
1986 3907 2071 3960 ei:

504 3955 671 4020 Quem
711 3963 924 4030 scripsit
971 3964 1180 4037 Moyses
1234 3974 1285 4026 in
1320 3975 1450 4046 lege,
1474 3990 1522 4032 et
1553 3985 1840 4054 prop/tela},
1873 3992 2072 4049 inveni-

502 4065 617 4105 mus
648 4050 834 4108 Jesum
866 4057 1039 4127 ﬁlium
1069 4059 1263 4134 Josep/t
1291 4085 1324 4121 a
1354 4068 1650 4130 Nazaretlc.

564 4231 686 4286 Cito
715 4235 1007 4293 admodum
1050 4241 1143 4299 ille
1170 4243 1479 4318 discipulus
1524 4252 1766 4313 fructum
1794 4262 1970 4329 affert,
2008 4280 2069 4326 ut

491 4325 578 4379 vel
618 4325 748 4381 hinc
792 4329 1039 4398 ejusdem
1075 4337 1243 4392 animi
1297 4354 1361 4396 ac
1396 4344 1565 4400 studii
1615 4365 1739 4404 cum
1781 4355 2066 4423 prioribus

2212 559 2468 630 μαθητῶν
2491 567 2847 637 ἀρχαιότητος
2874 572 3140 636 συνέσεως
3169 578 3585 636 κατακλείουσαι
3613 559 3786 650 τέλος.

2211 668 2228 699 ι
2271 651 2421 704 Δίδου
2452 655 2561 726 γὰρ
2597 659 2746 728 σοφῷ
2783 661 3056 733 ἀφορμὴν,
3099 665 3191 718 καὶ
3219 668 3526 742 σοφώτερος
3552 673 3728 738 ἔσται,
3762 695 3784 728 ι

2205 743 2369 808 φησὶν
2399 745 2431 814 ἡ
2463 744 2578 799 θεία
2609 748 2818 820 Γραφή’
2845 769 2863 802 ι
2891 751 3121 824 γνώριζε
3144 756 3354 828 δικαίῳ,
3375 762 3469 814 καὶ
3488 764 3789 834 προσθήσει

2201 829 2296 882 τοῦ
2321 830 2585 902 δέχεσθαι.
2622 855 2640 888 ι
2661 837 2950 905 Ἀνασώζει
2977 843 3039 915 δὴ
3065 840 3156 897 οὖν
3189 845 3279 899 τὸν
3299 849 3496 903 οἰκεῖον
3535 852 3790 928 Ἀνδρέας

2201 918 2461 989 ἀδελφόν*
2501 925 2705 997 Πέτρος
2751 927 2808 980 δέ
2854 921 3010 994 οὗτος
3042 928 3138 1002 ἦν·
3173 933 3292 987 ὅλον
3325 937 3382 987 ἐν
3412 937 3577 1009 ὀλίγῳ
3611 918 3782 1011 κέφαὲ

2201 1007 2336 1080 λαίῳ
2367 1012 2428 1064 τὸ
2463 1013 2604 1082 μέγα
2647 1015 2894 1086 δηλώσας
2927 1021 3242 1092 μυστήριον.
3292 1007 3624 1097 Εὑρήκαμεν
3653 1007 3784 1102 γάρ,

2202 1101 2385 1169 φησὶν,
2419 1102 2492 1166 ὠς
2533 1121 2551 1154 ι
2588 1103 2871 1178 Θησαυρὸν
2918 1111 3299 1181 κεκρυμμένον
3340 1117 3399 1168 ἐν
3441 1115 3676 1191 ἀγρῷ.ἢ
3710 1101 3788 1184 ὥς

2201 1190 2297 1243 ἕνα
2337 1191 2633 1264 πολύτιμον
2683 1199 3026 1270 μαργαρίτην
3063 1219 3080 1251 ι
3108 1201 3201 1254 τὸν
3246 1202 3472 1275 Ἰησοῦν,
3513 1190 3789 1275 κατὰτὰς

2201 1280 2258 1331 ἐν
2286 1281 2396 1341 τοῖς
2431 1281 2784 1350 Εὑαγγελίοις
2819 1287 3154 1356 παραϐολάς.

2285 1371 2622 1440 Ἐμϐλέψας
2651 1373 2719 1427 δὲ
2762 1377 2921 1442 αὐτῷ
2949 1383 2983 1433 ό
3024 1381 3271 1449 Ἰησοῦς,
3301 1380 3465 1438 εἴπεο
3498 1389 3582 1440 Σὺ
3607 1385 3668 1443 εἷ
3684 1391 3787 1445 Σί-

2193 1475 2326 1526 μων
2357 1462 2388 1510 d
2417 1461 2544 1526 Υἱὸς
2581 1463 2758 1530 Ἰωνᾶ,
2801 1465 2884 1519 σὺ
2935 1469 3216 1542 κληθήσῃ
3265 1473 3500 1542 Κηφᾶς,
3534 1477 3565 1530 ὃ
3601 1479 3784 1550 ἑρμη-

2196 1549 2428 1602 νεύεται
2462 1551 2670 1620 Πέτρα.

2281 1641 2539 1706 Ἀτενίζει
2591 1643 2905 1716 θεοπρεπῶς
2961 1649 2990 1702 ό
3047 1653 3276 1722 καρδίας
3339 1656 3481 1727 ὁρῶν
3533 1660 3628 1713 καὶ
3695 1679 3785 1716 νε-

2199 1725 2396 1800 φροῦς·
2427 1734 2528 1804 ὁρᾷ
2557 1733 2612 1786 δὲ
2645 1736 2780 1807 πρὸς
2816 1738 2948 1809 ὅσην
2974 1742 3260 1798 εὐλάϐειαν
3298 1747 3325 1800 6
3368 1725 3618 1823 μαθητὴς
3649 1753 3776 1807 ἀνα.

2635 1826 2792 1889 ποίας
2829 1826 2979 1881 ἔσται
3029 1832 3259 1903 κάτοχος
3305 1835 3528 1908 ἀρετῆς,
3575 1841 3669 1894 καὶ
3699 1843 3781 1905 εἰς

2197 1911 2348 1963 ποῖον
2377 1913 2664 1986 καταλήξει
2694 1915 2864 1980 τέλος.
2904 1919 3246 2008 Ἀγνοείῄγὰρ
3277 1927 3430 1980 οὐδὲν
3461 1929 3489 1981 6
3532 1930 3687 1996 εἰδὼς
3710 1933 3781 2008 τὰ

2197 2001 2373 2054 πάντα
2403 2005 2532 2074 πρὶν
2557 2007 2822 2074 γενέσεως
2854 2010 3056 2074 αὑτῶν,
3086 2006 3130 2081 ᾧ
3166 2013 3231 2086 δὴ
3260 2019 3352 2071 καὶ
3381 2020 3618 2090 μάλιστα
3653 2042 3779 2078 παι-

2191 2091 2335 2144 δεύει
2370 2093 2459 2148 τὸν
2503 2096 2855 2168 κεκλημένον,
2903 2101 2985 2154 ὅτι
3033 2101 3166 2168 Θεὸς
3219 2106 3480 2178 ὑπάρχων
3525 2112 3780 2184 ἀληθινὸς

2191 2182 2472 2238 ἀδίδακτον
2503 2185 2612 2258 ἔχει
2644 2189 2742 2260 τὴν
2773 2191 2992 2259 γνῶσιν.
3023 2193 3195 2263 Λόγου
3247 2197 3354 2269 γὰρ
3382 2200 3520 2264 ὅλως
3564 2182 3781 2274 δεηθεὶς

2190 2271 2419 2337 οὐδενὸς,
2449 2273 2561 2326 ἀλλ’
2609 2277 2730 2330 οὐδὲ
2778 2278 3113 2351 ἐπιζητήσας
3151 2282 3342 2353 μαθεῖν
3389 2287 3493 2353 τίς,
3532 2289 3565 2361 ἢ
3609 2271 3779 2345 πόθεν

2188 2363 2313 2432 ἥκοι
2361 2365 2496 2435 πρὸς
2535 2366 2695 2421 αὑτὸν
2741 2369 2770 2421 6
2801 2369 2961 2441 ἀνὴρ,
3001 2373 3154 2424 ποίου
3197 2373 3296 2444 μέν
3338 2375 3502 2446 ἐξέφυ
3545 2382 3775 2455 πατρὸς,

2187 2455 2270 2518 τίς
2295 2455 2348 2508 δὲ
2383 2458 2476 2510 καὶ
2506 2458 2665 2522 αὑτὸς
2693 2459 3009 2530 ὀνομάζοιτο
3057 2465 3236 2534 λέγει,
3278 2470 3373 2522 καὶ
3418 2471 3638 2542 Σίμωνα
3673 2476 3776 2546 μὲν

2185 2547 2368 2599 οὑκέτι
2406 2549 2687 2604 καλεῖσθαι
2727 2557 3016 2625 συγχωρεῖ,
3064 2557 3498 2625 κατεξουσιάζων
3522 2563 3624 2635 ἤδη
3677 2569 3775 2621 καὶ

2185 2643 2567 2711 κατακρατῶν,
2614 2643 2690 2707 ὡς
2721 2647 3002 2714 γεγονότος
3053 2650 3288 2705 οἰκείουο
3339 2656 3680 2726 φερωνύμως
3712 2659 3774 2712 δὲ

2184 2730 2292 2783 ἀπὸ
2319 2736 2417 2802 τῆς
2447 2733 2650 2806 πέτρας
2697 2738 3047 2808 μετωνόμαζε
3091 2743 3329 2814 Πέτρον·
3365 2748 3453 2798 ἐπ’
3482 2748 3632 2819 αὑτῷ
3661 2753 3773 2822 γὰρ

2182 2821 2371 2893 ἔμελλε
2401 2825 2498 2897 τὴν
2528 2828 2691 2881 αὑτοῦ
2721 2830 3003 2900 θεμελιοῦν
3044 2835 3389 2905 Ἐκκλησίαν.

2258 2915 2338 2985 Τῇ
2365 2918 2651 2986 ἐπαύριον
2691 2921 2996 2990 ἠθέλησεν
3025 2925 3296 2990 ἐξελθεῖν
3325 2933 3411 2995 εἰς
3439 2931 3556 3000 τὴν
3591 2936 3770 2988 Γαλι-

2180 3007 2382 3072 λαίαν,
2419 3009 2518 3062 καὶ
2547 3011 2811 3078 εὑρίσκει
2849 3014 3169 3080 Φίλιππον.
3201 3019 3299 3072 καὶ
3348 3021 3510 3091 λέγει
3537 3023 3698 3088 αὑτῷ
3730 3025 3770 3079 δ

2107 3124 2152 3186 c
2195 3097 2448 3164 Ἰησοῦς,
2494 3101 2833 3158 Ἀκολούθει
2859 3123 2981 3174 μοι.
3017 3102 3125 3163 τΗν
3158 3108 3226 3161 δὲ
3251 3114 3285 3166 ὁ
3320 3113 3613 3183 Φίλιππος
3644 3117 3766 3172 ἀπὸ

2179 3188 2488 3254 Βηθσαϊδὰ
2530 3191 2600 3244 ἐκ
2650 3192 2762 3261 τῆς
2804 3196 3034 3262 πόλεως
3074 3199 3344 3267 Ἀνδρέου
3381 3203 3481 3256 καὶ
3510 3203 3761 3272 Πέτρου.

2253 3276 2590 3349 Ἰσογνωμῶν
2620 3285 2732 3346 τοῖς
2758 3284 3117 3354 προλαϐοῦσιν
3143 3291 3171 3341 ὁ
3205 3290 3492 3357 Φίλιππος,
3525 3295 3616 3348 καὶ
3644 3295 3765 3351 λίαν

2180 3367 2317 3439 ἔχων
2346 3371 2664 3441 ἐπιτηδείως
2692 3376 2771 3438 είς
2803 3376 3157 3449 ἀκολούθησιν
3185 3381 3278 3436 τοῦ
3309 3383 3569 3455 Χριστοῦ.
3607 3389 3762 3459 ᾜδει

2178 3459 2286 3531 γὰρ
2315 3462 2410 3514 καὶ
2456 3463 2617 3517 αὐτον
2669 3465 2923 3537 ἐσόμενον
2967 3469 3199 3538 ἀγαθόν’
3239 3474 3412 3528 διάτοι
3463 3477 3620 3532 τοῦτο
3667 3481 3762 3533 καί

2179 3569 2363 3623 φησιν·
2396 3573 2415 3606 ι
2466 3555 2768 3611 Ἀκολούθει
2801 3577 2912 3629 μοι,
2949 3579 2967 3613 ι
2999 3561 3285 3634 γνώρισμα
3329 3567 3428 3637 τῆς
3478 3569 3568 3624 ἐπ’
3613 3571 3761 3642 αὑτῷ

2177 3640 2397 3710 χάριτος
2437 3642 2497 3695 τὸ
2537 3644 2690 3715 ῥῆμα
2729 3647 2915 3711 τιθεὶς,
2957 3650 3052 3703 καὶ
3094 3652 3162 3704 δι’
3197 3647 3271 3706 ὧν
3311 3655 3536 3711 ἕπεσθαι
3590 3640 3759 3732 προσζ

2177 3733 2356 3787 τάττει
2383 3735 2663 3790 πολιτείαν
2691 3739 2836 3810 αὑτῷ
2862 3742 2960 3812 τὴν
2983 3744 3211 3813 ἀρίστην
3242 3749 3631 3822 ἐπιμαρτυρῶν
3650 3771 3664 3784 ·
3694 3753 3757 3807 οὑ

2175 3824 2283 3895 γὰρ
2315 3824 2380 3877 ἂν
2404 3825 2714 3893 ἐπελέξατο,
2746 3829 2820 3900 μὴ
2851 3831 2967 3901 οὑχὶ
2994 3833 3210 3896 πάντως
3236 3835 3363 3889 ὂντα
3393 3842 3646 3910 χρηστόν.

2196 3933 2200 3940 τ
2241 3915 2520 3982 Εὐρίσκει
2558 3917 2853 3984 Φίλιππος
2891 3921 2997 3972 τὸν
3044 3923 3392 3992 Ναθαναὴλ,
3439 3929 3538 3980 καὶ
3593 3929 3754 4000 λέγει

2171 4003 2352 4070 αὐτῷ·
2393 4008 2502 4060 Ὃν
2529 4008 2752 4078 ἔγραψε
2780 4010 3039 4079 Μωῦσῆς
3071 4013 3141 4067 ἐν
3181 4013 3263 4080 τῷ
3307 4018 3487 4085 νόμῳ,
3544 4018 3644 4071 καὶ
3699 4021 3753 4074 οι

2171 4097 2880 4170 προφῆται,,εὑρήκαμεν
2921 4104 3154 4172 Ἰησοῦν
3197 4108 3332 4161 υἱὸν
3382 4109 3596 4178 Ἰωσὴφ
3646 4109 3754 4164 τὸν

2169 4185 2288 4239 ἀπὸ
2326 4185 2608 4255 Ναζαρέτ.

2249 4276 2406 4342 Ὀξὺς
2452 4278 2516 4348 δὴ
2561 4279 2682 4332 λίαν
2719 4281 2748 4333 6
2802 4280 3048 4354 μαθητὴς
3098 4287 3178 4349 εἰς
3223 4289 3622 4360 καρποφορίαν,
3665 4291 3749 4343 ἵνα

2169 4369 2426 4438 φαίνηται
2450 4370 2542 4423 διὰ
2567 4372 2754 4424 τούτου
2799 4376 2912 4437 τοῖς
2959 4375 3288 4446 προλαϐοῦσι
3328 4381 3468 4434 κατὰ
3499 4382 3599 4451 τὴν
3623 4380 3747 4445 ἕξιν

490 4429 612 4469 esse
653 4416 953 4477 videretur.
984 4420 1194 4481 Invenit
1238 4430 1386 4488 enim
1415 4431 1744 4504 Nathanael,
1775 4457 1883 4499 non
1916 4459 2066 4507 certe

490 4519 620 4540 non"
657 4508 899 4540 nisini...“
959 4515 1052 4540 ...ηπ
1098 4519 1269 4540 μην.-
1318 4523 1483 4540 -.ηιμ
1697 4530 1730 4540 .,
1890 4535 1935 4540 --

2348 4416 2426 4423 ,ω
2453 4416 2541 4423 --η
2578 4416 2752 4424 ------
2810 4416 2908 4437 --.ς
2965 4416 2996 4427 ..
3038 4416 3288 4432 ww”-..
3331 4416 3468 4434 ω...
3510 4416 3598 4451 ..μ
3623 4416 3745 4445 mw

2179 4416 2476 4529 συγγενής·
2507 4461 2748 4530 εὑρίσκει
2772 4464 2881 4536 γὰρ
2918 4416 3033 4519 τὸνΓ
3059 4466 3372 4539 Ναθαναὴλ,
3417 4471 3515 4540 οὑχ
3561 4470 3745 4534 ἁπλῶς

488 4519 623 4562 casu
656 4508 923 4579 oblatum,
958 4515 1054 4570 sed
1097 4519 1275 4575 multo
1313 4523 1497 4579 studio
1542 4530 1855 4597 quaesitum.
1890 4535 2064 4596 Norat

489 4598 691 4668 quippe
741 4604 1211 4663 studiosissimum
1262 4612 1416 4668 illum
1463 4628 1587 4673 esse
1628 4634 1693 4674 ac
1724 4623 1884 4680 valde
1927 4643 2059 4704 eru-

488 4687 665 4743 ditum
694 4710 707 4745 :
739 4691 938 4750 deinde
966 4708 1157 4753 narrat
1193 4715 1253 4756 se
1277 4703 1560 4760 Christum
1594 4709 1872 4770 invenisse
1906 4701 2059 4778 illum

488 4795 588 4850 per
633 4796 823 4840 omnes
859 4785 1183 4859 Scripturas
1214 4793 1480 4852 divinitus
1519 4801 1922 4868 praedicatum:
1970 4826 2060 4868 ne-

487 4886 598 4941 que
622 4871 899 4932 hominem
930 4883 1188 4936 convenit
1221 4900 1413 4941 carum
1462 4891 1730 4960 nescium,
1761 4897 1857 4952 sed
1903 4899 2059 4971 signa

487 4978 610 5033 qua:
649 4969 761 5018 tam
810 4971 950 5038 apud
1012 4971 1248 5044 Moyscrn
1295 4994 1460 5048 quam
1510 4987 1807 5056 prophetas
1860 4969 2058 5050 litteris

485 5054 747 5109 mandata
802 5069 934 5113 sunt
986 5077 1111 5116 cum
1162 5066 1356 5133 primis
1412 5054 1694 5140 edoctum.
1746 5078 2060 5141 lnvaluerat

484 5155 667 5201 autem
706 5149 852 5216 apud
897 5149 1117 5208 Judaeos
1176 5154 1314 5213 falsa
1375 5159 1444 5215 de
1497 5162 1723 5220 Christo
1770 5166 2056 5228 Salvatore

484 5248 677 5294 nostro
716 5241 922 5310 opinio,
953 5258 1018 5297 ex
1045 5245 1244 5314 oppido
1273 5249 1533 5305 nimirum
1568 5263 1665 5308 aut
1709 5271 1849 5328 pago
1881 5258 2057 5317 Naza-

481 5330 603 5384 reth
641 5331 823 5402 ipsum
860 5330 998 5400 fore,
1034 5337 1290 5404 quamvis
1334 5338 1621 5410 Scriptura
1669 5345 1856 5403 divina
1888 5349 2054 5408 Beth-

481 5418 794 5478 lehemitam
824 5424 1005 5494 ipsum
1040 5437 1354 5498 nuncupet:
1386 5448 1405 5483 ι
1446 5431 1513 5487 Et
1557 5441 1614 5489 tu
1646 5437 1814 5504 enim,
1851 5441 2050 5515 inquit,

481 5518 626 5570 terra
659 5511 998 5588 Bethlehem,
1041 5519 1242 5579 domus
1268 5523 1523 5595 Ephrata,
1556 5544 1899 5603 nequaquam
1926 5511 2050 5596 uni;

551 5689 596 5721 “
625 5687 783 5748 Prov.
815 5710 893 5762 Ix,
922 5698 973 5752 9.
1068 5699 1115 5732 ⁸³
1149 5697 1342 5758 Matth.
1376 5718 1498 5770 xui,
1531 5704 1618 5773 «Η,
1645 5706 1715 5763 45
1744 5723 1896 5782 seqq-

2170 4547 2448 4619 ἐρχομένῳ
2499 4551 2840 4622 περιτυχὼν,
2894 4555 3030 4609 ἀλλά
3082 4557 3281 4629 πολλὴν
3329 4560 3418 4612 ἐπ’
3456 4560 3603 4631 αὑτῷ
3648 4561 3743 4632 τὴν

2168 4637 2394 4708 ζήτησιν
2427 4641 2810 4712 ποιησάμενος.
2848 4645 3004 4714 ’ᾙδει
3051 4647 3158 4718 γὰρ
3212 4648 3342 4702 ὄντα
3379 4649 3744 4718 φιλοπονώτα-

2165 4728 2256 4782 τὸν
2289 4747 2349 4782 τε
2378 4734 2469 4784 καί
2497 4733 2951 4802 φιλολογώτατον·
2986 4733 3105 4790 εἶτα
3137 4738 3282 4806 λέγει
3327 4740 3419 4793 τὸν
3444 4740 3532 4794 διὰ
3563 4743 3740 4812 πάσης

2165 4819 2562 4890 κηρυττόμενον
2609 4824 2708 4894 τῆς
2757 4823 2907 4889 θείας
2949 4828 3166 4898 Γραφῆς
3210 4829 3579 4901 ἁνηυρηκέναι
3605 4834 3737 4904 Χρι-

2161 4909 2306 4972 στὸν,
2343 4910 2439 4980 οὑχ
2489 4911 2562 4975 ὡς
2605 4914 2883 4982 ἀγνοοῦντι
2933 4918 3300 4988 προσομιλῶν,
3331 4921 3446 4973 ἀλλ’
3499 4922 3577 4985 ὼς
3621 4923 3738 4975 λίαν

2158 5001 2657 5074 ἐκπεπαιδευμένῳ,
2688 5005 2755 5059 τά
2794 5023 2855 5059 τε
2895 5007 2990 5060 τοῦ
3035 5009 3308 5079 πανσόφου
3353 5011 3616 5081 Μωσέως,
3645 5013 3738 5066 καὶ

2157 5087 2264 5142 τῶν
2308 5093 2602 5164 προφητῶν
2656 5096 2980 5166 μηνύματα·
3017 5097 3241 5152 ὑπόνοια
3285 5100 3341 5152 δέ
3387 5101 3488 5153 οὑκ
3531 5101 3734 5172 ἀληθὴς

2157 5180 2285 5251 περὶ
2337 5181 2432 5235 τοῦ
2482 5184 2733 5254 Σωτῆρος
2764 5186 2922 5258 ἡμῶν
2962 5183 3198 5253 Χριστοῦ
3254 5189 3404 5262 παρὰ
3450 5193 3568 5253 τοῖς
3606 5192 3734 5244 ’ῐου-

2157 5269 2326 5335 δαίοις
2351 5274 2592 5344 ἐκράτει,
2626 5275 2701 5339 ὡς
2729 5279 2792 5330 ἐκ
2825 5278 3052 5343 πόλεως,
3075 5279 3196 5349 ἤτοι
3241 5281 3433 5353 κώμης
3461 5281 3614 5336 ἔσται
3637 5284 3733 5354 τῆς

2156 5362 2430 5434 Ναζαρὲτ,
2466 5365 2640 5420 καίτοι
2666 5367 3035 5439 Βηθλεεμίτην
3064 5370 3246 5436 αὑτὸν,
3277 5372 3400 5424 ὅσον
3428 5375 3508 5436 είς
3545 5372 3734 5427 τοῦτον

2157 5453 2276 5525 ηκει
2304 5454 2396 5509 τὸν
2442 5455 2615 5525 λόγον,
2640 5459 2742 5530 τῆς
2789 5459 2939 5523 θείας
2980 5460 3241 5566 λεγῗύσης
3283 5462 3598 5566 [piem-ﬁ:
3625 5460 3734 5566 Ka'i

2152 5545 2216 5599 σὺ
2245 5546 2372 5619 γὰρ,
2409 5549 2591 5619 φησὶν,
2627 5549 2698 5621 γῆ
2744 5551 3010 5623 Βηθλεὲμ,
3049 5548 3195 5617 οἶκος
3229 5550 3323 5607 τοῦ
3356 5552 3630 5624 Ἐφραθᾶς’
3654 5551 3734 5625 μὴ
