4090 6266
352 397 483 461 221⁶

1430 395 1498 452 IN
1535 394 1825 451 JOANNIS
1861 387 2317 453 EVANGELIUM
2354 386 2487 443 LIB.
2527 383 2594 440 11.

3504 373 3616 427 292

352 523 634 594 ὀλιγοστὸς
659 516 823 577 εἷτοῦ
851 515 989 572 εἶναι
1020 519 1078 572 ὲν
1105 517 1338 590 χιλιάσιν
1366 515 1560 581 Ἰούδα,
1599 518 1664 569 ἐκ
1705 514 1799 568 σοῦ
1844 530 1934 585 μοι

2044 508 2189 564 nima
2214 510 2281 565 es
2323 516 2384 563 ut
2412 507 2491 563 sis
2530 505 2587 559 in
2616 500 2860 558 millibus
2886 497 3030 555 Juda
3057 511 3072 550 :
3107 510 3176 552 ex
3204 500 3259 549 te
3289 492 3436 550 enim
3469 507 3617 563 egre-

355 613 705 680 ὲξελεύσεται
732 608 825 663 τοῦ
856 605 993 662 εἶναι
1015 609 1095 671 εἰς
1123 607 1355 678 ἄρχοντα
1389 609 1447 661 ἐν
1469 608 1546 678 τῷ
1578 606 1813 679 Ἰσραὴλ,
1840 606 1935 659 καὶ

359 704 535 772 ἔξοδοι
564 702 750 765 αὐτοῦ,
778 701 873 756 ἀπ’
916 699 1090 771 ἀρχῆς
1137 698 1199 763 ἐξ
1245 698 1468 770 ἡμερῶν
1509 697 1723 761 αἰῶνος.
1759 716 1781 748 ι
1817 697 1936 751 Ἀν-

358 796 573 868 ετράφη
618 794 714 864 μὲν
755 791 864 862 γάρ
906 792 984 853 εἰς
1026 789 1301 860 Ναζαρὲτ,
1342 789 1418 852 ὤς
1447 806 1549 842 που
1588 790 1679 842 καὶ
1712 788 1872 851 αὐτὸς
1906 789 1936 843 ὁ

360 884 751 955 εὐαγγελιστὴς
783 880 1182 953 διεμαρτύρατο
1218 879 1392 948 λέγων
1415 897 1426 909 ·
1464 898 1483 930 ι
1516 880 1627 933 Καὶ
1653 875 1815 950 ἦλθον
1857 881 1937 942 είς
1964 886 1967 889 ’

361 979 629 1049 Ναζαρὲτ,
661 995 682 1030 ι
712 968 772 1029 οὗ
800 970 869 1045 ἦν
897 969 1404 1044 ἀνατεθραμμένοςο
1436 967 1505 1042 ἦν
1546 971 1603 1024 δὲ
1652 973 1752 1025 οὐκ
1791 973 1932 1025 ὲκεῖο

357 1066 469 1151 θεν,
493 1066 609 1121 ἀλλ’
640 1065 762 1120 ὅθεν
795 1065 897 1135 ἠδη
924 1064 1279 1136 προείπομεν,
1304 1062 1502 1133 μᾶλλον
1541 1062 1598 1116 δὲ
1643 1062 1719 1124 ὡς
1768 1063 1803 1131 ή
1841 1058 1934 1113 τοῦ

357 1159 637 1229 προφήτου
688 1156 1057 1227 διισχυρίσατο
1111 1154 1283 1226 φωνή.
1320 1152 1712 1222 Ἀκολουθήσας
1757 1150 1938 1207 τοίνυν

354 1252 386 1302 ὁ
413 1249 678 1311 Φίλιππος
709 1250 777 1319 τῇ
809 1246 921 1301 τῶν
953 1243 1223 1299 Ἰουδαίων
1247 1244 1471 1316 ὑπονοίᾳ
1502 1244 1687 1313 φησίν⁶

427 1339 533 1393 Ἐκ
561 1336 824 1405 Nullmst
851 1335 1103 1390 δύναταί
1140 1353 1195 1389 τι
1222 1334 1448 1405 ἀγαθὸν
1476 1331 1625 1389 εἷναι
1648 1351 1671 1401 ;

428 1427 788 1497 Συνομολογεϊ
826 1426 1130 1497 προχείρως
1156 1427 1185 1478 ὁ
1216 1425 1526 1498 Ναθαναὴλ,
1552 1425 1633 1478 ὅτι
1685 1423 1830 1494 μέγα
1871 1423 1937 1494 δη

357 1535 414 1572 τι
448 1519 544 1572 καὶ
575 1517 860 1571 κάλλιστον
894 1519 978 1587 εῐη
1010 1516 1071 1570 τὸ
1100 1517 1163 1570 ὲκ
1201 1517 1298 1587 τῆς
1340 1515 1593 1588 Ναζαρὲτ
1622 1513 1940 1585 ἀναδειχθήο

365 1608 555 1662 σεσθαι
575 1606 1040 1678 προσδοκώμενον.
1061 1607 1228 1677 Δῆλον
1254 1607 1312 1661 δὲ
1336 1607 1507 1678 δήπου
1534 1606 1748 1669 πάντως
1772 1606 1938 1669 ἐστιν,

363 1697 441 1760 ὡς
467 1697 528 1749 οὐ
559 1696 717 1767 μόνον
743 1695 953 1764 ἐδέχετο
979 1693 1114 1764 πρὸς
1145 1695 1325 1747 πίστιν
1349 1693 1444 1747 τοῦ
1489 1692 1818 1764 ζητουμένου
1842 1690 1942 1761 τὴν

365 1786 645 1859 Ναζαρὲτ,
677 1785 789 1839 ἀλλ’
829 1787 893 1839 ἐκ
936 1785 1123 1855 νόμου,
1155 1784 1249 1838 καὶ
1282 1781 1572 1856 προφητῶν
1611 1783 1708 1855 τὴν
1739 1782 1938 1852 γνῶσιν

366 1876 770 1983 ἐρανιζόμενος,
807 1877 1027 1947 ταχεῖαν
1068 1875 1144 1938 ὡς
1188 1874 1505 1946 πολυμαθὴς
1562 1875 1794 1927 ἐποιεῖτο
1836 1869 1940 1941 τὴν

367 1983 401 2019 σ
407 1984 494 2020 υνε
501 1983 607 2022 σιν.

434 2057 608 2127 Λέγει
630 2056 790 2122 αὐτῷ
820 2057 1118 2120 Φίλιππος
1137 2071 1151 2085 ·
1183 2057 1401 2125 Ἔρχου
1425 2055 1522 2110 καὶ
1555 2054 1664 2110 ἴδε.

446 2147 694 2218 Ἀρκέσει
727 2144 863 2216 πρὸς
891 2144 1072 2197 πίστιν
1100 2145 1133 2215 ἡ
1180 2143 1297 2208 θέα,
1330 2145 1515 2216 φησὶν,
1543 2145 1636 2198 καὶ
1670 2145 1831 2216 μόνον
1858 2147 1939 2211 είς

360 2239 553 2307 λόγους
578 2236 746 2290 ἐλθὼν
773 2232 1224 2306 συνομολογήσεις
1250 2235 1593 2306 γοργότερον,
1637 2237 1734 2289 καὶ
1784 2237 1940 2291 ἀνεν-

359 2331 622 2392 δοιάστως
651 2330 793 2398 ἐρεῖς
823 2329 986 2382 αὑτὸν
1019 2328 1186 2391 ὅντως
1214 2328 1478 2398 ὑπάρχειν
1514 2327 1605 2381 τὸν
1632 2327 1941 2397 προσδοκώ-

366 2437 546 2491 μενον.
592 2418 718 2490 Χρὴ
758 2418 815 2472 δὲ
861 2417 1137 2472 πιστεύειν
1163 2418 1331 2489 ἡμᾶς,
1355 2418 1439 2471 ὅτι
1478 2435 1582 2489 περ
1612 2412 1682 2489 ἦν
1710 2417 1830 2472 θεία
1854 2434 1940 2482 τις

362 2511 459 2565 καλ⁵
509 2511 746 2582 ἀρῤητος
788 2510 970 2581 χάρις,
1021 2512 1134 2574 τοῖς
1175 2508 1268 2562 τοῦ
1303 2509 1552 2580 Σωτῆρος
1593 2508 1771 2578 λόγοις
1817 2527 1943 2564 συν-

362 2599 716 2671 εκτρὲχουσα,
750 2599 847 2654 καὶ
884 2598 985 2663 τὰς
1013 2598 1120 2653 τῶν
1159 2597 1523 2669 ἀκροωμένων
1557 2597 1736 2669 ψυχὰς
1772 2614 1944 2652 κατα-

365 2691 650 2761 θέλγουσα.
687 2689 843 2744 Οὕτω
882 2690 992 2758 γὰρ
1019 2690 1345 2761 γέγραπται,
1373 2690 1455 2743 ὅτι
1492 2707 1511 2741 ι
1547 2691 1753 2753 Πάντες
1780 2689 1942 2743 ἐθαύ-

369 2783 534 2853 μαζον
567 2784 659 2837 ἐπὶ
692 2785 805 2846 τοῖς
835 2782 1015 2851 λόγοις
1039 2785 1137 2853 τῆς
1160 2780 1380 2851 χάριτος
1429 2782 1541 2845 τοῖς
1582 2780 1944 2853 ἐκπορευομέ-

366 2892 476 2939 νοις
520 2874 628 2930 ἀπὺ
662 2873 755 2928 τοῦ
796 2875 1064 2945 στόματος
1103 2870 1300 2927 αὐτοῦ·
1349 2890 1369 2925 s
1403 2871 1479 2935 ὠς
1510 2871 1619 2943 γὰρ
1665 2869 1891 2942 ἐνεργὴς
1913 2870 1943 2921 ὁ

368 2967 523 3036 λόγος
553 2969 633 3031 εἰς
659 2965 908 3035 δύναμιν,
950 2963 1093 3020 οὕτω
1126 2962 1217 3017 καὶ
1264 2964 1347 3027 είς
1384 2962 1447 3016 τὸ
1482 2960 1688 3015 πείθειν
1725 2957 1793 3032 ἦν
1826 2962 1945 3015 ἱκα-

371 3058 483 3122 νός.

2036 600 2219 657 dietur
2276 597 2388 652 dux
2433 594 2529 665 qui
2581 598 2734 662 regat
2776 588 3044 661 p0pulum
3095 598 3278 640 meum
3318 580 3508 646 Israel,
3559 588 3616 635 et

2036 689 2299 759 egressus
2324 685 2451 755 ejus
2483 698 2548 738 ex
2578 681 2771 737 diebus
2798 677 2988 734 saeculi
3012 675 3078 730 “.
3105 693 3123 728 ι
3158 673 3437 729 Educatus
3466 670 3612 727 enim

2035 776 2208 839 est'in
2236 775 2535 840 Nazareth,
2560 780 2621 828 ut
2649 769 2853 827 alicubi
2885 774 3123 825 testatus
3149 772 3231 820 est
3255 760 3611 831 evangelista,

2036 854 2125 951 his
2160 871 2343 928 verbis
2373 887 2387 924 :
2421 886 2440 921 ι
2477 865 2546 921 Ει
2598 869 2871 921 venerunt
2922 860 2981 915 in
3028 854 3301 912 Nazareth
3335 852 3380 885 ⁸³
3418 871 3464 917 ι,
3493 849 3612 905 ~uhi

2036 948 2159 1023 erat
2189 960 2455 1025 nutritus;
2502 955 2599 1013 sed
2636 953 2765 1009 inde
2793 948 3064 1007 oriundus
3101 960 3211 1002 non
3241 952 3381 1010 erat,
3421 956 3613 997 verum

2035 1070 2103 1111 ex
2138 1066 2207 1108 eo
2241 1052 2367 1106 loco
2394 1063 2555 1119 quem
2603 1044 2717 1115 jam
2754 1042 3018 1106 diximus,
3052 1037 3162 1093 imo
3201 1035 3297 1106 qui
3333 1047 3469 1087 voce
3497 1045 3619 1100 pro-

2036 1145 2218 1218 pheta
2260 1141 2621 1206 conﬁrmatus
2652 1141 2760 1191 est.
2806 1131 3094 1201 Philippus
3130 1140 3262 1198 ergo
3298 1121 3614 1180 Judaeorum

2036 1235 2356 1307 opinionem
2385 1235 2613 1286 secutus
2641 1227 2716 1280 ait
2749 1243 2765 1279 :
3420 1251 3433 1264 .

2180 1323 2224 1389 Ι,
2248 1319 2338 1375 46.
2371 1319 2415 1373 Α
2444 1316 2499 1372 Ν
2503 1317 2717 1371 asareth
2743 1321 2913 1385 potest
2940 1308 3143 1383 aliquid
3173 1307 3294 1361 boni
3320 1320 3432 1359 esse
3450 1304 3477 1358 2

2108 1387 2415 1468 Confestim
2454 1406 2755 1464 assentitur
2790 1400 3093 1457 Nathanael
3149 1409 3408 1467 magnum
3449 1387 3611 1460 quid-

2039 1504 2188 1577 piam
2212 1512 2267 1558 et
2303 1498 2567 1556 eximium
2603 1511 2729 1553 esse
2759 1492 2815 1548 id
2855 1488 3001 1562 quod
3035 1504 3102 1544 ex
3124 1482 3392 1541 Nazareth
3433 1478 3612 1551 prodi-

2042 1568 2227 1651 turum
2262 1589 2711 1662 exspectabatur.
2749 1585 2972 1641 Certum
3010 1584 3096 1635 est
3125 1584 3308 1632 autem
3357 1570 3506 1644 quod
3545 1568 3615 1623 ad

2042 1683 2387 1759 probandum
2426 1681 2481 1736 id
2509 1677 2657 1751 quod
2691 1673 3047 1746 quaerebatur
3081 1685 3192 1724 non
3219 1662 3493 1731 Nazareth
3525 1674 3615 1717 so-

2044 1753 2157 1831 lum
2198 1770 2404 1836 attulit,
2431 1783 2620 1826 verum
2666 1765 2830 1822 etiam
2870 1778 2937 1818 ex
2965 1760 3082 1831 lege
3130 1766 3185 1812 et
3217 1753 3519 1826 prophetis,
3554 1756 3616 1803 ut

2046 1868 2140 1940 qui
2190 1863 2373 1920 multae
2420 1858 2679 1916 lectionis
2727 1851 3263 1923 erat,coguitiouem
3311 1844 3612 1907 hauriens,

2039 1962 2149 2018 cito
2176 1959 2301 2030 ejus
2336 1950 2757 2023 intelligentiam
2798 1951 3088 2004 assecutus
3120 1948 3229 1999 est.

2249 2049 2290 2115 1,
2312 2047 2405 2103 46.
2439 2044 2584 2100 Dicit
2614 2043 2663 2098 ei
2688 2040 3003 2107 Philippus:
3026 2032 3156 2088 Veni
3187 2040 3237 2086 et
3265 2026 3402 2083 vide.

2111 2136 2356 2195 Sulliciet
2384 2132 2454 2189 ad
2485 2128 2845 2195 credendum,
2871 2123 3072 2196 inquit,
3089 2120 3179 2178 vel
3207 2125 3510 2190 spectasse,
3533 2119 3613 2177 et,

2039 2231 2087 2290 si
2121 2245 2247 2286 cum
2292 2242 2359 2284 eo
2405 2235 2720 2281 sermonem
2760 2218 3030 2274 duntaxat
3061 2206 3391 2271 contuleris,
3437 2202 3617 2273 magis

2039 2318 2380 2384 consenties,
2421 2330 2486 2371 ac
2536 2326 2751 2369 mecum
2798 2306 3109 2363 indubitate
3143 2297 3406 2356 fateberis
3434 2295 3613 2366 ipsum

2038 2428 2165 2471 esse
2194 2424 2384 2467 revera
2422 2405 2516 2478 qui
2543 2408 2909 2475 exspectatur.
2934 2396 3110 2452 Porro
3141 2388 3478 2449 credendum
3507 2390 3612 2445 est,

2039 2504 2283 2562 divinam
2307 2476 2603 2573 quamdam
2621 2502 2676 2551 et
2692 2489 3023 2549 inell‘abilem
3046 2485 3277 2558 gratiam
3296 2481 3352 2535 in
3372 2476 3618 2573 Salvato-

2040 2598 2120 2653 ris
2148 2562 2406 2651 sermone
2427 2603 2490 2645 ac
2518 2585 2703 2644 verbis
2733 2583 2907 2641 fuisse
2929 2592 3039 2650 qua
3055 2574 3418 2632 deliuirentur
3457 2562 3615 2635 133

2038 2686 2206 2743 etiam
2260 2681 2571 2736 auditorum
2600 2675 2790 2731 animi.
2842 2672 2937 2727 Sic
2978 2668 3124 2725 enim
3178 2663 3450 2733 scriptum
3507 2661 3613 2719 est,

2041 2776 2214 2847 quia:
2261 2790 2281 2825 ι
2318 2770 2522 2828 Omnes
2563 2766 2911 2821 mirabantur
2938 2760 2995 2814 in
3026 2756 3211 2813 verbis
3251 2750 3459 2825 gratiae,
3495 2759 3621 2817 qua

2042 2841 2418 2942 procedebant
2444 2864 2513 2919 de
2542 2876 2638 2917 ore
2666 2857 2927 2929 ipsius“.
2967 2873 2987 2907 ι
3019 2852 3089 2909 Ut
3114 2849 3261 2905 enim
3292 2846 3412 2915 ejus
3439 2841 3621 2898 oratio

2042 2961 2231 3018 efficax
2272 2964 2392 3014 erat
2433 2954 2501 3009 ad
2530 2951 2825 3025 agendum,
2856 2949 2941 3003 sic
2972 2943 3143 3000 etiam
3173 2937 3241 2994 ad
3276 2932 3618 3006 persuaden—

2044 3053 2174 3108 dum
2205 3057 2326 3105 erat
2355 3047 2574 3102 idonea.

441 3114 621 3201 ὶζῖδεν
644 3147 676 3199 ὀ
706 3143 937 3214 Ἰησοῦς
959 3141 1067 3197 τὸν
1090 3139 1416 3206 Ναθαναὴλ
1447 3139 1772 3208 ἐρχόμενον
1795 3137 1944 3205 πρὸς

2116 3140 2159 3204 Ι,
2193 3139 2283 3196 47.
2329 3135 2472 3191 Vidit
2507 3133 2665 3188 Jesus
2700 3126 3007 3185 Nat/ranae!
3043 3123 3329 3184 venientem
3359 3114 3428 3172 ad
3464 3128 3541 3180 se,
3569 3121 3618 3164 et

370 3234 577 3302 αὐτὸν,
604 3232 701 3287 καί
722 3233 881 3302 λέγει
907 3222 1048 3300 περί
1070 3229 1258 3287 αὐτοῦ
1283 3246 1297 3260 ο
1327 3229 1441 3283 Ἴδε
1455 3227 1686 3297 ἀληθὴς
1722 3228 1941 3297 Ἰσραη-

371 3324 574 3394 λίτης,
613 3325 682 3379 ἐν
716 3318 766 3391 ᾧ
800 3324 980 3391 δόλος
1017 3323 1129 3377 οὐκ
1161 3322 1351 3376 ἐστιν.

443 3416 609 3471 Οὔπω
652 3416 751 3487 τὴν
794 3415 882 3469 διὰ
943 3413 1183 3485 σημείων
1236 3409 1592 3481 ἐπιτηδεύσας
1646 3408 1942 3474 ἐπίδειξιν,

373 3507 543 3579 ἑτέρῳ
567 3506 752 3578 τρόπῳ
793 3505 1025 3577 Χριστὸς
1072 3502 1196 3566 τούς
1242 3519 1299 3554 τε
1351 3500 1585 3563 οἰκείους
1634 3498 1946 3553 ἀναπείθειν

370 3600 623 3670 ἐπειρᾶτο
658 3596 924 3668 μαθητὰς,
949 3595 1044 3649 καὶ
1070 3596 1194 3655 τοὺς
1222 3593 1335 3645 ὅσοι
1368 3608 1473 3662 περ
1493 3587 1632 3662 ἦσαν
1661 3588 1769 3643 τῶν
1796 3587 1945 3659 αὖτῷ

371 3690 701 3761 προσιόντων
728 3688 1151 3759 νουνεχέστεροι,
1186 3685 1261 3750 ὡς
1290 3685 1375 3755 εἴη
1413 3683 1510 3755 μὲν
1540 3682 1701 3745 αὐτὸς
1746 3682 1775 3736 ὁ
1805 3680 1947 3735 κατά

372 3781 531 3850 φύσιν
578 3781 705 3846 Υἲὺς
735 3781 830 3836 καὶ
868 3780 1028 3844 Θεὸς,
1077 3778 1201 3849 ipsos
1245 3775 1302 3829 δὲ
1342 3776 1441 3845 τῆς
1490 3774 1741 3845 ἁπάντων
1786 3772 1947 3825 ἓνεκα

372 3873 644 3945 σωτηρίας
692 3874 750 3925 ὲν
791 3868 1107 3942 ἀνθρωπεία
1158 3869 1361 3939 μορφῇ.
1413 3865 1512 3928 Τίς
1550 3860 1643 3919 οὖν
1680 3867 1709 3919 ὁ
1749 3866 1948 3936 τρόπος

369 3966 399 4018 ὁ
440 3964 578 4037 πρὸς
625 3959 1189 4030 πίστιν’ὲπαγωγός;
1236 3959 1299 4012 Ἦ
1351 3957 1659 4028 θεοπρεπὴς
1708 3955 1948 4026 δηλονότι

370 4055 589 4119 γνῶσις.
614 4053 687 4106 Τὸ
715 4052 1037 4122 γάρείδέναι
1068 4050 1138 4104 τὰ
1166 4049 1362 4115 πάντα,
1397 4048 1540 4118 μόνῳ
1567 4046 1763 4119 πρέπει
1796 4046 1913 4116 Θεῷ
1932 4062 1945 4076 ·

373 4145 696 4215 ἀποδέχεται
739 4142 1025 4214 τοιγαροῦν
1056 4142 1147 4195 τὸν
1187 4139 1497 4211 Ναθαναὴλ,
1543 4139 1603 4191 οὐ
1645 4138 1951 4202 κολακείαις

376 4235 641 4307 ἁρπάζων
684 4235 764 4297 εἰς
796 4233 1053 4300 διάθεσιν,
1082 4233 1194 4288 ἀλλ’
1240 4232 1300 4299 ἐξ
1335 4227 1409 4288 ὧν
1447 4231 1594 4302 αὐτῷ
1628 4229 1838 4301 συνῄδει
1864 4247 1951 4285 πια-

378 4325 696 4395 στούμενος,
721 4325 803 4376 ὃτι
840 4323 1095 4392 γινώσκει
1118 4324 1361 4396 καρδίας,
1389 4323 1462 4387 ὡς
1489 4323 1644 4385 Θεός.

448 4415 620 4485 Λέγει
651 4414 810 4479 αὐτῷ
837 4414 1188 4482 Nudas-mict-
1222 4416 1412 4469 Πόθεν
1438 4431 1514 4485 με
1543 4411 1895 4484 γινώσκειςέ

2042 3232 2172 3288 dicit
2201 3230 2264 3284 de
2295 3243 2356 3285 eo
2390 3242 2409 3282 :
2443 3225 2578 3281 Ecce
2616 3239 2732 3280 uere
2766 3218 3055 3288 Israelita,
3090 3216 3147 3269 in
3178 3228 3279 3284 quo
3318 3207 3473 3263 dolus
3514 3219 3618 3258 non

2042 3333 2143 3380 est.
3048 3354 3057 3363 .

2115 3419 2251 3475 Cum
2302 3413 2548 3471 nondum
2602 3406 2776 3478 signis
2820 3411 2877 3460 et
2924 3395 3210 3455 miraculis
3262 3405 3322 3447 se
3366 3386 3623 3444 Christus

2047 3507 2479 3569 manifestasset,
2503 3499 2611 3555 alio
2637 3495 2801 3553 modo
2823 3488 3159 3563 persuadere
3186 3482 3466 3540 nitebatur
3490 3488 3621 3532 suos

2045 3598 2373 3669 discipulos,
2396 3604 2453 3651 et
2492 3593 2763 3663 quotquot
2796 3599 2862 3639 ex
2913 3582 3000 3638 eis
3033 3584 3194 3635 erant
3234 3570 3532 3632 acutiores,
3563 3580 3624 3619 se

2047 3692 2304 3749 nimirum
2325 3701 2448 3745 esse
2471 3683 2672 3739 Filium
2703 3674 3013 3735 secundum
3035 3676 3312 3728 naturam,
3341 3678 3406 3716 ac
3428 3658 3622 3719 Deum,

2047 3793 2103 3839 ct
2140 3797 2239 3853 pro
2262 3779 2508 3836 omnium
2540 3774 2723 3830 salute
2761 3770 2818 3824 in
2866 3766 3103 3821 humana
3152 3758 3329 3813 forma
3387 3749 3621 3807 venisse.

2048 3837 2311 3941 Quaenam
2333 3871 2500 3940 igitur
2523 3875 2607 3924 est
2634 3864 2725 3918 illa
2752 3859 2891 3915 ratio
2922 3870 3045 3928 qua:
3086 3850 3155 3907 ad
3177 3848 3333 3905 ﬁdem
3363 3837 3627 3939 adducit?

2048 3963 2305 4036 Cognitio
2341 3961 2451 4015 Deo
2495 3954 2853 4013 conveniens.
2901 3945 3097 4004 Omnia
3129 3941 3286 3997 enim
3333 3948 3497 3990 nosse
3530 3927 3625 3984 uni

2049 4031 2161 4112 Deo
2182 4051 2459 4109 convenit.
2486 4046 2704 4116 Excipit
2724 4056 2856 4112 ergo
2876 4031 3292 4094 Nathanaelem,
3314 4040 3423 4081 non
3444 4034 3628 4077 assen-

2052 4145 2375 4204 tatiunculis
2419 4156 2546 4198 eum
2601 4138 2708 4194 sibi
2758 4132 3091 4191 concilians,
3125 4124 3221 4182 sed
3251 4113 3523 4188 expositis
3554 4110 3626 4166 iis

2051 4252 2285 4310 quorum
2336 4232 2596 4289 conscius
2636 4234 2776 4291 erat,
2815 4223 3099 4279 hominum
3132 4213 3303 4271 corda
3341 4223 3450 4280 qua
3482 4204 3627 4259 Deus

2053 4339 2137 4388 cst
2169 4346 2228 4385 se
2254 4342 2420 4383 nosse
2446 4322 2800 4380 conﬁrmans.

2124 4422 2168 4486 Ι,
2204 4421 2294 4475 48.
2341 4416 2480 4471 Dicit
2512 4415 2560 4468 ei
2593 4403 2904 4464 Natltauael
2937 4418 2953 4458 :
2989 4397 3136 4454 Unde
3169 4410 3251 4449 me
3277 4390 3460 4446 nosti?

453 4475 714 4578 Ἀρχεται
760 4475 1058 4576 θαυμάζειν
1101 4475 1146 4559 ’ὁ
1191 4475 1513 4577 Ναθαναήλ,
1552 4475 1659 4558 ’καὶ
1711 4475 1945 4557 καλεῖται

2124 4475 2427 4566 i‘l’atlianaei
2465 4503 2653 4560 mirari
2682 4497 2893 4567 incipit,
2942 4499 2997 4549 et
3047 4489 3116 4544 ad
3157 4484 3469 4544 firmitatcm
3503 4475 3627 4531 ﬁdt-i

376 4600 517 4672 πρὸς
562 4597 745 4651 πίστιν
793 4597 893 4669 ἤδη
943 4596 1163 4667 βεϐαίαν
1187 4612 1202 4626 ⁸
1232 4596 1312 4649 ἔτι
1349 4596 1404 4649 δὲ
1456 4595 1743 4665 μανθάνειν
1793 4594 1952 4661 ἀξιοῖ,

380 4692 541 4746 πόθεν
571 4690 637 4745 ἂν
673 4690 786 4762 ἔχοι
817 4689 927 4745 τῶν
975 4688 1095 4742 κατ’
1131 4688 1292 4742 αὑτὸν
1321 4687 1418 4759 τὴν
1459 4688 1676 4755 γνῶσιν*
1709 4688 1955 4760 ἀκριϐεῖς

380 4784 487 4856 γὰρ
541 4783 659 4836 λίαν
713 4783 769 4840 αι
804 4779 1125 4852 φιλομαθεῖς
1159 4779 1253 4833 καὶ
1298 4776 1530 4846 φιλόθεοι
1573 4777 1759 4849 ψυχαί.
1800 4779 1956 4832 ’Υποο

379 4877 488 4929 νοεῖ
531 4875 589 4927 δὲ
631 4874 760 4938 ἴσως
806 4871 910 4926 ὑπὸ
943 4871 1209 4925 Φιλίππου
1251 4870 1317 4924 τὰ
1352 4871 1468 4924 κατ’
1492 4869 1652 4925 αὑτὸν
1688 4869 1954 4939 δεδεῖχθαι

380 4965 458 5035 τῷ
486 4964 692 5035 Κυρίῳ,
1175 4950 1180 4957 ’

466 5056 774 5124 Ἀπεκρίθη
807 5053 1175 5125 Ἰησοῦς,καί
1204 5050 1374 5109 εἶπεν
1391 5055 1577 5120 αὐτῷ·
1611 5056 1727 5124 Πρό
1744 5055 1851 5110 τοῦ
1880 5067 1957 5108 σε

382 5145 685 5199 Φίλιππον
703 5146 994 5215 φωνῆσαι,
1024 5146 1170 5202 ὄντα
1190 5146 1306 5201 ὑπὸ
1327 5146 1442 5214 τὴν
1460 5144 1664 5215 συκῆν
1676 5144 1839 5202 εἶδόν
1859 5162 1955 5203 σε.

459 5233 690 5288 Ἐλυσεν
724 5234 870 5305 αὐτῷ
892 5236 989 5306 τὴν
1019 5236 1272 5295 ὑπόνοιαν
1307 5238 1336 5289 ὁ
1370 5236 1581 5306 Σωτὴρ,
1609 5237 1703 5290 καὶ
1729 5237 1835 5308 πρὸ
1857 5236 1958 5308 τῆς

382 5323 475 5377 τοῦ
502 5322 770 5385 Φιλίππου
804 5324 1130 5391 ωντεύξεώς
1167 5343 1227 5383 τε
1266 5325 1359 5380 καὶ
1402 5325 1620 5394 ὁμιλίας
1657 5325 1959 5397 ἑωρακέναι

383 5416 554 5486 λέγων
584 5416 750 5470 αὐτὸν
782 5415 887 5469 ὑπὸ
918 5415 1105 5486 συκῆν,
1150 5416 1324 5469 καίτοι
1372 5414 1446 5485 μὴ
1494 5413 1684 5485 παρὼν
1734 5415 1812 5485 τῷ
1855 5414 1960 5469 σώ-

385 5524 537 5577 ιιατι.
572 5507 876 5581 Χρησίμως
905 5523 968 5559 τε
1002 5505 1205 5575 σφόδρα
1233 5504 1327 5558 καὶ
1355 5505 1387 5576 ή
1416 5507 1575 5576 συκῆ,
1610 5505 1706 5560 καὶ
1736 5507 1765 5559 ὁ
1794 5507 1956 5571 τόπος

384 5597 726 5674 ὀνομάζεται,
752 5598 851 5672 τὴν
889 5597 982 5652 τοῦ
1028 5596 1396 5669 τεθεωρῆσθαι
1441 5597 1623 5661 πίστιν
1666 5596 1826 5651 αὐτὸν
1862 5599 1957 5666 ὲγ-

459 5781 503 5815 “
530 5782 691 5838 Mich.
723 5801 776 5848 v,
810 5785 863 5838 ﬂ.
959 5784 1002 5817 ⁸⁸
1035 5783 1165 5838 an.
1204 5798 1266 5851 tt,
1295 5784 1383 5840 5|.
1495 5783 1541 5818 “
1576 5781 1709 5838 Luc.
1747 5793 1821 5849 tv,
1858 5776 1954 5834 ‘29.

2052 4605 2162 4675 jam
2189 4609 2441 4665 vocatur,
2472 4596 2571 4652 sed
2601 4594 2905 4650 etiamnum
2930 4585 3323 4656 percunctatur
3356 4572 3626 4630 undenatn

2054 4695 2234 4764 ipsum
2281 4689 2537 4745 Christus
2570 4691 2777 4741 nosset.
2823 4681 3106 4734 Accuratae
3136 4669 3284 4727 enim
3338 4664 3452 4720 fere
3499 4669 3629 4717 sunt

2053 4785 2314 4841 studiosa:
2373 4795 2438 4835 ac
2484 4778 2583 4833 Dei
2636 4782 2886 4830 amantes
2913 4769 3128 4824 animm.
3183 4761 3394 4816 Forsan
3446 4759 3629 4810 autem

2053 4875 2368 4945 suspicatur
2403 4885 2462 4926 se
2488 4866 2723 4937 Philippi
2756 4857 2921 4934 opera
2959 4856 3190 4912 Domino
3228 4847 3560 4906 innotuissc.

2129 5050 2172 5114 Ι,
2203 5047 2295 5103 48.
2341 5044 2619 5115 Respondit
2646 5042 2823 5106 Iesus,
2858 5048 2908 5096 et
2951 5038 3085 5092 dixit
3114 5034 3162 5091 ei
3186 5049 3205 5088 :
3232 5031 3552 5099 Priusquam
3580 5030 3632 5077 te

2060 5138 2342 5209 Philippus
2378 5145 2607 5201 vacaret,
2629 5151 2748 5190 cum
2774 5148 2911 5187 esses
2942 5128 3037 5184 sub
3068 5128 3195 5197 ﬁcu,
3223 5122 3327 5178 ridi
3351 5132 3422 5175 te.

2135 5231 2312 5286 Solvit
2349 5230 2472 5299 ejus
2524 5227 2895 5298 suspicionem
2945 5220 3227 5279 Servator,
3261 5213 3391 5266 dum
3449 5204 3524 5257 ait
3573 5213 3632 5254 se

2062 5336 2186 5378 eum
2218 5321 2324 5377 sub
2353 5322 2457 5375 licu
2478 5320 2682 5375 vidisse
2704 5312 2921 5370 tametsi
2952 5323 3181 5380 corpore
3214 5303 3423 5359 aberat.
3450 5291 3632 5361 Prius‘

2063 5428 2228 5483 quam
2281 5413 2346 5468 ad
2378 5428 2438 5468 se
2467 5412 2708 5467 venisset
2741 5414 2839 5462 aut
2892 5408 3114 5458 locutus
3143 5399 3291 5451 esset
3317 5384 3629 5483 ξἰιῖιῖβξδυὲ·

2063 5502 2129 5557 Ει
2156 5502 2311 5557 valde
2356 5502 2566 5557 ntiliter
2608 5514 2732 5554 cum
2781 5496 2938 5557 ﬁcus,
2971 5501 3088 5543 tum
3131 5485 3286 5536 locus
3328 5474 3446 5542 ipse
3484 5465 3634 5522 desi-

2063 5599 2319 5664 gnantur.
2376 5590 2577 5661 Quibus
2632 5587 2922 5644 certiorem
2985 5575 3139 5630 fidem
3199 5560 3334 5618 facit
3390 5573 3450 5613 se
3508 5564 3636 5610 euut
