4090 6266
366 378 367 383 Ν
474 270 589 356 223

1481 292 1540 347 S.
1581 291 1853 347 CYRILLI
1887 285 2359 343 ALEXANDBINI
2399 284 2716 341 ARCHIEP.

3633 288 3765 345 εει

474 406 853 481 conspicatum
896 422 1041 464 esse.
1099 408 1234 463 Cum
1292 408 1437 464 enim
1495 407 1551 463 id
1615 409 1774 479 plane
1834 412 2043 473 nosset,

2158 401 2434 473 γυώμενα·
2483 402 2512 453 6
2552 401 2660 472 γὰρ
2692 399 2933 468 ἀκριϐῶς
2975 401 3074 471 ήδη
3133 400 3340 470 μαθὼν,
3387 401 3485 456 καὶ
3525 402 3587 458 τὸ
3646 401 3761 458 σὺν

475 503 641 558 etiam
674 499 1081 556 consectarium
1113 498 1272 554 facile
1309 499 1550 555 admisit.

548 592 591 656 Ι,
622 592 715 647 49.
750 590 1037 659 Respondit
1065 592 1115 647 ei
1148 588 1489 659 Nathanaei,
1522 598 1573 647 et
1605 592 1681 645 ait
1712 607 1729 646 :
1757 587 1957 655 Rabbi,
1993 594 2052 642 tu

478 698 534 738 es
566 679 742 736 Filius
768 680 887 749 Dei,
922 690 976 735 tu
1001 698 1055 737 es
1078 680 1189 735 Rea:
1211 678 1408 736 Israel.

547 859 784 915 Noverat
818 856 991 928 probe
1025 856 1192 912 Deum
1234 863 1597 911 serutatorem
1622 867 1745 909 esse
1774 851 2047 918 cordium,

480 965 583 1006 nec
613 951 711 1004 ulli
746 948 903 1004 alteri
930 956 1170 1004 mentem
1207 947 1450 1001 hominis
1489 954 1706 1014 patere,
1743 944 1903 1007 illud,
1932 944 2051 1013 opi-

480 1054 606 1104 nor,
639 1037 945 1093 Psalmista:
973 1037 1157 1091 animo
1188 1037 1511 1091 revolvens:
1543 1052 1561 1086 ι
1594 1031 1861 1087 Scrutans
1887 1032 2052 1087 corda

481 1139 535 1185 et
565 1145 726 1185 renes
758 1127 901 1185 Deus
938 1128 1005 1184 ⁸⁷.
1046 1148 1065 1180 ι
1104 1127 1261 1192 Quod
1295 1127 1439 1182 enim
1476 1125 1567 1179 alii
1600 1124 1733 1179 nulli
1767 1138 1929 1194 quam
1952 1137 2051 1177 na—

481 1228 618 1274 tura!
640 1219 842 1277 divinae
865 1219 1011 1297 istud
1043 1219 1194 1282 insit,
1222 1215 1380 1287 134
1410 1228 1668 1285 tanquam
1692 1216 1739 1269 ei
1769 1213 2051 1283 proprium

480 1325 544 1365 ac
565 1311 846 1380 peculiare
878 1310 1091 1383 Psaltes
1127 1310 1400 1365 attribuit.
1430 1307 1566 1363 Cum
1596 1308 1783 1378 itaque
1806 1306 2054 1362 animad-

478 1403 733 1458 vertisset
778 1418 842 1458 ea
897 1402 1130 1458 Domino
1172 1409 1364 1473 patere
1408 1416 1529 1471 qua:
1564 1401 1766 1455 tacitus
1814 1397 1955 1469 apud
1992 1413 2053 1454 se

478 1490 755 1554 versabat,
792 1490 1116 1560 magistrum
1168 1505 1293 1545 eum
1331 1489 1479 1544 illico
1524 1489 1791 1554 nominat,
1823 1488 2052 1558 ejusque

480 1581 784 1652 disciplinae
831 1583 998 1638 alacri
1040 1590 1223 1638 mente
1272 1596 1333 1637 se
1385 1580 1575 1645 tradit,
1612 1579 1922 1650 Filiumque
1960 1578 2051 1634 Dei

480 1679 534 1727 et
559 1670 762 1743 Regem
787 1671 955 1728 Israel
975 1688 1099 1729 esse
1129 1672 1354 1735 fatetur,
1377 1686 1503 1726 eum
1535 1671 1723 1741 utique
1747 1670 2051 1726 secundum

2150 493 2298 564 αύτῷ
2327 493 2558 564 ἑτοίμως
2589 494 2656 548 ἂν
2683 491 3045 564 παρεδέξατο.

2233 586 2537 653 Ἀπεκρίθη
2571 582 2919 651 Ναθαναὴλ,
2951 582 3049 636 καί
3088 580 3250 652 ,λέγει
3281 582 3445 647 αὑτῷ
3466 599 3481 615 ο
3523 584 3747 648 'Pa66i.

2151 676 2233 730 σὺ
2283 672 2343 729 ετ
2389 677 2423 728 ὁ
2476 674 2605 740 Υἱὸς
2642 673 2749 728 τοῦ
2786 672 2954 738 Θεοῦ,
2979 672 3062 725 σὺ
3099 671 3156 726 ετ
3207 674 3240 726 d
3291 672 3595 740 Βασιλεὺς
3636 676 3747 729 τοῦ

2178 765 2422 835 ισραήλ.

2222 854 2344 911 Οῐδε
2394 857 2552 927 μόνον
2605 856 2737 912 ὂντα
2776 854 3017 926 καρδιῶν
3071 854 3371 926 ὲρευνητὴν
3418 855 3511 909 τὸν
3568 854 3742 920 Θεὸν,

2151 948 2329 1002 οὐδενὶ
2377 948 2435 1001 δὲ
2484 945 2656 1018 ἑτέρῳ
2711 946 2803 1000 τὸν
2852 944 3137 1017 ἀνθρώπου
3184 945 3401 1000 δίδωσιν
3446 945 3744 1011 ἐξεπίστα-

2154 1037 2276 1090 σθαι
2324 1035 2469 1104 νοῦν,
2527 1036 2589 1089 τὸ
2646 1037 2705 1090 ὲν
2758 1035 3008 1105 Ψαλμοῖς
3045 1036 3240 1102 έκεῖνο,
3303 1033 3446 1088 κατά
3471 1034 3539 1087 τὸ
3567 1035 3741 1098 εἰκὸς.

2153 1124 2570 1196 ἐνθυμούμενος⁹
2629 1143 2649 1177 ι
2687 1123 2924 1188 Ἐτάζων
2989 1123 3214 1195 καρδίας
3276 1124 3370 1178 καὶ
3427 1124 3667 1193 νεφροὺς
3714 1124 3745 1176 6

2152 1217 2300 1281 Θεός.
2335 1236 2352 1269 ι
2395 1217 2482 1280 Ὣς
2510 1216 2619 1287 γάρ
2650 1215 2821 1270 οὐδενὶ
2856 1214 2966 1268 τῶν
3005 1213 3179 1269 ἄλλων
3226 1215 3449 1286 προσὸν,
3492 1216 3632 1287 μόνῃ
3670 1219 3740 1287 τῇ

2155 1307 2276 1379 θείᾳ
2307 1306 2483 1376 φύσει,
2531 1307 2627 1360 καὶ
2674 1304 2833 1360 τοῦτο
2878 1305 3153 1377 ἐξαίρετον
3184 1307 3212 1358 6
3251 1305 3507 1375 Μελῳδὸς
3544 1307 3742 1359 ἁνατέι

2155 1397 2353 1451 θεικεν.
2406 1395 2614 1450 Οὐκοῦν
2661 1397 2718 1449 ὲν
2770 1394 3065 1463 ἀφθόγγοις
3110 1394 3189 1447 ἐτι
3239 1394 3591 1467 ψιθυρισμοῖς
3641 1397 3745 1468 τὴν

2155 1485 2405 1540 ὑπόνοιαν
2431 1485 2578 1555 αύτῷ
2618 1485 2991 1557 στρεφομένην
3020 1483 3160 1537 κατά
3212 1483 3304 1536 τὸν
3349 1483 3474 1538 νοῦν
3506 1485 3745 1555 ἐπείπερ

2150 1575 2295 1649 ,ἔγνω
2327 1575 2635 1647 θεωροῦντα
2681 1574 2773 1628 τδν
2819 1573 3043 1646 Κύριον,
3083 1571 3403 1627 διδάσκαλον
3441 1572 3539 1642 μὲν
3574 1572 3747 1638 εὐθὺς

2156 1667 2436 1732 ἀποκαλεῖ,
2473 1665 2767 1738 προθύμως
2803 1665 2903 1736 ήδη
2949 1663 3049 1735 τὴν
3101 1664 3192 1716 ὐπ’
3237 1662 3386 1733 αὐτῷ
3438 1663 3747 1734 μαθητείαν

483 1771 735 1818 naturam
770 1777 896 1819 esse
942 1779 1162 1833 quoque
1210 1762 1379 1816 Deum
1430 1762 1799 1828 conﬁrmans,
1840 1763 1896 1817 in
1944 1777 2054 1833 quo

2158 1757 2459 1824 είσϐαίνων,
2492 1756 2627 1811 Θεοῦ
2667 1756 2725 1809 δὲ
2755 1755 2884 1809 Υιδν
2929 1755 3183 1825 ὁμολογεῖ
3226 1755 3320 1808 καὶ
3368 1752 3597 1824 βασιλέα
3644 1754 3759 1835 τοῦ,

483 1852 715 1909 Deitatis
746 1853 1109 1924 proprietates
1136 1853 1492 1910 inexsistunt.

559 2115 598 2183 l,
639 2116 730 2172 50.
770 2116 1056 2185 Respondit
1075 2116 1260 2184 Iesus,
1282 2126 1331 2173 et
1356 2119 1492 2173 dixit
1516 2119 1565 2172 ei
1592 2135 1610 2173 :
1636 2118 1774 2185 Quia
1795 2119 1910 2173 dixi
1937 2115 2055 2188 tibi,

497 2207 618 2274 Vidi
658 2218 705 2263 te
728 2208 975 2285 subﬁcu,
1012 2210 1180 2264 credis
1205 2224 1223 2263 :
1247 2204 1457 2278 majora
1486 2208 1565 2263 his
1597 2208 1810 2264 ridebis.

551 2386 792 2441 Firmior
826 2385 939 2441 eris
970 2385 1036 2439 ad
1071 2386 1232 2441 ﬁdem
1254 2427 1268 2451 ,
1300 2384 1512 2454 inquit,
1561 2398 1685 2440 cum
1716 2385 1802 2441 his
1849 2386 2058 2456 majora

480 2477 707 2534 videris.
736 2478 841 2542 Qui
866 2477 1010 2531 enim
1041 2477 1134 2531 uni
1167 2476 1322 2547 signo
1358 2476 1613 2541 credidit,
1644 2476 1918 2546 quomodo
1947 2492 2056 2532 non

483 2568 589 2623 erit
638 2568 803 2639 longe
853 2567 1085 2634 ﬁrmior,
1145 2583 1271 2623 cum
1305 2568 1520 2638 potiora
1568 2568 1834 2623 miracula
1885 2583 2057 2640 appa-

485 2659 701 2715 ruerint
728 2660 753 2713 ’ἒ

551 2831 595 2899 1,
637 2832 724 2887 51.
764 2833 949 2898 Amen,
1002 2850 1153 2889 amen
1198 2834 1317 2890 dico
1366 2836 1539 2903 vobis,
1586 2835 1827 2891 uidebitis
1871 2836 2057 2890 caelum

484 2935 741 2993 apertum,
773 2932 822 2980 et
851 2924 1063 2994 angelos
1091 2927 1189 2981 Dei
1219 2927 1556 2983 ascendentes
1594 2936 1644 2982 et
1688 2928 2054 2983 descendentes

483 3031 643 3086 supra
668 3015 871 3071 Filium
891 3018 1139 3072 hominis.

552 3187 673 3244 Jam
723 3191 788 3245 ad
818 3206 1009 3248 omnes
1056 3191 1363 3247 orationem
1398 3190 1674 3246 convertit
1708 3205 1814 3259 qua
1847 3188 2057 3245 Natba—

482 3283 656 3337 naelis
685 3282 845 3338 ﬁdem
876 3284 1186 3339 conﬁrmat.
1219 3283 1355 3339 Cum
1392 3292 1571 3338 autem
1618 3283 1839 3353 angelos
1880 3283 2054 3338 visum

448 3361 453 3366 ’
483 3374 553 3429 iri
580 3377 676 3440 ait,
716 3377 1076 3432 ascendentes
1124 3390 1188 3431 ac
1221 3376 1621 3431 descendentes
1649 3390 1815 3444 super
1854 3373 2056 3429 Filium

482 3464 758 3531 hominis,
792 3466 895 3521 hoc
935 3475 1018 3522 est
1052 3467 1457 3530 ministrantes,
1487 3472 1544 3521 et.
1601 3465 1873 3520 mandatis
1904 3465 2054 3534 ejus,

484 3555 555 3610 ad
585 3556 819 3610 salutem
850 3571 1040 3610 eorum
1063 3557 1158 3624 qui
1190 3557 1453 3609 credituri
1489 3563 1641 3621 sunt,
1666 3554 2054 3622 obsequentes,

485 3656 620 3701 tunc
651 3646 888 3701 maxime
912 3662 970 3700 se
999 3655 1198 3699 natura
1223 3644 1320 3700 Dei
1352 3646 1551 3699 Filium
1570 3659 1693 3699 esse
1715 3647 2061 3699 demons'tra-

485 3745 603 3791 tum
646 3737 713 3790 iri
749 3737 1041 3806 signiticet.
1077 3735 1199 3791 Non
1236 3736 1380 3791 enim
1423 3736 1529 3791 sibi
1565 3745 1754 3791 mutuo
1781 3737 2060 3805 spiritales

484 3828 594 3882 illae
626 3829 877 3891 virtutes,
914 3827 1011 3882 sed
1056 3827 1168 3881 Deo
1199 3836 1351 3882 certe
1403 3826 1672 3882 serviunt.
1723 3826 1883 3893 Quod
1930 3844 2058 3883 cum

486 3919 729 3974 dicimus
762 3931 950 3972 earum
1007 3918 1409 3988 subjectionem
1466 3933 1576 3974 non
1624 3920 1867 3976 tollimus
1904 3938 1918 3975 :
1958 3937 2060 3978 nec

483 4010 635 4066 enim
675 4009 994 4066 servitutem
1031 4011 1325 4081 quisquam
1360 4019 1515 4066 recte
1546 4024 1678 4066 sane
1705 4010 1905 4067 dixerit
1940 4031 1954 4069 :
1991 4014 2060 4070 de

484 4101 707 4158 Christo
735 4116 868 4158 vero
900 4102 1075 4157 sancti
1118 4103 1468 4174 evangelista}
1516 4104 1791 4170 scribunt,
1838 4106 2058 4176 angelos

486 4194 553 4249 ad
599 4193 947 4250 Servatorem
991 4196 1276 4253 Christum
1317 4196 1641 4265 accessisse,
1694 4206 1749 4254 et
1795 4199 1846 4254 ei
1897 4201 2060 4255 mini-

488 4297 697 4344 strasse
729 4288 797 4342 εδ.

2169 1849 2403 1921 Ἰσραὴλ,
2429 1841 2582 1919 ᾧπερ
2612 1849 2677 1901 ἂν
2710 1846 3005 1916 ἐνυπάρχοι
3055 1844 3125 1899 τὰ
3168 1845 3269 1915 τῆς
3315 1844 3580 1916 Θεότητος
3608 1847 3741 1911 ῑδια,

2154 1940 2341 1995 τοῦτον
2367 1937 2506 1994 εἶναι
2543 1940 2757 2002 πάντως
2789 1938 2883 1993 καὶ
2911 1937 3050 1991 κατά
3082 1937 3242 2006 φύσιν
3274 1936 3408 1991 Θεὸν
3447 1937 3743 1992 εὐπαιδεύ-

2156 2048 2264 2095 τως
2290 2029 2781 2099 διαϐεϐαιούμενος.

2227 2121 2534 2191 Ἀπεκρίθη
2568 2119 2819 2189 Ἰησοῦς,
2851 2118 2948 2173 καί
2988 2114 3159 2173 εἶπεν
3183 2116 3377 2183 αὑτῷο
3415 2118 3537 2172 Ὀτι
3564 2114 3745 2172 εἶπόν

2157 2212 2389 2279 σοι,ὅτι
2414 2206 2579 2266 εἶδόν
2603 2227 2677 2264 σε
2700 2209 2977 2265 ὑποκάτω
3009 2206 3120 2278 τῆς
3153 2205 3369 2275 συκῆς,
3403 2208 3740 2275 πιστεύεις·
3800 2264 3809 2272 ,

2153 2302 2323 2372 μείζω
2354 2302 2580 2355 τούτων
2608 2300 2760 2368 ὄψει.

2240 2392 2666 2463 Ἀσεραλέστερος
2697 2389 2795 2461 ἔσῃ
2824 2390 2960 2460 πρὸς
3007 2389 3207 2454 πίστιν,
3241 2388 3425 2460 φησὶν,
3458 2389 3586 2443 ὅταν
3628 2389 3745 2464 ἴδῃς

2156 2484 2223 2537 τὰ
2250 2483 2452 2537 τούτων
2486 2482 2735 2552 μείζονα’
2771 2484 2799 2536 6
2830 2481 2938 2553 γὰρ
2972 2480 3053 2533 ἑνὶ
3087 2479 3298 2550 σημείῳ
3330 2478 3743 2544 πεπιστευκὼς,

2159 2574 2276 2638 πῶς
2315 2575 2414 2627 οὐκ
2440 2566 2621 2626 ’ἔσται
2663 2573 2882 2636 πάντως
2935 2571 3023 2624 διά
3070 2569 3281 2623 πολλῶν
3332 2571 3389 2622 ὲν
3441 2569 3743 2640 ἀμείνοσιν,

2158 2668 2282 2720 ὅταν
2310 2666 2373 2738 δὴ
2415 2665 2649 2736 μάλιστα
2685 2664 2960 2733 φαίνοιντο
2992 2660 3099 2714 τῶν
3137 2660 3238 2731 ήδη
3275 2657 3746 2729 τεθαυμασμένων

2158 2756 2552 2826 ἀξιολογώτερα

2240 2845 2437 2915 Ἀμὴν,
2477 2844 2640 2914 ἀμὴν
2671 2842 2827 2913 λέγω
2879 2841 3043 2911 ὑμῖν,
3072 2841 3298 2909 ὄψεσθε
3338 2840 3447 2893 τὸν
3481 2837 3746 2907 οὐρανὸν

2159 2937 2475 3005 ἀνεῳγότα,
2515 2935 2613 2988 καὶ
2655 2934 2796 3000 τοὺς
2838 2932 3134 3003 ἀγγέλους
3165 2929 3270 2985 τοῦ
3313 2928 3463 2984 Θεοῦ
3498 2929 3745 2986 ἀναϐαί-

2158 3043 2375 3093 νοντας
2400 3026 2498 3081 καί
2527 3026 2997 3090 καταϐαίνοντας
3028 3022 3126 3077 ἐπὶ
3163 3022 3270 3076 τὸν
3311 3020 3449 3076 Υἱὸν
3489 3020 3597 3076 τοῦ
3634 3023 3744 3078 ἀν-

2159 3117 2413 3186 θρώπου.

2229 3208 2420 3272 Κοινὸς
2458 3207 2560 3278 ήδη
2609 3205 2745 3277 πρὸς
2794 3206 3000 3269 πάντας
3045 3206 3074 3258 6
3124 3203 3280 3270 λόγος
3326 3201 3745 3273 ὲπισφραγίξων

2156 3299 2249 3354 τοῦ
2284 3298 2573 3370 Ναθαναὴλ
2609 3298 2707 3368 τὴν
2748 3297 2948 3352 πίστιν.
3000 3294 3287 3365 Ἀγγέλους
3322 3293 3379 3347 δὲ
3413 3294 3744 3364 ὀφθήσεσθαι

2156 3390 2329 3460 λέγων
2356 3390 2468 3445 ἄνω
2496 3406 2555 3442 τε
2601 3389 2697 3443 καὶ
2734 3387 2884 3442 κάτω
2917 3386 3207 3458 τρέχοντας
3237 3385 3331 3439 ἐπὶ
3364 3385 3457 3438 τὸν
3490 3384 3620 3437 Υἱδν
3650 3382 3741 3437 τοῦ

2158 3481 2464 3552 ἀνθρώπου,
2488 3479 2633 3534 τοῦτ’
2672 3480 2839 3543 ἔστιν,
2891 3477 3295 3549 ὑπηρετοῦντας
3327 3477 3424 3529 καὶ
3460 3476 3745 3531 διακονου·

2162 3573 2356 3643 μένους
2382 3577 2495 3638 τοῖς
2530 3572 2695 3627 αὑτοῦ
2723 3572 3110 3640 διατάγμασιν,
3141 3570 3221 3632 εἰς
3252 3568 3350 3640 τὴν
3382 3567 3494 3622 τῶν
3521 3566 3744 3638 μελλόν-

2158 3683 2266 3721 των
2297 3665 2568 3720 πιστεύειν
2600 3664 2901 3736 σωτηρίαν,
2934 3662 3054 3714 τότε
3079 3660 3143 3732 δὴ
3169 3660 3404 3730 μάλιστα
3433 3659 3567 3713 Θεοῦ
3602 3657 3746 3713 κατά

2132 3755 2319 3824 ,φύσιν
2349 3756 2608 3827 ὑπάρχων
2641 3756 2770 3818 Υἱὸς
2798 3750 3283 3823 ἀναδειχθήσεσθαί
3318 3768 3503 3822 φησιν.
3532 3750 3608 3804 Οὐ
3635 3749 3745 3821 γάρ

2159 3848 2416 3919 ἀλλήλαις
2450 3849 2506 3900 αἱ
2551 3846 2767 3916 λογικαὶ
2814 3845 3092 3914 δυνάμεις,
3121 3842 3239 3914 Θεῷ
3279 3843 3336 3896 δὲ
3374 3841 3593 3906 πάντως
3620 3841 3744 3897 δου-

2158 3936 2425 3991 λεύουσιν.
2468 3936 2582 3989 Οὐκ
2624 3936 2836 4005 ἀναιρεῖ
2878 3934 2931 3986 δὲ
2976 3935 3003 3987 6
3050 3932 3205 4002 λόγος
3251 3933 3350 4002 τὴν
3390 3932 3449 3984 ὲν
3493 3924 3745 4000 ἀγγέλοις

2161 4028 2441 4097 ὑποταγήν
2461 4040 2476 4056 ·
2506 4025 2629 4080 οὐδὲ
2667 4023 2777 4095 γὰρ
2806 4024 2871 4099 ἂν
2913 4024 3149 4094 εὐλόγως
3186 4021 3343 4076 τοῦτο
3372 4021 3587 4075 καλοῖτο
3618 4022 3745 4075 δου-

2158 4118 2310 4173 λείαο
2357 4117 2672 4189 ἀκηκόαμεν
2722 4115 2779 4167 δὲ
2826 4113 2913 4168 διὰ
2949 4114 3058 4170 τῶν
3104 4114 3274 4181 ἁγίων
3312 4111 3741 4180 εύαγγελιστῶν,

2158 4209 2350 4278 ὅτιπερ
2378 4206 2598 4277 ἄγγελοι
2640 4202 2942 4275 προσῆλθον
2979 4203 3058 4274 τῷ
3101 4202 3313 4274 Σωτῆρι
3360 4199 3602 4272 Χριστῷ,
3651 4202 3745 4254 καὶ

2161 4300 2440 4370 διηκόνουν
2469 4297 2636 4368 αύτῷ.
3069 4283 3078 4290 ”

555 4378 623 4446 ll,
668 4378 786 4434 1-4.
832 4379 899 4433 Et
933 4381 1017 4435 die
1050 4381 1206 4435 tertia
1245 4382 1443 4451 nuptiaa
1482 4382 1638 4451 factce
1671 4392 1791 4436 sunt
1820 4383 1874 4435 in
1907 4381 2056 4436 Cana

2234 4391 2345 4445 Καὶ
2377 4389 2454 4458 τῇ
2478 4389 2665 4459 ἡμέρᾳ
2688 4389 2760 4457 τῇ
2787 4388 2952 4456 τρίτῃ
3002 4385 3185 4458 γάμος
3224 4376 3462 4452 ἐγένετο
3581 4378 3745 4447 Κανᾷ

489 4471 729 4531 Catilina:
757 4489 776 4527 :
805 4483 853 4527 et
882 4484 995 4528 erat
1026 4484 1194 4528 mater
1218 4473 1350 4528 Iesu
1382 4475 1474 4527 ibi.
1508 4474 1739 4529 Vocatus
1771 4487 1847 4529 est
1883 4485 2056 4529 autent

2163 4480 2274 4549 τῆς
2300 4480 2649 4544 Γαλιλαίας,
2682 4479 2779 4534 καὶ
2802 4476 2881 4549 ἦν
2908 4481 2946 4547 η
2971 4477 3170 4548 μήτηρ
3212 4475 3316 4529 τοῦ
3365 4471 3567 4542 ἰησόῦ
3599 4472 3741 4527 ἐκεῖ.

487 4573 537 4618 et
566 4563 723 4619 Iesus
763 4574 813 4618 et
853 4564 1098 4633 discipuli
1133 4565 1250 4635 ejus
1284 4566 1353 4619 ad
1387 4566 1597 4633 nuptias
1627 4605 1640 4619 .
1687 4573 1738 4619 et
1785 4566 2060 4632 deﬁciente

488 4656 629 4717 vino,
660 4655 787 4709 dicit
818 4665 987 4710 mater
1014 4655 1145 4711 Iesu
1182 4658 1251 4710 ad
1275 4673 1389 4711 eum
1416 4673 1435 4711 :
1475 4655 1665 4712 Vinum
1707 4673 1809 4712 non
1848 4658 2057 4713 habent.

492 4745 558 4800 Et
591 4748 720 4801 dicit
750 4749 799 4803 ei
831 4748 1008 4805 Iesus.

560 4919 878 4992 Opportune
909 4924 976 4979 ad
1008 4926 1272 4992 patranda
1295 4924 1558 4984 miracula
1587 4928 1841 4987 Christus
1867 4945 2058 5003 aggre-

490 5012 658 5081 ditur,
688 5012 815 5068 licet
844 5013 1073 5071 fortuito
1112 5016 1180 5071 ad
1226 5033 1288 5073 ea
1331 5028 1557 5077 vocatus
1609 5021 1876 5078 videatur.
1922 5021 2060 5077 Nam

490 5119 614 5159 cum
668 5104 875 5173 nuptiae
913 5105 1349 5173 celebrarentur,
1399 5118 1550 5165 caste
1585 5111 1846 5165 nimirum
1876 5119 1925 5167 et
1958 5112 2060 5167 ho-

490 5207 663 5263 neste,
693 5196 849 5252 adest
884 5197 1106 5268 quidem
1137 5206 1312 5256 mater
1354 5199 1686 5269 Servatoris,
1724 5203 1816 5258 sed
1852 5209 1907 5258 et
1943 5218 2061 5274 Ipse

492 5288 648 5359 135
676 5303 786 5343 una
817 5303 943 5344 eum
973 5289 1263 5360 discipulis
1295 5292 1412 5346 suis
1444 5291 1707 5349 invitatus
1735 5295 1914 5362 venit,
1946 5308 2059 5351 non

490 5386 600 5433 tam
649 5380 976 5452 epulaturus
1020 5395 1183 5452 quam
1243 5389 1306 5436 ut
1359 5382 1682 5438 miraculum
1732 5383 1953 5452 faceret,
1994 5401 2059 5442 ac

493 5479 750 5537 praeterea
782 5472 1153 5544 generationis
1185 5472 1439 5529 humanae
1472 5475 1803 5546 principium
1847 5479 2056 5534 sancti-

491 5558 701 5627 tlearet,
739 5566 881 5634 quod
912 5564 980 5621 ad
1016 5580 1238 5621 carnem
1291 5565 1551 5622 nimirum
1584 5567 1798 5625 attinet.
1855 5568 2063 5626 Conveo

564 5721 605 5753 ⁸⁷
638 5717 787 5779 Psul.
830 5738 922 5790 vn,
959 5724 1044 5780 10.
1121 5726 1166 5760 ⁸⁸
1194 5727 1385 5782 Matth.
1420 5745 1491 5795 Iv,
1532 5729 1617 5787 ll.

2176 4572 2436 4641 Ἐκλήθη
2480 4569 2548 4624 δὲ
2590 4570 2691 4644 ,καὶ
2723 4573 2755 4625 ὁ
2795 4569 3035 4637 Ἰησοῦς
3060 4566 3157 4620 καὶ
3194 4569 3248 4619 οἱ
3274 4564 3530 4635 μαθηταὶ
3555 4562 3743 4617 αὑτοῦ

2160 4664 2247 4729 εὶς
2279 4661 2385 4716 τὸν
2411 4662 2620 4731 γάμον,
2654 4661 2752 4715 καὶ
2796 4659 3250 4728 ὑστερήσαντος
3284 4656 3474 4721 οῖνου,
3508 4653 3671 4723 λέγει
3705 4652 3742 4720 ἠ

2158 4751 2353 4822 μήτηρ
2382 4751 2486 4806 τοῦ
2523 4752 2716 4821 Ἰησοῦ
2743 4753 2893 4820 πρὸς
2919 4749 3127 4813 αὑτὸν,
3166 4745 3345 4802 Οἶνον
3373 4747 3483 4800 οὐκ
3507 4744 3739 4814 ἔχουσι.

2162 4844 2272 4899 Καὶ
2298 4842 2460 4911 λέγει
2491 4842 2644 4912 αὐτῇ
2673 4846 2705 4897 d
2748 4840 2993 4910 Ἰησοῦς.

2167 4915 2178 4924 ’
2232 4933 2571 5002 Εύαίρόρμως
2616 4932 2834 5003 ἔρχεται
2871 4929 3061 5003 λοιπὸν
3095 4927 3187 4982 ἐπὶ
3233 4926 3332 4996 τὴν
3367 4923 3473 4978 τῶν
3504 4921 3742 4994 σημείων

2161 5023 2355 5096 ἀρχὴν,
2384 5024 2432 5076 εί
2464 5025 2558 5077 καὶ
2584 5024 2897 5094 ἀϐουλήτως
2933 5020 3106 5074 ἐδόκει
3149 5016 3432 5071 καλεῖσθαι
3479 5013 3616 5085 πρὸς
3649 5011 3743 5068 αύ-

2164 5115 2293 5185 τήν·
2345 5114 2701 5186 πανηγύρεως
2745 5115 2853 5185 γὰρ
2897 5114 2997 5183 τῆς
3048 5111 3141 5164 ἐπὶ
3184 5109 3348 5179 γάμῳ
3396 5106 3739 5177 τελουμένης,

2164 5203 2322 5274 δῆλον
2367 5204 2423 5258 δὲ
2453 5205 2623 5276 δήπου
2680 5204 2895 5267 πάντως
2937 5204 3019 5257 ὅτι
3079 5200 3313 5270 σεμνῶς,
3367 5198 3599 5269 πάρεστι
3646 5197 3741 5267 μὲν

2164 5295 2256 5348 τοῦ
2287 5296 2592 5367 Σωτῆροςή
2632 5296 2836 5367 μήτηρ,
2866 5292 3203 5363 κεκλημένος
3227 5289 3284 5343 δὲ
3306 5289 3401 5342 καὶ
3433 5287 3598 5350 αὐτὸς
3632 5286 3745 5348 τοῖς

2164 5387 2384 5451 οἰκείοις
2437 5388 2841 5456 συναφικνεῖται
2911 5383 3179 5455 μαθηταῖς
3244 5378 3742 5449 θαυματουργήσων

2168 5477 2386 5550 μᾶλλον,
2426 5478 2569 5549 ἥπερ
2607 5476 3005 5545 ἑστιασόμενος,
3041 5472 3121 5526 έτι
3171 5487 3232 5524 τε
3273 5469 3410 5541 πρὸς
3437 5483 3615 5537 τούτῳ
3652 5464 3743 5518 καὶ

2169 5570 2339 5642 αὐτὴν
2370 5571 2612 5641 ἁγιάσων
2646 5570 2742 5640 τῆς
2780 5566 3067 5642 ἀνθρώπου
3101 5562 3366 5636 γενέσεως
3392 5560 3492 5630 τὴν
3530 5559 3741 5633 ἀρχήνσ
