4090 6266
333 307 443 364 225

1364 294 1429 349 IN
1457 293 1739 351 JUANNIS
1771 293 2219 352 EVANGELIUM
2252 274 2381 351 LIB.
2422 293 2486 350 ιι.

3476 302 3583 359 2‘26

336 417 459 471 ὅσον
483 415 542 473 δὲ
566 407 704 485 ἧκεν
730 413 810 475 εἰς
842 411 940 482 τὴν
971 410 1167 479 σάρκα,
1212 410 1570 480 φαμέν,Ἕδει
1606 409 1715 481 γάρ
1746 409 1913 480 αὐτὴν

2027 406 2201 462 aiebat
2232 408 2380 462 enim
2415 416 2474 463 ut
2502 407 2598 479 qui
2629 416 2881 463 naturam
2928 409 3103 480 ipsam
3133 410 3374 471 hominis
3415 430 3582 473 reno-

333 506 433 579 τὴν
482 505 775 577 ἀνθρώπου
822 501 981 572 φύσιν
1030 500 1613 571 ἁνακεφαλαιούμενον,
1662 500 1755 554 καὶ
1785 499 1912 570 ὅλην

335 592 785 658 ἀνασκευάζοντα
824 590 958 662 πρὸς
987 589 1046 643 τὸ
1090 591 1331 661 ἄμεινον,
1362 590 1436 662 μὴ
1477 591 1636 660 μόνον
1667 592 1779 652 τοῖς
1812 591 1911 662 ήδη

338 685 479 757 πρὸς
506 685 568 737 τὸ
593 682 828 752 ὑπάρξαι
850 681 1203 752 κεκλημένοις
1230 681 1504 752 διανέμειν
1524 682 1623 751 τὴν
1645 680 1912 748 εὐλογίαν,

339 775 478 829 ἀλλὰ
504 775 598 829 καὶ
627 776 739 837 τοῖς
768 773 890 826 ὅσον
926 773 1136 826 οὐδέπω
1171 771 1585 842 τεχθησομένοις
1618 787 1913 841 προευτρε-

343 866 525 932 πίζειν
553 865 651 936 τὴν
675 865 854 936 χάριν,
903 863 999 917 καὶ
1048 862 1207 931 ἁγίαν
1236 861 1413 915 αὐτῶν
1443 861 1783 930 καταστῆσαι
1820 861 1917 932 τὴν

344 958 425 1021 εὶς
450 956 513 1010 τὸ
543 951 680 1010 εῖναι
714 955 966 1028 πάροδον.
1013 954 1125 1007 Καὶ
1173 951 1363 1023 τρίτην
1412 952 1506 1005 ἐπὶ
1544 951 1719 1021 τούτῳ
1761 951 1916 1021 δέχου

344 1048 441 1117 τὴν
471 1045 784 1114 ἀπολογίαν.
818 1043 1019 1116 Εῐρητό
1050 1061 1153 1096 που
1185 1044 1317 1115 πρὸς
1363 1042 1461 1113 τὴν
1490 1043 1723 1110 γυναῖκα
1767 1041 1919 1112 παρὰ

342 1137 476 1191 Θεοῦ
496 1154 509 1168 ·
552 1154 570 1188 ι
618 1132 706 1190 Ἐν
733 1136 933 1200 λύπαις
962 1133 1090 1205 τέξῃ
1119 1134 1313 1188 τέκναο
1352 1153 1371 1186 ι
1402 1132 1523 1197 πῶς
1553 1128 1645 1187 οῦν
1688 1132 1795 1185 ἔδει
1824 1131 1921 1185 καῖ⁹

339 1225 543 1296 ταύτην
571 1225 717 1295 ἡμᾶς
750 1221 1193 1294 ἀποκρούσασθαι
1245 1221 1343 1293 τὴν
1390 1221 1531 1291 ἀράν
1555 1260 1570 1284 ,
1608 1220 1641 1289 ἢ
1691 1217 1807 1282 πῶς
1853 1217 1920 1272 ἂν

342 1316 544 1386 ἑτέρως
609 1314 893 1383 διαφυγεῖν
965 1311 1488 1382 καταδεδικασμένον
1548 1311 1640 1364 τὸν
1705 1310 1918 1380 γάμον;

346 1407 544 1458 Ἔλυσε
590 1405 681 1459 καὶ
728 1404 884 1458 τοῦτο
932 1403 1310 1475 φιλάνθρωπος
1340 1402 1414 1456 ὣν
1447 1404 1474 1456 ὁ
1508 1402 1720 1471 Σωτήρ.
1763 1401 1917 1453 Τετί-

348 1513 489 1567 μηκε
522 1499 591 1567 τῇ
620 1496 892 1567 παρουσίᾳ
917 1495 1007 1548 τὸν
1032 1494 1234 1564 γάμον,
1260 1496 1294 1565 ἡ
1324 1494 1539 1548 πάντων
1568 1491 1801 1563 εὐθυμία
1827 1491 1923 1546 καὶ

345 1589 512 1659 χαρὰ,
569 1589 657 1641 ἵνα
716 1588 817 1654 τῆς
861 1585 1206 1653 τεκνογονίας
1261 1584 1360 1655 τὴν
1410 1583 1642 1653 ἀρχαίαν
1697 1581 1921 1652 ἐξελάσῃ

348 1679 652 1748 κατήφειαν
671 1694 685 1707 °
718 1695 736 1727 ι
767 1676 833 1729 Ei
860 1693 944 1739 τις
974 1675 1083 1745 γὰρ
1114 1676 1175 1728 έν
1205 1673 1444 1745 Χριστῷ,
1474 1673 1634 1743 καινὴ
1665 1672 1857 1734 κτίσις.
1899 1689 1917 1721 ι

2017 506 2246 551 vaturus
2282 509 2347 550 ac
2376 504 2544 552 totam
2580 497 2636 552 in
2670 497 2949 553 meliorem
2985 505 3191 554 statum
3224 510 3586 563 revocaturus

2016 592 2155 649 erat,
2188 601 2297 643 non
2321 588 2498 642 solum
2546 588 2612 644 iis
2638 589 2732 658 qui
2778 589 2892 658 jam
2921 589 2977 644 in
3004 597 3190 645 ortum
3224 593 3402 649 vocati
3430 602 3589 650 erant

2014 670 2455 732 benedictionem
2489 679 2881 749 impertiretur,
2916 680 3012 736 sed
3045 692 3101 736 et
3135 682 3205 739 iis
3243 698 3459 753 quoque
3492 690 3588 755 qui

2016 777 2205 837 postea
2246 769 2514 824 nascituri
2570 780 2755 825 essent
2810 771 3042 840 gratiam
3105 781 3492 843 praestrueret,
3533 784 3589 831 et

2017 872 2210 913 eorum
2243 866 2428 913 ortum
2462 867 2714 914 sanctum
2745 858 3002 914 etliceret.
3035 858 3206 917 Porro
3241 864 3455 918 tertiam
3488 866 3590 922 tibi

2018 948 2163 1004 hanc
2206 949 2405 1004 habeto
2445 950 2740 1004 rationem.
2778 948 2993 1005 Dictum
3029 960 3113 1007 est
3134 953 3335 1009 alicubi
3371 956 3435 1010 ad
3468 973 3591 1013 mu-

2018 1037 2207 1092 lierem
2242 1052 2271 1090 a
2311 1037 2461 1093 Deo:
2497 1036 2563 1090 In
2603 1038 2784 1092 dolore
2826 1040 3002 1107 paries
3037 1041 3180 1110 ﬁlios
3202 1043 3266 1096 ".
3305 1043 3590 1109 Quomodo

2017 1126 2185 1198 igitur
2204 1126 2347 1180 hanc
2370 1140 2401 1180 a
2421 1126 2582 1182 nobis
2598 1127 3033 1183 exsecrationem
3058 1128 3259 1198 depelli
3280 1132 3588 1200 oportebat,

2019 1225 2116 1281 aut
2172 1232 2410 1288 quanam
2475 1218 2581 1272 alia
2647 1220 2862 1273 ratione
2919 1219 3313 1276 condemnatas
3372 1223 3593 1293 nuptias

2023 1310 2193 1365 vitare
2221 1310 2453 1365 licebat?
2484 1308 2633 1364 Istud
2677 1310 2843 1365 etiam
2878 1311 3046 1366 solvit
3082 1312 3367 1379 Servator,
3412 1314 3593 1369 homi—

2020 1415 2152 1455 num
2184 1399 2618 1455 amantissimus.
2677 1399 2974 1461 Praesentia
3023 1417 3122 1456 sua
3161 1404 3382 1473 nuptias
3426 1405 3596 1460 coho-

2020 1490 2399 1560 nestavit,ipse
2430 1490 2688 1561 gaudium
2722 1496 2777 1544 et
2816 1490 3005 1546 laetitia
3039 1507 3164 1546 cum
3196 1494 3268 1548 sit
3302 1494 3592 1549 universo-

2016 1593 2167 1642 rum,
2194 1586 2252 1631 ut
2288 1586 2527 1632 veterem
2550 1586 2744 1647 partus
2779 1578 3061 1632 tristitiam
3094 1579 3391 1651 depelleret
3425 1601 3439 1636 :
3475 1600 3494 1634 ι
3533 1580 3596 1637 Si

2022 1669 2138 1737 quis
2166 1668 2302 1722 enim
2328 1669 2381 1721 in
2408 1665 2639 1731 Christo,
2673 1683 2804 1721 nova
2830 1678 3077 1723 creatura
3123 1680 3221 1725 est.
3264 1691 3284 1724 ι
3321 1670 3414 1738 Ει,
3438 1690 3459 1725 ι
3495 1672 3597 1728 Ve-

350 1769 487 1831 Καὶ,
519 1786 539 1819 ι
579 1768 661 1820 Τὰ
708 1768 910 1838 ἀρχαῖα.
958 1765 1252 1837 παρῆλθεν,
1287 1784 1306 1816 ι
1339 1764 1414 1826 ὡς
1456 1767 1484 1817 ὁ
1513 1763 1724 1825 Παῦλός
1772 1779 1922 1833 φησι,

2029 1764 2144 1812 tera
2166 1758 2528 1821 transierunt,
2563 1776 2582 1810 ›
2620 1767 2678 1813 ιιι
2704 1757 2909 1813 Paulus
2937 1759 3137 1829 inquit,
3170 1777 3190 1811 ι
3221 1769 3275 1816 et
3302 1762 3445 1818 facta
3465 1772 3595 1820 sunt

359 1879 377 1910 ι
412 1859 604 1927 γέγονε
657 1858 713 1913 δὲ
759 1858 938 1912 καινά.
985 1876 1002 1908 ι
1046 1858 1303 1927 Ἔρχεται
1330 1855 1615 1926 τοιγαροῦν
1645 1855 1778 1926 ὁμοῦ
1819 1856 1929 1918 τοῖς

353 1948 574 2012 οἰκείοις
604 1948 872 2020 μαθηταῖς
922 1949 1002 2012 είς
1047 1947 1138 1999 τὸν
1167 1946 1343 2017 γάμον
1362 1962 1384 1980 ν
1408 1945 1514 1998 ἔδει
1552 1946 1657 2016 γὰρ
1681 1945 1928 2016 παρεῖναι

351 2036 432 2106 τῷ
458 2035 854 2107 θαυματουργῷ
883 2037 1005 2098 τοὺς
1033 2033 1142 2112 τῶγ
1180 2033 1491 2104 παραδόξων
1519 2032 1924 2102 φιλοθεάμονας,

350 2127 557 2197 τροφήν
590 2142 712 2178 τινα
742 2124 929 2193 ὥσπερ
966 2126 1032 2194 τῇ
1067 2125 1125 2177 ὲν
1156 2124 1339 2186 αὐτοῖς
1380 2123 1555 2175 πίστει
1585 2122 1929 2188 συλλέξοντας

347 2210 409 2263 τὸ
464 2210 809 2280 τελούμενον.
859 2210 1080 2279 Ἐπειδὴ
1138 2210 1194 2263 δὲ
1251 2205 1392 2273 οῖνος
1445 2210 1747 2264 ἐπιλέλοιπε
1802 2215 1929 2277 τοὺς

348 2303 732 2373 ἑστιωμένους,
761 2303 854 2355 ἐπὶ
898 2302 997 2373 τὴν
1030 2301 1234 2374 συνήθη
1288 2302 1693 2374 φιλανθρωπίαν
1725 2306 1929 2375 ἀγαθὸν

348 2396 475 2448 ὄντα
517 2395 608 2448 τὸν
650 2395 855 2466 Κύριον
881 2398 914 2466 ὴ
944 2396 1125 2465 μήτηρ
1175 2395 1397 2449 ἐκάλεσε
1435 2395 1683 2465 λέγουσαο
1723 2416 1743 2449 ι
1776 2395 1929 2453 Οἶνον

348 2481 448 2534 οὐκ
479 2480 727 2551 ἔχουσιν·
772 2500 791 2534 ›
820 2481 895 2545 ὠς
934 2482 1043 2552 γὰρ
1069 2482 1187 2536 ὲνὺν
1225 2483 1598 2557 ἐπ’ίὲξουσίαις
1632 2486 1780 2557 αὐτῷ
1821 2489 1929 2541 πᾶν

348 2570 484 2640 ὅπερ
513 2570 580 2624 ἂν
610 2570 852 2640 βούλοιτο
879 2572 1073 2635 ποιεῖν,
1115 2572 1195 2635 είς
1227 2571 1286 2625 τὸ
1324 2571 1507 2642 θαῦμα
1539 2575 1855 2645 προτρέπει.

425 2664 486 2717 Τί
508 2662 639 2732 ἐμοὶ
681 2663 779 2716 καὶ
818 2662 1175 2731 σοί,γύναι;
1203 2663 1364 2715 οὔπω
1404 2663 1535 2732 ἥκει
1575 2665 1613 2733 ἠ
1650 2664 1769 2732 ῶρα
1791 2684 1926 2736 μου.

424 2835 655 2907 Ἀριστα
683 2835 778 2889 καὶ
798 2834 989 2889 τοῦτον
1028 2836 1160 2905 ἡμῖν
1187 2834 1279 2887 τὸν
1306 2835 1463 2903 λόγον
1491 2836 1519 2888 ὁ
1550 2836 1739 2907 Σωτὴρ
1767 2838 1930 2907 ἐσχη-

356 2926 629 2994 ματίζετο.
679 2927 753 2981 Οὐ
799 2926 908 2996 γὰρ
944 2925 1052 2979 ἔδει
1107 2927 1365 2997 δρομαῖον
1415 2927 1509 2980 ἐπὶ
1550 2928 1609 2979 τὸ
1651 2929 1929 2998 πράττειν,

354 3016 548 3082 ἐλθεῖν,
579 3017 698 3070 οὐδὲ
720 3016 1011 3088 αὐτόμολον
1034 3016 1223 3088 ὥσπερ
1245 3018 1471 3087 ὁρᾶσθαι
1497 3019 1927 3090 θαυματουργὸν,

356 3107 686 3178 κεκλημένον
713 3107 768 3161 δὲ
795 3081 947 3178 μύλις
977 3108 1068 3160 ἐπὶ
1105 3081 1262 3161 τοῦτο
1280 3081 1542 3177 βαδίζειν,
1574 3081 1666 3161 κά).
1689 3081 1931 3180 τῇ
1957 3081 1999 3138 C

360 3196 583 3266 μᾶλλον,
600 3196 743 3266 ἢπερ
771 3199 882 3260 τοῖς
908 3196 1105 3267 ὁρῶσιν
1138 3196 1415 3249 ἐπιδοῦναι
1447 3196 1544 3267 τὴν
1573 3198 1750 3268 χάριν.
1775 3199 1933 3252 Δοκεῖ

356 3289 415 3342 δέ
443 3307 559 3353 πως
598 3284 734 3343 εῖναι
765 3291 856 3343 καὶ
903 3291 1231 3361 χαριεστέρα
1260 3288 1369 3342 τῶν
1403 3288 1750 3358 ποθουμένων
1786 3293 1820 3360 ἠ
1842 3290 1933 3345 έκ-

359 3376 538 3444 6ασις,
571 3379 670 3431 οὐκ
704 3378 767 3431 ὲκ
802 3378 895 3432 τοῦ
940 3379 1227 3450 προχείρου
1280 3380 1392 3442 τοῖς
1421 3378 1629 3431 αἰτοῦσι
1667 3396 1932 3450 χορηγου-

360 3468 517 3537 μένη,
546 3468 633 3522 διά
661 3468 715 3521 δὲ
762 3471 961 3540 μικρᾶς
998 3468 1341 3539 ὑπερθέσεως
1381 3471 1460 3532 είς
1513 3469 1703 3523 ἐλπίδα
1748 3470 1929 3524 καλλί⁴

357 3574 487 3627 στην
510 3558 879 3630 άνωθουμένηυ
920 3558 1095 3620 ἄλλως
1129 3576 1189 3611 τε
1219 3559 1313 3612 καὶ
1351 3559 1437 3612 διὰ
1474 3560 1661 3613 τούτου
1690 3562 1789 3633 τὴν
1817 3563 1930 3627 τοῖς

352 3646 568 3699 τεκοῦσι
614 3648 1064 3718 χρεωστουμένην
1107 3648 1269 3718 τιμὴν
1296 3648 1728 3720 ἀξιολογωτάτην
1754 3652 1929 3722 ύπάρο

351 3753 550 3805 χουσαν
579 3736 905 3790 ἐπιδεικνύει
938 3738 982 3790 Χ
990 3737 1193 3805 ριστὸς,
1214 3738 1350 3807 ὅπερ
1373 3737 1433 3789 οὐ
1458 3737 1716 3808 πράττειν
1737 3739 1928 3810 ἢθελεν

350 3827 488 3879 αἰδοῖ
514 3829 580 3898 τῇ
617 3828 750 3899 περὶ
792 3828 1009 3899 μητέρα
1037 3827 1483 3897 καταδεχόμενος.

420 3919 589 3987 Λέγει
618 3921 656 3988 ἡ
684 3918 882 3988 μήτηρ
920 3919 1106 3973 αὑτοῦ
1133 3918 1257 3984 τοῖς
1288 3918 1583 3985 διακόνοις
1604 3936 1619 3952 ο
1646 3921 1775 3973 "Oct
1821 3922 1929 3976 ἐὰν

344 4006 496 4075 λέγῃ
537 4008 696 4077 ὑμῖν,
720 4008 1034 4076 ποιήσατε.
1055 4003 1259 4062 *Ησαν
1280 4007 1349 4061 δὲ
1394 4006 1524 4060 ἐκεῖ
1559 4008 1752 4076 ὑδρίαι
1781 4011 1929 4064 λίθι·

347 4112 449 4149 ναι
492 4095 562 4161 ἓξ
606 4096 872 4165 κείμεναι
922 4099 1074 4150 κατά
1107 4096 1213 4150 τὸν
1242 4099 1611 4168 καθαρισμὸν
1629 4098 1749 4153 τῶν
1784 4100 1930 4153 Ἰου-

347 4186 538 4239 δαίων
565 4188 865 4254 χωροῦσαι
899 4186 1017 4241 ἀνὰ
1053 4188 1346 4257 μετρητὰς
1383 4189 1493 4243 δύο
1535 4191 1572 4259 ἣ
1615 4189 1791 4257 τρεῖς.

426 4276 634 4347 Πολλὴν
656 4277 852 4347 ἔχουσα
879 4277 975 4348 τὴν
1002 4277 1173 4349 ῥοπὴν
1198 4282 1278 4343 εἰς
1301 4280 1360 4333 τὸ
1381 4281 1631 4348 γενέσθαι
1660 4281 1721 4334 τὸ
1747 4280 1930 4352 θαῦμα

2029 1862 2169 1903 nova
2190 1848 2256 1901 ⁷ο.
2297 1866 2315 1900 ι
2354 1847 2511 1904 Venit
2546 1850 2731 1920 itaque
2763 1864 2871 1904 una
2897 1864 3021 1904 cum
3062 1851 3179 1906 suis
3205 1850 3491 1923 discipulis
3524 1855 3591 1911 ad

2031 1940 2272 2008 nuptias.
2338 1938 2575 1994 Decebat
2633 1942 2867 2010 quippe,
2920 1948 2979 1996 ut
3036 1942 3302 1997 miracula
3353 1946 3595 2014 patranti

2029 2030 2287 2085 adessent
2324 2031 2416 2100 qui
2442 2046 2621 2085 rerum
2654 2033 2988 2087 mirabilium
3026 2034 3212 2091 studio
3239 2036 3594 2102 tenebantur,

2029 2121 2082 2176 id
2133 2122 2278 2191 quod
2325 2124 2652 2190 patrandum
2703 2130 2827 2178 erat
2874 2125 3033 2194 quasi
3084 2126 3373 2195 quemdam
3413 2128 3595 2182 cibum

2030 2212 2154 2267 ﬁdei
2188 2226 2300 2267 sua:
2329 2212 2635 2268 collecturi.
2669 2213 2940 2269 Caeterum
2989 2216 3119 2269 vino
3166 2216 3426 2271 convivas
3459 2218 3595 2272 deti-

2029 2299 2228 2363 ciente,
2266 2302 2439 2355 mater
2472 2316 2595 2356 eum
2644 2309 2801 2372 rogat
2845 2314 2905 2358 ut
2943 2305 3104 2359 solita
3138 2321 3239 2360 sua
3271 2306 3515 2362 bonitate
3544 2316 3599 2362 et

2028 2389 2367 2462 benignitate
2390 2392 2467 2446 uti
2488 2393 2638 2459 velit,
2664 2392 2855 2449 dicens
2883 2411 2896 2446 :
2924 2412 2944 2444 ‹
2968 2393 3167 2449 Vinum
3191 2410 3301 2451 non
3321 2396 3540 2451 habent.
3572 2417 3593 2449 ι

2027 2477 2165 2532 Nam
2198 2480 2355 2550 quasi
2386 2481 2441 2534 in
2476 2481 2596 2549 ejus
2631 2490 2901 2552 potestate
2932 2483 3003 2538 sit
3035 2490 3234 2538 cuncta
3267 2482 3446 2540 facere
3476 2499 3601 2554 quae

2028 2569 2178 2634 velit,
2211 2570 2277 2624 ad
2306 2572 2631 2626 miraculum
2658 2588 2781 2627 eum
2815 2573 3098 2628 hortatur:

2100 2658 2141 2711 ll
2163 2701 2175 2724 ,
2204 2662 2257 2716 4.
2299 2661 2440 2728 Quid
2475 2661 2603 2716 mihi
2624 2670 2672 2716 et
2705 2662 2799 2717 tibi
2819 2672 2922 2730 est,
2947 2664 3135 2718 mulier
3154 2666 3180 2719 γ
3208 2662 3437 2719 nondum
3463 2663 3599 2717 venit

2031 2751 2160 2804 hora
2196 2768 2326 2807 mea.
3466 2750 3471 2754 ’

2103 2843 2255 2897 llunc
2295 2858 2602 2899 sermonem
2625 2844 2884 2913 praeclare
2907 2859 3124 2914 quoque
3160 2843 3425 2898 Servator
3454 2843 3599 2899 edin.

2031 2934 2131 2987 xit.
2170 2930 2281 2985 Nec
2323 2934 2469 2985 enim
2514 2930 2583 2983 ad
2619 2930 2884 3000 patranda
2931 2931 3197 2985 miracula
3244 2946 3466 2986 currere
3503 2938 3600 2985 aut

2033 3023 2178 3076 ultro
2205 3020 2407 3076 inferre
2441 3037 2500 3076 se
2533 3037 2640 3076 non
2670 3021 2948 3090 oportuit,
2981 3021 3076 3076 sed
3112 3030 3363 3090 rogatum
3398 3035 3463 3075 eo
3504 3035 3598 3075 ve.

2032 3116 2190 3181 nire,
2234 3121 2287 3168 et
2331 3113 2555 3167 utilitati
2598 3113 2770 3184 magis
2819 3126 2982 3182 quam
3020 3119 3385 3181 spectatorum
3424 3110 3602 3166 oculis

2033 3198 2190 3257 hanc'
2226 3203 2491 3272 impertiri
2539 3203 2792 3272 gratiam.
2830 3202 3084 3256 Gratiora
3125 3216 3256 3256 vero
3300 3207 3429 3256 sunt
3477 3216 3600 3270 quae

2032 3298 2309 3365 optantur,
2344 3293 2390 3348 si
2426 3307 2534 3346 non
2570 3293 2680 3346 cito
2711 3292 3022 3360 petentibus
3050 3306 3115 3345 ea
3148 3289 3468 3353 tradantur,
3503 3287 3597 3342 sed

2032 3382 2368 3450 aliquantula
2390 3396 2541 3435 mora
2568 3382 2619 3434 in
2645 3381 3075 3450 pulcherrimam
3101 3395 3251 3449 spem
3277 3379 3599 3436 offerantur.

2030 3471 2321 3535 Praeterea,
2352 3473 2645 3524 maximum
2670 3485 2790 3526 esse
2818 3471 2969 3524 illum
2998 3470 3260 3526 honorem
3284 3471 3377 3540 qui
3404 3482 3601 3539 paren-

2032 3567 2177 3621 tibus
2220 3565 2469 3632 debetur,
2505 3564 2762 3621 Christus
2810 3565 3092 3631 ostendit,
3134 3565 3261 3619 dum
3293 3563 3600 3618 reverentia

2030 3658 2225 3712 matris
2280 3656 2332 3711 id
2384 3654 2692 3710 faciendum
2755 3654 3027 3724 suscipit,
3077 3654 3225 3724 quod
3274 3652 3454 3709 facere
3498 3667 3600 3708 no-

2030 3745 2195 3802 lebat.

2098 3919 2140 3975 ll
2162 3964 2177 3987 ,
2219 3920 2334 3976 5-6.
2369 3921 2508 3975 Dicit
2547 3931 2717 3976 mater
2749 3921 2864 3991 ejus
2904 3920 3210 3975 ministris:
3246 3920 3602 3992 Quodcunque

2028 4014 2220 4068 dixerit
2250 4014 2411 4077 vobis,
2436 4014 2616 4083 facite.
2648 4012 2819 4066 Erant
2843 4020 3017 4066 autem
3047 4011 3123 4065 ibi
3151 4012 3373 4080 lapidea:
3399 4012 3602 4081 hydria!

2030 4120 2121 4160 sea:
2136 4105 2322 4174 posita:
2349 4105 2633 4158 secundum
2654 4105 3076 4173 puriﬁcationem
3099 4103 3604 4174 Judworum,136

2030 4197 2292 4264 capientes
2326 4196 2547 4264 singula:
2573 4205 2822 4248 metretas
2857 4194 3007 4247 binas
3040 4194 3118 4248 vel
3147 4202 3346 4247 ternas.

2101 4285 2350 4356 Magnam
2380 4285 2588 4339 habens
2619 4284 3003 4337 auctoritatem
3038 4281 3105 4335 ad
3135 4280 3459 4335 miraculum
3499 4280 3600 4335 eli-

348 4367 641 4434 νενίκηκεν
674 4369 707 4437 ἠ
756 4368 892 4438 γυνὴ
925 4368 1183 4422 πείθουσα
1213 4370 1303 4424 διὰ
1343 4371 1406 4424 τὸ
1449 4373 1654 4442 πρέπον
1696 4372 1771 4435 ὡς
1818 4373 1927 4427 υἱὸν

2033 4375 2283 4430 ciendum
2311 4377 2506 4430 mulier
2528 4374 2815 4428 Dominum
2841 4373 3007 4426 ﬁlium
3033 4388 3216 4434 suum,
3248 4378 3306 4425 ut
3336 4386 3434 4440 par
3461 4381 3598 4432 erat,

348 4457 446 4510 τὸν
476 4455 700 4525 Κύριον.
743 4459 1002 4529 Ἀρχεται
1042 4459 1097 4511 δὲ
1142 4460 1236 4513 τοῦ
1267 4462 1590 4534 πράγματος
1627 4463 1762 4534 αῦτη
1797 4465 1931 4535 πρὸς

352 4546 660 4617 ὑπουργίαν
704 4547 802 4619 ἤδη
852 4547 961 4600 τῶν
990 4549 1241 4616 γενέσθαι
1285 4552 1761 4624 προσταττομένων
1807 4555 1933 4618 τοὺς

352 4639 456 4707 τῆς
488 4636 848 4708 πανηγύρεως
887 4637 1168 4708 ὑπηρέτας
1206 4641 1615 4710 εὐτρεπίζουσα.

428 4726 599 4795 Λέγει
634 4727 840 4793 αὐτοῖς
866 4730 900 4780 ὁ
944 4726 1181 4795 Ἰησοῦς
1205 4743 1219 4757 ·
1250 4731 1547 4798 Γεμίσατε
1581 4731 1689 4797 τὰς
1728 4731 1935 4801 ὑδρίας

353 4818 594 4884 ὕδατος.
626 4820 732 4874 Καὶ
765 4820 1055 4889 ἐγέμισαν
1086 4818 1195 4884 ἕως
1222 4819 1361 4874 ἅνω.
1381 4821 1489 4875 Καὶ
1522 4821 1681 4891 λέγει
1708 4824 1931 4891 αὐτοῖς’

368 4910 735 4976 Ἀντλήσατε
762 4911 897 4975 νῦν,
921 4911 1018 4964 καὶ
1038 4906 1250 4980 φέρετε
1270 4909 1349 4975 τῷ
1369 4912 1802 4981 ἀρχιτρικλίνῳ·
1832 4917 1932 4969 καὶ

354 4990 639 5070 ἤνεγκανζ
686 5003 782 5068 Ὠς
838 5003 906 5056 δὲ
962 5003 1253 5071 ἐγεύσατο
1285 5006 1318 5056 d
1366 5004 1804 5074 ἀρχιτρίκλινος
1865 5008 1931 5062 τὸ

354 5091 517 5156 ὕδωρ
573 5088 738 5145 οἶνον
793 5093 1207 5164 γεγενημένον,
1248 5094 1345 5148 καί
1403 5097 1513 5149 οὐκ
1569 5097 1697 5167 ᾔδει
1749 5101 1933 5155 πόθεν

352 5181 535 5233 ἐστίν
557 5196 571 5211 ·
599 5185 652 5235 oi
682 5182 748 5235 δὲ
787 5183 1050 5239 διάκονοι
1092 5184 1347 5254 ᾔδεισαν
1374 5187 1429 5240 οἱ
1464 5186 1829 5256 ἠντληκότες
1863 5189 1931 5243 τὸ

354 5272 518 5339 ὕδωρ
539 5289 552 5304 ο
594 5273 781 5340 φωνεῖ
809 5275 914 5327 τὸν
955 5277 1217 5345 νυμφίον
1265 5279 1298 5329 ό
1328 5277 1766 5346 ἀρχιτρίκλινος
1789 5317 1804 5342 ,
1832 5279 1931 5333 καί

354 5363 522 5433 λέγει
550 5361 711 5427 αὐτῷ
741 5379 756 5393 ⁸
804 5364 929 5429 Πᾶς
968 5364 1270 5434 ἅνθρωπος
1317 5367 1557 5435 πρῶτον
1597 5368 1702 5421 τὸν
1745 5369 1936 5425 καλὸν

357 5450 530 5509 οἶνον
560 5454 776 5520 τίθησι,
799 5454 897 5507 καὶ
925 5453 1068 5507 ὅταν
1090 5456 1449 5524 μεθυσθῶσι,
1477 5458 1610 5510 τότε
1639 5458 1743 5512 τὸν
1757 5460 1939 5515 ἐλάσ-

359 5557 452 5599 σω
512 5544 595 5597 Σὺ
629 5544 960 5612 τετήρηκας
994 5544 1100 5597 τὸν
1126 5544 1317 5598 καλὸν
1347 5541 1517 5599 οἶνον
1539 5546 1649 5614 ἕως
1676 5547 1825 5616 ἄρτι.

440 5658 486 5689 ‘°
519 5658 658 5714 Gen.
693 5674 773 5727 ut,
808 5659 893 5713 16.
982 5656 1030 5689 ⁷ο
1061 5656 1104 5710 tl
1140 5657 1267 5713 Cor.
1306 5674 1360 5720 ν,
1393 5656 1479 5709 i7.

2033 4468 2326 4536 persuasit.
2365 4466 2495 4521 llaec
2524 4471 2706 4519 autem
2735 4479 2847 4518 rem
2870 4462 3205 4533 aggreditur,
3237 4462 3365 4515 dum
3395 4462 3605 4530 nuptia-

2032 4572 2153 4611 rum
2188 4558 2471 4612 ministros
2501 4563 2696 4627 praesto
2734 4569 2854 4609 esse
2879 4554 3054 4621 jubet,
3085 4567 3260 4621 eaque
3292 4551 3604 4606 ministrare

2034 4662 2155 4716 qua:
2189 4644 2453 4701 Dominus
2492 4660 2613 4699 mox
2649 4644 3017 4711 imperaturus
3050 4649 3217 4696 esset.

2112 4735 2189 4800 ll,
2238 4735 2392 4789 7-10.
2440 4734 2578 4787 Dicit
2614 4733 2687 4785 eis
2719 4730 2917 4784 Iesus:
2958 4729 3175 4797 Implete
3203 4729 3420 4801 hydrias
3443 4744 3602 4799 aqua.

2040 4826 2108 4880 Et
2140 4827 2481 4894 impleverunt
2516 4841 2605 4877 eas
2636 4837 2799 4891 usque
2831 4822 2899 4875 ad
2929 4838 3212 4875 summum.
3254 4819 3323 4873 Et
3359 4819 3489 4874 dicit
3516 4821 3602 4890 ξοδδ

2034 4917 2190 4972 Jesus
2214 4934 2231 4970 :
2268 4917 2495 4969 llaurite
2521 4931 2687 4980 nunc,
2718 4923 2766 4968 et
2791 4914 2919 4983 ferte
2947 4912 3306 4966 architriclino
3331 4928 3349 4964 :
3386 4920 3434 4964 et
3468 4911 3600 4965 tule-

2034 5017 2178 5063 runt.
2217 5008 2284 5063 Ut
2314 5017 2486 5061 autem
2517 5009 2745 5077 gustarit
2776 5005 3166 5061 architriclinus
3197 5017 3389 5072 aquam
3428 5003 3602 5057 vinum

2034 5103 2272 5172 factum,
2309 5108 2358 5154 et
2398 5116 2499 5153 non
2539 5099 2732 5154 sciebat
2775 5097 2912 5151 unde
2948 5103 3121 5158 esset;
3160 5094 3391 5146 ministri
3432 5101 3605 5144 autem

2033 5192 2264 5246 sciebant
2294 5191 2382 5262 qui
2407 5191 2688 5244 hauserant
2714 5203 2905 5256 aquam
2930 5200 2949 5238 :
2981 5192 3128 5238 uocat
3158 5197 3401 5250 sponsum
3432 5178 3606 5264 archi-

2037 5283 2280 5336 triclinus
2302 5322 2316 5345 ,
2361 5291 2409 5335 et
2445 5281 2575 5333 dicit
2615 5279 2662 5332 ei
2694 5295 2711 5331 :
2761 5274 2946 5331 Omnis
2979 5274 3132 5327 homo
3158 5276 3388 5339 primum
3416 5267 3605 5317 bonum

2041 5376 2217 5431 vinum
2245 5375 2432 5442 ponit:
2465 5380 2514 5426 et
2549 5387 2666 5424 cum
2701 5365 2946 5421 inebriati
2970 5363 3193 5432 fuerint,
3230 5370 3352 5409 tunc
3383 5355 3439 5403 id
3461 5348 3605 5424 quod

2043 5464 2272 5517 deterius
2301 5471 2377 5517 est
2401 5478 2417 5515 :
2462 5471 2517 5515 tu
2561 5470 2736 5514 autem
2765 5455 2986 5512 servasti
3024 5453 3212 5504 bonum
3241 5444 3418 5497 vinum
3446 5451 3613 5508 usque

2044 5554 2232 5608 adhuc.
