4090 6266
607 261 715 319 2‘27

1589 266 1648 322 Β.
1688 263 1966 322 CYRILLI
2007 252 2480 316 ALEXANDRINI
2516 249 2838 309 ARCHIEP.

3728 242 3823 298 29.8

670 377 836 435 Jussa
866 356 1087 448 quidem
1121 376 1359 434 ministri
1402 375 1614 433 faciunt
1648 395 1666 432 :
1719 374 1979 433 ineffabili
2035 386 2201 429 vero.

2341 366 2618 437 Πληροῦσι
2677 364 2776 435 μὲν
2827 363 2877 415 οἰ
2933 357 3302 421 διακονοῦντες
3359 355 3421 409 τὸ
3469 354 3820 427 προσταχθὲν.

602 472 805 526 virtute
854 484 995 541 aqua
1038 469 1095 523 in
1140 469 1327 523 vinum
1371 476 1794 526 transmutatur.
1839 467 1981 535 Quid
2024 466 2169 521 enim

602 559 978 630 Omnipotenti
1006 559 1262 614 diﬁlcile?
1291 558 1395 625 Qui
1426 575 1513 614 res
1551 575 1582 614 e
1614 560 1788 629 nihin
1823 559 1890 611 ad
1917 571 2042 613 esse
2075 569 2171 609 vo-

604 653 723 708 cat,
758 645 1034 714 quomodo
1065 646 1176 714 jam
1227 644 1404 701 factas
1447 649 1502 701 in
1536 647 1903 717 quodcunque
1939 642 2174 701 voluerit

606 732 830 789 difﬁcile
870 733 974 788 erit
1016 734 1063 787 ci
1099 734 1536 790 transformare?
1582 735 1718 790 Rem
1744 751 1872 791 vero
1905 736 2174 789 mirantur

608 833 668 878 ut
690 825 946 879 eximiam
972 844 986 889 ;
1037 841 1145 879 non
1173 826 1316 880 enim
1347 827 1451 881 alia
1490 842 1611 883 esse
1640 836 1892 898 poterant
1923 844 2046 898 quae
2079 842 2176 897 per

607 913 884 971 Christum
916 915 1234 983 agebantur.
1265 914 1441 971 Porro
1471 917 1879 973 architrielinus
1910 932 2173 986 sponsum

610 1004 875 1073 increpat,
905 1020 1009 1058 non
1038 1004 1275 1073 illepide,
1303 1013 1362 1057 ut
1388 1006 1646 1068 arbitror,
1671 1008 1718 1061 si
1748 1007 1824 1061 rei
1845 1015 2011 1076 gestae
2034 1007 2175 1060 ratio

609 1102 921 1164 spectetur,
969 1094 1118 1163 quod
1166 1096 1269 1150 sub
1313 1095 1475 1151 tinent
1530 1111 1705 1151 omna:
1754 1099 1949 1152 melius
1990 1097 2176 1151 vinum

608 1184 986 1254 profunderet.

681 1272 759 1340 ll,
802 1275 1004 1328 11-ἰό.
1049 1274 1166 1328 Hoc
1213 1276 1335 1345 fecit
1376 1276 1588 1330 initium
1627 1278 1896 1347 signorum
1925 1277 2080 1332 Jesus
2124 1277 2179 1330 in

609 1364 760 1422 Cana
807 1365 1086 1421 Galilazte:
1146 1376 1196 1420 et
1247 1368 1603 1437 manifestat-it
1640 1370 1867 1436 gloriam
1900 1385 2086 1432 suam,
2128 1378 2179 1422 et

608 1455 943 1510 crediderunt
975 1458 1027 1511 in
1056 1473 1174 1512 eum
1203 1457 1452 1527 discipuli
1486 1458 1619 1527 ejus.
1655 1457 1786 1513 Post
1819 1458 1930 1511 lucc
1966 1457 2181 1512 descen-

608 1543 689 1596 dit
714 1545 770 1596 in
790 1541 1164 1611 Capharnaum
1188 1547 1295 1613 ipse
1315 1556 1364 1600 et
1388 1555 1558 1600 mater
1576 1546 1714 1616 ejus,
1748 1556 1798 1600 et
1827 1547 2022 1615 fratres
2042 1548 2176 1617 ejus,

609 1644 661 1690 et
696 1634 945 1704 discipuli
971 1637 1085 1705 ejus
1117 1653 1136 1690 :
1174 1646 1223 1691 et
1266 1639 1340 1691 ibi
1374 1649 1681 1692 manserunt
1711 1656 1814 1692 non
1848 1640 2031 1694 multis
2070 1640 2182 1694 die-

2271 459 2463 530 ἁφάτῳ
2496 458 2553 512 δὲ
2579 457 2804 527 δυνάμει
2835 454 2895 508 τὺ
2924 444 3070 525 ὕδωρ
3084 453 3163 515 εἰς
3185 447 3326 504 οἶνον
3356 448 3820 520 μετασκευάζεται.

2271 551 2335 603 Τί
2366 551 2472 621 γὰρ
2507 549 2573 603 ἂν
2601 548 2808 617 γένοιτο
2837 536 3070 617 χαλεπὸν
3096 541 3175 613 τῷ
3208 542 3385 596 πάντα
3417 538 3653 610 ἰσχύοντι
3683 554 3695 600 ς
3728 538 3753 590 6
3774 538 3821 592 δὲ

2269 637 2337 690 τὰ
2364 638 2467 690 οὐκ
2496 635 2623 688 ὄντα
2650 635 2830 689 καλῶν
2858 634 2938 696 εἰς
2970 624 3203 701 γένεσιν,
3232 630 3349 693 πῶς
3367 630 3433 683 ἂν
3460 630 3629 699 κάμοι
3650 626 3715 681 τὰ
3738 628 3820 699 ήδη

2273 724 2620 794 πεποιημένα
2671 721 3127 794 μεταρρυθμίζων
3176 719 3262 789 ἐφ’
3286 720 3422 791 ὅπερ
3462 717 3532 772 ἂν
3574 714 3821 788 βούλοιτο;

2284 814 2758 885 Ἀποθαυμάζουσι
2790 813 2848 867 δὲ
2878 813 2976 884 τὴν
3002 813 3195 883 χρῆσιν
3217 812 3293 874 ὡς
3314 811 3593 882 ἐξαίρετον
3616 828 3628 841 ·
3650 810 3708 861 ού
3733 808 3822 878 γὰρ

2270 901 2338 977 ἦν
2374 906 2574 976 ἑτέρως
2600 905 2826 977 ὁρᾶσθαι
2862 904 2930 957 τὰ
2969 903 3059 957 διὰ
3087 902 3344 974 Χριστοῦ.
3386 896 3636 954 Αἰτιᾶται
3681 892 3729 951 δὲ
3748 895 3822 950 τὸν

2272 995 2503 1064 νυμφίον
2542 996 2569 1047 6
2604 992 3024 1065 ἀρχιτρίκλινος,
3057 992 3133 1055 ὡς
3169 992 3228 1046 ἐν
3267 989 3477 1061 ὑστέρῳ
3508 988 3600 1041 τοῦ
3635 982 3820 1040 δείπνου

2274 1085 2452 1155 καιρῷ
2498 1085 2820 1139 δαπανῶντα
2853 1084 2914 1136 τὸ
2954 1082 3174 1153 ἄμεινον
3195 1124 3208 1147 ,
3235 1082 3334 1134 οὐκ
3367 1080 3628 1150 ἀκόμψως
3646 1121 3659 1145 ,
3680 1075 3746 1139 ὥς
3770 1075 3822 1145 γέ

2277 1193 2366 1247 μοι
2396 1178 2660 1245 φαίνεται,
2683 1175 2823 1229 κατὰ
2850 1191 2913 1243 γε
2937 1175 3026 1227 τὸν
3045 1174 3143 1245 τῆς
3174 1172 3416 1242 ἱστορίας
3438 1170 3622 1238 λόγον,

2350 1266 2584 1333 Ταύτην
2624 1265 2874 1331 ἐποίησε
2920 1263 3034 1330 τὴν
3085 1260 3282 1331 ἀρχὴν
3333 1260 3451 1315 τῶν
3509 1259 3756 1328 σημείων
3796 1257 3823 1308 ὁ

2288 1357 2527 1425 Ἰησοῦς
2557 1356 2626 1409 ἐν
2652 1355 2817 1421 Κανᾷ
2846 1354 2955 1423 τῆς
2983 1354 3314 1418 Γαλιλαίας
3334 1394 3351 1420 ,
3391 1352 3492 1409 καί
3517 1349 3822 1418 ἐφανέρωσε

2275 1449 2391 1516 τὴν
2434 1446 2622 1512 δόξαν
2650 1447 2837 1501 αὑτοῦ
2866 1463 2880 1477 ο
2929 1446 3029 1499 καί
3076 1445 3447 1499 ἐπίστευσαν
3479 1445 3566 1506 εἰς
3588 1439 3758 1494 αὑτὸν
3780 1440 3823 1490 οἱ

2272 1538 2533 1609 μαθηταί
2574 1539 2781 1591 αὐτοῦ.
2829 1537 2989 1591 Μετὰ
3030 1535 3203 1589 τοῦτο
3246 1534 3465 1600 κατέϐη
3500 1535 3586 1598 εὶς
3622 1535 3821 1596 Καπερ·

2279 1630 2474 1700 ναοὺμ
2511 1629 2692 1695 αὐτὸς
2732 1630 2827 1682 καί
2863 1631 2901 1697 ἠ
2938 1627 3136 1697 μήτηρ
3168 1625 3376 1689 αὑτοῦ,
3398 1625 3498 1679 καί
3530 1626 3585 1677 οἰ
3606 1619 3822 1689 ἀδελφοί

612 1723 728 1779 bus.
873 1700 1031 1795 prope
1066 1740 1181 1780 erat
1227 1728 1436 1782 Pascha
1476 1728 1821 1799 Judworum,
1865 1743 1914 1785 et
1948 1731 2182 1787 ascendit

2284 1720 2490 1785 αὐτοῦ,
2526 1719 2625 1773 καί
2674 1721 2727 1772 οἱ
2769 1717 3024 1787 μαθηταί
3061 1716 3266 1770 αὐτοῦ.
3302 1713 3411 1770 Καὶ
3455 1712 3586 1767 ἐκεῖ
3613 1712 3821 1799 ἔμειναν

610 1813 768 1870 Jesus
798 1815 1244 1886 Hierosolymam.

598 1984 599 1987 “
686 1987 873 2054 Multa,
909 2004 1081 2058 eaque
1105 1993 1386 2060 praelara,
1419 2008 1529 2047 uno
1549 2001 1602 2049 et
1622 1995 1800 2065 primo
1827 1995 1983 2066 signo
2020 1996 2184 2053 simul

616 2079 940 2148 agebantur.
969 2079 1180 2151 Nuptiae
1209 2084 1407 2153 quippe
1434 2084 1789 2141 honorabiles
1827 2087 2184 2142 sanctiﬁcata

615 2172 781 2235 suntf,
817 2178 870 2224 et
903 2172 1206 2228 exsecratio
1242 2174 1297 2228 in
1331 2175 1589 2233 mulieres
1622 2177 1862 2246 repulsa.
1886 2177 2006 2231 Non
2039 2179 2181 2232 enim

615 2257 672 2313 in
706 2256 990 2315 doloribus
1017 2261 1159 2315 ultra
1189 2265 1400 2332 parient
1424 2265 1650 2329 liberos,
1681 2280 1805 2319 cum
1840 2267 2016 2336 ipsum
2044 2282 2185 2337 quo-

612 2365 720 2419 que
742 2358 943 2406 nostra:
967 2354 1339 2420 generationis
1362 2354 1582 2409 initium
1612 2356 1867 2411 Christus
1894 2357 2187 2411 benedixe-

612 2438 706 2495 rit.
765 2436 949 2494 Gloria
1009 2454 1142 2494 vero
1191 2439 1499 2515 Salvatoris
1556 2444 1735 2499 nostri
1792 2445 1933 2498 radii
1985 2446 2183 2502 solaris

613 2526 792 2581 instar
813 2527 1073 2596 emicuit,
1104 2538 1159 2584 et
1197 2529 1390 2584 harum
1420 2545 1600 2586 rerum
1631 2532 1993 2589 admiratione
2020 2534 2182 2590 disci-

613 2617 869 2687 pulorum
915 2617 1048 2674 ﬁdes
1094 2619 1268 2689 magis
1318 2620 1696 2676 conﬁrmatur.
1757 2622 1863 2679 Sed
1907 2624 2185 2680 historicen

613 2708 839 2778 quidem
870 2709 1232 2778 expositionis
1274 2711 1412 2766 satis
1464 2711 1536 2765 sit
1576 2712 1841 2769 hactenus
1865 2755 1880 2779 ,
1938 2716 2044 2770 alia
2081 2730 2183 2770 no-

614 2798 702 2854 bis
740 2808 825 2854 est
856 2799 1094 2855 ineunda
1123 2802 1530 2870 contemplandi
1566 2803 1736 2867 ratio,
1775 2804 1933 2874 137
1966 2813 2021 2859 (ι
2052 2805 2182 2875 quid

2284 1812 2356 1866 οὐ
2384 1810 2620 1876 πολλὰς
2657 1809 2899 1878 ἡμέρας.
2918 1807 3025 1861 Καί
3057 1805 3236 1876 ἐγγὺς
3262 1800 3340 1874 ἦν
3373 1802 3441 1856 τὸ
3492 1801 3699 1870 Πάσχα
3726 1798 3821 1852 τῶν

2296 1904 2617 1968 Ἰουδαίων,
2648 1901 2744 1955 καί
2764 1900 2944 1968 ἀνέϐη
2975 1901 3062 1964 είς
3111 1897 3501 1965 Ἰεροσόλυμα
3525 1897 3557 1947 ὁ
3595 1884 3817 1958 Ἰησοῦς.

2353 1993 2527 2048 Πολλὰ
2560 1992 2703 2046 κατὰ
2744 1989 2938 2044 ταυτὸν
2980 1988 3214 2041 ὲτελεῖτο
3256 1986 3324 2039 τὰ
3351 1984 3616 2039 κάλλιστα
3645 1972 3703 2034 δι’
3725 1978 3821 2040 ἑνὸς

2282 2088 2377 2142 καὶ
2407 2084 2623 2157 πρώτου
2651 2082 2898 2153 σημείου.
2933 2079 3112 2150 Γόιμϐς
3138 2078 3234 2148 μὲν
3262 2076 3371 2148 γὰρ
3392 2077 3421 2128 6
3440 2066 3622 2144 τίμιος
3640 2067 3822 2141 ἡγιάζε·

2281 2195 2362 2240 το,
2399 2176 2507 2247 ἀρὰ
2538 2175 2593 2228 δὲ
2620 2176 2653 2243 ἠ
2687 2173 2828 2227 κατὰ
2864 2169 3137 2240 γυναικῶν
3163 2164 3427 2221 ὲκποδὼνε
3453 2161 3531 2219 (ἰὺ
3553 2163 3654 2234 γὰρ
3677 2164 3728 2213 ἐν
3748 2158 3822 2211 λύ-

2283 2285 2413 2331 παις
2436 2266 2516 2318 ετι
2549 2264 2793 2328 τέξονται
2820 2262 3003 2325 τέκνα,
3036 2259 3131 2313 καὶ
3155 2258 3327 2328 αὐτὴν
3356 2250 3518 2327 ἡμῶν
3546 2255 3635 2324 τῆς
3662 2248 3820 2318 γεννήο

2285 2376 2419 2422 σεως
2449 2356 2548 2427 τὴν
2580 2354 2750 2425 ἀρχὴν
2777 2352 3166 2421 εύλογήσαντος
3184 2341 3277 2402 τοῦ
3308 2338 3567 2419 Χριστοῦ.
3600 2339 3820 2405 Ἠλιακῆς

2282 2449 2338 2502 δὲ
2366 2448 2518 2517 δίκην
2541 2447 2756 2506 ἀκτῖνος
2778 2444 2812 2513 ὴ
2834 2442 2926 2495 τοῦ
2948 2440 3194 2510 Σωτῆρος
3219 2432 3377 2509 ἡμῶν
3401 2433 3671 2505 ἀνέλαμψε
3697 2429 3815 2494 δόξα,

2285 2540 2379 2595 καὶ
2418 2538 2481 2592 τὸ
2531 2535 2713 2608 μεῖζον
2756 2534 2849 2587 ἐπὶ
2878 2532 3085 2595 τούτοις
3113 2527 3456 2600 βεϐαιοῦνται
3503 2525 3633 2597 πρὸς
3668 2520 3821 2574 πίστιν

2285 2630 2393 2685 ἀπὸ
2417 2629 2509 2683 τοῦ
2539 2627 2838 2697 θαυμάζειν
2866 2627 2915 2678 οἰ
2962 2622 3220 2695 μαθηταί.
3257 2621 3316 2674 '0
3340 2621 3441 2691 μὲν
3465 2616 3555 2673 οὖν
3585 2616 3678 2684 τῆς
3707 2614 3821 2665 ἱστο-

2287 2722 2410 2795 ρίας
2450 2719 2607 2788 λόγος
2644 2720 2709 2771 ὲν
2735 2717 2944 2778 τούτοις
2980 2715 3236 2784 στήσεται
3271 2727 3284 2741 °
3320 2707 3477 2780 οἶμαι
3514 2705 3569 2761 δὲ
3594 2707 3714 2769 δεῖν,

2285 2788 2476 2882 έτέραν
2508 2812 2620 2872 τοῖς
2663 2808 2978 2879 εἰρημένοις
3024 2802 3356 2857 ἐπινοεῖσθαι
3385 2800 3615 2872 Θεωρίαν
3637 2836 3651 2862 ,
3675 2793 3755 2849 καὶ
3777 2788 3819 2843 τί

613 2888 700 2943 his
731 2890 1127 2957 subinnuatur,
1172 2891 1548 2946 indicandum.
1591 2892 1882 2948 Descendit
1916 2895 2082 2964 igitur
2116 2896 2184 2951 de

2284 2901 2344 2955 τὸ
2369 2899 2611 2967 ἐντεῦθεν
2634 2896 3064 2967 ὑποδηλούμενον
3088 2895 3277 2946 εἰπεῖν.
3297 2889 3653 2957 Καταὸέϐηκε
3672 2885 3819 2938 τοίνυν

613 2979 768 3035 calls
786 2979 881 3035 Dei
897 2979 1157 3045 Verbum,
1172 2981 1314 3037 sicut
1327 2982 1442 3051 ipse
1460 2982 1536 3035 ait
1552 2983 1830 3049 alicubi“,
1854 2993 1912 3036 ut
1931 2962 2180 3037 naturam

2286 2990 2345 3055 ἐξ
2371 2962 2609 3059 οὐρανῶν
2633 2991 2661 3042 6
2687 2962 2800 3040 τοῦ-
2823 2962 2957 3040 Θεοῦ
2988 2984 3187 3052 Λόγος,
3221 2984 3293 3045 ὡς
3328 2981 3494 3043 αὐτός
3539 2977 3635 3030 πού
3665 2986 3819 3078 (gn-Gl".

611 3069 852 3125 hominis
876 3071 986 3126 sibi
1004 3073 1264 3126 sociatam
1287 3071 1627 3141 spiritalibus
1650 3072 1931 3142 sapientiae
1958 3073 2185 3128 semini-

2287 3082 2373 3135 ἵνα
2402 3080 2500 3152 τὴν
2542 3079 2828 3151 ἀνθρώπου
2855 3076 3017 3147 φύσιν
3044 3074 3281 3145 νυμφίου
3306 3073 3468 3143 δίκην
3509 3066 3819 3132 οἰκειωσάμε·

615 3160 719 3216 bus
757 3161 912 3231 quasi
956 3176 1193 3231 sponsus
1232 3171 1601 3231 praegnantem
1638 3160 1754 3216 ﬁeri
1803 3162 2180 3231 persuaderet.

2285 3190 2374 3237 νος
2423 3173 2709 3241 κυοφορεῖν
2760 3168 3026 3239 ἀναπείσῃ
3071 3166 3139 3220 τὰ
3168 3162 3518 3234 πνευματικὰ
3540 3160 3636 3229 τῆς
3663 3154 3819 3223 costas

616 3250 684 3304 Et
712 3263 913 3318 sponsa
946 3250 1164 3320 quidem
1186 3290 1203 3317 ,
1240 3256 1299 3303 ut
1333 3264 1434 3320 par
1460 3257 1566 3314 est,
1596 3249 1805 3304 idcirco
1828 3259 2055 3305 vocatur
2082 3250 2185 3305 hu-

2288 3261 2596 3334 σπέρματα.
2629 3260 2740 3315 Καὶ
2793 3259 2979 3330 νύμφη
3025 3258 3125 3328 μὲν
3178 3255 3402 3316 εἰκότως
3437 3255 3473 3325 ἡ
3514 3246 3819 3320 ἀνθρωπύτης

613 3346 849 3396 manitas
868 3385 882 3409 ,
917 3356 1153 3411 sponsus
1184 3355 1318 3397 vero
1349 3340 1627 3407 Salvator,
1658 3339 1842 3395 divina
1894 3339 2185 3412 Scriptura

2284 3354 2373 3409 διὰ
2412 3353 2604 3407 τούτου
2656 3351 2901 3405 καλεῖται
2930 3390 2944 3414 ,
2974 3347 3206 3418 νυμφίος
3230 3345 3288 3399 δὲ
3320 3347 3348 3398 6
3392 3344 3603 3414 Σωτὴρ,
3641 3342 3698 3392 ὲκ
3733 3334 3820 3387 τῶν

611 3446 677 3488 ex
728 3448 910 3488 rerum
950 3443 1265 3490 nostrarum
1304 3432 1694 3498 similitudine,
1740 3433 1809 3489 ad
1872 3433 2184 3504 intelligen-

2286 3446 2410 3499 καθ’
2438 3445 2588 3515 ἡμᾶς
2631 3444 2711 3506 εἰς
2744 3442 2929 3513 νόησιν
2974 3439 3073 3512 τὴν
3117 3438 3257 3509 ὑπὲρ
3288 3437 3438 3507 ἡμᾶς
3482 3427 3818 3492 ἀνατεινούσης

611 3523 747 3578 tiam
774 3523 940 3578 nobis
971 3524 1224 3578 altiorem
1255 3524 1462 3578 dictum
1492 3523 1627 3579 illud
1651 3525 1933 3580 evehente.
1968 3524 2187 3596 Nuptiae

2284 3536 2377 3591 τὸν
2422 3535 2580 3604 λόγον
2611 3533 2711 3604 τῆς
2743 3531 2892 3595 θείας
2923 3531 3146 3602 Γραφῆς
3172 3546 3187 3560 ·
3220 3528 3595 3612 συγκροτεῖται
3622 3521 3674 3574 δὲ
3698 3515 3820 3612 ὁγὰὶ

615 3612 775 3666 tertia
805 3612 895 3666 die
925 3612 1308 3675 celebrantur,
1340 3612 1445 3667 hoc
1470 3620 1556 3669 est
1589 3614 1852 3670 extremis
1889 3614 2054 3685 hujus
2083 3630 2187 3670 sa:-

2290 3641 2389 3695 μοῖ
2441 3624 2498 3677 ὲν
2544 3622 2726 3693 ἡμέρᾳ
2758 3621 2940 3693 τρίτῃ,
2978 3619 3122 3672 τοῦτ’
3157 3606 3325 3681 ἐστίν,
3373 3617 3432 3669 ὲν
3465 3614 3699 3685 ἐσχάτοις
3743 3606 3817 3657 τοῦ

544 3776 551 3779 η
614 3701 725 3757 culi
755 3702 1113 3772 temporibus.
1140 3701 1440 3758 Ternarius
1467 3705 1613 3759 enim
1639 3720 1896 3760 numerus
1918 3746 1934 3771 ,
1968 3708 2183 3762 initium

613 3790 805 3856 nobis,
838 3790 1076 3846 medium
1117 3799 1174 3846 et
1220 3793 1381 3846 tinem
1430 3792 1659 3847 inducit.
1689 3791 1780 3848 Sic
1806 3795 1950 3849 enim
1975 3796 2188 3866 quodli—

615 3879 709 3934 bet
733 3887 948 3949 tempus
970 3879 1305 3935 dimetimur.
1331 3879 1470 3935 Huic
1489 3882 1868 3952 propheticum
1892 3885 2027 3940 illud
2056 3902 2186 3956 qua-

614 3968 776 4024 drare
823 3969 1099 4025 videbitur
1126 3989 1138 4024 :
1201 3989 1219 4023 ¢
1252 3969 1561 4037 Percutiet,
1593 3980 1648 4027 et
1677 3973 1894 4029 curabit
1926 3990 2028 4031 nos
2063 3988 2184 4046 post

613 4059 755 4116 duos
787 4058 905 4115 dies
929 4060 984 4115 in
1016 4061 1175 4116 tertia
1204 4061 1293 4116 die
1323 4080 1336 4116 :
1370 4071 1424 4115 et
1454 4077 1829 4134 resurgemus,
1858 4075 1911 4120 et
1938 4066 2182 4123 vivemus

613 4150 670 4205 in
700 4159 1001 4222 conspectu
1023 4152 1165 4222 ejus,
1195 4161 1249 4208 et
1279 4155 1537 4210 sciemus.
1568 4153 1971 4227 Persequcmnr
2006 4166 2063 4212 ut
2089 4173 2183 4213 co-

611 4254 941 4310 gnoscamus
967 4240 1275 4297 Dominum.
1292 4241 1460 4308 Quasi
1489 4258 1648 4298 mane
1672 4255 1919 4313 paratum
1937 4246 2182 4301 invenie-

2287 3713 2552 3784 παρόντος
2608 3711 2805 3774 αἰῶνος
2860 3711 3074 3779 καιροῖς
3099 3725 3112 3737 ·
3142 3710 3172 3761 6
3214 3709 3321 3777 γὰρ
3356 3705 3541 3777 τρίτος
3569 3703 3690 3772 ἡμῖν
3722 3697 3820 3763 ἀρι·

2287 3804 2421 3875 θμδς
2444 3802 2617 3873 ἀρχὴν
2645 3800 2907 3870 εἰσφέρει,
2944 3799 3038 3852 καὶ
3064 3798 3354 3869 μεσότητα,
3381 3796 3481 3849 καὶ
3504 3793 3648 3854 τέλος
3665 3805 3678 3819 ·
3705 3784 3819 3875 οὓτω

2284 3873 2392 3963 γαρ
2421 3893 2451 3943 6
2482 3890 2702 3960 σύμπας
2740 3890 3086 3959 ὲκμετρεῖται
3134 3888 3343 3958 χρόνος.
3388 3883 3575 3953 Τούτῳ
3608 3873 3817 3975 φανεῖται

2285 3980 2624 4054 προσεοικὸς,
2666 3978 2727 4033 τὸ
2777 3979 2844 4032 δι’
2893 3980 3009 4062 esp;
3043 3996 3145 4031 που
3188 3977 3300 4031 τῶν
3355 3976 3527 4043 ἁγίων
3569 3978 3818 4067 προφηῖινν

2282 4071 2603 4144 εἰρημένον’
2644 4089 2663 4121 ι
2713 4056 2970 4133 Πατάξει,
3007 4069 3101 4122 καὶ
3153 4067 3387 4137 μοτὼσει
3423 4067 3572 4138 ἡμᾶς
3603 4057 3725 4133 μετὰ
3745 4056 3818 4144 δύο

2282 4143 2496 4235 ἡμέρας
2529 4163 2586 4214 ἐν
2614 4163 2681 4231 τῇ
2732 4160 2914 4231 ἡμέρᾳ
2943 4161 3008 4229 τῇ
3040 4159 3198 4230 τρίτῃ
3234 4176 3247 4189 ·
3277 4157 3374 4211 καὶ
3423 4143 3815 4246 ἀναστησόμξοξ.

2283 4254 2378 4306 καὶ
2408 4250 2685 4323 ζησόμεθα
2714 4251 2942 4303 ἐνώπιον
2978 4248 3141 4301 αὐτοῦ
3161 4287 3175 4312 ,
3208 4247 3304 4300 καὶ
3340 4242 3669 4315 γνωσόμεθα.
3704 4239 3813 4287 Attii-

611 4345 735 4386 mus
758 4332 963 4387 eum".
989 4350 1011 4386 ι
1030 4330 1470 4388 Percussitenim
1496 4349 1599 4390 nos
1616 4345 1835 4405 propter
1855 4337 2178 4406 praevarica-

2284 4346 2445 4416 ξομεν
2471 4345 2565 4398 τοῦ
2600 4343 2803 4414 γνῶναι
2830 4343 2919 4397 τὸν
2947 4343 3180 4413 Κύριονσ
3214 4341 3287 4403 ὡς
3308 4339 3503 4411 ὖρθρον
3529 4338 3721 4405 ἕτοιμον
3742 4324 3812 4379 εὖ·

609 4421 811 4478 tionem
846 4423 991 4477 illam
1022 4423 1078 4478 in
1114 4424 1309 4492 Adam,
1342 4426 1530 4481 dicens
1561 4444 1575 4480 :
1616 4443 1635 4477 ι
1668 4424 1834 4481 Terra
1876 4442 1974 4492 es,
2021 4438 2076 4481 et
2124 4428 2179 4481 in

611 4521 814 4568 terram
856 4514 1148 4569 reverteris
1186 4515 1254 4568 ⁷³.
1292 4534 1311 4567 ι
1359 4516 1465 4571 Sed
1509 4517 1859 4586 corruptione
1900 4524 1954 4572 et
2004 4525 2182 4572 morte

611 4617 905 4672 percussos
940 4619 1133 4662 rursus
1156 4607 1374 4662 curavit
1406 4608 1522 4677 ipse
1548 4607 1707 4662 tertia
1732 4608 1840 4673 die,
1875 4607 1929 4661 id
1957 4615 2043 4663 est
2072 4623 2180 4662 non

614 4691 826 4758 primis,
865 4708 1043 4764 neque
1071 4695 1265 4750 mediis
1290 4736 1306 4761 ,
1350 4695 1447 4751 sed
1480 4696 1535 4750 in
1568 4696 1778 4752 ultimis
1808 4697 2179 4767 temporibus,

613 4783 835 4851 quando
887 4784 1047 4841 homo
1102 4785 1325 4853 factus,
1358 4796 1612 4841 naturam
1657 4802 1848 4842 sanam
1900 4787 2176 4855 reddidit,

615 4887 736 4926 eam
772 4882 939 4929 totam
983 4878 1230 4933 excitans
1269 4894 1301 4932 e
1341 4878 1578 4934 mortuis
1617 4878 1670 4932 in
1708 4879 1913 4948 seipso.
1944 4877 2180 4948 Ideoque

615 4971 844 5016 vocatur
891 4967 1143 5035 primitiae
1185 4983 1405 5038 quoque
1449 4969 1839 5025 dormientium
1889 4969 1954 5023 ⁷⁸.
2010 4969 2180 5041 igitur

615 5068 742 5106 cum
782 5055 993 5109 tertiam
1024 5055 1167 5111 diem
1196 5058 1352 5121 dicit,
1380 5074 1485 5127 qua
1514 5061 1918 5130 peragebantur
1951 5061 2176 5130 nuptiis,

615 5144 866 5203 ultimum
898 5153 1114 5215 tempus
1138 5148 1430 5217 signiﬁcat.
1481 5142 1753 5204 Praeterea
1785 5150 1964 5204 locum
2028 5151 2177 5206 desi-

613 5247 761 5307 gnat.
799 5234 860 5292 In
910 5237 1057 5292 Cana
1105 5239 1251 5293 enim
1297 5237 1533 5293 Galilcre
1575 5240 1810 5309 oppido,
1844 5240 2042 5309 inquit.
2077 5238 2178 5296 llic

502 5348 507 5353 υ
614 5343 808 5384 rursus
841 5326 1239 5382 animadvertat
1273 5328 1555 5383 studiosus
1583 5368 1599 5392 ,
1635 5343 1743 5383 non
1782 5322 2175 5403 Hierosolymis

611 5426 927 5489 nuptiarum
950 5418 1355 5487 celebritatem,
1401 5418 1496 5474 sed
1520 5426 1674 5475 extra
1699 5414 1947 5476 Judaeam
2020 5432 2082 5478 ut
2116 5425 2171 5480 in

690 5593 735 5627 "
760 5594 918 5651 Joan.
954 5612 1028 5667 vr,
1060 5597 1130 5653 38
1165 5606 1220 5654 et
1253 5596 1402 5687 alibi.

2283 4440 2521 4508 ρήσομεν
2550 4436 2732 4490 αὐτόν.
2758 4455 2775 4487 ι
2806 4431 3045 4502 Ἔπληξε
3078 4433 3177 4504 μὲν
3215 4432 3324 4502 γὰρ
3358 4431 3445 4484 διὰ
3481 4427 3575 4499 τὴν
3596 4428 3647 4478 ἐν
3681 4417 3816 4481 Ἀδάμ

2281 4527 2612 4598 παράϐασιν,
2649 4525 2838 4579 εἰπών’
2875 4545 2893 4578 ι
2927 4526 3004 4594 Γῆ
3035 4521 3118 4589 εἰ,
3153 4524 3248 4577 καὶ
3274 4526 3354 4586 εἰς
3390 4525 3493 4592 γῆν
3527 4510 3809 4578 ἀπελώσηδ

2280 4618 2353 4670 Τὸ
2399 4618 2455 4672 δὲ
2487 4616 2663 4688 φθορᾷ
2694 4617 2787 4670 καὶ
2826 4616 3040 4685 θανάτῳ
3074 4614 3352 4686 πεπληγὸς
3395 4612 3555 4667 πάλιν
3582 4606 3814 4678 ὲμότωσεγ

2281 4709 2441 4773 αὐτὸς
2472 4708 2614 4762 κατὰ
2650 4707 2749 4778 τὴν
2797 4708 2987 4777 τρίτην
3021 4706 3253 4778 ἡμέραν,
3288 4705 3430 4758 τοῦτ’
3464 4703 3635 4763 ἔστιν,
3663 4695 3747 4749 οὐκ
3768 4688 3815 4740 ὲν

2287 4798 2555 4867 πρώτοις,
2583 4797 2703 4850 οὐδὲ
2744 4800 2818 4848 ἐκο
2838 4797 3052 4867 μέσοις,
3096 4797 3208 4850 ἀλλ’
3240 4797 3296 4849 ὲν
3341 4796 3581 4864 ἐσχάτοις
3620 4782 3812 4853 καιροῖς.

2284 4890 2374 4943 ὅτε
2432 4887 2496 4939 δι’
2539 4889 2686 4958 ἡμᾶς
2736 4888 3024 4957 γενόμενος
3069 4887 3353 4958 ἅνθρωπος
3396 4884 3523 4952 ὑγιᾶ
3563 4880 3652 4948 τὴν
3682 4871 3813 4942 φύσιν

2287 4976 2586 5042 ἀπέδειξεν,
2606 4977 2735 5047 ὃλην
2763 4979 2832 5035 ἐκ
2852 4977 3058 5048 νεκρῶν
3096 4979 3403 5047 ἀναστήσας
3429 4977 3485 5028 ὲν
3507 4966 3687 5038 ἑαυτῷ.
3714 4959 3813 5014 Διά-

2284 5085 2368 5121 τοι
2404 5066 2562 5121 τοῦτο
2596 5068 2840 5121 καλεῖται
2890 5070 2981 5121 καὶ
3006 5066 3230 5137 ἀπαρχὴ
3267 5068 3374 5121 τῶν
3406 5054 3809 5131 κεκοιμημένων·

2286 5155 2481 5211 οὐκοῦν
2527 5157 2617 5211 διὰ
2649 5158 2745 5211 τοῦ
2781 5158 2881 5228 τὴν
2928 5158 3117 5230 τρίτην
3150 5159 3379 5229 ,ἡμέραν
3421 5156 3607 5215 εἰπεῖν,
3638 5142 3742 5201 καθ’
3759 5138 3810 5207 ἦν

2284 5249 2313 5301 6
2342 5246 2518 5316 γάμος
2562 5248 2794 5301 ἐτελεῖτο
2816 5290 2831 5314 ,
2858 5249 2950 5301 τὸν
2978 5248 3285 5301 τελευταῖον
3325 5244 3570 5318 σημαίνει
3606 5231 3771 5304 καιρόν
3795 5240 3808 5256 ⁹

2286 5337 2618 5409 καταμηνύει
2653 5338 2710 5391 δὲ
2743 5340 2840 5392 καὶ
2865 5339 2957 5392 τὸν
2985 5338 3149 5393 τόπον
3169 5354 3181 5367 ⁸
3214 5340 3271 5391 ἐν
3298 5337 3450 5406 Κανᾷ
3477 5333 3582 5404 γὰρ
3607 5327 3696 5396 τῆς
3728 5320 3808 5373 ra“

2283 5427 2513 5493 λιλαίας,
2541 5429 2726 5499 φησίν.
2762 5428 3118 5497 Ἐπιτηρείτω
3156 5428 3212 5483 δὲ
3262 5429 3418 5486 πάλιν
3445 5427 3473 5479 6
3514 5411 3810 5494 $102606?

1516 5599 1562 5631 ⁷¹
1588 5597 1747 5671 Osee,
1783 5567 1860 5668 vi,
1893 5602 1959 5659 3.
2057 5606 2102 5637 ⁷³
2130 5604 2264 5664 Gen.
2304 5624 2387 5671 ιιι.
2421 5608 2506 5663 19.
2584 5610 2628 5642 τι
2663 5608 2837 5667 lCor.
2875 5626 2961 5679 xv,
3000 5609 3088 5666 20.
