4090 6266
330 303 439 360 εει)

1374 299 1437 354 ΙΝ
1469 299 1756 356 JOANNIS
1793 297 2240 379 EVANGELIUM
2270 297 2396 354 LIB.
2437 299 2500 356 ll.

3473 305 3581 362 230

328 415 392 469 οὗ
418 411 527 484 γὰρ
559 413 614 464 ἐν
665 413 779 473 τοῖς
822 406 1207 480 Ἰεροσολύμοις
1247 411 1280 480 ἡ
1309 411 1649 482 πανήγυρις,
1681 409 1784 474 ἔξω
1812 410 1903 479 τῆς

2015 408 2241 479 regione
2290 413 2534 480 gentium
2579 407 2899 464 convivium
2949 411 3153 480 peragi.
3186 413 3409 470 Galitwa
3440 421 3582 475 enim

342 503 602 566 Ἰουδαίας
627 503 687 573 τὸ
713 503 945 566 δεῖπνον,
967 503 1041 566 ὡς
1069 504 1126 555 ὲν
1154 505 1221 574 τῇ
1246 502 1355 556 τῶν
1380 501 1548 556 ἐθνῶν
1578 501 1905 555 ἐπιτελεῖται

330 597 510 671 χώρᾳ.
541 595 836 649 Γαλιλαία
879 595 988 664 γὰρ
1039 592 1158 646 τῶν
1193 593 1417 656 ἐθνῶν,
1445 593 1522 656 ὡς
1553 595 1581 646 6
1624 594 1908 664 προφήτης

330 685 519 754 φησίν.
559 685 726 754 Δῆλον
755 683 810 735 δὲ
838 683 1006 754 δήπου
1038 682 1253 745 πάντως
1298 683 1465 747 ἐστὶν,
1502 683 1576 746 ὡς
1606 685 1638 752 ἡ
1673 682 1772 753 μὲν
1797 683 1908 758 τῶν

341 773 612 828 Ἰουδαίων
650 773 948 842 Συναγωγὴ
991 773 1084 825 τὸν
1115 773 1175 838 ἐξ
1206 774 1450 850 οὐρανῶν
1491 773 1746 828 ἀπώσατο
1775 792 1909 845 νυμ-

331 863 473 931 φίον,
504 863 858 930 προσεδέξατο
903 863 978 928 δὲ,
1010 864 1104 916 καὶ
1135 864 1256 918 λίαν
1296 865 1568 936 ἀσμένως,
1600 867 1633 934 ἡ
1655 865 1713 931 ἐξ
1739 865 1907 918 ἐθνῶν

343 952 652 1023 Ἐκκλησία.
693 953 950 1022 Ἔρχεται
1002 953 1059 1006 δὲ
1104 956 1184 1017 εἰς
1213 955 1340 1018 τοὺς
1372 957 1580 1026 γάμους
1608 957 1708 1009 ούκ
1749 957 1906 1011 αὐτό-

329 1041 490 1110 μολος
511 1045 538 1096 6
565 1042 715 1112 Σωτή
725 1060 756 1112 ρ
782 1060 796 1072 ·
822 1043 1043 1106 πολλαῖς
1071 1044 1180 1115 γὰρ
1210 1045 1378 1114 ἁγίων
1403 1046 1647 1099 ἐκαλεῖτο
1682 1049 1902 1116 φωναῖς.

337 1131 475 1184 Ἀλλ’
503 1129 643 1195 οῐνος
675 1132 1006 1186 ἐπιλελοίπει
1038 1135 1160 1197 τοὺς
1196 1135 1587 1204 ἑστιωμένουςο
1623 1136 1772 1189 οὐδὲν
1798 1135 1906 1206 γάρ

291 1282 294 1298 ζ
321 1223 641 1277 ἐτελείωσεν
685 1225 713 1275 6
759 1224 921 1294 νόμος
944 1266 958 1290 ,
989 1226 1088 1278 ούκ
1119 1224 1338 1295 ἐξήρκει
1373 1226 1508 1295 πρὸς
1553 1225 1613 1278 τὸ
1640 1227 1906 1298 εὐφρᾶναι

289 1293 294 1306 Ι
321 1313 544 1377 τελείως
574 1315 634 1366 τὸ
662 1293 899 1386 γράμμα
927 1315 987 1367 τὸ
1024 1293 1350 1368 Μωσαῖκόν⁹
1388 1293 1504 1369 ἀλλ’
1539 1316 1660 1369 οὐδὲ
1689 1293 1820 1369 αύτὸ
1846 1316 1907 1369 τὸ

321 1405 422 1473 τῆς
453 1404 698 1475 ἐμφύτου
724 1406 942 1475 νήψεως
969 1405 1164 1476 μέτρον
1183 1447 1197 1469 ,
1223 1408 1303 1468 είς
1327 1407 1388 1459 τὸ
1417 1405 1674 1459 δύνασθαι
1706 1407 1906 1460 διασὼ-

325 1494 438 1557 ζειν
464 1497 614 1566 ἡμᾶς
658 1495 970 1559 ὲξετείνετο.
1002 1494 1211 1548 Ούκοῦν
1242 1497 1438 1567 ἀληθὲς
1466 1496 1530 1550 ἂν
1575 1498 1657 1568 είη
1685 1497 1779 1550 καὶ
1821 1498 1906 1566 ἐφ’

327 1584 507 1654 ἡμῶν,
544 1585 606 1637 τὸ
627 1627 642 1652 ,
670 1581 810 1637 οἶνον
843 1585 942 1638 οὐκ
984 1585 1196 1656 ἔχουσιν
1220 1628 1234 1651 ,
1260 1589 1430 1640 εἰπεῖν
1454 1602 1466 1615 °
1497 1590 1525 1640 6
1561 1587 1618 1640 δὲ
1656 1587 1904 1640 πλουσιό-

2009 500 2244 568 gentium
2275 509 2380 566 est,
2413 508 2472 553 ut
2506 498 2583 552 ait
2609 499 2878 569 propheta
2907 499 2976 554 ⁷⁸.
3011 498 3149 555 illud
3180 517 3313 558 sane
3365 511 3581 576 perspi-

2011 603 2173 642 cuum
2223 597 2340 652 est,
2391 587 2704 644 Judzeorum
2742 587 3087 661 Synagogam
3128 607 3390 661 sponsum
3427 596 3579 652 illum

2009 679 2286 735 cmlestem
2310 679 2602 749 repulisse,
2624 679 2722 736 sed
2747 681 2816 735 ab
2839 681 3078 735 Ecclesia
3101 683 3347 752 gentium
3373 684 3581 740 luhcnti

2009 771 2193 824 animo
2237 778 2574 839 susceptum.
2632 768 2752 825 Non
2797 771 2946 826 venit
2982 779 3163 826 autem
3219 771 3471 828 Salvator
3514 777 3583 830 ad

2010 863 2254 933 nuptias,
2296 879 2402 916 non
2441 862 2767 930 concupitus
2799 877 2814 916 :
2861 863 3048 918 multis
3085 865 3230 918 enim
3267 874 3582 921 sanctorum

2009 954 2237 1008 vocibus
2284 959 2368 1008 est
2418 953 2729 1008 invocatus.
2772 952 3044 1010 Caeterum
3085 955 3273 1010 vinum
3302 995 3316 1020 ,
3363 958 3580 1027 inquit,

2009 1040 2208 1096 defecit
2241 1042 2523 1096 convivas.
2567 1039 2715 1095 Nihil
2754 1043 2898 1098 enim
2949 1043 3033 1097 lex
3083 1044 3316 1114 perfecit
3345 1046 3431 1098 ’σε
3473 1063 3581 1103 non

2009 1131 2312 1188 sufﬁciebat
2360 1131 2428 1186 ad
2473 1131 2775 1202 perfectam
2818 1131 3060 1186 laetitiam
3092 1135 3356 1203 scriptum
3385 1135 3584 1191 Mosai-

2007 1239 2134 1279 cum
2165 1241 2180 1290 ;
2232 1223 2328 1278 sed
2374 1239 2554 1293 neque
2586 1222 2705 1293 ipsa
2740 1223 2922 1277 insitae
2955 1225 3336 1294 naturalisque
3371 1227 3582 1282 sobrie-

2009 1314 2138 1369 tatis
2173 1315 2311 1367 ratio
2349 1314 2513 1369 saluti
2543 1312 2834 1369 alierendae
2869 1327 2970 1384 par
2998 1321 3135 1368 erat.
3167 1314 3350 1381 Quare
3381 1317 3451 1373 de
3483 1315 3581 1373 n6-

2006 1403 2093 1459 bis
2121 1418 2247 1458 vere
2276 1418 2497 1473 quoque
2553 1403 2662 1457 dici
2700 1412 2920 1474 potest,
2967 1404 3154 1458 vinum
3191 1421 3300 1460 non
3331 1409 3532 1462 habent
3562 1425 3577 1464 :

2009 1494 2106 1549 sed
2158 1492 2713 1548 munificentissimus
2768 1491 2912 1548 Deus
2964 1501 3153 1548 noster
3191 1510 3301 1548 non
3347 1495 3581 1566 despicit

2007 1583 2276 1638 bonorum
2315 1583 2542 1652 penuria
2568 1583 2906 1638 laborantem
2935 1593 3206 1637 naturam.
3237 1583 3437 1639 Vinum
3477 1600 3580 1650 no-

328 1675 503 1745 εωρος
535 1675 696 1745 ἡμῶν
721 1675 871 1740 Θεὸς,
900 1676 961 1728 ού
990 1678 1223 1748 περιορᾷ
1257 1680 1323 1747 τῇ
1357 1676 1463 1728 τῶν
1491 1677 1708 1745 ἀγαθῶν
1733 1679 1903 1748 ἐνδείᾳ

2008 1672 2095 1728 bis
2131 1671 2298 1743 priori
2334 1673 2507 1726 multo
2538 1673 2886 1742 praestantius
2911 1673 3129 1728 obtulit.
3162 1691 3180 1724 ι
3212 1671 3417 1729 Littera
3435 1675 3578 1730 enim

329 1737 666 1833 τρίϐοήμένην
698 1764 795 1834 τὴν
829 1737 1008 1833 φύσιν.
1032 1737 1348 1834 (λίνον-ἡμίν
1373 1737 1618 1829 ἀπέδειξε
1645 1767 1736 1819 τοῦ
1761 1737 1903 1838 πρῲἰ

2011 1737 2231 1827 occidit,
2258 1763 2482 1833 spiritus
2507 1737 2686 1818 autem
2705 1762 2947 1819 vivificat
2976 1763 3042 1817 ⁷⁷.
3075 1782 3094 1814 ›
3132 1764 3292 1834 138
3316 1765 3580 1820 Praeterea

330 1871 426 1908 του
482 1855 727 1924 βελτίονα
751 1872 762 1884 ·
800 1874 818 1908 ι
857 1855 930 1907 Τὸ
965 1857 1070 1926 γὰρ
1109 1857 1339 1926 γράμμα
1376 1859 1713 1924 ἀποκτείνει,
1746 1861 1806 1913 τὸ
1850 1861 1905 1913 δὲ

335 1945 555 2014 πνεῦμα
605 1944 916 2008 ζωοποιεῖ⁶›
945 1946 1036 1998 καὶ
1074 1947 1103 1998 6
1144 1946 1244 2016 μὲν
1278 1948 1438 2017 νόμος
1465 1951 1564 2002 οὐκ
1598 1950 1709 2020 ἔχει
1735 1951 1792 2004 τὸ
1818 1951 1906 2003 τέ-

331 2026 470 2088 λειον
500 2037 558 2089 έν
592 2035 844 2104 ἀγαθοῖς⁸
886 2037 951 2088 τὰ
981 2037 1038 2088 δὲ
1070 2036 1188 2089 θεῖα
1215 2038 1316 2106 τῆς
1355 2039 1711 2110 εύαγγελικῆς
1757 2041 1906 2095 διδα-

331 2124 561 2188 σκαλίας
591 2125 955 2195 παιδεύματα,
996 2127 1379 2199 πληρεστάτην
1405 2129 1643 2198 εἰσφέρει
1676 2130 1772 2201 τὴν
1819 2131 1906 2184 εὐ·

325 2216 532 2285 λογίαν.
580 2218 862 2287 θαυμάζει
890 2219 944 2272 δὲ
969 2220 1061 2273 τὸν
1104 2217 1246 2273 οἶνον
1271 2223 1298 2274 6
1319 2223 1713 2294 ἀρχιτρίκλινος
1735 2241 1749 2256 ·
1775 2223 1904 2276 ἕκα-

326 2325 450 2371 στος
481 2307 589 2379 γὰρ
609 2349 622 2372 ,
654 2305 807 2379 οἶμαι
834 2351 849 2377 ,
876 2310 984 2364 τῶν
1029 2313 1108 2374 είς
1147 2312 1246 2383 τὴν
1301 2313 1452 2367 θείαν
1494 2315 1903 2386 ἀρχιερωσύνην

324 2402 845 2472 κατατεταγμένων,
881 2403 976 2456 καὶ
1017 2405 1464 2473 πεπιστευμένων
1508 2406 1598 2458 τὸν
1627 2402 1774 2460 οἷκον
1807 2405 1901 2459 τοῦ

323 2490 575 2561 Σωτῆρος
607 2493 762 2563 ἡμῶν
787 2492 1048 2565 Χριστοῦ,
1071 2493 1162 2547 τὸν
1187 2496 1325 2566 ὑπὲρ
1356 2497 1520 2567 νόμου
1546 2497 1709 2551 αὑτοῦ
1734 2516 1902 2552 κατα-

323 2579 622 2651 πλήττεται
669 2582 847 2653 λόγον.
897 2584 1108 2656 Πρώτῳ
1155 2586 1214 2638 δὲ
1253 2586 1403 2656 αὐτῷ
1436 2587 1643 2641 κελεύει
1683 2588 1901 2658 δοθῆναι

321 2670 577 2741 Χριστὸς,
603 2673 686 2726 ὅτι
715 2674 855 2727 κατά
883 2674 983 2746 τὴν
1012 2675 1106 2728 τοῦ
1139 2675 1352 2728 Παύλου
1379 2677 1582 2746 φωνὴν,
1619 2695 1636 2728 ι
1675 2679 1778 2730 Τὸν
1812 2695 1904 2730 κο-

2007 1854 2093 1909 lex
2119 1857 2385 1908 honorum
2421 1851 2813 1922 perfectionem
2846 1868 2956 1908 non
2993 1853 3183 1918 habet,
3219 1854 3316 1908 sed
3347 1869 3581 1925 evange-

2007 1946 2114 1999 liea
2148 1944 2400 1999 doctrina
2445 1943 2821 2014 plenissimam
2865 1943 3308 1999 benedictionem
3347 1945 3578 2001 invehit.

1969 2047 1986 2062 °
2009 2035 2432 2090 Architriclinus
2458 2035 2641 2088 vinum
2671 2033 2802 2088 illud
2834 2033 3068 2088 miratur
3098 2053 3112 2090 :
3144 2035 3375 2104 quilibet
3403 2036 3572 2097 enim,
3659 2067 3664 2070 -

2009 2129 2206 2199 Opinor
2231 2171 2247 2194 ,
2285 2143 2475 2184 eorum
2503 2127 2596 2198 qui
2632 2127 2688 2180 in
2720 2125 3008 2196 pontifices
3043 2127 3280 2182 ordinati
3312 2136 3474 2193 sunt,
3525 2134 3583 2183 et

2005 2221 2208 2291 quibus
2239 2219 2448 2274 credita
2475 2229 2557 2275 est
2579 2219 2776 2274 domus
2807 2215 3016 2272 Christi
3050 2218 3224 2273 nostri
3251 2217 3580 2283 Salvatoris,

2004 2314 2126 2384 ejus
2151 2313 2458 2368 doctrinam
2492 2327 2602 2382 prae
2636 2311 2754 2381 lege
2788 2310 3135 2364 vehementer
3163 2309 3453 2365 mirantur.
3496 2311 3580 2364 Illi

2006 2413 2186 2460 autem
2219 2403 2470 2458 Christus
2497 2402 2732 2472 primum
2760 2399 3040 2469 propitiari
3067 2399 3244 2469 jubet,
3271 2401 3399 2468 quia
3424 2399 3582 2470 juxta

2005 2492 2157 2547 Pauli
2189 2490 2516 2547 sententiam
2551 2528 2567 2554 ,
2603 2508 2621 2540 ι
2656 2487 3016 2543 Lahorantem
3045 2488 3338 2558 agricolam
3364 2498 3584 2558 oportet

2007 2585 2242 2655 primum
2276 2583 2344 2637 de
2375 2580 2645 2636 fructibus
2670 2583 2954 2650 percipere
2977 2579 3044 2633 ".
3085 2595 3107 2634 ι
3147 2576 3365 2635 Rursus
3398 2587 3581 2635 autem

2009 2677 2190 2747 capiat
2223 2674 2440 2729 auditor
2468 2687 2590 2742 quae
2621 2673 2765 2726 dico.
2808 2689 2828 2723 ι

323 2760 534 2814 πιῶντα
564 2765 831 2833 γεωργεῖν
861 2763 1025 2834 [vulg].
1053 2763 1319 2836 γεωργὸν]
1345 2764 1458 2831 δεῖ,
1494 2766 1710 2832 πρῶτον
1749 2766 1858 2819 τῶν
1895 2765 2123 2838 καρπῶν
2156 2761 2614 2833 μεταλαμϐάνειν.
2651 2778 2670 2811 ι
2700 2761 2811 2814 Καὶ
2837 2759 3026 2813 νοείτω
3055 2758 3219 2815 πάλιν
3243 2762 3272 2814 6
3307 2760 3584 2833 ἀκροατὴς

321 2864 351 2918 δ
377 2852 544 2921 λέγω.

393 2947 507 2996 Καὶ
548 2939 724 3016 εὗρεν
763 2946 833 3000 ὲν
867 2944 948 3012 τῷ
986 2944 1120 3014 ἱερῷ
1155 2945 1296 3026 τοὺς
1339 2947 1704 3014 πωλοῦντας(
1724 2949 1900 3014 βόας,

328 3034 426 3087 καὶ
459 3036 739 3102 πρόϐατα,
770 3037 867 3090 καὶ
913 3036 1287 3106 περιστερὰς,
1312 3037 1410 3092 καί
1461 3039 1602 3105 τοὺς
1635 3057 1902 3109 κερματι-

330 3121 482 3186 στὰς
515 3122 882 3190 καθημένους

415 3211 814 3280 Ἑξελέγχονται
863 3213 1026 3267 πάλιν
1051 3254 1066 3280 ,
1101 3215 1196 3268 καὶ
1248 3213 1336 3267 διὰ
1399 3231 1601 3268 τουτων
1661 3215 1902 3269 Ἰουδαῖοι

330 3302 437 3357 τῶν
494 3302 754 3356 δοθέντων
810 3305 988 3370 αὐτοῖς
1035 3307 1500 3378 ὑπερφρονοῦντες
1545 3308 1757 3378 νόμων,
1811 3310 1904 3362 καὶ

331 3393 674 3465 γραμμάτων
703 3395 798 3464 μὲν
821 3397 1130 3450 Μωσαῖκῶν
1158 3398 1348 3450 οὐδένα
1385 3397 1692 3467 ποιούμενοι
1725 3399 1900 3468 λόγον,

329 3489 404 3550 είς
435 3488 608 3558 μόνην
650 3489 703 3542 δὲ
733 3488 1020 3559 βλέποντες
1056 3493 1155 3562 τὴν
1198 3491 1560 3563 φιλοκερδίαν.
1599 3494 1903 3564 Προκαθαί-

329 3579 519 3650 ρεσθαι
569 3580 676 3650 γὰρ
734 3580 875 3633 κατά
913 3581 1192 3643 ποικίλους
1222 3583 1456 3651 τρόπους
1479 3582 1568 3636 τοῦ
1599 3584 1762 3654 νόμου
1804 3602 1900 3638 κε-

321 3667 572 3732 λεύοντος
599 3671 727 3733 τοὺς
764 3671 923 3741 οἵπερ
955 3669 1178 3740 ἔμελλον
1207 3673 1288 3734 είς
1325 3671 1418 3724 τὸν
1457 3673 1596 3726 θεῖον
1626 3674 1899 3746 ἀναϐήσε-

319 3759 513 3813 εεσθαι
544 3759 672 3812 ναὸν
693 3799 708 3825 ,
740 3761 1203 3831 ἀργυραμοιὸοὺς,
1234 3762 1352 3832 ἤτοι
1389 3765 1781 3832 κερματιστὰς,
1805 3765 1900 3819 καὶ

315 3851 542 3924 ἑτέρους
586 3852 680 3905 ἐπὶ
727 3852 970 3916 τούτοις,
1004 3849 1086 3915 οἷς
1119 3853 1401 3920 πλεονεξία
1438 3855 1497 3908 τὸ
1538 3857 1895 3928 ἐπιτήδευμα,

314 3945 405 3997 καὶ
429 3942 618 4006 τόκος,
643 3943 739 3996 καὶ
783 3942 1138 4013 πλεονασμὸς,
1167 3945 1224 3996 ἐν
1256 3944 1571 4014 ἐπιθυμίαις
1608 3963 1622 3976 θ
1644 3947 1762 4010 ὅλος
1790 3946 1898 4017 γὰρ

313 4035 371 4089 ὲν
401 4033 624 4097 τούτοις
653 4037 680 4088 6
709 4033 818 4086 τῶν
865 4033 1122 4105 ἐμπόρων
1158 4036 1356 4099 σκοπὸς
1402 4037 1730 4090 συντείνεται
1755 4055 1768 4067 ·
1799 4036 1899 4107 τὴν

315 4125 477 4194 ἁγίαν
517 4124 1000 4194 καταμολύναντας
1031 4127 1132 4180 οὐκ
1156 4128 1414 4196 ἀπεῖργον
1438 4126 1625 4196 αὐλὴν,
1656 4127 1901 4190 ἀνίπτοις

314 4217 370 4269 δὲ
401 4217 599 4284 ὥσπερ
629 4218 709 4278 είς
738 4217 908 4284 αὐτὴν
935 4219 1161 4272 εἰσιέναι
1189 4219 1336 4282 ποσὶ,
1358 4218 1453 4271 καὶ
1485 4218 1640 4271 αὐτοὶ
1677 4217 1740 4288 δὴ
1765 4218 1899 4270 πάν-

316 4325 426 4370 τως
459 4307 772 4369 ὲπέταττον,
801 4311 850 4361 οἱ
877 4311 1193 4364 διακωλύειν
1222 4309 1493 4380 ἰσχύοντες
1512 4325 1526 4339 ’
1567 4309 1654 4361 ἵνα
1681 4307 1744 4378 δὴ
1778 4309 1902 4377 φαί-

317 4415 483 4468 νηται
503 4397 682 4464 λέγων
703 4397 877 4469 ἀληθῆ
902 4419 966 4452 πε
977 4401 1028 4471 ρὶ
1049 4401 1227 4453 αὐτῶν
1247 4403 1274 4453 6
1302 4399 1451 4462 Θεὸς,
1471 4400 1553 4453 ὅτι
1582 4417 1600 4450 ι
1637 4397 1900 4468 Ποιμένες
1932 4443 1974 4496 D

319 4486 510 4540 πολλοὶ
546 4485 854 4556 διέφθειραν
885 4488 973 4540 τὸν
1017 4488 1316 4557 ἀμπελῶνά
1347 4507 1468 4557 μου,
1503 4489 1769 4558 ἐμόλυναν
1800 4489 1898 4558 τὴν

315 4576 691 4648 κληρονομίαν
723 4594 846 4647 μου,
878 4578 1081 4630 ἔδωκαν
1105 4579 1295 4647 μερίδα
1324 4579 1661 4649 ἐπιθυμητήν
1697 4597 1798 4649 μου
1820 4581 1898 4642 είς

313 4668 524 4742 ἔρημον
558 4667 784 4730 ἄϐατον,
829 4669 1061 4740 ἐγενήθη
1091 4671 1172 4732 είς
1211 4669 1514 4738 ἀφανισμὸν
1550 4670 1842 4735 ἀπωλείας.
1872 4690 1889 4722 ι

310 4758 594 4828 Δίεφθάρη
638 4758 748 4828 γὰρ
792 4758 961 4821 ὅντως
995 4761 1022 4811 6
1061 4757 1380 4821 δεσποτικὸς
1419 4759 1699 4828 ἀμπελὼν,
1733 4760 1893 4826 σέϐας

2083 2947 2120 2998 Il
2150 2985 2164 3010 ,
2213 2945 2300 2999 Η.
2351 2942 2422 2996 Et
2464 2942 2653 2996 invenit
2685 2943 2739 2995 in
2768 2942 2959 3009 templo
3000 2941 3272 2995 vendentes
3317 2940 3464 2995 boves
3486 2981 3502 3008 ,
3531 2952 3583 2996 et

2010 3055 2125 3092 oves
2147 3078 2161 3103 ,
2201 3046 2248 3090 et
2282 3033 2552 3089 columbas
2572 3071 2587 3098 ,
2616 3041 2666 3086 et
2694 3031 3078 3086 nummularios
3109 3031 3365 3085 sedentes.

2075 3235 2291 3290 Rursus
2337 3239 2646 3304 arguuntur
2695 3232 2860 3286 etiam
2907 3230 3038 3284 hinc
3083 3229 3257 3286 Judaei
3289 3232 3436 3303 leges
3468 3235 3575 3288 sibi

2003 3327 2164 3382 datas
2192 3333 2566 3387 contemnere,
2598 3329 2652 3377 et
2678 3321 2887 3390 scripta
2918 3319 3157 3376 Mosaica
3186 3323 3344 3376 nihili
3376 3324 3574 3388 facere,

2005 3417 2098 3472 sed
2123 3415 2356 3486 quaestui
2395 3413 2774 3467 tantummodo
2812 3411 3052 3467 studere.
3104 3413 3241 3467 Cum
3282 3416 3428 3468 enim
3485 3417 3576 3472 lex

2003 3507 2323 3576 praeciperet
2355 3505 2705 3574 ingressurus
2751 3502 2844 3558 Dei
2903 3505 3166 3573 templum
3213 3505 3373 3574 prius
3407 3505 3584 3560 variis

2004 3600 2180 3652 modis
2222 3595 2484 3661 lustrari,
2517 3595 2857 3662 argentarios
2900 3594 3017 3649 sive
3071 3596 3474 3651 nummularios
3519 3603 3576 3650 et

2003 3685 2056 3740 id
2082 3699 2256 3756 genus
2287 3684 2426 3740 alios
2455 3683 2706 3738 homines
2727 3722 2742 3746 ,
2769 3683 2863 3752 qui
2898 3683 3051 3737 lucro
3070 3724 3084 3747 ,
3123 3683 3295 3738 fcnori
3317 3723 3332 3749 ,
3363 3693 3418 3739 et
3445 3699 3575 3740 coa-

2000 3776 2286 3831 eervandm
2319 3773 2564 3844 pecunia:
2596 3774 2695 3827 tori
2724 3773 2952 3828 student
3009 3772 3090 3843 (is
3123 3773 3268 3828 enim
3303 3783 3574 3832 mercato-

2000 3866 2154 3922 ribus
2183 3879 2386 3935 scopus
2412 3879 2557 3919 unus
2583 3872 2665 3918 est
2693 3863 3048 3933 propositus),
3082 3864 3570 3934 sanctumfatrium

2002 3954 2356 4024 inquinantes
2383 3967 2494 4008 non
2520 3952 2801 4017 arcebant,
2837 3951 2933 4006 sed
2969 3952 3139 4008 illotis
3163 3954 3572 4023 quodammodo

2000 4039 2230 4108 pedibus
2261 4039 2488 4094 introire
2519 4038 2625 4108 ipsi
2655 4039 2846 4108 utique
2879 4038 3142 4106 jubebant
3166 4080 3182 4104 ,
3217 4042 3424 4110 quibus
3453 4053 3571 4096 erat

2000 4129 2219 4183 vetandi
2261 4137 2505 4196 potestas
2529 4167 2544 4193 ,
2583 4137 2644 4182 ut
2691 4128 2758 4182 de
2789 4127 2857 4182 iis
2886 4143 3013 4182 vere
3045 4127 3250 4181 dictum
3282 4143 3312 4181 a
3345 4128 3457 4183 Deo
3489 4131 3571 4184 vi-

2001 4217 2222 4274 deatur:
2254 4238 2270 4271 ι
2293 4219 2552 4275 Pastores
2581 4217 3107 4286 multidisruperunt
3133 4217 3345 4272 vineam
3371 4233 3567 4282 meam,

2001 4311 2313 4380 polluerunt
2335 4317 2540 4380 partem
2559 4321 2756 4370 meam,
2775 4307 3043 4362 dederunt
3065 4306 3367 4374 portionem
3394 4324 3567 4363 meam

2002 4400 2421 4456 desiderabilem
2460 4400 2514 4453 in
2557 4385 2860 4451 desertum.
2887 4397 3124 4461 invium,
3173 4398 3347 4467 posita
3391 4405 3476 4453 est
3512 4399 3566 4452 in

2003 4491 2415 4561 dissipationem
2447 4487 2775 4560 perditionis
2800 4487 2886 4541 ⁷³2
2924 4507 2942 4539 ι
2991 4487 3256 4556 Corrupta
3287 4489 3433 4541 enim
3483 4498 3568 4542 est

2002 4591 2152 4638 certe
2179 4586 2337 4637 vinea
2373 4580 2628 4642 Domini,
2671 4594 2790 4648 qua;
2821 4578 3060 4632 divinum
3091 4578 3296 4632 cultum
3335 4578 3564 4632 concul-

2001 4689 2129 4729 care
2180 4672 2416 4736 didicit,
2475 4685 2540 4725 ac
2585 4671 2734 4740 turpi
2791 4677 3004 4739 quaestu
3053 4670 3468 4739 prmpositorum
3510 4669 3567 4726 in

2000 4763 2251 4834 quamvis
2281 4761 2608 4834 ignorantiae
2636 4760 2948 4815 vastitatem
2979 4761 3233 4814 incurrit.

317 4854 413 4922 μὲν
442 4852 578 4905 αὐτὸ
606 4851 666 4904 τὸ
699 4854 828 4924 περὶ
860 4852 919 4906 τὸ
949 4855 1088 4907 θεῖον
1124 4855 1312 4906 πατεῖν
1341 4853 1741 4924 διδασκόμενος,
1772 4859 1891 4919 ταῖς
1927 4856 1984 4908 δὲ
2009 4855 2117 4910 τῶν
2141 4856 2554 4927 προεστηκότων
2583 4853 3016 4927 αἱσχροκερδίαις
3071 4853 3151 4917 είς
3204 4854 3382 4908 πᾶσαν
3403 4854 3567 4908 ἀπαι-

311 4946 532 5000 δευσίαν
562 4947 1052 5019 ἀποχερσούμενος,

382 5038 493 5090 Καὶ
517 5039 778 5107 ποιήσας
818 5042 896 5102 ὼς
929 5040 1296 5108 φραγέλλιον
1332 5041 1398 5094 ἐκ
1431 5043 1716 5110 σχοινίων
1741 5042 1891 5095 πάν-

311 5143 421 5192 τας
453 5125 742 5189 ἐξέϐαλεν
777 5129 843 5182 ἐκ
886 5130 990 5184 τοῦ
1026 5130 1185 5197 ἱεροῦ
1207 5169 1220 5191 ,
1248 5129 1321 5182 τά
1362 5147 1426 5182 τε
1469 5132 1751 5196 πρόϐατα,
1797 5131 1895 5184 καὶ

309 5217 456 5283 τοὺς
482 5216 644 5281 ,ϐὅας
666 5259 682 5281 ,
707 5219 804 5271 καὶ
842 5220 956 5272 τῶν
994 5220 1408 5274 κολλυϐιστῶν
1435 5219 1638 5289 ἐξέχεε
1665 5223 1732 5274 τὸ
1763 5225 1894 5294 κέρ-

309 5325 422 5379 μα,
455 5309 555 5364 καί
600 5308 706 5376 τὰς
751 5311 1032 5376 τραπέζὶις
1064 5312 1416 5380 ἀνέστρεψε.
1473 5313 1579 5366 Kal
1622 5313 1744 5380 τοῖς
1787 5315 1892 5381 τὰς

313 5399 668 5465 περιστερὰς
698 5400 1010 5453 πωλοῦσιν
1034 5398 1220 5454 εἶπεν.

391 5488 720 5553 Ἀγανακτεῖ
765 5486 864 5557 μὲν
915 5487 1134 5550 εἰκότως
1180 5490 1272 5541 ἐπὶ
1322 5493 1442 5554 ταῖς
1473 5491 1582 5545 τῶν
1627 5493 1889 5548 Ἰουδαίων

400 5599 579 5672 "_lsa.
615 5617 690 5667 ix,
732 5601 792 5667 l;
837 5599 1032 5657 Matth.
1072 5617 1142 5669 Iv,
1189 5603 1275 5658 15.
1400 5605 1448 5636 ⁷⁸
1479 5603 1644 5661 "chr.
1690 5621 1786 5672 νει,
1821 5608 1904 5661 19-

317 5665 405 5730 10,
441 5669 532 5722 ll.

2075 5041 2137 5107 11,
2183 5039 2383 5106 15,16.
2415 5038 2484 5094 Ει
2518 5055 2634 5093 cum
2661 5038 2866 5108 fecisset
2896 5038 3050 5107 quasi
3083 5036 3350 5107 ﬂagellant
3386 5035 3448 5088 de
3480 5035 3566 5102 fu-

2002 5134 2214 5196 niculis,
2246 5149 2421 5186 omnes
2455 5132 2601 5201 ejecit
2631 5132 2693 5184 de
2725 5130 2936 5197 templo,
2962 5145 3074 5182 oves
3101 5142 3296 5197 quoque
3317 5134 3364 5179 et
3392 5124 3562 5182 boves,

1999 5235 2048 5278 et
2080 5225 2559 5278 nummulariorum
2583 5221 2769 5290 e/fudit
2799 5237 2902 5286 ws,
2963 5229 3012 5274 et
3051 5235 3256 5271 mensas
3290 5212 3560 5268 subvertit.

2000 5313 2069 5367 Et
2101 5315 2183 5367 his
2215 5315 2303 5384 qui
2335 5312 2604 5368 columbas
2633 5311 2917 5366 vendebant
2943 5348 2958 5373 ,
2993 5308 3129 5360 dixit
3156 5323 3174 5358 :

2069 5493 2264 5546 Merito
2292 5491 2509 5560 quidem
2549 5489 2800 5543 Salvator
2847 5487 2916 5540 ob
2943 5484 3252 5538 Iudaeorum
3286 5471 3570 5524 vesaniam

2015 5608 2056 5637 ⁷⁷
2085 5605 2128 5658 11
2158 5603 2286 5659 Cor.
2319 5617 2402 5668 ιιι,
2429 5599 2482 5653 6.
2592 5600 2637 5630 ⁷⁸
2663 5597 2704 5649 11
2729 5596 2870 5650 Tim.
2904 5610 2962 5656 ll,
2997 5590 3048 5644 6.
3152 5586 3198 5616 τ’
3224 5581 3425 5636 «Ιοΐεῐῐιο
3463 5593 3560 5640 XII.
