4090 6266
546 258 646 316 951

1556 259 1617 314 S.
1654 259 1934 317 CYRILLI
1971 258 2442 319 ALEXANDRINI
2480 260 2801 319 ARCIIIEP.

3704 275 3816 330 932

538 367 878 439 indignatur.
914 365 1034 424 Non
1057 366 1205 424 enim
1234 368 1519 438 oportebat
1566 370 1662 427 Dei
1712 372 1973 444 templum
2024 374 2116 429 do-

2227 372 2506 440 ἀπονοίαις
2554 375 2583 427 6
2628 375 2837 448 Σωτήρ.
2886 378 2962 430 Οὐ
3014 379 3126 451 γὰρ
3172 374 3322 437 οἷκον
3377 383 3646 457 ἐμπορίου
3719 391 3815 445 τὸν

542 474 692 514 mum
741 459 1137 530 negotiationis
1179 458 1294 515 ﬁeri
1320 499 1335 524 ,
1380 461 1476 516 sed
1522 463 1813 521 orationis.
1851 465 1943 520 Sic
1975 467 2121 521 enim

540 550 810 620 scriptum
856 557 940 605 est
958 548 1030 604 ⁸⁸.
1080 546 1202 603 Non
1238 549 1405 606 nudis
1433 560 1613 606 autem
1647 554 1828 610 verbis
1858 554 2125 609 duntaxat

541 640 711 694 animi
745 638 831 695 sui
859 641 1286 697 commotionem
1316 641 1500 711 prodit
1526 683 1540 711 ,
1591 643 1688 699 sed
1719 645 2040 701 verberibus
2070 652 2125 699 et

544 730 718 801 ﬂagro
771 733 949 788 sacris
988 733 1147 803 139
1177 732 1416 789 aditibus
1467 735 1757 800 exturbat,
1801 736 2122 790 servitutem

540 821 597 873 in
630 835 725 876 eos
757 819 884 891 jure
913 837 1013 892 pro
1047 838 1206 892 poena
1240 831 1491 880 statuens
1512 864 1527 889 ,
1560 832 1751 894 utpote
1780 826 1872 896 qui
1905 826 2127 881 liberta-

544 912 615 967 tis
643 922 971 968 assertorem
1001 912 1201 968 Filium
1241 929 1341 984 per
1381 915 1543 970 ﬁdem
1576 916 1858 987 suscipere
1895 931 2123 973 recusa-

545 1002 656 1056 turi
685 1012 890 1059 essent.
916 1004 1051 1061 Vide
1075 1020 1240 1075 porro
1267 1012 1531 1078 tanquam
1559 1008 1614 1062 in
1647 1008 1888 1078 imagine
1915 1009 2125 1064 descri-

544 1098 697 1161 ptum
739 1092 873 1147 illud
917 1092 1074 1149 Pauli
1111 1095 1359 1151 dictum:
1408 1116 1425 1148 ι
1475 1096 1532 1152 Si
1563 1099 1687 1167 quis
1731 1100 1992 1170 templum
2026 1100 2121 1154 Dei

543 1182 864 1247 violaverit,
900 1183 1181 1254 disperdet
1207 1200 1332 1241 eum
1372 1186 1516 1242 Deus
1543 1188 1611 1241 ⁸⁸.
1642 1206 1661 1239 ι

543 1327 557 1342 ο
613 1271 659 1324 II
687 1313 701 1339 ,
743 1272 828 1332 16.
886 1274 1106 1344 Auferte
1131 1277 1238 1330 ista
1265 1276 1406 1343 hinc,
1436 1286 1485 1332 et
1516 1279 1677 1334 nolite
1705 1278 1879 1349 facere
1911 1281 2124 1336 domum

542 1361 728 1417 Patris
756 1364 858 1417 mei
881 1404 896 1429 ,
929 1365 1143 1420 domum
1172 1369 1565 1438 negotiationis.

621 1453 845 1509 Mandat
877 1455 1096 1525 quidem
1128 1465 1189 1511 ut
1216 1458 1486 1516 Dominus
1511 1499 1526 1526 ,
1568 1460 1636 1516 ad
1669 1462 1903 1517 oﬁicium
1940 1470 2122 1518 autem

541 1544 892 1609 manuducit,
950 1554 1011 1601 ut
1060 1549 1363 1620 magister,
1414 1558 1471 1607 et
1540 1562 1904 1625 praeterquam
1976 1554 2120 1623 quod

541 1637 811 1710 castigat,
839 1637 1039 1693 delicta
1067 1640 1244 1710 aperit
1268 1680 1285 1706 ,
1328 1649 1383 1696 et
1414 1657 1604 1696 eorum
1629 1643 1838 1712 pudore
1867 1660 1991 1700 eum
2028 1644 2121 1713 qui

545 1729 790 1797 punitur,
827 1731 950 1800 angi
982 1746 1094 1784 non
1127 1731 1282 1784 sinit.
1319 1730 1735 1787 Observandum
1764 1742 1972 1799 autem,
2000 1751 2122 1791 rur-
2153 1705 2197 1763 Β

516 1835 639 1873 sus
684 1818 902 1874 Patrem
965 1834 1126 1874 suum
1180 1834 1381 1875 vocare
1430 1821 1593 1875 unice
1651 1836 1719 1876 ac
1773 1825 2123 1892 peculiariter

545 1908 737 1972 Deum,
771 1915 902 1977 puta
931 1909 1079 1977 quod
1114 1908 1232 1979 ipse
1264 1910 1426 1963 etiam
1464 1911 1613 1966 solus
1637 1914 1937 1969 secundum
1974 1925 2124 1971 natu-

546 2014 665 2054 ram
699 2001 769 2056 sit
806 2015 872 2056 ex
898 2005 1041 2070 ipso,
1074 2015 1138 2055 ac
1169 2016 1297 2057 vere
1327 2003 1563 2072 genitus.
1594 2003 1728 2058 Nam
1769 2004 1816 2059 si
1850 2006 2129 2083 rationein

545 2090 707 2144 istam
752 2105 862 2144 non
918 2092 1122 2155 habet,
1167 2093 1261 2148 sed
1294 2092 1532 2150 Verbum
1577 2094 1653 2149 ita
1705 2097 1992 2154 nobiscum
2038 2106 2121 2154 est

547 2181 690 2237 lilius
713 2223 728 2248 ,
788 2189 845 2236 ut
891 2198 1037 2257 unus
1071 2197 1138 2238 ex
1172 2184 1333 2240 nobis
1354 2224 1369 2249 ,
1401 2186 1694 2257 adoptione
1732 2187 1991 2242 nimirum
2017 2228 2034 2254 ,
2067 2198 2121 2245 et

543 2270 663 2325 sola
690 2269 870 2326 Patris
900 2271 1204 2338 voluntate,
1236 2288 1399 2343 quam
1445 2275 1518 2329 ob
1554 2290 1693 2338 rem,
1729 2291 1936 2346 quaeso,
1968 2293 2118 2333 com-

546 2374 761 2415 munem
794 2361 942 2416 illam
979 2369 1033 2416 et
1059 2363 1319 2418 omnibus
1354 2365 1688 2433 propositam
1719 2367 1942 2435 gloriam
1967 2369 2136 2440 solus.

543 2450 645 2505 sibi
673 2459 894 2522 arrogat
921 2467 1047 2508 cum
1081 2454 1158 2506 ait
1198 2472 1211 2507 :
1255 2452 1435 2509 Nolite
1479 2456 1657 2512 facere
1686 2457 1905 2512 domum
1933 2458 2117 2516 Patris

542 2538 680 2602 mei,
713 2554 824 2594 non
858 2549 1041 2595 autem
1070 2541 1253 2611 potius
1278 2542 1500 2596 domum
1534 2542 1715 2600 Patris
1750 2547 1973 2601 nostri?
2017 2545 2120 2605 hoc

544 2629 692 2683 enim
719 2629 905 2686 dicere
929 2632 1105 2702 magis
1132 2631 1321 2687 forsan
1349 2641 1777 2689 consentaneum
1803 2648 1920 2691 erat
1939 2679 1953 2702 ,
1983 2640 2030 2694 si
2060 2654 2118 2695 se

543 2734 716 2773 unum
747 2736 811 2775 ex
843 2720 913 2776 iis
945 2721 1039 2792 qui
1074 2729 1270 2776 natura
1303 2738 1409 2778 non
1447 2732 1577 2793 sunt
1609 2725 1705 2779 ﬁlii
1745 2724 1838 2781 Dei
1875 2728 2114 2798 seipsum

541 2823 667 2866 esse
712 2810 937 2866 sciebat.
986 2812 1121 2867 Cum
1172 2821 1353 2869 autem
1418 2813 1655 2871 Verbum
1710 2817 2113 2887 seipsum'non

541 2897 686 2977 inter
713 2897 853 2953 ﬁlios
884 2914 979 2968 per
1010 2901 1242 2971 gratiam
1272 2903 1595 2973 ascriptum,
1628 2904 1722 2960 sed
1754 2921 1819 2959 ex
1852 2908 2114 2963 substan-

540 2988 614 3041 tia
646 2987 741 3043 Dei
768 3004 832 3043 ac
859 2988 1040 3046 Patris
1085 3006 1208 3048 esse
1246 3001 1582 3063 cognoscat,
1623 3002 1779 3049 extra
1821 3014 2111 3054 numerum
2144 3031 2187 3088 ρ

539 3079 771 3134 aliorum
805 3093 864 3135 se
905 3081 1170 3148 collocat,
1219 3081 1391 3138 Deum
1434 3099 1594 3138 suum
1640 3084 1859 3141 Patrem
1902 3104 2118 3143 nuncu-

538 3181 696 3236 pans.
732 3166 896 3222 Decet
944 3170 1090 3224 enim
1140 3185 1235 3225 eos
1285 3172 1380 3241 qui
1436 3172 1492 3226 in
1540 3172 1772 3228 ﬁliorum
1826 3192 2114 3232 numerum

541 3255 722 3309 vocati
753 3263 906 3322 sunt,
934 3263 988 3311 et
1018 3258 1256 3312 ascititia
1280 3259 1546 3330 dignitate
1569 3262 1808 3330 praediti,
1843 3265 1916 3318 ita
1946 3265 2112 3321 Deum

536 3347 866 3415 compellare
910 3348 1230 3417 precando:
1294 3368 1313 3402 ι
1357 3350 1515 3407 Pater
1540 3361 1761 3419 noster,
1811 3356 1904 3424 qui
1953 3372 2013 3413 es
2058 3357 2114 3429 in

537 3437 694 3493 caelis
722 3438 787 3489 ".
821 3455 843 3492 ι
882 3437 1035 3496 Unus
1081 3448 1262 3496 autem
1299 3456 1365 3497 ac
1403 3444 1557 3499 solus
1594 3458 1662 3500 ex
1696 3461 1805 3501 uno
1837 3448 2114 3505 exsistens

538 3521 870 3595 Unigenitus
891 3566 906 3592 ,
952 3542 1112 3584 suum
1152 3528 1368 3585 Patrem
1392 3532 1569 3588 .Deum
1602 3536 1795 3590 merito
1824 3551 2114 3608 nuncupa-

536 3615 695 3668 verit.
740 3614 897 3679 Quod
932 3617 980 3670 si
1016 3632 1106 3673 res
1148 3621 1459 3688 propositas
1499 3609 1716 3680 acutius
1746 3629 1984 3682 scrutari
2006 3667 2021 3693 ,
2058 3636 2115 3684 et

534 3705 913 3771 superioribus
936 3707 1051 3762 haec
1073 3709 1237 3763 etiam
1265 3713 1685 3769 accommodare
1715 3717 1970 3785 velimus,
2002 3719 2113 3775 alio

555 3794 722 3848 modo
758 3797 1155 3851 consideranda
1182 3805 1266 3853 est
1296 3799 1385 3852 illa
1417 3803 1599 3863 lectio.

522 3880 539 3891 ⁵
609 3881 679 3938 Et
712 3883 914 3937 invenit
942 3886 997 3939 in
1021 3887 1208 3954 tempto
1240 3888 1512 3945 vendente:
1542 3890 1721 3962 boves,
1752 3903 1803 3949 et
1830 3912 1980 3966 oves,
2003 3906 2110 3955 etc.

604 4075 743 4132 Vide
789 4092 918 4149 ergo
956 4093 1156 4137 rursus
1204 4088 1372 4137 totam
1419 4084 1850 4156 dispensationis
1901 4098 2106 4149 nostra:

536 4164 766 4221 formam
816 4169 1031 4225 duabus
1077 4171 1245 4228 rebus
1290 4174 1527 4229 contexi.
1575 4174 1709 4230 Nam
1754 4193 1881 4233 cum
1930 4179 2109 4235 Cana-

536 4256 922 4339 naeisGalilaeaa
953 4261 1151 4317 incolis
1175 4264 1425 4333 epulatur
1441 4265 1695 4323 Christus
1726 4276 1896 4339 atque
1927 4271 2105 4328 diver-

2224 463 2367 517 θεῖον
2431 465 2597 537 ἐχρῆν
2647 466 3026 522 ἀποτελεῖσθαι
3060 471 3188 525 ναὸν
3215 513 3231 539 ,
3272 475 3388 529 ἀλλ’
3419 471 3569 533 οἷκον
3617 479 3808 552 εὐχῆς.

2225 553 2382 607 Οὕτω
2412 555 2520 624 γὰρ
2556 555 2906 627 γέγραπται·
2938 560 3178 616 δείκνυσι
3226 565 3281 617 δὲ
3320 567 3421 621 οὐκ
3454 571 3511 624 ἐν
3548 570 3726 640 ψιλοῖς
3752 576 3812 631 τὸ

2225 642 2430 714 κίνημα
2460 644 2658 713 λόγοις,
2684 646 2818 701 ἀλλὰ
2843 648 3099 719 πληγαῖς,
3136 655 3228 707 καὶ
3261 658 3486 727 μάστιγι
3514 662 3623 716 τῶν
3646 650 3806 735 ἱερῶν

2204 733 2416 798 .ἐξωθεῖ
2454 735 2777 806 περιϐόλων,
2807 739 3147 812 δουλοπρεπῆ
3194 744 3417 812 δικαίως
3460 752 3644 817 αὐτοῖς
3695 733 3812 808 ἐπι.

2224 825 2424 895 νοήσας
2453 825 2551 897 τὴν
2580 829 2851 900 τιμωρίαν
2886 844 2901 856 ·
2941 832 3002 885 οὐ
3048 834 3157 904 γὰρ
3189 836 3412 907 ἔμελλον
3445 842 3811 908 ὐποδέξασθαι

2223 916 2315 971 τὸν
2352 918 2741 990 ἐλευθεροῦντα
2771 922 2858 977 διὰ
2889 922 3122 990 πίστεως
3150 928 3298 983 Υἰόν.
3324 932 3465 1003 Ὅρα
3484 934 3540 987 δέ
3578 954 3671 1006 μοι
3703 956 3808 993 κα-

2222 1007 2332 1072 λῶς
2382 1008 2459 1073 ὡς
2511 1011 2569 1064 ἐν
2606 1012 2777 1067 είκόνι
2823 1016 3163 1097 πραγμάτων
3205 1026 3697 1097 καταγραφόμενον
3744 1030 3810 1085 τὺ

2224 1099 2312 1154 διὰ
2361 1101 2455 1154 τοῦ
2516 1102 2728 1156 Παύλου
2767 1094 3089 1177 λελεγμένον
3119 1127 3132 1141 ·
3171 1128 3190 1162 ι
3216 1112 3285 1165 Εἴ
3309 1132 3394 1178 τις
3430 1094 3650 1172 οὗν-τὸν
3678 1125 3808 1178 ναὸν

2223 1190 2320 1244 τοῦ
2352 1192 2497 1247 Θεοῦ.
2510 1194 2726 1268 φθείρῃ,
2757 1197 2949 1269 φθερεῖ
2973 1199 3158 1255 τοῦτον
3192 1204 3219 1256 6
3240 1204 3388 1269 Θεός.
3424 1225 3443 1258 ι

2298 1285 2510 1351 Ἀρατε
2543 1287 2731 1341 ταῦτα
2768 1287 3066 1355 ἐντεῦθεν,
3105 1294 3190 1362 μὴ
3231 1296 3451 1351 ποιεῖτε
3493 1299 3603 1354 τὸν
3634 1297 3809 1358 οἷκον

2222 1374 2329 1429 τοῦ
2358 1377 2588 1444 Πατρός
2607 1396 2748 1447 μου,
2777 1375 2945 1434 οἷκον
2971 1382 3278 1452 ἐμπορίου.

2305 1465 2611 1521 Ἐπιτάττει
2643 1469 2740 1538 μὲν
2772 1471 2847 1536 ὡς
2881 1473 3185 1545 Δεσπότης,
3221 1484 3555 1551 χειραγωγεῖ
3580 1483 3637 1537 δὲ
3666 1485 3808 1556 πρὸς

2222 1554 2284 1608 τδ
2315 1556 2548 1627 πρέπον,
2574 1558 2649 1623 ὡς
2673 1560 3013 1630 διδάσκαλος,
3040 1569 3375 1640 παρατίθησί
3403 1589 3462 1623 τε
3485 1577 3551 1644 τῇ
3583 1554 3805 1632 κολάσει

2223 1644 2321 1716 τὴν
2351 1646 2460 1702 τῶν
2500 1653 2853 1722 πταισμάτων
2900 1656 3188 1728 ἐξήγησιν,
3237 1662 3377 1715 αἰδοῖ
3405 1666 3470 1735 τῇ
3500 1668 3629 1736 περὶ
3662 1668 3807 1721 αὐτὰ

2223 1736 2568 1806 χαλεπαίνειν
2595 1742 2695 1796 οὐκ
2732 1745 2837 1798 ἐῶν
2865 1746 2958 1800 τὸν
2998 1752 3420 1822 ἐπιτιμώμενον.
3458 1758 3805 1829 Σημειωτέον

2222 1824 2280 1877 δὲ
2331 1826 2412 1879 ὅτι
2471 1827 2630 1884 πάλιν
2676 1833 2873 1886 οἰκεῖον
2919 1836 3136 1908 Πατέρα
3182 1841 3449 1897 ἀποκαλεῖ
3495 1824 3804 1915 μοναδικῶς

2221 1914 2312 2003 τὸν
2342 1915 2505 2003 Θεδνᾲ,
2543 1918 2618 1982 ὡς
2670 1921 2835 1984 αὐτὸς
2857 1923 2919 1994 δὴ
2944 1925 3040 1978 καὶ
3076 1927 3239 1996 μόνος
3268 1931 3296 1982 ό
3325 1931 3463 1985 κατὰ
3500 1914 3662 2003 φύσιν
3697 1936 3803 1989 ὑπ-

2222 1997 2403 2069 άρχων
2429 2000 2489 2066 ἐξ
2519 2003 2713 2069 αὐτοῦ,
2753 2006 2847 2060 καὶ
2876 2013 3270 2082 γεγεννημένος
3301 1997 3535 2086 άληθῶς..
3592 2020 3656 2073 Εἰ
3690 2020 3801 2092 γὰρ

2224 2089 2297 2161 μὴ
2323 2091 2510 2146 τοῦτον
2536 2094 2647 2165 ἔχει
2673 2095 2764 2150 τὸν
2793 2099 3025 2170 τρόπον,
3058 2101 3174 2157 ἐστι
3203 2104 3260 2158 δὲ
3290 2104 3463 2171 οὕτως
3490 2109 3609 2179 μεθ’
3643 2089 3801 2181 ἡμῶν

2218 2182 2247 2234 6
2273 2183 2445 2252 Λόγος
2461 2185 2575 2249 υἱδς
2594 2225 2608 2250 ,
2654 2187 2730 2251 ὡς
2756 2184 2838 2253 εἷς
2862 2190 2921 2255 ἐξ
2944 2192 3127 2264 ἡμῶν,
3181 2196 3320 2250 κατᾶ
3352 2198 3501 2252 θέσιν
3529 2200 3799 2272 δηλονότι,
3875 2232 3883 2237 -

2219 2274 2313 2326 καὶ
2354 2276 2494 2329 κατὰ
2527 2279 2687 2347 Ιιόνον
2712 2280 2773 2333 τὸ
2818 2282 2878 2335 ἐν
2914 2282 3129 2356 θελήσει
3166 2289 3258 2341 τοῦ
3288 2291 3528 2362 Πατρδς,
3576 2295 3702 2347 ὅτου
3736 2296 3799 2367 δὴ

2219 2363 2376 2433 χάριν
2407 2364 2467 2417 τὸ
2513 2369 2688 2422 κοινὸν
2715 2369 2918 2440 δήπου,
2964 2373 3058 2427 καὶ
3092 2377 3226 2429 πᾶσι
3259 2381 3620 2449 προκείμενον
3662 2363 3804 2438 καύξ

2218 2470 2398 2523 χημα,
2449 2456 2607 2526 μόνος
2637 2460 2716 2523 είς
2747 2462 2937 2516 ἐαυτὸν
2963 2465 3197 2535 ἁρπάζει
3222 2467 3395 2536 λέγων
3416 2488 3429 2501 ·
3470 2471 3563 2541 Μὴ
3588 2477 3803 2529 ποιεῖτε

2215 2543 2307 2598 τὸν
2334 2543 2479 2599 οἷκον
2504 2548 2596 2601 τοῦ
2619 2551 2829 2623 Πατρός
2857 2570 2958 2621 μου
2975 2595 2990 2622 ,
3024 2556 3119 2609 καὶ
3158 2559 3277 2629 οὐχὶ
3311 2560 3510 2630 μᾶλλον
3533 2560 3627 2616 τὸν
3648 2560 3803 2620 οἷκον

2215 2632 2308 2684 τοῦ
2348 2635 2561 2705 Πατρὸς
2586 2638 2776 2707 ήμῶν;
2803 2641 2971 2695 Τοῦτο
2995 2643 3104 2715 γὰρ
3128 2640 3195 2715 ἦν
3228 2646 3356 2712 ἴσως
3377 2650 3802 2725 ἀκολουθότερον

2216 2722 2388 2776 εἰπεῖν
2410 2767 2424 2792 ,
2482 2725 2638 2798 εἴπερ
2665 2728 2759 2781 ἕνα
2800 2731 2906 2783 τῶν
2938 2733 3038 2786 οὐκ
3082 2734 3251 2791 ὄντων
3299 2741 3440 2794 κατὰ
3467 2742 3628 2811 φύσιν
3660 2746 3802 2799 υἱῶν

2217 2812 2310 2865 καὶ
2343 2815 2533 2869 ἑαυτὸν
2566 2815 2911 2887 ἐξηπίστατο.
2961 2824 3179 2897 Ἐπειδὴ
3213 2828 3269 2881 δὲ
3296 2830 3396 2884 οὐκ
3427 2833 3485 2885 ἐν
3514 2836 3628 2898 τοῖς
3652 2838 3802 2891 κατὰ

2217 2906 2375 2974 χάριν
2412 2909 2574 2973 υἱοῖς,
2621 2910 2737 2963 ἀλλ’
2771 2914 2834 2964 ἐκ
2879 2917 2977 2984 τῆς
3004 2916 3187 2981 οὐσίας
3237 2920 3362 2974 ὄντα
3394 2924 3488 2977 τοῦ
3534 2925 3670 2980 Θεοῦ
3698 2930 3801 2982 καί⁵

2218 2993 2431 3063 Πατρὸς
2463 2997 2650 3050 ἑαυτὸν
2676 2999 2885 3067 όΛόγος
2907 3002 3035 3057 ὄντα
3062 3006 3341 3076 γινώσκει,
3368 3011 3471 3076 ἔξω
3492 3013 3599 3068 τῶν
3619 3016 3800 3073 ἄλλων

2219 3083 2451 3153 τίθησιν,
2488 3086 2616 3140 ῐδιον
2647 3089 2863 3159 Πατέρα
2888 3093 3069 3147 καλῶν
3094 3096 3185 3149 τὸν
3214 3097 3368 3153 Θεόν.
3404 3101 3659 3172 Ἀρμόσει
3691 3106 3798 3176 μὲν

2219 3172 2326 3242 γὰρ
2344 3176 2454 3236 τοῖς
2480 3176 2559 3238 είς
2587 3177 2807 3249 υίὸτητα
2834 3182 3209 3252 κεκλημένοις,
3229 3189 3323 3241 καὶ
3346 3189 3581 3244 ἐπακτὸν
3608 3172 3796 3264 έχουσι

2216 3264 2276 3316 τὸ
2299 3263 2521 3335 ἀξίωμα
2543 3271 2997 3340 προσευχομένοις
3026 3274 3285 3346 ἀναϐοᾷνο
3321 3296 3340 3328 ι
3368 3279 3550 3350 Πάτερ
3580 3263 3737 3352 ἡμῶν
3765 3287 3795 3338 ό

2217 3355 2275 3408 ἐν
2306 3358 2418 3419 τοῖς
2446 3357 2724 3428 οὐρανοῖς·
2756 3379 2775 3412 ι
2808 3356 2888 3425 εἷς
2911 3362 2966 3415 δὲ
2997 3365 3090 3417 καὶ
3115 3367 3273 3440 μόνον
3297 3370 3357 3434 ἐξ
3389 3371 3506 3435 ἐνὸς
3530 3373 3793 3444 ὑπάρχων

2215 3446 2580 3527 ό-Μονογενὴς
2600 3490 2614 3512 ,
2662 3450 2790 3504 ἴδιον
2829 3453 3051 3518 εἰκότως
3096 3457 3423 3514 ἀποκαλέσει
3453 3464 3670 3532 Πατέρα
3696 3467 3791 3519 τὸν

2215 3524 2366 3591 Θεόν.
2420 3538 2483 3591 Εἰ
2524 3540 2581 3593 δὲ
2625 3543 2702 3595 δεῖ
2748 3546 2861 3606 τοῖς
2910 3548 3289 3618 προκειμένοις
3335 3524 3787 3623 προσϐάλλοντας.

2215 3626 2575 3700 λογικώτερον
2623 3634 2928 3705 ἐφαρμόσαι
2972 3639 3084 3699 τοῖς
3140 3639 3399 3713 ἀνωτέρω
3449 3658 3545 3698 καὶ
3592 3646 3789 3714 ταῦτα,

2218 3717 2515 3792 θεωρητέον
2544 3724 2745 3796 ἑτέρως
2773 3727 2834 3780 τὸ
2862 3716 3215 3800 ἀνάγνωσμα,

2280 3896 2391 3949 Καὶ
2418 3894 2595 3965 εὗρεν
2629 3899 2699 3952 ἐν
2726 3898 2806 3965 τῷ
2829 3900 2960 3968 ἱερῷ
2983 3905 3125 3969 τοὺς
3154 3906 3509 3975 πωλοῦντας
3540 3910 3611 3965 τὰ
3640 3915 3787 3980 πρό-

2213 3985 2360 4038 ϐατα
2383 3986 2483 4039 καὶ
2515 3987 2656 4052 τοὺς
2683 3989 2859 4054 βόας,
2893 3992 2989 4043 καὶ
3023 3991 3092 4045 τὰ
3125 3991 3272 4064 ἑξῆς.

2281 4076 2389 4130 Θέα
2429 4076 2494 4146 δὴ
2546 4077 2705 4133 πάλιν
2735 4080 2855 4135 ὅλον
2895 4082 2996 4150 τῆς
3029 4082 3152 4138 καθ’
3200 4085 3349 4156 ἡμᾶς
3385 4087 3694 4160 οἰκονομίας
3723 4094 3788 4145 τὸ

2212 4167 2397 4240 σχῆμα
2415 4169 2503 4222 διὰ
2521 4170 2615 4224 δύο
2638 4175 2978 4244 πραγμάτων
3002 4176 3437 4245 ἐξυφαινόμενον.
3459 4179 3782 4235 Καναναίων

2213 4258 2310 4328 μὲν
2326 4258 2432 4330 γὰρ
2446 4263 2555 4323 τοῖς
2569 4263 2709 4315 κατὰ
2724 4261 2818 4333 τὴν
2829 4263 3130 4329 Γαλιλαίαν,
3150 4281 3221 4333 φη
3231 4262 3311 4334 μὶ,
3331 4264 3425 4317 καὶ
3441 4267 3781 4319 συνεστιᾶται

533 4357 718 4415 satur,
749 4358 803 4405 et
831 4367 1031 4411 mensae
1053 4363 1341 4414 consortes
1376 4357 1508 4413 facit
1537 4374 1633 4416 eos
1669 4376 1699 4416 a
1731 4364 1935 4432 quibus
1959 4366 2104 4421 invi-

2214 4348 2302 4400 καὶ
2328 4349 2976 4422 συναυλίζεταιΧριστὸς,
3003 4354 3097 4406 καὶ
3116 4354 3522 4424 ὁμοτραπέζους
3546 4357 3779 4409 ἐποιεῖτο

533 4446 681 4493 tatus
711 4450 830 4495 erat
854 4453 910 4498 et
934 4445 1326 4500 cohonestatus
1355 4488 1371 4514 ,
1414 4449 1703 4506 miraculis
1730 4454 1957 4521 prodest
1985 4494 2001 4519 ,
2052 4467 2105 4512 ct

531 4530 678 4600 quod
710 4532 776 4586 ad
807 4532 1097 4589 honestum
1133 4536 1392 4606 gaudium
1441 4539 1576 4609 ipsis
1616 4541 1844 4609 deerat,
1882 4548 2102 4616 explet,

530 4630 586 4676 et
615 4637 776 4677 omne
812 4623 1085 4680 bonorum
1123 4642 1299 4696 genus
1329 4627 1532 4682 aﬁ‘atim
1567 4631 1819 4701 largitur,
1851 4636 1958 4690 hoc
1992 4639 2105 4693 vel-

534 4714 610 4765 uti
640 4719 768 4782 typo
798 4714 1071 4781 edocens,
1126 4731 1185 4770 se
1212 4716 1447 4773 Galilaeaa
1479 4719 1689 4776 incolas
1730 4722 1887 4794 150
1934 4727 2101 4781 etiam

533 4814 949 4872 suscepturum,
983 4806 1088 4860 hoc
1118 4813 1203 4861 est
1234 4817 1456 4877 gentes,
1488 4825 1588 4880 per
1616 4826 1801 4867 earum
1840 4815 1998 4887 ﬁdem
2030 4818 2098 4872 ad

534 4880 681 4956 ipSas
727 4892 892 4945 veluti
926 4905 1177 4949 vocatum
1204 4933 1219 4959 ,
1271 4904 1326 4952 et
1372 4898 1429 4952 in
1479 4901 1762 4957 C(elestem
1796 4880 2095 4961 thalamum

531 4977 971 5033 introducturum
996 5023 1011 5048 ,
1052 4982 1107 5035 in
1137 4985 1629 5054 primogenitorum
1671 4988 1975 5047 Ecclesiam
2009 4994 2096 5047 ni-

530 5069 772 5133 mirum,
815 5083 1018 5140 easque
1065 5086 1192 5127 cum
1242 5077 1453 5132 sanctis
1486 5079 1882 5135 collocaturum
1926 5082 2092 5153 (cum

526 5158 775 5214 convivis
821 5159 981 5213 enim‘
1003 5162 1378 5219 accubuerunt
1415 5166 1751 5237 discipuli),
1788 5179 1843 5225 et
1896 5170 2093 5227 divinae

526 5261 592 5302 ac
638 5248 905 5317 spiritalis
944 5249 1281 5307 celebritatis
1306 5252 1519 5309 futuras
1548 5254 1870 5324 participes,
1900 5271 2092 5326 quem-

526 5335 820 5393 admodum
866 5337 1029 5393 etiam
1077 5337 1195 5410 ipse
1241 5340 1321 5395 ait
1359 5341 1565 5397 alicubi
1614 5359 1628 5398 :
1696 5361 1717 5396 ι
1760 5343 1898 5411 Quia
1934 5346 2089 5401 multi

522 5425 830 5500 ab_oriente
854 5438 909 5486 et
937 5428 1218 5505 occidente
1250 5432 1491 5501 venient,
1521 5440 1577 5490 et
1604 5436 1921 5493 recumbent
1960 5452 2086 5493 cum

618 5606 665 5640 '°
700 5607 889 5664 Matth.
924 5625 1039 5677 ιιι,
1082 5611 1169 5666 13.

2208 4439 2335 4502 τοὺς
2352 4441 2685 4511 κεκληκότας
2700 4444 2882 4509 αὐτὸν,
2905 4445 2999 4498 καὶ
3019 4444 3104 4498 διὰ
3119 4444 3273 4500 τοῦτο
3287 4448 3627 4517 τιμήσαντας
3643 4464 3658 4479 ’
3685 4448 3779 4500 καὶ

2204 4529 2293 4583 διὰ
2323 4531 2562 4600 σημείων
2588 4531 2809 4601 ὠφελεῖ,
2829 4535 2922 4588 καὶ
2948 4534 3008 4587 τὸ
3045 4536 3229 4588 λεῖπον
3260 4538 3444 4600 αὐτοῖς
3469 4541 3548 4600 εὶς
3576 4539 3780 4608 εὐφρα-

2207 4621 2326 4674 σίαν
2349 4624 2652 4694 ἀναπληροῖ
2674 4640 2685 4655 ·
2713 4626 2805 4677 καὶ
2834 4626 2886 4679 τί
2916 4627 3025 4696 γὰρ
3058 4627 3177 4695 οὐχὶ
3209 4627 3317 4680 τῶν
3345 4627 3564 4695 ἀγαθῶν
3590 4629 3777 4681 ἐπιδα-

2202 4711 2481 4779 ψιλεύεται
2509 4752 2524 4775 ,
2576 4714 2651 4777 ὡς
2686 4714 2774 4767 διὰ
2805 4716 2977 4769 τύπου
3025 4717 3320 4782 διδάσκων,
3357 4719 3439 4771 ὅτι
3486 4718 3580 4770 καὶ
3610 4734 3773 4789 προσ-

2201 4799 2408 4862 δέξεται
2439 4802 2564 4863 τοῦς
2594 4803 2693 4872 τῆς
2722 4806 3010 4867 Γαλιλαίας
3035 4808 3339 4877 οἰκήτορας,
3371 4806 3516 4859 τοῦτ’
3545 4807 3681 4869 ἔστι,
3705 4808 3773 4861 τὰ

2201 4886 2360 4956 ἔθνη,
2388 4890 2718 4961 κεκλημένος
2738 4933 2752 4957 ,
2802 4895 2877 4958 ὡς
2907 4896 3041 4966 πρὸς
3074 4898 3212 4951 αὐτὰ
3244 4898 3333 4950 διὰ
3376 4899 3474 4968 τῆς
3506 4900 3563 4952 ἐν
3591 4899 3772 4961 αὐτοῖς

2201 4976 2455 5042 πίστεως,
2482 4980 2573 5032 καί
2594 4983 2672 5044 εἰς
2699 4984 2789 5036 τὸν
2811 4987 3056 5055 οὐράνιον
3082 4986 3285 5051 εἰσάξει
3314 4988 3537 5053 παστὸν,
3570 4989 3650 5052 είς
3673 4989 3769 5060 τὴν

2197 5067 2305 5119 τῶν
2354 5071 2709 5139 πρωτοτόκων
2758 5076 3081 5145 Ἐκκλησίαν
3125 5078 3360 5150 δηλαδὴ,
3416 5079 3511 5131 καὶ
3545 5096 3770 5133 συνανα-

2198 5157 2368 5212 κλινεῖ
2394 5165 2502 5225 τοῖς
2528 5163 2698 5231 ἁγίοις
2723 5167 2860 5220 αὐτὰ
2901 5167 3296 5238 (συνανέκειντο
3316 5171 3425 5241 γάρ
3446 5173 3556 5233 τοῖς
3578 5172 3766 5223 ἑστιω-

2200 5249 2377 5319 μένοις
2415 5254 2464 5305 οί
2508 5255 2650 5323 ἅγιοι
2688 5257 2967 5327 μαθηταὶ),
3015 5260 3109 5313 καὶ
3141 5261 3238 5330 τῆς
3282 5260 3435 5325 θείας
3474 5263 3566 5315 καὶ
3606 5278 3767 5317 πνευ-

2199 5345 2429 5414 ματικῆς
2455 5346 2882 5415 συμμεθέξουσιν
2914 5351 3107 5421 ἑορτῆς
3130 5390 3145 5415 ,
3180 5350 3323 5404 καθὰ
3351 5352 3444 5406 καὶ
3473 5353 3634 5416 αὑτός
3665 5353 3767 5407 πού

2196 5452 2391 5507 φησιν’
2454 5455 2475 5491 ι
2514 5439 2634 5493 Ὅτι
2685 5440 2868 5494 πολλοὶ
2900 5442 3005 5495 ἀπὸ
3039 5442 3346 5510 ἀνατολῶν,
3398 5444 3496 5498 καὶ
3546 5445 3768 5520 δυσμῶν

1262 5609 1306 5645 ⁸⁸
1338 5610 1354 5666 l
1384 5608 1512 5667 Cor.
1543 5626 1626 5681 ιιι,
1659 5611 1746 5666 17.
1824 5614 1868 5646 ⁸³
1912 5611 2103 5668 Matth.
2140 5628 2216 5678 vl,
2243 5614 2298 5669 9.
