4090 6266
331 322 439 378 255

1391 304 1454 371 IN
1494 304 1776 369 toANNts
1816 292 2261 364 EVANGELIUM
2301 303 2425 363 LIB.
2473 303 2533 364 ιι.

3464 307 3568 370 254

333 437 557 507 ἥξουσι,
614 436 709 490 καὶ
756 435 1201 505 ἀνακλιθήσονται
1259 433 1395 503 μετά
1462 428 1711 501 ’Λύραάμ
1736 466 1748 489 ,
1807 425 1898 478 καὶ

2014 422 2292 487 Abraham,
2332 430 2385 475 et
2414 425 2563 476 Isaac
2585 463 2599 485 ,
2635 430 2687 475 et
2718 416 2886 475 Jacol)
2907 420 2952 453 ⁸³
2972 462 2986 485 ,
3026 440 3046 475 ι
3090 422 3295 476 nullius
3321 435 3572 493 expertes

348 527 537 581 Ἰσαὰκ
557 567 572 592 ,
619 526 716 580 καὶ
753 525 944 581 Ἰακὼό
964 567 979 590 ,
1014 544 1033 578 ι
1067 522 1277 588 οὐδενὸς
1305 524 1489 585 αὐτοῖς
1538 521 1617 583 είς
1643 517 1907 589 θυμηδίαν

2009 511 2214 580 gaudii.
2271 529 2290 560 ι
2338 510 2549 565 Laetitia
2599 510 2743 563 enim
2797 511 3128 580 sempiterna
3189 526 3354 581 super
3412 525 3578 582 caput

339 617 694 680 δλλείποντος.
747 634 768 668 ι
787 614 1103 687 Εὐφροσύνη
1130 614 1239 685 γάρ
1260 613 1473 675 αἰώνιος
1505 611 1644 681 ὑπὲρ
1668 607 1909 677 κεφαλῆς

2014 616 2197 656 eorum
2220 600 2287 653 ⁸⁸.
2311 620 2330 652 ι
2356 601 2667 657 lncredulos
2694 610 2873 656 autem
2892 601 3109 659 Iudaeos
3124 604 3191 659 de
3208 605 3417 659 sanctis
3438 606 3573 660 locis

341 705 544 760 αὑτῶν.
587 722 609 758 ι
658 705 794 768 Τοὺς
842 704 899 757 δὲ
941 703 1345 775 ἀπειθήσαντας
1401 699 1685 762 Ἰουδαίους
1727 697 1909 750 τόπων

347 800 444 869 μὲν
479 797 588 851 τῶν
622 796 788 866 ἁγίων
814 796 1061 863 ἐκϐαλεῖ,
1097 796 1202 861 ἔξω
1224 795 1282 848 δὲ
1305 794 1459 864 θήσει
1485 792 1585 862 τῆς
1622 792 1772 862 ἱερᾶς
1800 790 1910 842 τῶν

345 888 516 956 ἁγίων
552 886 842 956 περιϐολῆς
863 901 878 917 ·
925 886 1061 940 ἀλλὰ
1097 888 1193 940 καὶ
1221 884 1591 957 προσάγοντας
1620 882 1689 935 τὰ
1716 884 1795 945 είς
1818 880 1912 934 θυ-

345 978 464 1030 σίαν
495 978 556 1031 οὐ
578 977 930 1049 προσδέξεται
947 995 964 1012 ο
990 978 1208 1033 κολάσει
1236 976 1295 1029 δὲ
1325 963 1540 1046 μᾶλλον,
1570 973 1663 1028 καὶ
1688 973 1910 1044 μάστιγι

343 1069 618 1139 ὑποθήσει,
649 1073 859 1141 σειραῖς
886 1069 996 1123 τῶν
1020 1070 1236 1123 οἰκείων
1271 1065 1758 1137 πλημμελημάτων
1781 1081 1912 1117 κατ-

339 1160 927 1231 εσφιγμένους.·’Δκουε
938 1160 1046 1232 γὰρ
1059 1160 1304 1228 λέγοντος
1322 1174 1336 1187 '
1365 1159 1597 1229 «Ἀρατε
1625 1156 1799 1210 ταῦτα
1827 1157 1913 1208 ὲν-

294 1312 299 1333 ς
339 1253 549 1318 τεῦθεν,
582 1270 601 1304 ι
638 1255 725 1306 ἵνα
756 1252 916 1306 πάλιν
941 1254 1122 1306 ἐκεῖνα
1151 1254 1309 1322 νοῇς,
1335 1251 1371 1305 ἃ
1407 1250 1471 1320 δὴ
1504 1248 1599 1303 καὶ
1627 1246 1792 1301 πάλαι
1826 1244 1913 1298 διὰ

342 1339 523 1410 φωνῆς
546 1338 641 1393 τοῦ
666 1340 944 1410 προφήτου
977 1340 1141 1408 φησὶν
1172 1339 1393 1393 Ἡσαΐου
1418 1354 1432 1370 ·
1468 1355 1488 1389 ι
1525 1334 1913 1404 Ὀλοοιαύτωμα

340 1430 447 1482 τῶν
474 1430 672 1500 κριῶν,
699 1432 792 1483 καὶ
822 1429 989 1501 στέαρ
1017 1429 1224 1500 ἀρνῶν,
1255 1431 1347 1483 καὶ
1387 1423 1527 1498 αἷμα
1562 1426 1775 1498 ταύρων
1818 1426 1913 1478 καὶ

2008 692 2356 756 exturbabit,
2386 700 2440 748 et
2477 703 2632 749 extra
2673 709 2829 749 sacra
2861 703 3179 752 sanctorum
3210 696 3416 749 moenia
3464 707 3573 750 sta-

2010 791 2168 838 tuet:
2216 784 2349 855 quin
2387 792 2442 840 et
2476 784 2749 840 sacriﬁcia
2779 785 3073 842 offerentes
3120 800 3226 841 non
3268 787 3574 857 suscipiet,

2011 875 2106 929 sed
2134 889 2232 931 eos
2268 876 2450 945 potius
2480 877 2689 946 puniet,
2722 876 3021 948 ﬂagristtue
3051 877 3324 948 sdbjiciet,
3361 880 3575 935 catenis

2010 982 2237 1021 suorum
2278 968 2571 1022 criminum
2621 969 2979 1026 constrictos.
3025 969 3166 1025 Audi
3205 970 3350 1026 enim
3392 971 3579 1025 dicen-

2010 1065 2120 1111 tem
2154 1076 2167 1111 :
2196 1075 2217 1107 ι
2238 1058 2463 1112 Auferte
2498 1057 2598 1112 ista
2621 1057 2769 1124 hinc,
2797 1077 2815 1109 ι
2846 1066 2905 1112 ιιι
2946 1060 3039 1112 illa
3071 1073 3265 1114 rursus
3301 1058 3579 1127 intelligas

2012 1163 2132 1220 quae
2147 1163 2246 1218 per
2269 1147 2419 1203 Isaiae
2435 1163 2624 1205 vocem
2654 1151 2785 1205 olim
2807 1150 3024 1206 locutus
3050 1158 3162 1206 est:
3202 1167 3222 1201 ι
3242 1148 3578 1205 Holocausta

2013 1240 2266 1303 arietum,
2298 1247 2352 1294 et
2380 1240 2593 1310 adipem
2628 1254 2916 1311 agnorum,
2945 1248 2999 1297 et
3033 1242 3355 1311 sanguinem
3393 1247 3580 1294 tauro—

2011 1345 2134 1385 rum
2169 1341 2223 1386 et
2245 1330 2525 1385 hircorum
2559 1332 2706 1393 nolo,
2730 1344 2905 1402 neque
2923 1333 3153 1387 veniatis
3187 1340 3246 1386 ut
3273 1330 3579 1401 appareatis

2014 1421 2169 1475 mibi.
2198 1420 2336 1488 Quis
2364 1423 2510 1477 enim
2540 1423 2791 1492 quaesivit
2819 1423 2932 1478 haec
2961 1423 3029 1479 de
3059 1424 3312 1477 manibus
3343 1421 3582 1477 vestris?

341 1523 561 1590 τράγων
588 1522 651 1574 οὑ
698 1520 991 1591 βούλομαι,
1030 1521 1140 1575 οὐδ’
1167 1522 1234 1575 ἂν
1265 1520 1496 1592 ἔρχησθε
1534 1516 1766 1588 ὀφθῆναί
1802 1532 1910 1585 μοι.

2014 1510 2236 1565 Calcare
2273 1511 2471 1565 atrium
2510 1526 2688 1565 meum
2732 1523 2840 1566 non
2884 1513 3186 1582 apponetis.
3240 1508 3296 1564 Si
3340 1509 3580 1565 all‘eratis

344 1606 440 1668 Τίς
468 1611 576 1678 γὰρ
600 1606 896 1677 ὲξεζήτησε
914 1609 1084 1661 ταῦτα
1106 1610 1170 1661 ὲκ
1196 1608 1305 1662 τῶν
1330 1608 1525 1679 χειρῶν
1555 1606 1743 1678 ύμῶν;
1801 1606 1910 1657 Πα-

2014 1600 2244 1656 similam
2270 1640 2286 1664 ,
2331 1614 2533 1655 vanum
2563 1601 2846 1657 incenSum
2874 1641 2890 1663 .
2936 1600 3272 1655 abominatio
3304 1602 3439 1655 mihi
3472 1609 3578 1657 est.

346 1701 457 1749 τείν
487 1698 587 1768 τὴν
615 1700 780 1769 αὐλήν
816 1717 917 1770 μου
974 1702 1033 1754 ού
1092 1700 1482 1771 προσθήσεσθε.
1548 1698 1673 1751 Ἐὰν
1716 1697 1910 1767 φέρητε

2015 1693 2336 1749 Neomenias
2369 1702 2612 1760 vestras,
2653 1703 2707 1750 et
2742 1692 2976 1750 Sabhata
3004 1737 3018 1761 ,
3062 1703 3117 1749 et
3148 1694 3288 1750 diem
3324 1710 3580 1766 magnum

350 1788 662 1858 σεμίδαλιν,
715 1791 939 1859 μάταιον
976 1789 1259 1861 θυμίαμα,
1322 1789 1594 1859 βδέλυγμά
1638 1787 1728 1858 μοι
1763 1784 1909 1840 ἐστι·

2020 1796 2127 1835 non
2162 1781 2310 1847 fero;
2354 1782 2619 1852 jejunium
2640 1819 2655 1846 ,
2686 1792 2739 1837 et
2768 1782 2936 1836 otium
2959 1824 2975 1849 ,
2997 1788 3053 1836 et
3083 1782 3458 1837 solemnitates
3487 1797 3583 1837 ve—

349 1874 449 1936 τὲις
477 1873 770 1942 νουμηνίας
797 1874 948 1944 ὑμῶν
998 1875 1092 1928 καὶ
1118 1875 1185 1929 τὰ
1225 1874 1474 1929 Σάϐϐατα
1496 1912 1510 1936 ,
1561 1874 1655 1926 καὶ
1701 1872 1910 1942 ἡμέραν

2017 1879 2160 1928 stras
2200 1873 2320 1928 odit
2362 1878 2541 1928 anima
2580 1888 2718 1929 mea.
2753 1871 2906 1929 Facti
2943 1874 3079 1929 mihi
3107 1875 3242 1931 estis
3271 1874 3327 1929 in
3356 1874 3583 1930 satieta-

352 1966 594 2035 μεγάλην
626 1965 726 2018 οὐκ
757 1966 1035 2036 ἀνέχομαι.
1086 1966 1393 2036 Νηστείαν,
1438 1966 1529 2019 καὶ
1566 1963 1792 2035 ἀργίαν,
1819 1963 1909 2015 καὶ

2015 1971 2158 2019 tem:
2191 1980 2536 2036 nequaquam
2561 1967 2699 2021 ultra
2729 1966 2998 2022 dimittam
3025 1975 3247 2037 peccata
3267 1980 3445 2022 vesua
3462 1967 3526 2020 ⁸⁸.
3559 1986 3578 2018 ι

345 2055 444 2118 τὰς
471 2057 664 2126 ἑορτὰς
698 2056 850 2126 ὑμῶν
897 2057 1100 2127 μισείή
1130 2057 1275 2126 ψυχή
1315 2069 1435 2126 μου.
1477 2053 1794 2123 Ἐγενήθητέ
1819 2070 1908 2123 μοι

2015 2054 2174 2121 Quod
2219 2056 2434 2127 ﬂagello
2481 2072 2512 2112 e
2549 2053 2773 2113 funibus
2812 2057 2958 2112 facto
2993 2060 3257 2129 praeclare
3284 2059 3579 2130 signiﬁcat.

341 2149 424 2210 εἰς
460 2148 807 2219 πλησμονὴν,
834 2149 1015 2202 οὐκέτι
1040 2150 1228 2220 ἀνήσω
1249 2149 1346 2212 τάς
1377 2146 1650 2220 ἁμαρτίας
1680 2147 1852 2216 ὑμῶν.
1883 2165 1903 2198 ι

2017 2144 2213 2217 Flagra
2243 2148 2390 2203 enim
2423 2149 2581 2220 signa
2610 2157 2739 2206 sunt
2764 2149 3088 2221 punhiouis.
3488 2156 3492 2163 '

342 2240 518 2312 Ὅπερ
556 2242 756 2311 ἄριστα
792 2240 879 2293 διὰ
922 2241 1093 2294 τύπου
1139 2241 1393 2312 σημαίνει
1432 2240 1491 2294 τὸ
1537 2243 1600 2293 ἐκ
1626 2238 1874 2309 σχοινίων
1911 2238 2093 2301 αὐτοῖς
2118 2242 2409 2311 ἐπινοήσας
2461 2241 2800 2311 φραγέλλιον.
2837 2242 3124 2306 Κολάσεως
3185 2243 3293 2314 γὰρ
3360 2246 3582 2315 σημεῖον

340 2338 396 2388 αἱ
429 2336 709 2406 μάστιγες.

423 2426 843 2495 Ἐμνήσθησαν
863 2428 931 2481 δὲ
958 2431 1012 2483 οἱ
1034 2429 1293 2498 μαθηταὶ
1318 2430 1520 2495 αὐτοῦ,
1543 2429 1632 2484 ὅτι
1664 2434 1913 2499 τεγραμέ

334 2519 523 2587 μένον
544 2519 717 2573 ἐστίν
750 2535 766 2550 ο
804 2520 865 2573 '0
894 2519 1073 2588 ζῆλος
1099 2521 1207 2576 τοῦ
1229 2524 1399 2576 οἴκου
1428 2535 1545 2575 σου
1584 2519 1911 2590 καταφάγε-

340 2610 436 2662 ταί
455 2626 551 2679 με.
595 2612 1038 2678 Ἀπεκρίθησαν
1062 2608 1177 2667 οὖν
1204 2615 1259 2667 οἱ
1289 2612 1558 2667 Ἰουδαῖοι
1577 2654 1591 2677 ,
1618 2612 1715 2667 καὶ
1741 2608 1914 2666 εἶπον

340 2716 516 2765 avre).

423 2792 787 2862 Ἐρανίζονται
820 2791 962 2846 κατὰ
997 2791 1170 2863 βραχὺ
1209 2793 1270 2845 τὸ
1305 2793 1363 2845 έν
1398 2792 1597 2861 γνώσει
1632 2792 1836 2846 τέλειον
1861 2791 1912 2846 οἱ

345 2881 579 2953 μαθηταὶ
599 2923 614 2948 ,
665 2883 758 2935 καὶ
798 2885 914 2946 ταῖς
950 2882 1060 2936 τῶν
1088 2882 1425 2954 πραγμάτων
1450 2883 1707 2936 ἐκϐάσεσι
1726 2883 1796 2937 τὰ
1819 2896 1914 2951 γε·

344 2976 640 3045 γραμμένα
679 2977 1081 3046 συμϐάλλοντες
1112 2976 1312 3045 πολλὴν
1352 2976 1451 3046 ήδη
1477 2975 1780 3029 δεικνύουσι
1814 2976 1912 3046 τὴν

346 3065 439 3116 ἐπὶ
466 3065 528 3117 τὸ
559 3066 737 3134 μεῖζον
758 3065 1016 3121 ἐπίδοσιν.

422 3156 486 3210 Τί
511 3156 762 3225 σημεῖον
804 3156 1095 3222 δεικνύεις
1119 3156 1291 3226 ἡμῖν,
1338 3156 1427 3209 ὅτι
1467 3156 1651 3210 ταῦτα
1685 3155 1909 3221 ποιεῖς;

2085 3151 2162 3216 ΙΙ,
2205 3153 2292 3206 18.
2326 3153 2478 3219 Quod
2513 3157 2713 3223 signum
2757 3154 2988 3209 ostendis
3016 3156 3164 3210 nobis
3202 3158 3326 3225 quia
3354 3156 3462 3213 lucc
3485 3157 3577 3226 [aa

362 3244 671 3313 Ἀπεκρίθη
705 3246 928 3313 Ἰησοῦς
956 3247 1052 3300 καὶ
1086 3243 1256 3300 εἶπεν
1272 3245 1494 3311 αὐτοῖς.

2014 3241 2128 3295 cis?
2154 3238 2439 3308 Respondit
2476 3241 2632 3295 Iesus
2655 3281 2668 3304 ,
2704 3254 2751 3296 et
2785 3244 2920 3297 dixit
2955 3247 3052 3299 eis.

419 3334 863 3404 Καταπλήττεται
887 3336 984 3404 τῆς
1005 3336 1256 3400 ἑξουσίας
1295 3334 1358 3387 τὸ
1404 3335 1553 3401 ξένον
1579 3336 1612 3406 ή
1641 3335 1750 3389 τῶν
1785 3335 1910 3388 ’1ου-

2089 3332 2316 3385 Miratur
2366 3332 2667 3387 inauditam
2724 3335 2871 3388 illam
2923 3344 3246 3406 potestatem
3288 3338 3580 3395 multitudo

340 3423 509 3477 δαίων
538 3423 740 3493 πληθὺς
760 3464 776 3489 ,
818 3425 1141 3495 δυσφοροῦσι
1167 3425 1223 3477 δὲ
1259 3425 1379 3478 λίαν
1407 3427 1455 3478 οί
1498 3424 1576 3495 τῷ
1603 3425 1716 3494 ναῷ
1746 3442 1910 3496 προσ-

2015 3421 2348 3485 Judzeorum,
2376 3433 2429 3477 et
2462 3431 2604 3492 aegre
2631 3424 2924 3479 admodum
2962 3426 3143 3481 ferunt
3170 3428 3262 3498 qui
3292 3429 3346 3483 in
3376 3432 3581 3501 templo

335 3514 671 3584 εδρεύοντες,
692 3514 895 3584 κερδῶν
917 3515 1016 3566 ούκ
1031 3513 1415 3585 εύαριθμήτων
1432 3516 1909 3585 ἀποστερούμενοι.

332 3602 454 3657 Καὶ
473 3601 765 3672 διελέγχειν
797 3602 896 3673 μὲν
915 3602 1014 3655 οὒκ
1036 3602 1268 3673 ἔχουσιν,
1307 3603 1382 3668 ὡς
1405 3604 1502 3657 ούκ
1524 3604 1720 3676 ἄριστα
1742 3605 1907 3672 λέγει.

333 3696 413 3767 μὴ
440 3696 552 3749 δεῖν
577 3698 847 3767 ἐμπορίας
875 3692 1023 3749 οἷκον
1053 3695 1145 3749 τὸν
1177 3695 1315 3749 θεῖον
1342 3696 1752 3751 ἀναδείκνυσθαι
1785 3697 1911 3750 ναὸν

325 3788 639 3841 ἐπιτάττων
666 3802 678 3815 ·
730 3786 1053 3858 ὑπερθέσεις
1085 3785 1140 3839 δὲ
1179 3788 1341 3841 πάλιν
1385 3788 1452 3858 τῇ
1499 3789 1605 3841 τῶν
1656 3790 1912 3859 ἐμπόρων

322 3879 481 3948 φυγῇ
514 3877 1024 3947 πραγματεύονται,
1063 3878 1125 3929 τὸ
1155 3877 1228 3948 μὴ
1262 3878 1457 3949 χρῆναι
1487 3880 1785 3950 προχείρως
1812 3881 1912 3932 ύπ-

316 3969 505 4023 εἰκειν
534 3970 682 4040 αύτῷ
703 3968 1184 4040 προφασιζόμενοι,
1219 3971 1353 4040 μήτε
1382 3969 1910 4040 μὴνάπερισκέπτως

313 4062 404 4124 εἰς
432 4060 555 4113 υἱὸν
590 4059 992 4131 παραδέξασθαι
1032 4057 1126 4112 τοῦ
1161 4058 1292 4111 Θεοῦ
1325 4060 1412 4113 τὸν
1454 4061 1546 4114 ὑπ’
1575 4060 1786 4123 ούδενδς
1816 4077 1912 4130 ση-

314 4151 495 4222 μείου
523 4150 991 4221 μαρτυρούμενον.
1489 4217 1498 4229 ⁸

408 4242 779 4309 Ἆπεκρίθηό
814 4244 1071 4311 Ἰησοῦς,
1107 4241 1390 4300 καὶεῖπεν
1407 4243 1640 4310 αὐτοῖς’
1677 4245 1912 4298 Λύσατε

2092 2422 2178 2495 ll,
2218 2426 2421 2492 17,18.
2472 2426 2754 2482 Recordati
2808 2440 2930 2483 sunt
2982 2446 3098 2485 vero
3138 2431 3385 2501 discipuli
3427 2433 3578 2502 ejus,

2016 2515 2142 2584 quia
2191 2517 2449 2585 scriptum
2489 2528 2565 2571 est
2592 2535 2609 2571 :
2638 2517 2796 2574 Zelus
2840 2519 3027 2575 domus
3075 2530 3178 2575 tua:
3218 2523 3439 2577 comedit
3478 2541 3579 2577 me.

2017 2606 2411 2678 Responderunt
2433 2624 2555 2678 ergo
2576 2609 2775 2674 Iuda-1',
2816 2622 2864 2665 et
2889 2612 3137 2667 dixerunt
3162 2613 3227 2666 ei.

2088 2785 2394 2841 Perfectam
2453 2785 2819 2856 cognitionem
2874 2787 3136 2855 paulatim
3194 2787 3578 2857 adipiscuntur

2015 2877 2303 2947 discipuli,
2352 2889 2408 2932 et
2450 2893 2574 2933 cum
2622 2893 2805 2932 rerum
2853 2878 3002 2932 exitu
3040 2875 3358 2946 Scripturas
3397 2879 3580 2935 confe-

2015 2978 2220 3035 rentes,
2260 2956 2513 3042 magnutu
2544 2972 2653 3040 jam
2688 2971 2740 3024 iu
2794 2971 2986 3025 melius
3019 2968 3323 3039 profectum
3367 2987 3477 3041 pm
3518 2987 3580 3029 se

2014 3059 2214 3114 ferunt.

2016 3513 2299 3577 sedebant,
2332 3528 2439 3566 non
2476 3528 2650 3582 pauco
2683 3526 2743 3570 se
2772 3525 2985 3585 quaestu
3015 3520 3255 3574 orbatos.
3284 3518 3470 3590 Neque
3496 3538 3580 3576 ve-

2016 3618 2077 3657 ro
2110 3606 2339 3673 arguere
2371 3613 2598 3672 possunt
2619 3620 2743 3660 eum
2780 3614 3041 3678 tanquam
3071 3625 3178 3663 non
3212 3618 3360 3666 recte
3392 3612 3579 3682 loqua-

2014 3706 2140 3762 tur,
2171 3712 2294 3749 cum
2334 3697 2597 3766 templum
2641 3696 2733 3751 Dei
2777 3700 3167 3770 negotiationis
3200 3701 3422 3756 domum
3468 3719 3576 3757 non

2014 3801 2137 3841 esse
2159 3785 2468 3840 faciendum
2493 3789 2712 3855 statuit;
2741 3788 2837 3842 sed
2869 3798 3233 3845 mercatorum
3263 3790 3416 3863 141
3441 3792 3577 3861 fugae

2014 3892 2218 3932 moram
2246 3886 2489 3941 struunt,
2514 3889 2891 3948 praetexentes,
2920 3896 3026 3935 uou
3054 3897 3177 3937 esse
3207 3882 3357 3937 illico
3387 3898 3580 3952 pareno

2019 3969 2139 4023 dum
2168 3969 2252 4031 ei,
2291 3984 2468 4039 neque
2491 3979 2696 4025 temere
2742 3985 2840 4040 pro
2879 3972 2987 4025 lilio
3029 3973 3121 4027 Dei
3163 3973 3573 4043 recipiendum,

2016 4059 2104 4127 qui
2134 4059 2285 4113 nullo
2318 4058 2495 4113 adhuc
2531 4060 2688 4130 signo
2718 4061 2790 4116 sit
2825 4062 3107 4128 probatus.

2082 4235 2147 4300 ll,
2186 4236 2273 4291 l9.
2301 4236 2579 4304 Respondit
2608 4236 2787 4302 Iesus,
2819 4248 2868 4291 et
2900 4238 3037 4291 dixit
3073 4240 3146 4293 eis
3178 4254 3195 4291 :
3227 4240 3424 4295 Solvite
3447 4253 3581 4296 tem-

2011 4328 2155 4396 plum
2179 4329 2295 4392 hoc,
2315 4340 2364 4383 et
2390 4331 2441 4382 in
2461 4328 2629 4381 tribus
2645 4329 2825 4382 diebus
2842 4330 3106 4383 suscitabo
3136 4332 3289 4384 illud.
3320 4333 3577 4388 Dixerunt

2012 4434 2130 4490 ergo
2158 4417 2357 4474 Judazt'.

2084 4513 2235 4569 Bono
2266 4514 2500 4570 consilio
2543 4513 2684 4567 bona
2725 4512 3035 4582 petentibus
3069 4523 3313 4584 prompte
3346 4517 3576 4586 largitur

2019 4609 2161 4664 Deus
2208 4626 2221 4662 :
2275 4609 2365 4677 qui
2410 4621 2538 4661 vero
2583 4605 2824 4660 tentandi
2865 4606 3036 4673 gratia
3083 4606 3319 4671 adeunt,
3361 4610 3429 4663 iis
3470 4626 3576 4663 non

2019 4703 2195 4755 Solum
2225 4715 2347 4770 quae
2373 4709 2562 4768 petunt
2590 4697 2774 4768 largiri
2805 4699 3018 4762 abnuit,
3045 4713 3230 4753 verum
3257 4701 3418 4754 etiam
3453 4703 3577 4757 illos

310 4336 435 4390 τὸν
480 4332 639 4386 ναὸν
682 4334 933 4401 τοῦτον,
986 4336 1086 4390 καὶ
1121 4337 1192 4390 ἐν
1230 4336 1426 4404 τρισὶν
1449 4335 1698 4406 ἡμέραις
1732 4335 1913 4405 ἐγερῶ

306 4424 550 4480 αὐτόν.
587 4417 776 4475 Εἶπον
800 4419 913 4478 οὖν
948 4427 1001 4478 οὶ
1036 4417 1325 4480 Ἰουδαῖοι.

391 4515 541 4575 Τοῖς
571 4512 631 4577 ἐξ
658 4513 870 4584 ἀγαθῆς
903 4517 1271 4593 προαιρέσεως
1295 4517 1585 4572 αἰτοῦσιτὰ
1606 4517 1786 4587 ἀγαθὰ
1819 4521 1912 4572 καὶ

304 4610 446 4664 λίαν
480 4606 725 4676 ἑτοίμως
746 4606 929 4677 ὀρέγει
964 4592 1095 4669 Θεύς
1117 4624 1131 4638 ·
1185 4611 1296 4672 τοῖς
1329 4608 1386 4663 δὲ
1413 4608 1695 4679 προσιοῦσι
1722 4627 1910 4682 πειρα-

309 4698 543 4762 στικῶς
564 4737 578 4760 ,
610 4698 706 4766 ούχ
740 4698 888 4760 ὅπως
910 4698 1152 4770 ἀρνεῖται
1180 4698 1337 4768 μόνον
1366 4699 1464 4770 τὴν
1494 4701 1578 4768 ἐφ’
1603 4694 1685 4764 οἷς
1729 4700 1794 4754 ἂν
1822 4702 1875 4754 αξ
1895 4729 1907 4742 ο

305 4794 458 4846 τῶσι
491 4791 833 4860 φιλοτιμίαν,
864 4790 999 4843 ἀλλά
1024 4791 1118 4843 καὶ
1147 4790 1208 4843 τὸ
1241 4791 1336 4860 τῆς
1369 4793 1909 4865 ωνηρίαςέγκλημα

305 4877 705 4952 περιτίθησινο
756 4879 943 4942 Οὕτως
985 4878 1271 4943 αἰτοῦντας
1319 4884 1540 4951 σημεῖον
1582 4885 1709 4946 τοὺς
1746 4884 1912 4954 Φαρι-

303 4974 519 5032 σαίους
553 4969 615 5020 ὲν
634 4968 836 5037 ἑτέροις
860 4969 970 5021 τῶν
999 4970 1346 5038 Εὑαγγελίων
1366 4972 1547 5033 τόποις
1577 4972 1801 5042 ῆλεγξεν
1826 4975 1906 5026 εἰ-

300 5067 441 5122 πὼν
469 5063 502 5113 ὁ
542 5060 755 5129 Σωτήρο
791 5079 808 5109 ι
841 5060 1009 5114 Γενεά
1043 5063 1252 5131 πονηρὰ
1280 5064 1373 5115 καὶ
1406 5062 1650 5132 μοιχαλὶς
1682 5066 1906 5134 σημεῖον

302 5151 631 5222 ἐπιζητεῖ,
682 5150 774 5202 καὶ
805 5153 1023 5220 σημεῖον
1048 5151 1108 5205 ού
1140 5152 1420 5223 δοθήσεται
1454 5155 1589 5224 αὐτῇ
1611 5195 1625 5217 ,
1663 5155 1710 5206 εί
1748 5154 1820 5225 μὴ
1850 5155 1911 5209 τὸ

1944 4651 1988 4706 D

2017 4792 2371 4860 malignitatis
2400 4790 2598 4859 arguit.
2631 4788 2722 4843 Sic
2751 4789 3053 4845 Pharisaeos
3086 4791 3298 4860 signum
3333 4800 3579 4861 petentes

2015 4882 2139 4936 aliis
2172 4883 2226 4934 in
2266 4879 2678 4948 Evangeliormn
2718 4879 2854 4932 lovis
2891 4881 3073 4934 acrius
3097 4883 3462 4950 reprehendit,
3494 4884 3580 4935 di-

2016 4984 2181 5026 cens:
2206 4988 2224 5020 ι
2244 4968 2532 5023 Generatio
2558 4968 2691 5020 mala
2714 4977 2768 5022 et
2788 4969 3029 5025 adultera
3049 4971 3263 5041 signum
3288 4973 3501 5042 quaerit,
3524 4983 3580 5025 et

2018 5063 2232 5132 signum
2254 5077 2359 5116 nou
2382 5061 2599 5115 dabitur
2618 5061 2690 5124 ei,
2718 5061 2823 5115 nisi
2854 5062 3070 5131 signum
3100 5061 3253 5119 Jonas
3281 5065 3578 5134 propheta’.

2018 5155 2174 5210 Sient
2205 5156 2350 5210 enim
2387 5154 2489 5209 fuit
2520 5153 2688 5208 Jonas
2725 5154 2780 5208 in
2811 5165 2997 5209 ventre
3042 5157 3147 5210 ceti
3182 5156 3362 5210 tribus
3391 5154 3582 5207 diebus

302 5249 565 5323 σημεῖον
586 5242 743 5294 Ἰωνᾶ
765 5242 858 5293 τοῦ
890 5245 1182 5312 προφήτου.
1207 5245 1411 5316 Ὥσπερ
1433 5245 1542 5316 γὰρ
1570 5240 1639 5316 ἦν
1654 5246 1834 5309 Ἰωνᾶς
1852 5248 1908 5299 ἐν

2018 5256 2075 5302 et
2103 5247 2281 5302 tribus
2325 5245 2599 5309 noctibus,
2626 5245 2706 5299 sic
2728 5245 2830 5299 crit
2850 5242 3019 5301 Filius
3058 5246 3298 5300 hominis
3336 5245 3387 5295 in
3417 5241 3582 5294 corde

300 5348 375 5417 τῇ
406 5336 613 5407 κοιλίᾳ
635 5333 729 5386 τοῦ
749 5334 945 5403 κήτους
972 5338 1115 5404 τρεῖς
1148 5336 1357 5405 ἡμέρας
1388 5336 1479 5389 καὶ
1511 5338 1659 5407 τρεῖς
1687 5338 1907 5402 νύκτας,

2016 5349 2180 5395 ιρι-τω
2216 5339 2393 5393 tribus
2426 5337 2621 5392 diebus
2663 5347 2715 5391 et
2758 5337 2935 5390 tribus
2973 5336 3229 5389 noctibus
3259 5333 3324 5383 ⁸⁸.
3365 5349 3382 5379 ι
3423 5327 3582 5393 Quod

300 5441 495 5498 οὕτως
532 5431 701 5484 ἔσται
732 5426 829 5480 καὶ
862 5425 891 5477 ὁ
918 5425 1046 5489 Υἱὸς
1076 5428 1170 5479 τοῦ
1210 5426 1494 5496 ἀνθρώπου
1526 5429 1583 5480 ὲν
1615 5429 1679 5496 τῇ
1714 5430 1906 5501 καρδίᾳ

2014 5442 2145 5501 ergo
2179 5430 2287 5483 illis
2320 5428 2558 5492 dicebat,
2592 5429 2737 5482 istud
2773 5428 2935 5480 etiam
2967 5426 3073 5488 his,
3100 5421 3292 5492 paucis
3321 5420 3581 5471 immuta.-

300 5533 412 5600 τῆς
441 5526 560 5600 Υῇς
591 5522 747 5590 τρεῖς
778 5517 996 5589 ἡμέρας
1022 5517 1117 5569 καὶ
1146 5519 1291 5586 τρεῖς
1317 5516 1532 5580 νύκτας.
1566 5538 1583 5570 ι
1619 5516 1794 5590 Ὅπερ
1814 5518 1906 5575 οὖν

2020 5522 2112 5579 tis,
2144 5520 2255 5579 ait;
2301 5517 2560 5569 tentando
2616 5516 2761 5568 enim
2813 5521 3041 5582 petunt,
3093 5520 3152 5562 ιιι
3207 5507 3306 5561 illi.
3355 5504 3584 5574 Signum

380 5705 434 5738 ⁸³
459 5697 673 5757 Matth.
700 5710 814 5755 VIII,
846 5693 931 5747 ll.
1011 5693 1056 5723 ⁸³
1081 5692 1184 5745 lsa.
1213 5708 1284 5757 LI,
1313 5691 1394 5745 ll.
1468 5694 1511 5722 ⁸⁵
1543 5692 1644 5745 lsa.
1677 5710 1713 5757 ι,
1753 5696 1833 5761 ll,
1869 5700 1910 5748 ιη

2027 5699 2069 5728 3"
2101 5696 2144 5748 Μ
2168 5697 2286 5747 tltlt.
2320 5709 2426 5752 XVI,
2463 5692 2505 5751 Ξ,
2537 5692 2587 5741 Si.

577 5793 854 5852 Ριιτιιοι..
889 5790 1004 5847 (in.
1043 5785 1315 5846 LXXlll.
3162 5773 3193 5830 8
