4090 6266
482 319 598 385 .935
1466 325 1526 382 s.
1568 324 1845 382 CYRlLLl
1878 323 2346 380 ALEXANDRINI
2407 324 2723 382 ARClllEP.
3623 322 3728 390 εδδ

492 448 668 494 autem
698 436 878 491 datum
911 435 1094 505 utique
1136 449 1249 490 non
1287 434 1479 491 fuisset
1525 451 1591 492 eo
1625 438 1790 492 modo
1819 437 2059 500 aﬂectis,
2091 449 2107 498 Α

2114 442 2138 500 ι
2165 438 2390 502 ἐκείνοις
2412 439 2537 510 ἔφη,
2587 439 2742 494 τοῦτο
2768 439 2863 494 καὶ
2899 441 3107 507 τούτοις
3137 442 3252 514 μετ’
3278 442 3463 515 ὀλίγης
3504 447 3729 514 ἐξαλλα-

481 531 596 586 'nisi
630 529 702 583 ita
734 526 848 582 ﬁeri
890 527 1049 597 plane
1080 529 1417 598 oportuisset
1440 537 1662 598 propter
1693 539 1937 583 nostram
1973 543 2060 583 sa-

2166 531 2298 600 γῆς·
2329 533 2532 586 αἰτοῦσι
2565 533 2701 603 γὰρ,
2731 533 2806 598 ὼς
2838 535 3065 600 ἐκεῖνοι,
3117 535 3487 606 πειράζοντες.
3521 540 3634 594 Οὐκ
3663 543 3729 598 ἂν

492 625 681 676 lutem.
717 618 1009 674 Sciendum
1065 634 1198 674 vero
1233 619 1362 673 hinc
1405 619 1532 675 illos
1595 620 1717 690 ejus
1756 620 2054 675 accusandi

2162 622 2219 674 δέ
2247 623 2381 686 ὅλως
2410 625 2521 687 τοῖς
2551 625 2722 688 οὕτως
2765 624 2946 695 ἔχουσι
2976 626 3197 698 γνώμης
3221 628 3340 682 οὺδέ
3368 630 3526 684 τοῦτο
3553 632 3731 688 δέδοκτο

431 749 434 752 η
489 729 710 768 causam
744 713 1008 782 arripere,
1043 727 1168 766 cum
1197 712 1302 769 sub
1324 712 1522 767 Pontio
1549 711 1725 768 Pilato
1764 713 1902 768 falso
1932 727 2046 782 pro-

2162 715 2223 767 τὸ
2251 717 2492 785 σημεῖον,
2521 716 2570 767 εί
2597 715 2670 786 μὴ
2694 716 2910 780 πάντως
2929 717 3032 770 ἔδει
3052 719 3303 785 γενέσθαι
3327 720 3413 774 διὰ
3439 723 3540 794 τὴν
3559 725 3729 779 ἀπάν-

491 805 675 858 ferunt
705 801 849 872 quod
887 817 994 856 non
1025 801 1352 856 audierunt:
1388 803 1539 872 «Ipse
1559 801 1703 856 enim
1736 802 1894 866 dixit,
1923 819 1942 852 ›
1971 801 2056 854 in-

2161 821 2269 857 των
2292 805 2449 876 ήμῶν
2475 807 2767 876 σωτηρίαν.
2809 807 3006 860 ἰστὲον
3032 807 3090 861 δὲ
3121 809 3200 862 ὄτι
3231 809 3432 880 ταύτην
3457 813 3607 884 αὐτῷ
3628 816 3729 884 τῆς

498 896 714 966 quiunt,
746 915 763 944 ι
792 892 1020 948 Possum
1054 893 1336 948 destruere
1368 893 1628 962 templum
1661 891 1755 946 Dei
1775 892 1874 944 ⁸⁷.»
1907 891 2056 957 Quo-

2163 897 2496 967 κατηγορίας
2524 898 2623 967 τὴν
2655 898 2924 968 πρόφασιν
2955 901 3276 971 ἐποιήσαντο
3297 943 3313 967 ,
3361 903 3607 972 λέγοντες
3637 907 3728 959 ἐπὶ

487 988 635 1040 circa
666 985 732 1040 de
764 985 830 1040 iis
870 983 1371 1040 dicebat‘Christus
1409 985 1464 1039 in
1499 984 1823 1054 prophetis:
1861 1002 1879 1035 ι
1919 983 2056 1038 Sur-

2167 986 2392 1040 Ποντίου
2425 988 2655 1042 Πιλάτου
2683 989 3081 1060 διεψευσμένως
3100 1033 3115 1058 ,
3167 991 3303 1063 ὅπερ
3330 993 3429 1048 οὐκ
3457 997 3725 1066 ἥκουσαν·

488 1087 678 1147 gentes
711 1083 878 1130 testes
903 1074 1077 1145 iniqui
1097 1087 1262 1145 ,‘qua:
1291 1075 1615 1146 ignorabant
1641 1073 2058 1144 interrogabant

2179 1079 2375 1143 (Αὐτὸς
2395 1079 2505 1151 γάρ
2524 1080 2650 1151 ἔφη,
2675 1081 2858 1154 ιφησὶ,
2883 1081 3157 1152 «Δύναμαι
3174 1084 3476 1138 καταλῦσαι
3492 1087 3580 1140 τὸν
3601 1089 3728 1142 ναὸν

486 1184 575 1224 me
601 1168 666 1220 ⁸⁸.
701 1185 719 1218 ι
754 1165 883 1220 Item
913 1183 926 1219 ε
967 1183 984 1216 ι
1013 1165 1438 1220 lnsurrexerunt
1467 1164 1520 1216 in
1548 1178 1631 1218 me
1651 1168 1830 1218 testes
1854 1162 2052 1232 iniqui,

2160 1169 2256 1222 τοῦ
2286 1171 2440 1226 Θεοῦ.
2471 1191 2489 1224 ›
2523 1174 2614 1226 Διὸ
2640 1173 2704 1244 δὴ
2737 1176 2830 1228 καὶ
2851 1175 2937 1227 ἐπ’
2975 1177 3155 1240 αὐτοῖς
3177 1177 3234 1229 ἐν
3265 1179 3566 1249 προφήταις
3597 1180 3727 1248 ἐφα-

484 1268 539 1314 ει
597 1257 822 1313 mentita
875 1264 957 1312 est
1005 1256 1270 1325 iniquitas
1310 1255 1428 1311 sibi
1457 1255 1524 1308 3°.
1557 1274 1576 1306 ι
1627 1254 1746 1308 Non
1802 1255 2056 1308 hortatur

2160 1277 2288 1316 σκεν
2310 1263 2338 1315 ό
2355 1265 2587 1336 Χριστός
2606 1283 2619 1297 ’
2647 1285 2666 1318 ι
2689 1267 3039 1332 Ἀναστάντες
3064 1268 3334 1339 μάρτυρες
3353 1270 3546 1336 ἄδικοι,
3573 1271 3608 1326 ὃ.
3627 1273 3725 1326 οὐκ

493 1361 671 1405 autem
705 1348 829 1403 illos
862 1347 928 1401 ad
957 1347 1280 1417 patrandam
1311 1345 1509 1400 caedem
1531 1384 1545 1408 ,
1575 1361 1697 1399 cum
1732 1346 1841 1408 ait,
1882 1363 1899 1396 ι
1937 1343 2060 1398 Sol-

2160 1351 2452 1416 ἐγίνωσκον
2485 1355 2783 1426 ἐπηρώτων
2815 1374 2900 1428 με.
2929 1376 2948 1410 ι
3004 1359 3115 1412 Καὶ
3142 1360 3324 1423 πάλιν,
3355 1360 3436 1413 ὅτι
3469 1379 3486 1412 ι
3527 1362 3723 1417 Ἐπαν-

483 1445 592 1496 vite
648 1439 911 1508 templum
968 1440 1107 1502 hoc,
1147 1457 1166 1490 ι
1227 1438 1322 1492 sed
1363 1436 1622 1507 quoniam
1667 1434 1722 1489 id
1767 1450 1862 1490 eos
1907 1443 2057 1490 certo

2159 1440 2390 1513 ἔστησάν
2425 1463 2512 1515 μοι
2543 1448 2813 1518 μάρτυρες
2839 1448 3034 1509 ἄδικοι,
3061 1451 3153 1502 καὶ
3175 1450 3436 1519 ἐψεύσατο
3473 1453 3505 1521 ὴ
3544 1451 3722 1506 ἀδικία

485 1535 727 1586 facturos
759 1529 1002 1594 sciebat,
1040 1542 1156 1582 rem
1198 1525 1437 1581 futuram
1474 1525 1703 1596 figurate
1731 1524 1960 1579 indicat.

2161 1532 2348 1604 ἑαυτῇ.
2383 1555 2400 1586 ι
2457 1538 2532 1591 Οὐ
2593 1539 2892 1610 προτρέπει
2941 1540 2998 1593 δὲ
3030 1541 3224 1603 αὐτοὺς
3265 1542 3344 1604 εἰς
3395 1541 3721 1611 μιαιφονίας,

488 1643 505 1673 ι
533 1620 742 1674 Λύσατε
772 1618 864 1671 τὸν
889 1617 1013 1670 ναὸν
1047 1615 1252 1682 τοῦτον,
1283 1635 1301 1668 ι
1331 1616 1499 1668 είπών
1522 1631 1538 1648 ο
1569 1615 1681 1669 ἀλλ’
1708 1613 1935 1685 ἐπείπερ
1951 1615 2066 1687 ᾔδει
2103 1618 2399 1691 δράσοντας
2434 1628 2832 1700 άνυπερθέτως,
2863 1629 2994 1684 αὐτὸ
3029 1632 3088 1684 τὸ
3119 1631 3492 1703 συμϐήσεσθαι
3533 1635 3724 1704 μέλλον

479 1715 686 1786 ἠθικῶς
715 1712 1108 1785 ύπαινίττεται.

547 1809 625 1876 ll,
666 1809 756 1864 20.
801 1809 1175 1880 Quadraginta
1207 1816 1261 1861 et
1293 1822 1384 1861 aea:
1416 1807 1570 1860 annis
1613 1805 1934 1875 aediﬁcatum
1977 1818 2055 1863 est
2088 1830 2129 1883 Β

2109 1831 2129 1883 3
2235 1812 2688 1879 Τεσσαρὰκοντα
2711 1817 2807 1869 καὶ
2834 1816 2903 1881 ἐξ
2927 1817 3127 1871 ἔτεσιν
3145 1819 3489 1890 ᾠκοδομήθη
3519 1826 3553 1877 ὁ
3579 1824 3724 1891 ναὸς

481 1903 731 1973 templum
790 1901 887 1955 hoc
918 1941 933 1966 ,
994 1910 1042 1954 et
1107 1909 1162 1952 tu
1219 1899 1278 1952 ‘in
1341 1897 1506 1952 tribus
1563 1896 1744 1951 diebus
1795 1899 2048 1953 excitabit

2035 1915 2048 1953 ι
2151 1897 2350 1969 οὗτος,
2375 1904 2472 1956 καί
2500 1903 2581 1957 σὺ
2601 1905 2672 1958 ἐν
2693 1907 2888 1974 τρισίν
2911 1909 3156 1978 ἡμέραις
3185 1911 3409 1980 ἐγερεῖς
3429 1917 3650 1981 αὑτόη

478 1995 616 2050 illud
644 1999 669 2052 ?

553 2088 796 2159 Hysterii
841 2085 1186 2142 altitudinem
1233 2100 1343 2139 non
1393 2085 1785 2155 inte-lligentes,
1827 2084 2047 2156 signum

2219 2073 2515 2149 Άιαγελῶσι
2560 2083 2619 2135 τὸ
2651 2086 2900 2154 σημεῖον,
2926 2086 2988 2138 οὐ
3014 2086 3264 2152 συνέντες
3296 2090 3390 2143 τοῦ
3421 2093 3720 2164 μυστηρίου

478 2178 744 2242 irrident,
781 2184 835 2232 et
869 2176 1097 2230 inscitiae
1123 2189 1235 2229 suee
1264 2175 1513 2228 morbum
1550 2183 1811 2242 tanquam
1840 2174 2046 2242 justam

2147 2171 2207 2224 τὸ
2249 2171 2443 2240 βάθος,
2493 2171 2796 2241 ἁρπάζουσι
2845 2173 2901 2226 δὲ
2944 2175 3042 2245 τῆς
3086 2177 3293 2232 ἑαυτῶν
3336 2181 3576 2250 ἀμαθίας
3620 2183 3720 2256 τὴν

475 2268 524 2322 ci
574 2283 680 2322 non
727 2267 952 2336 parendi
985 2281 1204 2320 causam
1252 2264 1558 2334 arripiunt,
1593 2263 1786 2333 reique
1817 2264 2049 2320 diiiicul-

2147 2265 2300 2314 νόσον
2342 2263 2421 2324 είς
2459 2260 2678 2330 εὔλογον
2723 2263 2975 2335 ἀφορμὴν
2997 2265 3089 2319 τοῦ
3125 2268 3198 2339 μὴ
3227 2267 3522 2323 ὑπακούειν
3549 2272 3719 2344 αύτῷ,

478 2369 639 2414 tatem
673 2358 814 2429 apud
854 2375 911 2414 se
949 2357 1386 2429 perpcntleutes,~
1409 2356 1662 2412 frivolam
1695 2358 1856 2412 istam
1892 2357 2048 2426 polli-

2147 2353 2240 2406 καὶ
2275 2351 2371 2423 τὴν
2401 2351 2510 2406 ἀπὸ
2550 2353 2644 2405 τοῦ
2681 2355 3001 2424 πράγματος
3038 2358 3344 2419 ἐννοοῦντες
3379 2361 3717 2433 δυσχέρειαν,

473 2450 793 2506 citationem
823 2450 1183 2514 existimant,
1233 2456 1285 2502 et
1331 2463 1452 2518 quae
1485 2448 1734 2517 praestari
1769 2457 2041 2518 nequeat:

2147 2444 2221 2507 ὡς
2275 2444 2462 2513 εἰκαίῳ
2509 2444 2683 2515 λόγῳ,
2739 2446 2938 2516 μᾶλλον
2976 2447 3008 2517 ἢ
3051 2451 3180 2519 περὶ
3215 2449 3324 2504 τῶν
3353 2453 3588 2521 ἐφικτῶν
3619 2455 3719 2509 ὑπ-

474 2542 708 2610 ideoque
758 2556 884 2595 vere
923 2541 990 2594 de
1024 2540 1092 2594 iis
1133 2539 1244 2594 dici
1294 2553 1454 2608 posse
1481 2539 1693 2593 videtur
1725 2539 1874 2608 quod
1905 2555 2046 2595 scri—

2149 2536 2481 2606 ισχνουμένῳ
2506 2537 2944 2607 προσεσχήκασιν
2966 2577 2980 2599 ,
3011 2539 3096 2593 ἵνα
3119 2540 3371 2610 φαίνηται
3397 2544 3457 2596 τὸ
3477 2562 3719 2617 γεγραμ-

474 2641 627 2700 ptum
657 2641 738 2684 est
770 2651 782 2684 :
829 2649 847 2680 ι
876 2629 1255 2685 Obscurentur
1291 2631 1434 2684 oculi
1461 2644 1654 2684 eorum
1681 2645 1751 2685 ne
1771 2629 1996 2686 videant
2027 2649 2042 2684 :

2149 2626 2308 2698 μένον
2321 2628 2406 2680 ἐπ’
2423 2629 2606 2690 αὐτοῖς
2621 2628 2820 2700 ἀληθές
2842 2646 2854 2660 ·
2875 2645 2894 2681 ι
2921 2631 3368 2702 Σκοτισθήτωσαν
3387 2636 3435 2688 ot
3451 2636 3719 2708 ὀφθαλμοὶ

474 2730 528 2775 et
565 2722 790 2777 dorsum
841 2721 996 2792 142
1045 2737 1236 2776 eorum
1279 2736 1494 2792 semper
1532 2722 1763 2777 incurva
1795 2723 1864 2789 9°;
1909 2741 1928 2774 ι
1987 2732 2047 2778 ut

2145 2715 2324 2771 αὐτῶν
2349 2715 2441 2769 τοῦ
2473 2717 2546 2786 μὴ
2573 2715 2809 2786 βλέπειν,
2838 2718 2932 2770 καὶ
2963 2717 3053 2770 τὸν
3076 2719 3243 2772 νῶτον
3265 2720 3443 2775 αὐτῶν
3469 2721 3715 2794 σύγκαμ-

473 2813 730 2866 deorsum
766 2810 1168 2880 quodammodo
1196 2811 1445 2876 curvati,
1483 2812 1614 2866 etin
1649 2812 1794 2868 solas
1819 2827 1908 2868 res
1939 2823 2046 2868 ter-

2144 2809 2243 2879 ψον
2271 2809 2357 2863 διὰ
2387 2809 2603 2874 παντὸς,
2643 2810 2728 2862 ἴνα
2749 2809 2951 2881 τρόπον
2972 2810 3096 2864 τινὰ
3121 2811 3271 2864 κάτω
3292 2813 3590 2881 κεκυφότες
3605 2815 3716 2879 ἀεὶ,

471 2916 634 2958 renas
664 2902 825 2972 proni
850 2941 863 2965 ,
906 2901 1161 2957 sublimia
1187 2901 1517 2958 Christiana:
1545 2904 1762 2973 pietatis
1792 2905 2044 2976 dogmata

2145 2901 2238 2954 καὶ
2259 2903 2336 2963 εἰς
2369 2901 2504 2970 μόνα
2528 2900 2596 2955 τὰ
2612 2902 2701 2954 ἐπὶ
2730 2902 2833 2971 γῆς
2854 2889 3237 2966 κατανεύοντες
3264 2903 3585 2974 πράγματα,
3609 2904 3719 2958 τῶν

471 2995 670 3050 intueri
707 2994 1022 3048 nullatenus
1055 2994 1271 3064 possint
1315 3013 1326 3049 :
1361 3010 1472 3049 non
1501 2995 1781 3051 invidente
1806 2996 1914 3051 Deo
1943 2997 2043 3052 ho-

2147 2991 2365 3062 ὑψηλῶν
2396 2992 2492 3062 τῆς
2520 2993 2598 3055 εἰς
2631 2992 2864 3063 Χριστὸν
2891 2989 3171 3055 εὐσεϐείας
3214 2994 3499 3063 δογμάτων
3548 2997 3712 3066 μηδε-

474 3086 683 3139 miuum
715 3092 954 3141 amante.
989 3085 1080 3138 sed
1113 3085 1262 3152 justo
1283 3085 1553 3154 supplicio
1581 3086 1922 3140 intoleranda
1953 3102 2044 3141 eo-

2149 3083 2275 3153 μίαν
2307 3083 2545 3153 δέχοιντο
2578 3083 2828 3154 θεωρίαν,
2871 3085 2930 3137 οὐ
2976 3084 3361 3155 βασκαίνοντες
3404 3087 3586 3150 αὐτοῖς
3624 3087 3718 3141 ἐπὶ

472 3192 592 3232 rum
618 3175 848 3231 crimina
885 3175 1173 3244 puniente.
1192 3175 1369 3231 Cerne
1392 3177 1537 3231 enim
1569 3193 1675 3247 quo
1701 3186 1860 3248 pacto
1886 3193 2038 3233 suam
2070 3174 2087 3229 (

2099 3174 2110 3226 Ξ
2142 3172 2351 3236 τούτοις
2379 3171 2471 3225 τοῦ
2503 3173 2880 3245 φιλανθρώπου
2911 3175 3066 3238 Θεοῦ,
3097 3175 3406 3247 ίσοστάθμῳ
3431 3177 3488 3230 δὲ
3516 3177 3714 3248 μᾶλλον

468 3268 572 3339 ipsi
602 3268 838 3322 animam
872 3266 1080 3321 violant
1129 3276 1292 3337 atque
1349 3276 1728 3324 contemnunt.
1775 3268 2041 3326 Dominus

2143 3263 2460 3329 κολάζοντος
2523 3264 2646 3336 δίκῃ
2710 3266 2833 3329 τοὺς
2895 3267 3144 3337 ἀφόρητα
3193 3267 3709 3338 πλημμελήσαντας.

468 3357 611 3412 enim
645 3363 833 3411 noster
861 3353 1022 3411 Jesus
1054 3355 1312 3411 Christus
1359 3370 1517 3413 suum
1563 3358 1791 3413 vocabat
1823 3355 2039 3413 Patrem

2143 3354 2286 3424 Ὅρα
2317 3355 2424 3425 γὰρ
2445 3356 2590 3417 ὅπως
2615 3357 2854 3426 ἀνοήτως
2885 3356 3162 3429 ὑϐρίζουσι
3196 3359 3294 3429 τῆς
3323 3358 3528 3411 ἑαυτῶν
3553 3359 3714 3428 ἀφει-

468 3447 637 3502 Deum
659 3487 672 3513 ,
703 3445 898 3500 dicens
945 3463 960 3500 :
1005 3463 1022 3496 ι
1050 3443 1226 3500 Nolite
1261 3445 1442 3500 facere
1475 3446 1696 3501 domum
1720 3444 1900 3500 Patris
1934 3444 2039 3500 mei

2147 3445 2407 3516 δήσαντες
2460 3445 2656 3515 ψυχῆς.
2721 3447 2779 3499 '0
2818 3448 2913 3517 μὲν
2954 3449 3061 3520 γὰρ
3088 3449 3289 3520 Κύριος
3316 3449 3472 3520 ήμῶν
3504 3449 3708 3519 Ἰησοῦς

466 3541 687 3594 domum
737 3536 1133 3606 negotiationis
1185 3537 1252 3590 ⁹¹.
1291 3555 1309 3588 ι
1368 3538 1437 3590 At
1489 3551 1613 3591 cum
1658 3536 1852 3590 deceat
1890 3536 2040 3604 ipsos

2137 3533 2370 3604 Χριστὸς
2385 3534 2513 3586 ῐδιον
2543 3534 2725 3587 ἐκάλει
2749 3537 2970 3606 Πατέρα
2997 3537 3085 3590 τὸν
3104 3537 3287 3605 Θεὸν,ι
3316 3540 3406 3610 Μὴ
3433 3544 3655 3603 ποιεῖτε,
3683 3561 3697 3590 ι

465 3645 590 3685 eum
626 3622 822 3681 Filium
873 3643 938 3683 ac
989 3625 1157 3681 Deum
1187 3666 1202 3690 ,
1256 3635 1446 3695 utpote
1491 3627 1583 3697 qui
1623 3643 1689 3681 ex
1727 3625 1838 3680 Deo
1876 3625 2038 3682 Patre

2138 3623 2333 3690 λέγων,
2363 3623 2480 3676 «τὸν
2512 3620 2657 3677 οἷκον
2691 3624 2783 3678 τοῦ
2815 3628 3026 3697 Πατρός
3063 3645 3164 3698 μου
3193 3629 3338 3682 οἷκον
3367 3631 3649 3700 ἐμπορίου.
3681 3649 3700 3682 ι

463 3720 691 3783 effulsit,
733 3720 1064 3789 intelligere.
1109 3717 1317 3772 nudum
1372 3725 1554 3772 tamen
1593 3717 1866 3770 hominem
1918 3725 1972 3770 et
2007 3731 2038 3771 e

2137 3709 2268 3766 Εἶτα
2305 3715 2420 3768 δέον
2465 3716 2659 3779 αὐτοὺς
2694 3717 2818 3770 Υίὸν
2855 3719 2956 3789 ήδη
3011 3719 3107 3773 καλ⁵
3136 3719 3303 3784 Θεὸν,
3353 3722 3428 3784 ὼς
3461 3722 3526 3774 ἐκ
3570 3721 3704 3775 Θεοῦ

464 3811 626 3869 nobis
665 3825 831 3864 unum
859 3809 1169 3881 quempiam
1221 3823 1345 3864 esse
1392 3807 1647 3862 credunt.
1686 3803 2034 3876 Proindeque

2136 3805 2347 3875 Πατρός
2394 3807 2667 3875 πεφηνότα
2701 3809 2877 3875 νοεῖν,
2924 3809 3211 3882 ἄνθρωπον
3249 3810 3327 3863 ἐτι
3361 3812 3565 3881 γυμνὸν
3613 3813 3706 3866 καὶ

467 3913 679 3972 tempus
726 3902 872 3972 quod
910 3899 1227 3954 aediﬁcando
1271 3897 1474 3968 templo
1522 3897 1858 3968 insumptum
1908 3904 2032 3964 est,

2134 3894 2240 3948 τῶν
2283 3895 2403 3948 καθ’
2448 3898 2597 3966 ἡμᾶς
2637 3897 2902 3968 ὑπάρχειν
2945 3899 3043 3953 ἕνα
3088 3900 3422 3957 πιστεύουσι.
3478 3903 3577 3956 Διά
3623 3920 3704 3958 τοι

463 3994 767 4064 objiciunt,
821 3992 1112 4048 dicentes:
1162 4009 1180 4042 ι
1217 3989 1586 4060 Quadraginta
1631 4000 1686 4046 et
1740 4005 1836 4045 sex
1874 3989 2036 4046 annis

2133 3986 2396 4041 τοῦτοκαὶ
2426 3989 2516 4042 τὸν
2545 3988 2637 4042 ἐπὶ
2663 3992 2728 4061 τῇ
2767 3989 2861 4044 τοῦ
2884 3989 3014 4046 ναοῦ
3043 3997 3354 4066 κατασκευῇ
3385 3995 3695 4066 δαπανηθέ-

463 4085 784 4142 εεύίίὶειιιυιη
814 4094 899 4140 est
928 4082 1187 4152 templum
1221 4082 1345 4145 hoc,
1378 4090 1430 4135 et
1462 4089 1516 4134 tu
1551 4082 1603 4135 in
1626 4079 1806 4136 tribus
1838 4079 2032 4136 diebus

2132 4097 2230 4133 ντα
2252 4079 2438 4151 χρόνον
2464 4080 2802 4152 προτείνουσι
2823 4080 3089 4150 λέγοντες,
3122 4083 3571 4154 (Τεσσεράκοντα
3600 4085 3693 4139 καὶ

459 4176 728 4232 excitabis
758 4173 986 4228 illud?»
1032 4170 1160 4233 Sed,
1198 4185 1231 4224 o
1285 4185 1404 4235 vos,
1451 4168 1760 4223 omnimoda
1807 4167 2029 4224 vesania

2131 4169 2190 4234 ἒξ
2217 4169 2393 4224 ἐτεσιν
2418 4167 2735 4242 ᾠκοδομήθη
2774 4173 2802 4224 ὁ
2839 4173 2965 4237 ναὸς
2993 4168 3179 4238 οὗτος-ο
3215 4177 3309 4230 καὶ
3339 4179 3404 4232 σὺ
3433 4181 3490 4231 ἐν
3523 4180 3704 4250 τρισὶν

460 4269 619 4334 ebrii,
647 4268 770 4338 jure
797 4267 1092 4338 quispiam,
1124 4263 1338 4334 opinor,
1374 4262 1572 4318 dixerit
1593 4280 1607 4330 ;
1632 4263 1678 4318 si
1703 4262 1858 4317 vobis
1877 4277 2029 4317 mens

2131 4261 2364 4331 ήμὲραις
2410 4263 2622 4332 ἐγερεῖς
2668 4262 2829 4315 αὐτόν
2855 4279 2869 4328 ;
2898 4282 2914 4314 ι
2969 4265 3128 4332 Ἀλλ’,
3153 4261 3376 4339 ὧπάσῃ
3413 4269 3699 4340 μεθύοντες

460 4361 636 4430 sapit,
683 4361 727 4414 si
772 4359 1034 4430 templum
1064 4355 1196 4410 illud
1231 4362 1471 4412 vestrum
1521 4352 1614 4408 Dei
1653 4355 1874 4408 domum
1906 4367 2029 4407 esse

2130 4350 2388 4421 ἀπονοίᾳ,
2416 4349 2636 4412 δικαίως
2659 4349 2724 4403 ἂν
2751 4346 2902 4421 οἶμαι
2926 4352 3103 4421 λέγειν
3129 4356 3310 4419 αὐτοῖς
3328 4397 3340 4418 ,
3371 4359 3420 4409 εί
3454 4359 3610 4427 σοφὸς
3641 4359 3697 4411 ἐν

459 4451 718 4512 creditis,
755 4450 1029 4520 quomodo
1064 4463 1173 4502 non
1222 4446 1466 4517 oportuit
1515 4461 1638 4499 eum
1691 4457 1814 4499 esse
1855 4441 2023 4498 Deum
2055 4495 2074 4520 '

2082 4497 2102 4520 ι
2130 4442 2255 4511 ὑμῖν
2278 4440 2561 4510 ἐνῴκισται
2591 4440 2746 4506 νοῦς,
2795 4444 2842 4494 εί
2877 4443 2966 4496 τὸν
2997 4446 3126 4516 παρ’
3155 4446 3282 4514 ὑμῖν
3320 4446 3448 4500 ὄντα
3469 4447 3592 4500 ναὸν
3619 4443 3697 4501 οἷ·

462 4495 718 4512 ...-...-..,,
758 4495 1024 4520 1--."---
1065 4495 1173 4502 ---η
1228 4495 1463 4517 -,_--__-
1521 4495 1638 4499 __,__
1911 4495 1952 4498 ρ
2012 4495 2019 4496 ,

462 4541 760 4596 secundum
793 4549 1043 4594 naturam
1084 4537 1390 4607 intelligere
1413 4575 1428 4601 ,
1460 4536 1553 4604 qui
1591 4535 1814 4605 impune
1840 4533 2026 4588 dicere
2055 4495 2077 4554 Ῑ

2168 4495 2180 4511 .
2354 4495 2364 4510 .
2695 4495 2745 4506 ..
2920 4495 2925 4496 κ
3027 4495 3100 4516 η,
3327 4495 3584 4500 ---περ
3625 4495 3669 4501 -,

2081 4496 2222 4585 )κον
2259 4527 2398 4585 εἶναι
2426 4531 2556 4584 Θεοῦ
2592 4532 2905 4600 πιστεύετε,
2957 4535 3074 4598 πῶς
3113 4537 3211 4589 οὐκ
3259 4537 3364 4590 ἔδει
3397 4538 3530 4592 Θεὸν
3569 4537 3696 4591 ὂντα

459 4646 627 4688 ausus
651 4639 735 4686 est
755 4645 768 4681 :
794 4629 1000 4685 «Nolite
1025 4627 1205 4683 facere
1225 4627 1446 4683 domum
1470 4624 1648 4680 Patris
1668 4627 1772 4680 mei
1801 4625 2023 4680 domum

2127 4623 2267 4678 κατὰ
2294 4622 2453 4692 φύσιν
2469 4624 2667 4676 ἐννοεῖν
2690 4623 2776 4678 τὸν
2797 4625 3093 4691 ἀκινδύνως
3111 4629 3284 4681 εἰπεῖν
3311 4628 3687 4699 θαρσήσαντα·

457 4721 883 4793 negotiationis?
905 4740 922 4772 ι
961 4721 1150 4789 thuo
1179 4727 1358 4789 pacto,
1384 4731 1592 4787 quaiso,
1616 4717 1795 4788 longis
1813 4723 2024 4786 tempo-

2132 4733 2149 4765 ι
2160 4715 2251 4784 Μὴ
2271 4717 2468 4768 ποιεῖτε
2480 4715 2569 4768 τὸν
2580 4711 2725 4770 οἷκον
2741 4717 2834 4771 τοῦ
2853 4719 3062 4788 Πατρός
3078 4736 3177 4790 μου
3191 4716 3336 4773 οἷκον
3353 4719 3616 4789 ἐμπορίου
3639 4734 3682 4782 ;ι

455 4827 574 4868 rum
610 4811 802 4881 spatiis
837 4811 905 4866 ad
937 4811 1104 4865 unius
1141 4809 1339 4864 domus
1382 4815 1717 4865 structuram
1763 4823 1902 4877 opus
1944 4807 2024 4861 illi

2125 4800 2256 4857 Εἶτα
2288 4804 2402 4866 πῶς
2423 4805 2509 4869 ἂν,
2533 4806 2652 4858 εἰπέ
2671 4824 2780 4876 μοι,
2811 4810 2992 4865 λοιπὸν
3021 4810 3243 4881 μακρῶν
3267 4809 3454 4880 ἐδεήθη
3485 4810 3689 4880 χρόνων

455 4901 666 4957 fuerit?
703 4908 797 4955 aut
844 4900 1118 4970 quomodo
1165 4899 1272 4954 ulla
1325 4899 1380 4953 in
1434 4912 1494 4952 re
1537 4898 1857 4954 imbecillior
1907 4895 2024 4953 fue-

2125 4898 2203 4958 εἰς
2237 4896 2334 4965 τὴν
2373 4895 2489 4959 ἐνὸς
2516 4898 2662 4950 οἴκου
2708 4904 3082 4972 κατασκευήν;
3148 4901 3180 4972 ἦ
3216 4901 3332 4964 πῶς
3362 4901 3426 4955 ἂν
3460 4901 3688 4971 ἠτόνησε

455 4995 566 5057 rit,
615 4991 704 5062 qui
762 5001 967 5060 septem
995 4991 1257 5044 duntaxat
1286 5004 1514 5045 numero
1563 4989 1756 5045 diebus
1793 4989 2015 5043 univer-

2122 4987 2258 5057 πρὸς
2297 4988 2432 5056 ὅπερ
2481 4986 2545 5040 ἂν
2577 4989 2727 5058 τύχοι
2747 4991 3041 5058 γεννικῶς,
3085 4992 3113 5044 ό
3143 4993 3201 5046 ἐν
3235 4992 3421 5062 μόναις
3454 4991 3687 5064 ήμέραις

455 5097 575 5137 sum
621 5081 725 5136 hoc
773 5077 1034 5135 ineﬂ‘abili
1074 5080 1277 5135 virtute
1318 5079 1622 5134 fabricatus
1656 5088 1776 5142 est,
1820 5087 1874 5133 et
1921 5079 2016 5148 qui

2123 5073 2263 5126 ἐπτά
2305 5074 2392 5126 τὸν
2439 5074 2669 5146 ἀριθμὸν
2704 5078 2822 5132 τόδε
2865 5079 2925 5130 τὸ
2975 5079 3192 5149 σύμπαν
3223 5081 3418 5151 ἀφάτῳ
3463 5081 3686 5151 δυνάμει

452 5173 595 5242 quod
619 5171 996 5227 tantummodo
1027 5171 1142 5226 vult
1172 5171 1395 5241 potest?
1427 5171 1554 5225 Haec
1583 5170 1726 5224 enim
1751 5170 2019 5225 aestimare

2122 5162 2631 5232 διατεχνησάμενος,
2660 5166 2752 5219 καὶ
2783 5166 2840 5219 ἐν
2873 5167 3017 5236 μόνῳ
3041 5169 3117 5238 τῷ
3151 5168 3324 5223 θέλειν
3357 5170 3495 5242 ἔχων
3520 5171 3578 5224 τὸ
3597 5171 3688 5224 δύ-

451 5264 681 5321 debebat
707 5261 941 5334 populus
973 5276 1255 5319 sacrarum
1292 5261 1621 5317 Litterarum
1645 5261 1877 5330 peritus.

2125 5253 2345 5320 νασθαι;
2378 5255 2561 5310 Ταῦτα
2604 5257 2714 5325 γάρ
2763 5255 2868 5310 ἔδει
2913 5258 3220 5326 λογίζεσθαι
3265 5263 3354 5316 τὸν
3386 5263 3495 5317 τῶν
3532 5261 3691 5331 ἱερῶν

2124 5347 2469 5418 γραμμάτων
2506 5349 2845 5420 ἐπιστήμονα
2877 5349 3023 5404 λαόν.

518 5439 594 5507 ll,
624 5442 809 5508 21,92.
856 5439 955 5497 Ille
991 5450 1165 5496 autem
1205 5439 1409 5494 dicebat
1446 5439 1508 5493 de
1549 5439 1738 5508 templo
1780 5438 2012 5508 corporis

2190 5438 2454 5504 Ἐκεῖνος
2486 5439 2554 5492 δὲ
2582 5441 2750 5510 ἔλεγε
2795 5441 2927 5509 περὶ
2962 5441 3065 5496 τοῦ
3093 5441 3244 5496 ναοῦ
3281 5441 3385 5494 τοῦ
3413 5440 3688 5508 σώματος

449 5535 550 5586 sui.
597 5533 728 5588 Cum
775 5551 894 5604 ergo
941 5534 1310 5588 resurrexisset
1351 5549 1383 5584 a
1435 5531 1689 5595 mortuis,
1749 5529 2013 5585 recordati

2118 5529 2326 5586 αὐτοῦ.
2361 5531 2491 5585 Ὅτε
2529 5527 2642 5587 οὖν
2685 5532 2902 5602 ἠγέρθη
2955 5534 3022 5588 ἐκ
3067 5533 3184 5587 τῶν
3227 5530 3475 5598 νεκρῶν,
3514 5532 3704 5600 eam}.

515 5699 560 5734 ⁸⁷
595 5699 785 5755 Matth.
823 5716 970 5766 κινι,
1000 5703 1087 5756 6|.
1186 5703 1228 5733 ³³⁸
1258 5700 1400 5756 Psal.
1432 5715 1612 5764 xxxw,
1647 5700 1731 5752 tl.
1821 5700 1866 5732 ⁸⁹
1907 5698 2054 5755 Psal.
2084 5716 2130 5756 χ]

1931 5698 2054 5755 ’sal.
2084 5716 2230 5766 τινι,
2264 5701 2351 5756 l2.
2446 5703 2491 5734 ὀ
2520 5699 2666 5758 Psal.
2695 5719 2882 5770 vam,
2912 5705 2999 5758 24.
3076 5706 3119 5737 ⁹¹
3162 5702 3321 5760 Joan.
3356 5719 3417 5772 ιι,
3459 5704 3546 5761 16.
