4090 6266
533 331 634 386 237

1558 313 1619 367 ιΝ
1661 308 1943 366 JOANNIS
1971 306 2417 362 liVAMiLLILM
2461 307 2586 356 bili.
2633 306 2694 356 Ιι.

3671 304 3776 359 9.1!

535 449 778 511 σθησαν
802 441 857 493 σί
893 433 1142 504 μαθηταὶ
1181 428 1398 493 αὐτοῦ,
1436 427 1522 480 ὅτι
1554 425 1728 478 τοῦτο
1753 423 1955 511 ἔδεγε·
2006 419 2098 472 καὶ

2234 425 2326 467 unt
2353 412 2602 481 discipuli
2628 414 2763 479 eius,
2797 413 2922 480 quia
2951 413 3046 464 hoc
3076 411 3276 465 dicebat
3303 429 3320 464 :
3360 423 3408 466 et
3447 415 3775 472 aediderunt

547 507 919 589 ἐπίστευσαν
955 525 1027 593 τῇ
1080 519 1286 591 Γραφῇ
1324 519 1421 573 καὶ
1459 517 1537 582 τῷ
1585 519 1742 583 λόγῳ
1778 507 1824 580 ᾦ
1858 510 2022 565 εἶπεν
2074 513 2105 560 ό

551 621 802 690 Ἰησοῦς.

614 707 1024 778 Εὑπαρέιδεκτος
1053 702 1130 773 τῷ
1157 699 1306 771 σοφῷ
1343 699 1441 770 τῆς
1477 699 1668 767 σοφίας
1711 699 1740 750 6
1779 694 1964 761 λόγος·
2016 693 2106 744 ἐν·

553 803 720 868 ιζάνει
765 801 819 853 δὲ
871 798 975 851 τῶν
1024 795 1360 865 μαθημάτων
1399 795 1432 863 ὴ
1475 791 1675 860 γνῶσις
1712 791 1823 850 τοῖς
1871 787 2108 849 συνετοῑς

550 890 944 957 εὐπετέστερον,
973 885 1069 937 καὶ
1093 881 1281 952 ὥσπερ
1305 881 1364 934 ὲν
1385 878 1544 951 κηρῷ
1574 878 1648 948 μὴ
1683 877 1802 928 λίαν
1826 872 2107 943 ἁπεσκλη·

550 982 660 1033 κότι
706 977 883 1040 καλῶς
924 973 1258 1047 ἐγγράφεται
1303 973 1412 1024 τῶν
1476 969 1802 1042 σημάντρων
1847 968 1876 1019 6
1916 965 2106 1030 τύπος,

542 1071 707 1132 οὕτως
732 1072 789 1123 ἐν
817 1065 1262 1138 τρυφερωτέραις
1301 1061 1550 1134 καρδίαις
1579 1058 1882 1130 ἀνθρώπων
1912 1058 1940 1110 6
1969 1056 2112 1118 θεῖος

542 1161 769 1232 ἑτοίμως
811 1160 1157 1231 ἐμπήγνυται
1201 1156 1354 1220 λόγος
1381 1171 1396 1188 ·
1442 1154 1530 1208 διὰ
1560 1151 1717 1206 τοῦτο
1746 1151 1837 1210 καὶ
1879 1148 2112 1220 πονηρὸς

540 1253 568 1304 6
593 1249 1018 1321 σκληροκάρδιος
1049 1246 1391 1322 ὀνομάζεται,
1430 1243 1725 1312 Σοφοῦνται
1758 1240 1935 1295 τοίνυν
1973 1241 2113 1307 ἀγα-

541 1343 621 1396 θοὶ
650 1343 749 1413 τὴν
774 1340 888 1406 ἕξιν
914 1340 1066 1402 ὄντες
1091 1339 1140 1392 οἱ
1168 1337 1437 1408 μαθηταὶ,
1469 1336 1706 1396 καὶτοὺς
1725 1333 1830 1388 ἀπὸ
1850 1332 1947 1400 τῆς
1966 1331 2114 1394 Θείας

539 1435 762 1505 Γραφῆς
783 1430 1205 1503 ἁναμασσῶνται
1235 1430 1446 1498 λόγους,
1474 1430 1552 1491 είς
1570 1425 1964 1498 ἀκριϐεστέραν
1990 1425 2117 1476 ἐαυ-

540 1527 667 1589 τοὺς
699 1524 1059 1594 ἐκτρέφοντες
1091 1522 1320 1590 γνῶσιν,
1365 1521 1458 1574 καλ⁹
1503 1517 1827 1588 πεπηγότως
1867 1513 2118 1568 ἐντεῦθεν

545 1620 641 1674 ἐπὶ
689 1617 751 1670 τὸ
785 1615 1062 1669 πιστεύειν
1110 1612 1409 1683 ἐρχόμενοι.
1460 1608 1678 1679 Ἐπειδὴ
1726 1606 1823 1660 καὶ
1858 1605 1984 1669 ναὸς
2015 1607 2120 1659 ἀπ-

549 1708 754 1779 εκλήθη
777 1707 838 1759 τὸ
872 1705 1030 1776 σῶμα
1051 1702 1308 1774 Χριστοῦ,
1334 1702 1451 1764 πῶς
1475 1701 1576 1753 οὐκ
1602 1700 1667 1753 ἂν
1688 1699 1773 1768 εἴη
1800 1697 1940 1750 κατά
1962 1694 2118 1760 φύσιν

551 1799 687 1862 Θεὸς
713 1801 740 1851 6
768 1796 991 1850 ὲνοικῶν
1019 1795 1167 1865 αὒτῷ
1194 1792 1484 1865 μονογενὴς
1511 1791 1704 1859 Λόγος,
1734 1788 1887 1861 εἴπερ
1909 1787 2005 1840 οὐκ
2034 1787 2114 1839 ἐν·

555 1890 767 1961 δέχεται
789 1890 1062 1942 κατοικεῖν
1094 1888 1151 1940 ἐν
1172 1885 1284 1956 ναῷ
1306 1884 1556 1953 λέγεσθαι
1577 1881 1668 1935 τὸν
1695 1882 1795 1935 οὐκ
1823 1880 1950 1933 ὄντα
1963 1877 2115 1943 Θεόν;

562 1983 635 2036 ’Ἡ
657 1981 859 2049 λεγέτω
906 1977 1188 2049 παρελθών
1222 1994 1307 2039 τις
1331 1977 1411 2040 είς
1441 1975 1602 2045 μέσον
1624 2012 1639 2038 ,
1686 1973 1829 2034 τίνος
1854 1971 1982 2023 ποτέ
2010 1969 2119 2021 τῶν

557 2073 728 2141 ἁγίων
768 2072 891 2134 ναὸς
928 2068 1204 2140 ἀπεκλήθη
1254 2068 1314 2120 τὸ
1346 2067 1502 2137 σῶμα
1520 2081 1533 2095 ·
1561 2064 1672 2118 ἀλλ’
1699 2064 1796 2117 οὐκ
1823 2063 1911 2122 ἂν,
1938 2057 2117 2130 οἶμαι,

551 2166 640 2239 ,τὶς
664 2163 930 2227 ἐπιδείξαι
961 2162 1020 2214 τὸ
1054 2159 1338 2231 εἰρημένον
1361 2175 1374 2188 ·
1397 2156 1537 2228 φημὶ
1564 2155 1627 2226 δὴ
1664 2155 1866 2220 λοιπὸν,
1888 2153 1917 2206 ὃ
1935 2153 1999 2222 δὴ
2030 2151 2122 2206 xui.

543 2237 796 2328 ’ὕπαρχον
818 2254 1121 2324 εὑρήσομεν
1148 2249 1342 2322 ἀληθὲς
1360 2291 1374 2315 ,
1409 2245 1651 2319 ἀκριϐῶς
1669 2247 1768 2314 τὴν
1797 2245 1948 2299 θείαν
1976 2245 2124 2314 ἐρευ·

553 2350 748 2412 νῶντες
795 2345 1051 2417 Γραφὴν,
1109 2342 1186 2405 ὡς
1234 2342 1410 2395 οὐδενὶ
1451 2339 1562 2393 τῶν
1603 2339 1774 2406 ἁγίων
1825 2339 1858 2407 ἡ
1901 2334 2121 2404 τοιαύτη

555 2439 864 2510 προσῆπται
907 2435 1063 2505 τιμή.
1107 2432 1218 2486 Καὶ
1260 2430 1387 2501 γοῦν
1423 2432 1452 2484 6
1493 2428 1761 2500 μακάριος
1788 2424 2120 2494 Βαπτιστὴς,

556 2531 732 2585 καίτοι
753 2527 931 2596 πάσης
961 2525 1060 2595 μὲν
1094 2523 1297 2594 ἀρετῆς
1325 2523 1404 2585 εἰς
1429 2519 1707 2592 ἀκρότητα
1735 2514 2003 2587 βεϐηκὼς,
2029 2531 2127 2585 μη-

557 2628 668 2681 δενὶ
697 2625 755 2679 δὲ
784 2621 920 2694 πρὸς
941 2618 1222 2674 εὐσέϐειαν
1243 2614 1543 2686 ἐπιτρέψας
1564 2613 1708 2681 ἐχειν
1737 2609 1798 2663 τὸ
1816 2608 2020 2678 μεῖζον,
2038 2603 2126 2658 διὰ

560 2719 657 2789 τῆς
694 2714 933 2789 Ἡρώδου
973 2710 1168 2782 μανίας
1200 2709 1300 2778 τὴν
1341 2703 1581 2775 κεφαλὴν
1603 2700 1986 2789 ἀπετέμνετο,
2011 2695 2125 2749 ἀλλ’

563 2782 710 2858 οῦδὲν
750 2782 833 2854 ἐπ’
862 2797 1008 2869 αὑτῷ
1039 2797 1263 2868 φέρεται
1299 2793 1563 2848 τοιοῦτον.
1622 2788 1718 2842 Ἐκ
1748 2787 1805 2841 δέ
1838 2787 1944 2840 τῶν
1977 2788 2127 2838 ἐναν-

566 2895 693 2948 τίων
741 2893 836 2946 xui.
864 2889 1178 2960 παχυτέραν
1205 2887 1296 2940 ἐπὶ
1332 2884 1426 2938 τοῦ
1458 2882 1713 2952 λειψάνου
1745 2881 1840 2950 τὴν
1875 2877 2015 2941 λέξιν
2040 2877 2131 2927 ἐπ-

568 2987 783 3057 ενόησεν
833 2985 862 3037 6
903 2979 1210 3051 Βαπτιστὴς
1246 2978 1352 3050 [tot
1386 2977 1414 3029 6
1442 2969 1862 3042 εὐαγγελιστὴς]
1885 3009 1898 3032 ,
1932 2970 2130 3022 οἰκονο-

573 3077 763 3148 μικῶς,
781 3075 855 3137 ὥς
884 3074 947 3143 γέ
971 3089 1059 3144 μοι
1087 3067 1460 3141 (pulvereum!
1483 3065 1640 3118 τοῦτο
1661 3062 1849 3124 εἰπὼν,
1873 3061 1958 3114 ἵνα
1985 3058 2129 3128 μόνῳ

571 3167 805 3239 σώζηται
853 3166 932 3236 τῷ
957 3163 1176 3236 Χριστῷ
1221 3161 1282 3213 τὸ
1314 3159 1548 3228 ἀξίωμα.
1600 3155 1804 3226 Γράφει
1838 3152 1896 3205 δέ
1919 3150 2089 3212 οὕτως
2115 3165 2127 3177 ·

576 3277 594 3309 ι
623 3260 731 3312 Καὶ
759 3257 1002 3327 πέμψας,
1035 3274 1053 3308 ι
1085 3253 1269 3324 φησιν,
1293 3253 1319 3303 6
1345 3247 1624 3320 μιαιφόνος
1638 3243 1883 3316 Ἡρώδης
1913 3239 2134 3312 δηλαδὴ,

576 3350 691 3403 «τὸν
747 3348 1002 3417 Ἰωάννην
1051 3341 1451 3412 ἀπεκεφάλισεν
1499 3341 1557 3393 ἐν
1603 3340 1668 3410 τῇ
1722 3335 1934 3406 φυλακῇ
1979 3349 1992 3362 ·
2045 3332 2140 3385 καὶ

572 3439 957 3510 προσελθόντες
983 3439 1031 3490 οἱ
1066 3435 1304 3505 μαθηταὶ
1331 3431 1495 3486 αὐτοῦ
1513 3473 1529 3496 ,
1568 3424 1710 3501 ἦραν
1737 3425 1797 3480 τὸ
1821 3422 2022 3494 πτῶμα
2045 3421 2142 3475 αὺ-

571 3533 683 3586 τοῦ.
706 3550 727 3582 δ
779 3531 842 3583 Εἰ
868 3529 923 3582 δὲ
952 3527 1150 3596 πτῶμα
1179 3524 1424 3579 καλεῖται
1468 3521 1528 3574 τὸ
1569 3518 1814 3573 Ἰωάννου
1843 3514 2034 3586 σῶμα,
2078 3511 2140 3566 τὺ

577 3623 711 3685 τίνος
738 3622 890 3674 ἔσται
922 3618 1046 3683 ναός
1069 3636 1082 3684 ;
1104 3615 1226 3670 καθ’
1259 3616 1443 3684 ἓτερον
1474 3611 1625 3675 ὄντος
1651 3611 1827 3675 λόγον,
1853 3608 1946 3660 τοῦ
1977 3604 2142 3667 ναοὺς

574 3715 719 3784 ⁴ἡμᾶς
748 3710 999 3782 εἰρῆσθαι
1023 3707 1157 3762 Θεοῦ
1185 3747 1199 3772 ,
1233 3706 1320 3759 διὰ
1345 3705 1408 3760 τὸ
1443 3701 1689 3757 ἐνοικοῦν
1736 3701 1795 3753 ἐν
1828 3701 1958 3768 ἡμῖν
1987 3696 2140 3764 ἆγιον

576 3804 796 3876 Πνεῦμα
821 3820 833 3832 ·
878 3800 1012 3855 Θεοῦ
1049 3799 1157 3870 γὰρ
1197 3798 1387 3860 πάλιν,
1440 3794 1534 3848 καὶ
1562 3793 1660 3862 οὐχ
1686 3789 1893 3844 ἑαυτῶν
1926 3802 2142 3858 χρημα-

580 3897 796 3967 τίζομεν
811 3892 950 3948 ναοί.
976 3890 1111 3944 Ἀλλ’
1144 3891 1271 3954 ἴσως
1300 3889 1416 3959 ἐρεῖ
1441 3902 1525 3950 τις
1551 3899 1564 3913 °
1585 3881 1709 3945 Πῶς
1735 3876 1847 3945 οὖν,
1875 3877 1994 3932 εἰπέ
2029 3892 2139 3946 μοι,

575 3990 669 4042 καὶ¹
680 3987 841 4049 αὐτὸς
853 3988 881 4038 6
901 3983 1088 4054 Σωτὴρ
1105 3983 1166 4035 τὸ
1179 3982 1309 4035 ἴδιον
1327 3978 1486 4048 σῶμα
1502 3977 1701 4044 πτῶμα
1717 3972 1890 4034 ualet;
1904 3991 1922 4021 ι
1935 3971 2104 4022 Ὅπου
2119 3985 2136 4018 ι

575 4081 683 4150 γὰρ
704 4119 719 4143 ,
752 4076 937 4146 φησὶν,
961 4093 978 4122 ι
1009 4073 1104 4128 ἐὰν
1202 4069 1262 4124 τὸ
1296 4069 1523 4138 πτῶμα,
1556 4067 1672 4118 ἐκεῖ
1716 4062 2142 4131 συναχθήσονται

577 4172 626 4223 oi
657 4167 826 4222 ἀετοί.
862 4185 880 4216 ›
925 4164 1069 4233 Πρὸς
1105 4163 1170 4232 δὴ
1229 4161 1322 4214 καὶ
1365 4157 1526 4212 τοῦτό
1555 4171 1764 4226 φαμεν,
1810 4152 1885 4214 ὡς
1921 4151 1980 4203 οὑ
2018 4150 2145 4219 περὶ

579 4258 673 4311 τοῦ
703 4256 830 4309 ἰδίου
859 4254 1106 4323 σώματος
1130 4251 1232 4322 ἔφη
1261 4248 1433 4304 ταῦτα.
1469 4246 1736 4319 Χριστὸς,
1771 4242 1888 4297 ἀλλ’
1924 4240 1999 4304 ὡς
2029 4239 2147 4309 τρό-

580 4366 667 4418 πῳ
695 4343 1011 4414 παραϐολῆς
1043 4342 1132 4395 καὶ
1159 4342 1394 4412 σχήματι
1425 4338 1524 4410 τήν
1551 4334 1817 4406 ἐσομένην
1839 4331 1947 4386 τῶν
1977 4331 2145 4400 ἁγίων

2209 506 2495 572 Srripturce
2525 513 2572 557 et
2603 505 2830 558 sermoni
2859 515 3007 572 quem
3031 503 3166 556 dixit
3194 501 3372 557 Jews.

2285 700 2531 771 Sapienti
2578 707 2768 770 gratus
2811 708 2897 754 est
2941 712 3126 755 sermo
3166 699 3471 769 sapientiae,
3521 709 3576 756 et
3615 702 3780 758 disci-

2211 796 2481 866 plinarum
2525 793 2766 865 cognitio
2798 793 3224 865 intelligentibus
3262 795 3494 851 celerius
3529 797 3730 853 insidet
3765 818 3776 851 :

2209 896 2265 944 et
2295 885 2757 958 quemadmodum
2804 887 2860 941 in
2911 900 3038 942 cera
3075 902 3181 942 non
3214 885 3382 944 nimis
3427 889 3564 943 dura
3605 891 3780 960 ﬂgura

2211 977 2616 1048 signaculorum
2667 982 2816 1032 recte
2851 976 3208 1045 imprimitur,
3237 978 3318 1033 sic
3355 977 3410 1032 in
3448 979 3652 1034 teneris
3681 979 3781 1034 ho»

2213 1071 2422 1123 miuum
2473 1066 2734 1126 cordibus
2787 1082 2972 1123 sermo
3019 1069 3239 1126 divinus
3277 1069 3438 1124 facile
3486 1071 3775 1141 infigitur:

2215 1158 2446 1228 ideoque
2473 1157 2759 1226 improbus
2785 1156 2909 1211 duri
2939 1156 3122 1212 cordis
3148 1158 3493 1212 nominatur.
3512 1158 3784 1214 Erudiun-

2215 1256 2306 1303 tur
2346 1249 2530 1319 itaque
2579 1248 2834 1319 discipuli
2867 1247 3014 1303 facili
3062 1265 3188 1304 cum
3255 1250 3495 1320 ingenio,
3537 1260 3592 1307 et
3627 1251 3780 1306 Scri-

2215 1350 2393 1412 ptura:
2422 1341 2620 1397 divinae
2637 1356 2918 1397 sermones
2943 1342 3470 1414 ruminant,seipsos
3499 1345 3564 1400 ad
3593 1347 3781 1416 exqui-

2217 1433 2460 1489 sitiorem
2479 1433 2844 1504 cognitionem
2878 1433 3205 1499 nutrientes,
3225 1442 3278 1488 et
3307 1435 3436 1490 hinc
3455 1435 3610 1491 firmo
3648 1435 3782 1506 pede

2217 1524 2284 1578 ad
2321 1524 2656 1580 credendum
2697 1525 3001 1580 venientes.
3032 1526 3169 1580 Cum
3208 1527 3353 1582 enim
3389 1527 3645 1598 templum
3685 1542 3780 1582 vo-

2218 1623 2403 1670 catum
2450 1615 2522 1670 sit
2574 1628 2778 1685 corpus
2823 1615 3052 1680 Christi,
3095 1617 3369 1686 quomodo
3399 1634 3507 1673 non
3543 1620 3648 1674 erit
3697 1633 3784 1674 se-

2219 1708 2460 1762 cundum
2502 1715 2756 1761 naturam
2788 1708 2932 1764 Deus
2985 1709 3140 1781 153
3175 1709 3516 1780 unigenitum
3547 1708 3782 1766 Verbum

2219 1798 2364 1868 quod
2395 1798 2665 1852 inhabitat
2703 1800 2756 1854 in
2789 1813 2877 1864 eo,
2909 1800 3180 1870 siquidem
3217 1801 3272 1855 in
3311 1801 3514 1870 templo
3540 1802 3787 1856 habitare

2220 1901 2566 1958 nequaquam
2611 1889 2659 1943 is
2709 1888 2915 1963 dicitur
2953 1892 3046 1960 qui
3093 1905 3201 1945 non
3246 1892 3318 1946 sit
3364 1889 3545 1947 Deus?
3570 1891 3784 1961 Alioqui

2221 1977 2450 2047 prodeat
2507 1979 2710 2048 aliquis
2764 1981 2821 2034 in
2877 1982 3138 2047 medium,
3181 1990 3236 2038 et
3293 1983 3440 2037 dicat
3499 1982 3784 2052 cujusuam

2223 2071 2398 2124 sancti
2449 2085 2651 2141 corpus
2703 2073 2964 2141 templum
2996 2073 3162 2128 fuerit
3200 2074 3529 2142 appellatum
3561 2092 3574 2127 :
3604 2088 3785 2136 nemo,

2224 2166 2284 2214 ut
2311 2161 2527 2230 opinor,
2565 2161 2618 2216 id
2644 2161 2968 2217 ostenderit.
2990 2161 3119 2216 Dico
3148 2164 3352 2234 itaque,
3385 2179 3564 2234 neque
3591 2164 3646 2219 id
3681 2164 3788 2218 fal-

2223 2265 2343 2306 sum
2384 2265 2507 2306 esse
2560 2252 2990 2322 comperiemus,
3045 2253 3092 2307 si
3146 2253 3389 2308 divinam
3447 2251 3785 2324 Scripturam

2225 2349 2483 2396 accurate
2511 2342 2748 2396 scrutari
2780 2342 3031 2408 velimus,
3067 2344 3203 2397 nulli
3246 2353 3437 2400 sancto
3477 2343 3532 2399 id
3561 2345 3790 2398 honoris

2223 2443 2347 2484 esse
2377 2429 2664 2485 tributum.
2694 2429 2758 2484 Et
2790 2444 2922 2486 sane
2955 2420 3178 2487 tametsi
3220 2432 3413 2487 beatus
3447 2427 3692 2500 Baptista
3723 2434 3790 2486 ad

2227 2521 2440 2590 apicem
2472 2522 2690 2575 virtutis
2717 2522 2898 2576 omnis
2937 2523 3268 2591 pervenerit,
3305 2537 3406 2578 nec
3449 2523 3544 2578 ulli
3589 2525 3790 2594 pietate

2227 2611 2504 2668 secundus
2548 2611 2780 2668 Herodis
2823 2611 3012 2666 furore
3047 2614 3227 2683 capite
3266 2620 3556 2670 truncatus
3605 2615 3786 2677 fuerit,

2227 2701 2366 2756 nihil
2402 2713 2586 2758 tamen
2635 2703 2704 2758 de
2751 2703 2871 2773 ipso
2909 2705 3018 2759 tale
3062 2701 3257 2760 fertur.
3303 2705 3506 2760 Contra
3547 2723 3679 2764 vero
3725 2709 3791 2763 de

2229 2793 2350 2862 ejus
2381 2794 2594 2849 exuviis
2645 2797 2977 2865 evangelista
3020 2797 3344 2851 vocabulum
3391 2799 3586 2853 durius
3630 2815 3793 2855 exco—

2230 2885 2442 2955 gitavit,
2469 2886 2754 2957 singulari,
2785 2894 2845 2940 ut
2893 2887 3027 2941 mihi
3058 2886 3293 2951 videtur,
3323 2889 3574 2952 consilio,
3603 2897 3664 2943 ut
3698 2891 3790 2943 uni

2230 2974 2454 3031 Christo
2499 2975 2736 3048 dignitas
2784 2984 3114 3032 servaretur.
3161 2975 3255 3030 Sic
3305 2986 3488 3030 autem
3540 2977 3734 3032 scribit
3779 2997 3791 3032 :

2239 3080 2257 3112 ι
2305 3061 2369 3116 Et
2398 3063 2640 3128 mittens,
2683 3083 2702 3117 ι
2750 3064 2990 3120 Herodes
3019 3065 3108 3120 ille
3137 3065 3379 3120 crudelis
3411 3066 3687 3129 nimirum,
3715 3067 3797 3121 in-

2236 3154 2377 3224 quit,
2407 3169 2425 3206 ι
2456 3156 2745 3210 decollavit
2776 3155 3038 3210 Joannem
3074 3158 3131 3210 in
3167 3171 3407 3219 carcere,
3437 3166 3491 3210 et
3531 3157 3796 3211 acceden-

2237 3255 2322 3300 tes
2343 3246 2598 3315 discipuli
2636 3247 2759 3315 ejus
2787 3248 3031 3301 tulerunt
3060 3246 3296 3300 cadat/er
3333 3247 3452 3314 ejus
3474 3248 3540 3301 ’⁸.
3586 3265 3604 3298 ›
3642 3247 3796 3313 Quod

2239 3336 2284 3391 si
2313 3334 2542 3391 Joannis
2583 3351 2788 3405 corpus
2829 3336 3062 3390 cadaver
3085 3337 3411 3405 appellatur,
3441 3337 3700 3405 templum
3733 3339 3800 3393 de

2239 3439 2478 3496 quonam
2520 3425 2770 3482 dicetur?
2813 3425 3025 3497 Quippe
3077 3427 3183 3480 alia
3244 3427 3385 3479 ratio
3429 3436 3513 3482 est
3563 3441 3664 3481 cur
3707 3427 3801 3482 Dei

2241 3518 2442 3587 templa
2472 3517 2772 3587 nuncupati
2809 3517 3094 3583 fuerimus,
3128 3524 3360 3588 propter
3403 3517 3800 3574 inhabitantem

2243 3607 2505 3678 Spiritum
2555 3614 2807 3663 sanctum
2861 3609 2915 3662 in
2952 3610 3128 3664 nobis.
3174 3607 3307 3663 Nam
3355 3619 3409 3663 et
3461 3609 3660 3678 templa
3708 3606 3800 3664 Dei

2241 3701 2494 3767 dicimur,
2528 3716 2635 3756 non
2681 3702 2878 3757 nostri.
2909 3701 2978 3755 At
3014 3703 3162 3756 enim
3211 3702 3434 3771 objiciet
3490 3700 3678 3758 forsan
3706 3702 3806 3756 ali—

2240 3792 2365 3861 quis
2387 3810 2400 3845 :
2421 3791 2709 3858 Quomodo
2733 3792 2920 3863 igitur,
2948 3809 3156 3862 quaeso,
3178 3809 3334 3848 suum
3368 3808 3587 3864 quoque
3605 3808 3806 3863 corpus

2243 3883 2358 3953 ipse
2398 3883 2649 3937 Salvator
2677 3885 2910 3939 cadaver
2939 3884 3221 3938 nominat?
3245 3884 3456 3939 Alicubi
3491 3886 3635 3938 enim
3675 3884 3750 3938 ait
3792 3901 3802 3936 :

2249 3989 2267 4022 ι
2315 3969 2636 4041 Ubicunque
2681 3970 2847 4026 fuerit
2889 3973 3140 4036 cadaver,
3193 3972 3265 4025 ibi
3324 3973 3806 4041 congregabuntur

2245 4063 2440 4133 aquilae
2471 4063 2536 4116 ".
2581 4081 2598 4114 ι
2634 4063 2715 4116 Ad
2764 4061 2897 4116 illud
2950 4062 3381 4132 respondemus,
3414 4060 3692 4115 Christum
3742 4061 3808 4115 de

2245 4170 2345 4211 suo
2378 4167 2608 4223 corpore
2639 4166 2750 4207 nate
2778 4167 2886 4206 non
2914 4152 3142 4216 dixisse,
3170 4152 3262 4205 sed
3303 4153 3356 4205 in
3389 4151 3607 4205 modum
3645 4167 3808 4220 para-

2244 4246 2383 4301 bolae
2408 4251 2629 4299 sanctos
2657 4243 2724 4296 ad
2756 4257 2815 4297 se
2846 4252 2973 4294 tunc
3013 4243 3274 4310 temporis
3303 4249 3567 4297 venturos
3596 4243 3808 4312 signiti-

2246 4351 2392 4404 care,
2417 4351 2544 4392 cum
2575 4337 2756 4391 denuo
2796 4334 2956 4390 nobis
3000 4334 3284 4403 apparebit
3324 4349 3445 4388 cum
3479 4335 3685 4389 sanctis
3713 4351 3810 4387 an-

581 4436 666 4488 ἐπ’
709 4432 870 4486 αὐτὸν
913 4429 1212 4499 συνδρομὴν
1263 4428 1382 4480 κατ’
1413 4427 1589 4479 ἐκεῖνο
1636 4422 1889 4494 σημαίνει
1928 4419 2129 4490 καιροῦἸ

2246 4429 2384 4502 gelis
2434 4430 2490 4482 in
2541 4427 2715 4498 gloria
2752 4425 2933 4480 Patris
2988 4424 3096 4480 sui.
3128 4423 3597 4489 Quemadmodum
3644 4427 3808 4487 enim,

581 4525 708 4576 ὅταν
739 4515 896 4582 αὖθις
923 4521 1054 4588 ἡμῖν
1098 4517 1154 4583 ἐξ
1199 4514 1441 4586 οὐρανῶν
1487 4515 1836 4582 ἐπιφαίνηται
1878 4510 2015 4582 μετὰ
2037 4509 2145 4562 τῶν

583 4615 751 4682 ἁγίων
781 4610 1046 4680 ἀγγέλων,
1064 4609 1120 4660 ἐν
1135 4609 1200 4678 τῇ
1223 4606 1350 4676 δόξῃ
1378 4603 1472 4657 τοῦ
1499 4603 1712 4675 Πατρὸς
1727 4601 1910 4656 αὐτοῦ.
1942 4604 2144 4672 Ὃνπερ

583 4705 687 4775 γὰρ
713 4704 934 4775 τρόπον,
958 4700 1142 4772 φησὶν,
1166 4699 1222 4751 αἱ
1250 4697 1360 4750 τῶν
1383 4695 1702 4766 κρεοφάγων
1731 4695 1928 4766 ὀρνέων
1957 4694 2147 4763 ἀγέλαι

585 4796 675 4848 ἐπὶ
704 4795 774 4847 τά
813 4792 1078 4846 πίπτοντα
1122 4789 1231 4842 τῶν
1282 4786 1550 4857 σωμάτων
1596 4785 1707 4850 ὀξεῖ
1752 4785 2147 4855 καταφέρονται

589 4885 766 4956 ῥοίζῳ,
797 4882 938 4937 οὕτω
963 4882 1056 4936 καὶ
1087 4881 1243 4951 ὑμεῖς
1268 4878 1355 4932 ἐπ’
1403 4877 1501 4947 ἐμὲ
1530 4874 1949 4946 συναχθήσεσθε.
1990 4876 2056 4927 Ὀ
2082 4873 2148 4946 δὴ

586 4976 680 5028 καὶ
693 4975 900 5038 Παῦλος
927 4975 1057 5045 ἡμῖν
1072 4969 1411 5041 ἀπεγύμνου,
1447 4967 1621 5036 λέγων
1644 4981 1659 4995 ⁸
1689 4983 1707 5018 ι
1731 4967 1988 5020 Σαλπίσει
2014 4965 2146 5038 γὰρ,

591 5067 683 5119 καὶ
714 5067 762 5118 οὶ
796 5065 978 5134 νεκροὶ
1012 5063 1394 5134 ἐγερθήσονται
1424 5057 1689 5127 ἄφθαρτοι
1709 5073 1724 5087 ·
1752 5075 1771 5108 ι
1793 5057 1884 5110 καὶ
1917 5057 2023 5127 μὴν
2058 5057 2151 5110 καὶ

591 5155 838 5226 ἑτέρωθι,
884 5155 1020 5208 (Καὶ
1047 5155 1102 5206 ἐν
1139 5153 1390 5222 νεφέλαις
1417 5147 1850 5221 ἁρπαγησόμεθα
1886 5150 1964 5211 είς
1988 5148 2155 5202 ἀπάν-

591 5263 745 5316 τησιν
787 5244 879 5298 τοῦ
914 5243 1116 5314 Κυρίου
1146 5245 1223 5307 εις
1251 5243 1387 5312 ἀέρα
1414 5257 1429 5273 ⁸
1464 5241 1560 5295 καὶ
1591 5240 1764 5303 οὕτως
1795 5239 2022 5293 πάντοτε
2055 5242 2151 5295 σὺν

2252 4517 2877 4590 inquit,carnivorarum
2906 4514 3087 4568 avium
3111 4529 3303 4583 greges
3321 4514 3680 4569 stridentibus
3710 4516 3814 4570 alis

2253 4617 2308 4670 in
2331 4615 2596 4670 cadavera
2637 4611 2914 4675 devolant,
2954 4611 3036 4665 sic
3073 4611 3234 4664 etiam
3265 4623 3360 4664 vos
3401 4611 3467 4662 ad
3495 4624 3579 4664 me
3611 4625 3816 4665 convo-

2252 4704 2456 4760 labitis.
2497 4700 2651 4767 Quod
2687 4715 2820 4755 sane
2853 4698 3056 4752 Paulus
3107 4713 3326 4768 quoque
3385 4699 3541 4752 nobis
3578 4699 3818 4754 declarat

2253 4794 2345 4850 bis
2374 4790 2603 4846 verbis:
2638 4808 2656 4840 ι
2700 4789 2871 4842 Canet
2914 4787 3060 4843 enim
3099 4788 3248 4850 tuba,
3277 4794 3332 4840 et
3387 4787 3588 4840 mortui
3634 4803 3818 4843 resur-

2255 4890 2384 4955 gent.
2425 4879 2724 4947 incorrupti
2767 4881 2834 4929 ³⁵.
2895 4897 2912 4928 ι
2975 4877 3040 4931 Et
3088 4878 3262 4931 alibi:
3309 4895 3325 4928 ι
3361 4875 3424 4931 Ει
3467 4879 3522 4931 in
3579 4880 3818 4934 nubibus

2255 4972 2537 5043 rapiemur
2569 4969 2784 5022 obviam
2817 4968 3042 5022 Christo
3072 4969 3123 5020 in
3166 4983 3313 5027 aera.
3369 4979 3422 5023 et
3478 4969 3558 5024 sic
3602 4984 3819 5039 semper

2256 5077 2380 5118 cum
2412 5061 2642 5116 Domino
2672 5061 2878 5113 erimus
2909 5060 2978 5112 ".
3023 5079 3039 5110 ι
3095 5059 3235 5113 Nihil
3273 5075 3406 5130 ergo
3455 5061 3652 5115 rationi
3687 5061 3822 5114 veri-

2257 5153 2392 5208 tatis
2435 5149 2621 5214 ot'ﬁcit,
2664 5149 2812 5218 quod
2853 5164 2918 5202 ex
2978 5148 3333 5203 similitudine
3378 5149 3446 5202 ad
3489 5164 3603 5203 rem
3638 5145 3822 5215 expri-

2258 5243 2510 5298 mendam
2546 5241 2856 5295 traductum
2891 5246 2992 5293 est.

589 5338 778 5407 Κυρίῳ
818 5333 1072 5405 ἐσόμεθα.
1105 5349 1123 5384 ι
1181 5333 1447 5402 Ἀδικήσει
1472 5331 1763 5401 τοιγαροῦν
1790 5328 1940 5383 οὐδὲν
1987 5330 2048 5384 τὸ
2096 5330 2155 5396 ἐξ
2190 5333 2498 5406 ὁμοιώσεως
2540 5334 2620 5394 εἰς
2665 5332 2848 5385 εἰκόνα
2889 5329 3090 5400 ληφθὲν
3129 5330 3226 5400 τῆς
3264 5326 3520 5396 ἀληθείας
3576 5326 3676 5396 τήν
3736 5326 3831 5379 δύ-

596 5451 772 5486 ναμιν.

706 5451 720 5485 ι
757 5470 772 5486 .

788 5523 854 5578 δὲ
883 5519 963 5593 ἦν
993 5521 1062 5574 ἐν
1094 5519 1218 5585 τοῖς
1255 5519 1684 5588 Ἰεροσολύμοις
1719 5517 1790 5571 ἐν
1811 5534 1890 5582 τῳ
1917 5517 2150 5588 Πάσχα,

2334 5512 2398 5578 ll,
2425 5512 2515 5566 23.
2556 5509 2688 5564 Cum
2721 5519 2897 5564 autem
2931 5522 3062 5564 esset
3093 5501 3475 5571 Hierosolymis
3507 5506 3557 5558 in
3599 5505 3824 5570 Pascha,

686 5709 727 5738 "
757 5707 940 5763 Matth.
983 5723 1091 5772 xw,
1139 5707 1221 5772 10-,
1259 5705 1341 5759 12.
1417 5708 1460 5738 ³³
1492 5704 1680 5758 Matth.
1712 5719 1860 5768 xxxv,
1893 5702 1983 5756 28.
2059 5701 2104 5732 ’δ
2138 5697 2312 5753 lCor.
2345 5711 2432 5759 xv,
2464 5692 2554 5747 52.
2631 5693 2672 5721 ³⁵
2709 5691 2724 5742 1
2764 5689 2958 5743 Thess.
2992 5704 3062 5755 Iv,
3096 5689 3182 5741 16.
