4090 6266
383 373 498 432 9.30

393 581 569 634 dentes
599 578 749 646 signa
780 574 894 643 eius
922 585 1037 641 qua:
1073 568 1321 638 faciebat.

468 669 587 724 Non
613 675 796 723 cessat
821 665 1077 720 Christus
1119 661 1331 726 salvare
1352 666 1407 714 et
1437 659 1650 727 juvare.
1676 656 1957 726 Sapientes

393 766 536 820 enim
592 758 775 815 verbis
824 754 1056 817 inducit,
1109 752 1247 806 alios
1301 750 1459 822 1M
1504 750 1687 804 divina
1742 760 1959 818 quoque

394 857 595 908 virtute
645 846 971 920 percellens,
1006 843 1072 898 ad
1116 842 1273 896 ﬁdem
1336 838 1628 909 pertrahit,
1681 835 1959 905 adigitque

372 930 456 998 ἰιι
483 959 553 999 ex
581 942 704 1010 ejus
747 936 1028 1009 operibus,
1053 947 1285 1003 quorum
1319 929 1421 1000 ipsi
1461 934 1800 999 spectatores
1841 925 1960 980 fuco

396 1043 541 1097 rant,
576 1032 746 1087 Deum
779 1044 902 1085 esse
941 1040 1131 1081 revera
1160 1022 1386 1079 credant
1419 1037 1570 1087 eum,
1603 1020 1696 1089 qui
1728 1033 1818 1074 res
1847 1024 1956 1071 tam

397 1120 746 1194 admirabiles
791 1116 977 1172 faciat.

429 1214 530 1277 ‘ll,
571 1197 658 1265 24.
705 1208 827 1278 Ipse
866 1218 1040 1261 autem
1084 1202 1241 1258 Iesus
1315 1217 1418 1254 non
1469 1198 1707 1254 credebat
1783 1206 1960 1252 semet-

397 1307 567 1373 ipsum
598 1301 695 1354 eis.

465 1393 630 1448 Certa
658 1405 765 1444 non
793 1393 878 1443 est
905 1403 1092 1444 eorum
1127 1385 1365 1455 cognitio
1388 1384 1482 1454 qui
1512 1397 1687 1452 nuper
1715 1380 1961 1435 credide-

399 1491 545 1547 runt,
573 1481 666 1537 sed
703 1493 884 1549 neque
918 1494 1080 1534 =mens
1111 1479 1246 1532 satis
1274 1476 1486 1530 ﬁrmata
1527 1482 1612 1529 est
1649 1471 1962 1528 recentibus

402 1567 710 1627 miraculis.
741 1568 950 1636 Quibus
977 1567 1130 1621 enim
1155 1574 1307 1622 tener
1334 1563 1513 1618 adhuc
1541 1570 1628 1617 est
1657 1575 1841 1616 sermo
1870 1573 1963 1613 ca-

397 1664 705 1728 techescos,
732 1659 1007 1730 quomodo
1027 1657 1252 1712 stabiles
1287 1655 1341 1710 in
1368 1656 1568 1723 pietate
1591 1651 1702 1722 jam
1731 1650 1966 1706 fuerint?

398 1754 648 1810 Nondum
692 1752 864 1823 igitur
907 1765 966 1806 se
998 1748 1220 1803 novitiis
1264 1746 1442 1801 credit
1479 1745 1754 1808 Christus,
1779 1750 1966 1798 osten-

1390 360 1447 414 s.
1485 359 1763 416 CYRILLI
1803 353 2268 413 ALEXANDRINI
2299 336 2615 410 ARCHlEl’.

2132 653 2205 706 Ού
2249 649 2542 719 καταλήγει
2586 643 2862 706 διασώζων
2911 638 3004 692 καὶ
3043 634 3268 704 ὠφελῶν
3315 634 3342 684 6
3376 634 3627 704 Χριστός.

2061 742 2200 805 Τοὺς
2237 741 2334 811 μὲν
2375 739 2480 809 γὰρ
2508 735 2701 804 σοφοὺς
2735 731 2997 798 ἐπάγεται
3041 725 3254 794 λόγοις,
3304 726 3430 788 τοὺς
3460 725 3517 777 δὲ
3540 727 3633 779 καὶ

2037 833 2286 902 ,δυνάμει
2329 827 2722 896 καταπλήττων
2767 819 3091 890 θεοπρεπεῖ,
3159 815 3450 886 σαγηνεύει
3496 816 3632 884 πρὸς

2063 922 2241 975 πίστιν
2259 961 2273 984 ,
2311 919 2369 985 ἐξ
2389 911 2464 972 ὧν
2490 912 2814 987 ἐνεργοῦντα
2837 909 3117 963 τεθέανται
3152 903 3472 960 κατανεύειν
3499 907 3631 957 diva-'-

2063 1009 2458 1080 πεπεισμένους
2479 1049 2491 1070 ,
2521 1006 2709 1072 ὅτιπερ
2741 1001 2907 1062 ὅντως
2934 991 3167 1068 ὑπάρχοι
3200 995 3331 1058 Θεὸς
3363 997 3390 1047 6
3413 995 3520 1047 τῶν
3541 995 3632 1048 δν-

2060 1121 2166 1167 τως
2194 1100 2534 1169 ἁξιαγάστων
2569 1092 2916 1166 δημιουργός.

2131 1193 2324 1257 Αὐτὸς
2350 1189 2416 1242 δὲ
2452 1191 2483 1242 ό
2519 1185 2749 1253 Ἰησοῦς
2780 1185 2889 1237 οὐκ
2921 1180 3236 1234 ἐπίστευεν
3269 1175 3486 1228 ἑαυτὸν
3523 1177 3630 1228 αὺ-

2061 1284 2203 1350 τοῖς.

2133 1375 2245 1428 Ούκ
2274 1372 2516 1440 ἀσφαλὴς
2552 1370 2585 1439 ἡ
2637 1367 2834 1436 γνῶσις
2885 1367 2918 1435 ἡ
2959 1364 3066 1417 τῶν
3108 1364 3231 1434 ἄρτι
3275 1359 3631 1414 πεπιστευκό-

2063 1482 2201 1529 των,
2248 1463 2362 1515 ὀιλλ⁵
2414 1461 2532 1512 ούδέ
2573 1457 2856 1528 ἱδρυμένος
2899 1458 2927 1507 6
2970 1454 3092 1516 νοῦς
3145 1453 3238 1504 ἐπὶ
3280 1453 3490 1520 νεαροῖς
3522 1451 3633 1512 τοῖς

2065 1547 2344 1625 θαύμασι·
2397 1551 2491 1604 καὶ
2531 1552 2578 1602 οἱ
2619 1548 2818 1618 τρόπον
2855 1546 2974 1598 τινὰ
3029 1543 3235 1614 χλωρὸν
3290 1543 3369 1594 ἐτι
3408 1541 3497 1593 τὸν
3537 1541 3634 1608 τῆς

2065 1644 2418 1714 κατηχήσεως
2451 1641 2662 1709 ἔχοντες
2702 1637 2887 1705 λόγον,
2939 1635 3054 1697 πῶς
3083 1633 3146 1687 ἂν
3179 1629 3285 1685 εἷεν
3317 1633 3416 1702 ήδη
3451 1642 3634 1698 πεπηά

2066 1739 2221 1806 γότες
2253 1739 2329 1798 εἰς
2357 1733 2638 1787 εὐλάϐειαν
2665 1747 2678 1794 ;
2724 1729 2888 1782 Οῦπω
2922 1726 3209 1796 τοιγαροῦν
3245 1724 3356 1786 τοῖς
3384 1722 3635 1791 νεήλυσιν

399 1848 535 1901 dens
576 1811 835 1912 magtium
889 1839 1149 1910 quiddam
1187 1845 1242 1892 et
1279 1835 1641 1907 expetendum
1687 1847 1812 1887 esse
1855 1832 1968 1887 sin-

2074 1829 2257 1883 ἐαυτδν
2314 1824 2599 1894 ἐπιτρέπει
2653 1818 2918 1890 Χριστὸς,
2966 1817 3155 1887 χρῆμά
3203 1831 3253 1866 τι
3306 1814 3478 1883 μέγα,
3545 1811 3638 1863 καὶ

400 1951 588 1991 cerum
621 1934 676 1988 in
722 1931 889 1987 Deum
939 1942 1206 1992 amorem,
1239 1943 1341 1981 nec
1370 1932 1591 1996 repente
1635 1923 1833 1987 cuivis,
1867 1921 1964 1978 sed

401 2027 587 2081 studio
613 2033 668 2080 et
693 2021 1085 2092 exercitatione
1119 2019 1342 2073 virtutis
1385 2032 1449 2071 ac
1487 2026 1726 2086 tempore
1753 2013 1962 2083 perﬁci.

401 2119 630 2174 Discant
662 2117 853 2186 itaque
889 2112 1020 2167 hinc
1050 2111 1254 2180 quibus
1292 2109 1501 2164 credita
1539 2115 1668 2162 sunt
1707 2105 1803 2160 Dei
1843 2119 1964 2174 my-

403 2209 594 2274 steria,
656 2207 802 2262 intra
838 2219 996 2260 sacra
1035 2203 1154 2258 vela
1196 2202 1966 2269 hominem-praemature‘non

401 2299 730 2361 admittere,
783 2298 962 2366 neque
1027 2293 1334 2364 neophytos
1387 2303 1485 2345 eos
1537 2289 1712 2343 sacris
1763 2286 1968 2342 mensis

403 2392 662 2447 adhibere
718 2389 812 2460 qui
861 2386 1242 2456 intempestive
1285 2384 1652 2454 baptizautur,
1684 2387 1739 2435 et
1770 2379 1968 2449 quibus

400 2483 610 2540 Christi
639 2481 888 2537 omnium
926 2477 1140 2533 Domini
1173 2476 1306 2531 ﬁdes
1340 2484 1668 2546 praemature
1704 2471 1967 2526 creditur.

402 2574 473 2630 Ut
511 2574 658 2628 enim
700 2571 869 2641 ﬁgura
897 2569 987 2623 hic
1019 2568 1186 2623 etiam
1219 2567 1381 2621 nobis
1427 2572 1593 2625 esset,
1637 2563 1970 2630 doceretque

403 2667 625 2736 quinam
659 2663 1002 2734 potissimum
1049 2661 1121 2716 sit
1167 2657 1490 2720 initiandus,
1519 2655 1804 2710 credentes
1833 2653 1972 2722 qui-

404 2757 527 2811 dem
560 2752 814 2822 suscipit,
843 2750 938 2806 sed
981 2749 1223 2804 nondum
1269 2748 1352 2802 eis
1398 2745 1675 2800 conﬁdere
1716 2742 1968 2805 videtur,

407 2862 472 2902 eo
503 2845 648 2916 quod
681 2845 920 2913 seipsum
956 2855 1064 2896 non
1099 2839 1323 2900 credat,
1360 2844 1422 2892 ut
1483 2837 1610 2890 hinc
1641 2841 1839 2902 pateat,
1870 2845 1972 2886 no-

404 2940 552 2994 vitiis
597 2939 652 2991 in
696 2935 800 2991 ﬁde
838 2948 944 2988 non
977 2932 1178 3001 exiguo
1225 2941 1471 2999 tempore
1519 2927 1664 2980 inter
1708 2924 1971 2977 catechu-

405 3045 601 3085 mcnos
626 3041 750 3084 esse
779 3023 1129 3090 versandum,
1159 3021 1417 3092 quoniam
1440 3017 1526 3074 vel
1551 3017 1631 3072 sic
1662 3014 1751 3069 vix
1785 3013 1973 3068 ﬁdeles

403 3121 620 3178 evasuri
645 3127 794 3176 sunt.

475 3383 544 3445 ll,
589 3380 781 3436 «ξι-οε.
844 3377 924 3435 Eo
968 3363 1106 3449 quod
1147 3377 1256 3444 ipse
1303 3383 1476 3429 nosset
1513 3389 1723 3437 omnes,
1760 3380 1808 3424 et
1849 3370 1974 3440 quia

407 3491 534 3541 opus
569 3474 619 3526 ei
642 3488 746 3527 non
772 3478 908 3536 erat,
942 3481 999 3523 ut
1047 3470 1164 3538 quis
1211 3467 1567 3522 testimonium
1604 3464 1887 3532 perhiberet
1911 3460 1975 3515 de

406 3565 654 3620 homine:
695 3564 803 3632 ipse
829 3562 969 3615 enim
1001 3559 1196 3614 sciebat
1237 3558 1362 3628 quid
1396 3565 1529 3611 esset
1559 3558 1611 3609 in
1641 3555 1865 3608 homine.

480 3737 605 3793 llaec
636 3749 853 3806 quoque
895 3734 1154 3806 dignitas,
1187 3734 1264 3788 uti
1297 3739 1351 3787 et
1385 3738 1595 3786 caeterae
1618 3744 1738 3800 quae
1764 3740 1892 3783 sunt
1921 3729 1974 3781 in

408 3830 651 3892 Christo,
682 3826 790 3882 Deo
827 3825 1108 3895 competit,
1137 3837 1236 3878 nec
1267 3822 1323 3877 in
1359 3822 1467 3876 ulla
1499 3836 1559 3876 re
1599 3827 1784 3874 creata
1817 3833 1976 3888 repe-

411 3918 569 3971 ritur.
599 3911 715 3970 Soli
749 3913 894 3968 enim
928 3911 1038 3966 Deo
1062 3925 1192 3967 vero
1223 3911 1398 3978 ipsam
1435 3909 1626 3965 tribuit
1661 3907 1975 3973 Psalmista,

411 4008 644 4062 dicens:
683 4024 700 4058 ι
742 4004 849 4072 Qui
895 4003 1052 4058 ﬁnxit
1087 4005 1368 4075 sigillatim
1412 4001 1580 4076 corda
1608 4013 1797 4056 eorum
1833 4015 1848 4053 :
1886 3999 1978 4067 qui

413 4102 667 4173 intelligit
721 4100 909 4155 omnia
959 4113 1129 4170 opera
1171 4113 1363 4154 eorum
1398 4097 1468 4152 “.
1511 4113 1530 4148 ι
1576 4095 1735 4162 Quod
1787 4094 1834 4149 si
1867 4092 1980 4148 Deo

411 4195 530 4248 solo
561 4207 684 4264 quae
711 4191 767 4245 in
801 4189 966 4246 nobis
999 4197 1128 4245 sunt
1159 4188 1516 4258 intelligente,
1541 4185 1796 4241 Christus
1824 4183 1982 4238 intel-

415 4284 554 4355 ligit,
607 4281 882 4353 quomodo
911 4296 1021 4336 non
1068 4281 1175 4334 erit
1203 4277 1503 4334 secundum
1533 4285 1784 4330 naturam
1816 4274 1976 4338 Deus,

2066 1919 2178 1983 άξιε
2191 1916 2513 1988 ραστότατον
2551 1911 2854 1972 ἐπιδεικνὺς
2881 1907 2978 1978 τὴν
3025 1908 3103 1968 εἰς
3129 1905 3260 1958 Θεὸν
3287 1903 3633 1973 γνησιότητα,

2066 2012 2159 2062 καὶ
2202 2009 2299 2076 οὐχ
2346 2004 2575 2072 ἑτοίμως
2625 1999 2946 2070 προκεῖσθαι
2999 2000 3110 2059 τοῖς
3151 1996 3424 2048 ἐθέλουσιν
3478 1994 3634 2057 ἑλεῖν,

2067 2103 2182 2157 ἀλλ’
2228 2099 2410 2168 ἐφέσει
2446 2100 2513 2167 τῇ
2549 2097 2628 2157 εἰς
2662 2093 2890 2161 ἀγαθὸν,
2935 2092 3027 2144 καὶ
3073 2089 3271 2160 μελέτῃ
3329 2090 3422 2141 καὶ
3463 2087 3639 2156 χρόνῳ

2067 2189 2525 2262 κατορθουμένην.
2572 2184 3007 2239 Μανθανέτωσαν
3051 2181 3136 2233 διὰ
3188 2179 3393 2232 τούτων
3440 2180 3486 2229 oi
3530 2177 3637 2228 τῶν

2067 2285 2159 2338 τοῦ
2210 2285 2458 2352 Σωτῆρος
2494 2277 2805 2349 μυστηρίων
2841 2274 3062 2344 ταμίαι,
3116 2273 3189 2342 μὴ
3236 2272 3483 2342 πρόωρον
3531 2269 3638 2321 τῶν

2072 2373 2228 2442 ἱερῶν
2265 2366 2772 2436 καταπετασμάτων
2813 2364 2942 2415 εἵσω
2988 2360 3258 2413 ποιεῖσθαι
3296 2359 3387 2410 τὸν
3430 2358 3640 2428 ἄνθρωέ-

2070 2473 2170 2517 πον
2195 2507 2207 2528 ,
2265 2461 2398 2532 μηδὲ
2450 2457 2740 2527 νεοφύτους
2777 2457 2893 2516 ταῖς
2929 2453 3100 2514 θείαις
3125 2451 3439 2518 ἐπιτρέπειν
3474 2464 3642 2518 προσ-

2074 2557 2209 2609 ιέναι
2249 2551 2547 2625 τραπέζαις
2570 2549 2706 2618 ἀωρὶ
2737 2544 3163 2615 βαπτιζομένους
3196 2541 3375 2604 τινὰς,
3425 2543 3516 2592 καὶ
3543 2541 3643 2592 οὐκ

2071 2650 2127 2701 ἐν
2179 2643 2358 2715 καιρῷ
2414 2643 2506 2694 τὸν
2575 2639 2825 2693 ἁπάντων
2882 2634 3156 2703 Δεσπότην
3222 2631 3644 2701 πιστευομένους

2071 2737 2320 2807 Χριστόν.
2364 2735 2480 2785 Ἵνα
2516 2730 2623 2800 γὰρ
2661 2729 2826 2790 τύπος
2864 2728 2995 2796 ἡμῖν
3034 2725 3136 2778 κᾶν
3179 2723 3355 2792 τούτῳ
3394 2723 3640 2791 γένηται,

2073 2826 2168 2879 καὶ
2193 2824 2377 2896 διδάξῃ
2398 2821 2502 2874 τίνι
2533 2817 2730 2889 μᾶλλόν
2755 2819 2868 2868 ἐστι
2893 2814 2952 2866 τὸ
2983 2811 3234 2883 μυεῖσθαι
3266 2811 3642 2880 πρεπωδέστε-

2076 2934 2186 2990 ρον,
2227 2916 2438 2984 δέχεται
2458 2911 2565 2981 -μέν
2591 2909 2718 2970 τοὺς
2755 2905 3142 2970 πιστεύοντας,
3186 2902 3338 2955 οὔπω
3373 2900 3430 2954 δέ
3460 2901 3643 2962 αὐτοῖς

2074 3007 2462 3076 ἀποθαρσήσας
2492 3003 2713 3072 ὁρᾶται,
2764 2997 2852 3051 διὰ
2885 2996 2979 3050 τοῦ
3013 2995 3087 3066 μὴ
3121 2993 3394 3049 πιστεύειν
3421 2991 3641 3044 έιιιυτόν⁹

2073 3101 2148 3164 ὡς
2183 3094 2319 3150 εἶναι
2354 3094 2508 3163 δῆλον
2537 3088 2811 3152 ἐντεῦθεν,
2865 3088 2945 3140 ὅτι
2983 3087 3089 3157 χρὴ
3133 3085 3258 3147 τοὺς
3285 3083 3546 3152 νεήλυδας
3583 3081 3644 3132 οὐ

1999 3182 2042 3240 C
2080 3189 2272 3263 μικρὸν
2300 3189 2356 3240 ἐν
2384 3183 2685 3254 κατηχήσει
2708 3177 2988 3251 τρίϐεσθαι
3017 3177 3209 3247 χρόνον
3232 3191 3248 3206 ν
3275 3175 3416 3228 οὕτω
3440 3173 3548 3242 γὰρ
3582 3171 3650 3225 ἂν

2078 3283 2231 3354 μόλις
2264 3279 2504 3346 γένοιντο
2531 3277 2588 3326 ἐν
2614 3272 2810 3324 πίστει.

2143 3373 2246 3427 Διὰ
2281 3369 2347 3423 τὸ
2387 3366 2580 3421 ἀὑτὸν
2633 3361 2953 3435 γινώσκειν
2995 3359 3260 3426 πάντας,
3310 3357 3411 3411 καὶ
3447 3356 3536 3409 ὅτι
3576 3356 3650 3408 οὔ

2075 3464 2283 3535 χρείαν
2312 3457 2505 3527 εἶχέν,
2551 3459 2652 3510 ἵνα
2699 3473 2788 3520 τις
2829 3451 3185 3522 μαρτυρήσῃ
3223 3449 3353 3516 περὶ
3407 3448 3513 3501 τοῦ
3546 3447 3650 3501 ἁν-

2075 3556 2309 3624 θρώπου
2334 3568 2347 3582 ·
2395 3549 2575 3614 αὐτὸς
2620 3547 2729 3617 γὰρ
2776 3545 3064 3615 ἐγίνωσκε
3107 3543 3165 3594 τί
3201 3537 3279 3610 ἦν
3320 3540 3388 3592 ἐν
3433 3537 3512 3604 τῷ
3553 3539 3652 3593 (ira

2084 3645 2312 3714 θρώπφ.
2403 3687 2406 3692 .

2147 3732 2462 3805 Θεοπρεπές
2500 3731 2594 3784 καὶ
2629 3728 2785 3782 τοῦτο
2828 3726 2964 3798 μετὰ
2988 3725 3095 3779 τῶν
3125 3723 3298 3778 ἄλλων
3342 3723 3399 3794 ἐν
3433 3719 3651 3792 Χριστῷ

2077 3830 2138 3881 τὸ
2191 3826 2442 3896 ἀξίωμα,
2511 3823 2605 3877 καὶ
2651 3823 2817 3875 οὐδενὶ
2863 3819 2972 3873 τῶν
3031 3816 3273 3887 γενητῶν
3328 3814 3649 3886 ἐνυπάρχον.

2077 3920 2239 3988 Μόνῳ
2272 3916 2380 3986 γὰρ
2420 3915 2551 3968 αὐτὸ
2591 3913 2668 3984 τῷ
2718 3914 2837 3966 κατ’
2879 3910 3139 3980 ἀλήθειαν
3171 3909 3281 3963 ὄντι
3321 3905 3439 3977 Θεῷ
3486 3921 3652 3976 προσ-

2079 4011 2238 4065 άπτει
2274 4008 2449 4076 λέγων
2485 4007 2514 4059 6
2544 4003 2885 4076 Ψαλμῳδός·
2919 4022 2937 4054 ι
2977 4002 3038 4055 '0
3067 4001 3278 4062 πλάσας
3314 3997 3456 4052 κατὰ
3491 3998 3654 4067 μόνας

2078 4102 2176 4165 τὰς
2232 4098 2456 4170 καρδίας
2504 4097 2712 4160 αὐτῶν,
2757 4093 2785 4144 6
2830 4093 3032 4156 συνιεὶς
3077 4093 3157 4154 εἱς
3191 4091 3367 4145 πάντα
3403 4088 3473 4142 τά
3517 4087 3653 4158 ἔργα

2079 4191 2278 4244 αὐτῶν.
2309 4209 2326 4241 ι
2367 4188 2428 4242 Εἰ
2459 4188 2515 4241 δὲ
2546 4187 2707 4258 μόνου
2740 4185 3011 4246 συνιέντος
3039 4183 3104 4236 τὰ
3141 4183 3198 4236 ἐν
3236 4183 3366 4252 ήμῖν
3395 4177 3490 4232 τοῦ
3517 4174 3652 4230 Θεοῦ

2084 4280 2327 4349 συνίησιν
2356 4280 2384 4332 6
2413 4277 2648 4348 Χριστός
2677 4293 2690 4306 ·
2724 4275 2841 4338 πῶς
2867 4275 2967 4328 οὐκ
2988 4273 3140 4325 ἐσται
3168 4272 3309 4325 κατὰ
3337 4269 3496 4338 φύσιν
3525 4265 3654 4329 Θεὸς

413 4379 507 4448 qui
539 4376 720 4432 abdita
755 4375 930 4439 novit,
952 4385 1008 4428 et.
1039 4373 1147 4425 alta
1177 4369 1464 4441 cognoscit
1497 4375 1551 4422 et
1587 4382 1810 4430 arcana,
1841 4366 1974 4420 sicut

2082 4372 2110 4422 6
2147 4369 2254 4423 τῶν
2291 4367 2545 4440 κρυπτῶν
2579 4365 2854 4436 γνώστης,
2891 4365 2984 4444 καὶ
3023 4363 3307 4432 γινώσκων
3355 4361 3523 4432 βαθέα
3565 4361 3655 4414 καὶ

415 4469 680 4538 scriptum
710 4467 831 4522 est?
871 4485 889 4518 ι
930 4464 1066 4531 Quis
1093 4463 1236 4518 enim
1266 4461 1549 4514 hominum
1578 4460 1683 4514 scit
1709 4474 1834 4527 qua:
1855 4465 1974 4512 sunt

2085 4461 2397 4532 ἀπόκρυφα,
2423 4456 2564 4511 καθὰ
2596 4457 2937 4528 γέγραπται;
2978 4474 2995 4506 ι
3020 4455 3115 4517 Τίς
3145 4453 3251 4524 γὰρ
3281 4449 3420 4506 οἶδεν
3445 4449 3653 4522 ἀνθρώ-

413 4557 800 4621 hontinismisi
833 4556 1062 4625 spiritus
1082 4552 1453 4622 hominis,qui
1484 4553 1540 4604 in
1574 4549 1693 4618 ipso
1722 4526 1804 4605 est
1831 4550 1924 4601 9’?
1959 4568 1974 4598 ι

2091 4568 2208 4605 πων
2233 4526 2419 4603 τὰντοῦ
2448 4526 2738 4620 ἀνθρώπου
2757 4589 2771 4613 ,
2811 4548 2859 4599 εί
2890 4547 2965 4618 μὴ
2991 4547 3050 4600 τὸ
3081 4545 3295 4616 πνεῦμα
3328 4544 3420 4598 τοῦ
3452 4541 3657 4613 ἀνθρὼ-

415 4644 549 4700 Qum
575 4654 757 4700 autem
785 4645 971 4699 nullus
992 4643 1153 4706 sciat,
1184 4643 1334 4698 solus
1358 4657 1468 4696 non
1500 4640 1778 4712 ignora-bit
1797 4639 1938 4697 Deus
1965 4659 1977 4695 :

417 4753 594 4806 neque
640 4737 785 4792 enim
817 4737 872 4791 in
907 4738 1286 4791 universorum
1323 4748 1553 4789 numero
1585 4733 1884 4789 collocatur
1917 4733 1984 4789 de
2019 4789 2023 4794 ,

417 4827 616 4896 quibus
654 4826 851 4880 merito
879 4825 1115 4891 dicatur,
1151 4844 1170 4875 ι
1201 4827 1408 4893 nullus,
1441 4845 1461 4878 ι
1486 4823 1580 4880 sed
1611 4831 1766 4880 extra
1797 4825 1981 4880 omnia

417 4925 521 4977 est,
549 4922 604 4970 et
633 4916 816 4968 omnia
863 4915 966 4970 sub
991 4917 1219 4984 pedibus
1251 4918 1373 4986 ejus
1395 4917 1459 4971 ’⁸.
1490 4916 1729 4986 ldipsutn
1763 4931 1983 4988 quoque

419 5005 622 5061 Paulus
656 5006 949 5062 testabitur
983 5007 1175 5062 dicens
1214 5023 1228 5058 :
1269 5025 1288 5058 ι
1330 5007 1495 5062 Vivus
1517 5017 1600 5064 est
1623 5007 1767 5062 enim
1804 5021 1985 5063 sermo

423 5097 511 5150 Dei
565 5103 618 5152 et
666 5094 873 5160 ellicax,
903 5105 955 5151 et
993 5096 1149 5168 145
1187 5097 1584 5166 penetrabilior
1615 5096 1764 5149 omni
1801 5096 1987 5165 gladio

422 5189 668 5260 ancipiti,
703 5197 756 5244 et
790 5191 1111 5260 pertingens
1146 5203 1318 5258 usque
1344 5187 1412 5242 ad
1441 5187 1764 5242 divisionem
1792 5187 1988 5241 animae

423 5299 486 5338 :tc
535 5282 783 5352 spiritus,
814 5295 1134 5350 compagqu
1170 5295 1388 5349 quoque
1425 5293 1488 5332 ac
1520 5277 1904 5341 medullarum,
1934 5284 1989 5331 et

424 5376 689 5429 discretor
717 5371 1112 5444 cogitationum
1164 5377 1218 5424 et
1267 5369 1633 5424 iutentionum
1689 5367 1895 5423 cordis.
1926 5365 1993 5420 Et

429 5480 532 5518 non
561 5473 640 5520 est
664 5463 770 5519 ulla
805 5475 1057 5520 creatura
1086 5460 1386 5516 invisibilis
1423 5460 1479 5513 in
1503 5469 1797 5528 conspectu
1827 5457 1983 5528 ejus:

425 5559 605 5612 omnia
645 5567 824 5613 autem
859 5557 1005 5612 nuda
1035 5563 1089 5610 et
1119 5559 1306 5626 aperta
1344 5559 1472 5607 sunt
1500 5552 1675 5608 oculis
1710 5552 1828 5623 ejus
1853 5553 1920 5604 ".
1961 5571 1979 5602 ι

491 5737 537 5772 ³⁸
579 5732 722 5787 l‘sal.
764 5749 934 5799 urit,
980 5735 1064 5789 15.
1139 5734 1180 5764 ⁸⁷
1215 5730 1236 5787 l
1266 5731 1476 5797 Cor.tt,
1521 5732 1607 5787 il.

2091 4657 2192 4694 που
2226 4640 2284 4692 τὸ
2323 4643 2380 4693 ἐν
2420 4639 2568 4710 αὐτῷ
2593 4655 2607 4704 ;
2636 4659 2654 4691 ι
2703 4637 2917 4701 Είδότος
2958 4637 3015 4690 δὲ
3054 4636 3301 4698 οὐδενὸς,
3351 4634 3508 4704 μόνος
3559 4633 3656 4685 οὐκ

2092 4733 2348 4802 ἀγνοήσει
2368 4732 2520 4794 Θεὸς,
2554 4733 2672 4783 ἐπεὶ
2701 4729 2835 4802 μηδέ
2865 4732 2922 4783 ἐν
2942 4731 3052 4792 τοῖς
3079 4730 3210 4782 πᾶσι
3241 4720 3657 4796 καταριθμεῖται

2093 4841 2252 4887 ποτε,
2293 4821 2414 4876 καθ’
2447 4815 2521 4875 ὧν
2557 4821 2622 4875 ἂν
2655 4821 2881 4884 εἰκότως
2909 4820 3126 4888 φέροιτο
3162 4818 3222 4871 τὸ
3257 4836 3274 4869 ι
3303 4815 3499 4878 οὐδεὶς,
3531 4833 3548 4866 ι
3583 4813 3658 4874 ὼς

2088 4913 2143 4966 δὲ
2171 4912 2274 4978 ἐξω
2310 4912 2558 4977 πάντων,
2604 4911 2696 4965 καὶ
2728 4911 2903 4964 πάντα
2950 4910 3055 4963 ὑπὸ
3087 4910 3252 4971 πόδας
3293 4908 3497 4960 εἴσεται
3533 4905 3655 4976 [ἷσ.

2090 5001 2375 5072 micent].
2402 5002 2757 5074 Μαρτυρήσει
2785 5001 2842 5054 δὲ
2869 5001 2962 5053 καὶ
2989 5002 3017 5053 6
3050 4999 3260 5062 Παῦλος
3288 4997 3480 5064 λέγων’
3509 5015 3526 5048 t
3547 4995 3659 5048 Ζῶν

2092 5095 2200 5166 γὰρ
2245 5093 2274 5144 6
2316 5094 2471 5162 λόγος
2508 5094 2602 5146 τοῦ
2631 5092 2765 5146 Θεοῦ
2813 5091 2907 5145 καὶ
2935 5091 3190 5161 ἐνεργὴς,
3239 5091 3332 5143 καὶ
3357 5090 3662 5160 τομώτερος

2096 5185 2235 5256 ὑπὲρ
2254 5187 2432 5239 πᾶσαν
2458 5186 2734 5256 μάχαιραν
2752 5183 3024 5252 δίστομον,
3044 5183 3137 5235 καὶ
3152 5181 3524 5252 διικνούμενος
3537 5182 3662 5250 ἄχρι

2101 5276 2366 5347 μερισμοῦ
2395 5277 2573 5346 ψυχῆς
2606 5276 2701 5330 καὶ
2733 5274 3041 5344 πνεύματος
3059 5315 3071 5334 .
3114 5272 3304 5345 ἁρμῶν
3328 5290 3385 5325 τε
3411 5272 3503 5324 καὶ
3530 5285 3659 5339 μυε-

2098 5367 2225 5432 λῶν,
2254 5369 2348 5422 καὶ
2375 5369 2617 5439 κριτικὸς
2651 5365 3001 5435 ἐνθυμήσεων
3029 5365 3124 5419 καὶ
3163 5362 3378 5416 ἐννοιῶν
3416 5358 3656 5428 καρδίας.

2097 5462 2206 5516 Καὶ
2241 5463 2340 5515 οὐκ
2379 5461 2493 5514 ἐστι
2531 5461 2706 5525 κτίσις
2736 5458 2946 5530 ἀφανὴς
2984 5457 3210 5512 ἐνώπιον
3239 5450 3400 5505 αὐτοῦ
3423 5464 3436 5478 °
3487 5447 3663 5500 πάντα

2098 5553 2156 5606 δὲ
2179 5569 2245 5621 γυ
2254 5553 2358 5623 μνὰ
2394 5553 2487 5605 καὶ
2505 5551 2974 5622 τετραχηλισμένα
2993 5551 3103 5610 τοῖς
3124 5543 3414 5616 ὀφθαλμοῖς
3439 5537 3658 5593 αὐτοῦ.»

1717 5732 1760 5762 ³⁸
1790 5731 1935 5785 Psal.
1971 5747 2089 5799 vm,
2127 5733 2178 5786 8.
2257 5735 2301 5765 ’³
2335 5732 2501 5787 Hebr.
2537 5749 2608 5797 tv,
2641 5732 2725 5796 19.,
2764 5733 2847 5785 15.
