  <div class='ocr_page' id='page_1' title='image "/cluster/home/n/w/nwhite01/storage/ocr_20150623/73/mdp.39015078384479/128.png"; bbox 0 0 4090 6266; ppageno 0'>
   <div class='ocr_carea' id='block_1_1' title="bbox 403 377 495 429">
    <p class='ocr_par' dir='ltr' id='par_1_1' title="bbox 403 377 495 429">
     <span class='ocr_line' id='line_1_1' title="bbox 403 377 495 429; baseline -0.022 0"><span class='ocrx_word' id='word_1_1' title='bbox 403 377 495 429; x_wconf 69' lang='grc' dir='ltr'><strong>ἳΜ</strong></span> 
     </span>
    </p>
   </div>
   <div class='ocr_carea' id='block_1_2' title="bbox 1473 371 2601 429">
    <p class='ocr_par' dir='ltr' id='par_1_2' title="bbox 1473 371 2601 429">
     <span class='ocr_line' id='line_1_2' title="bbox 1473 371 2601 429; baseline -0.001 0"><span class='ocrx_word' id='word_1_2' title='bbox 1473 376 1539 429; x_wconf 71' lang='lat' dir='ltr'><strong>IN</strong></span> <span class='ocrx_word' id='word_1_3' title='bbox 1577 372 1863 428; x_wconf 71' lang='lat' dir='ltr'><strong>JOANNIS</strong></span> <span class='ocrx_word' id='word_1_4' title='bbox 1898 371 2507 429; x_wconf 68' lang='lat' dir='ltr'><strong>EVANGELIUMLIB.</strong></span> <span class='ocrx_word' id='word_1_5' title='bbox 2539 373 2601 428; x_wconf 90' lang='lat' dir='ltr'><strong>Il.</strong></span> 
     </span>
    </p>
   </div>
   <div class='ocr_carea' id='block_1_3' title="bbox 3500 374 3661 455">
    <p class='ocr_par' dir='ltr' id='par_1_3' title="bbox 3500 374 3661 455">
     <span class='ocr_line' id='line_1_3' title="bbox 3500 374 3661 455; baseline -0.012 -18"><span class='ocrx_word' id='word_1_6' title='bbox 3500 444 3501 455; x_wconf 16' lang='grc' dir='ltr'><strong>γ</strong></span> <span class='ocrx_word' id='word_1_7' title='bbox 3545 374 3661 437; x_wconf 62' lang='grc' dir='ltr'>ειμι·</span> 
     </span>
    </p>
   </div>
   <div class='ocr_carea' id='block_1_4' title="bbox 417 477 1986 555">
    <p class='ocr_par' dir='ltr' id='par_1_4' title="bbox 417 477 1986 555">
     <span class='ocr_line' id='line_1_4' title="bbox 417 477 1986 555; baseline -0.001 -19"><span class='ocrx_word' id='word_1_8' title='bbox 417 482 504 547; x_wconf 81' lang='grc' dir='ltr'><strong>Ὦς</strong></span> <span class='ocrx_word' id='word_1_9' title='bbox 530 482 641 552; x_wconf 87' lang='grc' dir='ltr'><strong>γάρ</strong></span> <span class='ocrx_word' id='word_1_10' title='bbox 672 481 941 550; x_wconf 80' lang='grc' dir='ltr'>φυτεύσας</span> <span class='ocrx_word' id='word_1_11' title='bbox 965 481 1026 534; x_wconf 81' lang='grc' dir='ltr'>τὸ</span> <span class='ocrx_word' id='word_1_12' title='bbox 1076 477 1199 546; x_wconf 81' lang='grc' dir='ltr'>οῦς,</span> <span class='ocrx_word' id='word_1_13' title='bbox 1256 483 1433 538; x_wconf 81' lang='grc' dir='ltr'>πάντα</span> <span class='ocrx_word' id='word_1_14' title='bbox 1461 486 1831 555; x_wconf 68' lang='grc' dir='ltr'>ἱπακροᾶται,</span> <span class='ocrx_word' id='word_1_15' title='bbox 1877 485 1986 538; x_wconf 73' lang='grc' dir='ltr'><strong>ιιιιί⁴</strong></span> 
     </span>
    </p>
   </div>
   <div class='ocr_carea' id='block_1_5' title="bbox 2086 477 3650 555">
    <p class='ocr_par' dir='ltr' id='par_1_5' title="bbox 2086 482 3650 555">
     <span class='ocr_line' id='line_1_5' title="bbox 2086 482 3650 555; baseline 0.004 -20"><span class='ocrx_word' id='word_1_16' title='bbox 2086 482 2237 538; x_wconf 60' lang='lat' dir='ltr'><strong>Audit</strong></span> <span class='ocrx_word' id='word_1_17' title='bbox 2256 485 2403 546; x_wconf 83' lang='lat' dir='ltr'><strong>enim</strong></span> <span class='ocrx_word' id='word_1_18' title='bbox 2437 486 2647 549; x_wconf 88' lang='lat' dir='ltr'><strong>omnia,</strong></span> <span class='ocrx_word' id='word_1_19' title='bbox 2674 490 2734 538; x_wconf 88' lang='lat' dir='ltr'><strong>ut</strong></span> <span class='ocrx_word' id='word_1_20' title='bbox 2769 485 2864 554; x_wconf 86' lang='lat' dir='ltr'><strong>qui</strong></span> <span class='ocrx_word' id='word_1_21' title='bbox 2892 486 3160 555; x_wconf 84' lang='lat' dir='ltr'><strong>plantavit</strong></span> <span class='ocrx_word' id='word_1_22' title='bbox 3181 500 3401 553; x_wconf 86' lang='lat' dir='ltr'><strong>aurem;</strong></span> <span class='ocrx_word' id='word_1_23' title='bbox 3430 496 3484 543; x_wconf 89' lang='lat' dir='ltr'><strong>ct</strong></span> <span class='ocrx_word' id='word_1_24' title='bbox 3513 504 3650 544; x_wconf 86' lang='lat' dir='ltr'><strong>con-</strong></span> 
     </span>
    </p>
   </div>
   <div class='ocr_carea' id='block_1_6' title="bbox 411 572 1980 647">
    <p class='ocr_par' dir='ltr' id='par_1_6' title="bbox 411 572 1980 647">
     <span class='ocr_line' id='line_1_6' title="bbox 411 572 1980 647; baseline 0.003 -19"><span class='ocrx_word' id='word_1_25' title='bbox 411 576 486 639; x_wconf 87' lang='grc' dir='ltr'>ὼς</span> <span class='ocrx_word' id='word_1_26' title='bbox 513 574 724 637; x_wconf 79' lang='grc' dir='ltr'><strong>πλάσας</strong></span> <span class='ocrx_word' id='word_1_27' title='bbox 750 574 840 627; x_wconf 83' lang='grc' dir='ltr'><strong>τὸν</strong></span> <span class='ocrx_word' id='word_1_28' title='bbox 864 572 1137 645; x_wconf 78' lang='grc' dir='ltr'>ὀφθαλμὸν</span> <span class='ocrx_word' id='word_1_29' title='bbox 1153 619 1166 635; x_wconf 83' lang='grc'><strong>,</strong></span> <span class='ocrx_word' id='word_1_30' title='bbox 1199 578 1470 631; x_wconf 81' lang='grc' dir='ltr'>κατανοεῖ.</span> <span class='ocrx_word' id='word_1_31' title='bbox 1510 576 1618 630; x_wconf 79' lang='grc' dir='ltr'><strong>Καὶ</strong></span> <span class='ocrx_word' id='word_1_32' title='bbox 1648 575 1712 647; x_wconf 81' lang='grc' dir='ltr'>δὴ</span> <span class='ocrx_word' id='word_1_33' title='bbox 1736 575 1980 644; x_wconf 77' lang='grc' dir='ltr'>εἰσφέρε-</span> 
     </span>
    </p>
   </div>
   <div class='ocr_carea' id='block_1_7' title="bbox 412 650 1981 737">
    <p class='ocr_par' dir='ltr' id='par_1_7' title="bbox 412 650 1981 737">
     <span class='ocr_line' id='line_1_7' title="bbox 412 650 1981 737; baseline 0.001 -19"><span class='ocrx_word' id='word_1_34' title='bbox 412 682 503 718; x_wconf 87' lang='grc' dir='ltr'><strong>ται</strong></span> <span class='ocrx_word' id='word_1_35' title='bbox 538 664 710 733; x_wconf 78' lang='grc' dir='ltr'>λέγων</span> <span class='ocrx_word' id='word_1_36' title='bbox 753 664 810 716; x_wconf 79' lang='grc' dir='ltr'>ὲν</span> <span class='ocrx_word' id='word_1_37' title='bbox 854 663 1001 717; x_wconf 85' lang='grc' dir='ltr'>Ἰώϐ·</span> <span class='ocrx_word' id='word_1_38' title='bbox 1053 681 1072 716; x_wconf 71' lang='grc' dir='ltr'><strong>ι</strong></span> <span class='ocrx_word' id='word_1_39' title='bbox 1106 665 1203 729; x_wconf 85' lang='grc' dir='ltr'><strong>Τίς</strong></span> <span class='ocrx_word' id='word_1_40' title='bbox 1231 650 1435 730; x_wconf 75' lang='grc' dir='ltr'>οὗτοςό</span> <span class='ocrx_word' id='word_1_41' title='bbox 1464 667 1722 737; x_wconf 80' lang='grc' dir='ltr'>κρύπτων</span> <span class='ocrx_word' id='word_1_42' title='bbox 1757 682 1824 736; x_wconf 83' lang='grc' dir='ltr'><strong>με</strong></span> <span class='ocrx_word' id='word_1_43' title='bbox 1858 666 1981 736; x_wconf 77' lang='grc' dir='ltr'><strong>βουο</strong></span> 
     </span>
    </p>
   </div>
   <div class='ocr_carea' id='block_1_8' title="bbox 417 756 1979 831">
    <p class='ocr_par' dir='ltr' id='par_1_8' title="bbox 417 756 1979 831">
     <span class='ocr_line' id='line_1_8' title="bbox 417 756 1979 831; baseline 0.003 -23"><span class='ocrx_word' id='word_1_44' title='bbox 417 756 543 827; x_wconf 80' lang='grc' dir='ltr'>λὴν,</span> <span class='ocrx_word' id='word_1_45' title='bbox 597 756 897 826; x_wconf 80' lang='grc' dir='ltr'>συνέχωνδὲ</span> <span class='ocrx_word' id='word_1_46' title='bbox 938 756 1156 826; x_wconf 80' lang='grc' dir='ltr'>ῥήματα</span> <span class='ocrx_word' id='word_1_47' title='bbox 1216 759 1275 810; x_wconf 77' lang='grc' dir='ltr'><strong>ἐν</strong></span> <span class='ocrx_word' id='word_1_48' title='bbox 1303 759 1537 831; x_wconf 82' lang='grc' dir='ltr'>καρδίᾳ,</span> <span class='ocrx_word' id='word_1_49' title='bbox 1581 758 1682 829; x_wconf 74' lang='grc' dir='ltr'><strong>ἐμὲ</strong></span> <span class='ocrx_word' id='word_1_50' title='bbox 1733 757 1979 812; x_wconf 81' lang='grc' dir='ltr'>δὲοῖεται</span> 
     </span>
    </p>
   </div>
   <div class='ocr_carea' id='block_1_9' title="bbox 420 846 1982 919">
    <p class='ocr_par' dir='ltr' id='par_1_9' title="bbox 420 846 1982 919">
     <span class='ocr_line' id='line_1_9' title="bbox 420 846 1982 919; baseline -0.001 -20"><span class='ocrx_word' id='word_1_51' title='bbox 420 846 701 919; x_wconf 87' lang='grc' dir='ltr'>κρύπτειν;</span> <span class='ocrx_word' id='word_1_52' title='bbox 727 846 896 898; x_wconf 76' lang='grc' dir='ltr'>ι“”Ἱνα</span> <span class='ocrx_word' id='word_1_53' title='bbox 935 846 1117 899; x_wconf 80' lang='grc' dir='ltr'>τοίνυν</span> <span class='ocrx_word' id='word_1_54' title='bbox 1141 846 1276 901; x_wconf 82' lang='grc' dir='ltr'>Θεὸν</span> <span class='ocrx_word' id='word_1_55' title='bbox 1313 847 1443 902; x_wconf 71' lang='grc' dir='ltr'>ὄντα</span> <span class='ocrx_word' id='word_1_56' title='bbox 1484 848 1627 901; x_wconf 86' lang='grc' dir='ltr'><strong>κατά</strong></span> <span class='ocrx_word' id='word_1_57' title='bbox 1666 846 1830 915; x_wconf 86' lang='grc' dir='ltr'>φύσιν</span> <span class='ocrx_word' id='word_1_58' title='bbox 1860 847 1982 898; x_wconf 74' lang='grc' dir='ltr'>ἑπι-</span> 
     </span>
    </p>
   </div>
   <div class='ocr_carea' id='block_1_10' title="bbox 420 933 1984 1009">
    <p class='ocr_par' dir='ltr' id='par_1_10' title="bbox 420 933 1984 1009">
     <span class='ocr_line' id='line_1_10' title="bbox 420 933 1984 1009; baseline -0.003 -20"><span class='ocrx_word' id='word_1_59' title='bbox 420 935 745 1009; x_wconf 82' lang='grc' dir='ltr'>γινώσκομεν</span> <span class='ocrx_word' id='word_1_60' title='bbox 783 935 875 988; x_wconf 77' lang='grc' dir='ltr'>τὸν</span> <span class='ocrx_word' id='word_1_61' title='bbox 898 936 1055 997; x_wconf 76' lang='grc' dir='ltr'>Υίὸν,</span> <span class='ocrx_word' id='word_1_62' title='bbox 1101 936 1418 1005; x_wconf 81' lang='grc' dir='ltr'>ἀναγκαίως</span> <span class='ocrx_word' id='word_1_63' title='bbox 1444 937 1610 1007; x_wconf 77' lang='grc' dir='ltr'>φησὶν</span> <span class='ocrx_word' id='word_1_64' title='bbox 1642 937 1671 989; x_wconf 84' lang='grc' dir='ltr'><strong>ὁ</strong></span> <span class='ocrx_word' id='word_1_65' title='bbox 1699 933 1984 1003; x_wconf 85' lang='grc' dir='ltr'>εὐαγγελι-</span> 
     </span>
    </p>
   </div>
   <div class='ocr_carea' id='block_1_11' title="bbox 418 1021 1982 1097">
    <p class='ocr_par' dir='ltr' id='par_1_11' title="bbox 418 1021 1982 1097">
     <span class='ocr_line' id='line_1_11' title="bbox 418 1021 1982 1097; baseline -0.001 -20"><span class='ocrx_word' id='word_1_66' title='bbox 418 1025 573 1095; x_wconf 76' lang='grc' dir='ltr'>στήςο.</span> <span class='ocrx_word' id='word_1_67' title='bbox 602 1043 620 1075; x_wconf 76' lang='grc' dir='ltr'><strong>ι</strong></span> <span class='ocrx_word' id='word_1_68' title='bbox 641 1025 761 1079; x_wconf 82' lang='grc' dir='ltr'>Ὅτι</span> <span class='ocrx_word' id='word_1_69' title='bbox 777 1025 967 1096; x_wconf 80' lang='grc' dir='ltr'><strong>χρείαν</strong></span> <span class='ocrx_word' id='word_1_70' title='bbox 988 1026 1088 1078; x_wconf 89' lang='grc' dir='ltr'><strong>οὐκ</strong></span> <span class='ocrx_word' id='word_1_71' title='bbox 1119 1021 1262 1095; x_wconf 69' lang='grc' dir='ltr'>εἶχεν</span> <span class='ocrx_word' id='word_1_72' title='bbox 1286 1026 1374 1080; x_wconf 82' lang='grc' dir='ltr'><strong>ἵνα</strong></span> <span class='ocrx_word' id='word_1_73' title='bbox 1390 1043 1473 1090; x_wconf 88' lang='grc' dir='ltr'><strong>τις</strong></span> <span class='ocrx_word' id='word_1_74' title='bbox 1505 1026 1829 1097; x_wconf 80' lang='grc' dir='ltr'><strong>μαρτυρήσῃ</strong></span> <span class='ocrx_word' id='word_1_75' title='bbox 1854 1023 1982 1092; x_wconf 81' lang='grc' dir='ltr'>περὶ</span> 
     </span>
    </p>
   </div>
   <div class='ocr_carea' id='block_1_12' title="bbox 411 1111 1983 1193">
    <p class='ocr_par' dir='ltr' id='par_1_12' title="bbox 411 1111 1983 1193">
     <span class='ocr_line' id='line_1_12' title="bbox 411 1111 1983 1193; baseline -0.001 -27"><span class='ocrx_word' id='word_1_76' title='bbox 411 1115 501 1192; x_wconf 77' lang='grc' dir='ltr'><strong>τοῦ</strong></span> <span class='ocrx_word' id='word_1_77' title='bbox 542 1114 833 1193; x_wconf 86' lang='grc' dir='ltr'>ἀνθρώπου</span> <span class='ocrx_word' id='word_1_78' title='bbox 857 1133 869 1144; x_wconf 90' lang='grc'><strong>·</strong></span> <span class='ocrx_word' id='word_1_79' title='bbox 921 1117 1086 1181; x_wconf 85' lang='grc' dir='ltr'>αὐτὸς</span> <span class='ocrx_word' id='word_1_80' title='bbox 1136 1116 1246 1189; x_wconf 88' lang='grc' dir='ltr'><strong>γάρ</strong></span> <span class='ocrx_word' id='word_1_81' title='bbox 1292 1117 1555 1185; x_wconf 72' lang='grc' dir='ltr'><strong>ἐγίνωσκε</strong></span> <span class='ocrx_word' id='word_1_82' title='bbox 1603 1116 1656 1168; x_wconf 85' lang='grc' dir='ltr'><strong>τί</strong></span> <span class='ocrx_word' id='word_1_83' title='bbox 1698 1111 1766 1186; x_wconf 76' lang='grc' dir='ltr'><strong>ἦν</strong></span> <span class='ocrx_word' id='word_1_84' title='bbox 1806 1118 1864 1167; x_wconf 81' lang='grc' dir='ltr'><strong>ὲν</strong></span> <span class='ocrx_word' id='word_1_85' title='bbox 1904 1112 1983 1183; x_wconf 82' lang='grc' dir='ltr'>τῷ</span> 
     </span>
    </p>
   </div>
   <div class='ocr_carea' id='block_1_13' title="bbox 409 1193 797 1278">
    <p class='ocr_par' dir='ltr' id='par_1_13' title="bbox 409 1193 797 1278">
     <span class='ocr_line' id='line_1_13' title="bbox 409 1193 797 1278; baseline 0.013 -20"><span class='ocrx_word' id='word_1_86' title='bbox 409 1204 697 1278; x_wconf 81' lang='grc' dir='ltr'><strong>ἀνθρώπῳ.</strong></span> <span class='ocrx_word' id='word_1_87' title='bbox 726 1227 746 1262; x_wconf 74' lang='grc' dir='ltr'><strong>ι</strong></span> <span class='ocrx_word' id='word_1_88' title='bbox 792 1193 797 1196; x_wconf 11' lang='grc' dir='ltr'><strong>ἢ</strong></span> 
     </span>
    </p>
   </div>
   <div class='ocr_carea' id='block_1_14' title="bbox 473 1292 1984 1368">
    <p class='ocr_par' dir='ltr' id='par_1_14' title="bbox 473 1292 1984 1368">
     <span class='ocr_line' id='line_1_14' title="bbox 473 1292 1984 1368; baseline -0.003 -15"><span class='ocrx_word' id='word_1_89' title='bbox 473 1292 587 1353; x_wconf 86' lang='grc' dir='ltr'>Ἦν</span> <span class='ocrx_word' id='word_1_90' title='bbox 608 1297 676 1351; x_wconf 77' lang='grc' dir='ltr'>δὲ</span> <span class='ocrx_word' id='word_1_91' title='bbox 703 1298 1013 1368; x_wconf 77' lang='grc' dir='ltr'>ἅνθρωπος</span> <span class='ocrx_word' id='word_1_92' title='bbox 1037 1300 1105 1353; x_wconf 71' lang='grc' dir='ltr'>ἐκ</span> <span class='ocrx_word' id='word_1_93' title='bbox 1139 1298 1256 1352; x_wconf 80' lang='grc' dir='ltr'><strong>τῶν</strong></span> <span class='ocrx_word' id='word_1_94' title='bbox 1282 1300 1636 1368; x_wconf 80' lang='grc' dir='ltr'><strong>Φαρισαίων,</strong></span> <span class='ocrx_word' id='word_1_95' title='bbox 1653 1296 1984 1365; x_wconf 79' lang='grc' dir='ltr'><strong>Νικόδημος</strong></span> 
     </span>
    </p>
   </div>
   <div class='ocr_carea' id='block_1_15' title="bbox 410 1383 1985 1461">
    <p class='ocr_par' dir='ltr' id='par_1_15' title="bbox 410 1383 1985 1461">
     <span class='ocr_line' id='line_1_15' title="bbox 410 1383 1985 1461; baseline -0.003 -17"><span class='ocrx_word' id='word_1_96' title='bbox 410 1389 594 1458; x_wconf 74' lang='grc' dir='ltr'>ὄνομα</span> <span class='ocrx_word' id='word_1_97' title='bbox 629 1389 812 1456; x_wconf 85' lang='grc' dir='ltr'>αὐτῷ,</span> <span class='ocrx_word' id='word_1_98' title='bbox 854 1390 1054 1461; x_wconf 79' lang='grc' dir='ltr'>ἄρχων</span> <span class='ocrx_word' id='word_1_99' title='bbox 1093 1390 1210 1444; x_wconf 84' lang='grc' dir='ltr'>τῶν</span> <span class='ocrx_word' id='word_1_100' title='bbox 1248 1391 1574 1445; x_wconf 81' lang='grc' dir='ltr'><strong>Ἰουδαίων.</strong></span> <span class='ocrx_word' id='word_1_101' title='bbox 1621 1385 1809 1454; x_wconf 85' lang='grc' dir='ltr'>Οὗτος</span> <span class='ocrx_word' id='word_1_102' title='bbox 1835 1383 1985 1457; x_wconf 77' lang='grc' dir='ltr'>ἦλθε</span> 
     </span>
    </p>
   </div>
   <div class='ocr_carea' id='block_1_16' title="bbox 409 1480 1561 1549">
    <p class='ocr_par' dir='ltr' id='par_1_16' title="bbox 409 1480 1561 1549">
     <span class='ocr_line' id='line_1_16' title="bbox 409 1480 1561 1549; baseline 0.001 -16"><span class='ocrx_word' id='word_1_103' title='bbox 409 1481 559 1549; x_wconf 76' lang='grc' dir='ltr'>πρὸς</span> <span class='ocrx_word' id='word_1_104' title='bbox 590 1482 778 1535; x_wconf 82' lang='grc' dir='ltr'>αὐτὸν</span> <span class='ocrx_word' id='word_1_105' title='bbox 808 1483 1046 1547; x_wconf 78' lang='grc' dir='ltr'>νυκτὸς,</span> <span class='ocrx_word' id='word_1_106' title='bbox 1074 1483 1172 1536; x_wconf 78' lang='grc' dir='ltr'>καὶ</span> <span class='ocrx_word' id='word_1_107' title='bbox 1192 1480 1362 1536; x_wconf 78' lang='grc' dir='ltr'>εἷπεν</span> <span class='ocrx_word' id='word_1_108' title='bbox 1383 1480 1561 1547; x_wconf 80' lang='grc' dir='ltr'>αὐτῷ.</span> 
     </span>
    </p>
   </div>
   <div class='ocr_carea' id='block_1_17' title="bbox 492 1571 1987 1645">
    <p class='ocr_par' dir='ltr' id='par_1_17' title="bbox 492 1571 1987 1645">
     <span class='ocr_line' id='line_1_17' title="bbox 492 1571 1987 1645; baseline -0.001 -21"><span class='ocrx_word' id='word_1_109' title='bbox 492 1572 874 1643; x_wconf 83' lang='grc' dir='ltr'>Ἑτοιμότερος</span> <span class='ocrx_word' id='word_1_110' title='bbox 915 1573 1013 1643; x_wconf 79' lang='grc' dir='ltr'>μὲν</span> <span class='ocrx_word' id='word_1_111' title='bbox 1049 1575 1078 1626; x_wconf 82' lang='grc' dir='ltr'>ὁ</span> <span class='ocrx_word' id='word_1_112' title='bbox 1107 1574 1417 1644; x_wconf 82' lang='grc' dir='ltr'><strong>Νικόδημος</strong></span> <span class='ocrx_word' id='word_1_113' title='bbox 1461 1574 1590 1645; x_wconf 74' lang='grc' dir='ltr'>περὶ</span> <span class='ocrx_word' id='word_1_114' title='bbox 1620 1572 1681 1626; x_wconf 75' lang='grc' dir='ltr'>τὸ</span> <span class='ocrx_word' id='word_1_115' title='bbox 1710 1571 1987 1625; x_wconf 79' lang='grc' dir='ltr'>πιστεύειν</span> 
     </span>
    </p>
   </div>
   <div class='ocr_carea' id='block_1_18' title="bbox 413 1660 1985 1739">
    <p class='ocr_par' dir='ltr' id='par_1_18' title="bbox 413 1660 1985 1739">
     <span class='ocr_line' id='line_1_18' title="bbox 413 1660 1985 1739; baseline 0.003 -27"><span class='ocrx_word' id='word_1_116' title='bbox 413 1660 583 1739; x_wconf 66' lang='grc' dir='ltr'>ἐστὶν,</span> <span class='ocrx_word' id='word_1_117' title='bbox 616 1661 767 1735; x_wconf 69' lang='grc' dir='ltr'>αἰδοῖ</span> <span class='ocrx_word' id='word_1_118' title='bbox 789 1661 982 1739; x_wconf 18' lang='grc' dir='ltr'>δὲλούκ</span> <span class='ocrx_word' id='word_1_119' title='bbox 1026 1662 1204 1734; x_wconf 83' lang='grc' dir='ltr'>ἀγαθῇ</span> <span class='ocrx_word' id='word_1_120' title='bbox 1249 1662 1567 1734; x_wconf 82' lang='grc' dir='ltr'><strong>νικώμενος,</strong></span> <span class='ocrx_word' id='word_1_121' title='bbox 1592 1662 1749 1732; x_wconf 81' lang='grc' dir='ltr'><strong>δόξης</strong></span> <span class='ocrx_word' id='word_1_122' title='bbox 1776 1679 1836 1714; x_wconf 87' lang='grc' dir='ltr'><strong>τε</strong></span> <span class='ocrx_word' id='word_1_123' title='bbox 1871 1662 1985 1731; x_wconf 69' lang='grc' dir='ltr'><strong>ἅμα</strong></span> 
     </span>
    </p>
   </div>
   <div class='ocr_carea' id='block_1_19' title="bbox 414 1747 1984 1830">
    <p class='ocr_par' dir='ltr' id='par_1_19' title="bbox 414 1747 1984 1830">
     <span class='ocr_line' id='line_1_19' title="bbox 414 1747 1984 1830; baseline 0.003 -29"><span class='ocrx_word' id='word_1_124' title='bbox 414 1747 515 1819; x_wconf 74' lang='grc' dir='ltr'>τῆς</span> <span class='ocrx_word' id='word_1_125' title='bbox 537 1750 594 1803; x_wconf 80' lang='grc' dir='ltr'><strong>ὲν</strong></span> <span class='ocrx_word' id='word_1_126' title='bbox 615 1747 921 1830; x_wconf 74' lang='grc' dir='ltr'>ἀνθρώποις</span> <span class='ocrx_word' id='word_1_127' title='bbox 939 1753 997 1804; x_wconf 86' lang='grc' dir='ltr'>οὐ</span> <span class='ocrx_word' id='word_1_128' title='bbox 1023 1752 1314 1824; x_wconf 81' lang='grc' dir='ltr'>περιορῶν,</span> <span class='ocrx_word' id='word_1_129' title='bbox 1339 1755 1680 1825; x_wconf 79' lang='grc' dir='ltr'>παραιτεῖται</span> <span class='ocrx_word' id='word_1_130' title='bbox 1711 1754 1810 1824; x_wconf 84' lang='grc' dir='ltr'><strong>τὴν</strong></span> <span class='ocrx_word' id='word_1_131' title='bbox 1843 1755 1984 1824; x_wconf 78' lang='grc' dir='ltr'>παρ-</span> 
     </span>
    </p>
   </div>
   <div class='ocr_carea' id='block_1_20' title="bbox 2084 575 3650 645">
    <p class='ocr_par' dir='ltr' id='par_1_20' title="bbox 2084 575 3650 645">
     <span class='ocr_line' id='line_1_20' title="bbox 2084 575 3650 645; baseline 0.002 -16"><span class='ocrx_word' id='word_1_132' title='bbox 2084 575 2312 639; x_wconf 88' lang='lat' dir='ltr'><strong>siderat,</strong></span> <span class='ocrx_word' id='word_1_133' title='bbox 2340 575 2527 645; x_wconf 86' lang='lat' dir='ltr'><strong>utqui</strong></span> <span class='ocrx_word' id='word_1_134' title='bbox 2562 576 2718 629; x_wconf 80' lang='lat' dir='ltr'><strong>tinxit</strong></span> <span class='ocrx_word' id='word_1_135' title='bbox 2745 576 3023 630; x_wconf 81' lang='lat' dir='ltr'><strong>oculum‘.</strong></span> <span class='ocrx_word' id='word_1_136' title='bbox 3066 575 3224 632; x_wconf 89' lang='lat' dir='ltr'><strong>Unde</strong></span> <span class='ocrx_word' id='word_1_137' title='bbox 3258 577 3312 630; x_wconf 86' lang='lat' dir='ltr'><strong>in</strong></span> <span class='ocrx_word' id='word_1_138' title='bbox 3343 576 3442 632; x_wconf 84' lang='lat' dir='ltr'><strong>Job</strong></span> <span class='ocrx_word' id='word_1_139' title='bbox 3476 578 3650 632; x_wconf 83' lang='lat' dir='ltr'><strong>intro-—</strong></span> 
     </span>
    </p>
   </div>
   <div class='ocr_carea' id='block_1_21' title="bbox 2083 665 3651 735">
    <p class='ocr_par' dir='ltr' id='par_1_21' title="bbox 2083 665 3651 735">
     <span class='ocr_line' id='line_1_21' title="bbox 2083 665 3651 735; baseline 0.001 -16"><span class='ocrx_word' id='word_1_140' title='bbox 2083 665 2305 719; x_wconf 85' lang='lat' dir='ltr'><strong>ducitur</strong></span> <span class='ocrx_word' id='word_1_141' title='bbox 2340 665 2535 721; x_wconf 87' lang='lat' dir='ltr'><strong>dicens</strong></span> <span class='ocrx_word' id='word_1_142' title='bbox 2565 683 2579 720; x_wconf 89' lang='lat'>:</span> <span class='ocrx_word' id='word_1_143' title='bbox 2623 685 2641 718; x_wconf 79' lang='grc' dir='ltr'><strong>ι</strong></span> <span class='ocrx_word' id='word_1_144' title='bbox 2681 665 2817 731; x_wconf 88' lang='lat' dir='ltr'><strong>Quis</strong></span> <span class='ocrx_word' id='word_1_145' title='bbox 2857 675 2941 721; x_wconf 85' lang='lat' dir='ltr'><strong>est</strong></span> <span class='ocrx_word' id='word_1_146' title='bbox 2973 667 3077 722; x_wconf 86' lang='lat' dir='ltr'><strong>iste</strong></span> <span class='ocrx_word' id='word_1_147' title='bbox 3108 667 3202 735; x_wconf 86' lang='lat' dir='ltr'><strong>qui</strong></span> <span class='ocrx_word' id='word_1_148' title='bbox 3232 669 3374 721; x_wconf 88' lang='lat' dir='ltr'><strong>colat</strong></span> <span class='ocrx_word' id='word_1_149' title='bbox 3409 682 3495 723; x_wconf 86' lang='lat' dir='ltr'><strong>me</strong></span> <span class='ocrx_word' id='word_1_150' title='bbox 3520 683 3651 722; x_wconf 85' lang='lat' dir='ltr'><strong>con-</strong></span> 
     </span>
    </p>
   </div>
   <div class='ocr_carea' id='block_1_22' title="bbox 2082 753 3650 820">
    <p class='ocr_par' dir='ltr' id='par_1_22' title="bbox 2082 753 3650 820">
     <span class='ocr_line' id='line_1_22' title="bbox 2082 753 3650 820; baseline 0.002 -11"><span class='ocrx_word' id='word_1_151' title='bbox 2082 753 2305 817; x_wconf 90' lang='lat' dir='ltr'><strong>silium,</strong></span> <span class='ocrx_word' id='word_1_152' title='bbox 2346 755 2638 810; x_wconf 90' lang='lat' dir='ltr'><strong>continens</strong></span> <span class='ocrx_word' id='word_1_153' title='bbox 2697 762 2875 810; x_wconf 88' lang='lat' dir='ltr'><strong>autem</strong></span> <span class='ocrx_word' id='word_1_154' title='bbox 2916 757 3080 811; x_wconf 85' lang='lat' dir='ltr'><strong>verba</strong></span> <span class='ocrx_word' id='word_1_155' title='bbox 3139 758 3194 810; x_wconf 95' lang='lat' dir='ltr'><strong>in</strong></span> <span class='ocrx_word' id='word_1_156' title='bbox 3246 757 3433 820; x_wconf 88' lang='lat' dir='ltr'><strong>corde,</strong></span> <span class='ocrx_word' id='word_1_157' title='bbox 3478 766 3533 813; x_wconf 89' lang='lat' dir='ltr'><strong>et</strong></span> <span class='ocrx_word' id='word_1_158' title='bbox 3567 774 3650 812; x_wconf 85' lang='lat' dir='ltr'><strong>me</strong></span> 
     </span>
    </p>
   </div>
   <div class='ocr_carea' id='block_1_23' title="bbox 2082 844 3649 916">
    <p class='ocr_par' dir='ltr' id='par_1_23' title="bbox 2082 844 3649 916">
     <span class='ocr_line' id='line_1_23' title="bbox 2082 844 3649 916; baseline 0.003 -20"><span class='ocrx_word' id='word_1_159' title='bbox 2082 845 2458 914; x_wconf 75' lang='lat' dir='ltr'><strong>putatcelare</strong></span> <span class='ocrx_word' id='word_1_160' title='bbox 2490 845 2551 897; x_wconf 71' lang='grc' dir='ltr'><strong>’τ</strong></span> <span class='ocrx_word' id='word_1_161' title='bbox 2590 864 2610 896; x_wconf 70' lang='grc' dir='ltr'><strong>ι</strong></span> <span class='ocrx_word' id='word_1_162' title='bbox 2649 844 2720 899; x_wconf 88' lang='lat' dir='ltr'><strong>Ut</strong></span> <span class='ocrx_word' id='word_1_163' title='bbox 2769 845 2937 916; x_wconf 91' lang='lat' dir='ltr'><strong>igitur</strong></span> <span class='ocrx_word' id='word_1_164' title='bbox 2973 844 3140 900; x_wconf 88' lang='lat' dir='ltr'><strong>Deum</strong></span> <span class='ocrx_word' id='word_1_165' title='bbox 3197 846 3499 901; x_wconf 88' lang='lat' dir='ltr'><strong>secundum</strong></span> <span class='ocrx_word' id='word_1_166' title='bbox 3550 863 3649 901; x_wconf 88' lang='lat' dir='ltr'><strong>na-</strong></span> 
     </span>
    </p>
   </div>
   <div class='ocr_carea' id='block_1_24' title="bbox 2083 933 3653 1004">
    <p class='ocr_par' dir='ltr' id='par_1_24' title="bbox 2083 933 3653 1004">
     <span class='ocr_line' id='line_1_24' title="bbox 2083 933 3653 1004; baseline 0 -17"><span class='ocrx_word' id='word_1_167' title='bbox 2083 943 2262 989; x_wconf 89' lang='lat' dir='ltr'><strong>turam</strong></span> <span class='ocrx_word' id='word_1_168' title='bbox 2326 949 2452 991; x_wconf 85' lang='lat' dir='ltr'><strong>esse</strong></span> <span class='ocrx_word' id='word_1_169' title='bbox 2505 948 2871 1004; x_wconf 76' lang='lat' dir='ltr'><strong>agnoscamus</strong></span> <span class='ocrx_word' id='word_1_170' title='bbox 2918 933 3139 999; x_wconf 84' lang='lat' dir='ltr'><strong>Filium,</strong></span> <span class='ocrx_word' id='word_1_171' title='bbox 3198 935 3514 989; x_wconf 83' lang='lat' dir='ltr'><strong>necessario</strong></span> <span class='ocrx_word' id='word_1_172' title='bbox 3574 936 3653 988; x_wconf 85' lang='lat' dir='ltr'><strong>ait</strong></span> 
     </span>
    </p>
   </div>
   <div class='ocr_carea' id='block_1_25' title="bbox 2081 1026 3645 1097">
    <p class='ocr_par' dir='ltr' id='par_1_25' title="bbox 2081 1026 3645 1097">
     <span class='ocr_line' id='line_1_25' title="bbox 2081 1026 3645 1097; baseline -0.001 -17"><span class='ocrx_word' id='word_1_173' title='bbox 2081 1026 2417 1097; x_wconf 73' lang='lat' dir='ltr'><strong>evangelista</strong></span> <span class='ocrx_word' id='word_1_174' title='bbox 2455 1045 2468 1081; x_wconf 90' lang='lat'><strong>:</strong></span> <span class='ocrx_word' id='word_1_175' title='bbox 2507 1045 2525 1077; x_wconf 80' lang='lat' dir='ltr'><strong>i</strong></span> <span class='ocrx_word' id='word_1_176' title='bbox 2568 1026 2707 1092; x_wconf 84' lang='lat' dir='ltr'><strong>Quia</strong></span> <span class='ocrx_word' id='word_1_177' title='bbox 2737 1026 2785 1079; x_wconf 90' lang='lat' dir='ltr'><strong>ei</strong></span> <span class='ocrx_word' id='word_1_178' title='bbox 2809 1040 2951 1095; x_wconf 88' lang='lat' dir='ltr'><strong>opus</strong></span> <span class='ocrx_word' id='word_1_179' title='bbox 3012 1041 3120 1080; x_wconf 93' lang='lat' dir='ltr'><strong>non</strong></span> <span class='ocrx_word' id='word_1_180' title='bbox 3160 1032 3279 1079; x_wconf 88' lang='lat' dir='ltr'><strong>erat</strong></span> <span class='ocrx_word' id='word_1_181' title='bbox 3307 1035 3367 1080; x_wconf 91' lang='lat' dir='ltr'><strong>ut</strong></span> <span class='ocrx_word' id='word_1_182' title='bbox 3397 1026 3523 1094; x_wconf 89' lang='lat' dir='ltr'><strong>quis</strong></span> <span class='ocrx_word' id='word_1_183' title='bbox 3566 1034 3645 1079; x_wconf 81' lang='lat' dir='ltr'><strong>tc-</strong></span> 
     </span>
    </p>
   </div>
   <div class='ocr_carea' id='block_1_26' title="bbox 2082 1115 3650 1187">
    <p class='ocr_par' dir='ltr' id='par_1_26' title="bbox 2082 1115 3650 1187">
     <span class='ocr_line' id='line_1_26' title="bbox 2082 1115 3650 1187; baseline -0.001 -17"><span class='ocrx_word' id='word_1_184' title='bbox 2082 1115 2402 1170; x_wconf 86' lang='lat' dir='ltr'><strong>stimonium</strong></span> <span class='ocrx_word' id='word_1_185' title='bbox 2425 1117 2733 1187; x_wconf 72' lang='lat' dir='ltr'><strong>perhiberet</strong></span> <span class='ocrx_word' id='word_1_186' title='bbox 2754 1116 2822 1171; x_wconf 89' lang='lat' dir='ltr'><strong>de</strong></span> <span class='ocrx_word' id='word_1_187' title='bbox 2850 1116 3103 1172; x_wconf 85' lang='lat' dir='ltr'><strong>homine:</strong></span> <span class='ocrx_word' id='word_1_188' title='bbox 3133 1116 3250 1186; x_wconf 87' lang='lat' dir='ltr'><strong>ipse</strong></span> <span class='ocrx_word' id='word_1_189' title='bbox 3270 1115 3415 1171; x_wconf 89' lang='lat' dir='ltr'><strong>enim</strong></span> <span class='ocrx_word' id='word_1_190' title='bbox 3441 1115 3650 1171; x_wconf 85' lang='lat' dir='ltr'><strong>sciebat</strong></span> 
     </span>
    </p>
   </div>
   <div class='ocr_carea' id='block_1_27' title="bbox 2082 1206 2803 1276">
    <p class='ocr_par' dir='ltr' id='par_1_27' title="bbox 2082 1206 2803 1276">
     <span class='ocr_line' id='line_1_27' title="bbox 2082 1206 2803 1276; baseline -0.001 -16"><span class='ocrx_word' id='word_1_191' title='bbox 2082 1206 2211 1276; x_wconf 89' lang='lat' dir='ltr'><strong>quid</strong></span> <span class='ocrx_word' id='word_1_192' title='bbox 2237 1207 2464 1261; x_wconf 80' lang='lat' dir='ltr'><strong>essetin</strong></span> <span class='ocrx_word' id='word_1_193' title='bbox 2501 1208 2742 1262; x_wconf 80' lang='lat' dir='ltr'><strong>homine.</strong></span> <span class='ocrx_word' id='word_1_194' title='bbox 2782 1227 2803 1259; x_wconf 70' lang='grc' dir='ltr'><strong>ι</strong></span> 
     </span>
    </p>
   </div>
   <div class='ocr_carea' id='block_1_28' title="bbox 2153 1296 3641 1364">
    <p class='ocr_par' dir='ltr' id='par_1_28' title="bbox 2153 1296 3641 1364">
     <span class='ocr_line' id='line_1_28' title="bbox 2153 1296 3641 1364; baseline -0.001 -14"><span class='ocrx_word' id='word_1_195' title='bbox 2153 1296 2240 1364; x_wconf 88' lang='grc'><strong>111,</strong></span> <span class='ocrx_word' id='word_1_196' title='bbox 2262 1298 2314 1351; x_wconf 79' lang='grc'><strong>1.</strong></span> <span class='ocrx_word' id='word_1_197' title='bbox 2342 1296 2474 1352; x_wconf 83' lang='lat' dir='ltr'><strong>Erat</strong></span> <span class='ocrx_word' id='word_1_198' title='bbox 2498 1310 2673 1353; x_wconf 80' lang='lat' dir='ltr'><strong>autem</strong></span> <span class='ocrx_word' id='word_1_199' title='bbox 2700 1299 2854 1352; x_wconf 81' lang='lat' dir='ltr'><strong>homo</strong></span> <span class='ocrx_word' id='word_1_200' title='bbox 2879 1314 2946 1353; x_wconf 74' lang='lat' dir='ltr'><strong>ea:</strong></span> <span class='ocrx_word' id='word_1_201' title='bbox 2972 1298 3285 1363; x_wconf 75' lang='lat' dir='ltr'><strong>Phariswis,</strong></span> <span class='ocrx_word' id='word_1_202' title='bbox 3318 1298 3641 1353; x_wconf 75' lang='lat' dir='ltr'><strong>Nicodamus</strong></span> 
     </span>
    </p>
   </div>
   <div class='ocr_carea' id='block_1_29' title="bbox 2083 1386 3649 1458">
    <p class='ocr_par' dir='ltr' id='par_1_29' title="bbox 2083 1386 3649 1458">
     <span class='ocr_line' id='line_1_29' title="bbox 2083 1386 3649 1458; baseline 0.001 -19"><span class='ocrx_word' id='word_1_203' title='bbox 2083 1388 2313 1451; x_wconf 83' lang='lat' dir='ltr'><strong>nomine,</strong></span> <span class='ocrx_word' id='word_1_204' title='bbox 2350 1388 2591 1458; x_wconf 74' lang='lat' dir='ltr'><strong>princeps</strong></span> <span class='ocrx_word' id='word_1_205' title='bbox 2640 1386 2973 1447; x_wconf 69' lang='lat' dir='ltr'><strong>Judworum.</strong></span> <span class='ocrx_word' id='word_1_206' title='bbox 3016 1388 3118 1443; x_wconf 81' lang='lat' dir='ltr'><strong>Hic</strong></span> <span class='ocrx_word' id='word_1_207' title='bbox 3173 1390 3307 1444; x_wconf 80' lang='lat' dir='ltr'><strong>venit</strong></span> <span class='ocrx_word' id='word_1_208' title='bbox 3362 1389 3432 1443; x_wconf 88' lang='lat' dir='ltr'><strong>ad</strong></span> <span class='ocrx_word' id='word_1_209' title='bbox 3465 1388 3649 1443; x_wconf 70' lang='lat' dir='ltr'><strong>Iesum</strong></span> 
     </span>
    </p>
   </div>
   <div class='ocr_carea' id='block_1_30' title="bbox 2085 1478 2601 1541">
    <p class='ocr_par' dir='ltr' id='par_1_30' title="bbox 2085 1478 2601 1541">
     <span class='ocr_line' id='line_1_30' title="bbox 2085 1478 2601 1541; baseline 0.006 -11"><span class='ocrx_word' id='word_1_210' title='bbox 2085 1486 2255 1541; x_wconf 83' lang='lat' dir='ltr'><strong>nocte,</strong></span> <span class='ocrx_word' id='word_1_211' title='bbox 2294 1485 2343 1535; x_wconf 65' lang='lat' dir='ltr'><strong>at</strong></span> <span class='ocrx_word' id='word_1_212' title='bbox 2365 1478 2502 1533; x_wconf 68' lang='lat' dir='ltr'><strong>dixit</strong></span> <span class='ocrx_word' id='word_1_213' title='bbox 2535 1481 2601 1533; x_wconf 85' lang='lat' dir='ltr'><strong>ei.</strong></span> 
     </span>
    </p>
   </div>
   <div class='ocr_carea' id='block_1_31' title="bbox 2155 1563 3659 1639">
    <p class='ocr_par' dir='ltr' id='par_1_31' title="bbox 2155 1563 3659 1639">
     <span class='ocr_line' id='line_1_31' title="bbox 2155 1563 3659 1639; baseline 0.003 -22"><span class='ocrx_word' id='word_1_214' title='bbox 2155 1563 2444 1636; x_wconf 85' lang='lat' dir='ltr'><strong>Promptus</strong></span> <span class='ocrx_word' id='word_1_215' title='bbox 2473 1576 2559 1623; x_wconf 89' lang='lat' dir='ltr'><strong>est</strong></span> <span class='ocrx_word' id='word_1_216' title='bbox 2611 1568 2677 1623; x_wconf 90' lang='lat' dir='ltr'><strong>ad</strong></span> <span class='ocrx_word' id='word_1_217' title='bbox 2716 1567 2874 1624; x_wconf 82' lang='lat' dir='ltr'><strong>ﬁdem</strong></span> <span class='ocrx_word' id='word_1_218' title='bbox 2908 1570 3268 1635; x_wconf 77' lang='lat' dir='ltr'><strong>Nicodeuius,</strong></span> <span class='ocrx_word' id='word_1_219' title='bbox 3312 1568 3409 1625; x_wconf 84' lang='lat' dir='ltr'><strong>sed</strong></span> <span class='ocrx_word' id='word_1_220' title='bbox 3446 1568 3659 1639; x_wconf 80' lang='lat' dir='ltr'><strong>pudore</strong></span> 
     </span>
    </p>
   </div>
   <div class='ocr_carea' id='block_1_32' title="bbox 2084 1656 3651 1729">
    <p class='ocr_par' dir='ltr' id='par_1_32' title="bbox 2084 1656 3651 1729">
     <span class='ocr_line' id='line_1_32' title="bbox 2084 1656 3651 1729; baseline 0.001 -20"><span class='ocrx_word' id='word_1_221' title='bbox 2084 1670 2195 1709; x_wconf 88' lang='lat' dir='ltr'><strong>non</strong></span> <span class='ocrx_word' id='word_1_222' title='bbox 2228 1656 2370 1711; x_wconf 86' lang='lat' dir='ltr'><strong>bono</strong></span> <span class='ocrx_word' id='word_1_223' title='bbox 2401 1658 2582 1712; x_wconf 89' lang='lat' dir='ltr'><strong>victus</strong></span> <span class='ocrx_word' id='word_1_224' title='bbox 2612 1667 2667 1714; x_wconf 91' lang='lat' dir='ltr'><strong>et</strong></span> <span class='ocrx_word' id='word_1_225' title='bbox 2710 1659 2898 1729; x_wconf 73' lang='lat' dir='ltr'><strong>gloria:</strong></span> <span class='ocrx_word' id='word_1_226' title='bbox 2929 1660 3184 1715; x_wconf 66' lang='lat' dir='ltr'><strong>humanae</strong></span> <span class='ocrx_word' id='word_1_227' title='bbox 3213 1659 3432 1723; x_wconf 89' lang='lat' dir='ltr'><strong>studio,</strong></span> <span class='ocrx_word' id='word_1_228' title='bbox 3480 1658 3651 1713; x_wconf 81' lang='lat' dir='ltr'><strong>libere</strong></span> 
     </span>
    </p>
   </div>
   <div class='ocr_carea' id='block_1_33' title="bbox 2085 1744 3650 1818">
    <p class='ocr_par' dir='ltr' id='par_1_33' title="bbox 2085 1744 3650 1818">
     <span class='ocr_line' id='line_1_33' title="bbox 2085 1744 3650 1818; baseline 0 -21"><span class='ocrx_word' id='word_1_229' title='bbox 2085 1744 2233 1814; x_wconf 83' lang='lat' dir='ltr'><strong>loqui</strong></span> <span class='ocrx_word' id='word_1_230' title='bbox 2282 1760 2391 1800; x_wconf 89' lang='lat' dir='ltr'><strong>non</strong></span> <span class='ocrx_word' id='word_1_231' title='bbox 2442 1746 2627 1810; x_wconf 83' lang='lat' dir='ltr'><strong>audet,</strong></span> <span class='ocrx_word' id='word_1_232' title='bbox 2684 1747 2781 1803; x_wconf 87' lang='lat' dir='ltr'><strong>sed</strong></span> <span class='ocrx_word' id='word_1_233' title='bbox 2816 1748 3038 1818; x_wconf 87' lang='lat' dir='ltr'><strong>ancipiti</strong></span> <span class='ocrx_word' id='word_1_234' title='bbox 3072 1748 3341 1804; x_wconf 87' lang='lat' dir='ltr'><strong>sententia</strong></span> <span class='ocrx_word' id='word_1_235' title='bbox 3386 1745 3650 1807; x_wconf 56' lang='lat' dir='ltr'><strong>distrahi.</strong></span> 
     </span>
    </p>
   </div>
   <div class='ocr_carea' id='block_1_34' title="bbox 426 1816 1986 1915">
    <p class='ocr_par' dir='ltr' id='par_1_34' title="bbox 426 1816 1985 1915">
     <span class='ocr_line' id='line_1_34' title="bbox 426 1816 1985 1915; baseline 0.002 -21"><span class='ocrx_word' id='word_1_236' title='bbox 426 1816 642 1913; x_wconf 77' lang='grc' dir='ltr'>ρησίαν,</span> <span class='ocrx_word' id='word_1_237' title='bbox 711 1816 990 1910; x_wconf 79' lang='grc' dir='ltr'>μερίζεται</span> <span class='ocrx_word' id='word_1_238' title='bbox 1040 1816 1111 1896; x_wconf 48' lang='grc' dir='ltr'><strong>δὲ’</strong></span> <span class='ocrx_word' id='word_1_239' title='bbox 1152 1816 1249 1911; x_wconf 57' lang='grc' dir='ltr'>τὴν</span> <span class='ocrx_word' id='word_1_240' title='bbox 1271 1816 1498 1915; x_wconf 75' lang='grc' dir='ltr'>γνώμην</span> <span class='ocrx_word' id='word_1_241' title='bbox 1522 1845 1607 1897; x_wconf 70' lang='grc' dir='ltr'><strong>ἐπ’</strong></span> <span class='ocrx_word' id='word_1_242' title='bbox 1646 1816 1829 1915; x_wconf 70' lang='grc' dir='ltr'>ἄμφω,</span> <span class='ocrx_word' id='word_1_243' title='bbox 1892 1816 1985 1897; x_wconf 67' lang='grc' dir='ltr'>καὶ</span> 
     </span>
    </p>
   </div>
   <div class='ocr_carea' id='block_1_35' title="bbox 2086 1816 3653 1915">
    <p class='ocr_par' dir='ltr' id='par_1_35' title="bbox 2088 1816 3653 1908">
     <span class='ocr_line' id='line_1_35' title="bbox 2088 1816 3653 1908; baseline 0.002 -21"><span class='ocrx_word' id='word_1_244' title='bbox 2088 1842 2198 1898; x_wconf 91' lang='lat' dir='ltr'><strong>tur,</strong></span> <span class='ocrx_word' id='word_1_245' title='bbox 2251 1850 2316 1890; x_wconf 87' lang='lat' dir='ltr'><strong>ac</strong></span> <span class='ocrx_word' id='word_1_246' title='bbox 2364 1835 2421 1891; x_wconf 90' lang='lat' dir='ltr'><strong>in</strong></span> <span class='ocrx_word' id='word_1_247' title='bbox 2472 1839 2755 1908; x_wconf 86' lang='lat' dir='ltr'><strong>proposito</strong></span> <span class='ocrx_word' id='word_1_248' title='bbox 2811 1816 3115 1904; x_wconf 82' lang='lat' dir='ltr'><strong>claudicat,</strong></span> <span class='ocrx_word' id='word_1_249' title='bbox 3163 1847 3217 1894; x_wconf 89' lang='lat' dir='ltr'><strong>et</strong></span> <span class='ocrx_word' id='word_1_250' title='bbox 3267 1845 3536 1908; x_wconf 83' lang='lat' dir='ltr'><strong>utroque,</strong></span> <span class='ocrx_word' id='word_1_251' title='bbox 3594 1843 3653 1890; x_wconf 92' lang='lat' dir='ltr'><strong>ut</strong></span> 
     </span>
    </p>
   </div>
   <div class='ocr_carea' id='block_1_36' title="bbox 423 1927 1981 2004">
    <p class='ocr_par' dir='ltr' id='par_1_36' title="bbox 423 1927 1981 2004">
     <span class='ocr_line' id='line_1_36' title="bbox 423 1927 1981 2004; baseline 0.007 -26"><span class='ocrx_word' id='word_1_252' title='bbox 423 1927 650 1997; x_wconf 83' lang='grc' dir='ltr'>χωλεύει</span> <span class='ocrx_word' id='word_1_253' title='bbox 674 1929 771 2001; x_wconf 82' lang='grc' dir='ltr'>τὴν</span> <span class='ocrx_word' id='word_1_254' title='bbox 794 1933 1125 2002; x_wconf 84' lang='grc' dir='ltr'>προαίρεσιν,</span> <span class='ocrx_word' id='word_1_255' title='bbox 1155 1934 1246 1986; x_wconf 75' lang='grc' dir='ltr'>ἐπὶ</span> <span class='ocrx_word' id='word_1_256' title='bbox 1278 1934 1484 1999; x_wconf 77' lang='grc' dir='ltr'>δισσαῖς</span> <span class='ocrx_word' id='word_1_257' title='bbox 1528 1934 1583 1987; x_wconf 85' lang='grc' dir='ltr'>δὲ</span> <span class='ocrx_word' id='word_1_258' title='bbox 1610 1938 1726 1999; x_wconf 83' lang='grc' dir='ltr'>ταῖς</span> <span class='ocrx_word' id='word_1_259' title='bbox 1758 1934 1981 2004; x_wconf 85' lang='grc' dir='ltr'>ίγνύαις,</span> 
     </span>
    </p>
   </div>
   <div class='ocr_carea' id='block_1_37' title="bbox 424 2014 1987 2096">
    <p class='ocr_par' dir='ltr' id='par_1_37' title="bbox 424 2014 1987 2096">
     <span class='ocr_line' id='line_1_37' title="bbox 424 2014 1987 2096; baseline 0.01 -29"><span class='ocrx_word' id='word_1_260' title='bbox 424 2017 500 2078; x_wconf 86' lang='grc' dir='ltr'>ὼς</span> <span class='ocrx_word' id='word_1_261' title='bbox 528 2018 851 2088; x_wconf 81' lang='grc' dir='ltr'>γέγραπται,</span> <span class='ocrx_word' id='word_1_262' title='bbox 887 2021 1120 2087; x_wconf 80' lang='grc' dir='ltr'>ἀσθενεῖ,</span> <span class='ocrx_word' id='word_1_263' title='bbox 1147 2026 1262 2088; x_wconf 83' lang='grc' dir='ltr'>τοῖς</span> <span class='ocrx_word' id='word_1_264' title='bbox 1294 2025 1394 2096; x_wconf 87' lang='grc' dir='ltr'>μὲν</span> <span class='ocrx_word' id='word_1_265' title='bbox 1435 2026 1543 2079; x_wconf 86' lang='grc' dir='ltr'><strong>ἀπὸ</strong></span> <span class='ocrx_word' id='word_1_266' title='bbox 1565 2025 1659 2079; x_wconf 74' lang='grc' dir='ltr'><strong>τοῦ</strong></span> <span class='ocrx_word' id='word_1_267' title='bbox 1691 2014 1987 2092; x_wconf 84' lang='grc' dir='ltr'>συνειδότος</span> 
     </span>
    </p>
   </div>
   <div class='ocr_carea' id='block_1_38' title="bbox 422 2106 1986 2188">
    <p class='ocr_par' dir='ltr' id='par_1_38' title="bbox 422 2106 1986 2188">
     <span class='ocr_line' id='line_1_38' title="bbox 422 2106 1986 2188; baseline 0.011 -32"><span class='ocrx_word' id='word_1_268' title='bbox 422 2106 663 2177; x_wconf 78' lang='grc' dir='ltr'><strong>ἐλέγχοις</strong></span> <span class='ocrx_word' id='word_1_269' title='bbox 704 2112 786 2173; x_wconf 83' lang='grc' dir='ltr'><strong>είς</strong></span> <span class='ocrx_word' id='word_1_270' title='bbox 808 2112 865 2164; x_wconf 85' lang='grc' dir='ltr'><strong>τὸ</strong></span> <span class='ocrx_word' id='word_1_271' title='bbox 891 2112 1088 2183; x_wconf 82' lang='grc' dir='ltr'>χρῆναι</span> <span class='ocrx_word' id='word_1_272' title='bbox 1126 2116 1403 2170; x_wconf 81' lang='grc' dir='ltr'>πιστεύειν</span> <span class='ocrx_word' id='word_1_273' title='bbox 1451 2117 1854 2188; x_wconf 87' lang='grc' dir='ltr'>συνωθούμενος</span> <span class='ocrx_word' id='word_1_274' title='bbox 1898 2120 1986 2174; x_wconf 83' lang='grc' dir='ltr'>διὰ</span> 
     </span>
    </p>
   </div>
   <div class='ocr_carea' id='block_1_39' title="bbox 418 2196 1988 2276">
    <p class='ocr_par' dir='ltr' id='par_1_39' title="bbox 418 2196 1988 2276">
     <span class='ocr_line' id='line_1_39' title="bbox 418 2196 1988 2276; baseline 0.01 -29"><span class='ocrx_word' id='word_1_275' title='bbox 418 2196 516 2267; x_wconf 80' lang='grc' dir='ltr'>τὴν</span> <span class='ocrx_word' id='word_1_276' title='bbox 561 2198 670 2251; x_wconf 84' lang='grc' dir='ltr'><strong>τῶν</strong></span> <span class='ocrx_word' id='word_1_277' title='bbox 704 2200 996 2271; x_wconf 84' lang='grc' dir='ltr'>θαυμάτων</span> <span class='ocrx_word' id='word_1_278' title='bbox 1055 2204 1382 2275; x_wconf 80' lang='grc' dir='ltr'>ὑπερϐολὴν,</span> <span class='ocrx_word' id='word_1_279' title='bbox 1434 2206 1530 2276; x_wconf 82' lang='grc' dir='ltr'>τῆς</span> <span class='ocrx_word' id='word_1_280' title='bbox 1578 2207 1635 2260; x_wconf 82' lang='grc' dir='ltr'>δὲ</span> <span class='ocrx_word' id='word_1_281' title='bbox 1675 2208 1767 2262; x_wconf 87' lang='grc' dir='ltr'><strong>τοῦ</strong></span> <span class='ocrx_word' id='word_1_282' title='bbox 1802 2209 1988 2275; x_wconf 78' lang='grc' dir='ltr'>ἔθνους</span> 
     </span>
    </p>
   </div>
   <div class='ocr_carea' id='block_1_40' title="bbox 418 2286 1988 2377">
    <p class='ocr_par' dir='ltr' id='par_1_40' title="bbox 418 2286 1988 2377">
     <span class='ocr_line' id='line_1_40' title="bbox 418 2286 1988 2377; baseline 0.009 -37"><span class='ocrx_word' id='word_1_283' title='bbox 418 2286 711 2377; x_wconf 75' lang='grc' dir='ltr'>ἡγεμονίας</span> <span class='ocrx_word' id='word_1_284' title='bbox 761 2293 1100 2377; x_wconf 14' lang='grc' dir='ltr'>ούνφορητὴν</span> <span class='ocrx_word' id='word_1_285' title='bbox 1146 2296 1449 2367; x_wconf 83' lang='grc' dir='ltr'>ἡγούμενος</span> <span class='ocrx_word' id='word_1_286' title='bbox 1497 2299 1596 2370; x_wconf 80' lang='grc' dir='ltr'>τὴν</span> <span class='ocrx_word' id='word_1_287' title='bbox 1637 2298 1868 2370; x_wconf 72' lang='grc' dir='ltr'>ζημίαψ</span> <span class='ocrx_word' id='word_1_288' title='bbox 1918 2286 1988 2373; x_wconf 73' lang='grc' dir='ltr'><strong>ἦν</strong></span> 
     </span>
    </p>
   </div>
   <div class='ocr_carea' id='block_1_41' title="bbox 418 2376 1987 2458">
    <p class='ocr_par' dir='ltr' id='par_1_41' title="bbox 418 2376 1987 2458">
     <span class='ocr_line' id='line_1_41' title="bbox 418 2376 1987 2458; baseline 0.01 -28"><span class='ocrx_word' id='word_1_289' title='bbox 418 2376 525 2450; x_wconf 77' lang='grc' dir='ltr'>γὰρ</span> <span class='ocrx_word' id='word_1_290' title='bbox 557 2379 740 2450; x_wconf 75' lang='grc' dir='ltr'>ἄρχων</span> <span class='ocrx_word' id='word_1_291' title='bbox 768 2382 876 2435; x_wconf 85' lang='grc' dir='ltr'>τῶν</span> <span class='ocrx_word' id='word_1_292' title='bbox 917 2385 1200 2441; x_wconf 84' lang='grc' dir='ltr'>Ἰουδαίων.</span> <span class='ocrx_word' id='word_1_293' title='bbox 1239 2387 1457 2458; x_wconf 77' lang='grc' dir='ltr'>Οίηθεὶς</span> <span class='ocrx_word' id='word_1_294' title='bbox 1499 2389 1553 2442; x_wconf 81' lang='grc' dir='ltr'>δὲ</span> <span class='ocrx_word' id='word_1_295' title='bbox 1594 2389 1870 2455; x_wconf 88' lang='grc' dir='ltr'>δύνασθαι,</span> <span class='ocrx_word' id='word_1_296' title='bbox 1894 2393 1987 2445; x_wconf 79' lang='grc' dir='ltr'>καὶ</span> 
     </span>
    </p>
   </div>
   <div class='ocr_carea' id='block_1_42' title="bbox 417 2467 1988 2557">
    <p class='ocr_par' dir='ltr' id='par_1_42' title="bbox 417 2467 1988 2557">
     <span class='ocr_line' id='line_1_42' title="bbox 417 2467 1988 2557; baseline 0.011 -38"><span class='ocrx_word' id='word_1_297' title='bbox 417 2467 519 2557; x_wconf 53' lang='grc' dir='ltr'>τῂν</span> <span class='ocrx_word' id='word_1_298' title='bbox 548 2474 676 2541; x_wconf 82' lang='grc' dir='ltr'>παρ’</span> <span class='ocrx_word' id='word_1_299' title='bbox 706 2472 933 2537; x_wconf 73' lang='grc' dir='ltr'>ἐκείνοις</span> <span class='ocrx_word' id='word_1_300' title='bbox 964 2476 1346 2553; x_wconf 78' lang='grc' dir='ltr'>ἀνασώσασθαι</span> <span class='ocrx_word' id='word_1_301' title='bbox 1377 2480 1534 2557; x_wconf 62' lang='grc' dir='ltr'>δοξαν</span> <span class='ocrx_word' id='word_1_302' title='bbox 1558 2481 1651 2557; x_wconf 76' lang='grc' dir='ltr'>καὶ</span> <span class='ocrx_word' id='word_1_303' title='bbox 1684 2481 1988 2553; x_wconf 84' lang='grc' dir='ltr'>λεληθότως</span> 
     </span>
    </p>
   </div>
   <div class='ocr_carea' id='block_1_43' title="bbox 420 2553 1987 2643">
    <p class='ocr_par' dir='ltr' id='par_1_43' title="bbox 420 2553 1987 2643">
     <span class='ocr_line' id='line_1_43' title="bbox 420 2553 1987 2643; baseline 0.01 -34"><span class='ocrx_word' id='word_1_304' title='bbox 420 2553 555 2611; x_wconf 76' lang='grc' dir='ltr'>εἶναι</span> <span class='ocrx_word' id='word_1_305' title='bbox 597 2563 804 2627; x_wconf 84' lang='grc' dir='ltr'>πιστὸς,</span> <span class='ocrx_word' id='word_1_306' title='bbox 850 2563 1067 2636; x_wconf 78' lang='grc' dir='ltr'>ἔρχεται</span> <span class='ocrx_word' id='word_1_307' title='bbox 1100 2566 1236 2637; x_wconf 78' lang='grc' dir='ltr'>πρὸς</span> <span class='ocrx_word' id='word_1_308' title='bbox 1272 2567 1365 2643; x_wconf 67' lang='grc' dir='ltr'>τρν</span> <span class='ocrx_word' id='word_1_309' title='bbox 1403 2553 1630 2639; x_wconf 46' lang='grc' dir='ltr'>’Ῑησοῦνῂ</span> <span class='ocrx_word' id='word_1_310' title='bbox 1653 2571 1987 2642; x_wconf 85' lang='grc' dir='ltr'>συνεργάτην</span> 
     </span>
    </p>
   </div>
   <div class='ocr_carea' id='block_1_44' title="bbox 419 2649 1988 2734">
    <p class='ocr_par' dir='ltr' id='par_1_44' title="bbox 419 2649 1988 2734">
     <span class='ocr_line' id='line_1_44' title="bbox 419 2649 1988 2734; baseline 0.011 -33"><span class='ocrx_word' id='word_1_311' title='bbox 419 2649 494 2720; x_wconf 82' lang='grc' dir='ltr'>τῷ</span> <span class='ocrx_word' id='word_1_312' title='bbox 520 2652 793 2724; x_wconf 83' lang='grc' dir='ltr'>σκέμματι</span> <span class='ocrx_word' id='word_1_313' title='bbox 841 2656 933 2711; x_wconf 82' lang='grc' dir='ltr'>τὸν</span> <span class='ocrx_word' id='word_1_314' title='bbox 978 2659 1083 2712; x_wconf 74' lang='grc' dir='ltr'><strong>ἀπὸ</strong></span> <span class='ocrx_word' id='word_1_315' title='bbox 1115 2652 1213 2729; x_wconf 73' lang='grc' dir='ltr'>τῆς</span> <span class='ocrx_word' id='word_1_316' title='bbox 1239 2662 1430 2725; x_wconf 85' lang='grc' dir='ltr'>νυκτὸς</span> <span class='ocrx_word' id='word_1_317' title='bbox 1473 2663 1835 2734; x_wconf 77' lang='grc' dir='ltr'>ποιησάμενος</span> <span class='ocrx_word' id='word_1_318' title='bbox 1862 2664 1988 2718; x_wconf 82' lang='grc' dir='ltr'>σκό-</span> 
     </span>
    </p>
   </div>
   <div class='ocr_carea' id='block_1_45' title="bbox 420 2746 1986 2830">
    <p class='ocr_par' dir='ltr' id='par_1_45' title="bbox 420 2746 1986 2830">
     <span class='ocr_line' id='line_1_45' title="bbox 420 2746 1986 2830; baseline 0.012 -35"><span class='ocrx_word' id='word_1_319' title='bbox 420 2760 527 2809; x_wconf 79' lang='grc' dir='ltr'>τον,</span> <span class='ocrx_word' id='word_1_320' title='bbox 550 2746 642 2798; x_wconf 74' lang='grc' dir='ltr'><strong>καὶ</strong></span> <span class='ocrx_word' id='word_1_321' title='bbox 670 2747 745 2818; x_wconf 83' lang='grc' dir='ltr'>τῷ</span> <span class='ocrx_word' id='word_1_322' title='bbox 778 2751 1173 2823; x_wconf 83' lang='grc' dir='ltr'>κεκρυμμένως</span> <span class='ocrx_word' id='word_1_323' title='bbox 1202 2752 1377 2808; x_wconf 77' lang='grc' dir='ltr'>ἐλθεῖν</span> <span class='ocrx_word' id='word_1_324' title='bbox 1406 2756 1500 2808; x_wconf 70' lang='grc' dir='ltr'><strong>ἐπὶ</strong></span> <span class='ocrx_word' id='word_1_325' title='bbox 1529 2756 1687 2828; x_wconf 79' lang='grc' dir='ltr'>διπλῇ</span> <span class='ocrx_word' id='word_1_326' title='bbox 1710 2759 1775 2827; x_wconf 79' lang='grc' dir='ltr'>τῇ</span> <span class='ocrx_word' id='word_1_327' title='bbox 1793 2756 1986 2830; x_wconf 82' lang='grc' dir='ltr'>γνώμῃ</span> 
     </span>
    </p>
   </div>
   <div class='ocr_carea' id='block_1_46' title="bbox 422 2838 908 2909">
    <p class='ocr_par' dir='ltr' id='par_1_46' title="bbox 422 2838 908 2909">
     <span class='ocr_line' id='line_1_46' title="bbox 422 2838 908 2909; baseline 0.016 -22"><span class='ocrx_word' id='word_1_328' title='bbox 422 2838 720 2907; x_wconf 61' lang='grc' dir='ltr'>κατηγορού</span> <span class='ocrx_word' id='word_1_329' title='bbox 730 2856 908 2909; x_wconf 86' lang='grc' dir='ltr'>μενος.</span> 
     </span>
    </p>
   </div>
   <div class='ocr_carea' id='block_1_47' title="bbox 496 2926 1987 3007">
    <p class='ocr_par' dir='ltr' id='par_1_47' title="bbox 496 2926 1987 3007">
     <span class='ocr_line' id='line_1_47' title="bbox 496 2926 1987 3007; baseline 0.009 -29"><span class='ocrx_word' id='word_1_330' title='bbox 496 2926 712 2991; x_wconf 73' lang='grc' dir='ltr'>Ῥαϐϐὶ,</span> <span class='ocrx_word' id='word_1_331' title='bbox 737 2929 982 2999; x_wconf 82' lang='grc' dir='ltr'>οἴδαμεν</span> <span class='ocrx_word' id='word_1_332' title='bbox 1015 2932 1103 2988; x_wconf 82' lang='grc' dir='ltr'>ὅτι</span> <span class='ocrx_word' id='word_1_333' title='bbox 1145 2936 1262 2989; x_wconf 79' lang='grc' dir='ltr'>ἀπὸ</span> <span class='ocrx_word' id='word_1_334' title='bbox 1299 2937 1448 2992; x_wconf 87' lang='grc' dir='ltr'>Θεοῦ</span> <span class='ocrx_word' id='word_1_335' title='bbox 1494 2937 1797 3007; x_wconf 72' lang='grc' dir='ltr'>ἐλήλυθας</span> <span class='ocrx_word' id='word_1_336' title='bbox 1827 2936 1987 2992; x_wconf 82' lang='grc' dir='ltr'>διδά-</span> 
     </span>
    </p>
   </div>
   <div class='ocr_carea' id='block_1_48' title="bbox 422 3018 1986 3097">
    <p class='ocr_par' dir='ltr' id='par_1_48' title="bbox 422 3018 1986 3097">
     <span class='ocr_line' id='line_1_48' title="bbox 422 3018 1986 3097; baseline 0.008 -29"><span class='ocrx_word' id='word_1_337' title='bbox 422 3018 665 3083; x_wconf 78' lang='grc' dir='ltr'>σκαλος.</span> <span class='ocrx_word' id='word_1_338' title='bbox 728 3020 938 3088; x_wconf 81' lang='grc' dir='ltr'>Οὐδεὶς</span> <span class='ocrx_word' id='word_1_339' title='bbox 984 3024 1093 3093; x_wconf 55' lang='grc' dir='ltr'><strong>γὰρ</strong></span> <span class='ocrx_word' id='word_1_340' title='bbox 1144 3026 1330 3080; x_wconf 83' lang='grc' dir='ltr'>ταῦτα</span> <span class='ocrx_word' id='word_1_341' title='bbox 1378 3029 1450 3082; x_wconf 85' lang='grc' dir='ltr'>τὰ</span> <span class='ocrx_word' id='word_1_342' title='bbox 1487 3028 1703 3097; x_wconf 81' lang='grc' dir='ltr'>σημεῖα</span> <span class='ocrx_word' id='word_1_343' title='bbox 1740 3028 1986 3082; x_wconf 80' lang='grc' dir='ltr'>δύναται</span> 
     </span>
    </p>
   </div>
   <div class='ocr_carea' id='block_1_49' title="bbox 2087 1926 3663 2005">
    <p class='ocr_par' dir='ltr' id='par_1_49' title="bbox 2087 1926 3663 2005">
     <span class='ocr_line' id='line_1_49' title="bbox 2087 1926 3663 2005; baseline 0 -24"><span class='ocrx_word' id='word_1_344' title='bbox 2087 1926 2355 1995; x_wconf 88' lang='lat' dir='ltr'><strong>scriptum</strong></span> <span class='ocrx_word' id='word_1_345' title='bbox 2375 1936 2461 1982; x_wconf 81' lang='lat' dir='ltr'><strong>est</strong></span> <span class='ocrx_word' id='word_1_346' title='bbox 2487 1926 2530 1992; x_wconf 89' lang='grc'>³,</span> <span class='ocrx_word' id='word_1_347' title='bbox 2561 1928 2764 1998; x_wconf 75' lang='lat' dir='ltr'><strong>poplite</strong></span> <span class='ocrx_word' id='word_1_348' title='bbox 2794 1929 3034 1993; x_wconf 84' lang='lat' dir='ltr'><strong>laborat,</strong></span> <span class='ocrx_word' id='word_1_349' title='bbox 3061 1930 3261 2005; x_wconf 88' lang='lat' dir='ltr'><strong>partim</strong></span> <span class='ocrx_word' id='word_1_350' title='bbox 3301 1926 3663 1993; x_wconf 56' lang='lat' dir='ltr'><strong>conscientia.</strong></span> 
     </span>
    </p>
   </div>
   <div class='ocr_carea' id='block_1_50' title="bbox 2087 2017 3653 2091">
    <p class='ocr_par' dir='ltr' id='par_1_50' title="bbox 2087 2017 3653 2091">
     <span class='ocr_line' id='line_1_50' title="bbox 2087 2017 3653 2091; baseline 0 -18"><span class='ocrx_word' id='word_1_351' title='bbox 2087 2017 2326 2073; x_wconf 88' lang='lat' dir='ltr'><strong>stimulis</strong></span> <span class='ocrx_word' id='word_1_352' title='bbox 2354 2018 2422 2072; x_wconf 89' lang='lat' dir='ltr'><strong>ad</strong></span> <span class='ocrx_word' id='word_1_353' title='bbox 2466 2017 2800 2074; x_wconf 89' lang='lat' dir='ltr'><strong>credendum</strong></span> <span class='ocrx_word' id='word_1_354' title='bbox 2830 2020 3329 2077; x_wconf 84' lang='lat' dir='ltr'><strong>obmiraculorum</strong></span> <span class='ocrx_word' id='word_1_355' title='bbox 3374 2019 3653 2091; x_wconf 79' lang='lat' dir='ltr'><strong>magnitu-</strong></span> 
     </span>
    </p>
   </div>
   <div class='ocr_carea' id='block_1_51' title="bbox 2087 2110 3651 2183">
    <p class='ocr_par' dir='ltr' id='par_1_51' title="bbox 2087 2110 3651 2183">
     <span class='ocr_line' id='line_1_51' title="bbox 2087 2110 3651 2183; baseline 0.001 -19"><span class='ocrx_word' id='word_1_356' title='bbox 2087 2110 2270 2165; x_wconf 88' lang='lat' dir='ltr'><strong>dinem</strong></span> <span class='ocrx_word' id='word_1_357' title='bbox 2301 2111 2549 2181; x_wconf 83' lang='lat' dir='ltr'><strong>adactus,</strong></span> <span class='ocrx_word' id='word_1_358' title='bbox 2585 2113 2784 2181; x_wconf 78' lang='lat' dir='ltr'><strong>partim</strong></span> <span class='ocrx_word' id='word_1_359' title='bbox 2816 2127 2957 2183; x_wconf 73' lang='lat' dir='ltr'><strong>aegrc</strong></span> <span class='ocrx_word' id='word_1_360' title='bbox 2987 2112 3167 2169; x_wconf 75' lang='lat' dir='ltr'><strong>ferens</strong></span> <span class='ocrx_word' id='word_1_361' title='bbox 3195 2111 3507 2183; x_wconf 83' lang='lat' dir='ltr'><strong>principatu</strong></span> <span class='ocrx_word' id='word_1_362' title='bbox 3535 2110 3651 2177; x_wconf 89' lang='lat' dir='ltr'><strong>illo,</strong></span> 
     </span>
    </p>
   </div>
   <div class='ocr_carea' id='block_1_52' title="bbox 2086 2202 3650 2277">
    <p class='ocr_par' dir='ltr' id='par_1_52' title="bbox 2086 2202 3650 2277">
     <span class='ocr_line' id='line_1_52' title="bbox 2086 2202 3650 2277; baseline -0.001 -20"><span class='ocrx_word' id='word_1_363' title='bbox 2086 2216 2248 2272; x_wconf 85' lang='lat' dir='ltr'><strong>quem</strong></span> <span class='ocrx_word' id='word_1_364' title='bbox 2289 2204 2343 2259; x_wconf 86' lang='lat' dir='ltr'><strong>iu</strong></span> <span class='ocrx_word' id='word_1_365' title='bbox 2377 2220 2476 2260; x_wconf 87' lang='lat' dir='ltr'><strong>sua</strong></span> <span class='ocrx_word' id='word_1_366' title='bbox 2505 2213 2666 2276; x_wconf 87' lang='lat' dir='ltr'><strong>gente</strong></span> <span class='ocrx_word' id='word_1_367' title='bbox 2705 2204 2940 2260; x_wconf 85' lang='lat' dir='ltr'><strong>habebat</strong></span> <span class='ocrx_word' id='word_1_368' title='bbox 2973 2206 3134 2277; x_wconf 89' lang='lat' dir='ltr'><strong>(erat</strong></span> <span class='ocrx_word' id='word_1_369' title='bbox 3162 2206 3309 2260; x_wconf 91' lang='lat' dir='ltr'><strong>enim</strong></span> <span class='ocrx_word' id='word_1_370' title='bbox 3338 2202 3650 2259; x_wconf 62' lang='lat' dir='ltr'><strong>Iudaeorum</strong></span> 
     </span>
    </p>
   </div>
   <div class='ocr_carea' id='block_1_53' title="bbox 2086 2293 3658 2367">
    <p class='ocr_par' dir='ltr' id='par_1_53' title="bbox 2086 2293 3658 2367">
     <span class='ocr_line' id='line_1_53' title="bbox 2086 2293 3658 2367; baseline -0.001 -20"><span class='ocrx_word' id='word_1_371' title='bbox 2086 2294 2408 2367; x_wconf 86' lang='lat' dir='ltr'><strong>princeps),</strong></span> <span class='ocrx_word' id='word_1_372' title='bbox 2452 2300 2727 2353; x_wconf 84' lang='lat' dir='ltr'><strong>excidere.</strong></span> <span class='ocrx_word' id='word_1_373' title='bbox 2762 2297 3101 2353; x_wconf 83' lang='lat' dir='ltr'><strong>Existimans</strong></span> <span class='ocrx_word' id='word_1_374' title='bbox 3129 2304 3309 2351; x_wconf 86' lang='lat' dir='ltr'><strong>autem</strong></span> <span class='ocrx_word' id='word_1_375' title='bbox 3355 2310 3518 2365; x_wconf 81' lang='lat' dir='ltr'><strong>posse</strong></span> <span class='ocrx_word' id='word_1_376' title='bbox 3564 2293 3658 2348; x_wconf 66' lang='lat' dir='ltr'><strong>dio</strong></span> 
     </span>
    </p>
   </div>
   <div class='ocr_carea' id='block_1_54' title="bbox 2087 2384 3655 2459">
    <p class='ocr_par' dir='ltr' id='par_1_54' title="bbox 2087 2384 3655 2459">
     <span class='ocr_line' id='line_1_54' title="bbox 2087 2384 3655 2459; baseline -0.003 -19"><span class='ocrx_word' id='word_1_377' title='bbox 2087 2387 2348 2457; x_wconf 86' lang='lat' dir='ltr'><strong>gnitatem</strong></span> <span class='ocrx_word' id='word_1_378' title='bbox 2383 2388 2529 2442; x_wconf 81' lang='lat' dir='ltr'><strong>illam</strong></span> <span class='ocrx_word' id='word_1_379' title='bbox 2554 2390 2697 2459; x_wconf 80' lang='lat' dir='ltr'><strong>apud</strong></span> <span class='ocrx_word' id='word_1_380' title='bbox 2732 2403 2866 2443; x_wconf 89' lang='lat' dir='ltr'><strong>suos</strong></span> <span class='ocrx_word' id='word_1_381' title='bbox 2892 2402 3135 2453; x_wconf 88' lang='lat' dir='ltr'><strong>servare,</strong></span> <span class='ocrx_word' id='word_1_382' title='bbox 3168 2396 3221 2442; x_wconf 90' lang='lat' dir='ltr'><strong>et</strong></span> <span class='ocrx_word' id='word_1_383' title='bbox 3263 2385 3483 2440; x_wconf 80' lang='lat' dir='ltr'><strong>Christo</strong></span> <span class='ocrx_word' id='word_1_384' title='bbox 3510 2384 3655 2437; x_wconf 79' lang='lat' dir='ltr'><strong>claui</strong></span> 
     </span>
    </p>
   </div>
   <div class='ocr_carea' id='block_1_55' title="bbox 2088 2477 3657 2550">
    <p class='ocr_par' dir='ltr' id='par_1_55' title="bbox 2088 2477 3657 2550">
     <span class='ocr_line' id='line_1_55' title="bbox 2088 2477 3657 2550; baseline -0.001 -18"><span class='ocrx_word' id='word_1_385' title='bbox 2088 2479 2390 2548; x_wconf 68' lang='lat' dir='ltr'><strong>adhaerere,</strong></span> <span class='ocrx_word' id='word_1_386' title='bbox 2420 2487 2568 2538; x_wconf 85' lang='lat' dir='ltr'><strong>venit</strong></span> <span class='ocrx_word' id='word_1_387' title='bbox 2593 2483 2661 2539; x_wconf 92' lang='lat' dir='ltr'><strong>ad</strong></span> <span class='ocrx_word' id='word_1_388' title='bbox 2692 2483 2911 2550; x_wconf 82' lang='lat' dir='ltr'><strong>Jesum,</strong></span> <span class='ocrx_word' id='word_1_389' title='bbox 2947 2483 3126 2538; x_wconf 88' lang='lat' dir='ltr'><strong>noctis</strong></span> <span class='ocrx_word' id='word_1_390' title='bbox 3171 2481 3417 2537; x_wconf 87' lang='lat' dir='ltr'><strong>tenebris</strong></span> <span class='ocrx_word' id='word_1_391' title='bbox 3469 2477 3657 2534; x_wconf 86' lang='lat' dir='ltr'><strong>consi-</strong></span> 
     </span>
    </p>
   </div>
   <div class='ocr_carea' id='block_1_56' title="bbox 2087 2569 3659 2651">
    <p class='ocr_par' dir='ltr' id='par_1_56' title="bbox 2087 2569 3659 2651">
     <span class='ocr_line' id='line_1_56' title="bbox 2087 2569 3659 2651; baseline 0 -28"><span class='ocrx_word' id='word_1_392' title='bbox 2087 2569 2218 2625; x_wconf 90' lang='lat' dir='ltr'><strong>lium</strong></span> <span class='ocrx_word' id='word_1_393' title='bbox 2248 2574 2453 2638; x_wconf 89' lang='lat' dir='ltr'><strong>celans,</strong></span> <span class='ocrx_word' id='word_1_394' title='bbox 2475 2584 2531 2630; x_wconf 91' lang='lat' dir='ltr'><strong>et</strong></span> <span class='ocrx_word' id='word_1_395' title='bbox 2572 2576 2861 2646; x_wconf 85' lang='lat' dir='ltr'><strong>ancipitem</strong></span> <span class='ocrx_word' id='word_1_396' title='bbox 2904 2575 3145 2630; x_wconf 90' lang='lat' dir='ltr'><strong>animum</strong></span> <span class='ocrx_word' id='word_1_397' title='bbox 3180 2572 3525 2629; x_wconf 88' lang='lat' dir='ltr'><strong>clandestino</strong></span> <span class='ocrx_word' id='word_1_398' title='bbox 3560 2569 3659 2651; x_wconf 64' lang='lat' dir='ltr'><strong>ille</strong></span> 
     </span>
    </p>
   </div>
   <div class='ocr_carea' id='block_1_57' title="bbox 2087 2663 2616 2735">
    <p class='ocr_par' dir='ltr' id='par_1_57' title="bbox 2087 2663 2616 2735">
     <span class='ocr_line' id='line_1_57' title="bbox 2087 2663 2616 2735; baseline 0.009 -19"><span class='ocrx_word' id='word_1_399' title='bbox 2087 2663 2322 2720; x_wconf 85' lang='lat' dir='ltr'><strong>adventu</strong></span> <span class='ocrx_word' id='word_1_400' title='bbox 2358 2666 2616 2735; x_wconf 86' lang='lat' dir='ltr'><strong>prodens.</strong></span> 
     </span>
    </p>
   </div>
   <div class='ocr_carea' id='block_1_58' title="bbox 2156 2930 3657 3005">
    <p class='ocr_par' dir='ltr' id='par_1_58' title="bbox 2156 2930 3657 3005">
     <span class='ocr_line' id='line_1_58' title="bbox 2156 2930 3657 3005; baseline -0.003 -18"><span class='ocrx_word' id='word_1_401' title='bbox 2156 2931 2248 3000; x_wconf 91' lang='lat' dir='ltr'><strong>lll,</strong></span> <span class='ocrx_word' id='word_1_402' title='bbox 2287 2933 2339 2987; x_wconf 74' lang='grc'><strong>2.</strong></span> <span class='ocrx_word' id='word_1_403' title='bbox 2383 2931 2584 2997; x_wconf 85' lang='lat' dir='ltr'><strong>Rabbi,</strong></span> <span class='ocrx_word' id='word_1_404' title='bbox 2617 2933 2814 2989; x_wconf 82' lang='lat' dir='ltr'><strong>scimus</strong></span> <span class='ocrx_word' id='word_1_405' title='bbox 2850 2934 2977 3005; x_wconf 85' lang='lat' dir='ltr'><strong>quia</strong></span> <span class='ocrx_word' id='word_1_406' title='bbox 3027 2948 3062 2988; x_wconf 90' lang='lat' dir='ltr'><strong>a</strong></span> <span class='ocrx_word' id='word_1_407' title='bbox 3109 2932 3212 2987; x_wconf 82' lang='lat' dir='ltr'><strong>Deo</strong></span> <span class='ocrx_word' id='word_1_408' title='bbox 3251 2930 3440 2986; x_wconf 83' lang='lat' dir='ltr'><strong>venisti</strong></span> <span class='ocrx_word' id='word_1_409' title='bbox 3484 2930 3657 2999; x_wconf 80' lang='lat' dir='ltr'><strong>magi-</strong></span> 
     </span>
    </p>
   </div>
   <div class='ocr_carea' id='block_1_59' title="bbox 2085 3019 3658 3102">
    <p class='ocr_par' dir='ltr' id='par_1_59' title="bbox 2085 3019 3658 3102">
     <span class='ocr_line' id='line_1_59' title="bbox 2085 3019 3658 3102; baseline -0.003 -27"><span class='ocrx_word' id='word_1_410' title='bbox 2085 3031 2213 3076; x_wconf 83' lang='lat' dir='ltr'><strong>ster.</strong></span> <span class='ocrx_word' id='word_1_411' title='bbox 2256 3019 2449 3099; x_wconf 85' lang='lat' dir='ltr'><strong>Nemo_</strong></span> <span class='ocrx_word' id='word_1_412' title='bbox 2475 3023 2614 3102; x_wconf 78' lang='lat' dir='ltr'><strong>enim</strong></span> <span class='ocrx_word' id='word_1_413' title='bbox 2651 3031 2818 3091; x_wconf 74' lang='lat' dir='ltr'><strong>potest</strong></span> <span class='ocrx_word' id='word_1_414' title='bbox 2860 3022 2970 3077; x_wconf 80' lang='lat' dir='ltr'><strong>Iiwc</strong></span> <span class='ocrx_word' id='word_1_415' title='bbox 3007 3022 3160 3092; x_wconf 83' lang='lat' dir='ltr'><strong>signa</strong></span> <span class='ocrx_word' id='word_1_416' title='bbox 3201 3020 3374 3091; x_wconf 79' lang='lat' dir='ltr'><strong>facere</strong></span> <span class='ocrx_word' id='word_1_417' title='bbox 3421 3034 3538 3088; x_wconf 72' lang='lat' dir='ltr'><strong>qua:</strong></span> <span class='ocrx_word' id='word_1_418' title='bbox 3596 3027 3658 3071; x_wconf 87' lang='lat' dir='ltr'><strong>tu</strong></span> 
     </span>
    </p>
   </div>
   <div class='ocr_carea' id='block_1_60' title="bbox 421 3108 1986 3200">
    <p class='ocr_par' dir='ltr' id='par_1_60' title="bbox 421 3108 1983 3189">
     <span class='ocr_line' id='line_1_60' title="bbox 421 3108 1983 3189; baseline 0.008 -30"><span class='ocrx_word' id='word_1_419' title='bbox 421 3108 627 3172; x_wconf 77' lang='grc' dir='ltr'><strong>ποιεῖν,</strong></span> <span class='ocrx_word' id='word_1_420' title='bbox 664 3108 702 3164; x_wconf 83' lang='lat' dir='ltr'><strong>d</strong></span> <span class='ocrx_word' id='word_1_421' title='bbox 733 3112 814 3165; x_wconf 87' lang='grc' dir='ltr'>σὺ</span> <span class='ocrx_word' id='word_1_422' title='bbox 840 3114 1047 3182; x_wconf 82' lang='grc' dir='ltr'>ποιεῖς,</span> <span class='ocrx_word' id='word_1_423' title='bbox 1078 3116 1186 3169; x_wconf 81' lang='grc' dir='ltr'><strong>ἐὰν</strong></span> <span class='ocrx_word' id='word_1_424' title='bbox 1214 3117 1299 3185; x_wconf 81' lang='grc' dir='ltr'>μὴ</span> <span class='ocrx_word' id='word_1_425' title='bbox 1400 3121 1433 3172; x_wconf 81' lang='grc' dir='ltr'><strong><em>ό</em></strong></span> <span class='ocrx_word' id='word_1_426' title='bbox 1472 3120 1615 3185; x_wconf 85' lang='grc' dir='ltr'>Θεὸς</span> <span class='ocrx_word' id='word_1_427' title='bbox 1634 3119 1760 3189; x_wconf 83' lang='grc' dir='ltr'>μετ’</span> <span class='ocrx_word' id='word_1_428' title='bbox 1775 3116 1983 3172; x_wconf 84' lang='grc' dir='ltr'>αὑτοῦ.</span> 
     </span>
    </p>
   </div>
   <div class='ocr_carea' id='block_1_61' title="bbox 2086 3108 3657 3200">
    <p class='ocr_par' dir='ltr' id='par_1_61' title="bbox 2089 3109 3657 3183">
     <span class='ocr_line' id='line_1_61' title="bbox 2089 3109 3657 3183; baseline -0.002 -17"><span class='ocrx_word' id='word_1_429' title='bbox 2089 3110 2247 3181; x_wconf 78' lang='lat' dir='ltr'><strong>facis,</strong></span> <span class='ocrx_word' id='word_1_430' title='bbox 2299 3115 2353 3167; x_wconf 85' lang='lat' dir='ltr'><strong>ni</strong></span> <span class='ocrx_word' id='word_1_431' title='bbox 2388 3114 2550 3183; x_wconf 80' lang='lat' dir='ltr'><strong>fuerit</strong></span> <span class='ocrx_word' id='word_1_432' title='bbox 2600 3112 2739 3169; x_wconf 82' lang='lat' dir='ltr'><strong>Deus</strong></span> <span class='ocrx_word' id='word_1_433' title='bbox 2774 3130 2892 3168; x_wconf 86' lang='lat' dir='ltr'><strong>cum</strong></span> <span class='ocrx_word' id='word_1_434' title='bbox 2929 3129 3010 3168; x_wconf 86' lang='lat' dir='ltr'><strong>eo.</strong></span> <span class='ocrx_word' id='word_1_435' title='bbox 3053 3111 3334 3181; x_wconf 71' lang='lat' dir='ltr'><strong>Respondit</strong></span> <span class='ocrx_word' id='word_1_436' title='bbox 3381 3109 3556 3174; x_wconf 76' lang='lat' dir='ltr'><strong>Iesus,</strong></span> <span class='ocrx_word' id='word_1_437' title='bbox 3606 3118 3657 3163; x_wconf 85' lang='lat' dir='ltr'><strong>et</strong></span> 
     </span>
    </p>
   </div>
   <div class='ocr_carea' id='block_1_62' title="bbox 436 3200 1543 3275">
    <p class='ocr_par' dir='ltr' id='par_1_62' title="bbox 436 3200 1543 3275">
     <span class='ocr_line' id='line_1_62' title="bbox 436 3200 1543 3275; baseline 0.01 -23"><span class='ocrx_word' id='word_1_438' title='bbox 436 3200 731 3270; x_wconf 76' lang='grc' dir='ltr'>Ἀπεκρίθη</span> <span class='ocrx_word' id='word_1_439' title='bbox 771 3205 1019 3273; x_wconf 79' lang='grc' dir='ltr'>Ἰησοῦς,</span> <span class='ocrx_word' id='word_1_440' title='bbox 1052 3208 1149 3261; x_wconf 65' lang='grc' dir='ltr'><strong>καί</strong></span> <span class='ocrx_word' id='word_1_441' title='bbox 1175 3205 1342 3263; x_wconf 79' lang='grc' dir='ltr'>εἶπεν</span> <span class='ocrx_word' id='word_1_442' title='bbox 1366 3208 1543 3275; x_wconf 80' lang='grc' dir='ltr'>αὐτῷ.</span> 
     </span>
    </p>
   </div>
   <div class='ocr_carea' id='block_1_63' title="bbox 504 3292 1990 3371">
    <p class='ocr_par' dir='ltr' id='par_1_63' title="bbox 504 3292 1990 3371">
     <span class='ocr_line' id='line_1_63' title="bbox 504 3292 1990 3371; baseline 0.007 -28"><span class='ocrx_word' id='word_1_443' title='bbox 504 3292 589 3345; x_wconf 89' lang='grc' dir='ltr'>Ἐν</span> <span class='ocrx_word' id='word_1_444' title='bbox 616 3292 823 3358; x_wconf 83' lang='grc' dir='ltr'>τούτοις</span> <span class='ocrx_word' id='word_1_445' title='bbox 850 3296 1000 3367; x_wconf 84' lang='grc' dir='ltr'>ᾠήθη</span> <span class='ocrx_word' id='word_1_446' title='bbox 1035 3300 1149 3362; x_wconf 84' lang='grc' dir='ltr'>τοῖς</span> <span class='ocrx_word' id='word_1_447' title='bbox 1182 3299 1361 3368; x_wconf 86' lang='grc' dir='ltr'>λόγοις</span> <span class='ocrx_word' id='word_1_448' title='bbox 1407 3300 1699 3371; x_wconf 84' lang='grc' dir='ltr'>ὁλόκληρον</span> <span class='ocrx_word' id='word_1_449' title='bbox 1728 3299 1871 3370; x_wconf 78' lang='grc' dir='ltr'>ἔχειν</span> <span class='ocrx_word' id='word_1_450' title='bbox 1894 3297 1990 3353; x_wconf 87' lang='grc' dir='ltr'>δύ-</span> 
     </span>
    </p>
   </div>
   <div class='ocr_carea' id='block_1_64' title="bbox 424 3386 1992 3464">
    <p class='ocr_par' dir='ltr' id='par_1_64' title="bbox 424 3386 1992 3464">
     <span class='ocr_line' id='line_1_64' title="bbox 424 3386 1992 3464; baseline 0.004 -26"><span class='ocrx_word' id='word_1_451' title='bbox 424 3386 610 3440; x_wconf 85' lang='grc' dir='ltr'>νασθαι</span> <span class='ocrx_word' id='word_1_452' title='bbox 630 3389 727 3459; x_wconf 75' lang='grc' dir='ltr'><strong>τὴν</strong></span> <span class='ocrx_word' id='word_1_453' title='bbox 751 3390 1052 3456; x_wconf 75' lang='grc' dir='ltr'>εὐσέϐειαν,</span> <span class='ocrx_word' id='word_1_454' title='bbox 1080 3392 1173 3445; x_wconf 74' lang='grc' dir='ltr'><strong>καὶ</strong></span> <span class='ocrx_word' id='word_1_455' title='bbox 1196 3393 1453 3464; x_wconf 82' lang='grc' dir='ltr'>ἀρκέσειν</span> <span class='ocrx_word' id='word_1_456' title='bbox 1469 3393 1617 3464; x_wconf 83' lang='grc' dir='ltr'>αὐτῷ</span> <span class='ocrx_word' id='word_1_457' title='bbox 1651 3392 1787 3462; x_wconf 82' lang='grc' dir='ltr'>πρὸς</span> <span class='ocrx_word' id='word_1_458' title='bbox 1820 3409 1992 3464; x_wconf 89' lang='grc' dir='ltr'>σωτη-</span> 
     </span>
    </p>
   </div>
   <div class='ocr_carea' id='block_1_65' title="bbox 427 3474 1993 3555">
    <p class='ocr_par' dir='ltr' id='par_1_65' title="bbox 427 3474 1993 3555">
     <span class='ocr_line' id='line_1_65' title="bbox 427 3474 1993 3555; baseline 0.008 -31"><span class='ocrx_word' id='word_1_459' title='bbox 427 3474 543 3546; x_wconf 89' lang='grc' dir='ltr'>ρίαν</span> <span class='ocrx_word' id='word_1_460' title='bbox 570 3476 936 3547; x_wconf 76' lang='grc' dir='ltr'>ὑπολαμϐάνει</span> <span class='ocrx_word' id='word_1_461' title='bbox 965 3480 1026 3533; x_wconf 83' lang='grc' dir='ltr'><strong>τὸ</strong></span> <span class='ocrx_word' id='word_1_462' title='bbox 1057 3480 1332 3551; x_wconf 73' lang='grc' dir='ltr'>θαυμάσαι</span> <span class='ocrx_word' id='word_1_463' title='bbox 1370 3481 1527 3552; x_wconf 86' lang='grc' dir='ltr'>μόνον</span> <span class='ocrx_word' id='word_1_464' title='bbox 1553 3480 1621 3534; x_wconf 85' lang='grc' dir='ltr'>τὰ</span> <span class='ocrx_word' id='word_1_465' title='bbox 1656 3475 1739 3544; x_wconf 73' lang='grc' dir='ltr'>οἷς</span> <span class='ocrx_word' id='word_1_466' title='bbox 1779 3479 1993 3555; x_wconf 67' lang='grc' dir='ltr'>θαυμάτ</span> 
     </span>
    </p>
   </div>
   <div class='ocr_carea' id='block_1_66' title="bbox 427 3562 1985 3644">
    <p class='ocr_par' dir='ltr' id='par_1_66' title="bbox 427 3562 1985 3644">
     <span class='ocr_line' id='line_1_66' title="bbox 427 3562 1985 3644; baseline 0.005 -26"><span class='ocrx_word' id='word_1_467' title='bbox 427 3562 608 3629; x_wconf 82' lang='grc' dir='ltr'>ζεσθαι</span> <span class='ocrx_word' id='word_1_468' title='bbox 649 3570 846 3640; x_wconf 81' lang='grc' dir='ltr'>πρέπει</span> <span class='ocrx_word' id='word_1_469' title='bbox 872 3588 885 3602; x_wconf 77' lang='grc' dir='ltr'><strong><em>ο</em></strong></span> <span class='ocrx_word' id='word_1_470' title='bbox 931 3571 1118 3644; x_wconf 75' lang='grc' dir='ltr'>ἕτερον</span> <span class='ocrx_word' id='word_1_471' title='bbox 1156 3571 1213 3625; x_wconf 80' lang='grc' dir='ltr'><strong>δὲ</strong></span> <span class='ocrx_word' id='word_1_472' title='bbox 1253 3572 1404 3626; x_wconf 81' lang='grc' dir='ltr'>οὐδὲν</span> <span class='ocrx_word' id='word_1_473' title='bbox 1441 3574 1532 3626; x_wconf 74' lang='grc' dir='ltr'>ἐπὶ</span> <span class='ocrx_word' id='word_1_474' title='bbox 1583 3572 1790 3637; x_wconf 84' lang='grc' dir='ltr'>τούτοις</span> <span class='ocrx_word' id='word_1_475' title='bbox 1813 3571 1985 3643; x_wconf 82' lang='grc' dir='ltr'>ζητεῖ.</span> 
     </span>
    </p>
   </div>
   <div class='ocr_carea' id='block_1_67' title="bbox 424 3655 1990 3736">
    <p class='ocr_par' dir='ltr' id='par_1_67' title="bbox 424 3655 1990 3736">
     <span class='ocr_line' id='line_1_67' title="bbox 424 3655 1990 3736; baseline 0.006 -28"><span class='ocrx_word' id='word_1_476' title='bbox 424 3655 744 3713; x_wconf 85' lang='grc' dir='ltr'>Διδάσκαλον</span> <span class='ocrx_word' id='word_1_477' title='bbox 774 3661 829 3713; x_wconf 84' lang='grc' dir='ltr'>δὲ</span> <span class='ocrx_word' id='word_1_478' title='bbox 853 3662 1002 3734; x_wconf 89' lang='grc' dir='ltr'><strong>παρά</strong></span> <span class='ocrx_word' id='word_1_479' title='bbox 1030 3662 1186 3728; x_wconf 83' lang='grc' dir='ltr'>Θεοῦ,</span> <span class='ocrx_word' id='word_1_480' title='bbox 1210 3664 1305 3717; x_wconf 74' lang='grc' dir='ltr'><strong>καὶ</strong></span> <span class='ocrx_word' id='word_1_481' title='bbox 1347 3665 1476 3736; x_wconf 81' lang='grc' dir='ltr'>παρ’</span> <span class='ocrx_word' id='word_1_482' title='bbox 1508 3663 1669 3718; x_wconf 79' lang='grc' dir='ltr'>αὐτοῦ</span> <span class='ocrx_word' id='word_1_483' title='bbox 1701 3662 1990 3735; x_wconf 75' lang='grc' dir='ltr'>συνεργού-</span> 
     </span>
    </p>
   </div>
   <div class='ocr_carea' id='block_1_68' title="bbox 426 3750 1989 3827">
    <p class='ocr_par' dir='ltr' id='par_1_68' title="bbox 426 3750 1989 3827">
     <span class='ocr_line' id='line_1_68' title="bbox 426 3750 1989 3827; baseline 0.004 -28"><span class='ocrx_word' id='word_1_484' title='bbox 426 3762 581 3815; x_wconf 86' lang='grc' dir='ltr'>μενον</span> <span class='ocrx_word' id='word_1_485' title='bbox 636 3750 915 3821; x_wconf 75' lang='grc' dir='ltr'>ὀνομάζων</span> <span class='ocrx_word' id='word_1_486' title='bbox 942 3754 1122 3816; x_wconf 78' lang='grc' dir='ltr'>αὐτὸν,</span> <span class='ocrx_word' id='word_1_487' title='bbox 1163 3753 1312 3806; x_wconf 81' lang='grc' dir='ltr'>οὐπω</span> <span class='ocrx_word' id='word_1_488' title='bbox 1335 3756 1474 3808; x_wconf 85' lang='grc' dir='ltr'><strong>κατά</strong></span> <span class='ocrx_word' id='word_1_489' title='bbox 1503 3756 1663 3823; x_wconf 83' lang='grc' dir='ltr'>φύσιν</span> <span class='ocrx_word' id='word_1_490' title='bbox 1701 3751 1838 3827; x_wconf 72' lang='grc' dir='ltr'>οῐδεν</span> <span class='ocrx_word' id='word_1_491' title='bbox 1862 3753 1989 3807; x_wconf 76' lang='grc' dir='ltr'>ὄντα</span> 
     </span>
    </p>
   </div>
   <div class='ocr_carea' id='block_1_69' title="bbox 420 3833 1990 3921">
    <p class='ocr_par' dir='ltr' id='par_1_69' title="bbox 420 3833 1990 3921">
     <span class='ocr_line' id='line_1_69' title="bbox 420 3833 1990 3921; baseline 0.004 -31"><span class='ocrx_word' id='word_1_492' title='bbox 420 3835 571 3905; x_wconf 85' lang='grc' dir='ltr'>Θεὸν,</span> <span class='ocrx_word' id='word_1_493' title='bbox 602 3841 721 3893; x_wconf 83' lang='grc' dir='ltr'>οὐδὲ</span> <span class='ocrx_word' id='word_1_494' title='bbox 749 3841 959 3913; x_wconf 77' lang='grc' dir='ltr'>συνίησι</span> <span class='ocrx_word' id='word_1_495' title='bbox 984 3843 1221 3914; x_wconf 86' lang='grc' dir='ltr'>δηλονότι</span> <span class='ocrx_word' id='word_1_496' title='bbox 1250 3844 1350 3913; x_wconf 78' lang='grc' dir='ltr'>τῆς</span> <span class='ocrx_word' id='word_1_497' title='bbox 1383 3844 1517 3913; x_wconf 81' lang='grc' dir='ltr'><strong>μετά</strong></span> <span class='ocrx_word' id='word_1_498' title='bbox 1550 3833 1747 3921; x_wconf 69' lang='grc' dir='ltr'>σαρκὸς</span> <span class='ocrx_word' id='word_1_499' title='bbox 1785 3846 1990 3897; x_wconf 75' lang='grc' dir='ltr'>οἰκονο-</span> 
     </span>
    </p>
   </div>
   <div class='ocr_carea' id='block_1_70' title="bbox 428 3929 1987 4006">
    <p class='ocr_par' dir='ltr' id='par_1_70' title="bbox 428 3929 1987 4006">
     <span class='ocr_line' id='line_1_70' title="bbox 428 3929 1987 4006; baseline 0.012 -25"><span class='ocrx_word' id='word_1_500' title='bbox 428 3929 552 4000; x_wconf 83' lang='grc' dir='ltr'>μίας</span> <span class='ocrx_word' id='word_1_501' title='bbox 583 3931 672 3983; x_wconf 79' lang='grc' dir='ltr'>τὺν</span> <span class='ocrx_word' id='word_1_502' title='bbox 694 3932 870 4000; x_wconf 83' lang='grc' dir='ltr'>λόγον,</span> <span class='ocrx_word' id='word_1_503' title='bbox 898 3932 976 3987; x_wconf 80' lang='grc' dir='ltr'><strong>ἔτι</strong></span> <span class='ocrx_word' id='word_1_504' title='bbox 1014 3935 1070 3987; x_wconf 79' lang='grc' dir='ltr'>δὲ</span> <span class='ocrx_word' id='word_1_505' title='bbox 1098 3935 1173 3999; x_wconf 85' lang='grc' dir='ltr'><strong>ὡς</strong></span> <span class='ocrx_word' id='word_1_506' title='bbox 1202 3934 1473 4006; x_wconf 87' lang='grc' dir='ltr'>ἀνθρώπῳ</span> <span class='ocrx_word' id='word_1_507' title='bbox 1503 3935 1749 4006; x_wconf 83' lang='grc' dir='ltr'>πρόσεισι</span> <span class='ocrx_word' id='word_1_508' title='bbox 1775 3933 1987 4004; x_wconf 71' lang='grc' dir='ltr'>γυμνῷ,</span> 
     </span>
    </p>
   </div>
   <div class='ocr_carea' id='block_1_71' title="bbox 424 4010 1691 4098">
    <p class='ocr_par' dir='ltr' id='par_1_71' title="bbox 424 4010 1691 4098">
     <span class='ocr_line' id='line_1_71' title="bbox 424 4010 1691 4098; baseline 0.006 -25"><span class='ocrx_word' id='word_1_509' title='bbox 424 4021 514 4073; x_wconf 80' lang='grc' dir='ltr'><strong>καὶ</strong></span> <span class='ocrx_word' id='word_1_510' title='bbox 540 4023 740 4093; x_wconf 90' lang='grc' dir='ltr'>μικράν</span> <span class='ocrx_word' id='word_1_511' title='bbox 779 4023 864 4076; x_wconf 73' lang='grc' dir='ltr'>ἐπ’</span> <span class='ocrx_word' id='word_1_512' title='bbox 895 4024 1042 4096; x_wconf 85' lang='grc' dir='ltr'>αὐτῷ</span> <span class='ocrx_word' id='word_1_513' title='bbox 1072 4027 1170 4098; x_wconf 82' lang='grc' dir='ltr'><strong>τὴν</strong></span> <span class='ocrx_word' id='word_1_514' title='bbox 1195 4026 1446 4098; x_wconf 68' lang='grc' dir='ltr'>διάληψιν</span> <span class='ocrx_word' id='word_1_515' title='bbox 1466 4026 1596 4096; x_wconf 76' lang='grc' dir='ltr'>ἔχει.</span> <span class='ocrx_word' id='word_1_516' title='bbox 1690 4010 1691 4013; x_wconf 8' lang='grc' dir='ltr'>Ἴ</span> 
     </span>
    </p>
   </div>
   <div class='ocr_carea' id='block_1_72' title="bbox 505 4197 1992 4271">
    <p class='ocr_par' dir='ltr' id='par_1_72' title="bbox 505 4197 1992 4271">
     <span class='ocr_line' id='line_1_72' title="bbox 505 4197 1992 4271; baseline 0.003 -21"><span class='ocrx_word' id='word_1_517' title='bbox 505 4197 702 4265; x_wconf 79' lang='grc' dir='ltr'>Ἀμὴν,</span> <span class='ocrx_word' id='word_1_518' title='bbox 738 4198 902 4266; x_wconf 85' lang='grc' dir='ltr'>ἀμὴν</span> <span class='ocrx_word' id='word_1_519' title='bbox 930 4197 1084 4268; x_wconf 72' lang='grc' dir='ltr'>λέγω</span> <span class='ocrx_word' id='word_1_520' title='bbox 1142 4214 1259 4265; x_wconf 85' lang='grc' dir='ltr'>σοι,</span> <span class='ocrx_word' id='word_1_521' title='bbox 1319 4200 1429 4253; x_wconf 81' lang='grc' dir='ltr'><strong>ἐὰν</strong></span> <span class='ocrx_word' id='word_1_522' title='bbox 1482 4199 1565 4268; x_wconf 77' lang='grc' dir='ltr'>μή</span> <span class='ocrx_word' id='word_1_523' title='bbox 1612 4218 1700 4266; x_wconf 86' lang='grc' dir='ltr'><strong>τις</strong></span> <span class='ocrx_word' id='word_1_524' title='bbox 1730 4201 1992 4271; x_wconf 78' lang='grc' dir='ltr'>γεννηθῇ</span> 
     </span>
    </p>
   </div>
   <div class='ocr_carea' id='block_1_73' title="bbox 424 4287 1987 4360">
    <p class='ocr_par' dir='ltr' id='par_1_73' title="bbox 424 4287 1987 4360">
     <span class='ocr_line' id='line_1_73' title="bbox 424 4287 1987 4360; baseline 0.004 -20"><span class='ocrx_word' id='word_1_525' title='bbox 424 4287 669 4350; x_wconf 80' lang='grc' dir='ltr'>ἄνωθεν,</span> <span class='ocrx_word' id='word_1_526' title='bbox 686 4292 754 4343; x_wconf 83' lang='grc' dir='ltr'>οὐ</span> <span class='ocrx_word' id='word_1_527' title='bbox 772 4289 1017 4343; x_wconf 83' lang='grc' dir='ltr'>δύναται</span> <span class='ocrx_word' id='word_1_528' title='bbox 1053 4290 1200 4344; x_wconf 84' lang='grc' dir='ltr'>ιδεῗν</span> <span class='ocrx_word' id='word_1_529' title='bbox 1226 4291 1676 4360; x_wconf 79' lang='grc' dir='ltr'>τὴνβασιλείαν</span> <span class='ocrx_word' id='word_1_530' title='bbox 1701 4293 1804 4345; x_wconf 83' lang='grc' dir='ltr'><strong>τοῦ</strong></span> <span class='ocrx_word' id='word_1_531' title='bbox 1823 4292 1987 4347; x_wconf 86' lang='grc' dir='ltr'>Θεοῦ.</span> 
     </span>
    </p>
   </div>
   <div class='ocr_carea' id='block_1_74' title="bbox 425 4380 1436 4451">
    <p class='ocr_par' dir='ltr' id='par_1_74' title="bbox 425 4380 1436 4451">
     <span class='ocr_line' id='line_1_74' title="bbox 425 4380 1436 4451; baseline 0.002 -17"><span class='ocrx_word' id='word_1_532' title='bbox 425 4382 596 4449; x_wconf 80' lang='grc' dir='ltr'>Λέγει</span> <span class='ocrx_word' id='word_1_533' title='bbox 632 4380 780 4447; x_wconf 76' lang='grc' dir='ltr'>πρὸς</span> <span class='ocrx_word' id='word_1_534' title='bbox 809 4381 993 4433; x_wconf 84' lang='grc' dir='ltr'>αὐτὸν</span> <span class='ocrx_word' id='word_1_535' title='bbox 1021 4385 1053 4436; x_wconf 84' lang='lat' dir='ltr'><strong>d</strong></span> <span class='ocrx_word' id='word_1_536' title='bbox 1084 4383 1436 4451; x_wconf 77' lang='grc' dir='ltr'>Νικόδημος.</span> 
     </span>
    </p>
   </div>
   <div class='ocr_carea' id='block_1_75' title="bbox 496 4467 1990 4549">
    <p class='ocr_par' dir='ltr' id='par_1_75' title="bbox 496 4467 1990 4549">
     <span class='ocr_line' id='line_1_75' title="bbox 496 4467 1990 4549; baseline 0.003 -25"><span class='ocrx_word' id='word_1_537' title='bbox 496 4469 611 4524; x_wconf 86' lang='grc' dir='ltr'>Οὐκ</span> <span class='ocrx_word' id='word_1_538' title='bbox 627 4470 710 4538; x_wconf 74' lang='grc' dir='ltr'><strong>ἐφ’</strong></span> <span class='ocrx_word' id='word_1_539' title='bbox 731 4467 1040 4541; x_wconf 81' lang='grc' dir='ltr'>οίς¹ᾡὴθης,</span> <span class='ocrx_word' id='word_1_540' title='bbox 1060 4472 1242 4549; x_wconf 53' lang='grc' dir='ltr'>φησιν,</span> <span class='ocrx_word' id='word_1_541' title='bbox 1256 4467 1300 4526; x_wconf 81' lang='grc' dir='ltr'><strong>ὧ</strong></span> <span class='ocrx_word' id='word_1_542' title='bbox 1320 4474 1617 4544; x_wconf 70' lang='grc' dir='ltr'>Νικόδημε,</span> <span class='ocrx_word' id='word_1_543' title='bbox 1632 4474 1691 4527; x_wconf 84' lang='grc' dir='ltr'><strong>τὸ</strong></span> <span class='ocrx_word' id='word_1_544' title='bbox 1718 4476 1990 4528; x_wconf 84' lang='grc' dir='ltr'>πιστεύειν</span> 
     </span>
    </p>
   </div>
   <div class='ocr_carea' id='block_1_76' title="bbox 420 4562 1989 4635">
    <p class='ocr_par' dir='ltr' id='par_1_76' title="bbox 420 4562 1989 4635">
     <span class='ocr_line' id='line_1_76' title="bbox 420 4562 1989 4635; baseline 0.003 -21"><span class='ocrx_word' id='word_1_545' title='bbox 420 4562 589 4615; x_wconf 76' lang='grc' dir='ltr'>ἐστίν.</span> <span class='ocrx_word' id='word_1_546' title='bbox 630 4562 740 4615; x_wconf 83' lang='grc' dir='ltr'>Οὐκ</span> <span class='ocrx_word' id='word_1_547' title='bbox 771 4562 931 4631; x_wconf 77' lang='grc' dir='ltr'>ἀρκεῖ</span> <span class='ocrx_word' id='word_1_548' title='bbox 957 4579 1035 4615; x_wconf 91' lang='grc' dir='ltr'><strong>σοι</strong></span> <span class='ocrx_word' id='word_1_549' title='bbox 1081 4562 1234 4629; x_wconf 70' lang='grc' dir='ltr'>λόγος</span> <span class='ocrx_word' id='word_1_550' title='bbox 1277 4566 1355 4626; x_wconf 78' lang='grc' dir='ltr'><strong>εἰς</strong></span> <span class='ocrx_word' id='word_1_551' title='bbox 1384 4564 1746 4635; x_wconf 83' lang='grc' dir='ltr'>δικαιοσύνην,</span> <span class='ocrx_word' id='word_1_552' title='bbox 1782 4566 1902 4618; x_wconf 84' lang='grc' dir='ltr'>οὐδὲ</span> <span class='ocrx_word' id='word_1_553' title='bbox 1932 4568 1989 4620; x_wconf 76' lang='grc' dir='ltr'>ἐν</span> 
     </span>
    </p>
   </div>
   <div class='ocr_carea' id='block_1_77' title="bbox 421 4648 1989 4728">
    <p class='ocr_par' dir='ltr' id='par_1_77' title="bbox 421 4648 1989 4728">
     <span class='ocr_line' id='line_1_77' title="bbox 421 4648 1989 4728; baseline 0.004 -27"><span class='ocrx_word' id='word_1_554' title='bbox 421 4649 591 4717; x_wconf 74' lang='grc' dir='ltr'>ψιλοῖς</span> <span class='ocrx_word' id='word_1_555' title='bbox 624 4648 988 4721; x_wconf 77' lang='grc' dir='ltr'>κατορθώσεις</span> <span class='ocrx_word' id='word_1_556' title='bbox 1024 4651 1232 4721; x_wconf 77' lang='grc' dir='ltr'>ῥήμασι</span> <span class='ocrx_word' id='word_1_557' title='bbox 1260 4652 1356 4722; x_wconf 76' lang='grc' dir='ltr'>τὴν</span> <span class='ocrx_word' id='word_1_558' title='bbox 1382 4653 1661 4707; x_wconf 83' lang='grc' dir='ltr'>εὐσέϐειαν</span> <span class='ocrx_word' id='word_1_559' title='bbox 1680 4671 1693 4683; x_wconf 90' lang='grc'><strong>·</strong></span> <span class='ocrx_word' id='word_1_560' title='bbox 1727 4672 1744 4705; x_wconf 83' lang='grc' dir='ltr'><strong>ι</strong></span> <span class='ocrx_word' id='word_1_561' title='bbox 1781 4655 1854 4707; x_wconf 69' lang='lat' dir='ltr'><strong>UO</strong></span> <span class='ocrx_word' id='word_1_562' title='bbox 1881 4655 1989 4728; x_wconf 85' lang='grc' dir='ltr'>γὰρ</span> 
     </span>
    </p>
   </div>
   <div class='ocr_carea' id='block_1_78' title="bbox 423 4741 1988 4819">
    <p class='ocr_par' dir='ltr' id='par_1_78' title="bbox 423 4741 1988 4819">
     <span class='ocr_line' id='line_1_78' title="bbox 423 4741 1988 4819; baseline 0.006 -26"><span class='ocrx_word' id='word_1_563' title='bbox 423 4741 528 4804; x_wconf 79' lang='grc' dir='ltr'>πᾶς</span> <span class='ocrx_word' id='word_1_564' title='bbox 557 4744 583 4794; x_wconf 84' lang='grc' dir='ltr'><strong><em>ὁ</em></strong></span> <span class='ocrx_word' id='word_1_565' title='bbox 612 4741 784 4810; x_wconf 78' lang='grc' dir='ltr'>λέγων</span> <span class='ocrx_word' id='word_1_566' title='bbox 811 4760 922 4812; x_wconf 90' lang='grc' dir='ltr'>μοι,</span> <span class='ocrx_word' id='word_1_567' title='bbox 957 4742 1149 4811; x_wconf 87' lang='grc' dir='ltr'>Κύριε,</span> <span class='ocrx_word' id='word_1_568' title='bbox 1184 4743 1374 4813; x_wconf 88' lang='grc' dir='ltr'>Κύριε,</span> <span class='ocrx_word' id='word_1_569' title='bbox 1400 4744 1759 4801; x_wconf 70' lang='grc' dir='ltr'>εἰσελεύσεται</span> <span class='ocrx_word' id='word_1_570' title='bbox 1787 4748 1865 4812; x_wconf 85' lang='grc' dir='ltr'><strong>είς</strong></span> <span class='ocrx_word' id='word_1_571' title='bbox 1888 4749 1988 4819; x_wconf 84' lang='grc' dir='ltr'>τὴν</span> 
     </span>
    </p>
   </div>
   <div class='ocr_carea' id='block_1_79' title="bbox 421 4827 1987 4915">
    <p class='ocr_par' dir='ltr' id='par_1_79' title="bbox 421 4827 1987 4915">
     <span class='ocr_line' id='line_1_79' title="bbox 421 4827 1987 4915; baseline 0.006 -33"><span class='ocrx_word' id='word_1_572' title='bbox 421 4827 694 4898; x_wconf 82' lang='grc' dir='ltr'>βασιλείαν</span> <span class='ocrx_word' id='word_1_573' title='bbox 724 4831 832 4885; x_wconf 85' lang='grc' dir='ltr'>τῶν</span> <span class='ocrx_word' id='word_1_574' title='bbox 880 4832 1148 4915; x_wconf 73' lang='grc' dir='ltr'>οὐρανῶν,</span> <span class='ocrx_word' id='word_1_575' title='bbox 1180 4833 1295 4887; x_wconf 89' lang='grc' dir='ltr'>ἀλλ’</span> <span class='ocrx_word' id='word_1_576' title='bbox 1323 4837 1352 4888; x_wconf 84' lang='grc' dir='ltr'>ὁ</span> <span class='ocrx_word' id='word_1_577' title='bbox 1380 4835 1545 4889; x_wconf 84' lang='grc' dir='ltr'>ποιῶν</span> <span class='ocrx_word' id='word_1_578' title='bbox 1575 4837 1633 4890; x_wconf 87' lang='grc' dir='ltr'>τὺ</span> <span class='ocrx_word' id='word_1_579' title='bbox 1665 4837 1872 4910; x_wconf 79' lang='grc' dir='ltr'>θέλημα</span> <span class='ocrx_word' id='word_1_580' title='bbox 1892 4837 1987 4892; x_wconf 88' lang='grc' dir='ltr'><strong>τοῦ</strong></span> 
     </span>
    </p>
   </div>
   <div class='ocr_carea' id='block_1_80' title="bbox 422 4921 1988 5000">
    <p class='ocr_par' dir='ltr' id='par_1_80' title="bbox 422 4921 1988 5000">
     <span class='ocr_line' id='line_1_80' title="bbox 422 4921 1988 5000; baseline 0.006 -27"><span class='ocrx_word' id='word_1_581' title='bbox 422 4921 631 4991; x_wconf 82' lang='grc' dir='ltr'>Πατρός</span> <span class='ocrx_word' id='word_1_582' title='bbox 686 4940 783 4993; x_wconf 90' lang='grc' dir='ltr'><strong>μου</strong></span> <span class='ocrx_word' id='word_1_583' title='bbox 832 4923 925 4976; x_wconf 83' lang='grc' dir='ltr'><strong>τοῦ</strong></span> <span class='ocrx_word' id='word_1_584' title='bbox 958 4925 1017 4976; x_wconf 81' lang='grc' dir='ltr'><strong>ὲν</strong></span> <span class='ocrx_word' id='word_1_585' title='bbox 1045 4926 1157 4987; x_wconf 81' lang='grc' dir='ltr'>τοῖς</span> <span class='ocrx_word' id='word_1_586' title='bbox 1193 4925 1459 4994; x_wconf 83' lang='grc' dir='ltr'>οὐρανοῖς.</span> <span class='ocrx_word' id='word_1_587' title='bbox 1492 4946 1511 4977; x_wconf 76' lang='grc' dir='ltr'><strong>ι</strong></span> <span class='ocrx_word' id='word_1_588' title='bbox 1539 4927 1758 5000; x_wconf 82' lang='grc' dir='ltr'>Θέλημα</span> <span class='ocrx_word' id='word_1_589' title='bbox 1803 4930 1859 4983; x_wconf 80' lang='grc' dir='ltr'>δὲ</span> <span class='ocrx_word' id='word_1_590' title='bbox 1892 4929 1988 4983; x_wconf 82' lang='grc' dir='ltr'><strong>τοῦ</strong></span> 
     </span>
    </p>
   </div>
   <div class='ocr_carea' id='block_1_81' title="bbox 419 5008 1987 5087">
    <p class='ocr_par' dir='ltr' id='par_1_81' title="bbox 419 5008 1987 5087">
     <span class='ocr_line' id='line_1_81' title="bbox 419 5008 1987 5087; baseline 0.008 -27"><span class='ocrx_word' id='word_1_591' title='bbox 419 5008 651 5078; x_wconf 82' lang='grc' dir='ltr'>Πατρὸς.</span> <span class='ocrx_word' id='word_1_592' title='bbox 689 5010 910 5080; x_wconf 83' lang='grc' dir='ltr'>μέτοχον</span> <span class='ocrx_word' id='word_1_593' title='bbox 957 5012 1057 5082; x_wconf 84' lang='grc' dir='ltr'>μὲν</span> <span class='ocrx_word' id='word_1_594' title='bbox 1101 5012 1192 5065; x_wconf 91' lang='grc' dir='ltr'><strong>τοῦ</strong></span> <span class='ocrx_word' id='word_1_595' title='bbox 1234 5014 1388 5081; x_wconf 82' lang='grc' dir='ltr'>ἁγίου</span> <span class='ocrx_word' id='word_1_596' title='bbox 1429 5016 1738 5087; x_wconf 85' lang='grc' dir='ltr'>Πνεύματος</span> <span class='ocrx_word' id='word_1_597' title='bbox 1775 5019 1987 5072; x_wconf 84' lang='grc' dir='ltr'>ἀναδει-</span> 
     </span>
    </p>
   </div>
   <div class='ocr_carea' id='block_1_82' title="bbox 425 5096 1988 5178">
    <p class='ocr_par' dir='ltr' id='par_1_82' title="bbox 425 5096 1988 5178">
     <span class='ocr_line' id='line_1_82' title="bbox 425 5096 1988 5178; baseline 0.01 -31"><span class='ocrx_word' id='word_1_598' title='bbox 425 5096 620 5165; x_wconf 79' lang='grc' dir='ltr'>χθῆναι</span> <span class='ocrx_word' id='word_1_599' title='bbox 663 5096 751 5151; x_wconf 70' lang='grc' dir='ltr'>τὸν</span> <span class='ocrx_word' id='word_1_600' title='bbox 806 5101 1108 5172; x_wconf 78' lang='grc' dir='ltr'>ἄνθρωπον,</span> <span class='ocrx_word' id='word_1_601' title='bbox 1160 5106 1240 5169; x_wconf 86' lang='grc' dir='ltr'><strong>είς</strong></span> <span class='ocrx_word' id='word_1_602' title='bbox 1292 5106 1348 5158; x_wconf 82' lang='grc' dir='ltr'>δὲ</span> <span class='ocrx_word' id='word_1_603' title='bbox 1409 5107 1650 5177; x_wconf 83' lang='grc' dir='ltr'>ἀσυνήθη</span> <span class='ocrx_word' id='word_1_604' title='bbox 1690 5109 1784 5161; x_wconf 66' lang='grc' dir='ltr'><strong>κοιλ⁸</strong></span> <span class='ocrx_word' id='word_1_605' title='bbox 1829 5110 1988 5178; x_wconf 80' lang='grc' dir='ltr'>ξένην</span> 
     </span>
    </p>
   </div>
   <div class='ocr_carea' id='block_1_83' title="bbox 425 5189 1985 5267">
    <p class='ocr_par' dir='ltr' id='par_1_83' title="bbox 425 5189 1985 5267">
     <span class='ocr_line' id='line_1_83' title="bbox 425 5189 1985 5267; baseline 0.006 -25"><span class='ocrx_word' id='word_1_606' title='bbox 425 5189 853 5258; x_wconf 83' lang='grc' dir='ltr'>ἀναγεννηθέντα</span> <span class='ocrx_word' id='word_1_607' title='bbox 900 5192 1060 5265; x_wconf 79' lang='grc' dir='ltr'>ζωὴν,</span> <span class='ocrx_word' id='word_1_608' title='bbox 1092 5196 1186 5248; x_wconf 77' lang='grc' dir='ltr'>καὶ</span> <span class='ocrx_word' id='word_1_609' title='bbox 1235 5196 1467 5267; x_wconf 85' lang='grc' dir='ltr'>ούρανοῦ</span> <span class='ocrx_word' id='word_1_610' title='bbox 1506 5199 1842 5267; x_wconf 85' lang='grc' dir='ltr'>χρηματίσαι</span> <span class='ocrx_word' id='word_1_611' title='bbox 1887 5217 1985 5252; x_wconf 89' lang='grc' dir='ltr'>πο-</span> 
     </span>
    </p>
   </div>
   <div class='ocr_carea' id='block_1_84' title="bbox 423 5274 1987 5358">
    <p class='ocr_par' dir='ltr' id='par_1_84' title="bbox 423 5274 1987 5358">
     <span class='ocr_line' id='line_1_84' title="bbox 423 5274 1987 5358; baseline 0.01 -31"><span class='ocrx_word' id='word_1_612' title='bbox 423 5274 573 5345; x_wconf 82' lang='grc' dir='ltr'>λίτην</span> <span class='ocrx_word' id='word_1_613' title='bbox 623 5276 714 5329; x_wconf 79' lang='grc' dir='ltr'>τὸν</span> <span class='ocrx_word' id='word_1_614' title='bbox 766 5279 872 5331; x_wconf 83' lang='grc' dir='ltr'><strong>ἀπὸ</strong></span> <span class='ocrx_word' id='word_1_615' title='bbox 921 5283 1018 5351; x_wconf 84' lang='grc' dir='ltr'><strong>τῆς</strong></span> <span class='ocrx_word' id='word_1_616' title='bbox 1059 5285 1182 5351; x_wconf 77' lang='grc' dir='ltr'>γῆς.</span> <span class='ocrx_word' id='word_1_617' title='bbox 1222 5284 1462 5338; x_wconf 79' lang='grc' dir='ltr'>’Λνωθεν</span> <span class='ocrx_word' id='word_1_618' title='bbox 1486 5285 1542 5337; x_wconf 83' lang='grc' dir='ltr'><strong>δὲ</strong></span> <span class='ocrx_word' id='word_1_619' title='bbox 1585 5285 1760 5353; x_wconf 81' lang='grc' dir='ltr'>λέγων</span> <span class='ocrx_word' id='word_1_620' title='bbox 1780 5287 1877 5358; x_wconf 77' lang='grc' dir='ltr'><strong>τὴν</strong></span> <span class='ocrx_word' id='word_1_621' title='bbox 1898 5288 1987 5342; x_wconf 75' lang='grc' dir='ltr'>διὰ</span> 
     </span>
    </p>
   </div>
   <div class='ocr_carea' id='block_1_85' title="bbox 423 5365 1986 5447">
    <p class='ocr_par' dir='ltr' id='par_1_85' title="bbox 423 5365 1986 5447">
     <span class='ocr_line' id='line_1_85' title="bbox 423 5365 1986 5447; baseline 0.01 -29"><span class='ocrx_word' id='word_1_622' title='bbox 423 5365 737 5437; x_wconf 83' lang='grc' dir='ltr'>Πνεύματος</span> <span class='ocrx_word' id='word_1_623' title='bbox 768 5368 1138 5441; x_wconf 85' lang='grc' dir='ltr'>ἀναγέννησιν,</span> <span class='ocrx_word' id='word_1_624' title='bbox 1170 5376 1233 5428; x_wconf 84' lang='grc' dir='ltr'>ὲκ</span> <span class='ocrx_word' id='word_1_625' title='bbox 1263 5377 1362 5447; x_wconf 82' lang='grc' dir='ltr'><strong>τῆς</strong></span> <span class='ocrx_word' id='word_1_626' title='bbox 1391 5376 1579 5440; x_wconf 83' lang='grc' dir='ltr'>οὐσίας</span> <span class='ocrx_word' id='word_1_627' title='bbox 1615 5376 1708 5429; x_wconf 91' lang='grc' dir='ltr'><strong>τοῦ</strong></span> <span class='ocrx_word' id='word_1_628' title='bbox 1737 5377 1869 5431; x_wconf 83' lang='grc' dir='ltr'>Θεοῦ</span> <span class='ocrx_word' id='word_1_629' title='bbox 1893 5381 1986 5433; x_wconf 79' lang='grc' dir='ltr'><strong>καὶ</strong></span> 
     </span>
    </p>
   </div>
   <div class='ocr_carea' id='block_1_86' title="bbox 426 5457 1985 5538">
    <p class='ocr_par' dir='ltr' id='par_1_86' title="bbox 426 5457 1985 5538">
     <span class='ocr_line' id='line_1_86' title="bbox 426 5457 1985 5538; baseline 0.008 -28"><span class='ocrx_word' id='word_1_630' title='bbox 426 5457 632 5530; x_wconf 85' lang='grc' dir='ltr'>Πατρὺς</span> <span class='ocrx_word' id='word_1_631' title='bbox 660 5460 904 5531; x_wconf 85' lang='grc' dir='ltr'>ὑπάρχον</span> <span class='ocrx_word' id='word_1_632' title='bbox 940 5462 1000 5515; x_wconf 81' lang='grc' dir='ltr'><strong>τὸ</strong></span> <span class='ocrx_word' id='word_1_633' title='bbox 1042 5463 1263 5533; x_wconf 84' lang='grc' dir='ltr'>Πνεῦμα</span> <span class='ocrx_word' id='word_1_634' title='bbox 1296 5466 1527 5519; x_wconf 86' lang='grc' dir='ltr'>δεικνύει</span> <span class='ocrx_word' id='word_1_635' title='bbox 1564 5466 1770 5535; x_wconf 81' lang='grc' dir='ltr'>σαφῶς,</span> <span class='ocrx_word' id='word_1_636' title='bbox 1796 5469 1985 5538; x_wconf 81' lang='grc' dir='ltr'>ὥσπερ</span> 
     </span>
    </p>
   </div>
   <div class='ocr_carea' id='block_1_87' title="bbox 428 5547 1983 5629">
    <p class='ocr_par' dir='ltr' id='par_1_87' title="bbox 428 5547 1983 5629">
     <span class='ocr_line' id='line_1_87' title="bbox 428 5547 1983 5629; baseline 0.009 -31"><span class='ocrx_word' id='word_1_637' title='bbox 428 5547 633 5615; x_wconf 78' lang='grc' dir='ltr'>ἀμέλει,</span> <span class='ocrx_word' id='word_1_638' title='bbox 666 5552 758 5605; x_wconf 75' lang='grc' dir='ltr'><strong>καὶ</strong></span> <span class='ocrx_word' id='word_1_639' title='bbox 801 5553 964 5615; x_wconf 77' lang='grc' dir='ltr'>αὐτὸς</span> <span class='ocrx_word' id='word_1_640' title='bbox 1008 5555 1134 5624; x_wconf 70' lang='grc' dir='ltr'>περὶ</span> <span class='ocrx_word' id='word_1_641' title='bbox 1166 5554 1358 5608; x_wconf 72' lang='grc' dir='ltr'>ἑαυτοῦ</span> <span class='ocrx_word' id='word_1_642' title='bbox 1404 5557 1506 5610; x_wconf 87' lang='grc' dir='ltr'><strong>πού</strong></span> <span class='ocrx_word' id='word_1_643' title='bbox 1541 5575 1734 5628; x_wconf 78' lang='grc' dir='ltr'>φησιν’</span> <span class='ocrx_word' id='word_1_644' title='bbox 1779 5577 1797 5610; x_wconf 80' lang='grc' dir='ltr'><strong>ι</strong></span> <span class='ocrx_word' id='word_1_645' title='bbox 1844 5560 1983 5629; x_wconf 83' lang='grc' dir='ltr'><strong>Ἐγὼ</strong></span> 
     </span>
    </p>
   </div>
   <div class='ocr_carea' id='block_1_88' title="bbox 500 5726 1431 5802">
    <p class='ocr_par' dir='ltr' id='par_1_88' title="bbox 500 5726 1431 5802">
     <span class='ocr_line' id='line_1_88' title="bbox 500 5726 1431 5802; baseline 0.012 -20"><span class='ocrx_word' id='word_1_646' title='bbox 500 5726 680 5785; x_wconf 81' lang='lat' dir='ltr'><strong>‘Psal.</strong></span> <span class='ocrx_word' id='word_1_647' title='bbox 714 5749 858 5798; x_wconf 74' lang='lat' dir='ltr'><strong>xcm,</strong></span> <span class='ocrx_word' id='word_1_648' title='bbox 892 5736 943 5789; x_wconf 83' lang='lat'><strong>9.</strong></span> <span class='ocrx_word' id='word_1_649' title='bbox 1025 5738 1041 5767; x_wconf 82' lang='grc'>²</span> <span class='ocrx_word' id='word_1_650' title='bbox 1071 5735 1171 5791; x_wconf 79' lang='lat' dir='ltr'><strong>Job</strong></span> <span class='ocrx_word' id='word_1_651' title='bbox 1213 5754 1340 5802; x_wconf 75' lang='lat' dir='ltr'><strong>ml,</strong></span> <span class='ocrx_word' id='word_1_652' title='bbox 1381 5740 1431 5793; x_wconf 81' lang='grc'><strong>5.</strong></span> 
     </span>
    </p>
   </div>
   <div class='ocr_carea' id='block_1_89' title="bbox 2088 3202 2324 3260">
    <p class='ocr_par' dir='ltr' id='par_1_89' title="bbox 2088 3202 2324 3260">
     <span class='ocr_line' id='line_1_89' title="bbox 2088 3202 2324 3260; baseline 0.013 -3"><span class='ocrx_word' id='word_1_653' title='bbox 2088 3202 2228 3259; x_wconf 72' lang='lat' dir='ltr'><strong>dixit</strong></span> <span class='ocrx_word' id='word_1_654' title='bbox 2256 3205 2324 3260; x_wconf 87' lang='lat' dir='ltr'><strong>ei.</strong></span> 
     </span>
    </p>
   </div>
   <div class='ocr_carea' id='block_1_90' title="bbox 2158 3274 3659 3362">
    <p class='ocr_par' dir='ltr' id='par_1_90' title="bbox 2158 3274 3659 3362">
     <span class='ocr_line' id='line_1_90' title="bbox 2158 3274 3659 3362; baseline 0.003 -19"><span class='ocrx_word' id='word_1_655' title='bbox 2158 3274 2258 3345; x_wconf 79' lang='lat' dir='ltr'><strong>His</strong></span> <span class='ocrx_word' id='word_1_656' title='bbox 2295 3282 2480 3348; x_wconf 85' lang='lat' dir='ltr'><strong>verbis</strong></span> <span class='ocrx_word' id='word_1_657' title='bbox 2512 3291 2810 3361; x_wconf 83' lang='lat' dir='ltr'><strong>perfectam</strong></span> <span class='ocrx_word' id='word_1_658' title='bbox 2844 3307 2904 3349; x_wconf 91' lang='lat' dir='ltr'><strong>se</strong></span> <span class='ocrx_word' id='word_1_659' title='bbox 2934 3293 3189 3362; x_wconf 84' lang='lat' dir='ltr'><strong>pietatem</strong></span> <span class='ocrx_word' id='word_1_660' title='bbox 3225 3291 3473 3347; x_wconf 88' lang='lat' dir='ltr'><strong>obtinere</strong></span> <span class='ocrx_word' id='word_1_661' title='bbox 3497 3306 3659 3362; x_wconf 83' lang='lat' dir='ltr'><strong>posse</strong></span> 
     </span>
    </p>
   </div>
   <div class='ocr_carea' id='block_1_91' title="bbox 2091 3364 3658 3450">
    <p class='ocr_par' dir='ltr' id='par_1_91' title="bbox 2091 3364 3658 3450">
     <span class='ocr_line' id='line_1_91' title="bbox 2091 3364 3658 3450; baseline -0.001 -17"><span class='ocrx_word' id='word_1_662' title='bbox 2091 3385 2267 3449; x_wconf 86' lang='lat' dir='ltr'><strong>putat,</strong></span> <span class='ocrx_word' id='word_1_663' title='bbox 2299 3364 2515 3450; x_wconf 78' lang='lat' dir='ltr'><strong>sibique</strong></span> <span class='ocrx_word' id='word_1_664' title='bbox 2555 3381 2692 3437; x_wconf 85' lang='lat' dir='ltr'><strong>satis</strong></span> <span class='ocrx_word' id='word_1_665' title='bbox 2737 3380 2854 3436; x_wconf 82' lang='lat' dir='ltr'><strong>fore</strong></span> <span class='ocrx_word' id='word_1_666' title='bbox 2888 3381 3168 3437; x_wconf 77' lang='lat' dir='ltr'><strong>existimat</strong></span> <span class='ocrx_word' id='word_1_667' title='bbox 3210 3381 3276 3435; x_wconf 88' lang='lat' dir='ltr'><strong>ad</strong></span> <span class='ocrx_word' id='word_1_668' title='bbox 3323 3380 3578 3445; x_wconf 80' lang='lat' dir='ltr'><strong>salutem,</strong></span> <span class='ocrx_word' id='word_1_669' title='bbox 3611 3381 3658 3435; x_wconf 88' lang='lat' dir='ltr'><strong>si</strong></span> 
     </span>
    </p>
   </div>
   <div class='ocr_carea' id='block_1_92' title="bbox 2090 3469 3656 3543">
    <p class='ocr_par' dir='ltr' id='par_1_92' title="bbox 2090 3469 3656 3543">
     <span class='ocr_line' id='line_1_92' title="bbox 2090 3469 3656 3543; baseline -0.002 -18"><span class='ocrx_word' id='word_1_670' title='bbox 2090 3469 2154 3525; x_wconf 84' lang='lat' dir='ltr'><strong>ea</strong></span> <span class='ocrx_word' id='word_1_671' title='bbox 2206 3476 2420 3524; x_wconf 88' lang='lat' dir='ltr'><strong>tantum</strong></span> <span class='ocrx_word' id='word_1_672' title='bbox 2450 3470 2687 3526; x_wconf 88' lang='lat' dir='ltr'><strong>miretur</strong></span> <span class='ocrx_word' id='word_1_673' title='bbox 2725 3485 2846 3541; x_wconf 76' lang='lat' dir='ltr'><strong>qua:</strong></span> <span class='ocrx_word' id='word_1_674' title='bbox 2898 3470 3261 3526; x_wconf 83' lang='lat' dir='ltr'><strong>admiratione</strong></span> <span class='ocrx_word' id='word_1_675' title='bbox 3291 3471 3457 3543; x_wconf 86' lang='lat' dir='ltr'><strong>digna</strong></span> <span class='ocrx_word' id='word_1_676' title='bbox 3508 3479 3656 3526; x_wconf 88' lang='lat' dir='ltr'><strong>sunt.</strong></span> 
     </span>
    </p>
   </div>
   <div class='ocr_carea' id='block_1_93' title="bbox 2090 3562 3656 3634">
    <p class='ocr_par' dir='ltr' id='par_1_93' title="bbox 2090 3562 3656 3634">
     <span class='ocr_line' id='line_1_93' title="bbox 2090 3562 3656 3634; baseline -0.002 -15"><span class='ocrx_word' id='word_1_677' title='bbox 2090 3562 2362 3619; x_wconf 58' lang='lat' dir='ltr'><strong>Caeterum</strong></span> <span class='ocrx_word' id='word_1_678' title='bbox 2388 3562 2526 3617; x_wconf 80' lang='lat' dir='ltr'><strong>nihil</strong></span> <span class='ocrx_word' id='word_1_679' title='bbox 2553 3563 2698 3618; x_wconf 87' lang='lat' dir='ltr'><strong>aliud</strong></span> <span class='ocrx_word' id='word_1_680' title='bbox 2723 3571 2918 3634; x_wconf 68' lang='lat' dir='ltr'><strong>praeter</strong></span> <span class='ocrx_word' id='word_1_681' title='bbox 2943 3563 3059 3618; x_wconf 64' lang='lat' dir='ltr'><strong>hac</strong></span> <span class='ocrx_word' id='word_1_682' title='bbox 3081 3563 3293 3633; x_wconf 61' lang='lat' dir='ltr'><strong>quarrit.</strong></span> <span class='ocrx_word' id='word_1_683' title='bbox 3318 3562 3454 3617; x_wconf 91' lang='lat' dir='ltr'><strong>Dum</strong></span> <span class='ocrx_word' id='word_1_684' title='bbox 3475 3570 3656 3617; x_wconf 79' lang='lat' dir='ltr'><strong>autem</strong></span> 
     </span>
    </p>
   </div>
   <div class='ocr_carea' id='block_1_94' title="bbox 2091 3653 3659 3725">
    <p class='ocr_par' dir='ltr' id='par_1_94' title="bbox 2091 3653 3659 3725">
     <span class='ocr_line' id='line_1_94' title="bbox 2091 3653 3659 3725; baseline 0 -17"><span class='ocrx_word' id='word_1_685' title='bbox 2091 3654 2273 3725; x_wconf 87' lang='lat' dir='ltr'><strong>ipsum</strong></span> <span class='ocrx_word' id='word_1_686' title='bbox 2304 3654 2631 3723; x_wconf 78' lang='lat' dir='ltr'><strong>magistrum</strong></span> <span class='ocrx_word' id='word_1_687' title='bbox 2666 3654 2742 3708; x_wconf 88' lang='lat' dir='ltr'><strong>ait</strong></span> <span class='ocrx_word' id='word_1_688' title='bbox 2784 3671 2814 3708; x_wconf 83' lang='lat' dir='ltr'><strong>a</strong></span> <span class='ocrx_word' id='word_1_689' title='bbox 2857 3653 2969 3710; x_wconf 88' lang='lat' dir='ltr'><strong>Deo</strong></span> <span class='ocrx_word' id='word_1_690' title='bbox 3012 3656 3253 3721; x_wconf 86' lang='lat' dir='ltr'><strong>venisse,</strong></span> <span class='ocrx_word' id='word_1_691' title='bbox 3286 3661 3490 3709; x_wconf 91' lang='lat' dir='ltr'><strong>etcum</strong></span> <span class='ocrx_word' id='word_1_692' title='bbox 3535 3654 3659 3724; x_wconf 84' lang='lat' dir='ltr'><strong>ipso</strong></span> 
     </span>
    </p>
   </div>
   <div class='ocr_carea' id='block_1_95' title="bbox 2091 3742 3656 3816">
    <p class='ocr_par' dir='ltr' id='par_1_95' title="bbox 2091 3742 3656 3816">
     <span class='ocr_line' id='line_1_95' title="bbox 2091 3742 3656 3816; baseline -0.001 -17"><span class='ocrx_word' id='word_1_693' title='bbox 2091 3742 2261 3802; x_wconf 85' lang='lat' dir='ltr'><strong>Deum</strong></span> <span class='ocrx_word' id='word_1_694' title='bbox 2323 3744 2573 3816; x_wconf 87' lang='lat' dir='ltr'><strong>operari,</strong></span> <span class='ocrx_word' id='word_1_695' title='bbox 2620 3745 2865 3801; x_wconf 87' lang='lat' dir='ltr'><strong>nondum</strong></span> <span class='ocrx_word' id='word_1_696' title='bbox 2923 3744 3075 3802; x_wconf 83' lang='lat' dir='ltr'><strong>novit</strong></span> <span class='ocrx_word' id='word_1_697' title='bbox 3124 3761 3250 3800; x_wconf 90' lang='lat' dir='ltr'><strong>eum</strong></span> <span class='ocrx_word' id='word_1_698' title='bbox 3307 3761 3432 3801; x_wconf 89' lang='lat' dir='ltr'><strong>esse</strong></span> <span class='ocrx_word' id='word_1_699' title='bbox 3488 3744 3656 3800; x_wconf 90' lang='lat' dir='ltr'><strong>Deum</strong></span> 
     </span>
    </p>
   </div>
   <div class='ocr_carea' id='block_1_96' title="bbox 2091 3836 3659 3907">
    <p class='ocr_par' dir='ltr' id='par_1_96' title="bbox 2091 3836 3659 3907">
     <span class='ocr_line' id='line_1_96' title="bbox 2091 3836 3659 3907; baseline -0.004 -14"><span class='ocrx_word' id='word_1_700' title='bbox 2091 3836 2394 3893; x_wconf 87' lang='lat' dir='ltr'><strong>secundum</strong></span> <span class='ocrx_word' id='word_1_701' title='bbox 2454 3843 2757 3900; x_wconf 84' lang='lat' dir='ltr'><strong>naturam,</strong></span> <span class='ocrx_word' id='word_1_702' title='bbox 2812 3852 2994 3907; x_wconf 90' lang='lat' dir='ltr'><strong>neque</strong></span> <span class='ocrx_word' id='word_1_703' title='bbox 3059 3837 3329 3893; x_wconf 90' lang='lat' dir='ltr'><strong>rationem</strong></span> <span class='ocrx_word' id='word_1_704' title='bbox 3400 3837 3659 3892; x_wconf 84' lang='lat' dir='ltr'><strong>videlicet</strong></span> 
     </span>
    </p>
   </div>
   <div class='ocr_carea' id='block_1_97' title="bbox 2091 3919 3659 3999">
    <p class='ocr_par' dir='ltr' id='par_1_97' title="bbox 2091 3919 3659 3999">
     <span class='ocr_line' id='line_1_97' title="bbox 2091 3919 3659 3999; baseline -0.001 -16"><span class='ocrx_word' id='word_1_705' title='bbox 2091 3919 2490 3983; x_wconf 86' lang='lat' dir='ltr'><strong>incarnationis</strong></span> <span class='ocrx_word' id='word_1_706' title='bbox 2525 3928 2804 3999; x_wconf 88' lang='lat' dir='ltr'><strong>intelligit,</strong></span> <span class='ocrx_word' id='word_1_707' title='bbox 2841 3928 2938 3984; x_wconf 88' lang='lat' dir='ltr'><strong>sed</strong></span> <span class='ocrx_word' id='word_1_708' title='bbox 2989 3943 3112 3984; x_wconf 89' lang='lat' dir='ltr'><strong>eum</strong></span> <span class='ocrx_word' id='word_1_709' title='bbox 3169 3929 3353 3983; x_wconf 89' lang='lat' dir='ltr'><strong>adhuc</strong></span> <span class='ocrx_word' id='word_1_710' title='bbox 3399 3936 3659 3999; x_wconf 89' lang='lat' dir='ltr'><strong>tauquam</strong></span> 
     </span>
    </p>
   </div>
   <div class='ocr_carea' id='block_1_98' title="bbox 2092 4019 3661 4086">
    <p class='ocr_par' dir='ltr' id='par_1_98' title="bbox 2092 4019 3661 4086">
     <span class='ocr_line' id='line_1_98' title="bbox 2092 4019 3661 4086; baseline -0.002 -11"><span class='ocrx_word' id='word_1_711' title='bbox 2092 4037 2302 4077; x_wconf 90' lang='lat' dir='ltr'><strong>merum</strong></span> <span class='ocrx_word' id='word_1_712' title='bbox 2343 4020 2620 4076; x_wconf 90' lang='lat' dir='ltr'><strong>hominem</strong></span> <span class='ocrx_word' id='word_1_713' title='bbox 2669 4020 2818 4086; x_wconf 87' lang='lat' dir='ltr'><strong>adit,</strong></span> <span class='ocrx_word' id='word_1_714' title='bbox 2866 4029 2920 4076; x_wconf 91' lang='lat' dir='ltr'><strong>et</strong></span> <span class='ocrx_word' id='word_1_715' title='bbox 2970 4020 3213 4075; x_wconf 88' lang='lat' dir='ltr'><strong>tenuiter</strong></span> <span class='ocrx_word' id='word_1_716' title='bbox 3261 4019 3549 4074; x_wconf 88' lang='lat' dir='ltr'><strong>admodum</strong></span> <span class='ocrx_word' id='word_1_717' title='bbox 3589 4020 3661 4072; x_wconf 84' lang='lat' dir='ltr'><strong>do</strong></span> 
     </span>
    </p>
   </div>
   <div class='ocr_carea' id='block_1_99' title="bbox 2092 4109 2403 4165">
    <p class='ocr_par' dir='ltr' id='par_1_99' title="bbox 2092 4109 2403 4165">
     <span class='ocr_line' id='line_1_99' title="bbox 2092 4109 2403 4165; baseline -0.003 -1"><span class='ocrx_word' id='word_1_718' title='bbox 2092 4109 2182 4165; x_wconf 94' lang='lat' dir='ltr'><strong>illo</strong></span> <span class='ocrx_word' id='word_1_719' title='bbox 2216 4110 2403 4165; x_wconf 92' lang='lat' dir='ltr'><strong>sentit.</strong></span> 
     </span>
    </p>
   </div>
   <div class='ocr_carea' id='block_1_100' title="bbox 2166 4197 3658 4272">
    <p class='ocr_par' dir='ltr' id='par_1_100' title="bbox 2166 4197 3658 4272">
     <span class='ocr_line' id='line_1_100' title="bbox 2166 4197 3658 4272; baseline -0.002 -17"><span class='ocrx_word' id='word_1_720' title='bbox 2166 4200 2325 4272; x_wconf 62' lang='grc'><strong>146</strong></span> <span class='ocrx_word' id='word_1_721' title='bbox 2378 4199 2466 4266; x_wconf 91' lang='lat' dir='ltr'><strong>Ill,</strong></span> <span class='ocrx_word' id='word_1_722' title='bbox 2507 4201 2561 4257; x_wconf 75' lang='lat'><strong>3.</strong></span> <span class='ocrx_word' id='word_1_723' title='bbox 2606 4202 2805 4266; x_wconf 81' lang='lat' dir='ltr'><strong>Amen,</strong></span> <span class='ocrx_word' id='word_1_724' title='bbox 2837 4215 2987 4252; x_wconf 87' lang='lat' dir='ltr'><strong>amen</strong></span> <span class='ocrx_word' id='word_1_725' title='bbox 3039 4200 3158 4252; x_wconf 81' lang='lat' dir='ltr'><strong>dico</strong></span> <span class='ocrx_word' id='word_1_726' title='bbox 3207 4197 3322 4260; x_wconf 84' lang='lat' dir='ltr'><strong>tibi,</strong></span> <span class='ocrx_word' id='word_1_727' title='bbox 3383 4198 3489 4251; x_wconf 82' lang='lat' dir='ltr'><strong>nisi</strong></span> <span class='ocrx_word' id='word_1_728' title='bbox 3540 4197 3658 4266; x_wconf 73' lang='lat' dir='ltr'><strong>quia</strong></span> 
     </span>
    </p>
   </div>
   <div class='ocr_carea' id='block_1_101' title="bbox 2093 4284 3667 4358">
    <p class='ocr_par' dir='ltr' id='par_1_101' title="bbox 2093 4284 3667 4358">
     <span class='ocr_line' id='line_1_101' title="bbox 2093 4284 3667 4358; baseline -0.003 -15"><span class='ocrx_word' id='word_1_729' title='bbox 2093 4300 2306 4344; x_wconf 84' lang='lat' dir='ltr'><strong>renatus</strong></span> <span class='ocrx_word' id='word_1_730' title='bbox 2328 4290 2490 4358; x_wconf 79' lang='lat' dir='ltr'><strong>fuerit</strong></span> <span class='ocrx_word' id='word_1_731' title='bbox 2519 4289 2760 4358; x_wconf 79' lang='lat' dir='ltr'><strong>desuper,</strong></span> <span class='ocrx_word' id='word_1_732' title='bbox 2781 4304 2883 4341; x_wconf 87' lang='lat' dir='ltr'><strong>non</strong></span> <span class='ocrx_word' id='word_1_733' title='bbox 2910 4296 3076 4355; x_wconf 84' lang='lat' dir='ltr'><strong>potest</strong></span> <span class='ocrx_word' id='word_1_734' title='bbox 3105 4287 3275 4340; x_wconf 71' lang='lat' dir='ltr'><strong>ridere</strong></span> <span class='ocrx_word' id='word_1_735' title='bbox 3304 4302 3516 4354; x_wconf 76' lang='lat' dir='ltr'><strong>regnum</strong></span> <span class='ocrx_word' id='word_1_736' title='bbox 3537 4284 3667 4345; x_wconf 56' lang='grc' dir='ltr'>θοὴ,</span> 
     </span>
    </p>
   </div>
   <div class='ocr_carea' id='block_1_102' title="bbox 2097 4378 2859 4434">
    <p class='ocr_par' dir='ltr' id='par_1_102' title="bbox 2097 4378 2859 4434">
     <span class='ocr_line' id='line_1_102' title="bbox 2097 4378 2859 4434; baseline -0.003 -1"><span class='ocrx_word' id='word_1_737' title='bbox 2097 4378 2237 4434; x_wconf 83' lang='lat' dir='ltr'><strong>Dicit</strong></span> <span class='ocrx_word' id='word_1_738' title='bbox 2271 4381 2342 4432; x_wconf 81' lang='lat' dir='ltr'><strong>ad</strong></span> <span class='ocrx_word' id='word_1_739' title='bbox 2367 4396 2487 4434; x_wconf 88' lang='lat' dir='ltr'><strong>eum</strong></span> <span class='ocrx_word' id='word_1_740' title='bbox 2518 4378 2859 4433; x_wconf 74' lang='lat' dir='ltr'><strong>Nicodamus.</strong></span> 
     </span>
    </p>
   </div>
   <div class='ocr_carea' id='block_1_103' title="bbox 2020 4461 3654 4542">
    <p class='ocr_par' dir='ltr' id='par_1_103' title="bbox 2020 4461 3654 4542">
     <span class='ocr_line' id='line_1_103' title="bbox 2020 4461 3654 4542; baseline 0.002 -20"><span class='ocrx_word' id='word_1_741' title='bbox 2020 4461 2069 4522; x_wconf 90' lang='lat' dir='ltr'><strong>D</strong></span> <span class='ocrx_word' id='word_1_742' title='bbox 2164 4470 2281 4526; x_wconf 85' lang='lat' dir='ltr'><strong>Non</strong></span> <span class='ocrx_word' id='word_1_743' title='bbox 2309 4473 2511 4542; x_wconf 89' lang='lat' dir='ltr'><strong>quibus</strong></span> <span class='ocrx_word' id='word_1_744' title='bbox 2539 4471 2703 4528; x_wconf 87' lang='lat' dir='ltr'><strong>rebus</strong></span> <span class='ocrx_word' id='word_1_745' title='bbox 2728 4471 3037 4534; x_wconf 82' lang='lat' dir='ltr'><strong>existimas,</strong></span> <span class='ocrx_word' id='word_1_746' title='bbox 3067 4471 3267 4541; x_wconf 87' lang='lat' dir='ltr'><strong>inquit,</strong></span> <span class='ocrx_word' id='word_1_747' title='bbox 3288 4469 3654 4534; x_wconf 83' lang='lat' dir='ltr'><strong>oNicodeme,</strong></span> 
     </span>
    </p>
   </div>
   <div class='ocr_carea' id='block_1_104' title="bbox 2089 4562 3657 4635">
    <p class='ocr_par' dir='ltr' id='par_1_104' title="bbox 2089 4562 3657 4635">
     <span class='ocr_line' id='line_1_104' title="bbox 2089 4562 3657 4635; baseline -0.002 -16"><span class='ocrx_word' id='word_1_748' title='bbox 2089 4564 2228 4619; x_wconf 72' lang='lat' dir='ltr'><strong>fides</strong></span> <span class='ocrx_word' id='word_1_749' title='bbox 2258 4574 2630 4635; x_wconf 87' lang='lat' dir='ltr'><strong>comparatur.</strong></span> <span class='ocrx_word' id='word_1_750' title='bbox 2676 4564 2793 4620; x_wconf 85' lang='lat' dir='ltr'><strong>Non</strong></span> <span class='ocrx_word' id='word_1_751' title='bbox 2828 4563 3028 4620; x_wconf 83' lang='lat' dir='ltr'><strong>suliicit</strong></span> <span class='ocrx_word' id='word_1_752' title='bbox 3055 4564 3156 4619; x_wconf 92' lang='lat' dir='ltr'><strong>tibi</strong></span> <span class='ocrx_word' id='word_1_753' title='bbox 3187 4578 3367 4619; x_wconf 90' lang='lat' dir='ltr'><strong>sermo</strong></span> <span class='ocrx_word' id='word_1_754' title='bbox 3400 4563 3465 4617; x_wconf 90' lang='lat' dir='ltr'><strong>ad</strong></span> <span class='ocrx_word' id='word_1_755' title='bbox 3496 4562 3657 4632; x_wconf 86' lang='lat' dir='ltr'><strong>justi-</strong></span> 
     </span>
    </p>
   </div>
   <div class='ocr_carea' id='block_1_105' title="bbox 2089 4642 3654 4724">
    <p class='ocr_par' dir='ltr' id='par_1_105' title="bbox 2089 4642 3654 4724">
     <span class='ocr_line' id='line_1_105' title="bbox 2089 4642 3654 4724; baseline 0.002 -19"><span class='ocrx_word' id='word_1_756' title='bbox 2089 4652 2261 4719; x_wconf 87' lang='lat' dir='ltr'><strong>tiam,</strong></span> <span class='ocrx_word' id='word_1_757' title='bbox 2304 4669 2484 4724; x_wconf 86' lang='lat' dir='ltr'><strong>neque</strong></span> <span class='ocrx_word' id='word_1_758' title='bbox 2535 4655 2704 4711; x_wconf 89' lang='lat' dir='ltr'><strong>nudis</strong></span> <span class='ocrx_word' id='word_1_759' title='bbox 2746 4655 2929 4710; x_wconf 85' lang='lat' dir='ltr'><strong>verbis</strong></span> <span class='ocrx_word' id='word_1_760' title='bbox 2970 4642 3229 4723; x_wconf 88' lang='lat' dir='ltr'><strong>pietatem</strong></span> <span class='ocrx_word' id='word_1_761' title='bbox 3278 4655 3654 4723; x_wconf 85' lang='lat' dir='ltr'><strong>consequeris.</strong></span> 
     </span>
    </p>
   </div>
   <div class='ocr_carea' id='block_1_106' title="bbox 2093 4742 3659 4815">
    <p class='ocr_par' dir='ltr' id='par_1_106' title="bbox 2093 4742 3659 4815">
     <span class='ocr_line' id='line_1_106' title="bbox 2093 4742 3659 4815; baseline 0.001 -20"><span class='ocrx_word' id='word_1_762' title='bbox 2093 4762 2114 4795; x_wconf 74' lang='grc' dir='ltr'><strong>ι</strong></span> <span class='ocrx_word' id='word_1_763' title='bbox 2158 4742 2276 4797; x_wconf 85' lang='grc' dir='ltr'>Νοη</span> <span class='ocrx_word' id='word_1_764' title='bbox 2321 4745 2504 4811; x_wconf 92' lang='lat' dir='ltr'><strong>enim,</strong></span> <span class='ocrx_word' id='word_1_765' title='bbox 2543 4747 2859 4815; x_wconf 86' lang='lat' dir='ltr'><strong>quicunque</strong></span> <span class='ocrx_word' id='word_1_766' title='bbox 2895 4745 3028 4799; x_wconf 88' lang='lat' dir='ltr'><strong>mihi</strong></span> <span class='ocrx_word' id='word_1_767' title='bbox 3056 4745 3219 4811; x_wconf 90' lang='lat' dir='ltr'><strong>dicit,</strong></span> <span class='ocrx_word' id='word_1_768' title='bbox 3259 4743 3516 4809; x_wconf 84' lang='lat' dir='ltr'><strong>Domine,</strong></span> <span class='ocrx_word' id='word_1_769' title='bbox 3551 4742 3659 4797; x_wconf 84' lang='lat' dir='ltr'><strong>Do.—</strong></span> 
     </span>
    </p>
   </div>
   <div class='ocr_carea' id='block_1_107' title="bbox 2091 4821 3657 4907">
    <p class='ocr_par' dir='ltr' id='par_1_107' title="bbox 2091 4821 3657 4907">
     <span class='ocr_line' id='line_1_107' title="bbox 2091 4821 3657 4907; baseline 0.001 -19"><span class='ocrx_word' id='word_1_770' title='bbox 2091 4835 2260 4900; x_wconf 90' lang='lat' dir='ltr'><strong>mine,</strong></span> <span class='ocrx_word' id='word_1_771' title='bbox 2295 4836 2523 4890; x_wconf 88' lang='lat' dir='ltr'><strong>intrabit</strong></span> <span class='ocrx_word' id='word_1_772' title='bbox 2568 4837 2622 4890; x_wconf 89' lang='lat' dir='ltr'><strong>in</strong></span> <span class='ocrx_word' id='word_1_773' title='bbox 2657 4853 2887 4907; x_wconf 81' lang='lat' dir='ltr'><strong>regnum</strong></span> <span class='ocrx_word' id='word_1_774' title='bbox 2931 4828 3221 4903; x_wconf 69' lang='lat' dir='ltr'><strong>caelorum,</strong></span> <span class='ocrx_word' id='word_1_775' title='bbox 3264 4837 3358 4892; x_wconf 89' lang='lat' dir='ltr'><strong>sed</strong></span> <span class='ocrx_word' id='word_1_776' title='bbox 3403 4821 3495 4907; x_wconf 80' lang='lat' dir='ltr'><strong>qui</strong></span> <span class='ocrx_word' id='word_1_777' title='bbox 3527 4835 3657 4891; x_wconf 83' lang='lat' dir='ltr'><strong>facit</strong></span> 
     </span>
    </p>
   </div>
   <div class='ocr_carea' id='block_1_108' title="bbox 2088 4912 3658 4998">
    <p class='ocr_par' dir='ltr' id='par_1_108' title="bbox 2088 4912 3658 4998">
     <span class='ocr_line' id='line_1_108' title="bbox 2088 4912 3658 4998; baseline 0.003 -20"><span class='ocrx_word' id='word_1_778' title='bbox 2088 4924 2424 4979; x_wconf 85' lang='lat' dir='ltr'><strong>voluntatem</strong></span> <span class='ocrx_word' id='word_1_779' title='bbox 2463 4925 2646 4984; x_wconf 87' lang='lat' dir='ltr'><strong>Patris</strong></span> <span class='ocrx_word' id='word_1_780' title='bbox 2680 4929 2785 4983; x_wconf 92' lang='lat' dir='ltr'><strong>mei</strong></span> <span class='ocrx_word' id='word_1_781' title='bbox 2814 4930 2908 4998; x_wconf 90' lang='lat' dir='ltr'><strong>qui</strong></span> <span class='ocrx_word' id='word_1_782' title='bbox 2939 4929 2995 4983; x_wconf 91' lang='lat' dir='ltr'><strong>in</strong></span> <span class='ocrx_word' id='word_1_783' title='bbox 3028 4912 3184 4985; x_wconf 21' lang='lat' dir='ltr'><strong>cmli‘s</strong></span> <span class='ocrx_word' id='word_1_784' title='bbox 3212 4937 3299 4984; x_wconf 92' lang='lat' dir='ltr'><strong>est</strong></span> <span class='ocrx_word' id='word_1_785' title='bbox 3319 4933 3362 4984; x_wconf 78' lang='grc'><strong>⁸.</strong></span> <span class='ocrx_word' id='word_1_786' title='bbox 3396 4949 3415 4981; x_wconf 72' lang='grc' dir='ltr'><strong>ι</strong></span> <span class='ocrx_word' id='word_1_787' title='bbox 3451 4929 3658 4984; x_wconf 84' lang='lat' dir='ltr'><strong>Volun-</strong></span> 
     </span>
    </p>
   </div>
   <div class='ocr_carea' id='block_1_109' title="bbox 2091 5006 3655 5090">
    <p class='ocr_par' dir='ltr' id='par_1_109' title="bbox 2091 5006 3655 5090">
     <span class='ocr_line' id='line_1_109' title="bbox 2091 5006 3655 5090; baseline 0.003 -24"><span class='ocrx_word' id='word_1_788' title='bbox 2091 5023 2176 5069; x_wconf 88' lang='lat' dir='ltr'><strong>tas</strong></span> <span class='ocrx_word' id='word_1_789' title='bbox 2234 5024 2416 5069; x_wconf 87' lang='lat' dir='ltr'><strong>autem</strong></span> <span class='ocrx_word' id='word_1_790' title='bbox 2457 5014 2636 5076; x_wconf 85' lang='lat' dir='ltr'><strong>Patris</strong></span> <span class='ocrx_word' id='word_1_791' title='bbox 2696 5029 2808 5086; x_wconf 91' lang='lat' dir='ltr'><strong>est,</strong></span> <span class='ocrx_word' id='word_1_792' title='bbox 2871 5029 2926 5072; x_wconf 87' lang='lat' dir='ltr'><strong>ut</strong></span> <span class='ocrx_word' id='word_1_793' title='bbox 2974 5020 3138 5075; x_wconf 88' lang='lat' dir='ltr'><strong>homo</strong></span> <span class='ocrx_word' id='word_1_794' title='bbox 3189 5006 3365 5076; x_wconf 79' lang='lat' dir='ltr'><strong>sancti</strong></span> <span class='ocrx_word' id='word_1_795' title='bbox 3418 5021 3655 5090; x_wconf 88' lang='lat' dir='ltr'><strong>Spiritus</strong></span> 
     </span>
    </p>
   </div>
   <div class='ocr_carea' id='block_1_110' title="bbox 2090 5096 3655 5181">
    <p class='ocr_par' dir='ltr' id='par_1_110' title="bbox 2090 5096 3655 5181">
     <span class='ocr_line' id='line_1_110' title="bbox 2090 5096 3655 5181; baseline 0.004 -24"><span class='ocrx_word' id='word_1_796' title='bbox 2090 5104 2354 5160; x_wconf 82' lang='lat' dir='ltr'><strong>eliiciatur</strong></span> <span class='ocrx_word' id='word_1_797' title='bbox 2386 5109 2682 5178; x_wconf 87' lang='lat' dir='ltr'><strong>particeps,</strong></span> <span class='ocrx_word' id='word_1_798' title='bbox 2715 5118 2771 5165; x_wconf 88' lang='lat' dir='ltr'><strong>et</strong></span> <span class='ocrx_word' id='word_1_799' title='bbox 2800 5110 2894 5179; x_wconf 91' lang='lat' dir='ltr'><strong>qui</strong></span> <span class='ocrx_word' id='word_1_800' title='bbox 2930 5110 2999 5166; x_wconf 89' lang='lat' dir='ltr'><strong>de</strong></span> <span class='ocrx_word' id='word_1_801' title='bbox 3036 5096 3187 5166; x_wconf 84' lang='lat' dir='ltr'><strong>terra</strong></span> <span class='ocrx_word' id='word_1_802' title='bbox 3218 5122 3322 5177; x_wconf 91' lang='lat' dir='ltr'><strong>est,</strong></span> <span class='ocrx_word' id='word_1_803' title='bbox 3362 5125 3655 5181; x_wconf 80' lang='lat' dir='ltr'><strong>regenera-</strong></span> 
     </span>
    </p>
   </div>
   <div class='ocr_carea' id='block_1_111' title="bbox 2091 5198 3654 5275">
    <p class='ocr_par' dir='ltr' id='par_1_111' title="bbox 2091 5198 3654 5275">
     <span class='ocr_line' id='line_1_111' title="bbox 2091 5198 3654 5275; baseline 0.003 -24"><span class='ocrx_word' id='word_1_804' title='bbox 2091 5205 2179 5253; x_wconf 89' lang='lat' dir='ltr'><strong>tus</strong></span> <span class='ocrx_word' id='word_1_805' title='bbox 2206 5198 2273 5252; x_wconf 87' lang='lat' dir='ltr'><strong>ad</strong></span> <span class='ocrx_word' id='word_1_806' title='bbox 2305 5198 2584 5255; x_wconf 90' lang='lat' dir='ltr'><strong>insolitam</strong></span> <span class='ocrx_word' id='word_1_807' title='bbox 2616 5211 2671 5257; x_wconf 88' lang='lat' dir='ltr'><strong>et</strong></span> <span class='ocrx_word' id='word_1_808' title='bbox 2698 5219 2891 5257; x_wconf 84' lang='lat' dir='ltr'><strong>novam</strong></span> <span class='ocrx_word' id='word_1_809' title='bbox 2914 5205 3104 5271; x_wconf 90' lang='lat' dir='ltr'><strong>vitam,</strong></span> <span class='ocrx_word' id='word_1_810' title='bbox 3125 5206 3249 5260; x_wconf 77' lang='grc' dir='ltr'>εωιί</span> <span class='ocrx_word' id='word_1_811' title='bbox 3277 5220 3497 5275; x_wconf 88' lang='lat' dir='ltr'><strong>quoque</strong></span> <span class='ocrx_word' id='word_1_812' title='bbox 3519 5204 3654 5256; x_wconf 89' lang='lat' dir='ltr'><strong>civis</strong></span> 
     </span>
    </p>
   </div>
   <div class='ocr_carea' id='block_1_112' title="bbox 2092 5291 3651 5366">
    <p class='ocr_par' dir='ltr' id='par_1_112' title="bbox 2092 5291 3651 5366">
     <span class='ocr_line' id='line_1_112' title="bbox 2092 5291 3651 5366; baseline 0.002 -24"><span class='ocrx_word' id='word_1_813' title='bbox 2092 5299 2459 5359; x_wconf 90' lang='lat' dir='ltr'><strong>nuncupetur.</strong></span> <span class='ocrx_word' id='word_1_814' title='bbox 2522 5291 2662 5346; x_wconf 89' lang='lat' dir='ltr'><strong>Dum</strong></span> <span class='ocrx_word' id='word_1_815' title='bbox 2730 5301 2911 5348; x_wconf 86' lang='lat' dir='ltr'><strong>autem</strong></span> <span class='ocrx_word' id='word_1_816' title='bbox 2975 5297 3441 5366; x_wconf 79' lang='lat' dir='ltr'><strong>regenerationem</strong></span> <span class='ocrx_word' id='word_1_817' title='bbox 3504 5292 3651 5345; x_wconf 90' lang='lat' dir='ltr'><strong>illam</strong></span> 
     </span>
    </p>
   </div>
   <div class='ocr_carea' id='block_1_113' title="bbox 2093 5382 3657 5455">
    <p class='ocr_par' dir='ltr' id='par_1_113' title="bbox 2093 5382 3657 5455">
     <span class='ocr_line' id='line_1_113' title="bbox 2093 5382 3657 5455; baseline 0.001 -19"><span class='ocrx_word' id='word_1_818' title='bbox 2093 5395 2215 5450; x_wconf 63' lang='lat' dir='ltr'><strong>quae</strong></span> <span class='ocrx_word' id='word_1_819' title='bbox 2255 5382 2307 5435; x_wconf 89' lang='lat' dir='ltr'><strong>lit</strong></span> <span class='ocrx_word' id='word_1_820' title='bbox 2339 5399 2439 5453; x_wconf 90' lang='lat' dir='ltr'><strong>per</strong></span> <span class='ocrx_word' id='word_1_821' title='bbox 2475 5382 2739 5455; x_wconf 91' lang='lat' dir='ltr'><strong>Spiritum</strong></span> <span class='ocrx_word' id='word_1_822' title='bbox 2770 5386 3007 5455; x_wconf 86' lang='lat' dir='ltr'><strong>desuper</strong></span> <span class='ocrx_word' id='word_1_823' title='bbox 3050 5401 3174 5441; x_wconf 89' lang='lat' dir='ltr'><strong>esse</strong></span> <span class='ocrx_word' id='word_1_824' title='bbox 3225 5387 3322 5447; x_wconf 84' lang='lat' dir='ltr'><strong>ait,</strong></span> <span class='ocrx_word' id='word_1_825' title='bbox 3365 5385 3512 5437; x_wconf 85' lang='lat' dir='ltr'><strong>clare</strong></span> <span class='ocrx_word' id='word_1_826' title='bbox 3559 5382 3657 5437; x_wconf 85' lang='lat' dir='ltr'><strong>de—</strong></span> 
     </span>
    </p>
   </div>
   <div class='ocr_carea' id='block_1_114' title="bbox 2092 5472 3654 5543">
    <p class='ocr_par' dir='ltr' id='par_1_114' title="bbox 2092 5472 3654 5543">
     <span class='ocr_line' id='line_1_114' title="bbox 2092 5472 3654 5543; baseline 0.001 -19"><span class='ocrx_word' id='word_1_827' title='bbox 2092 5479 2360 5526; x_wconf 89' lang='lat' dir='ltr'><strong>monstrat</strong></span> <span class='ocrx_word' id='word_1_828' title='bbox 2388 5474 2653 5543; x_wconf 89' lang='lat' dir='ltr'><strong>Spiritum</strong></span> <span class='ocrx_word' id='word_1_829' title='bbox 2674 5491 2741 5530; x_wconf 80' lang='lat' dir='ltr'><strong>ex</strong></span> <span class='ocrx_word' id='word_1_830' title='bbox 2768 5477 3077 5531; x_wconf 87' lang='lat' dir='ltr'><strong>substantia</strong></span> <span class='ocrx_word' id='word_1_831' title='bbox 3103 5472 3195 5525; x_wconf 88' lang='lat' dir='ltr'><strong>Dei</strong></span> <span class='ocrx_word' id='word_1_832' title='bbox 3224 5489 3287 5527; x_wconf 88' lang='lat' dir='ltr'><strong>ac</strong></span> <span class='ocrx_word' id='word_1_833' title='bbox 3319 5472 3491 5527; x_wconf 85' lang='lat' dir='ltr'><strong>Patris</strong></span> <span class='ocrx_word' id='word_1_834' title='bbox 3512 5486 3654 5535; x_wconf 83' lang='lat' dir='ltr'><strong>csse,</strong></span> 
     </span>
    </p>
   </div>
   <div class='ocr_carea' id='block_1_115' title="bbox 2093 5560 3682 5636">
    <p class='ocr_par' dir='ltr' id='par_1_115' title="bbox 2093 5560 3682 5636">
     <span class='ocr_line' id='line_1_115' title="bbox 2093 5560 3682 5636; baseline 0.001 -19"><span class='ocrx_word' id='word_1_835' title='bbox 2093 5563 2237 5617; x_wconf 90' lang='lat' dir='ltr'><strong>sicut</strong></span> <span class='ocrx_word' id='word_1_836' title='bbox 2272 5563 2386 5633; x_wconf 90' lang='lat' dir='ltr'><strong>ipse</strong></span> <span class='ocrx_word' id='word_1_837' title='bbox 2416 5566 2681 5620; x_wconf 88' lang='lat' dir='ltr'><strong>nimirum</strong></span> <span class='ocrx_word' id='word_1_838' title='bbox 2712 5568 2777 5621; x_wconf 89' lang='lat' dir='ltr'><strong>de</strong></span> <span class='ocrx_word' id='word_1_839' title='bbox 2801 5567 2984 5636; x_wconf 77' lang='lat' dir='ltr'><strong>seipse</strong></span> <span class='ocrx_word' id='word_1_840' title='bbox 3014 5577 3230 5635; x_wconf 86' lang='lat' dir='ltr'><strong>quoque</strong></span> <span class='ocrx_word' id='word_1_841' title='bbox 3261 5565 3390 5620; x_wconf 88' lang='lat' dir='ltr'><strong>dicit</strong></span> <span class='ocrx_word' id='word_1_842' title='bbox 3414 5561 3607 5618; x_wconf 87' lang='lat' dir='ltr'><strong>alicubi</strong></span> <span class='ocrx_word' id='word_1_843' title='bbox 3637 5578 3650 5618; x_wconf 90' lang='lat'><strong>:</strong></span> <span class='ocrx_word' id='word_1_844' title='bbox 3676 5560 3682 5566; x_wconf 75' lang='grc'><em>’</em></span> 
     </span>
    </p>
   </div>
   <div class='ocr_carea' id='block_1_116' title="bbox 1511 5739 2567 5810">
    <p class='ocr_par' dir='ltr' id='par_1_116' title="bbox 1511 5739 2567 5810">
     <span class='ocr_line' id='line_1_116' title="bbox 1511 5739 2567 5810; baseline 0.009 -17"><span class='ocrx_word' id='word_1_845' title='bbox 1511 5740 1529 5771; x_wconf 81' lang='grc'>³</span> <span class='ocrx_word' id='word_1_846' title='bbox 1559 5739 1705 5794; x_wconf 77' lang='lat' dir='ltr'><strong>Psal.</strong></span> <span class='ocrx_word' id='word_1_847' title='bbox 1743 5757 1872 5807; x_wconf 85' lang='lat' dir='ltr'><strong>xvu,</strong></span> <span class='ocrx_word' id='word_1_848' title='bbox 1903 5740 1990 5796; x_wconf 74' lang='grc'><strong>46.</strong></span> <span class='ocrx_word' id='word_1_849' title='bbox 2070 5743 2089 5774; x_wconf 69' lang='grc'>⁸</span> <span class='ocrx_word' id='word_1_850' title='bbox 2120 5742 2311 5799; x_wconf 80' lang='lat' dir='ltr'><strong>Matth.</strong></span> <span class='ocrx_word' id='word_1_851' title='bbox 2351 5759 2450 5810; x_wconf 84' lang='lat' dir='ltr'><strong>vn,</strong></span> <span class='ocrx_word' id='word_1_852' title='bbox 2478 5743 2567 5802; x_wconf 69' lang='lat' dir='ltr'><strong>2L</strong></span> 
     </span>
    </p>
   </div>
  </div>
