4090 6266
424 328 530 383 243

1422 321 1478 376 s.
1511 320 1784 390 crnmu
1815 320 2276 392 Atexauoum
2321 321 2638 386 Αιιειιιι-Ρ.
3558 319 3664 384 ειι

433 466 452 500 ι
486 446 600 516 Ego
624 446 690 500 de
719 444 976 516 supernis
1001 458 1122 498 sum
1145 444 1186 496 '.
1220 462 1237 496 ι
1275 441 1338 495 Ει
1368 443 1811 511 sapientissimus
1835 459 1976 496 evan

2095 445 2159 512 ὲκ
2174 442 2282 494 τῶν
2299 443 2411 506 ἄνω
2433 444 2573 513 εἰμίέ
2609 463 2626 494 t
2654 443 2746 496 καὶ
2763 445 2790 496 ό
2819 441 3125 512 σοφώτατος
3148 438 3202 492 δὲ
3230 437 3355 506 περὶ
3373 436 3535 491 αὐτοῦ
3560 438 3660 494 πού

360 519 365 522 ’
431 537 627 607 gelisla
676 535 743 590 de
795 535 986 590 eodem
1023 552 1036 588 :
1073 552 1090 586 ι
1128 531 1230 606 Qui
1282 532 1574 587 desursum
1611 535 1794 596 venit,
1826 548 1991 602 super

429 642 622 682 omnes
659 636 744 682 est
770 628 810 678 ⁸.
845 645 864 679 ι
895 625 1011 692 Qua
1058 625 1127 680 de
1164 641 1221 679 re
1256 622 1432 690 fusius
1475 638 1576 679 suo
1623 633 1866 701 ten'ipore
1905 624 1990 678 di-

437 733 648 772 CBHIUS.

501 808 586 871 Ill,
624 808 678 862 ι.
721 808 996 872 Quomodo
1026 816 1194 874 potest
1227 808 1380 861 homo
1426 807 1602 867 nasci,
1636 821 1753 859 cum
1792 805 1859 859 sit
1909 821 1990 858 se-

429 898 568 951 nex?-
602 897 836 966 nunquid
873 907 1038 963 potest
1080 897 1132 950 in
1167 908 1394 957 ventrem
1422 896 1609 956 matris
1647 910 1759 960 sua:
1800 895 1990 947 iterato

429 985 665 1049 introire,
699 995 747 1039 et
772 986 975 1041 renasci
997 987 1020 1039 ?
1050 983 1330 1052 Respondit
1351 982 1528 1054 lesus.

497 1162 636 1216 Ilinc
667 1163 912 1233 arguitur
947 1163 1125 1220 adhuc
1172 1163 1421 1225 animalis
1466 1178 1589 1227 esse
1631 1163 1986 1232 Nicodemus,

427 1253 762 1322 proindeque
794 1269 855 1309 ea
891 1255 1207 1322 neutiquam
1241 1253 1522 1322 suscipere
1548 1269 1668 1323 quae
1709 1262 1836 1308 sunt
1868 1253 1990 1322 Spi-

426 1345 567 1399 ritus
621 1345 733 1398 Dei.
780 1345 1078 1398 Stultitiam
1120 1347 1265 1398 enim
1306 1359 1432 1399 esse
1484 1353 1637 1413 putat
1679 1345 1810 1398 illud
1852 1345 1990 1404 adeo.

425 1445 718 1503 augustum
754 1449 816 1488 ac
855 1434 1064 1492 illustre
1107 1435 1453 1506 mysterium.
1489 1433 1555 1488 Et
1599 1451 1722 1490 cum
1755 1451 1989 1506 genera-3

423 1523 623 1578 tionem
656 1539 951 1593 supernam
1001 1539 1064 1579 ac
1113 1526 1414 1595 spiritalem
1460 1527 1632 1594 audit,
1665 1542 1985 1598 corporeum

423 1623 664 1670 ventrem
693 1615 1040 1685 imaginatur.
1068 1632 1154 1670 res
1175 1616 1287 1684 jam
1317 1617 1532 1687 genitas
1553 1617 1748 1672 iterum
1770 1619 1987 1688 parien-

426 1713 566 1774 tem;
598 1713 651 1759 et
683 1704 852 1775 legem
905 1714 1116 1760 naturae
1161 1716 1366 1765 nostrae
1397 1723 1505 1763 non
1545 1709 1849 1774 excedens,
1899 1724 1986 1764 res

2094 551 2257 604 φησιν
2295 535 2716 605 εὑαγγελιστής·
2752 553 2770 584 ι
2812 533 2868 587 '0
2891 532 3099 586 ἄνωθεν
3143 530 3436 601 ἐρχόμενος
3478 530 3662 584 ἐπάνω

2094 625 2308 685 πάντων
2334 626 2470 695 ἐστὶ,
2499 645 2516 676 ι
2557 624 2687 695 περὶ
2717 617 2776 677 οὗ
2812 627 2868 678 ὲν
2908 623 3094 691 οἰκείῳ
3126 619 3302 690 καιρῷ
3330 619 3662 692 πλατύτερον

2095 715 2218 783 ἐροῦ
2226 732 2342 784 μεν.
2785 744 2802 758 ο

2162 802 2293 868 Πῶς
2307 803 2556 857 δύναται
2579 801 2886 870 ἅνθρωπος
2918 799 3282 872 γεννηθῆναι
3310 798 3502 868 γέρων
3535 796 3640 863 dir;

2085 891 2172 960 μὴ
2224 892 2471 946 δύναται
2519 897 2606 959 εἰς
2654 891 2770 960 τὴν
2806 893 3044 946 κοιλίαν
3087 890 3198 958 τῆς
3219 889 3441 959 μητρὸς
3475 889 3660 944 αὐτοῦ

2090 982 2368 1050 δεύτερον
2411 983 2727 1050 εἰσελθεῖν,
2764 983 2861 1037 καί
2908 981 3312 1054 ﬁrmari-rat;
3354 981 3659 1048 Ἀπεκρίθη

2106 1073 2360 1140 ¹ζηοόῦςι.

2174 1163 2480 1233 Ἐλέγχεται
2500 1164 2586 1216 διὰ
2610 1164 2812 1218 τούτων
2827 1163 3053 1234 ψυχικὸς
3083 1160 3156 1214 ὢν
3187 1160 3310 1215 ἔτιὸ
3329 1160 3661 1230 Νικόδημος,

2089 1252 2178 1305 διά
2204 1271 2261 1305 τε
2292 1253 2446 1320 τοῦτο
2491 1254 2775 1324 δεχόμενος
2817 1253 3066 1324 οὐδαμῶς
3108 1251 3178 1305 τὰ
3225 1251 3316 1306 τοῦ
3343 1250 3659 1320 Πνεῦματος

2087 1343 2181 1413 τοῦ
2215 1343 2348 1396 Θεοῦ
2373 1361 2382 1371 ’
2412 1345 2622 1413 μωρίαν
2658 1345 2764 1415 γὰρ
2794 1340 2933 1402 εἶναι
2966 1343 3172 1412 νομίζει
3205 1343 3265 1394 τὸ
3299 1342 3492 1394 σεπτὸν
3519 1341 3662 1393 οὕτω

2089 1439 2181 1489 καὶ
2212 1438 2502 1506 περιφανὲς
2549 1439 2864 1506 μυστήριον.
2917 1436 3170 1503 Γέννησιν
3215 1433 3270 1489 δὲ
3319 1432 3529 1486 ἀκούων
3562 1432 3662 1499 τὴν

2087 1527 2292 1593 ἄνωθεν
2342 1529 2435 1580 καὶ
2491 1526 2883 1596 πνευματικὴν,
2939 1525 3255 1596 σωματικὴν
3293 1523 3373 1577 ἔτι
3419 1524 3660 1594 γαστέρα

2088 1619 2418 1686 φαντάζεται
2473 1615 2938 1686 παλινδρομοῦσαν
2991 1617 3070 1678 εἰς
3108 1615 3272 1667 ὠδῖνα
3312 1613 3418 1666 τῶν
3446 1613 3544 1682 ἤδη
3568 1629 3660 1679 γετ

2087 1723 2247 1777 γεννη
2256 1707 2451 1777 μένων,
2480 1705 2573 1760 καὶ
2605 1704 2692 1758 τὸν
2723 1706 2820 1775 τῆς
2848 1705 2966 1759 καθ’
3003 1705 3150 1774 ἡμᾶς
3175 1703 3386 1772 φύσεως
3409 1702 3505 1755 οὐκ
3531 1703 3661 1755 ἁνα-

423 1796 641 1854 diviuas
672 1798 719 1850 ei
757 1798 1071 1859 admetitur,
1109 1812 1344 1868 cumque
1372 1799 1637 1854 doctrinae
1675 1801 1976 1856 sublimita-

2090 1796 2289 1850 ϐαίνων
2319 1797 2502 1866 νόμον,
2535 1795 2800 1860 κανονίζει
2832 1797 2901 1849 τὰ
2948 1794 3192 1864 θειότερα
3221 1811 3235 1824 ·
3269 1792 3577 1863 άνεξίτητον
3601 1791 3660 1844 δχ

423 1895 530 1940 tem
566 1887 833 1955 invenerit
875 1904 904 1940 a
948 1903 1054 1956 qua
1088 1904 1147 1944 se
1189 1889 1464 1950 extricare
1513 1902 1782 1961 nequeat,
1833 1890 1993 1946 deor-

421 1993 542 2040 sum
607 1978 783 2044 fertur
842 1994 904 2041 ac
959 1979 1092 2032 ruit.
1131 1978 1598 2047 Quemadmodum
1662 1980 1806 2034 enim
1870 1995 1990 2050 qua:

421 2067 816 2134 vehementiori
863 2067 1016 2136 jactu
1077 2067 1351 2136 lapidibus
1409 2068 1747 2133 alliduntur,
1805 2085 1992 2138 reper-

423 2173 589 2223 cussa
643 2159 894 2226 resiliunt
928 2177 940 2212 :
971 2159 1051 2214 sic
1095 2159 1260 2214 etiam
1294 2159 1517 2228 indocta
1550 2175 1727 2226 mens,
1767 2161 1985 2229 opinor,

421 2252 469 2316 si
525 2267 619 2322 res
656 2250 898 2306 offendat
950 2266 1184 2322 quarum
1239 2251 1348 2305 vim
1400 2251 1673 2311 sustinere
1729 2261 1983 2324 nequeat,

422 2339 574 2398 illico
622 2339 862 2410 refugit,
897 2348 953 2395 et
1001 2355 1100 2396 sua
1133 2340 1516 2404 mediocritate
1557 2351 1817 2410 contenta
1849 2357 1988 2412 pra:-

419 2429 742 2501 stanliorem
775 2437 829 2491 et
857 2430 1109 2486 altiorem
1141 2430 1558 2502 intelligentiam
1595 2431 1791 2503 rejicit.
1831 2431 1985 2497 Quod

419 2533 542 2574 cum
576 2517 652 2572 illi
692 2516 1004 2580 Iudaeorum
1051 2522 1286 2598 principi
1328 2523 1642 2593 contigerit,
1688 2523 1983 2594 spiritalem

422 2609 832 2692 generationem
866 2626 975 2683 non
1009 2611 1180 2689 capit.

486 2779 576 2847 Ill,
617 2783 670 2836 5.
714 2781 837 2836 Nisi
865 2785 982 2853 quis
1014 2794 1224 2838 renatus
1256 2788 1414 2858 fuerit
1443 2804 1507 2844 ex
1539 2805 1675 2856 aqua
1718 2798 1765 2849 et
1809 2788 1980 2852 Spiri-

419 2883 472 2928 tu
498 2883 703 2949 saneto,
735 2889 837 2944 non
863 2884 1032 2942 potest
1065 2877 1284 2951 introire
1307 2879 1360 2930 in
1389 2894 1603 2947 regnum
1633 2878 1750 2947 Dei.

488 3051 623 3123 Cum
652 3067 764 3106 non
796 3052 1124 3123 intelligeret
1154 3051 1485 3110 Nicodemus
1515 3054 1667 3128 147
1703 3054 1832 3124 quid
1870 3055 1977 3110 sibi

415 3145 542 3205 \‘elit
603 3144 786 3208 istud,
839 3153 1004 3200 natus
1067 3160 1193 3200 esse
1245 3145 1499 3216 desuper,
1551 3149 1795 3218 apertius
1847 3149 1978 3203 illud

415 3237 733 3305 mysterium
784 3237 1031 3306 exponit.
1080 3236 1348 3303 Dominus
1388 3241 1532 3292 enim
1584 3247 1770 3294 noster
1820 3239 1980 3295 Jesus

414 3326 669 3393 Christus
723 3329 1221 3401 regenerationem,
1263 3345 1386 3400 qua:
1434 3346 1531 3400 per
1584 3330 1847 3400 Spiritum
1899 3331 1978 3396 fit,

412 3417 648 3488 desuper
673 3434 795 3488 esse
822 3421 1036 3488 aiebat,
1069 3422 1367 3478 ostendens
1405 3420 1667 3492 Spiritum
1713 3437 1981 3491 supremae

413 3509 660 3574 ninnium
710 3509 1036 3575 substantia;
1082 3511 1231 3574 illum
1276 3527 1430 3576 esse,
1457 3527 1554 3581 per
1589 3526 1749 3581 quem
1781 3511 1980 3566 divinae

412 3608 701 3669 consortes
733 3598 1000 3655 efﬁcimur
1028 3611 1242 3656 natura:
1262 3604 1305 3663 τ.
1329 3601 1457 3655 dum
1491 3603 1824 3672 percipimus
1852 3617 1976 3657 eum

411 3693 503 3760 qui
545 3690 982 3750 substantialiter
1012 3706 1077 3746 ex
1134 3691 1250 3760 ipsa
1285 3691 1554 3760 procedit,
1587 3699 1641 3748 et
1673 3707 1768 3760 per
1797 3691 1974 3761 ipsum

407 3791 575 3852 atque
607 3783 659 3836 in
689 3783 809 3852 ipso.
827 3782 896 3837 ad
923 3783 1293 3852 exemplarcm
1319 3783 1780 3856 pulchritudinem
1802 3782 1978 3838 refor-

409 3889 647 3944 mamur,
682 3883 735 3930 et
757 3876 838 3931 sic
867 3875 933 3930 ad
959 3876 1084 3936 vitae
1111 3876 1404 3932 novitatem
1441 3877 1801 3939 renascimur,
1833 3884 1886 3932 et
1919 3878 1973 3933 in

409 3968 645 4030 filiorum
679 3965 773 4036 Dei
819 3967 1165 4040 adoptionem
1220 3969 1539 4039 reﬁngimur
1569 3970 1610 4024 ⁸.
1642 3967 1972 4026 Nicodamus

406 4069 620 4123 autem,
659 4073 783 4118 cum
824 4074 932 4113 non
961 4073 1028 4118 eo,
1077 4061 1130 4113 in
1161 4073 1324 4114 sensu
1371 4073 1555 4113 vocem
1608 4059 1778 4123 illam,
1819 4079 1838 4109 ι
1877 4059 1971 4115 de-

405 4167 590 4221 super,
623 4169 643 4203 s
678 4151 973 4221 acciperet,
995 4149 1357 4219 nativitatem,
1389 4149 1695 4219 cuiusmodi
1729 4157 1814 4213 est
1845 4164 1971 4204 cor-

404 4259 633 4311 porum,
683 4242 866 4300 denuo
911 4241 1148 4295 futuram
1178 4241 1476 4312 signiﬁcari
1523 4241 1833 4311 suspicatus
1862 4249 1967 4306 est,

404 4331 741 4402 proindeque
767 4346 878 4392 rem
904 4330 1304 4402 impossibilem
1320 4331 1502 4386 animo
1520 4331 1764 4396 volvens,
1787 4332 1970 4396 stulti-

2087 1895 2206 1956 ταῖς
2229 1892 2456 1956 οἰκείαις
2483 1890 2710 1952 ἐννοίαις
2740 1889 2800 1942 τὸ
2831 1886 2940 1954 τῶν
2957 1885 3290 1957 μαθημάτων
3311 1881 3440 1951 ὕψος
3461 1881 3656 1953 εὑρὼν,

2087 1984 2237 2036 κάτω
2264 1983 2448 2036 πίπτει
2473 1981 2570 2035 καί⁸
2590 1981 2836 2051 φέρεταιφ
2869 1979 3072 2047 Ὃνπερ
3095 1976 3202 2046 γὰρ
3227 1974 3426 2049 τρόπον
3452 1972 3519 2026 τά
3545 1975 3658 2042 τοῖς

2085 2073 2474 2127 άποκεκλικόσι
2499 2072 2608 2126 τῶν
2628 2070 2787 2125 λίθων
2803 2067 3187 2137 εὐτονωτέραις
3211 2064 3658 2136 προσαραχθέντα

2088 2163 2288 2234 βολαῖς,
2338 2163 2512 2217 ὀπίσω
2561 2163 2722 2216 πάλιν
2778 2159 3058 2226 ἐξάλλεται
3083 2173 3097 2189 ο
3129 2156 3322 2220 οὕτως,
3349 2151 3522 2226 οἶμαι,
3558 2156 3658 2225 καὶ

2085 2255 2207 2318 νοῦς
2235 2254 2450 2325 ἀμαθὴς
2503 2253 2849 2324 γοργοτέροις
2876 2250 2910 2320 ἢ
2954 2248 3075 2302 καθ’
3111 2247 3301 2302 ἑαυτὸν
3332 2244 3655 2316 προσϐαλὼν

2085 2339 2452 2412 θεωρήμασιν,
2506 2343 2769 2412 ἀτονήσας
2828 2339 3130 2400 ὑπονοστεῖ,
3188 2336 3280 2390 καί⁹
3320 2335 3536 2406 μέτροις
3568 2335 3657 2398 ἀεὶ

2083 2437 2192 2497 τοῖς
2221 2433 2369 2504 αὑτῷ
2395 2433 2695 2506 πρέπουσιν
2721 2428 3133 2503 ὲμφιλοχωρῶν,
3165 2427 3261 2497 τὴν
3316 2426 3524 2497 ἀμείνω
3561 2426 3656 2480 καὶ

2085 2521 2418 2591 ὑψηλοτέραν
2471 2521 2725 2592 ἀτιμάζει
2759 2519 2970 2573 σύνεσιν
2992 2535 3004 2548 ο
3029 2517 3056 2570 ὂ
3083 2517 3147 2586 δὴ
3177 2513 3459 2577 πεπονθὼς
3484 2516 3512 2566 ὀ
3542 2513 3654 2567 τῶν

2097 2611 2364 2667 Ἰουδαίων
2396 2609 2691 2680 ἡγούμενος
2731 2609 2828 2679 τὴν
2860 2606 3234 2677 πνευματικὴν
3267 2605 3325 2656 οὐ
3365 2603 3654 2672 καταδέχεξ

2081 2714 2170 2751 ται
2195 2698 2464 2768 γέννησιν.

2164 2787 2306 2843 Ἐὰν
2330 2788 2415 2858 μή
2449 2805 2540 2855 τις
2579 2787 2839 2856 γεννηθῇ
2876 2786 2944 2850 ἐξ
2991 2785 3207 2850 ὕδατος
3243 2785 3341 2838 καὶ
3383 2784 3651 2853 Πνεῦμαε

2081 2895 2204 2944 τος,
2233 2880 2304 2931 οὐ
2329 2877 2574 2932 δύναται
2599 2875 2894 2931 εἰσελθεῖν
2941 2877 3026 2941 εἰς
3053 2874 3164 2942 τὴν
3190 2874 3516 2938 ,βασιλείαν
3541 2872 3649 2928 τοῦ

2085 2967 2250 3023 Θεοῦ.

2153 3060 2225 3113 Οὐ
2251 3059 2499 3113 συνιέντα
2521 3059 2610 3112 τὸν
2653 3057 2956 3128 ἄνθρωπον,
2981 3056 3100 3109 καθ’
3127 3055 3184 3108 δν
3207 3055 3313 3108 ἔδει
3341 3054 3560 3124 τρόπον,
3589 3053 3643 3110 τι

2082 3151 2147 3204 ἂν
2172 3150 2410 3220 βούλοιτο
2470 3149 2755 3220 σημαίνειν
2807 3147 2870 3202 τὸ
2911 3146 3115 3201 ἄνωθεν
3159 3145 3483 3216 γεννηθῆναι
3514 3145 3642 3211 δεῖν,

2083 3242 2434 3311 σαφεστέροις
2485 3239 2792 3314 ἐκπαιδεύει
2847 3239 3150 3309 μαθήμασι,
3215 3236 3549 3306 γυμνοτέραν
3588 3235 3644 3290 δὲ

2080 3333 2226 3404 αὒτῷ
2259 3332 2587 3404 παρατίθησι
2611 3330 2704 3384 τοῦ
2741 3330 3039 3400 μυστηρίου
3077 3329 3175 3401 τὴν
3203 3328 3424 3397 γνῶσιν.
3470 3329 3528 3380 '0
3547 3328 3644 3398 μὲν

2079 3424 2186 3495 γὰρ
2219 3423 2418 3494 Κύριος
2435 3421 2590 3495 ήμῶν
2620 3421 2823 3493 Ἰησοῦς
2841 3420 3074 3490 Χριστὸς
3094 3421 3191 3492 τὴν
3206 3419 3293 3472 διὰ
3331 3419 3469 3472 Πνεύ
3478 3436 3645 3490 ματος

2077 3515 2430 3584 ἁναγέννησιν
2454 3512 2657 3568 ἄνωθεν
2694 3512 2978 3578 ἀπεκάλει,
3023 3512 3121 3581 τῆς
3160 3510 3416 3564 ἀνωτάτω
3456 3509 3643 3562 πασῶν

2076 3605 2260 3668 οὐσίας
2289 3606 2349 3658 τὸ
2371 3605 2590 3675 Πνεῦμα
2638 3603 2872 3669 δεικνὺς,
2911 3603 2976 3656 δι’
3011 3598 3071 3657 οὗ
3106 3603 3204 3673 τῆς
3241 3602 3389 3665 θείας
3429 3601 3641 3670 φύσεως

2076 3697 2335 3767 γινόμεθα
2368 3697 2635 3761 κοινωνοὶ,
2666 3695 2739 3758 ὡς
2777 3696 2837 3748 τὸ
2869 3695 2926 3761 ἐξ
2958 3696 3128 3765 αὐτῆς
3149 3693 3420 3756 οὐσιωδῶς
3453 3691 3639 3763 προϊὸν

2079 3787 2479 3860 καρπούμενοι,
2533 3789 2626 3841 καὶ
2674 3787 2741 3840 δι’
2774 3785 2934 3840 αὑτοῦ
2981 3787 3072 3838 καὶ
3125 3787 3182 3837 ἐν
3229 3783 3376 3854 αὐτῷ
3415 3784 3548 3854 πρὸς
3579 3781 3642 3846 τὸ

2075 3881 2378 3954 ἀρχέτυπον
2407 3880 2876 3950 άναμορφούμενοι
2905 3877 3120 3940 κάλλος,
3154 3876 3296 3930 οὕτω
3327 3894 3384 3928 τε
3413 3877 3493 3938 εἰς
3520 3892 3640 3928 και-

2073 3975 2267 4043 νότητα
2294 3972 2438 4041 ζωῆς
2465 3971 2900 4040 άνατικτόμενοι,
2920 3969 3012 4022 καὶ
3038 3969 3118 4032 εἰς
3153 3967 3251 4036 τὴν
3285 3966 3434 4020 θείαν
3468 3965 3640 4018 υἱοθε-

2074 4066 2195 4118 σίαν
2223 4063 2699 4133 ἀναπλαττόμενοι.
2743 4061 2816 4113 Τὸ
2837 4062 2893 4114 δὲ
2926 4079 2943 4112 ι
2973 4060 3179 4114 ἄνωθεν
3213 4079 3230 4109 ι
3256 4060 3284 4112 ὁ
3334 4058 3637 4127 Νικόδημος

2070 4159 2167 4227 οὐχ
2191 4156 2361 4219 οὕτως
2382 4153 2626 4208 ἐκλαϐὼν
2662 4153 2759 4225 τὴν
2777 4151 3019 4215 εἰσαῦθις
3046 4151 3307 4222 ἐσομένην
3329 4150 3638 4218 ὑπετόπησε

2070 4251 2340 4322 γέννησιν,
2371 4249 2444 4312 ὼς
2471 4248 2563 4300 ἐπὶ
2594 4246 2881 4316 σωμάτων,
2923 4242 3282 4315 σημαίνεσθαι
3308 4261 3320 4274 ο
3363 4242 3449 4296 διά
3481 4241 3639 4294 τοῦτο

2069 4341 2163 4394 καὶ
2193 4343 2301 4403 τοῖς
2333 4341 2413 4401 εἰς
2435 4339 2692 4391 ἀδύνατον
2741 4335 3088 4389 ἀποκλείουσι
3134 4332 3447 4404 περιπεσὼν
3495 4331 3639 4398 λογι-

403 4424 534 4478 tiam
570 4431 804 4479 suamet
834 4422 1108 4498 inscitiam
1142 4422 1400 4494 prodidit.
1431 4419 1752 4480 Necessario
1786 4423 1968 4492 itaque

2078 4433 2260 4502 σμοῖς,
2306 4429 2467 4492 ἄνους
2521 4444 2581 4480 τε
2621 4426 2757 4498 ὁμοῦ
2798 4424 3161 4495 κατεφωράθη
3208 4425 3301 4477 καὶ
3339 4422 3633 4493 δυσμαθής.

405 4513 658 4566 Salvator
707 4529 831 4568 cum
880 4529 946 4572 eo
978 4521 1035 4566 ut
1083 4513 1342 4568 imbecilli
1386 4513 1566 4587 adhuc
1613 4524 1796 4571 mente
1830 4532 1968 4586 prte-

402 4605 513 4671 dito
563 4605 783 4669 inollius
833 4605 962 4674 agit,
1007 4615 1082 4670 et,
1137 4605 1408 4661 orationis
1439 4607 1677 4677 tegmine
1727 4608 1966 4672 sublato,

398 4701 586 4762 aperte
610 4695 830 4748 demum
871 4695 946 4757 ait
988 4713 1000 4748 :
1040 4711 1058 4750 ι
1099 4694 1212 4752 Nisi
1262 4696 1384 4766 quis
1429 4704 1652 4750 renatus
1687 4695 1854 4752 fuerit
1900 4713 1965 4754 ex

398 4780 536 4850 alma
594 4787 648 4833 et
696 4781 905 4849 Spiritu
960 4792 1190 4848 sancto,
1245 4801 1355 4853 non
1406 4792 1586 4856 potest
1630 4786 1861 4847 introire
1911 4790 1966 4860 iu

398 4885 626 4943 regnum
683 4869 796 4925 Dei.
837 4873 1022 4936 tCum
1073 4876 1218 4930 enim
1257 4878 1420 4932 homo
1475 4879 1546 4936 sit
1599 4881 1962 4952 compositum

395 4960 551 5030 quid,
589 4975 696 5012 non
747 4961 975 5032 simplex
1024 4974 1252 5031 natura,
1287 4983 1354 5024 ex
1387 4969 1600 5025 duobus
1636 4980 1962 5041 attempera-

393 5063 507 5118 tus,
557 5067 789 5122 corpore
841 5055 1100 5117 nimirum
1135 5059 1380 5113 sensibili
1423 5067 1478 5115 et
1531 5062 1711 5126 anima
1762 5063 1963 5118 intelli-

392 5152 573 5215 gente,
597 5144 815 5214 gemino
843 5159 1060 5215 quoque
1090 5162 1228 5216 opus
1259 5150 1365 5203 erit
1402 5151 1450 5204 ei
1491 5151 1556 5204 ad
1593 5155 1962 5220 regeneratio-

391 5252 512 5307 nem
547 5237 787 5292 remedio
820 5235 1038 5307 utrique
1071 5238 1471 5308 quodammodo
1498 5243 1639 5306 allini
1672 5256 1726 5300 et
1756 5249 1955 5303 amico.

391 5324 599 5396 Spiritu
653 5345 888 5398 namque
950 5331 1325 5388 sanctificatur
1373 5315 1621 5390 hominis
1671 5338 1955 5408 spiritus:

388 5434 528 5488 aqua
594 5438 724 5476 vero
774 5422 1148 5484 sanctiﬁcata,
1197 5437 1420 5493 corpus.
1483 5426 1952 5494 Quemadmodum

385 5510 528 5564 enim
587 5512 762 5568 infusa
815 5514 1082 5569 lebetibus
1106 5529 1279 5583 aqua,
1335 5516 1380 5570 si
1440 5519 1795 5575 admoveatur
1842 5522 1953 5593 igni

443 5688 460 5715 ⁸
500 5690 658 5744 Joan.
698 5707 806 5754 xvu,
841 5692 931 5746 27.

2081 4519 2416 4588 Ἀναγκαίως
2466 4516 2755 4587 τοιγαροῦν
2813 4516 2841 4567 ό
2895 4514 3084 4584 Σωτὴρ
3145 4515 3220 4577 ὡς
3268 4511 3638 4579 ἀσθενεστέρῳ

2068 4611 2163 4682 τὴν
2191 4610 2302 4676 ἕξιν
2330 4608 2741 4682 τρυφερώτερον
2789 4607 2868 4660 ἔτι
2921 4606 3308 4677 προσφέρεται,
3338 4604 3431 4657 καὶ
3455 4603 3514 4655 τὸ
3546 4602 3634 4654 δο-

2069 4701 2198 4757 κοῦν
2257 4698 2585 4773 ὲπερρίφθαι
2632 4697 2712 4768 τῷ
2748 4698 2891 4768 λόγῳ
2940 4697 3202 4768 κάλυμμα
3233 4692 3518 4762 περιελὼν,
3543 4694 3635 4745 ἀν-

2065 4791 2297 4863 αφανδὸν
2318 4790 2416 4860 ἠδη
2445 4791 2606 4858 φησίν
2630 4806 2642 4818 ’
2675 4808 2693 4840 ι
2719 4791 2844 4843 Ἐὰν
2876 4790 2949 4860 μή
2984 4806 3068 4851 τις
3101 4784 3332 4855 γεννηθῇ
3359 4783 3417 4846 ἐξ
3445 4782 3635 4844 ὓδατος

2071 4881 2162 4936 καὶ
2197 4879 2529 4949 Πνεύματος,
2559 4880 2618 4931 οὐ
2668 4879 2889 4933 δύναται
2941 4875 3203 4931 εἰσελθεῖν
3233 4875 3314 4935 εἰς
3349 4873 3448 4943 τὴν
3483 4871 3632 4941 βασι-

2068 4972 2216 5026 λείαν
2250 4969 2342 5024 τοῦ
2376 4968 2530 5023 Θεοῦ.
2559 4989 2575 5022 ι
2627 4970 2844 5039 Ἐπειδὴ
2873 4969 2982 5040 γὰρ
3018 4966 3268 5022 σύνθετόν
3305 4981 3380 5026 τι,
3417 4962 3512 5015 καὶ
3535 4961 3632 5034 οὐχ

2069 5062 2267 5138 άπλοῦν
2295 5061 2434 5115 κατὰ
2457 5061 2617 5130 φύσιν
2641 5062 2670 5113 ὁ
2695 5060 2998 5138 άνθρωπος,
3053 5061 3118 5112 ἐκ
3154 5057 3247 5112 δύο
3297 5053 3635 5126 κεκερασμέ-
3718 5077 3724 5083 ·

2065 5135 2173 5221 νος,
2204 5153 2460 5224 αἰσθητοῦ
2490 5135 2730 5224 δηλονότι
2775 5152 3022 5222 σώματος
3057 5153 3150 5205 καὶ
3190 5151 3368 5221 ψυχῆς
3413 5147 3626 5218 νοερᾶς,

2064 5247 2255 5318 διπλῆς
2284 5245 2432 5316 αὐτῷ
2480 5245 2618 5316 πρὸς
2658 5243 3013 5313 ἀναγέννησιν
3049 5245 3290 5312 ἐνδεήσει
3318 5238 3628 5312 θεραπείας,

2064 5338 2335 5407 συγγενῶς
2365 5355 2479 5398 πως
2505 5335 2733 5406 ἐχούσης
2751 5335 2884 5405 πρὸς
2909 5336 3075 5405 ἄμφω
3097 5336 3204 5406 τῶν
3226 5330 3626 5404 δεδηλωμένων.

2058 5430 2332 5500 Πνεύματι
2399 5427 2496 5496 μὲν
2565 5425 2673 5496 γὰρ
2731 5425 3015 5493 ἁγιάζεται
3088 5424 3179 5482 τοῦ
3231 5419 3515 5492 ἀνθρώπου
3565 5415 3629 5469 τὸ

2060 5521 2294 5589 πνεῦμα,
2331 5520 2483 5573 ὕδατι
2533 5518 2591 5570 δὲ
2652 5515 2720 5569 αὖ
2764 5517 2923 5570 πάλιν
2951 5516 3289 5595 ἡγιασμένῳ,
3331 5511 3389 5591 τὸ
3442 5507 3626 5593 σῶμα.

1010 5696 1028 5721 ⁸
1059 5693 1214 5757 .loau.
1249 5714 1327 5766 ιιι,
1361 5699 1446 5771 51.
1523 5701 1540 5729 ³
1575 5697 1614 5752 ΙΙ
1649 5699 1788 5753 l‘etr.
1827 5699 1947 5776 ι,
2023 5700 2042 5730 ⁸
2074 5697 2233 5771 Rom.
2260 5710 2331 5755 τι,
2366 5695 2436 5758 4;
2492 5690 2686 5761 "IPI'CS-
2722 5708 2759 5759 'a
2791 5693 2843 5749 5-
