4090 6266
368 322 473 378 245

1411 323 1479 378 IN
1515 321 1804 379 JOANNIS
1835 322 2280 380 EVANGELIUM
2321 323 2448 378 LIB.
2492 322 2558 378 11.

3515 327 3620 384 ato

375 444 579 512 Ὀνπερ
613 441 723 511 γὰρ
760 440 962 511 τρόπον
993 440 1055 494 τὸ
1101 443 1158 494 ἐν
1198 445 1309 507 τοῖς
1357 443 1578 515 λέϐησιν
1627 445 1950 516 ἐκχεόμενον

2055 445 2387 512 vehementi,
2423 446 2532 498 vim
2563 444 2687 514 ejus
2728 444 2968 514 concipit
3002 464 3014 498 :
3049 444 3120 499 ita
3154 444 3393 516 Spiritus
3439 448 3622 503 eliica-

373 534 519 605 ὕδωρ
553 537 672 595 ταῖς
696 533 790 586 τοῦ
815 531 982 602 πυρὸς
1007 533 1272 604 ὁμιλῆσαν
1313 535 1520 606 ἀκμαῖς
1556 538 1654 607 τὴν
1687 538 1744 603 ἐξ
1776 536 1941 590 αὐτοῦ

373 623 606 694 δύναμιν
651 621 1038 692 ἀναμάττεται,
1071 621 1212 674 οὕτω
1255 622 1342 676 διὰ
1374 625 1470 694 τῆς
1502 624 1595 678 τοῦ
1630 626 1942 695 Πνεύματος

377 712 654 790 ἐνεργείας
682 713 739 765 τὸ
767 712 1018 781 αίσθητὸν
1048 712 1190 785 ὕδωρ
1233 715 1371 784 πρὸς
1404 715 1552 768 Θείαν
1583 716 1704 770 τινὰ
1730 716 1824 770 καὶ
1846 716 1944 786 ἄῤ-

384 811 544 879 ρητον
587 805 1046 876 άναστοιχειοῦται
1089 806 1186 878 [αί.
1235 809 1756 882 μεταστοιχειοῦται]
1794 810 1943 862 δύνα-

388 915 496 967 μιν,
522 894 725 965 ἁγιάζει
747 914 805 950 τε
835 897 1018 950 λοιπὸν
1047 899 1171 961 τοὺς
1187 900 1243 952 ὲν
1278 896 1358 964 οἷς
1382 900 1448 954 ἂν
1467 900 1694 970 γένοιτο.

455 989 521 1042 Τὸ
545 986 1060 1058 τεγεηημένονὲκ
1084 988 1182 1057 τῆς
1211 992 1456 1060 σαρκὸς,
1488 990 1644 1059 σάρξ
1663 992 1812 1054 ἐστι,
1847 991 1947 1043 καί

380 1078 443 1131 τὸ
488 1078 926 1150 γεγεννημένον
974 1081 1043 1134 ἐκ
1093 1081 1198 1136 τοῦ
1251 1084 1595 1152 Πνειζιματος
1624 1122 1638 1145 ,
1707 1081 1944 1150 πνεῦμά

373 1171 560 1228 ἐστιν.

453 1263 654 1334 Ἐτέρῳ
693 1264 856 1318 πάλιν
885 1264 1046 1316 αὑτὸν
1067 1264 1348 1322 ἀναπείθει
1377 1265 1622 1335 λογισμῷ
1645 1266 1778 1336 πρὸς
1805 1267 1945 1336 ὑψηο

373 1339 593 1426 λᾶτέραν
620 1355 933 1409 ἀναϐαίνειν
969 1355 1202 1421 σύνεσιν,
1249 1357 1341 1410 καὶ
1370 1358 1743 1426 πνευματικὴν
1785 1357 1949 1410 ἀκού-

373 1463 499 1501 οντα
539 1448 814 1518 γέννησιν,
869 1447 944 1517 μὴ
995 1447 1060 1500 τὰ
1114 1449 1380 1518 σωμάτων
1411 1449 1515 1502 ἴδια
1541 1447 1840 1518 λαμϐάνειν
1868 1450 1949 1511 είς

374 1537 517 1592 νοῦν.
549 1539 762 1610 ’Ὥσπερ
795 1536 903 1607 γάρ
922 1539 1154 1607 ἀνάγκη,
1191 1541 1378 1608 φησὶν,
1401 1541 1620 1602 πάντως
1647 1535 1786 1593 εἶναι
1818 1539 1948 1608 σάρ-

376 1647 477 1692 κας
504 1629 574 1682 τὰ
611 1631 829 1701 σαρκῷν
851 1631 1186 1700 γεννήματα,
1227 1629 1630 1699 οῢτωδηλονότι
1665 1631 1758 1684 καὶ
1791 1633 1951 1685 πνεύ-

383 1736 528 1787 ματα
556 1719 628 1771 τὰ
652 1721 718 1772 ὲκ
751 1720 1076 1790 πνεύματος.
1114 1715 1208 1784 Οἷς
1234 1721 1291 1774 δὲ
1325 1723 1354 1773 ὁ
1382 1721 1475 1775 τοῦ
1502 1737 1618 1785 πως
1649 1717 1784 1776 εἶναι
1795 1722 1949 1791 λόγος

2044 536 2207 588 citate
2265 535 2546 589 sensibilis
2601 550 2742 603 aqua
2800 535 2867 589 ad
2925 535 3170 590 divinam
3215 539 3510 606 quamdam
3565 547 3621 592 et

2045 623 2371 678 ineﬂ'ahilem
2418 624 2528 677 vim
2583 623 3032 691 transformatur,
3061 641 3361 696 omnesque
3399 625 3620 681 demum

2045 715 2098 768 in
2123 714 2322 783 quibus
2352 713 2517 768 fuerit
2541 714 2868 771 sanctiﬁcat.

2117 981 2206 1045 lll,
2244 982 2297 1035 6.
2341 981 2494 1046 Quod
2525 990 2708 1035 uatum
2773 989 2850 1034 est
2900 995 2965 1034 ea:
3009 996 3188 1042 carne.
3240 997 3364 1037 caro
3408 993 3520 1048 est;
3570 993 3618 1036 et

2045 1073 2184 1141 quod
2219 1081 2402 1139 natum
2424 1082 2501 1127 est
2533 1087 2597 1126 ea:
2628 1071 2858 1141 Spiritu,
2885 1072 3102 1140 spiritus
3129 1082 3226 1126 est.

2117 1162 2234 1214 Alia
2286 1176 2479 1217 rursus
2513 1162 2727 1216 ratione
2771 1161 2837 1215 ad
2881 1161 3254 1216 sublimiorem
3287 1163 3620 1220 intellectum

2048 1253 2451 1308 ascendendum
2497 1268 2622 1309 esse
2670 1253 2999 1322 persuadet,
3047 1262 3103 1308 et
3135 1252 3264 1308 dum
3314 1255 3618 1324 spiritalem

2047 1343 2450 1412 generationem
2502 1343 2691 1410 audit,
2745 1357 2855 1397 non
2920 1358 3043 1399 esse
3111 1345 3371 1399 continuo
3432 1345 3498 1400 de
3562 1361 3626 1401 re

2049 1432 2270 1501 propria
2296 1446 2586 1500 corporum
2630 1433 3036 1502 accipiendum.
3094 1432 3161 1488 Ut
3208 1435 3352 1488 enim
3397 1450 3624 1490 necesse

2047 1530 2164 1587 est,
2209 1524 2422 1592 inquit,
2465 1523 2691 1579 omnino
2719 1539 2942 1578 carnem
2987 1539 3110 1580 esse
3153 1525 3298 1596 quod
3349 1541 3416 1581 ex
3459 1541 3625 1582 carne

2049 1616 2314 1686 gignitur,
2365 1616 2440 1680 ita
2487 1617 2651 1670 etiam
2703 1616 2932 1686 spiritus
2963 1633 3026 1672 ea
3057 1633 3178 1687 quae
3219 1627 3520 1674 nascuntur
3555 1635 3624 1674 ex

2051 1708 2268 1778 spiritu.
2301 1707 2516 1773 Quibus
2554 1715 2739 1762 autem
2781 1707 3004 1764 diversa
3052 1717 3137 1762 est
3177 1709 3431 1764 essentia
3462 1711 3622 1776 ratio,

381 1785 800 1880 έξηλλαγμένος,
834 1785 1042 1873 τούτοις
1077 1811 1230 1864 ἔσται
1269 1813 1490 1875 πάντως
1512 1813 1605 1866 καὶ
1647 1810 1675 1861 ὁ
1698 1813 1798 1884 τῆς
1825 1785 1948 1883 γεν-

2055 1800 2166 1855 haec
2183 1800 2373 1870 utique
2387 1799 2763 1870 generationis
2775 1799 2994 1854 modum
3010 1799 3214 1854 habent
3225 1815 3334 1854 non
3347 1799 3596 1856 eumdem
3607 1841 3620 1856 .

383 1901 590 1969 νήσεως
623 1899 825 1970 τρόπος
849 1902 944 1971 οὐχ
977 1902 1005 1952 ὁ
1035 1901 1218 1963 αὐτός.
1258 1902 1456 1956 ’ἰστέον
1493 1903 1551 1956 δὲ
1593 1904 1674 1956 δτι
1706 1904 1948 1976 γέννημα

385 1989 477 2042 τοῦ
506 1989 813 2061 πνεύματος
844 1993 905 2045 τὸ
932 1993 1027 2046 τοῦ
1062 1992 1350 2063 ἀνθρώπου
1383 1995 1600 2066 πνεῦμά
1625 2013 1824 2068 φαμεν,
1853 2001 1950 2070 οὐχ

384 2084 460 2146 ὡς
483 2083 543 2148 ἐξ
565 2085 728 2138 αὑτοῦ
755 2086 892 2140 κατὰ
928 2087 1089 2155 φύσιν
1111 2106 1124 2118 ·
1162 2089 1445 2160 ἀμήχανον
1473 2091 1580 2162 γάρ
1603 2108 1616 2122 ’
1647 2092 1761 2145 ἀλλ’
1786 2093 1860 2157 ὡς
1893 2095 1950 2149 ὲν

384 2174 583 2246 πρώτῳ
615 2177 715 2248 μὲν
737 2179 829 2232 καὶ
856 2179 1197 2253 ἀρχαιοτέρῳ
1231 2180 1376 2252 λόγῳ
1420 2183 1560 2236 κατὰ
1603 2184 1665 2237 τδ
1691 2186 1757 2238 δι’
1785 2186 1950 2240 αὐτοῦ

381 2265 675 2337 κεκλῆσθαι
712 2269 771 2322 τὸ
811 2270 887 2340 μὴ
933 2271 992 2324 ὃν
1033 2273 1112 2335 είς
1143 2273 1376 2340 γένεσιν,
1413 2276 1471 2327 ὲν
1496 2276 1551 2329 δὲ
1585 2277 1826 2350 δευτέρῳ
1859 2281 1952 2333 καὶ

379 2358 734 2428 οἰκονομικῶς
777 2360 918 2414 κατά
945 2362 1044 2433 τὴν
1076 2363 1142 2416 δι’
1186 2363 1353 2419 αὐτοῦ
1385 2366 1520 2436 πρὸς
1542 2366 1675 2422 Θεὸν
1710 2371 1953 2442 ἀναμόρ-

381 2464 572 2517 φῶσιν,
598 2450 724 2512 τοὺς
747 2452 977 2516 οίκείους
1015 2456 1147 2523 ἡμῖν
1178 2456 1536 2528 χαρακτῆρας
1584 2459 1951 2528 ὲνθλίϐοντος,

381 2541 473 2593 καὶ
526 2543 604 2604 είς
661 2541 758 2612 τὴν
818 2543 954 2598 ἰδίαν
1005 2545 1194 2617 ῶσπερ
1258 2548 1518 2618 ποιότητα
1566 2551 1666 2622 τὴν
1719 2553 1954 2607 διάνοιαν

386 2634 864 2701 μεταπλάττοντος.
884 2637 1040 2690 οὕτω
1058 2638 1188 2710 γὰρ,
1214 2635 1389 2708 οἶμαι,
1414 2644 1627 2712 νοήσεις
1661 2645 1836 2714 ὀρθῶς
1859 2648 1954 2700 καὶ

383 2723 546 2778 sese
597 2726 691 2780 τοῦ
741 2728 949 2782 Παύλου
979 2732 1112 2801 πρός
1135 2748 1284 2795 τινας
1316 2734 1635 2805 εἰρημένονο
1675 2754 1694 2788 ι
1726 2738 1948 2802 Τεκνία,

385 2817 473 2880 οὓς
523 2818 686 2873 πάλιν
723 2819 918 2884 ὠδίνω,
975 2822 1134 2892 ἄχρις
1185 2816 1247 2876 οὗ
1309 2827 1572 2897 μορφωθῇ
1624 2829 1859 2898 Χριστὸς
1899 2834 1956 2886 ὲν

386 2909 526 2977 ὑμῖν.
562 2929 580 2961 ι
619 2910 726 2963 Καὶ
761 2908 925 2965 πάλιν
951 2928 964 2940 ·
995 2929 1015 2963 ι
1057 2914 1146 2965 Ἐν
1195 2914 1304 2987 γὰρ
1354 2916 1579 2987 Χριστῷ
1635 2919 1810 2990 Ἰησοῦ
1869 2921 1956 2974 διά

385 2999 472 3052 τοῦ
497 3000 823 3070 Εὑαγγελίου
851 3001 962 3070 ἐγὼ
983 3004 1127 3075 ὑμᾶς
1156 3005 1440 3076 ἐγέννησα.
1471 3026 1489 3058 ι

2053 1891 2346 1947 Sciendum
2369 1900 2454 1947 est
2469 1906 2600 1946 vero
2623 1906 2726 1947 nos
2742 1892 2996 1962 genimen
3015 1893 3242 1961 spiritus
3257 1891 3439 1946 dicere
3457 1892 3627 1947 homi-

2051 1984 2138 2038 nis
2161 1984 2435 2053 spiritum,
2471 1982 2632 2054 148
2651 1999 2758 2037 non
2783 1982 2938 2052 quasi
2966 1998 3033 2037 ex
3069 1982 3192 2053 ipso
3219 1981 3292 2037 sit
3322 1983 3623 2038 secundum

2051 2082 2305 2128 naturam
2332 2071 2426 2143 (id
2453 2074 2597 2128 enim
2622 2072 2737 2126 ﬁeri
2763 2086 2992 2142 prorsus
3025 2072 3219 2141 nequit
3243 2072 3288 2138 ),_
3321 2070 3415 2126 sed
3449 2072 3624 2140 prima

2053 2166 2271 2238 quidem
2311 2173 2364 2220 et
2407 2165 2796 2234 antiquissima
2836 2165 3068 2228 ratione,
3116 2163 3266 2234 quod
3314 2178 3410 2234 per
3444 2163 3625 2233 ipsum

2052 2255 2309 2310 nimirum
2350 2254 2403 2309 id
2433 2254 2579 2324 quod
2604 2269 2711 2309 non
2741 2260 2877 2317 erat,
2907 2260 3160 2308 vocatum
3210 2255 3284 2309 sit
3328 2254 3384 2307 in
3422 2261 3624 2317 ortum,

2053 2345 2223 2398 altera
2265 2359 2426 2411 vero,
2468 2345 2731 2400 nimirum
2774 2360 2837 2400 ex
2888 2344 3336 2415 dispensatione,
3379 2345 3523 2415 quod
3558 2345 3625 2400 ad

2053 2436 2224 2492 Deum
2267 2435 2634 2493 reformemur
2659 2452 2756 2506 per
2789 2438 2965 2506 ipsum
2991 2477 3004 2500 ,
3049 2436 3178 2491 dum
3211 2436 3406 2490 anima:
3433 2435 3628 2493 chara-

2053 2535 2234 2582 cteres
2262 2543 2392 2582 suos
2422 2528 2706 2596 imprimit,
2731 2535 2787 2581 et
2815 2528 2869 2581 in
2900 2527 3204 2596 propriam,
3237 2535 3295 2580 ut
3322 2527 3393 2581 ita
3427 2527 3624 2591 dicam,

2052 2619 2370 2689 qualitatem
2423 2626 2660 2672 mentem
2705 2616 3088 2672 transformat.
3141 2615 3233 2675 Sic
3272 2617 3420 2672 enim
3459 2623 3625 2677 recte,

2053 2711 2275 2780 opinor,
2308 2709 2581 2779 intelliges
2621 2708 2788 2764 etiam
2818 2709 2954 2762 illud
2991 2708 3134 2777 quod
3178 2723 3274 2778 per
3303 2708 3528 2766 Paulum
3561 2710 3629 2764 ad

2054 2803 2270 2871 aliquos
2297 2802 2505 2856 dictum
2529 2808 2614 2856 est
2641 2819 2654 2853 :
2685 2817 2703 2850 ι
2739 2798 2942 2863 Filioli,
2969 2815 3108 2868 quos
3137 2801 3332 2854 iterum
3360 2801 3627 2870 parturio,

2055 2894 2228 2950 donec
2263 2892 2531 2946 formetur
2579 2888 2832 2945 Christus
2876 2889 2929 2942 in
2961 2891 3113 2944 vobis
3141 2891 3185 2942 ’.
3236 2909 3254 2942 ι
3301 2889 3430 2944 Item
3467 2909 3478 2943 :
3521 2909 3539 2941 ι
3573 2888 3631 2943 In

2054 2985 2275 3040 Christo
2330 2983 2474 3039 enim
2522 2981 2651 3038 Jesu
2701 2998 2797 3053 per
2849 2981 3201 3052 Evangelium
3249 2997 3350 3052 ego
3393 2997 3490 3036 vos
3536 2997 3632 3052 ge-

2065 3080 2160 3134 nui
2194 3080 2257 3131 ".
2309 3097 2326 3129 ι

451 3172 545 3239 Μὴ
564 3173 876 3242 θαυμάσῃς
908 3175 997 3230 ὅτι
1024 3172 1197 3230 εἶπόν
1214 3193 1332 3233 σοι·
1359 3178 1464 3233 Δεῖ
1484 3181 1641 3250 ὑμᾶς
1673 3184 1951 3254 γεννηθῆ-

2135 3169 2222 3238 Ill,
2266 3169 2318 3236 7,
2343 3169 2394 3224 8.
2441 3167 2564 3223 Non
2596 3169 2799 3222 mireris
2824 3170 2948 3239 quia
2997 3169 3111 3222 dixi
3145 3169 3261 3233 tibi,
3293 3169 3510 3238 Oportet
3546 3185 3633 3222 vos

384 3277 479 3315 ναι
506 3263 752 3317 ἄνωθεν.
784 3265 854 3319 Τὸ
890 3267 1126 3336 πνεῦμα
1165 3269 1316 3324 ὅπου
1347 3271 1504 3326 θέλει
1533 3274 1688 3338 πνεῖ,
1719 3274 1815 3327 καὶ
1845 3275 1951 3342 τὴν

2059 3262 2208 3315 nasci
2253 3261 2493 3326 desuper.
2549 3257 2780 3326 Spiritus
2835 3259 2926 3310 ubi
2965 3258 3073 3311 vult
3126 3260 3317 3327 spirat,
3371 3269 3419 3313 et
3464 3275 3635 3313 vocem

385 3353 592 3422 φωνὴν
619 3357 803 3410 αὑτοῦ
828 3358 1088 3424 ἀκούεις,
1129 3361 1270 3415 ἀλλ’
1297 3365 1406 3418 οὐκ
1450 3362 1618 3432 οἶδας
1647 3368 1832 3421 πόθεν
1866 3368 1951 3436 ἔρ·

2057 3353 2170 3422 ejus
2202 3353 2375 3416 audis,
2404 3350 2493 3404 sed
2540 3351 2708 3404 nescis
2748 3348 2885 3404 unde
2916 3350 3108 3414 veniat,
3155 3361 3246 3403 aut
3287 3367 3389 3418 quo
3433 3350 3587 3405 vadat
3618 3368 3636 3405 :
3668 3425 3671 3427 ἓ

386 3462 566 3513 χεται,
599 3447 696 3501 καὶ
722 3449 843 3502 ποῦ
865 3449 1080 3519 ὑπάγει
1102 3467 1115 3480 ·
1147 3453 1335 3520 οὕτως
1371 3456 1505 3509 ἐστὶ
1538 3457 1656 3524 πᾶς
1688 3460 1720 3512 d
1758 3476 1951 3528 γεγεν-

2059 3446 2136 3499 sic
2157 3454 2234 3498 est
2270 3444 2438 3497 omnis
2461 3443 2550 3513 qui
2578 3442 2819 3495 nascitur
2840 3457 2904 3495 ex
2944 3439 3168 3511 Spiritu.

385 3535 640 3604 φημένος
667 3537 738 3590 ἐκ
766 3539 870 3592 τοῦ
899 3542 1264 3611 Πνεύματος.

467 3628 655 3699 ’Λρετὴ
707 3629 1062 3698 διδασκάλου,
1105 3634 1165 3686 τὸ
1211 3636 1474 3700 ποικίλοις
1526 3639 1784 3693 δύνασθαι
1833 3641 1951 3711 μεθ-

2132 3632 2380 3687 Doctoris
2416 3632 2590 3685 virtus
2630 3637 2743 3695 est,
2777 3629 2950 3685 variis
2988 3629 3166 3685 modis
3199 3636 3436 3685 tractare
3476 3644 3640 3700 posse

385 3717 586 3770 oﬁstisw
614 3719 835 3788 τρόποις
876 3723 984 3774 τῶν
1017 3725 1385 3796 ἀκροωμένων
1409 3730 1500 3782 τὸν
1550 3730 1691 3796 νοῦν,
1740 3733 1834 3785 καὶ
1874 3732 1951 3786 διὰ

2062 3732 2297 3779 mentem
2353 3723 2704 3788 auditorum,
2760 3722 3059 3792 multisque
3106 3722 3416 3777 rationibus
3457 3737 3639 3795 rerum

387 3808 592 3862 πολλῶν
625 3810 759 3863 ίέναι
804 3811 1196 3884 θεωρημάτων,
1230 3816 1332 3881 τὰς
1380 3820 1464 3888 ἐφ’
1495 3815 1576 3884 οἷς
1606 3822 1672 3875 ἂν
1702 3824 1951 3894 φαίνηται

2061 3815 2558 3871 demonstrationes
2585 3814 2784 3870 an‘erre
2805 3829 2929 3885 quae
2959 3813 3211 3870 diﬁiciles
3245 3825 3528 3884 apparent.
3558 3816 3640 3868 Ah

385 3898 649 3972 δυσχερὴς
692 3902 719 3954 ὁ
747 3902 903 3970 λόγος
940 3905 1246 3973 ἀποδείξεις
1284 3910 1704 3982 ὲπισωρεύοντα.
1739 3915 1951 3984 Δέχεται

2062 3905 2330 3973 exemplis
2379 3905 2546 3977 igitur
2591 3905 2839 3976 mysterii
2896 3904 3125 3974 ﬁguram
3174 3906 3352 3974 capit,
3401 3915 3456 3960 et
3513 3906 3635 3958 ait:

384 3988 558 4041 τοίνυν
584 3991 648 4042 ἐκ
686 3992 1142 4062 παραδειγμάτων
1185 3996 1278 4050 τοῦ
1328 4000 1628 4070 μυστηρίου
1654 4001 1747 4055 τὸν
1771 4003 1951 4066 τύπον,

2065 3996 2303 4065 Spiritus
2325 3996 2413 4050 hic
2438 4011 2629 4050 aereus
2649 3995 2840 4065 perﬂat
2865 3996 3184 4052 universum
3209 3996 3420 4060 orbem,
3439 4005 3638 4049 etcum

387 4077 478 4131 καί
534 4096 666 4149 φησι
690 4097 704 4110 ·
737 4082 811 4134 Τὸ
834 4084 1049 4152 πνεῦμα
1087 4087 1235 4140 τουτὶ
1260 4087 1320 4140 τὸ
1356 4090 1647 4160 ὲγκόσμιόν
1677 4110 1734 4145 τε
1766 4095 1857 4146 καὶ
1881 4097 1951 4147 ὲν-

2065 4088 2233 4142 libero
2267 4101 2329 4140 ac
2360 4101 2497 4157 vago
2547 4087 2748 4154 impetu
2776 4085 3069 4149 decurrat,
3119 4085 3238 4140 solo
3290 4086 3472 4138 sonitu
3522 4085 3641 4153 ejus

386 4167 568 4239 αέριον
612 4175 864 4242 περιπνεῖ
901 4177 997 4244 μὲν
1046 4176 1174 4246 ὃλην
1215 4180 1562 4250 οἰκουμένην,
1607 4183 1700 4236 καὶ
1737 4185 1951 4256 ὅποιπερ

2065 4180 2356 4250 ιιιάξεθηῑὶιι
2415 4177 2828 4247 comprobatur,
2879 4190 2981 4231 nec
3044 4176 3137 4229 ulli
3207 4175 3482 4238 cernitur,
3546 4175 3641 4229 sed

389 4258 455 4309 ἂν
480 4257 735 4329 βούληται
785 4263 1096 4334 διαδραμὸν,
1134 4268 1325 4339 κτύπῳ
1370 4271 1516 4342 μόνῳ
1559 4271 1733 4342 παρὸν
1767 4276 1951 4344 σημαί-

2065 4270 2406 4329 tenuissimis
2469 4269 2620 4322 auris
2683 4267 3012 4336 corporibus
3075 4282 3136 4322 se
3193 4267 3640 4331 communicans,

389 4369 559 4416 νεται,
614 4354 708 4406 καὶ
741 4354 1078 4411 διαλανθάνει
1112 4360 1209 4431 μὲν
1246 4363 1338 4416 τὸν
1378 4364 1633 4418 ἁπάντων
1664 4364 1951 4436 ὀφθαλμὸν,

2067 4361 2337 4416 naturalis
2382 4369 2436 4416 et
2485 4361 2663 4414 insitae
2707 4358 3051 4413 eﬂicacitatis
3083 4371 3305 4412 sensum
3351 4357 3642 4426 quemdam

387 4446 584 4515 αῠραις
635 4448 692 4502 δὲ
729 4453 844 4513 τοῖς
896 4451 1110 4523 σώμασι
1155 4454 1518 4522 λεπτοτάταις
1567 4460 1951 4530 προσομιλοῦν,

2067 4452 2148 4507 cis
2181 4451 2358 4520 injicit
2395 4470 2408 4505 :
2439 4451 2513 4504 ita
2559 4448 2861 4520 spiritalem
2882 4487 2897 4511 ,
2931 4447 3131 4516 inquit,
3164 4446 3311 4500 illam
3358 4459 3644 4516 regenera-

385 4537 637 4608 αἴσθησίν
666 4557 789 4593 τινα
821 4544 919 4608 τῆς
958 4543 1183 4614 ἐνούσης
1234 4547 1380 4618 αὑτῷ
1421 4553 1656 4620 φυσικῆς
1686 4551 1951 4620 ἐνεργείας

2072 4540 2270 4593 tionem
2318 4539 2596 4608 intellige,
2637 4552 2666 4590 a
2709 4537 2964 4592 tenuibus
3015 4536 3280 4605 exemplis
3314 4537 3378 4590 ad
3433 4535 3642 4605 majora

385 4628 591 4698 ἐνίησιν
618 4646 630 4658 ·
655 4628 798 4683 οὕτω
828 4649 917 4700 μοι
947 4631 1078 4695 νόει,
1103 4637 1258 4704 φησὶ,
1289 4638 1380 4690 καὶ
1408 4638 1504 4706 τὴν
1535 4639 1621 4693 διὰ
1651 4641 1951 4712 Πνεύματος

2070 4630 2227 4698 quasi
2267 4645 2430 4683 manu
2468 4629 2700 4692 (luctus,
2737 4635 2792 4682 et
2848 4628 3015 4681 allato
3071 4627 3222 4681 dicto
3277 4635 3545 4703 tanquam
3591 4630 3644 4682 in

387 4719 762 4788 ἀναγέννησιν,
794 4723 857 4775 ὲκ
881 4723 1097 4794 μικρῶν
1112 4725 1670 4796 παραδειγμάτωνὲπὶ
1694 4733 1762 4786 τὰ
1793 4733 1951 4804 μείζω

2069 4722 2326 4792 imagine,
2365 4736 2452 4775 res
2493 4735 2614 4792 qua:
2638 4735 2861 4792 sensum
2903 4718 3178 4774 excedunt
3210 4718 3536 4794 intelligens.
3575 4796 3578 4797 ν

387 4808 912 4880 χειραγωγούμενος,
957 4811 1050 4864 καὶ
1099 4812 1349 4885 καθάπερ
1385 4817 1443 4870 ὲν
1477 4820 1641 4874 εἰκόνι.
1668 4820 1745 4892 τῷ
1772 4839 1960 4893 παροιο

390 4897 564 4953 σθέντι
597 4900 738 4971 λόγῳ
775 4903 844 4956 τὰ
869 4903 1009 4973 ὑπὲρ
1041 4903 1296 4976 αἴσθησιν
1325 4908 1541 4964 ἐννοῶν.

473 4990 778 5059 Ἀπεκρίθη
830 4994 1198 5063 Νικόδημος,
1239 4997 1338 5050 καὶ
1373 4994 1541 5053 εἶπεν
1582 5002 1740 5065 αὐτῷ
1765 5019 1777 5030 ·
1822 5003 1957 5070 Πῶς

391 5077 634 5132 δύναται
673 5082 856 5136 ταῦτα
880 5084 1193 5155 γενέσθαυ
1236 5088 1551 5159 Ἀπεκρίθη
1592 5093 1822 5160 Ἰησοῦς
1855 5095 1954 5148 καὶ.

390 5161 555 5218 εἶπεν
579 5168 755 5232 αὐτῷ.

463 5255 628 5309 Οὐδὲν
647 5259 675 5308 ὁ
711 5262 915 5329 μακρὸς
943 5265 1188 5336 ὼυέλησε
1213 5267 1369 5337 λόγος
1396 5269 1488 5323 τὸν
1519 5270 1580 5322 οὐ
1603 5247 1825 5324 νοοῦντα
1855 5290 1959 5341 μη-

390 5345 496 5398 δέν.
524 5346 693 5414 Σοφὸν
722 5343 815 5400 οὖν
841 5350 947 5419 ἄρα
972 5354 1030 5404 τὸ
1054 5356 1109 5406 ἐν
1125 5356 1288 5427 βίϐλῳ
1314 5359 1630 5429 Παροιμιῶν
1657 5360 1958 5429 εἰρημένον,

401 5437 517 5500 «Εἰς
540 5431 654 5490 ὦτα
674 5437 979 5502 ἀκουόντων
1003 5442 1150 5496 λάλει
1169 5462 1180 5474 ·
1197 5464 1216 5496 ι
1238 5447 1340 5512 ,καὶ
1355 5447 1510 5500 τοῦτο
1533 5448 1620 5500 διὰ
1643 5449 1834 5516 πείρας
1847 5448 1970 5516 άληο

396 5523 481 5590 θὲς
505 5527 561 5580 ὃν
589 5527 787 5593 ἔδειξεν
808 5532 835 5582 ό
853 5531 1061 5603 Σωτὴρ,
1089 5534 1254 5588 τύπον
1281 5537 1410 5607 ἡμῖν
1442 5538 1630 5600 ἑαυτὸν
1660 5540 1760 5592 κάν
1789 5539 1962 5608 τεύτῳ

490 5705 506 5732 °
543 5703 712 5759 Galut.
745 5723 815 5773 tv,
854 5709 933 5764 19.

2139 4984 2226 5052 Ill,
2266 4985 2319 5040 9.
2362 4985 2649 5054 Respondit
2701 4987 3054 5054 Nicodamus,
3094 4996 3142 5042 et
3191 4988 3329 5042 dixit
3375 4991 3468 5043 ei:
3504 4989 3646 5053 Quo-

2071 5076 2223 5132 modo
2288 5087 2508 5147 possunt
2577 5078 2686 5133 ha’c
2745 5079 2912 5147 ﬁeri?
2972 5077 3256 5147 Respondit
3326 5080 3526 5144 Jesus,
3596 5088 3642 5130 ει

2072 5168 2209 5222 dixit
2247 5171 2314 5223 ei.

2143 5261 2328 5331 Longa
2369 5262 2545 5322 oratio
2599 5262 2736 5316 nihil
2781 5260 3050 5332 profuerit
3105 5261 3428 5330 intelligemi
3483 5257 3640 5310 nihil.

2074 5353 2367 5422 Sapienter
2413 5353 2599 5422 itaque
2651 5353 2703 5405 in
2750 5353 2888 5407 libro
2923 5351 3352 5405 Proverbiorum
3393 5344 3636 5409 dicitur:

2079 5466 2097 5498 ι
2146 5447 2201 5502 In
2231 5463 2398 5502 aures
2429 5447 2767 5502 audientium
2814 5445 3042 5514 loquere
3083 5444 3147 5492 “.
3185 5460 3202 5490 ι
3249 5439 3413 5505 quue
3449 5449 3637 5488 verum

2072 5555 2193 5595 esse
2225 5539 2603 5610 experimento
2643 5537 2896 5592 Salvator
2935 5530 3198 5592 ostendit,
3235 5529 3358 5582 dum
3399 5526 3638 5594 seipsunl

1061 5713 1099 5742 ’θ
1131 5712 1144 5766 l
1179 5715 1300 5769 Cor.
1340 5734 1410 5782 ιγ,
1455 5719 1538 5773 l5.
1621 5721 1656 5751 “
1693 5719 1851 5775 Prov.
1887 5735 2020 5784 xx”,
2059 5720 2138 5774 l7.
