4090 6266
426 343 531 398 in

1436 335 1494 388 S.
1523 332 1799 389 CYRILLI
1835 329 2300 387 ALEXANDRINI
2325 328 2638 385 ARCIHEP.

3556 328 3658 384 9.18

424 468 591 523 etiam
616 464 708 519 hic
732 464 892 519 nobis
912 460 1224 531 exemplum
1249 458 1398 513 fecit.
1432 455 1552 512 Non
1582 457 1781 525 poterit
1803 464 1982 511 autem

2103 454 2284 516 ςιδούς.
2326 453 2472 517 Ἔξω
2525 452 2583 506 δὲ
2621 451 2836 514 πάντως
2877 434 2976 522 τῆς
3027 450 3120 504 ἐπὶ
3159 449 3237 520 τῷ
3296 448 3371 520 μὴ
3406 447 3662 522 δύνασθαι

425 557 595 629 objici
642 556 905 626 magistro
937 554 1116 623 ipsum
1162 550 1527 622 persuadendi
1584 549 1843 603 facultate
1899 563 1990 602 ea-

425 666 569 715 rere,
605 650 651 705 si
708 648 899 702 doceat
951 660 1074 716 quae
1127 651 1275 699 recta
1323 656 1447 698 esse
1500 651 1688 710 putet,
1739 639 1992 709 quamvis

427 757 539 814 prae
587 740 898 795 auditorum
939 736 1199 792 tarditate
1249 734 1385 787 nihil
1428 732 1702 803 proﬁciat.
1740 730 1991 797 Alioquin

426 835 590 891 etiam
659 833 788 886 hinc
844 829 1105 885 discimus
1163 825 1460 881 caecitatem
1504 840 1572 878 ex
1624 827 1776 892 parte
1820 819 1995 875 conti-

426 923 573 994 gisse
632 922 687 974 in
738 918 909 989 Israel
962 936 976 972 :
1028 934 1046 967 ι
1098 912 1300 991 Auditu
1353 912 1497 968 enim
1546 909 1831 993 audientes
1886 922 1991 962 non

428 1012 739 1081 intelligunt
756 1011 817 1063 ".
847 1029 865 1061 ι
1158 1027 1165 1035 ·
1801 1052 1804 1054 ν

503 1101 663 1175 149
692 1099 790 1166 Ill,
835 1100 920 1154 10.
967 1102 1039 1152 Tu
1083 1114 1138 1152 es
1179 1099 1425 1167 magister
1467 1095 1519 1147 in
1563 1091 1763 1154 Israel,
1805 1100 1853 1144 et
1886 1090 1995 1144 haec

427 1193 640 1264 ignoras
659 1195 685 1247 .9

501 1282 576 1337 Ex
623 1298 733 1339 uno
783 1283 1040 1339 Christus
1086 1296 1279 1336 omnes
1335 1279 1550 1349 arguit,
1606 1280 1992 1348 magistrorum

428 1374 647 1446 quidem
670 1373 892 1427 nomine
915 1379 1164 1437 ornatos,
1187 1381 1241 1424 et
1271 1371 1416 1423 nuda
1447 1369 1707 1438 opinione
1729 1364 1996 1420 doctrinae

428 1466 620 1538 legalis
657 1448 965 1531 redimitos,
995 1463 1088 1518 sed
1117 1471 1265 1516 tanta
1298 1460 1511 1516 inscitia
1539 1474 1602 1514 ac
1631 1467 1856 1528 stupore
1880 1457 1998 1528 ple-

431 1575 551 1624 nos,
602 1568 661 1614 ut
701 1556 840 1612 nihil
888 1555 1067 1610 sciant
1113 1569 1306 1610 eorum
1355 1569 1477 1624 quae
1528 1552 1672 1613 scire
1717 1546 1994 1613 convenit,

430 1649 629 1705 nedum
676 1649 817 1705 alios
861 1648 1095 1703 edocere
1144 1654 1369 1717 queant.
1418 1643 1575 1712 Quod
1608 1646 1653 1700 si
1684 1640 1992 1698 istiusmodi

429 1751 515 1797 est
548 1741 641 1812 qui
673 1739 833 1795 docet
855 1741 1017 1801 alios,
1046 1739 1241 1808 quales
1273 1738 1487 1791 demum
1521 1742 1685 1791 erunt
1714 1734 1991 1804 discipuli,

2096 545 2300 599 πείθειν
2322 545 2499 608 αἰτίας
2527 545 2556 595 ὁ
2584 544 2850 597 διδάσκων
2877 542 3135 605 κείσεται,
3164 540 3336 609 λέγων
3374 540 3471 611 μὲν
3501 540 3661 605 αὐτὸς

2095 635 2239 705 ἅπερ
2261 635 2326 688 ἂν
2356 635 2499 704 ἔχειν
2538 635 2715 702 οίηται
2760 631 2960 696 καλῶς,
3017 630 3240 700 ὠφελῶν
3289 631 3345 706 δέ
3384 632 3550 703 μηδὲν
3575 632 3664 686 διά

2094 727 2153 778 τὸ
2204 727 2311 779 τῶν
2366 724 2731 796 ἀκροωμένων
2772 721 3062 792 δυσμαθές.
3119 721 3328 784 Ἀλλως
3363 739 3423 775 τε
3454 724 3548 789 καὶ
3575 723 3663 777 διὰ

2092 816 2280 869 τούτου
2312 815 2674 885 μανθάνομεν,
2698 815 2783 868 ὅτι
2812 813 3068 885 πώρωσις
3083 813 3305 883 γέγονεν
3330 813 3437 883 ἀπὸ
3463 813 3662 884 μέρους

2093 907 2172 978 τῷ
2204 909 2435 979 Ἰσραήλ.
2470 925 2490 957 ι
2555 907 2715 977 Ἀκοῇ
2760 907 2869 975 γὰρ
2910 905 3194 970 ἀκούοντες
3229 907 3289 959 οὐ
3333 908 3594 961 συνιᾶσιν.
3638 926 3657 960 ι

2167 1085 2250 1137 Σὺ
2284 1079 2340 1138 εἷ
2367 1087 2399 1137 ό
2422 1082 2789 1147 διδάσκαλος
2833 1082 2937 1135 τοῦ
2977 1082 3233 1152 Ἰσραὴλ,
3258 1083 3356 1137 καὶ
3384 1081 3568 1137 ταῦτα
3588 1085 3662 1137 οὐ

2096 1176 2407 1244 γινώσκεις
2426 1192 2444 1241 ;

2181 1265 2268 1333 Ἐξ
2288 1268 2405 1330 ἐνὸς
2464 1267 2708 1331 ἃπαντας
2760 1267 2973 1337 ἐλέγχει
3017 1265 3268 1337 Χριστὸς.
3299 1265 3521 1335 ὀνόματι
3564 1265 3663 1335 μὲν

2093 1355 2172 1425 τῷ
2230 1355 2590 1426 διδασκαλικῷ
2626 1356 3130 1429 περιηνθισμένους,
3166 1355 3261 1409 καὶ
3297 1355 3665 1426 νομομαθείας

2097 1448 2362 1517 ὑπόληψιν
2426 1448 2830 1520 ἠμφιεσμένους
2896 1449 3131 1520 γυμνὴν,
3199 1446 3550 1510 ἀπαιδευσίας
3605 1446 3663 1499 δὲ

2094 1537 2378 1591 ἀνάπλεων
2402 1533 2697 1611 φοροῦντας
2730 1539 2821 1592 τὸν
2850 1537 2995 1602 νοῦν,
3034 1538 3130 1592 κα)⁸
3157 1537 3393 1591 συνιέναι
3426 1536 3664 1606 δυναμέ-

2097 1642 2218 1690 νους
2240 1626 2393 1679 οὐδὲν
2421 1626 2530 1679 τῶν
2559 1627 2766 1697 ὅσαπερ
2810 1628 3006 1690 αὐτοὺς
3042 1627 3139 1698 οὐχ
3163 1627 3308 1688 ὅπως
3350 1625 3517 1696 ἐχρῆν
3542 1624 3663 1678 επί-

2100 1718 2323 1783 στασθαι
2348 1718 2526 1789 μόνον,
2553 1718 2666 1772 ἀλλ’
2696 1718 2796 1789 ἤδη
2834 1718 3095 1773 δύνασθαι
3130 1719 3224 1772 καὶ
3253 1717 3524 1772 διδάσκειν
3551 1716 3666 1769 ἑτέ-

430 1847 553 1886 eum
598 1830 924 1900 discipulus,
954 1830 1108 1898 juxta
1139 1828 1441 1882 Salvatoris
1480 1827 1835 1906 sententiam,
1879 1841 1990 1879 non

2103 1828 2239 1881 ρους.
2267 1811 2330 1864 El.
2351 1810 2407 1863 δὲ
2436 1811 2464 1863 ό
2492 1809 2764 1864 παιδεύων
2788 1811 2845 1863 ὲν
2866 1811 3098 1873 τούτοις,
3127 1812 3186 1863 ὲν
3208 1808 3396 1863 τίσινὸ
3425 1807 3668 1863 παιδευό-

430 1923 501 1977 sit
548 1921 812 1991 magistro
863 1920 1208 1990 superior‘h
1248 1919 1365 1973 Non
1420 1928 1503 1974 est
1556 1919 1739 1983 enim,
1792 1918 1993 1987 inquit,

431 2010 734 2082 discipulus
761 2025 925 2080 supra
954 2010 1287 2081 magistrum
1306 1991 1475 2064 suum.
1494 2009 1558 2060 ¹³.
1598 2029 1616 2060 ι
1653 2008 1787 2063 Cum
1813 2014 1994 2062 autem

430 2103 485 2156 in
539 2109 693 2157 tanta
741 2094 1031 2156 versentur
1078 2101 1406 2171 ignorantia,
1443 2115 1568 2154 vere
1608 2099 1863 2154 Christus
1898 2115 1994 2153 eos

434 2192 704 2265 sepulcris
744 2192 1016 2247 dealbatis
1056 2190 1263 2246 similes
1289 2176 1415 2246 esse
1445 2191 1581 2245 dicit
1618 2192 1715 2244 ¹³⁶.
1775 2189 1841 2244 Et
1862 2190 1997 2245 scite

434 2299 653 2355 quoque
694 2283 896 2337 Paulus
936 2283 999 2337 ad
1048 2281 1356 2337 Iudaeorum
1403 2283 1703 2351 principem
1751 2303 1762 2337 :
1806 2301 1822 2332 ι
1860 2280 1994 2335 Pcr-

436 2375 605 2428 cutiet
635 2380 687 2428 te
720 2372 886 2437 Dens,
923 2360 1102 2441 paries
1131 2359 1383 2427 d‘ealbate
1412 2370 1476 2422 τι.
1522 2390 1538 2422 ι

505 2626 596 2695 lli,
640 2630 722 2682 ll.
762 2627 949 2692 Amen,
982 2644 1130 2682 amen
1156 2630 1273 2682 dico
1305 2627 1422 2691 tibi,
1461 2629 1589 2698 quia
1621 2626 1761 2698 quod
1801 2626 1997 2679 scimus

437 2721 720 2790 loquimur,
755 2738 808 2776 er
831 2720 972 2792 quod
997 2721 1222 2775 vidimus
1252 2728 1531 2775 testamur.

510 2813 825 2882 lmperitum
862 2822 917 2869 et
948 2813 1152 2884 oppido
1189 2811 1375 2868 rudem
1404 2812 1671 2882 comperit
1700 2812 1998 2878 hominem,

439 2903 643 2972 quique
683 2916 795 2973 prae
840 2901 1012 2956 multa
1065 2900 1269 2972 ingenii
1304 2899 1557 2955 crassitie
1589 2898 1656 2953 ad
1692 2897 1999 2953 divinorum

436 2995 752 3064 dogmatum
818 2992 1365 3063 comprehensionem
1428 2991 1744 3046 nullatenus
1803 2987 2002 3046 deduci

437 3092 621 3155 queat,
658 3085 842 3139 multis
877 3084 1008 3139 licet
1050 3084 1233 3139 verbis
1261 3084 1633 3153 exemplisque
1668 3082 1837 3138 v’aaiis
1862 3081 1916 3135 in
1948 3079 2002 3134 id

440 3173 756 3247 insumptis.
796 3171 950 3228 Unde
990 3172 1316 3228 accuratiori
1348 3151 1691 3241 expositione
1712 3171 1836 3241 jure
1866 3186 2003 3241 prae-
2029 3151 2070 3207 (ἶ

437 3265 726 3327 termissa,
776 3264 1012 3334 simplici
1051 3263 1153 3318 {ide
1199 3264 1575 3335 accipiendum
1619 3278 1743 3319 esse
1785 3262 2015 3318 demumv

438 3356 704 3421 consulit,
735 3355 882 3425 quod
917 3354 1220 3426 intelligere
1250 3365 1523 3425 nequeat:
1555 3363 1785 3410 testatur
1820 3361 2003 3409 autem

440 3445 558 3514 ipse
596 3444 743 3499 clare
776 3446 918 3499 scire
956 3460 1017 3501 se
1061 3444 1208 3514 quod
1249 3444 1405 3507 dicit,
1448 3442 1623 3512 ipsius
1651 3458 1789 3514 pene
1823 3443 2006 3499 vultus

440 3543 705 3603 aspectu,
749 3534 1046 3587 ostendens
1096 3548 1260 3603 porro
1321 3533 1847 3603 periculosissimum
1883 3547 2007 3588 esse

441 3624 842 3694 contradicere.
886 3621 1005 3679 Non
1039 3624 1183 3679 enim
1215 3624 1479 3680 credibile
1507 3632 1624 3679 erat
1652 3622 2003 3679 Nlcodemum

442 3715 670 3768 oblitum
695 3729 816 3768 esse
841 3713 960 3781 ejus
986 3714 1130 3782 quod
1161 3714 1229 3777 de
1258 3713 1481 3769 Christo
1511 3713 1793 3768 Salvatore
1820 3722 2006 3768 nostro

443 3797 757 3874 asseverat,
800 3801 1059 3866 nimirum
1117 3814 1146 3853 a
1204 3800 1315 3855 Deo
1354 3801 1529 3871 ipsum
1575 3799 1787 3856 venisse
1835 3799 2007 3867 magi-

443 3904 639 3967 strum.
692 3890 971 3947 Resistere
1001 3907 1130 3947 vero
1176 3893 1225 3959 ei
1273 3892 1365 3961 qui
1409 3907 1438 3949 a
1487 3890 1595 3945 Deo
1621 3898 1675 3946 et
1722 3892 1864 3946 Deus
1914 3890 2003 3956 sit,

442 3982 718 4052 quomodo
760 3983 983 4052 periculi
1019 3983 1237 4053 plenum
1270 3999 1378 4038 non
1423 3981 1631 4039 fuerit?
1666 3982 1814 4038 Istud
1863 3983 2006 4038 enim

442 4076 659 4148 videtur
730 4090 853 4135 esse
920 4090 1044 4131 cum
1111 4076 1221 4139 Deo
1289 4091 1549 4147 pugnare.
1619 4074 2005 4139 Verumtamen

444 4165 766 4222 discendum
799 4167 928 4224 hinc
967 4168 1132 4225 nobis
1162 4177 1266 4235 est,
1292 4183 1457 4238 penes
1485 4183 1626 4239 quos
1658 4175 1742 4224 est
1774 4165 2005 4223 docendi

444 4265 706 4337 potestas,
737 4260 912 4315 satius
952 4275 1076 4321 esse
1116 4259 1276 4317 ﬁdem
1326 4259 1670 4330 simplicibus
1701 4257 2007 4313 rationibus

443 4360 789 4420 cpnstantem
821 4351 1035 4415 tradere
1065 4352 1375 4423 neophytis,
1405 4366 1567 4422 quam
1599 4351 1765 4411 altum
1798 4363 1998 4403 sermo-

2100 1919 2274 1972 μενος,
2300 1903 2396 1972 οὐχ
2428 1901 2810 1974 ὑπεραίροντος
2841 1900 3084 1972 μαθητοῦ
3118 1899 3212 1953 τοῦ
3258 1898 3575 1953 διδασκάλου
3602 1899 3666 1950 τδ

2100 1992 2316 2063 μέτρον,
2347 1992 2490 2047 κατὰ
2532 1993 2629 2064 τὴν
2681 1991 2775 2044 τοῦ
2811 1992 3059 2062 Σωτῆρος
3098 1991 3312 2061 φωνήν;
3349 2009 3367 2042 ι
3405 1989 3519 2042 Ούκ
3550 1987 3666 2040 ἐστι

2098 2081 2225 2152 γὰρ,
2279 2083 2433 2151 φησι,
2494 2080 2741 2152 μαθητὴς
2775 2081 2913 2153 ὑπὲρ
2947 2081 3038 2134 τὸν
3073 2079 3388 2134 διδάσκαλον
3433 2077 3616 2131 αὐτοῦ.
3640 2096 3662 2129 ι

2108 2169 2325 2240 Ἐπειδὴ
2369 2169 2425 2223 δὲ
2476 2168 2648 2233 οὕτως
2691 2165 2831 2240 ἦσαν
2865 2169 3116 2240 ἀμαθεῖς,
3155 2170 3444 2241 ἀψευδήσει
3494 2168 3593 2238 μὲν
3638 2168 3668 2220 ὀ

2097 2258 2351 2328 Χριστὸς,
2408 2258 2600 2326 τάφοις
2646 2259 2842 2320 αὐτοὺς
2898 2260 3304 2328 κεκονιαμένοις
3367 2256 3663 2327 ὲξομοιῶν·

2098 2347 2414 2399 ἀστειότατα
2445 2346 2501 2400 δὲ
2524 2348 2616 2400 καὶ
2649 2350 2677 2400 ὁ
2710 2345 2918 2409 Παῦλος
2940 2348 3054 2417 ὲρεί
3089 2347 3223 2416 πρὸς
3247 2347 3337 2399 τὸν
3373 2345 3482 2399 τῶν
3534 2347 3666 2399 Ἰου-

2097 2438 2260 2491 δαίων
2291 2438 2585 2509 ἡγούμενον
2612 2456 2623 2468 ’
2655 2456 2672 2488 ι
2707 2438 2939 2491 Τύπτειν
2974 2456 3030 2491 σε
3061 2437 3242 2508 μέλλει
3282 2440 3310 2491 ὁ
3337 2437 3491 2503 Θεὸς,
3522 2440 3666 2509 τοῖχε

2102 2529 2471 2602 κεκονιαμένε.
2513 2550 2531 2582 ι

2183 2621 2383 2691 Ἀμὴν,
2410 2623 2571 2692 ἀμὴν
2583 2622 2738 2691 λέγω
2754 2639 2873 2685 σοι,
2897 2622 2984 2675 ὅτι
3013 2621 3043 2674 ὃ
3061 2621 3309 2690 οἴδαμεν
3328 2619 3663 2689 λαλοῦμεν,

2101 2714 2197 2768 καὶ
2223 2713 2254 2767 ὃ
2279 2713 2617 2783 ἑωράκαμεν
2631 2714 3066 2784 μαρτυροῦμεν.

2184 2804 2514 2876 Ἀφιλομαθῆ
2575 2806 2669 2858 καὶ
2723 2804 2843 2858 λίαν
2901 2805 3221 2858 ἀπαίδευτον
3277 2803 3520 2875 εὑρίσκει
3576 2803 3668 2856 τὸν

2102 2895 2404 2968 ἄνθρωπον,
2430 2896 2524 2948 καὶ
2571 2893 2659 2948 διὰ
2693 2894 2889 2980 πολλὴν
2928 2893 3219 2964 παχύτητα
3248 2893 3362 2958 νοῦ,
3395 2892 3532 2963 πρὸς
3564 2892 3668 2961 τὴν

2102 2986 2208 3039 τῶν
2242 2986 2401 3040 θείων
2438 2987 2721 3055 δογμάτων
2763 2986 3088 3057 κατάληψιν,
3132 2985 3428 3057 οὐδαμόθεν
3447 2985 3527 3038 ἔτι
3556 3002 3669 3055 χει-

2106 3076 2471 3148 ραγωγεῖσθαι
2504 3077 2818 3147 δυνάμενον,
2852 3077 3030 3130 καίτοι
3076 3075 3287 3147 μακροῦ
3317 3077 3411 3130 καὶ
3430 3076 3518 3129 διά
3546 3093 3669 3129 ποι-

2105 3168 2269 3222 κίλων
2313 3167 2769 3238 παραδειγμάτων
2830 3167 3229 3238 δαπανηθέντος
3283 3166 3461 3235 λόγου.
3508 3165 3670 3219 Ὅθεν

2105 3262 2326 3325 εἰκότως
2358 3262 2419 3314 τὸ
2441 3262 2508 3315 δι’
2527 3258 2808 3331 ἀκριϐείας
2836 3258 3143 3330 ἐξηγεῖσθαι
3173 3259 3386 3331 παρεὶς,
3417 3260 3672 3329 ἀπεριερ-

2103 3355 2288 3424 γάστῳ
2324 3356 2390 3424 τῇ
2422 3353 2599 3406 πίστει
2632 3352 2812 3406 λοιπὸν
2849 3351 3200 3421 συμϐουλεύει
3233 3352 3425 3422 χρῆναι
3462 3349 3667 3411 λαϐεῖν,

2104 3444 2132 3497 δ
2154 3447 2293 3497 νοεῖν
2309 3443 2371 3495 οὐ
2398 3442 2618 3499 δύναται
2642 3460 2655 3474 ο
2687 3444 2953 3513 μαρτυρεί
2972 3441 3027 3494 δὲ
3057 3442 3217 3505 αὐτὸς
3242 3441 3440 3494 είδέναι
3489 3442 3673 3508 σαφῶς

2104 3532 2132 3584 ὃ
2166 3532 2337 3600 λέγει,
2374 3535 2439 3601 τῇ
2468 3531 2560 3585 τοῦ
2592 3532 2882 3602 προσώπου
2916 3532 3262 3603 περιφανείᾳ,
3287 3532 3348 3583 τὸ
3374 3531 3674 3599 ἀντιλέγειν

2106 3623 2185 3676 ἔτι
2214 3622 2472 3676 δεικνύων
2504 3623 2965 3692 ἐπισφαλέστατον
2988 3639 3001 3653 ·
3037 3624 3098 3676 οὐ
3128 3623 3238 3694 γὰρ
3267 3618 3336 3694 ἦν
3375 3624 3521 3686 εἰκὸς
3553 3625 3674 3675 ὲπι-

2106 3715 2360 3785 λελῆσθαι
2407 3714 2740 3785 Νικόδημον,
2801 3715 2859 3778 ὃς
2893 3715 3090 3769 εἰδέναι
3143 3716 3512 3785 διισχυρισατο
3547 3715 3675 3784 περὶ

2106 3806 2199 3860 τοῦ
2226 3808 2473 3878 Σωτῆρος
2501 3807 2658 3877 ἡμῶν
2684 3807 2941 3879 Χριστοῦ,
2982 3808 3063 3860 ὅτι
3097 3806 3246 3873 παρά
3277 3805 3413 3859 Θεοῦ
3452 3806 3674 3877 ἐλήλυθε

2106 3899 2417 3963 διδάσκαλος
2439 3916 2453 3930 ο
2475 3900 2536 3953 τὸ
2560 3900 2617 3953 δὲ
2645 3899 2960 3954 ἀντιτείνειν
2984 3899 3064 3969 τῷ
3086 3899 3235 3971 παρά
3254 3898 3389 3951 Θεοῦ
3415 3900 3508 3951 καὶ
3533 3897 3675 3968 Θεῷ,

2108 3989 2223 4053 πῶς
2247 3991 2346 4043 οὐκ
2372 3991 2438 4043 ἂν
2464 3990 2672 4059 γένοιτο
2693 3990 2938 4044 κινδύνου
2966 3994 3161 4061 μεστόν
3186 4007 3201 4055 ;
3255 3990 3532 4061 Θεομαχία
3569 3991 3676 4062 γάρ

2107 4082 2205 4153 ἤδη
2233 4083 2293 4137 τὸ
2330 4083 2562 4152 πρᾶγμα
2591 4082 2863 4151 φαίνεται.
2891 4082 3037 4153 Πλὴν
3062 4083 3234 4136 ἰστέον
3256 4083 3503 4137 ἐντεῦθεν
3524 4085 3675 4154 ἡμῖν,

2106 4172 2265 4244 οἵπερ
2289 4172 2354 4227 ἂν
2380 4173 2596 4244 ἔχοιμεν
2616 4172 2709 4225 τοῦ
2725 4172 2998 4226 διδάσκειν
3020 4173 3120 4243 τὴν
3142 4171 3410 4238 ἐξουσίαν,
3444 4174 3527 4227 ὅτι
3563 4177 3676 4237 τοῖς

2108 4264 2306 4331 ἀρτίως
2344 4265 2437 4317 ἐπὶ
2480 4264 2542 4316 τὸ
2591 4263 2867 4316 πιστεύειν
2923 4264 3092 4318 ἰοῦσιν
3150 4265 3390 4335 ἀμείνων
3424 4266 3458 4335 ἡ
3497 4264 3678 4322 πίστις

2080 4370 2083 4375 ‘
2110 4361 2167 4412 ὲν
2191 4359 2380 4423 ἁπλοῖς
2409 4359 2710 4428 λογισμοῖς,
2741 4358 2775 4428 ἢ
2806 4355 2971 4426 βαθύς
2998 4374 3083 4419 τις
3115 4357 3293 4425 λόγος,
3337 4355 3431 4409 καλ⁵
3459 4372 3679 4427 περιερο

446 4458 566 4503 nem
611 4449 665 4497 ct
708 4457 995 4513 operosam
1029 4444 1450 4517 expositionem.
1503 4442 1567 4497 Et
1610 4450 1758 4496 certe
1809 4439 2002 4493 Paulus

2109 4448 2307 4520 γοτέρα
2332 4448 2530 4516 μᾶλλον
2570 4444 2845 4517 ἐξήγησις.
2900 4446 3133 4499 Γάλακτι
3182 4445 3238 4498 δὲ
3271 4446 3364 4499 καὶ
3401 4447 3430 4499 ό
3468 4444 3678 4508 Παῦλος

445 4536 558 4600 ipse
604 4534 686 4588 lac
715 4546 902 4605 potqu
938 4534 1101 4594 dabat
1152 4536 1219 4590 iis
1249 4537 1339 4604 qui
1371 4534 1563 4589 solidis
1593 4534 1733 4588 cibis
1763 4531 2004 4585 nondum

446 4624 521 4687 uti
555 4633 806 4694 poterant
836 4627 903 4683 1".
940 4625 1005 4678 Et
1037 4626 1481 4693 sapientissimus
1515 4623 1772 4679 Salomon
1805 4621 2005 4677 alicubi

446 4715 606 4785 nobis
644 4717 719 4771 ait
756 4735 768 4769 :
808 4735 826 4767 ι
869 4715 1165 4777 Evidenter
1214 4731 1515 4785 cognosmas
1567 4716 1777 4770 animas
1824 4714 2006 4785 gregis

445 4804 524 4856 tui
559 4803 601 4834 "
633 4823 646 4859 :
682 4823 701 4855 ι
739 4805 927 4859 volens
947 4804 1256 4859 doctrinam
1278 4819 1525 4861 nouesse
1553 4803 1869 4875 promiscue
1896 4809 2007 4856 tra-

443 4894 677 4949 dendam
704 4896 901 4959 cuivis,
932 4896 1027 4953 sed
1075 4897 1510 4968 uniuscujusque
1562 4896 1745 4967 captui
1793 4910 2011 4951 accom-

445 4984 735 5042 modatam.
1986 4994 1993 5005 ‘

520 5078 680 5151 150
717 5077 805 5145 Ill,
848 5081 934 5136 ll.
979 5081 1048 5137 Et
1072 5084 1421 5138 testimonium
1452 5092 1689 5137 nostrum
1724 5098 1828 5135 non
1867 5080 2010 5132 acci-

442 5172 589 5238 pilis.

514 5260 572 5317 ln
601 5262 796 5332 plurali
825 5277 1055 5319 numero
1076 5263 1231 5319 testis
1255 5278 1545 5334 personam
1575 5259 1835 5317 Servator
1856 5270 2009 5313 extu-

444 5353 523 5419 lit.
564 5363 689 5422 puta
733 5354 882 5424 quod
933 5356 988 5409 in
1023 5354 1207 5425 seipso
1255 5354 1468 5410 Patrem
1514 5355 1710 5409 habeat
1741 5368 1804 5407 ac
1836 5350 2009 5422 Spiri-

442 5453 556 5497 tum
590 5456 779 5501 natura
814 5467 827 5500 :
859 5454 918 5502 ut
949 5445 1355 5517 quodammodo
1395 5446 1552 5515 juxta
1607 5446 1774 5515 legem
1810 5444 2006 5499 Mosai-

444 5547 585 5597 cam,
617 5538 669 5590 in
699 5553 792 5593 ore
821 5539 1054 5603 duorum
1074 5545 1129 5595 et
1143 5536 1308 5599 trium
1335 5539 1550 5597 testium
1575 5538 1803 5608 verbum
1822 5540 2004 5593 ﬁrme-

2113 4538 2329 4603 ὲπότιζὲ
2378 4555 2553 4602 τινας,
2593 4536 2748 4591 οὔπω
2791 4536 3125 4606 δυναμένους
3152 4536 3260 4587 τῶν
3298 4534 3678 4605 στερεωτέρων

2115 4631 2386 4701 μετίσχειν
2405 4629 2705 4701 βρωμάτων
2722 4647 2734 4661 ο
2763 4630 2856 4684 κα)⁸
2881 4627 3202 4692 ιΓνωστῶς»
3223 4628 3279 4682 δὲ
3295 4627 3476 4690 πάλιν,
3502 4647 3521 4679 ‹
3560 4630 3676 4680 Em-

2115 4721 2297 4793 γνώσῃ
2328 4722 2502 4792 ψυχὰς
2537 4722 2787 4793 ποιμνίου
2842 4738 2958 4786 σου,
2987 4740 3006 4773 ι
3038 4721 3174 4792 πρὸς
3198 4720 3348 4791 ἡμᾶς
3376 4717 3479 4771 πού
3514 4733 3678 4787 φησιν

2114 4816 2143 4867 ὁ
2168 4812 2471 4883 σοφώτατος
2521 4812 2770 4883 Σολομὼν
2789 4830 2804 4857 9
2853 4813 2953 4866 οὐκ
3009 4812 3321 4882 ἀδιάκριτον
3366 4812 3478 4873 τοῖς
3510 4825 3677 4877 προσ-

2116 4905 2255 4958 ιοῦσι
2322 4904 2411 4957 τὸν
2460 4904 2836 4958 διδασκαλικὸν
2889 4905 3090 4959 ἐθέλων
3143 4900 3464 4975 προκεῖσθαι
3499 4902 3676 4969 λόγον,

2115 4997 2250 5051 ἁ).λά
2288 4999 2400 5059 τοῖς
2432 4996 2663 5050 ἑκάστου
2694 4997 2913 5068 μέτροις
2942 4995 3220 5064 ἀναλόγως
3240 4994 3677 5066 ἐφηρμοσμένον.

2185 5089 2296 5142 Kal
2325 5088 2437 5156 τὴν
2450 5090 2782 5157 μαρτυρίαν
2814 5086 2984 5156 ἡμῶν
3007 5088 3080 5141 οὐ
3118 5086 3469 5157 λαμϐάνετε.

2196 5264 2281 5327 Ὠς
2324 5263 2463 5333 ἔχων
2526 5264 2582 5316 ὲν
2638 5261 2814 5332 ἐαυτῷ
2854 5261 2943 5315 τὸν
2978 5262 3200 5333 Πατέρα
3227 5264 3320 5317 καὶ
3352 5263 3416 5316 τδ
3456 5261 3679 5332 Πνεῦμα

2113 5355 2375 5423 φυσικῶς,
2435 5356 2513 5418 ιίς
2559 5353 2917 5425 πληθυντικὸν
2971 5353 3205 5426 ἀριθμὸν
3230 5356 3291 5411 τὸ
3334 5354 3442 5408 τῶν
3473 5368 3679 5423 μαρτυ-

2114 5446 2348 5516 ρούντων
2387 5446 2675 5517 πρόσωπον
2732 5442 2994 5509 ἐξέτεινεν
3038 5448 3067 5500 ὁ
3100 5446 3288 5517 Σωτήρ
3313 5461 3326 5473 ”
3360 5444 3446 5497 ἶνα
3477 5442 3677 5511 τρόπον

2111 5537 2253 5602 τινὰ,
2281 5537 2421 5591 κατά
2435 5537 2523 5591 τὸν
2547 5536 2802 5599 Μωσέως
2834 5537 3018 5606 νόμον,
3055 5537 3146 5590 ἐπὶ
3175 5535 3441 5603 στόματος
3467 5531 3562 5585 δύο
3585 5532 3677 5586 καὶ

518 5697 558 5725 ¹²
588 5696 837 5759 llmu.xr,
865 5697 919 5750 8.
998 5696 1432 5765 I3Matthnnilt.
1512 5698 1582 5729 ³³·
1612 5696 1781 5782 Matth
1827 5695 2083 5770 “ungi.
2154 5695 2573 5768 ‘._".\ct.x:§m.5.
2657 5696 2696 5727 "
2730 5693 2890 5750 ICor.
2922 5693 3070 5756 in,‘2.
3141 5692 3180 5721 "
3210 5688 3367 5744 Prov.
3393 5686 3675 5761 “"325,
