4090 6266
340 316 380 371 ‘9.
392 317 451 375 i9

1398 311 1472 369 IN
1505 311 1794 371 JOANNIS
1828 316 2273 374 EVANGELIUH
2314 319 2443 374 LIB.
2484 320 2549 376 ll.

3491 330 3598 384 250

346 434 514 506 τριῶν
545 433 841 504 μαρτύρων
880 430 1212 504 κρατύνηται
1244 429 1304 484 τὸ
1344 431 1651 503 εἰρημένον.
1686 434 1929 507 Οὐδαμό-

2039 444 2144 491 tur.
2167 437 2422 493 Ostendit
2439 450 2621 494 autem
2640 438 2856 499 Judaeos
2879 440 3108 497 salutem
3129 442 3292 511 plane
3315 458 3597 513 respuere,

351 526 444 580 θεν
480 525 536 577 δὲ
566 524 704 587 ὅλως
734 520 1101 586 ἀνασώζεσθαι
1129 520 1381 585 θέλοντας
1433 523 1760 577 ἐπιδεικνύει
1801 526 1929 590 τοὺς

366 616 686 679 Ἰουδαίους,
730 613 1000 684 ὁχαλίνοις
1029 613 1086 667 δὲ
1123 612 1311 677 ἁπλῶς
1357 613 1453 667 καὶ⁹
1499 615 1928 686 ἀπερισκέπτως

356 710 559 777 ὁρμαῖς
592 707 682 758 ἐπὶ
709 706 768 758 τὸ
791 704 925 775 βαθὺ
960 707 1058 775 τῆς
1090 703 1364 768 ἀπωλείας
1391 705 1724 776 φερομένους
1755 707 1927 778 βάρα-

363 799 522 868 θρονο
553 798 599 849 εἰ
625 795 729 867 γὰρ
762 796 895 866 μήτε
918 797 1054 849 νοεῖν
1092 795 1363 866 ἰσχύουσιν
1376 797 1440 850 ἐκ
1464 797 1663 867 πολλῆς
1687 799 1928 868 ἀμαθίας

367 892 426 941 τὸ
448 889 854 958 κηρυττόμενον,
893 887 1029 958 μήτε
1062 887 1243 940 πίστει
1286 888 1560 942 ποιοῦνται
1597 889 1804 954 δεκτὸν,
1841 890 1926 954 τίς

370 979 433 1032 ἂν
454 981 626 1041 αὐτοῖς
655 979 928 1051 σωτηρίας
963 978 1148 1049 ἕτερος
1201 978 1508 1049 ἐπινοηθείη
1547 979 1784 1051 τρόπος;
1820 981 1929 1033 Κα-

369 1071 467 1133 λῶς
489 1072 550 1141 δὴ
577 1068 688 1135 οὖν,
719 1070 816 1123 καὶ
848 1070 994 1141 μάλα
1021 1069 1248 1134 δικαίως
1279 1071 1682 1142 ἀναπολόγητον
1710 1069 1928 1125 ἔσεσθαι

364 1161 455 1230 τὴν
496 1160 850 1231 Ἰερουσαλὴμ
891 1160 1131 1230 ἔφασκεν
1165 1163 1193 1215 ό
1241 1161 1451 1232 Σωτὴρ,
1490 1161 1565 1224 ὡς
1598 1162 1928 1232 αὐτόκλητον

361 1252 442 1318 ἐφ’
465 1251 661 1322 ἑαυτὴν
684 1249 1041 1323 ἀρπάζουσαν
1066 1252 1309 1323 ὄλεθρον.
1329 1271 1346 1303 ι
1403 1252 1760 1324 Ἰερουσαλὴμ
1791 1252 1925 1324 γὰρ,

372 1342 743 1413 Ἰερουσαλὴμ,
782 1343 969 1413 φησιν,
993 1344 1028 1413 ἠ
1046 1343 1436 1397 ἀποκτείνουσα
1471 1345 1594 1406 τοὺς
1621 1345 1924 1415 προφήτας,

359 1436 450 1488 καὶ
463 1437 734 1491 λιθοϐολοῦ
742 1455 809 1491 σα
823 1439 950 1500 τοὺς
961 1436 1401 1502 ἀπεσταλμένους
1416 1437 1547 1508 πρὸς
1561 1436 1747 1507 αὐτὴν,
1765 1437 1931 1490 ποσά-

360 1545 444 1590 att;
474 1529 719 1599 ἠθέλησα
745 1531 1172 1598 ἐπισυναγαγεῖν
1199 1529 1269 1581 τὰ
1297 1528 1465 1582 τέκνα
1492 1546 1607 1594 σου,
1636 1529 1696 1583 ὃν
1728 1529 1928 1598 τρόπον

2029 537 2083 583 et
2111 527 2375 583 eﬂrenato
2407 537 2570 599 atque
2598 532 2891 585 temerario
2924 532 3126 602 impetu
3174 533 3229 586 in
3266 532 3599 601 profundum

2028 619 2351 690 perditionis
2394 621 2712 675 barathrum
2764 620 2917 675 ferri.
2972 622 3029 676 Si
3060 622 3209 677 enim
3262 638 3372 694 prae
3429 626 3600 680 multa

2027 711 2246 767 inscitia
2279 711 2582 783 intelligere
2613 720 2895 782 nequeunt
2935 714 3079 784 quod
3112 713 3463 783 praedicatur,
3497 729 3601 770 nec

2030 802 2133 858 llde
2159 803 2441 873 suscipere
2473 804 2681 868 volunt,
2712 819 2873 874 quam
2923 804 3142 859 demum
3194 805 3355 859 aliam
3407 805 3600 881 salutis

2028 894 2292 948 rationem
2346 894 2670 961 invenient?
2705 895 2848 949 Bene
2904 895 3089 965 itaque
3122 910 3186 950 ac
3236 896 3364 964 jure
3401 896 3600 951 merito

2031 984 2283 1038 Salvator
2342 982 2644 1040 Jerusalem
2710 986 3140 1042 iuexcusabilem
3205 985 3320 1041 fore
3376 986 3596 1052 aiebat,

2030 1080 2157 1143 puta
2189 1086 2311 1143 qua:
2344 1072 2461 1143 ipsa
2493 1074 2594 1128 sibi
2629 1075 2931 1143 perniciem
2957 1083 3281 1133 arcesseret.
3322 1094 3340 1127 ι
3377 1074 3600 1131 Jerusa-

2031 1163 2134 1217 lem
2170 1182 2188 1214 ι
2229 1162 2395 1227 enim,
2441 1162 2642 1232 inquit,
2681 1181 2699 1214 ι
2733 1162 3062 1227 Jerusalem,
3088 1181 3209 1237 qua:
3234 1164 3443 1222 occidis
3466 1178 3600 1233 pro-

2032 1253 2247 1324 phetas,
2269 1263 2324 1308 et
2354 1254 2562 1322 lapidas
2592 1270 2688 1309 eos
2712 1255 2806 1325 qui
2837 1256 2905 1311 ad
2935 1266 2988 1311 te
3017 1256 3172 1311 missi
3205 1263 3353 1319 sunt,
3381 1255 3601 1326 quoties

2029 1344 2173 1398 volui
2213 1357 2547 1414 congregare
2594 1346 2733 1400 lilios
2774 1354 2929 1409 tuos,
2978 1346 3441 1418 quemadmodum
3485 1346 3601 1416 gal-

2036 1434 2145 1488 lina
2180 1442 2474 1505 congregat
2503 1436 2681 1506 pullos
2734 1452 2866 1492 suos
2912 1437 3016 1492 sub
3069 1438 3204 1503 alas,
3252 1445 3306 1492 et
3344 1434 3601 1492 noluisti?

2033 1526 2179 1581 Ecce
2202 1526 2544 1596 relinquetur
2570 1529 2725 1583 vobis
2751 1528 2945 1583 domus
2966 1537 3147 1584 vestra
3169 1528 3384 1584 deserta
3410 1529 3477 1582 ".
3509 1546 3528 1579 ι

357 1618 511 1688 ὅρνις
532 1622 857 1689 ἐπισυνάγει
877 1620 946 1673 τὰ
973 1620 1156 1672 νοσσία
1181 1619 1378 1689 ἑαυτῆς
1407 1619 1513 1672 ὑπὸ
1539 1620 1637 1682 τὰς
1661 1618 1955 1690 πτέρυγας,
1985 1622 2078 1670 καὶ
2101 1618 2202 1671 οὐκ
2234 1618 2534 1688 ἠθελήσατε
2556 1637 2572 1686 ;
2612 1618 2742 1672 Ἰδοὺ
2771 1619 2985 1687 ἀφίεται
3016 1620 3142 1689 ὑμῖν
3163 1620 3190 1671 ὁ
3211 1617 3356 1682 οἶκος
3380 1615 3550 1687 ὑμῶν.
3573 1636 3593 1669 s

430 1713 497 1764 Et
530 1711 603 1763 τὰ
628 1712 858 1778 ἐπίγεια
878 1706 1049 1763 εἷπον
1062 1710 1224 1779 ὑμῖν,
1242 1710 1341 1763 καί
1368 1712 1439 1764 οὺ
1458 1711 1785 1773 πιστεύετε,
1804 1708 1925 1775 πῶς

2092 1706 2180 1774 Ill,
2224 1707 2423 1771 12,13.
2468 1708 2527 1762 Si
2558 1716 2765 1762 terrena
2799 1709 2913 1761 dixi
2946 1708 3109 1774 vobis,
3137 1717 3189 1761 et
3230 1723 3331 1760 non
3361 1705 3605 1770 creditis.

360 1800 470 1852 ἐὰν
500 1799 650 1852 almo
695 1797 838 1866 ὑμῖν
876 1799 948 1851 τὰ
996 1797 1340 1866 ἐπουράνια,
1392 1800 1787 1867 morationes;
1822 1799 1927 1860 Kal

365 1888 567 1954 οὐδεὶς
606 1888 972 1956 ἀναϐέϐηκεν
1009 1890 1093 1955 εις
1128 1888 1234 1942 τὸν
1277 1890 1559 1957 οὐρανὸν,
1597 1892 1648 1943 εί
1691 1890 1778 1959 μὴ
1814 1891 1930 1943 den

369 1978 475 2033 τοῦ
507 1979 770 2047 οὐρανοῦ
798 1979 1073 2045 καταϐὰς,
1109 1982 1142 2034 ὀ
1181 1979 1309 2046 Υἱὸς
1329 1980 1434 2034 τοῦ
1465 1981 1775 2048 ἀνθρώπου
1798 1983 1831 2035 ὀ
1849 1979 1932 2039 ῶν

367 2070 440 2123 ἑν
458 2068 538 2135 τῷ
557 2070 812 2138 οέφανῷ.
882 2054 885 2057 ’

433 2158 704 2231 Μάθημα,
756 2160 939 2230 φησὶν,
983 2162 1080 2232 τὴν
1127 2162 1434 2234 ἀνθρώποις
1477 2163 1792 2235 πρέπουσαν
1831 2166 1931 2234 οὐκ

361 2249 651 2305 ἀναϐαῖνον
706 2249 940 2315 σύνεσιν,
980 2252 1049 2319 ἐξ
1090 2254 1331 2324 ἀμέτρου
1375 2255 1559 2308 λοιπον
1620 2256 1841 2324 ἀλογίας
1868 2257 1929 2309 οὑ

362 2341 747 2411 παρεδέξασθε,
773 2344 864 2397 καὶ
887 2344 1002 2407 πῶς
1025 2345 1090 2398 ἀν
1125 2346 1252 2422 ᾢμῖν
1294 2346 1669 2417 ὲξηγησαίμην
1696 2349 1763 2401 τὰ
1788 2347 1931 2403 θειό-

366 2449 535 2503 τερα;
571 2435 633 2487 Oi
656 2434 713 2487 δὲ
736 2436 793 2487 ἐν
826 2437 937 2498 τοῖς
985 2436 1105 2489 καθ’
1129 2437 1357 2501 ἑαυτοὺς
1391 2438 1774 2513 ἀμαθέστατοι.
1816 2439 1930 2503 πῶς

366 2523 431 2576 ὃν
459 2520 567 2575 εἷεν
594 2527 653 2578 ὲν
680 2527 794 2589 τοῖς
841 2512 1194 2598 ὑπεραίροντι
1246 2528 1398 2598 σοφοί
1480 2530 1588 2581 Καὶ
1621 2531 1669 2581 oi
1701 2532 1836 2599 πρὸς
1874 2531 1934 2584 τὸ

366 2614 580 2667 ἔλαττον
607 2616 989 2686 ἀτονήσαντες,
1042 2618 1157 2679 πῶς
1177 2619 1278 2683 οὐκ
1302 2603 1368 2672 ἀν
1414 2618 1588 2690 ἔχοιεν
1638 2621 1698 2673 τὸ
1752 2622 1933 2691 μεῖζον

366 2703 667 2775 ἀφόρητονς
710 2707 819 2759 Καὶ
872 2708 921 2759 εί
975 2708 1047 2777 μὴ
1072 2709 1245 2778 ’μό-ίῳ,
1284 2711 1469 2781 φησὶν,
1502 2711 1625 2780 ἐμοὶ
1649 2711 1933 2783 πιστεύετε

368 2792 593 2862 λέγοντι,
616 2795 840 2859 πολλοὺς
868 2797 922 2849 δὲ
948 2798 1032 2866 ἐφ’
1061 2799 1273 2870 ἑκάστῳ
1311 2800 1522 2869 ζητεῖτε
1560 2802 1686 2865 τοὺς
1735 2803 1935 2872 μάρτυ-

373 2902 488 2952 ρας,
521 2887 643 2940 τίνα
686 2887 934 2958 παροίσοι
978 2888 1085 2960 [ἵσ.
1134 2891 1474 2963 παροίσοιμι]
1515 2891 1625 2947 τῶν
1670 2894 1933 2964 οὐρανίων

371 2979 493 3045 ὑμῖν
517 2977 827 3047 μυστηρίων
850 2978 941 3031 τὸν
956 2979 1188 3050 θεωρόν;
1218 2967 1436 3042 ιΟὑόεὶς
1458 2982 1565 3051 γὰρ
1594 2982 1932 3053 ἀναϐέϐηκεν

2028 1799 2285 1869 quomodo
2312 1801 2360 1853 si
2395 1798 2581 1854 dixero
2605 1799 2748 1855 vobis
2778 1801 3027 1862 coelestia,
3060 1798 3321 1855 credetis?
3352 1796 3418 1850 Et
3450 1813 3598 1851 nemo

2031 1892 2265 1945 ascendit
2290 1892 2342 1945 in
2377 1891 2583 1955 caelum,
2620 1892 2723 1945 nisi
2750 1891 2838 1961 qui
2870 1889 3135 1945 descendit
3166 1888 3229 1945 de
3250 1889 3398 1953 caelo,
3425 1887 3471 1941 F
3476 1890 3599 1943 ilius

2030 1984 2261 2036 hominis
2288 1983 2378 2053 qui
2400 1993 2478 2037 est
2507 1984 2558 2036 in
2593 1982 2739 2037 ca'lo.

2105 2170 2439 2234 Doctriuam,
2476 2168 2673 2239 inquit,
2715 2168 2999 2222 hominum
3032 2175 3253 2237 captum
3288 2180 3397 2219 non
3438 2178 3599 2220 exce-

2033 2264 2251 2320 dentem
2295 2278 2405 2333 pra:
2451 2260 2674 2316 immani
2730 2269 2953 2329 stupore
2999 2274 3105 2312 non
3155 2257 3474 2327 suscepistis
3505 2276 3518 2310 :
3547 2264 3601 2310 et

2032 2355 2309 2425 quomodo
2370 2354 2525 2408 vobis
2578 2368 2699 2422 quae
2755 2350 3025 2404 diviniora
3078 2357 3206 2403 sunt
3262 2346 3602 2417 exposuero?

2036 2443 2137 2511 Qui
2176 2444 2227 2496 in
2281 2442 2395 2498 suis
2444 2443 2606 2496 rebus
2655 2448 2783 2496 sunt
2824 2438 3193 2509 ignarissimi,
3234 2434 3508 2505 quomodo
3544 2435 3601 2488 in

2034 2535 2450 2592 sublimioribus
2483 2532 2729 2602 sapient?
2758 2539 2812 2586 et
2841 2529 2934 2600 qui
2967 2529 3021 2583 in
3052 2528 3201 2582 tenui
3235 2541 3293 2580 re
3319 2524 3600 2587 deficiunt,

2034 2624 2307 2696 quomodo
2336 2623 2598 2693 majorem
2640 2622 2784 2677 ferre
2831 2618 3123 2689 poterunt?
3154 2614 3272 2671 lam
3317 2616 3419 2671 nisi
3467 2614 3602 2669 mihi

2037 2716 2130 2772 uni
2161 2716 2365 2771 dicenti
2391 2714 2641 2779 creditis,
2674 2714 2885 2783 inquit,
2918 2712 3011 2767 sed
3054 2711 3106 2763 in
3136 2708 3368 2778 singulis
3401 2706 3602 2760 multos

2034 2814 2201 2861 testes
2267 2804 2511 2872 exigitis,
2559 2817 2718 2871 quem
2770 2799 2926 2853 vobis
2976 2795 3245 2865 proferam
3295 2791 3601 2846 caelestium

2037 2895 2420 2969 mysteriorum
2475 2887 2884 2963 spectatorem?
2916 2905 2935 2938 ι
2976 2887 3146 2939 Nemo
3171 2884 3313 2937 enim
3357 2881 3605 2935 ascendit

2039 2990 2091 3044 in
2124 2989 2349 3055 caelum,
2373 2987 2479 3042 nisi
2508 2985 2601 3055 qui
2630 2978 2914 3037 descendit
2940 2978 3007 3033 de
3030 2976 3190 3039 caelo,
3218 2974 3392 3029 Filius
3421 2973 3601 3027 homi-

372 3070 446 3129 εἰς
485 3066 575 3120 τὸν
600 3069 844 3138 οὐρανὸν,
882 3071 928 3122 εί
964 3070 1036 3140 μὴ
1080 3072 1108 3123 ὁ
1144 3072 1208 3123 ὲκ
1246 3073 1340 3125 τοῦ
1375 3073 1604 3144 οὐρανοῦ
1631 3074 1936 3139 καταϐὰς,ό

2039 3081 2145 3137 nis.
2172 3100 2191 3132 ι
2225 3082 2359 3135 Cum
2383 3087 2562 3133 autem
2584 3075 2724 3130 Deus
2744 3072 2980 3127 Verbum
2996 3065 3338 3124 descenderit
3354 3066 3419 3119 de
3441 3064 3601 3126 coelo,

372 3159 497 3223 Υἱὸς
521 3159 614 3213 τοῦ
641 3158 947 3230 ἀνθρώπου.
964 3180 982 3211 ι
1016 3161 1122 3213 Τοῦ
1144 3161 1198 3214 δὲ
1222 3162 1353 3215 Θεοῦ
1379 3163 1549 3231 Λόγου
1576 3165 1937 3236 καταϐεϐηκό-

369 3265 459 3312 τος
488 3248 544 3315 EE
576 3248 828 3318 οὐρανοῦ,
864 3248 955 3301 τὸν
1003 3248 1130 3301 Υἱὸν
1166 3250 1258 3303 τοῦ
1315 3251 1601 3322 ἀνθρώπου
1637 3253 1936 3323 καταϐῆναι

376 3356 530 3409 φησι,
569 3340 879 3411 δικάζεσθαι
914 3340 1049 3410 μετά
1098 3343 1203 3414 ¹τὴν
1248 3343 1659 3416 ὲνανθρὼπησιν
1719 3347 1799 3408 εἰς
1846 3346 1939 3414 δόο

374 3430 635 3500 πρόσωπα
676 3430 1127 3500 παραιτούμενος,
1177 3432 1271 3484 καὶ
1298 3432 1396 3485 οὐκ
1439 3433 1749 3503 ἐπιτρέπων
1777 3434 1937 3495 τισὶν,

371 3519 555 3590 ἕτερον
613 3521 711 3591 μὲν
755 3521 933 3589 λέγειν
974 3521 1101 3573 Υίὸν
1153 3521 1244 3573 τὸν
1296 3524 1358 3574 ἐκ
1404 3523 1679 3593 Παρθένου
1724 3522 1811 3575 διὰ
1841 3522 1939 3592 τὴν

374 3610 560 3681 χρείαν
593 3611 863 3684 ληφθέντα
882 3612 1030 3673 ναὸν,
1069 3612 1254 3683 ἕτερον
1282 3612 1337 3664 δὲ
1369 3614 1459 3665 τὸν
1482 3616 1543 3666 ὲκ
1571 3614 1705 3666 Θεοῦ
1731 3614 1941 3684 Πατρὸς

377 3701 647 3771 πεφηνότα
677 3701 867 3770 Λόγον,
894 3700 1029 3771 πλὴν
1052 3701 1175 3753 ὅσον
1202 3703 1280 3763 εἰς
1302 3700 1391 3754 τὸν
1421 3702 1633 3771 ἑκάστῳ
1666 3702 1941 3772 πρέποντα

375 3791 516 3843 κατά
546 3790 705 3858 φΰσιν
764 3790 1069 3861 διορισμόν·
1130 3789 1317 3859 ὥσπερ
1374 3790 1479 3860 γάρ
1526 3792 1670 3843 ἐστιν
1699 3793 1762 3844 ὲκ
1802 3789 1939 3844 Θεοῦ

376 3882 561 3951 Λόγος,
603 3881 746 3935 οὕτω
789 3882 882 3933 καὶ
932 3880 1218 3952 ἄνθρωπος
1272 3882 1335 3932 ὲκ
1386 3882 1659 3947 γυναικός.
1720 3876 1814 3942 Εἷς
1885 3880 1942 3933 δὲ

378 3971 556 4024 λοιπὸν
585 3969 644 4033 ἐξ
670 3971 869 4039 ἀμφοῖν
914 3970 942 4021 ὁ
982 3970 1214 4040 Χριστὸς
1237 4009 1250 4033 ,
1282 3969 1587 4039 ἀδιαίρετος
1616 3971 1694 4032 εἰς
1724 3970 1944 4039 υίότητα

377 4065 469 4117 καὶ
514 4066 592 4126 είς
629 4062 782 4126 δόξαν
811 4063 1111 4134 θεοπρεπῆ,
1159 4063 1283 4117 ἐπεὶ
1322 4064 1462 4115 κατά
1488 4080 1606 4115 τινα
1642 4063 1839 4133 τρόπον
1871 4062 1945 4126 ὼς

378 4153 481 4206 ἴδια
508 4148 814 4225 περιτίθησι
839 4152 915 4221 τῷ
964 4154 1026 4205 ἐκ
1052 4153 1147 4221 τῆς
1187 4153 1462 4223 Παρθένου
1498 4152 1630 4223 ναῷ,
1657 4153 1728 4206 τὰ
1756 4153 1948 4224 γυμνῷ

376 4228 471 4295 καὶ
506 4244 651 4311 μόνῳ
682 4242 959 4312 πρέποντα
1007 4239 1084 4311 τῷ
1114 4241 1299 4311 Λόγῳ·
1341 4242 1673 4317 ίδιοποιεῖται
1696 4242 1750 4294 δὲ
1786 4241 1947 4294 πάλιν

2037 3177 2238 3231 Filium
2281 3174 2519 3228 hominis
2564 3168 2912 3225 descendisse
2963 3158 3059 3229 ait,
3103 3165 3294 3218 nolens
3352 3163 3407 3215 in
3465 3160 3604 3213 duas

2039 3283 2301 3339 personas
2344 3272 2468 3337 post
2516 3260 3017 3316 inhumauationem
3072 3253 3278 3315 secari,
3332 3266 3429 3304 nec
3480 3249 3607 3301 ullis

2040 3342 2363 3429 permittens
2394 3356 2579 3409 dicere
2620 3352 2786 3404 alium
2815 3346 3036 3417 quidem
3073 3359 3196 3397 esse
3230 3341 3446 3404 Filium,
3481 3348 3610 3391 tem-

2040 3452 2187 3523 plum
2224 3448 2482 3503 nimirum
2518 3443 2650 3497 illud
2693 3440 2837 3510 quod
2885 3454 2948 3493 ex
3001 3434 3221 3504 Virgine
3269 3438 3606 3523 assumptum
3694 3445 3705 3461 ι

2041 3516 2142 3603 est,
2182 3539 2348 3591 alium
2399 3534 2544 3603 quod
2571 3548 2635 3585 ex
2663 3530 2771 3585 Deo
2798 3528 2959 3582 Patre
2983 3524 3184 3580 effulsit
3210 3520 3474 3581 Verbum,
3504 3516 3607 3570 nisi

2041 3638 2305 3701 quantum
2340 3627 2406 3680 ad
2448 3634 2658 3679 natura:
2689 3622 3012 3676 divisionem
3064 3615 3257 3669 attinet
3310 3609 3611 3677 unicuique

2042 3699 2457 3790 congruentem.
2508 3714 2576 3769 Ut
2627 3714 2771 3769 enim
2819 3718 2902 3765 est
2944 3723 3009 3761 ex
3060 3705 3167 3759 Deo
3219 3701 3481 3790 Verbum,
3529 3699 3609 3790 sic

2042 3788 2203 3866 etiam
2232 3824 2296 3862 ex
2330 3806 2556 3861 muliere
2607 3804 2791 3859 homo.
2844 3798 2996 3872 151
3034 3796 3193 3852 Unus
3228 3804 3404 3875 autem
3455 3788 3612 3843 Chri-

2045 3907 2161 3954 stus
2192 3897 2421 3952 demum,
2447 3910 2512 3948 ex
2542 3892 2837 3952 ambobus,
2873 3889 2926 3942 in
2970 3885 3231 3939 ﬁliatioue
3261 3877 3612 3935 iudivisibilis

2044 3999 2129 4044 est
2157 4003 2220 4043 ac
2261 3987 2545 4055 majestate
2576 3982 2687 4037 Deo
2711 3982 2871 4051 digna
2903 3999 2915 4032 :
2951 3993 3072 4032 nam
3102 3990 3222 4046 qua!
3252 3971 3400 4027 nudo
3425 3978 3477 4024 et
3510 3967 3612 4023 soli

2047 4079 2227 4135 Verbo
2271 4076 2625 4141 Conveniunt,
2666 4090 2729 4128 ea
2778 4068 3203 4141 quodammodo,
3243 4080 3342 4120 ceu
3394 4061 3613 4133 propria

2048 4172 2249 4242 templo
2303 4168 2448 4239 quod
2501 4184 2568 4223 ex
2624 4168 2779 4220 beata
2843 4160 3065 4229 Virgine
3120 4166 3205 4212 est
3251 4154 3519 4215 attribuit,
3561 4158 3617 4206 et

2047 4263 2295 4319 vicissim
2346 4262 2464 4331 ipse
2508 4258 2613 4314 sibi
2670 4261 2890 4323 arrogat
2949 4265 3070 4319 quae
3131 4247 3234 4301 soli
3279 4245 3432 4299 carni
3468 4258 3617 4297 con—

377 4332 536 4395 αὐτὸς
565 4333 632 4385 τὰ
663 4331 799 4401 μόνῃ
830 4330 1101 4401 πρέποντα
1120 4333 1186 4401 τῇ
1216 4332 1375 4402 σαρκί
1388 4375 1401 4389 ,
1454 4332 1568 4386 Νῦν
1599 4332 1698 4407 μὲν
1734 4332 1843 4404 γάρ
1890 4332 1936 4395 ἐξ

2051 4362 2273 4425 gruunt.
2297 4330 2454 4406 Nunc
2486 4349 2632 4404 enim
2664 4344 3017 4401 descendisse
3048 4342 3123 4394 ait
3154 4338 3220 4392 de
3252 4337 3392 4391 cmlo
3414 4333 3616 4425 Filium

377 4423 605 4493 οὐρανοῦ
631 4421 1058 4498 καταϐεϐηκὲναι
1080 4422 1212 4491 φησὶ
1242 4422 1330 4474 τὸν
1355 4424 1481 4476 Υίὺν
1506 4423 1600 4477 τοῦ
1625 4423 1912 4494 ἀνθρώπου
1933 4439 1936 4451 ·

2056 4421 2291 4501 bominis
2321 4462 2334 4497 :
2360 4443 2513 4496 timet
2544 4446 2749 4500 autem,
2777 4443 2831 4489 et
2861 4439 3039 4504 pavet,
3072 4436 3125 4485 et
3155 4427 3374 4498 angitur
3409 4424 3619 4494 passio-

381 4516 624 4584 φοϐεῖται
645 4514 720 4577 δὲ,
756 4513 850 4566 καὶ
889 4515 1154 4573 πτοεῖται,
1184 4514 1279 4565 καὶ
1304 4515 1563 4584 ἀδημονεῖ
1585 4515 1724 4568 κατά
1750 4513 1838 4567 τὸν
1853 4515 1947 4567 τοῦ

382 4606 584 4667 πάθους
607 4603 818 4673 καιρὸν,
850 4602 946 4655 καὶ
971 4601 1046 4665 ὡς
1069 4602 1228 4664 αὐτὸς
1252 4601 1438 4655 παθὼν
1452 4603 1859 4673 ἀναγέγραπται
1883 4603 1952 4656 τὰ

385 4699 516 4769 μόνῃ
546 4699 610 4767 τῇ
645 4695 1028 4766 ἀνθρωπὸτητι
1060 4694 1338 4763 πρέποντα
1359 4694 1531 4765 πάθη.

447 4790 554 4842 Καὶ
604 4786 796 4853 καθὼς
838 4785 1099 4853 Mattio-17c
1148 4786 1359 4853 ὕψωσε
1403 4786 1509 4839 τόν
1564 4786 1701 4855 ὅφιν
1751 4786 1820 4840 ἐν
1874 4786 1952 4856 τῇ

381 4880 602 4949 ἐρήμῳ,
649 4880 835 4943 οὕτως
865 4877 1181 4945 ὑψωθῆναι
1224 4876 1321 4930 δεῖ
1372 4877 1476 4931 τὸν
1521 4879 1659 4950 Υἰόν
1705 4879 1812 4932 τοῦ
1845 4871 1951 4934 ἀνὲ

383 4970 642 5038 θρώπου,
712 4971 812 5023 ἵνα
864 4967 982 5034 πᾶς
1037 4971 1070 5021 ό
1122 4968 1430 5045 πιστεύων
1476 4968 1563 5045 εις
1622 4967 1810 5045 αὐτὸν
1858 4960 1946 5045 μὴ

383 5064 697 5128 ἀπόληται.
729 5062 866 5116 ἀλλ’
896 5063 1008 5129 ἔχῃ
1047 5044 1201 5128 ζωὴν
1222 5059 1485 5140 αἰώνιον.

466 5152 957 5222 Ἀπολογησάμενος
982 5153 1314 5225 ἀρκούντως,
1350 5155 1446 5207 καὶ
1477 5146 1576 5226 τὴν
1601 5154 1781 5208 αἰτίαν
1806 5154 1952 5225 αὐτῷ

384 5242 683 5313 παραθεὶς,
728 5241 793 5295 δι’
831 5243 897 5312 ἥν
929 5245 1026 5296 οὐκ
1069 5247 1147 5308 εἰς
1180 5246 1417 5317 ἄμετρόν
1444 5263 1497 5298 τι
1546 5245 1641 5298 καὶ
1677 5246 1953 5316 ὑπερφυὲς

385 5334 411 5383 ὀ
435 5331 532 5401 τῆς
557 5331 690 5399 πρὸς
718 5331 878 5384 αὑτὸν
903 5331 1246 5397 διδασκαλίας
1267 5324 1558 5406 ἀνατρέχει
1584 5333 1762 5399 λόγος,
1787 5350 1951 5403 καταέ

388 5418 555 5473 ϐαίνει
590 5420 753 5474 πάλιν
783 5419 876 5474 ἐπὶ
913 5418 983 5472 τὰ
1028 5420 1114 5472 διὰ
1157 5422 1404 5486 Μωσέως
1460 5420 1708 5484 τυπικῶς
1750 5414 1954 5497 ἀνωθεν

390 5510 754 5580 γεγενημένα,
798 5509 1191 5581 χειραγωγίαις
1240 5512 1437 5581 μᾶλλον
1483 5512 1647 5566 αὑτὸν
1693 5512 1812 5573 ταῖς
1863 5511 1948 5567 διὰ

463 5688 502 5739 ιτ
539 5687 725 5757 Matth.
763 5705 919 5752 χχιιι,
940 5689 1029 5753 57,
1051 5691 1142 5746 38.

2056 4539 2141 4592 nis
2168 4546 2433 4605 tempore,
2464 4546 2637 4600 eaque
2667 4528 2743 4582 illi
2774 4525 3126 4580 aseribuutur
3153 4535 3274 4590 qua:
3301 4517 3402 4573 soli
3436 4516 3624 4569 huma-

2056 4606 2214 4704 nitati
2245 4625 2601 4687 conveniunt,
2630 4620 2784 4691 quasi
2816 4619 2935 4688 ipse
2965 4628 3162 4685 passus
3187 4612 3278 4665 sit.

2125 4785 2218 4847 lll,
2256 4782 2456 4845 ΗΑΒ.
2501 4779 2567 4832 Et
2603 4779 2737 4831 sicut
2788 4774 2994 4843 Moyses
3037 4770 3294 4825 exultavit
3332 4774 3622 4834 serpentem

2056 4876 2110 4928 in
2146 4872 2370 4933 deserto,
2396 4871 2474 4921 ita
2522 4865 2754 4920 exaltari
2784 4871 2983 4931 oportet
3019 4859 3217 4912 Filium
3256 4858 3506 4919 hominis,
3562 4861 3624 4909 ut

2056 4963 2225 5015 omnis
2282 4961 2370 5029 qui
2412 4960 2576 5013 credit
2613 4960 2666 5011 in
2707 4959 2877 5025 ipsum
2930 4970 3033 5006 non
3076 4959 3272 5018 pereat,
3311 4948 3400 5003 sed
3434 4947 3623 5002 habeat

2055 5058 2217 5112 vitam
2243 5065 2513 5109 (sternam.

2098 5132 2420 5215 'Postquam
2468 5144 2718 5199 idoneam
2770 5155 2996 5195 causam
3044 5139 3225 5192 attulit
3266 5137 3334 5191 ob
3377 5148 3539 5203 quam
3570 5132 3621 5185 ei

2052 5251 2141 5291 res
2181 5250 2351 5304 supra
2401 5241 2621 5301 captum
2669 5237 2724 5284 et
2764 5236 3018 5282 naturam
3066 5242 3173 5280 non
3214 5222 3477 5293 exponit,
3529 5218 3624 5271 de-

2052 5325 2267 5380 scendit
2321 5338 2516 5379 rursus
2553 5321 2618 5373 ad
2653 5336 2714 5373 ea
2764 5334 2885 5387 qua:
2924 5325 3106 5387 typtce
3156 5314 3300 5367 facta
3329 5316 3458 5364 sunt
3489 5305 3621 5359 olim

2054 5435 2085 5483 a
2112 5418 2322 5487 Moyse,
2349 5432 2473 5470 cum
2503 5414 2671 5468 sciret
2702 5412 2883 5480 ipsum
2913 5405 3180 5475 exemplis
3212 5403 3392 5470 potius
3414 5396 3622 5487 adve-

2056 5485 2240 5569 ritatis
2268 5505 2599 5577 agnitionem
2627 5502 2823 5557 deduci
2873 5513 3055 5570 posse,
3087 5506 3248 5562 quam
3292 5485 3620 5557 spiritalium
