4090 6266
502 300 601 354 251

1495 304 1553 361 8.
1589 303 1864 361 CYRILLI
1893 301 2364 358 ALEXANDRINI
2405 301 2726 357 ARCHIEP.

3645 305 3759 361 εδε-

502 431 821 471 sermonum
853 417 1132 488 exquisita
1168 419 1404 479 ratione.
1432 420 1602 479 Plane
1633 430 1816 478 autem
1849 438 2063 478 necess:

2181 420 2474 490 σχημάτων
2509 418 2661 487 μόλις
2687 416 2944 470 δύνασθαι
2975 416 3106 487 πρὸς
3146 417 3444 486 ἐπίγνωσιν
3484 420 3582 490 τῆς
3615 423 3751 493 ἀλη-

499 517 606 573 est,
637 507 837 577 inquit,
871 509 1100 563 exaltari
1137 511 1379 581 seipsum
1432 513 1609 568 instar
1655 514 1928 583 serpentis
1961 513 2074 567 Mo-

501 599 664 661 saici,
698 600 996 655 ostendens
1039 603 1358 657 necessario
1410 605 1764 659 scrutandam
1813 621 1939 660 esse
1988 606 2074 658 Ιιὶ-

499 691 752 752 storiam,
799 706 864 745 ac
912 693 1045 748 illud
1100 701 1312 748 tantum
1363 710 1474 750 non
1533 697 1782 752 incinens
1837 699 2070 768 ignaro:

506 800 524 830 ι
575 779 919 836 Scrutamini
973 783 1310 854 Scripturas,
1349 788 1477 852 quia
1525 787 1632 841 illa:
1671 796 1951 858 suntquae
1991 798 2072 844 te-

500 873 823 926 stimonium
855 875 1144 943 perhibent
1174 875 1242 930 de
1274 892 1359 932 me
1391 877 1454 930 ⁸⁸.
1494 897 1511 928 ι
1551 875 1844 950 Serpentes
1870 881 2074 950 quippe

497 961 715 1018 Judaios
751 963 805 1018 in
839 963 1062 1019 deserto
1101 966 1377 1034 quondam
1433 967 1789 1034 infestabant,
1821 971 1914 1040 qui
1945 986 2070 1025 cum

495 1053 780 1121 spicarum
836 1054 890 1107 in
929 1069 1134 1109 morem
1169 1057 1449 1121 caderent,
1483 1065 1536 1113 et
1581 1058 1646 1113 ad
1687 1054 1810 1113 eum
1844 1061 1936 1129 qui
1975 1077 2067 1130 pe-

497 1144 732 1198 riculum
769 1145 904 1200 illud
953 1147 1239 1216 inopinato
1280 1148 1582 1204 immiserat
1629 1151 1970 1220 miserabiles
2003 1167 2069 1206 ex

498 1235 769 1290 immenso
815 1237 1004 1291 dolore
1051 1253 1214 1293 voces
1260 1239 1557 1306 jactarent,
1595 1256 1894 1310 supernam
1936 1249 1992 1296 et
2040 1257 2068 1294 a

495 1322 606 1377 Deo
639 1325 870 1380 salutem
905 1327 1229 1395 poscebant.
1268 1327 1360 1382 llle
1397 1339 1579 1383 autem
1631 1331 1812 1387 bonus
1851 1346 1915 1386 ac
1967 1333 2068 1386 mi-

494 1417 757 1477 sericors.
795 1425 986 1487 utpote
1033 1417 1196 1482 Deus,
1234 1419 1455 1490 Moysen
1485 1420 1656 1490 jussit
1703 1424 1786 1478 eis
1827 1432 2070 1480 statuere

493 1511 802 1572 serpentem
826 1522 890 1561 ex
915 1522 1042 1572 aere,
1062 1509 1114 1561 in
1138 1524 1311 1580 eoque
1335 1511 1858 1578 praemeditationem
1881 1530 2070 1584 quam.

492 1596 617 1652 dam
675 1601 789 1654 vult
837 1616 961 1656 esse
1017 1601 1214 1658 futurae
1268 1619 1364 1673 per
1403 1605 1564 1661 [idem
1612 1607 1830 1664 salutis.
1881 1609 2076 1681 Morsu

491 1691 637 1744 enim
702 1694 972 1762 serpentis
1030 1695 1409 1752 laborantibus
1475 1699 1697 1753 unicum
1765 1703 2065 1757 remedium

2177 508 2325 571 Θείας
2366 508 2560 571 ἐλθεῖν,
2597 507 2630 577 ἢ
2673 509 3069 577 πνευματικαῖς
3098 506 3525 578 ἀκριϐολογίαις,
3571 510 3751 577 ἐξεπισ-

2177 599 2462 670 στάμενος.
2491 601 2582 651 Δεῖ
2605 598 2661 651 δὲ
2681 599 2744 668 δὴ
2777 598 2994 661 πάντως
3017 599 3208 652 ἐαυτὸν
3236 597 3536 670 ὑψωθῆναι,
3563 605 3748 673 φησὶν,

2175 691 2250 754 ὡς
2273 691 2364 744 τὸν
2395 691 2517 760 ὅφιν
2542 691 2632 744 τὸν
2659 690 2750 744 διὰ
2775 689 3035 753 Μωσέως,
3081 691 3518 764 ἀναγκαιοτάτην
3548 696 3749 750 ἐπιδει-

2175 782 2306 845 κνὺς
2337 783 2436 852 τῆς
2469 781 2707 852 ἱστορίας
2736 780 2834 852 τὴν
2861 781 3114 851 βάσανον,
3148 783 3241 836 καὶ
3277 786 3559 854 μονονουχὶ
3589 789 3751 842 πάλιν

2173 875 2347 926 ἐκεῖνο
2376 873 2548 942 λέγων
2589 875 2726 945 πρὸς
2773 873 2864 927 τὸν
2895 873 3114 928 νοοῦντα
3151 875 3320 946 μηδέν
3345 895 3358 908 ο
3396 894 3415 928 ι
3464 879 3749 949 Ἑρευνᾶτε

2171 963 2269 1027 τὰς
2300 964 2524 1035 Γραφὰς
2547 1005 2561 1030 ,
2604 966 2686 1018 ὅτι
2720 961 2882 1020 αὗταί
2919 967 3058 1018 εἰσιν
3091 968 3146 1020 αί
3202 969 3580 1039 μαρτυροῦσαι
3621 974 3750 1044 περ).

2171 1054 2325 1126 ἐμοῦ.
2358 1075 2378 1108 ι
2421 1057 2612 1125 Ὄφεις
2651 1057 2751 1127 μὲν
2793 1057 2902 1129 γάρ
2931 1060 3044 1121 τοῖς
3091 1057 3151 1122 ἐξ
3193 1059 3410 1130 Ἰσραὴλ
3458 1063 3748 1132 ἐπεπήδων

2170 1145 2312 1199 κατά
2349 1144 2449 1216 τὴν
2490 1145 2725 1217 ἔρημον,
2753 1148 2805 1200 οἱ
2836 1148 2892 1201 δὲ
2931 1148 3216 1218 ἀσταχύων
3248 1150 3536 1216 πίπτοντες
3567 1155 3745 1225 δίκην,

2170 1236 2264 1290 καὶ
2313 1237 2450 1307 πρὸς
2497 1237 2590 1291 τὸν
2641 1239 2918 1311 ἀδοκήτως
2967 1241 3345 1311 ἐπισκήψαντα
3404 1244 3646 1299 κίνδυνον
3685 1249 3746 1301 οὐ

2173 1328 2408 1398 μετρίως
2429 1329 2820 1400 ἀσχάλλοντες,
2861 1332 3214 1401 οίκτροτάτας
3251 1333 3504 1400 ἀφιέντες
3538 1339 3753 1408 φωνάς,

2167 1417 2265 1490 τὴν
2304 1419 2510 1474 ἀνωθεν
2563 1421 2660 1474 καὶ
2703 1422 2852 1493 παρά
2890 1423 3026 1476 Θεοῦ
3078 1425 3356 1497 σωτηρίαν
3397 1425 3646 1486 ἐκάλουν.
3685 1431 3746 1484 Ὀ

2167 1508 2224 1563 δὲ
2254 1510 2484 1581 ἐπείπερ
2511 1507 2578 1583 ἦν
2600 1513 2803 1581 ἁγαθός
2841 1531 2901 1566 τε
2931 1515 3026 1566 καὶ
3051 1515 3462 1587 φιλοικτίρμων,
3489 1518 3564 1582 ὡς
3590 1520 3742 1585 Θεὸς,

2167 1596 2288 1666 ὅφιν
2316 1600 2498 1664 αὐτοῖς
2526 1603 2824 1671 ἀναστῆσαι
2855 1603 3088 1672 χαλκοῦν
3126 1605 3336 1658 κελεύει
3378 1607 3584 1661 Μωσέα
3604 1626 3616 1638 ·
3651 1612 3744 1663 καὶ

2167 1685 2230 1756 δὴ
2255 1686 2349 1739 καὶ
2371 1687 2429 1739 ἐν
2457 1687 2603 1758 αύτῷ
2627 1691 2965 1762 προμελετᾷν
2989 1692 3265 1746 ἐπιτάττει
3283 1693 3381 1764 τὴν
3402 1694 3490 1748 διά
3511 1697 3744 1760 πίστεως

493 1789 633 1843 erat,
664 1798 872 1839 aeneum
922 1785 1074 1838 illum
1109 1800 1295 1841 coram
1331 1789 1554 1852 intueri,
1586 1797 1640 1844 et
1667 1799 1914 1847 extremo
1949 1793 2063 1851 dis.-

2170 1775 2465 1844 σωτηρίαν.
2497 1771 2605 1830 Ἦν
2653 1779 2760 1850 γὰρ
2792 1779 2867 1849 τῷ
2905 1780 3158 1850 δηχθέντι
3200 1781 3262 1835 τὸ
3310 1783 3600 1853 φάρμακον
3624 1825 3638 1848 ,
3683 1786 3745 1838 τὸ

494 1872 728 1928 crimine
778 1873 911 1929 fides
960 1890 1083 1929 cum
1123 1877 1218 1931 illo
1253 1878 1448 1932 obtutu
1481 1880 1770 1936 liberabat.
1811 1880 1918 1938 Sed
1954 1884 2070 1943 haec

492 1965 674 2031 quoad
716 1965 1027 2020 historiam.
1058 1967 1274 2025 Rursus
1306 1980 1486 2025 autem
1519 1973 1638 2041 ipsa
1676 1989 1733 2028 re
1763 1980 1937 2029 totum
1965 1979 2071 2032 vel-

494 2062 554 2106 ut
602 2054 655 2106 in
690 2061 816 2124 typo
842 2054 1080 2110 delineat
1115 2056 1516 2116 incarnationis
1568 2064 1914 2132 mysterium.
1947 2065 2070 2122 Ser.-

492 2158 628 2210 peus
673 2145 820 2198 enim
865 2154 1148 2214 peccatum
1202 2149 1511 2220 signiﬁcat,
1568 2168 1772 2208 savum
1823 2155 1960 2211 illud
2015 2165 2070 2213 et

492 2231 698 2285 homini
729 2235 1204 2306 cxitiosum,quod
1231 2239 1546 2296 universum
1573 2259 1745 2312 genus
1767 2244 2065 2300 humanum

491 2321 911 2390 depascebatur,
947 2327 1113 2383 variis
1149 2330 1426 2386 morsibus
1458 2333 1899 2406 uniuscujusque
1947 2339 2068 2392 ani-

493 2427 632 2464 mam
692 2422 988 2483 appetens,
1035 2426 1090 2472 et
1139 2419 1420 2489 multiplex
1475 2425 1733 2493 nequitia:
1795 2443 2072 2484 venenum.

487 2502 807 2569 cﬂ'undens,
848 2507 996 2576 quod
1055 2509 1110 2562 in
1161 2519 1371 2566 tantum
1437 2514 1740 2572 invaluerat
1795 2527 1856 2574 ut
1907 2523 2068 2578 aliter

489 2609 518 2644 a
577 2595 733 2650 nobis
793 2598 952 2652 vitari
1003 2615 1112 2654 non
1173 2615 1398 2672 posset,
1441 2623 1606 2676 quam
1657 2625 1761 2680 ope
1826 2615 2064 2672 etelesti.

493 2685 648 2756 152
683 2686 885 2744 Factus
915 2701 992 2746 est
1021 2708 1149 2763 ergo
1182 2693 1324 2753 Deus
1353 2696 1596 2755 Verbum
1641 2704 1696 2758 in
1732 2706 2062 2762 similitudi-

490 2792 612 2831 nem
635 2779 818 2835 carnis
842 2785 1073 2850 peccati,
1099 2793 1154 2839 ut
1180 2785 1466 2844 damnaret
1489 2802 1772 2860 peccatum
1797 2797 1850 2851 in
1873 2813 2062 2867 carne,

487 2868 631 2922 sicut
682 2872 949 2942 scriptum
1001 2885 1088 2932 est
1122 2878 1186 2940 ⁸⁸,
1219 2886 1273 2934 et
1326 2883 1750 2951 respicientibus
1797 2890 1849 2944 in
1886 2892 2071 2961 ipsum

488 2960 766 3016 intentiori
800 2963 920 3026 fide,
964 2976 1058 3021 aut
1099 2969 1412 3026 divinorum
1463 2975 1780 3046 dogmatum
1821 2960 2059 3052 inquisi-

489 3049 656 3113 tione,
707 3059 924 3106 aeternae
963 3055 1157 3112 salutis
1203 3061 1530 3116 conciliator
1559 3066 1870 3124 exsisteret.
1897 3049 2064 3138 'Quod

489 3148 670 3194 autem
709 3143 762 3196 in
811 3146 1031 3201 sublimi
1070 3151 1229 3220 cippo
1285 3168 1515 3224 serpens
1555 3167 1770 3216 erectus
1803 3161 1968 3220 fuerit
1993 3167 2061 3231 ὀ,

485 3231 729 3286 ostendit
759 3233 958 3289 illustri
985 3249 1039 3292 et
1069 3242 1372 3312 conspicuo
1395 3245 1448 3300 in
1482 3247 1604 3302 loco
1630 3253 1864 3319 positum
1895 3254 2065 3316 fuisse

486 3319 786 3385 Christum,
830 3335 888 3380 ut
919 3329 1192 3386 neminem
1227 3333 1424 3390 lateret
1451 3353 1576 3392 eum
1609 3356 1639 3395 e
1675 3348 1820 3398 terra
1853 3347 2064 3402 exalta-

490 3425 602 3469 tum
637 3414 828 3481 l‘uisse,
849 3420 996 3475 sicut
1018 3423 1134 3493 ipse
1157 3441 1377 3497 quoque
1404 3431 1603 3487 alicubi
1633 3436 1710 3490 ait
1739 3437 1806 3503 ²¹,
1837 3449 2063 3512 prepter

487 3509 795 3575 passionem
828 3527 992 3582 quam
1024 3515 1078 3569 in
1110 3531 1272 3574 cruce
1301 3522 1588 3576 sustinuit.

560 3764 646 3826 ΙΙΙ,
675 3769 762 3821 l6.
791 3768 878 3822 Sic
903 3773 1042 3825 enim
1077 3773 1213 3832 Deus
1246 3779 1434 3835 dilexit
1465 3785 1738 3851 mundum,
1773 3799 1830 3842 ut
1861 3789 2060 3847 Filium

487 3871 640 3908 suum
673 3859 996 3927 unigenitum
1027 3863 1213 3924 daret:
1248 3879 1305 3922 ut
1337 3874 1508 3928 omnis
1540 3877 1631 3944 qui
1673 3881 1840 3934 credit
1868 3884 1919 3937 in
1944 3900 2062 3940 eum

487 3963 590 4000 non
624 3959 824 4016 pereat,
855 3953 946 4006 sed
975 3955 1168 4012 habeat
1195 3960 1356 4029 vitam
1386 3972 1662 4022 (sternam.

558 4125 659 4182 Hie
687 4137 874 4198 aperte
908 4133 1153 4189 ostendit
1192 4135 1360 4192 Deum
1391 4153 1450 4195 se
1483 4155 1606 4198 esse
1638 4145 1939 4203 secundum
1971 4166 2063 4206 na-

483 4227 695 4284 turam,
754 4221 1023 4292 siquidem
1083 4229 1399 4284 necessario
1455 4235 1769 4292 censendus
1828 4247 1914 4294 est
1971 4242 2061 4299 ille

484 4305 652 4374 Deus,
685 4310 778 4378 qui
806 4325 872 4365 ex
921 4311 1034 4368 Deo
1060 4313 1224 4372 Patre
1249 4316 1473 4387 effulsit,
1508 4337 1617 4377 non
1651 4325 1948 4382 adventitia
1978 4331 2061 4384 di-

2169 1866 2248 1927 είς
2276 1867 2565 1936 πρόσωπον
2599 1869 2724 1922 ἰδεῖν
2758 1869 2850 1922 τοῦ
2889 1871 3176 1939 κειμένου,
3224 1873 3319 1926 καὶ
3352 1872 3459 1927 τῶν
3498 1875 3591 1928 ἐπὶ
3634 1879 3744 1940 τοῖς

2168 1955 2421 2025 ἐσχάτοις
2467 1957 2788 2030 ἀπαλλαγὴν
2837 1960 3100 2016 κινδύνων
3148 1964 3189 2032 ἡ
3239 1963 3423 2028 πίστις
3482 1967 3617 2036 μετά
3643 1967 3745 2037 τῆς

2169 2041 2297 2106 Θέας
2328 2049 2440 2108 τοῖς
2475 2047 2673 2118 ὁρῶσιν
2694 2048 3166 2118 ἐπραγματεύετο.
3225 2051 3304 2110 Τὰ
3355 2053 3451 2122 μὲν
3506 2049 3598 2108 οὖν
3645 2058 3761 2126 τῆς.

2169 2134 2406 2206 ἱστορίας
2439 2138 2494 2188 ἐν
2522 2136 2925 2201 τούτοις.¹’ολον
2957 2139 3012 2192 δὲ
3049 2140 3232 2204 πάλιν,
3261 2142 3337 2209 ὡς
3363 2143 3421 2195 ἐν
3453 2144 3630 2216 τύπῳ,
3659 2145 3739 2216 τῷ

2167 2225 2450 2296 πράγματι
2474 2226 2534 2279 τὸ
2558 2227 2656 2298 τῆς
2678 2227 3143 2302 ἐνανθρωπήσεως
3168 2233 3513 2305 καταγράφει
3538 2238 3743 2308 μυστή-

2170 2331 2305 2385 ριον.
2335 2314 2497 2385 Ὄφις
2531 2318 2628 2388 μὲν
2668 2317 2778 2390 γὰρ
2814 2319 2914 2388 τὴν
2944 2321 3146 2391 πικράν
3177 2323 3271 2375 καὶ
3301 2324 3744 2395 ἀνθρωποκτόνον

2167 2404 2444 2474 ἁμαρτίαν
2489 2407 2776 2478 σημαίνει,
2813 2409 2847 2481 ἡ
2893 2411 2986 2462 καὶ
3037 2412 3258 2483 σύμπαν
3288 2416 3350 2468 τὸ
3389 2417 3482 2470 ἐπὶ
3512 2418 3611 2488 τῆς
3639 2419 3743 2489 γῆς

2165 2496 2532 2551 κατεὸόσκετο
2576 2499 2762 2568 γένος,
2809 2501 3162 2574 πολυτρόπως
3219 2507 3319 2576 τὴν
3369 2508 3601 2562 ἑκάστου
3645 2509 3744 2564 δά-

2165 2605 2367 2642 κνουσα
2401 2589 2600 2661 ψυχὴν,
2633 2592 2725 2644 καὶ
2757 2592 3010 2664 πολυειδῆ
3041 2595 3139 2664 τῆς
3179 2595 3512 2665 φαυλότητος
3539 2599 3631 2652 τὸν
3665 2600 3742 2652 ἰὸν

2162 2675 2431 2747 ἐκχέουσα
2451 2694 2463 2706 ·
2499 2673 2567 2750 ῆν
2605 2677 2661 2732 δὲ
2683 2679 2781 2749 οὐχ
2805 2679 3172 2751 ἑτέρως’ἡμᾶς
3195 2683 3293 2754 τὴν
3323 2683 3466 2738 οὕτω
3503 2687 3744 2742 νικῶσαν

2162 2767 2466 2837 διαφυγεῖν,
2504 2770 2552 2822 εί
2595 2769 2668 2842 μὴ
2703 2769 2790 2822 διά
2818 2771 2985 2840 μόνης
3009 2771 3107 2841 τῆς
3133 2771 3193 2836 ἐξ
3241 2773 3486 2844 οὐρανῶν
3521 2777 3745 2829 ἐπικου-

2165 2859 2305 2929 ρίας.
2329 2859 2523 2928 Γέγονε
2542 2860 2723 2915 τοίνυν
2745 2862 2774 2914 ὁ
2792 2861 2922 2925 Θεὸς
2935 2863 3106 2932 Λόγος
3130 2865 3186 2917 ἐν
3207 2865 3514 2937 ὁμοιώματι
3540 2867 3742 2937 σαρκὸς

2162 2951 2462 3023 ἁμαρτίας,
2489 2953 2577 3005 ἶνα
2607 2954 2910 3025 κατακρίνῃ
2936 2955 3034 3025 τὴν
3069 2955 3341 3026 ἁμαρτίαν
3367 2959 3423 3010 ἐν
3459 2960 3524 3028 τῇ
3553 2959 3738 3026 σαρκὶ,

2165 3043 2310 3100 καθὰ
2340 3043 2683 3116 γέγραπται,
2717 3045 2812 3100 καὶ
2839 3048 2951 3111 τοῖς
2978 3047 3316 3114 ἀτενίζουσιν
3362 3051 3441 3114 είς
3486 3049 3646 3104 αὐτὸν
3672 3050 3741 3105 δι’

2166 3133 2551 3204 ἐκτενεστέρας
2595 3135 2694 3206 τῆς
2741 3136 2973 3199 πίστεως
3001 3177 3015 3203 ,
3053 3137 3085 3208 ἢ
3133 3137 3228 3206 καὶ
3277 3139 3378 3208 τῆς
3423 3139 3530 3192 τῶν
3579 3141 3740 3194 θείων

2163 3222 2446 3292 δογμάτων
2476 3225 2701 3295 ἐρεύνης
2725 3267 2739 3291 ,
2777 3227 3054 3297 σωτηρίας
3097 3228 3437 3283 ἀκαταλύτου
3480 3230 3738 3300 πρόξενος

2162 3313 2474 3385 ἀναδειχθῇ.
2515 3315 2588 3368 Τὸ
2627 3316 2683 3369 δὲ
2718 3316 2804 3384 ἐφ’
2839 3317 3047 3387 ὑψηλῆς
3085 3336 3230 3382 τινος
3277 3319 3592 3390 ύποόάθρας
3636 3323 3734 3374 ἀν-

2162 3403 2500 3474 εστηλῶσθαι
2532 3405 2624 3458 τὸν
2644 3405 2802 3476 ὅφιν,
2833 3407 2984 3478 δηλοῖ
3012 3408 3076 3479 δὴ
3116 3409 3338 3473 πάντως
3376 3410 3437 3464 τὸ
3485 3411 3542 3464 ἐν
3579 3427 3738 3482 περι-

2164 3495 2356 3566 φανείᾳ
2399 3495 2491 3550 καὶ
2533 3497 2895 3568 ἐπισημότητι
2944 3498 3196 3566 γενέσθαι
3237 3501 3494 3569 Χριστὸν,
3529 3502 3603 3566 ὡς
3634 3503 3737 3570 ἀγ-

2163 3586 2418 3657 νοηθῆναι
2475 3587 2666 3657 μηδενὶ
2711 3588 2770 3641 τὸ
2820 3592 2886 3642 ἐκ
2929 3591 3031 3660 γῆς
3085 3590 3406 3661 ὑψωθῆναι,
3452 3592 3593 3646 καθά
3644 3595 3740 3647 καὶ

2161 3677 2324 3741 αὐτός
2345 3677 2446 3730 πού
2476 3696 2628 3749 φησι,
2655 3679 2742 3733 διὰ
2774 3680 2834 3734 τὸ
2865 3682 2960 3733 ἐπὶ
2992 3681 3070 3752 τῷ
3098 3683 3315 3754 σταυρῷ
3346 3683 3535 3747 πάθος.

2235 3767 2433 3832 Οὕτως
2461 3769 2569 3838 γὰρ
2596 3769 2914 3840 ἠγάπησεν
2941 3775 2974 3825 ό
2998 3772 3141 3837 Θεὸς
3171 3772 3276 3825 τὸν
3295 3775 3546 3842 κόσμον,
3580 3771 3739 3826 ὥστε

2161 3857 2269 3910 τόν
2301 3845 2440 3910 Υίὸν
2474 3859 2660 3912 αὐτοῦ
2689 3858 2794 3912 τὸν
2816 3860 3114 3930 μονογενῆ
3147 3861 3387 3925 ἔδωκεν,
3432 3864 3532 3916 ἵνα
3556 3861 3675 3927 πᾶς
3701 3864 3735 3914 ό

2162 3949 2461 4001 πιστεύων
2489 3950 2576 4014 είς
2597 3949 2784 4004 αὑτὸν
2809 3950 2895 4020 μὴ
2921 3952 3240 4020 ἀπόληται,
3272 3952 3410 4007 ἀλλ’
3435 3953 3546 4022 ἔχῃ
3580 3951 3736 4023 ζωὴν

2159 4037 2420 4094 αίώνιον.

2244 4129 2568 4199 Ἀναφανδὸν
2601 4131 2657 4184 ἐν
2673 4131 2902 4200 τούτοις,
2923 4133 3001 4186 ὅτι
3031 4132 3162 4198 Θεὸς
3198 4135 3338 4189 κατὰ
3359 4133 3519 4203 φύσιν
3552 4137 3726 4200 ἐστὶν,

2160 4221 2438 4291 ἐπείγεται
2481 4222 2704 4293 δηλοῦν,
2750 4225 2905 4293 εἴπερ
2947 4223 3158 4296 ἀνάγκη
3205 4229 3343 4279 νοεῖν
3367 4225 3457 4279 τὸν
3493 4227 3557 4280 ἐκ
3595 4226 3728 4280 Θεοῦ

2162 4315 2436 4384 πεφηνότα
2472 4315 2684 4385 Πατρὶς
2727 4311 2866 4367 εἶναι
2910 4316 2974 4386 δὴ
3019 4317 3234 4382 πάντως
3286 4319 3380 4371 καὶ
3417 4319 3580 4381 Θεὸν,
3630 4321 3728 4371 οὐκ

482 4400 692 4469 gnitate
719 4403 1000 4472 praeditus,
1035 4407 1195 4462 sicuti
1241 4425 1364 4478 nos,
1396 4413 1490 4467 sed
1521 4413 1761 4485 idipsum
1797 4434 1922 4476 vere
1959 4437 2056 4477 ex-

2164 4407 2396 4460 ἐπακτὸν
2446 4407 2636 4477 ἔχοντα
2690 4408 2750 4460 τὸ
2802 4408 3045 4480 ἀξίωμα,
3100 4409 3353 4482 καθάπερ
3379 4413 3557 4482 ἡμεῖς,
3614 4411 3729 4464 ἀλλ’

483 4491 688 4547 sistens
723 4495 867 4563 quod
902 4512 1027 4553 esse
1057 4499 1323 4556 creditur.
1371 4501 1649 4574 Singulari
1699 4517 1879 4564 autem
1917 4526 2054 4566 con-

483 4578 608 4632 silio
653 4581 707 4635 id
756 4584 852 4649 ait,
893 4587 1031 4641 scite
1072 4588 1365 4644 admodum
1408 4599 1464 4647 et
1500 4601 1808 4664 opportune
1847 4595 1944 4652 Dei
1990 4615 2054 4654 ac

481 4666 662 4726 Patris
715 4671 1038 4729 charitatem
1076 4691 1206 4748 erga
1262 4695 1362 4735 nos
1409 4696 1866 4742 commemorans.
1903 4687 2054 4743 Con-

484 4757 664 4814 fundit
713 4764 858 4819 enim
911 4766 1256 4823 incredulum
1305 4769 1664 4829 Nicodemum
1693 4816 1708 4840 ,
1764 4777 1875 4833 into
1921 4795 2054 4837 vero

481 4855 856 4908 contumacem
904 4871 1028 4912 eum
1079 4874 1201 4915 esse
1243 4860 1609 4920 demonstrat.
1641 4867 1764 4922 Cito
1804 4872 1950 4925 enim
1981 4872 2052 4927 ad

479 4939 837 5006 credendum,
887 4946 997 5002 Deo
1045 4951 1251 5021 aliquid
1303 4954 1553 5020 docente,
1611 4975 1720 5016 non
1770 4961 2050 5028 accedere,

478 5029 614 5097 quid
645 5029 792 5084 aliud
822 5043 926 5099 est,
963 5053 1170 5106 quaeso,
1206 5057 1369 5111 quam
1393 5047 1608 5103 veritati
1644 5053 1917 5108 mendacii
1945 5057 2052 5109 cri-

481 5135 604 5174 men
646 5119 970 5180 innectere?
1017 5126 1308 5198 Prteterea,
1352 5133 1588 5192 dicendo
1637 5141 1879 5210 seipsum
1931 5144 2051 5199 dari

478 5225 578 5278 pro
608 5213 796 5266 mundi
831 5215 961 5279 vita,
996 5218 1272 5290 imprimis
1309 5227 1660 5295 cogitandum
1702 5246 1825 5286 esse
1863 5233 2052 5289 admo-

479 5311 594 5367 net,
617 5305 811 5374 quanti
844 5309 1101 5378 supplicii
1129 5313 1206 5366 rei
1240 5315 1374 5378 sint,
1397 5318 1491 5386 qui
1521 5325 1632 5372 tam
1671 5320 2047 5387 admirabilem

479 5393 624 5454 illam
667 5395 756 5450 Dei
804 5413 868 5454 ac
921 5398 1099 5456 Patris
1151 5403 1381 5471 gratiam
1436 5423 1534 5478 pro
1585 5408 1760 5464 nihilo
1803 5411 2046 5469 ducunt:

483 5502 502 5546 ᾳ
545 5484 636 5542 Sic
665 5491 829 5558 enim,
864 5494 1061 5564 inquit,
1087 5493 1228 5552 Deus
1255 5497 1445 5554 dilexit
1472 5500 1830 5569 mundum,ut
1851 5504 2044 5560 Filium

556 5669 596 5697 "'
624 5670 779 5728 Joau.
808 5694 859 5743 v,
888 5682 974 5735 59.
1058 5685 1098 5714 ¹⁹
1133 5683 1290 5743 Rom.
1315 5705 1430 5752 vm,
1458 5691 1508 5744 5.
1590 5691 1633 5720 ’θ
1692 5690 1990 5757 Nutu-3X1.
2023 5695 2072 5747 9-

2159 4495 2469 4566 ὑπάρχοντα
2495 4496 2650 4550 τοῦτο
2675 4499 2791 4551 κατ’
2815 4499 3093 4571 ἀλήθειαν,
3117 4499 3254 4572 ὅπερ
3288 4497 3427 4554 εἷναι
3462 4501 3718 4554 πιστεύε-

2156 4605 2264 4641 ται.
2297 4590 2666 4659 Οίκονομικῶς
2723 4591 2780 4643 δὲ
2813 4591 2932 4645 λίαν
2978 4594 3072 4646 καὶ
3115 4592 3274 4647 τοῦτό
3319 4611 3471 4663 φησι,
3505 4593 3602 4664 τὴν
3643 4595 3722 4658 είς

2159 4680 2305 4750 ἡμᾶς
2353 4679 2448 4732 τοῦ
2495 4681 2629 4733 Θεοῦ
2661 4682 2754 4736 καὶ
2804 4683 3016 4754 Πατρδς
3056 4682 3404 4754 παραζεύξας
3452 4683 3726 4754 ἀγάπησιν

2158 4771 2394 4838 εὐφυῶς,
2427 4771 2751 4843 εὐαφόρμως
2776 4791 2836 4828 τε
2861 4775 2982 4828 λίαν
3006 4778 3086 4840 είς
3119 4777 3208 4828 τὸν
3243 4776 3336 4828 ἐπὶ
3363 4774 3537 4845 τούτῳ
3569 4774 3726 4842 λόγον

2157 4861 2467 4932 ἐρχόμενος.
2505 4864 2757 4917 Δυσωπεῖ
2811 4865 2908 4934 μὲν
2926 4866 3034 4938 γάρ
3071 4864 3400 4920 ἀπειθοῦντα
3431 4866 3522 4918 τὸν
3554 4865 3720 4917 Νικό-

2154 4953 2356 5023 δημον,
2419 4953 2618 5023 μᾶλλον
2662 4953 2720 5009 δὲ
2772 4956 2872 5028 ήδη
2930 4957 3026 5012 καὶ
3069 4957 3398 5012 ἀπειθοῦντα
3463 4955 3718 5009 δεικνύει.

2155 5045 2229 5098 Τὸ
2252 5047 2358 5115 γὰρ
2383 5044 2457 5116 μὴ
2484 5045 2602 5099 λίαν
2629 5047 2856 5119 ἑτοίμως
2881 5049 2972 5101 ἐπὶ
2995 5047 3056 5101 τὸ
3093 5048 3369 5102 πιστεύειν
3401 5046 3558 5112 ἱέναι,
3587 5044 3720 5098 Θεοῦ

2152 5154 2205 5189 τι
2235 5137 2591 5205 διδάσκοντος,
2635 5140 2686 5192 τί
2723 5139 2788 5193 ἂν
2837 5140 3021 5211 ἕτερον
3069 5140 3154 5211 εἴη
3200 5140 3404 5203 λοιπὸν,
3443 5139 3476 5210 ἢ
3511 5139 3588 5208 τῷ
3627 5136 3718 5191 τοῦ

2149 5226 2377 5296 ψεύδους
2413 5229 2715 5300 ἐγκλήματι
2757 5230 3069 5302 περιϐαλεῖν
3108 5232 3205 5300 τὴν
3247 5231 3544 5301 ἀλήθειαν;
3593 5227 3720 5283 Εἶτα

2150 5321 2285 5394 πρὸς
2327 5321 2501 5392 τούτῳ
2532 5321 2768 5378 δίδοσθαι
2805 5322 2978 5390 λέγων
3035 5324 3233 5376 ἐαυτὸν
3291 5323 3430 5394 ὑπὲρ
3474 5323 3573 5391 τῆς
3623 5321 3717 5373 τοῦ

2150 5411 2354 5483 κόσμου
2398 5412 2542 5482 ζωῆς
2590 5415 2789 5467 ἐννοεῖν
2834 5413 3116 5468 ἀναπείθει
3154 5414 3387 5484 γοργῶς,
3431 5412 3604 5479 πόσης
3651 5411 3719 5464 ἂν

2151 5503 2390 5570 γένοιντο
2422 5504 2689 5576 τιμωρίας
2724 5505 2919 5576 ἔνοχοι,
2949 5507 3080 5576 παρ’
3115 5505 3264 5558 οὐδὲν
3307 5501 3365 5566 ἐξ
3393 5501 3646 5564 ἀπονοίας
3667 5500 3718 5554 nl

2192 5695 2231 5724 ²¹
2267 5691 2422 5745 Joan.
2468 5707 2565 5754 an,
2609 5692 2696 5746 52.
