4090 6266
321 327 429 379 (255

1404 326 1471 383 IN
1505 296 1788 384 mmsis
1816 324 2265 384 EVANGELIUM
2305 327 2433 382 LIB.
2473 327 2537 385 ιι.

3452 333 3560 391 256

320 447 419 516 τὴν
444 445 620 508 οὓτως
653 444 978 513 ἁξιάγαστον
999 444 1093 497 τοῦ
1129 442 1264 498 Θεοῦ
1286 447 1379 498 καὶ
1413 446 1624 516 Πατρὸς
1663 447 1892 516 ποιησά-

1996 465 2154 504 suum
2189 449 2529 518 unigenitum
2557 448 2785 504 dederit.
2819 465 2838 499 ι
2881 447 3082 502 Audiat
3125 463 3321 504 rursus
3358 450 3561 508 Christi

326 553 479 607 μενοι
507 537 691 608 χάριν.
728 554 746 586 ι
783 534 936 587 Οὖτω
966 535 1072 605 γάρ
1093 576 1108 599 ,
1156 536 1349 605 φησὶν,
1389 538 1674 607 ἠγάπησεν
1703 540 1731 590 6
1759 537 1890 600 Θεὸς

322 629 413 680 τὸν
440 627 652 697 κόσμον
673 668 688 692 ,
719 625 858 680 ὥστε
894 626 984 678 τὸν
1018 626 1145 680 Υἱδν
1177 624 1342 678 αὐτοῦ
1371 627 1462 679 τὸν
1495 628 1756 696 μονογενῆ
1804 626 1892 677 δέ·

323 721 528 774 δωκεν.
564 737 584 771 ι
631 718 895 772 Ἀκουέτω
926 717 1086 771 πάλιν
1116 719 1146 770 6
1168 717 1552 789 Χριστομάχος
1591 717 1890 786 αἰρετικὺς,

329 812 429 865 καὶ
466 810 673 879 λεγέτω
711 807 1011 879 παρελθὼν,
1037 808 1091 861 τί
1135 807 1197 864 τὺ
1226 807 1368 877 μέγα
1411 807 1511 876 τῆς
1549 807 1769 877 ἀγάπης
1799 805 1894 860 τοῦ

1998 541 2174 595 hostis
2213 540 2522 603 haereticus,
2555 552 2618 592 ac
2665 538 2814 591 dicat
2845 536 3045 603 obiter,
3075 537 3209 607 quid
3255 540 3436 609 magni
3467 541 3561 594 ha-

1996 632 2122 686 beat
2174 629 2264 685 Dei
2309 644 2374 683 ac
2419 627 2600 683 Patris
2638 628 2881 689 dilectio,
2916 638 3010 682 aut
3055 629 3332 697 quomodo
3386 631 3558 700 ipsam

1996 723 2189 777 merito
2221 718 2599 776 admiremur?
2645 716 2749 772 Sed
2801 719 3152 787 respondebit
3181 720 3368 789 utique
3412 721 3463 774 in
3495 737 3559 776 ea

1994 812 2287 868 dilectione
2317 809 2370 864 id
2397 809 2549 864 cerni
2572 807 2932 862 admiratione
2951 807 3199 876 dignum,
3227 809 3371 878 quod
3403 811 3560 864 datus

335 902 476 957 Θεοῦ
499 903 590 956 καί
615 901 818 971 [ἰατρὸς
838 941 853 966 ,
887 899 920 970 ἦ
949 899 1068 963 πῶς
1102 899 1168 954 ἂν
1200 899 1372 972 αὐτὴν
1399 899 1625 961 εἰκότως
1653 897 1896 951 ἀποθαυ-

343 992 610 1061 μάσαιμεν
630 1006 642 1019 -
667 989 780 1043 ἀλλ’
807 991 924 1059 ὲρεῖ
952 990 1016 1059 δὴ
1048 990 1266 1052 πάντως
1301 990 1399 1058 τῆς
1421 987 1643 1058 ἀγάπης
1664 986 1895 1056 ὁρᾶσθαι

1995 905 2200 975 sit‘pro
2231 903 2388 958 nobis
2416 899 2608 965 Filius,
2649 900 2892 968 adeoque
2931 899 3268 968 unigenitus.
3310 897 3475 970 Igitur
3504 909 3562 955 ut

1995 1003 2210 1050 constet
2258 1008 2454 1062 magna
2503 992 2594 1046 illa
2641 989 2733 1044 Dei
2781 1005 2846 1042 ac
2891 988 3067 1044 Patris
3118 990 3360 1054 dilectio,
3392 990 3562 1044 Filius

336 1080 393 1130 τὸ
419 1079 759 1146 άξιάγαστον,
791 1081 849 1131 ὲν
881 1077 961 1148 τῷ
995 1077 1240 1131 δεδόσθαι
1263 1076 1354 1130 τὸν
1378 1077 1510 1130 Υἰδν
1549 1077 1688 1148 ὑπὲρ
1715 1075 1892 1146 ἡμῶν,

1998 1079 2385 1151 intelligendus
2411 1088 2516 1143 est,
2536 1094 2642 1132 non
2677 1091 2953 1132 creatura.
2984 1077 3183 1133 Filium
3207 1087 3384 1133 autem
3415 1079 3560 1141 dico,

333 1171 424 1223 καὶ
456 1171 612 1225 τοῦτο
639 1171 926 1241 μονογενῆ.
965 1169 1174 1223 Οὐκοῦν
1214 1169 1299 1222 ἵνα
1335 1169 1471 1240 μένῃ
1525 1169 1620 1222 καὶ
1649 1166 1890 1236 σώζηται

1995 1173 2091 1242 qui
2133 1181 2217 1227 est
2266 1187 2330 1227 ex
2372 1172 2678 1227 substantia
2726 1171 2820 1224 Dei
2854 1187 2917 1225 ac
2966 1170 3144 1226 Patris
3185 1173 3468 1235 nimirum,
3510 1173 3560 1224 ei

333 1259 537 1329 μεγάλη
571 1260 664 1313 τοῦ
688 1260 826 1314 Θεοῦ
855 1261 950 1314 καὶ
976 1261 1191 1331 Πατρὸς
1220 1262 1252 1329 ή
1276 1260 1573 1329 ἀγάπησις,
1606 1258 1732 1321 Υἱὸς
1758 1257 1893 1310 νοεί-

1997 1262 2504 1325 consubstantialis,
2553 1272 2607 1317 et
2645 1278 2830 1316 revera
2878 1260 3042 1317 Deus.
3095 1261 3256 1328 Quod
3312 1263 3356 1316 si
3404 1263 3560 1330 juxta

331 1347 459 1413 σθω,
488 1349 560 1418 μὴ
592 1350 805 1419 ποίημα
822 1366 834 1378 ·
860 1348 988 1401 Υἰὸν
1017 1349 1073 1401 δέ
1101 1365 1242 1418 φημι
1272 1348 1360 1401 τὸν
1386 1350 1451 1400 ὲκ
1471 1348 1570 1416 τῆς
1594 1346 1780 1409 οὐσίας
1803 1345 1893 1398 τοῦ

2001 1364 2145 1407 tuam
2169 1352 2499 1415 doctrinam,
2524 1367 2557 1407 ο
2590 1353 2844 1422 quisquis
2869 1368 2951 1419 es,
2969 1368 3077 1407 non
3101 1362 3184 1407 est
3209 1369 3274 1407 ex
3302 1353 3561 1406 substan-

331 1437 558 1507 Πατρὸς,
614 1439 900 1509 ὁμοούσιον
949 1437 1189 1507 δηλονότι
1240 1435 1318 1507 τῷ
1369 1434 1718 1504 γεγεννηκότι
1739 1472 1753 1494 ,
1805 1433 1893 1486 καὶ

2000 1444 2073 1496 tia
2109 1441 2202 1498 Dei
2245 1458 2309 1498 ac
2357 1442 2556 1507 Patris,
2589 1444 2754 1499 simul
2782 1443 2944 1497 etiam
2981 1442 3248 1497 naturalis
3295 1439 3463 1494 Filius
3497 1455 3562 1492 ac

327 1527 456 1580 Θεὸν
483 1527 656 1592 ὄντως
685 1530 781 1583 καὶ
829 1529 953 1582 κατ’
991 1528 1272 1598 ἀλήθειαν.
1306 1529 1370 1581 Εἰ
1407 1526 1465 1580 δὲ
1499 1527 1641 1580 κατά
1671 1525 1759 1578 τὸν
1809 1523 1893 1577 σὸν

2000 1532 2142 1588 Deus
2185 1547 2309 1587 esse
2355 1532 2588 1597 desinet,
2622 1540 2676 1586 et
2721 1532 2900 1586 inanis
2943 1531 3048 1585 erit
3098 1529 3316 1585 demum
3361 1529 3560 1584 eximia

327 1619 504 1685 λόγον,
533 1613 580 1672 ὧ
603 1613 777 1684 οὗτος,
810 1617 870 1672 τὺ
908 1620 974 1672 ὲκ
1000 1618 1099 1688 τῆς
1121 1618 1308 1682 οὐσίας
1343 1614 1481 1671 εἶναι
1519 1615 1613 1669 τοῦ
1643 1614 1778 1668 Θεοῦ
1809 1615 1893 1667 καὶ

2002 1626 2091 1680 illa
2124 1632 2177 1680 et
2207 1622 2363 1693 153
2390 1618 2740 1679 admirabilis
2757 1623 2934 1678 Patris
2959 1623 3198 1677 dilectio.
3238 1622 3561 1676 (Ireaturam

330 1709 546 1779 Πατρὸς
575 1709 676 1762 οὐκ
700 1709 842 1779 ἔχει,
883 1711 976 1763 καὶ
1005 1710 1066 1762 τὸ
1100 1707 1241 1763 εἰναι
1270 1708 1412 1764 κατά
1453 1707 1614 1776 φύσιν
1645 1707 1773 1770 Υἰὸς
1806 1706 1893 1759 καί

2001 1718 2143 1771 enim
2179 1729 2277 1783 pro
2311 1714 2602 1777 creaturis,
2625 1729 2733 1767 non
2763 1727 2888 1766 vere
2922 1711 3120 1764 Filium
3146 1711 3318 1765 dedit.
3340 1708 3562 1762 Frustra

329 1777 464 1863 θεὸς
493 1777 892 1869 συναποόαλεί,
933 1802 1028 1854 καί
1065 1802 1298 1872 ἀργήσει
1335 1799 1522 1854 λοιπὸν
1564 1799 1619 1851 τὸ
1663 1799 1893 1868 περίπυ-

1999 1821 2128 1862 vero
2156 1805 2315 1860 nobis
2335 1804 2528 1858 beatus
2554 1801 2758 1857 Paulus
2788 1810 3054 1856 terrorem
3091 1799 3303 1868 injiciet
3328 1799 3520 1852 dicens
3546 1814 3558 1850 :

333 1911 459 1946 σῖτον
499 1892 686 1962 θαῦμα
720 1893 818 1962 τῆς
857 1893 1075 1962 ἀγάπης
1112 1892 1207 1946 τοῦ
1256 1892 1486 1961 Πατρός.
1533 1890 1751 1960 Ποίημα
1792 1889 1898 1960 γὰρ

336 1982 659 2052 ποιημάτων
694 1982 979 2053 ἠλλάξατο,
1013 1984 1104 2036 καί
1138 1983 1236 2052 οὐχ
1260 1983 1387 2035 Υἰὸν
1411 1980 1625 2052 ἀληθῶς
1647 1998 1661 2012 '
1692 1981 1814 2048 εἰκῆ
1844 1980 1898 2033 δὲ

334 2074 483 2141 ἡμᾶς
529 2073 624 2126 καὶ
669 2075 698 2126 6
753 2073 1017 2144 μακάριος
1077 2073 1287 2136 Παῦλος
1343 2073 1632 2145 θορυϐήσει
1689 2072 1891 2139 λέγων·

331 2160 666 2230 ιἈθετήσας
714 2177 798 2224 τις
844 2162 1007 2233 νόμον
1061 2163 1338 2229 Μωσέως,
1388 2164 1558 2233 χωρὶς
1597 2161 1895 2231 οἰκτιρμῶν

328 2253 419 2305 ἐπὶ
468 2253 619 2304 δυσὶν
666 2253 697 2322 ή
762 2255 942 2325 τρισὶν
997 2256 1264 2326 μάρτυσιν
1316 2255 1683 2324 ἀποθνήσκει,
1739 2254 1887 2322 πόσῳ

327 2341 534 2394 δοκεῖτε
585 2341 826 2412 χείρονος
872 2342 1232 2414 ἀξιωθήσεται
1270 2344 1538 2416 τιμωρίας
1584 2345 1612 2396 6
1647 2345 1736 2398 τὸν
1768 2343 1894 2396 Υίὸν

327 2431 418 2484 τοῦ
449 2430 588 2484 Θεοῦ
611 2435 1041 2504 καταπατήσας;
1073 2453 1092 2485 ι
1129 2435 1449 2488 Καταπατεῖ
1483 2434 1580 2504 μὲν
1612 2435 1720 2505 γὰρ
1758 2435 1892 2502 ὁμο-

329 2522 668 2592 λογουμένως
715 2525 742 2575 ό
803 2525 1223 2595 καταφρονήσας
1249 2566 1264 2588 ,
1314 2524 1430 2577 ἀλλ’
1483 2525 1582 2593 οὐχ
1639 2524 1714 2587 ὡς
1767 2525 1895 2578 Υἱὸν

329 2613 613 2682 ἀληθινὸν,
663 2613 798 2667 ἀλλὰ
831 2614 1075 2677 Μωσέως
1104 2613 1390 2684 ὁμόδουλον
1411 2653 1425 2677 ,
1473 2613 1631 2684 εἴπερ
1666 2614 1783 2666 ἐστὶ
1818 2615 1894 2685 τῷ

330 2702 678 2773 πεποιημένῳ
697 2701 758 2754 τὸ
779 2702 988 2774 ποίημα
1017 2703 1234 2766 πάντως
1260 2703 1507 2770 ἀδελφὸν,
1547 2704 1688 2756 κατά
1711 2721 1772 2770 γε
1805 2703 1893 2756 τὸν

329 2792 419 2849 τοῦ
443 2794 973 2864 πεποιῆσθαιολόγον,
997 2796 1102 2850 κᾶν
1119 2798 1238 2858 ταῖς
1260 2796 1340 2860 εἰς
1365 2795 1426 2848 τὸ
1457 2794 1638 2866 μεῖζον
1671 2795 1703 2865 ἦ
1737 2797 1894 2866 ἄμει-

331 2905 416 2942 νον
462 2890 760 2959 ὑπεροχαῖς
803 2889 903 2962 τὴν
946 2890 1134 2962 ἐτέρου
1183 2889 1340 2956 δόξαν
1389 2889 1687 2958 πλεονεκτῇ
1710 2907 1722 2920 ·
1778 2890 1891 2944 ἀλλ’

334 2980 470 3033 ἐστιν
499 2980 703 3050 ἀληθὴς
731 2983 760 3033 6
787 2981 882 3034 τοῦ
927 2981 1139 3035 Παύλου
1179 2980 1334 3049 λόγος
1360 2999 1373 3012 ·
1423 2980 1807 3050 χαλεπωτέραν
1837 2982 1893 3034 δὲ

332 3069 571 3123 ἀποτίσει
612 3069 710 3138 τὴν
751 3070 907 3141 δίκην
953 3073 981 3124 6
1027 3072 1421 3142 καταπατήσας
1453 3071 1546 3123 τὸν
1591 3071 1756 3138 Υἱὸν,
1793 3071 1892 3141 οὐχ

2003 1917 2022 1950 ι
2059 1897 2276 1951 lrritam
2319 1895 2526 1952 faciens
2565 1896 2736 1964 legem
2787 1893 2978 1965 Moysi,
3018 1893 3138 1948 sine
3192 1891 3300 1945 ulla
3337 1889 3564 1943 misera-

1999 1988 2166 2050 tione,
2198 1986 2411 2041 duobus
2441 1985 2527 2039 vel
2570 1984 2748 2038 tribus
2795 1982 3024 2038 testibus
3050 1981 3322 2034 moritur:
3354 1986 3562 2048 quanto

1996 2077 2171 2147 magis
2195 2077 2399 2147 putatis
2423 2074 2698 2130 deteriora
2721 2073 2923 2128 mereri
2953 2072 3224 2141 supplicia
3246 2071 3340 2140 qui
3365 2070 3562 2124 Filium

1997 2168 2091 2222 Dei
2151 2165 2560 2222 conculcaverit
2598 2164 2686 2217 “2
2735 2181 2755 2216 ι
2811 2161 3111 2218 Conculcat
3163 2160 3309 2215 enim
3371 2158 3561 2228 procul

1995 2259 2162 2313 dubio
2203 2257 2250 2312 is
2279 2259 2370 2325 qui
2412 2255 2660 2326 spernit,
2692 2253 2846 2322 atqui
2888 2267 2997 2306 non
3035 2258 3094 2306 ut
3119 2249 3316 2304 Filium
3349 2263 3560 2310 verum,

1996 2349 2089 2403 sed
2122 2347 2324 2418 Moysis
2361 2361 2712 2409 conservum,
2746 2345 2792 2397 si
2818 2343 3040 2412 quidem
3081 2348 3336 2396 creatura
3372 2347 3456 2393 est
3483 2340 3562 2392 rei

1995 2445 2190 2492 creatae
2226 2449 2385 2491 soror
2419 2436 2472 2488 in
2502 2436 2713 2489 ratione
2745 2434 2824 2488 rei
2865 2443 3084 2496 creatze,
3121 2431 3250 2486 licet
3296 2429 3563 2497 dignitate

1995 2540 2086 2584 aut
2113 2529 2431 2584 excellentia
2461 2527 2691 2583 alterius
2727 2526 2957 2595 gloriam
2987 2532 3230 2594 superet.
3263 2525 3332 2576 At
3374 2536 3561 2577 verum

1994 2629 2076 2674 est
2109 2618 2260 2672 Pauli
2309 2618 2512 2672 dictum
2553 2635 2567 2672 :
2609 2624 2664 2669 et
2713 2617 3023 2686 graviorem
3066 2629 3282 2684 pinnam
3325 2615 3433 2666 luet
3467 2613 3561 2681 qui

1993 2706 2196 2762 Filium
2227 2705 2782 2770 conculcaverit,non
2800 2715 2858 2759 ut
2881 2697 2935 2758 in
2967 2714 3274 2759 creaturam
3304 2717 3560 2773 peccans,

1995 2813 2096 2852 nec
2139 2798 2195 2852 in
2247 2811 2416 2851 unum
2464 2811 2530 2850 ex
2568 2793 2773 2864 Moysis
2804 2793 3111 2849 conservis.
3153 2791 3346 2861 Magna
3399 2792 3564 2860 igitur

1993 2898 2078 2946 est
2116 2904 2180 2944 ac
2227 2887 2662 2958 supernaturalis
2697 2887 2790 2940 illa
2830 2886 3006 2941 Patris
3040 2884 3284 2949 dilectio,
3316 2885 3409 2953 qui
3468 2899 3566 2952 pro

1995 2980 2185 3035 mundi
2237 2980 2346 3034 vita
2397 2979 2550 3033 illum
2590 2992 2656 3032 ex
2703 2978 2884 3048 seipso
2932 2984 2985 3032 ct
3032 2977 3314 3047 proprium
3364 2973 3561 3027 Filium

1995 3071 2168 3126 dedit.

329 3165 402 3227 ὡς
420 3167 497 3228 εἰς
517 3167 728 3236 ποίημα
753 3166 1108 3238 πλημμελῶν,
1139 3168 1260 3221 οὐδὲ
1284 3171 1362 3230 εἰς
1405 3167 1500 3221 ἕνα
1535 3168 1645 3220 τῶν
1673 3169 1914 3231 Μωσέως
1951 3167 2272 3238 ὁμοδούλων.
2309 3165 2538 3236 Μεγάλη
2573 3165 2637 3235 δὴ
2678 3160 2771 3218 οὖν
2837 3163 2930 3216 καὶ
2991 3163 3276 3232 ὑπερφυὴς
3311 3163 3343 3231 ἡ
3374 3161 3559 3230 ἀγάπη

327 3253 418 3307 τοῦ
449 3256 658 3324 Πατρὸς
682 3257 822 3326 ὑπὲρ
842 3259 941 3327 τῆς
966 3256 1060 3310 τοῦ
1087 3258 1292 3328 κόσμου
1323 3258 1466 3327 ζωῆς
1495 3259 1586 3312 τὸν
1611 3258 1670 3324 ἐξ
1700 3257 1896 3311 ἑαυτοῦ
1933 3259 2024 3312 καὶ
2056 3257 2185 3311 [διον
2209 3256 2373 3310 αὑτοῦ
2400 3256 2689 3318 δεδωκότος
2713 3254 2859 3306 Υἰόν.

399 3350 481 3400 οὺ
509 3348 618 3416 γὰρ
647 3349 1002 3404 ἀπέστειλεν
1032 3354 1066 3405 d
1099 3350 1242 3417 Θεὸς
1278 3353 1386 3406 τὸν
1423 3353 1558 3407 Υἰὸν
1585 3352 1770 3407 αὐτοῦ
1802 3354 1890 3419 εἰς

2063 3349 2149 3414 Ill,
2195 3351 2280 3404 17.
2331 3347 2454 3402 Νοη
2501 3350 2640 3401 enim
2685 3347 2828 3399 misit
2868 3344 3008 3397 Deus
3061 3341 3264 3396 Filium
3307 3359 3459 3395 suum
3507 3345 3558 3396 iu

329 3436 433 3490 τὸν
480 3436 746 3504 κόσμον,
785 3437 887 3491 ἵνα
939 3436 1115 3507 κρίνῃ
1158 3439 1263 3493 τὸν
1309 3441 1573 3509 κόσμον,
1623 3439 1761 3494 ἀλλ’
1794 3440 1895 3493 ἵνα

329 3525 493 3594 σωθῇ
523 3530 554 3580 d
590 3529 816 3596 κόσμος
843 3528 917 3582 δι’
943 3529 1150 3584 αὑτοῦ.

397 3620 522 3672 Υίὸν
571 3621 761 3673 ἑαυτὸν
801 3622 1098 3693 διαρρήδην
1139 3623 1411 3693 ὀνομάσας
1449 3622 1542 3677 τοῦ
1600 3623 1740 3677 Θεοῦ
1800 3625 1894 3679 καὶ

329 3709 559 3780 Πατρὸς,
587 3711 686 3763 οὐκ
714 3711 1099 3784 ἀμαρτύρητον
1125 3714 1218 3784 ὲᾷν
1251 3714 1420 3768 οἴεται
1455 3716 1563 3769 δεῖν
1597 3718 1685 3770 τὸν
1714 3719 1890 3787 λόγον,

328 3799 441 3851 ἀλλ’
471 3801 534 3852 ὲκ
562 3802 658 3870 τῆς
685 3801 794 3856 τῶν
823 3805 1183 3875 πραγμάτων,
1233 3806 1318 3859 ἵνα
1347 3805 1522 3871 οὕτως
1553 3808 1710 3874 εἴπω,
1743 3811 1893 3864 ποιό-

328 3907 487 3960 τητος
535 3891 781 3964 ἐπιφέρει
831 3895 932 3967 τὴν
977 3895 1290 3962 ἀπόδειξιν,
1335 3897 1764 3971 ἀσφαλεστέρους
1813 3901 1896 3964 εἰς

329 3984 506 4037 πίστιν
526 3983 648 4046 τοὺς
679 3987 1058 4057 ἀκροωμένους
1089 3989 1384 4042 ἀποτελῶν.
1419 3990 1494 4041 Οὐ
1523 3991 1631 4060 γάρ
1659 3993 1896 4046 ἀπεστά-

329 4080 445 4147 λην,
480 4081 636 4150 φησὶ,
669 4077 807 4132 κατά
834 4078 923 4131 τὸν
951 4081 1274 4149 ἱεροφάντην
1304 4083 1530 4146 Μωσέα,
1556 4083 1706 4152 νόμῳ
1727 4101 1897 4136 κατα·

327 4170 526 4238 κρίνων
583 4170 680 4238 τὴν
727 4169 1051 4240 οἰκουμένην
1075 4210 1089 4234 ,
1154 4171 1272 4224 οὐδὲ
1325 4175 1462 4242 πρὸς
1518 4174 1733 4243 ἔλεγχον
1795 4177 1895 4244 τῆς

326 4261 604 4330 ἁμαρτίας
628 4260 866 4330 εἰσφέρω
885 4260 982 4330 τὴν
1008 4262 1242 4331 ἐντολὴν,
1267 4265 1387 4316 οὐδὲ
1408 4266 1684 4335 οἰκετικὴν
1715 4265 1898 4318 ποιοῦ-

331 4365 430 4418 μαι
459 4348 558 4417 τὴν
595 4347 872 4400 διακονίαν
899 4365 912 4378 ·
964 4349 1099 4401 ἀλλά
1151 4352 1395 4422 Δεσπότῃ
1438 4353 1754 4422 πρέπουσαν
1797 4354 1897 4424 τὴν

329 4436 740 4509 φιλανθρωπίαν
800 4437 1074 4506 εἰσφέρω,
1139 4439 1404 4512 ἐλευθερῶ
1449 4444 1509 4496 τὸ
1553 4443 1771 4505 δοῦλον,
1821 4443 1896 4506 ὡς

333 4529 460 4591 Υἱὸς
481 4528 574 4581 καὶ
604 4527 939 4598 κληρονόμος
975 4525 1066 4579 τοῦ
1101 4528 1331 4598 Πατρὺς,
1381 4534 1769 4599 μετασκευάζω
1804 4533 1896 4585 τὸν

330 4620 758 4684 καταδικάζοντα
797 4619 960 4689 νόμον
992 4620 1072 4681 εἰς
1109 4619 1425 4676 δικαιοῦσαν
1471 4625 1652 4694 χάριν,
1702 4625 1894 4694 ἀνίημι

1995 3446 2268 3510 mundum,
2305 3455 2362 3498 ut
2385 3445 2591 3515 judicet
2638 3440 2913 3504 mundum,
2941 3438 3028 3493 sed
3059 3448 3116 3491 ut
3149 3436 3380 3491 salvetur
3413 3455 3554 3492 mun-

1993 3539 2093 3595 dus
2120 3555 2210 3609 per
2240 3541 2432 3609 ipsum.

2063 3630 2330 3696 Quoniam
2363 3629 2560 3683 Filium
2612 3626 2704 3680 Dei
2752 3640 2816 3678 ac
2855 3623 3033 3678 Patris
3082 3623 3324 3692 seipsum
3378 3630 3564 3689 aperte

1992 3723 2317 3788 nominavit,
2362 3722 2418 3776 id
2449 3721 2586 3774 citra
2637 3718 3016 3788 probationem
3047 3716 3252 3770 dictum
3285 3729 3390 3768 non
3424 3713 3560 3776 vult,

1995 3817 2087 3872 sed
2139 3831 2209 3871 ex.
2253 3829 2434 3870 rerum
2480 3813 2762 3881 ipsarum,
2818 3817 2875 3863 ut
2912 3811 2986 3863 ita
3037 3809 3248 3872 dicam,
3299 3807 3563 3877 qualitate

1995 3906 2512 3964 demonstrationem
2559 3901 2742 3966 infert,
2783 3901 3065 3956 auditores
3115 3901 3168 3952 in
3222 3898 3326 3953 [Ide
3358 3898 3560 3951 contir-

1997 4015 2170 4053 mans.
2205 3997 2325 4051 Non
2356 3996 2500 4050 enim
2535 3994 2742 4048 missus
2773 4008 2916 4055 sum,
2973 3991 3173 4060 inquit,
3210 3989 3562 4058 quemadmo-

1995 4091 2120 4146 dum
2156 4105 2438 4146 sacrorum
2483 4087 2575 4140 ille
2616 4087 2893 4154 interpres
2920 4083 3157 4152 Moyses.
3203 4090 3262 4133 ut
3295 4083 3410 4148 lege
3455 4091 3564 4131 ter—

1997 4197 2179 4238 rarum
2214 4181 2402 4233 orbem
2443 4179 2825 4236 condemnem.
2863 4189 3038 4243 neque
3075 4173 3140 4226 ad
3174 4181 3456 4240 peccatum
3488 4186 3566 4222 re-

1996 4270 2372 4340 darguendum
2421 4268 2738 4322 mandatqu
2796 4267 2941 4325 l'cro,
2995 4278 3095 4317 nec
3138 4262 3323 4315 servili
3371 4261 3566 4328 longer
3679 4268 3694 4279 ‘

1997 4360 2326 4422 ministerio,
2372 4358 2466 4414 sed
2501 4357 2717 4427 qualem
2761 4354 3046 4408 Dominum
3078 4352 3266 4406 deceat
3321 4350 3566 4418 benigni-

1995 4457 2160 4504 tatem
2195 4448 2444 4503 exhibeo.
2479 4444 2551 4500 Ut
2590 4443 2764 4497 Filius
2795 4459 2856 4496 ac
2881 4442 3056 4495 haares
3088 4439 3270 4492 Patris
3301 4438 3566 4492 servitute

1996 4539 2244 4593 homines
2283 4539 2478 4600 libero,
2522 4532 3025 4590 eondemnatricem
3062 4531 3234 4599 legem
3278 4530 3330 4582 in
3363 4528 3570 4596 justiti:

1995 4637 2209 4684 cantem
2244 4629 2473 4697 gratiam
2524 4634 2828 4686 commuto,
2865 4637 3091 4678 suorum
3127 4620 3420 4675 criminum
3472 4635 3565 4672 ca-

328 4713 425 4781 τῆς
464 4711 738 4783 ἁμαρτίας
764 4711 855 4763 τὸν
883 4709 994 4762 τῶν
1015 4711 1232 4763 οἰκείων
1263 4691 1745 4784 πλημμελημάτων
1772 4691 1893 4768 κατ-

1999 4724 2138 4778 tenis
2158 4721 2478 4777 constrictis
2509 4728 2728 4789 peccata
2761 4716 2979 4770 remitto
3003 4732 3014 4766 :
3035 4714 3349 4766 salvaturns
3377 4711 3564 4763 orbem

336 4804 666 4874 εσφιγμένον
692 4805 940 4872 δειραῖς,
970 4801 1267 4854 ἀνασώσων
1311 4804 1408 4873 τὴν
1442 4807 1798 4876 οἰκουμένην,
1829 4808 1891 4860 οὐ

329 4894 666 4964 κατακρίνων
710 4891 961 4963 ἐλήλυθα.
998 4893 1145 4944 Ἔδει
1191 4891 1318 4963 γὰρ,
1361 4893 1466 4947 ἔδει
1517 4897 1717 4950 Μωσέα
1770 4899 1890 4967 μὲν,

328 4986 509 5055 φησὶν,
548 4986 624 5047 ὡς
647 4984 862 5054 οἰκέτην
888 4985 1055 5053 νόμου
1082 4982 1177 5037 τοῦ
1201 4985 1615 5054 κατακρίνοντος
1639 4989 1891 5054 γενέσθαι

324 5075 588 5138 διάκονον,
628 5075 727 5142 ἐμὲ
764 5075 820 5127 δὲ
867 5075 941 5138 ὠς
981 5075 1112 5127 Υἰὸν
1143 5074 1404 5142 καὶβεὸν
1451 5079 1550 5147 τῆς
1585 5079 1679 5134 τοῦ
1727 5081 1891 5149 νόμου

326 5166 570 5235 κατάρας
618 5165 871 5217 ἀπολύειν
920 5167 1019 5237 τὴν
1067 5167 1431 5234 οἰκουμένην,
1496 5171 1590 5226 καὶ
1644 5173 1761 5234 ταῖς
1815 5157 1894 5234 εἰς

327 5254 737 5325 φιλανθρωπίαν
773 5255 1097 5324 ὑπερϐολαῖς
1149 5257 1485 5328 Θεραπεῦσαι
1543 5258 1636 5312 τοῦ
1686 5260 1891 5329 κόσμου

324 5345 420 5415 τὴν
444 5345 753 5399 ἀσθένειαν.
785 5344 846 5395 Εἰ
872 5344 928 5395 δὲ
953 5345 1188 5414 ἀμείνων
1222 5351 1255 5419 ή
1289 5349 1572 5402 δικαιοῦσα
1606 5350 1764 5418 χάρις
1795 5336 1893 5421 τῆς

326 5436 651 5506 κατακρινού
661 5452 761 5506 σης
784 5434 1022 5503 ἐντολῆς,
1052 5436 1166 5499 πῶς
1190 5439 1289 5491 οὐκ
1313 5439 1604 5492 ἀκόλουθον
1627 5441 1726 5510 ήδη
1756 5444 1892 5496 νοεῖν

326 5526 386 5579 τὸ
413 5526 680 5580 οἰκετικὸν
724 5524 1042 5579 ἀναϐαίνειν
1069 5527 1264 5601 μέτρον
1304 5530 1394 5582 τὸν
1438 5530 1578 5583 οὕτω
1616 5515 1892 5602 θεοπρεπῆ

411 5699 452 5742 ν
480 5697 644 5753 Hebr.
686 5715 737 5761 χ,
765 5699 854 5764 9.8,
886 5701 974 5770 29o

1997 4823 2310 4878 terrarum,
2368 4827 2472 4865 non
2523 4811 2998 4864 condemnaturus
3060 4805 3205 4857 veni.
3269 4803 3566 4872 Oportebat

1999 4905 2166 4968 enim,
2204 4904 2398 4971 inquit,
2431 4900 2646 4970 Moysen
2691 4905 2748 4952 ut
2795 4897 3055 4951 famulum
3111 4894 3387 4956 nimirum,
3435 4908 3567 4946 eon-

1993 4992 2350 5049 demnatricis
2380 4991 2515 5059 legis
2555 4989 2867 5043 ministrum
2903 5003 3048 5053 esse,
3081 5001 3167 5039 me
3208 4999 3360 5044 vero,
3384 4991 3442 5036 ut
3486 4981 3567 5036 Fi~

1995 5084 2128 5137 lium
2166 5097 2228 5136 ac
2264 5081 2456 5145 Deum,
2488 5079 2871 5134 exsecratione
2899 5077 3037 5147 legis
3068 5076 3256 5131 orbem
3295 5084 3564 5128 terrarum

1947 5205 1951 5208 ~
1996 5173 2294 5237 vindicare,
2314 5181 2368 5226 et
2391 5170 2740 5241 benignitatis
2771 5167 3160 5237 exsuperantia
3190 5166 3565 5229 inﬁrmitatem

1998 5264 2183 5318 mundi
2215 5279 2428 5318 curare.
2455 5261 2612 5326 Quod
2651 5260 2696 5315 si
2725 5257 3036 5325 justiﬁeans
3068 5256 3242 5326 gratia
3281 5255 3458 5324 potior
3484 5259 3566 5303 est

1999 5354 2255 5406 mandato
2313 5349 2784 5418 condemnatorio,
2831 5348 2924 5416 qui
2970 5361 3077 5399 non
3132 5350 3563 5398 consentaneum

1998 5454 2083 5499 est
2122 5442 2376 5496 arbitrari
2404 5441 2654 5495 servilem
2689 5439 3064 5506 conditionem
3088 5435 3239 5487 illum
3280 5426 3563 5484 excedere,

1999 5535 2088 5604 qui
2129 5539 2451 5605 potestatem
2493 5545 2602 5600 prae
2649 5545 2706 5584 sc
2747 5528 2849 5582 fert
2895 5525 3031 5581 adeo
3065 5520 3324 5581 divinam,
3349 5523 3400 5570 et
3436 5526 3563 5582 pec:
