  <div class='ocr_page' id='page_1' title='image "/cluster/home/n/w/nwhite01/storage/ocr_20150623/73/mdp.39015078384479/135.png"; bbox 0 0 4090 6266; ppageno 0'>
   <div class='ocr_carea' id='block_1_1' title="bbox 527 259 636 317">
    <p class='ocr_par' dir='ltr' id='par_1_1' title="bbox 527 259 636 317">
     <span class='ocr_line' id='line_1_1' title="bbox 527 259 636 317; baseline -0.037 0"><span class='ocrx_word' id='word_1_1' title='bbox 527 259 636 317; x_wconf 66' lang='lat'><strong>955</strong></span> 
     </span>
    </p>
   </div>
   <div class='ocr_carea' id='block_1_2' title="bbox 1555 253 2778 316">
    <p class='ocr_par' dir='ltr' id='par_1_2' title="bbox 1555 253 2778 316">
     <span class='ocr_line' id='line_1_2' title="bbox 1555 253 2778 316; baseline -0.007 0"><span class='ocrx_word' id='word_1_2' title='bbox 1555 260 1612 316; x_wconf 87' lang='lat' dir='ltr'><strong>S.</strong></span> <span class='ocrx_word' id='word_1_3' title='bbox 1655 259 1927 315; x_wconf 77' lang='lat' dir='ltr'><strong>CYRILLI</strong></span> <span class='ocrx_word' id='word_1_4' title='bbox 1967 256 2431 314; x_wconf 71' lang='lat' dir='ltr'><strong>ALEXANBRINI</strong></span> <span class='ocrx_word' id='word_1_5' title='bbox 2466 253 2778 312; x_wconf 75' lang='lat' dir='ltr'><strong>AfiClllEP.</strong></span> 
     </span>
    </p>
   </div>
   <div class='ocr_carea' id='block_1_3' title="bbox 3658 242 3766 302">
    <p class='ocr_par' dir='ltr' id='par_1_3' title="bbox 3658 242 3766 302">
     <span class='ocr_line' id='line_1_3' title="bbox 3658 242 3766 302; baseline -0.009 0"><span class='ocrx_word' id='word_1_6' title='bbox 3658 242 3766 302; x_wconf 79' lang='lat'><strong>9.56</strong></span> 
     </span>
    </p>
   </div>
   <div class='ocr_carea' id='block_1_4' title="bbox 530 363 2099 451">
    <p class='ocr_par' dir='ltr' id='par_1_4' title="bbox 530 379 2093 451">
     <span class='ocr_line' id='line_1_4' title="bbox 530 379 2093 451; baseline -0.003 -15"><span class='ocrx_word' id='word_1_7' title='bbox 530 384 638 437; x_wconf 88' lang='lat' dir='ltr'><strong>cati</strong></span> <span class='ocrx_word' id='word_1_8' title='bbox 675 379 910 434; x_wconf 77' lang='lat' dir='ltr'><strong>vinculis</strong></span> <span class='ocrx_word' id='word_1_9' title='bbox 939 379 1214 434; x_wconf 84' lang='lat' dir='ltr'><strong>hominem</strong></span> <span class='ocrx_word' id='word_1_10' title='bbox 1248 380 1482 435; x_wconf 82' lang='lat' dir='ltr'><strong>liberal?</strong></span> <span class='ocrx_word' id='word_1_11' title='bbox 1525 380 1642 436; x_wconf 85' lang='lat' dir='ltr'><strong>Una</strong></span> <span class='ocrx_word' id='word_1_12' title='bbox 1675 383 1787 436; x_wconf 71' lang='lat' dir='ltr'><strong>haec</strong></span> <span class='ocrx_word' id='word_1_13' title='bbox 1816 382 1984 451; x_wconf 86' lang='lat' dir='ltr'><strong>igitur</strong></span> <span class='ocrx_word' id='word_1_14' title='bbox 2008 388 2093 435; x_wconf 91' lang='lat' dir='ltr'><strong>est</strong></span> 
     </span>
    </p>
   </div>
   <div class='ocr_carea' id='block_1_5' title="bbox 2201 363 3768 451">
    <p class='ocr_par' dir='ltr' id='par_1_5' title="bbox 2201 363 3768 451">
     <span class='ocr_line' id='line_1_5' title="bbox 2201 363 3768 451; baseline -0.011 -19"><span class='ocrx_word' id='word_1_15' title='bbox 2201 380 2292 449; x_wconf 78' lang='grc' dir='ltr'><strong>τὴν</strong></span> <span class='ocrx_word' id='word_1_16' title='bbox 2337 376 2585 443; x_wconf 79' lang='grc' dir='ltr'><strong>ἐξουσίαν</strong></span> <span class='ocrx_word' id='word_1_17' title='bbox 2631 372 2982 442; x_wconf 82' lang='grc' dir='ltr'><strong>εἰσφέροντα,</strong></span> <span class='ocrx_word' id='word_1_18' title='bbox 3046 367 3138 420; x_wconf 75' lang='grc' dir='ltr'><strong>καὶ</strong></span> <span class='ocrx_word' id='word_1_19' title='bbox 3184 365 3304 451; x_wconf 12' lang='grc' dir='ltr'>τῶν,</span> <span class='ocrx_word' id='word_1_20' title='bbox 3345 363 3443 434; x_wconf 79' lang='grc' dir='ltr'>τῆς</span> <span class='ocrx_word' id='word_1_21' title='bbox 3492 364 3768 434; x_wconf 82' lang='grc' dir='ltr'>ἁμαρτίας</span> 
     </span>
    </p>
   </div>
   <div class='ocr_carea' id='block_1_6' title="bbox 534 468 2090 542">
    <p class='ocr_par' dir='ltr' id='par_1_6' title="bbox 534 468 2090 542">
     <span class='ocr_line' id='line_1_6' title="bbox 534 468 2090 542; baseline 0.003 -20"><span class='ocrx_word' id='word_1_22' title='bbox 534 468 692 540; x_wconf 65' lang='grc'><strong>154</strong></span> <span class='ocrx_word' id='word_1_23' title='bbox 723 485 826 523; x_wconf 89' lang='lat' dir='ltr'><strong>nec</strong></span> <span class='ocrx_word' id='word_1_24' title='bbox 867 470 1096 535; x_wconf 85' lang='lat' dir='ltr'><strong>insulsa,</strong></span> <span class='ocrx_word' id='word_1_25' title='bbox 1132 480 1188 525; x_wconf 91' lang='lat' dir='ltr'><strong>ut</strong></span> <span class='ocrx_word' id='word_1_26' title='bbox 1216 470 1433 540; x_wconf 87' lang='lat' dir='ltr'><strong>opinor,</strong></span> <span class='ocrx_word' id='word_1_27' title='bbox 1462 474 1750 526; x_wconf 79' lang='lat' dir='ltr'><strong>verborum</strong></span> <span class='ocrx_word' id='word_1_28' title='bbox 1783 474 2090 542; x_wconf 88' lang='lat' dir='ltr'><strong>proposito-</strong></span> 
     </span>
    </p>
   </div>
   <div class='ocr_carea' id='block_1_7' title="bbox 531 561 2091 635">
    <p class='ocr_par' dir='ltr' id='par_1_7' title="bbox 531 561 2091 635">
     <span class='ocr_line' id='line_1_7' title="bbox 531 561 2091 635; baseline 0.001 -19"><span class='ocrx_word' id='word_1_29' title='bbox 531 577 650 616; x_wconf 90' lang='lat' dir='ltr'><strong>rum</strong></span> <span class='ocrx_word' id='word_1_30' title='bbox 684 562 844 615; x_wconf 87' lang='lat' dir='ltr'><strong>ratio.</strong></span> <span class='ocrx_word' id='word_1_31' title='bbox 880 561 1064 615; x_wconf 76' lang='lat' dir='ltr'><strong>Altera</strong></span> <span class='ocrx_word' id='word_1_32' title='bbox 1089 577 1216 616; x_wconf 90' lang='lat' dir='ltr'><strong>vero</strong></span> <span class='ocrx_word' id='word_1_33' title='bbox 1239 564 1428 617; x_wconf 89' lang='lat' dir='ltr'><strong>eadem</strong></span> <span class='ocrx_word' id='word_1_34' title='bbox 1460 580 1595 633; x_wconf 92' lang='lat' dir='ltr'><strong>pene</strong></span> <span class='ocrx_word' id='word_1_35' title='bbox 1622 567 2014 635; x_wconf 88' lang='lat' dir='ltr'><strong>complectens,</strong></span> <span class='ocrx_word' id='word_1_36' title='bbox 2037 573 2091 618; x_wconf 92' lang='lat' dir='ltr'><strong>et</strong></span> 
     </span>
    </p>
   </div>
   <div class='ocr_carea' id='block_1_8' title="bbox 529 650 2093 720">
    <p class='ocr_par' dir='ltr' id='par_1_8' title="bbox 529 650 2093 720">
     <span class='ocr_line' id='line_1_8' title="bbox 529 650 2093 720; baseline 0 -12"><span class='ocrx_word' id='word_1_37' title='bbox 529 651 812 720; x_wconf 75' lang='lat' dir='ltr'><strong>superiori.</strong></span> <span class='ocrx_word' id='word_1_38' title='bbox 826 650 1089 704; x_wconf 71' lang='lat' dir='ltr'><strong>doctrinae</strong></span> <span class='ocrx_word' id='word_1_39' title='bbox 1115 651 1290 706; x_wconf 77' lang='lat' dir='ltr'><strong>amnis</strong></span> <span class='ocrx_word' id='word_1_40' title='bbox 1317 652 1594 708; x_wconf 68' lang='lat' dir='ltr'><strong>all‘eretur.</strong></span> <span class='ocrx_word' id='word_1_41' title='bbox 1629 654 1881 708; x_wconf 79' lang='lat' dir='ltr'><strong>Salvator</strong></span> <span class='ocrx_word' id='word_1_42' title='bbox 1903 670 2093 709; x_wconf 90' lang='lat' dir='ltr'><strong>cerne-</strong></span> 
     </span>
    </p>
   </div>
   <div class='ocr_carea' id='block_1_9' title="bbox 531 739 2091 815">
    <p class='ocr_par' dir='ltr' id='par_1_9' title="bbox 531 739 2091 815">
     <span class='ocr_line' id='line_1_9' title="bbox 531 739 2091 815; baseline 0.001 -21"><span class='ocrx_word' id='word_1_43' title='bbox 531 742 626 794; x_wconf 88' lang='lat' dir='ltr'><strong>bat</strong></span> <span class='ocrx_word' id='word_1_44' title='bbox 654 739 1013 795; x_wconf 79' lang='lat' dir='ltr'><strong>Nicodemum</strong></span> <span class='ocrx_word' id='word_1_45' title='bbox 1051 740 1306 796; x_wconf 84' lang='lat' dir='ltr'><strong>Mosaicis</strong></span> <span class='ocrx_word' id='word_1_46' title='bbox 1329 743 1542 796; x_wconf 77' lang='lat' dir='ltr'><strong>allixum</strong></span> <span class='ocrx_word' id='word_1_47' title='bbox 1577 745 1809 815; x_wconf 79' lang='lat' dir='ltr'><strong>legibus,</strong></span> <span class='ocrx_word' id='word_1_48' title='bbox 1843 753 1894 797; x_wconf 90' lang='lat' dir='ltr'><strong>et</strong></span> <span class='ocrx_word' id='word_1_49' title='bbox 1923 745 2091 797; x_wconf 85' lang='lat' dir='ltr'><strong>veteri</strong></span> 
     </span>
    </p>
   </div>
   <div class='ocr_carea' id='block_1_10' title="bbox 532 831 2095 903">
    <p class='ocr_par' dir='ltr' id='par_1_10' title="bbox 532 831 2095 903">
     <span class='ocr_line' id='line_1_10' title="bbox 532 831 2095 903; baseline 0.005 -22"><span class='ocrx_word' id='word_1_50' title='bbox 532 831 748 900; x_wconf 85' lang='lat' dir='ltr'><strong>quidem</strong></span> <span class='ocrx_word' id='word_1_51' title='bbox 784 832 1040 886; x_wconf 88' lang='lat' dir='ltr'><strong>mandato</strong></span> <span class='ocrx_word' id='word_1_52' title='bbox 1071 833 1348 887; x_wconf 88' lang='lat' dir='ltr'><strong>mordicus</strong></span> <span class='ocrx_word' id='word_1_53' title='bbox 1377 835 1672 897; x_wconf 67' lang='lat' dir='ltr'><strong>adhaerere,</strong></span> <span class='ocrx_word' id='word_1_54' title='bbox 1699 843 1754 888; x_wconf 91' lang='lat' dir='ltr'><strong>et</strong></span> <span class='ocrx_word' id='word_1_55' title='bbox 1787 835 1850 887; x_wconf 84' lang='lat' dir='ltr'><strong>ad</strong></span> <span class='ocrx_word' id='word_1_56' title='bbox 1877 849 2095 903; x_wconf 84' lang='lat' dir='ltr'><strong>regene-</strong></span> 
     </span>
    </p>
   </div>
   <div class='ocr_carea' id='block_1_11' title="bbox 531 923 2090 994">
    <p class='ocr_par' dir='ltr' id='par_1_11' title="bbox 531 923 2090 994">
     <span class='ocr_line' id='line_1_11' title="bbox 531 923 2090 994; baseline 0.004 -21"><span class='ocrx_word' id='word_1_57' title='bbox 531 925 796 975; x_wconf 80' lang='lat' dir='ltr'><strong>rationem</strong></span> <span class='ocrx_word' id='word_1_58' title='bbox 852 923 1148 991; x_wconf 80' lang='lat' dir='ltr'><strong>spiritalem</strong></span> <span class='ocrx_word' id='word_1_59' title='bbox 1215 925 1614 994; x_wconf 87' lang='lat' dir='ltr'><strong>quodammodo</strong></span> <span class='ocrx_word' id='word_1_60' title='bbox 1681 926 2090 990; x_wconf 77' lang='lat' dir='ltr'><strong>exhorrescere,</strong></span> 
     </span>
    </p>
   </div>
   <div class='ocr_carea' id='block_1_12' title="bbox 532 1013 2095 1086">
    <p class='ocr_par' dir='ltr' id='par_1_12' title="bbox 532 1013 2095 1086">
     <span class='ocr_line' id='line_1_12' title="bbox 532 1013 2095 1086; baseline 0.003 -22"><span class='ocrx_word' id='word_1_61' title='bbox 532 1020 696 1081; x_wconf 87' lang='lat' dir='ltr'><strong>atque</strong></span> <span class='ocrx_word' id='word_1_62' title='bbox 727 1013 791 1066; x_wconf 88' lang='lat' dir='ltr'><strong>ad</strong></span> <span class='ocrx_word' id='word_1_63' title='bbox 821 1029 1014 1081; x_wconf 80' lang='lat' dir='ltr'><strong>novam</strong></span> <span class='ocrx_word' id='word_1_64' title='bbox 1048 1023 1101 1069; x_wconf 89' lang='lat' dir='ltr'><strong>et</strong></span> <span class='ocrx_word' id='word_1_65' title='bbox 1130 1016 1496 1084; x_wconf 84' lang='lat' dir='ltr'><strong>evangelicatn</strong></span> <span class='ocrx_word' id='word_1_66' title='bbox 1538 1016 1701 1069; x_wconf 89' lang='lat' dir='ltr'><strong>vitam</strong></span> <span class='ocrx_word' id='word_1_67' title='bbox 1733 1026 1971 1086; x_wconf 87' lang='lat' dir='ltr'><strong>torpere,</strong></span> <span class='ocrx_word' id='word_1_68' title='bbox 2008 1032 2095 1070; x_wconf 90' lang='lat' dir='ltr'><strong>ra-</strong></span> 
     </span>
    </p>
   </div>
   <div class='ocr_carea' id='block_1_13' title="bbox 535 1102 2097 1174">
    <p class='ocr_par' dir='ltr' id='par_1_13' title="bbox 535 1102 2097 1174">
     <span class='ocr_line' id='line_1_13' title="bbox 535 1102 2097 1174; baseline 0.007 -23"><span class='ocrx_word' id='word_1_69' title='bbox 535 1109 670 1164; x_wconf 86' lang='lat' dir='ltr'><strong>tum,</strong></span> <span class='ocrx_word' id='word_1_70' title='bbox 702 1110 759 1154; x_wconf 93' lang='lat' dir='ltr'><strong>ut</strong></span> <span class='ocrx_word' id='word_1_71' title='bbox 792 1102 1050 1156; x_wconf 87' lang='lat' dir='ltr'><strong>credibile</strong></span> <span class='ocrx_word' id='word_1_72' title='bbox 1076 1112 1183 1169; x_wconf 86' lang='lat' dir='ltr'><strong>est,</strong></span> <span class='ocrx_word' id='word_1_73' title='bbox 1211 1105 1354 1157; x_wconf 88' lang='lat' dir='ltr'><strong>hanc</strong></span> <span class='ocrx_word' id='word_1_74' title='bbox 1378 1105 1644 1174; x_wconf 87' lang='lat' dir='ltr'><strong>legalibus</strong></span> <span class='ocrx_word' id='word_1_75' title='bbox 1680 1107 1953 1161; x_wconf 83' lang='lat' dir='ltr'><strong>mandatis</strong></span> <span class='ocrx_word' id='word_1_76' title='bbox 1978 1106 2097 1162; x_wconf 85' lang='lat' dir='ltr'><strong>fore</strong></span> 
     </span>
    </p>
   </div>
   <div class='ocr_carea' id='block_1_14' title="bbox 533 1189 2093 1264">
    <p class='ocr_par' dir='ltr' id='par_1_14' title="bbox 533 1189 2093 1264">
     <span class='ocr_line' id='line_1_14' title="bbox 533 1189 2093 1264; baseline 0.006 -20"><span class='ocrx_word' id='word_1_77' title='bbox 533 1189 912 1246; x_wconf 77' lang='lat' dir='ltr'><strong>diliiciliorem.</strong></span> <span class='ocrx_word' id='word_1_78' title='bbox 933 1192 1066 1245; x_wconf 87' lang='lat' dir='ltr'><strong>Cum</strong></span> <span class='ocrx_word' id='word_1_79' title='bbox 1098 1208 1228 1262; x_wconf 82' lang='lat' dir='ltr'><strong>ergo</strong></span> <span class='ocrx_word' id='word_1_80' title='bbox 1251 1210 1359 1247; x_wconf 93' lang='lat' dir='ltr'><strong>non</strong></span> <span class='ocrx_word' id='word_1_81' title='bbox 1387 1195 1686 1264; x_wconf 85' lang='lat' dir='ltr'><strong>ignoraret,</strong></span> <span class='ocrx_word' id='word_1_82' title='bbox 1712 1204 1899 1264; x_wconf 86' lang='lat' dir='ltr'><strong>utpote</strong></span> <span class='ocrx_word' id='word_1_83' title='bbox 1927 1196 2093 1263; x_wconf 89' lang='lat' dir='ltr'><strong>Deus,</strong></span> 
     </span>
    </p>
   </div>
   <div class='ocr_carea' id='block_1_15' title="bbox 534 1279 2098 1350">
    <p class='ocr_par' dir='ltr' id='par_1_15' title="bbox 534 1279 2098 1350">
     <span class='ocr_line' id='line_1_15' title="bbox 534 1279 2098 1350; baseline 0.007 -21"><span class='ocrx_word' id='word_1_84' title='bbox 534 1279 786 1331; x_wconf 90' lang='lat' dir='ltr'><strong>timorem</strong></span> <span class='ocrx_word' id='word_1_85' title='bbox 823 1293 887 1332; x_wconf 85' lang='lat' dir='ltr'><strong>ex</strong></span> <span class='ocrx_word' id='word_1_86' title='bbox 929 1280 1203 1348; x_wconf 87' lang='lat' dir='ltr'><strong>imperitia</strong></span> <span class='ocrx_word' id='word_1_87' title='bbox 1233 1282 1412 1350; x_wconf 89' lang='lat' dir='ltr'><strong>ipsum</strong></span> <span class='ocrx_word' id='word_1_88' title='bbox 1459 1284 1746 1348; x_wconf 89' lang='lat' dir='ltr'><strong>invasisse,</strong></span> <span class='ocrx_word' id='word_1_89' title='bbox 1781 1284 1941 1338; x_wconf 90' lang='lat' dir='ltr'><strong>unica</strong></span> <span class='ocrx_word' id='word_1_90' title='bbox 1973 1287 2098 1340; x_wconf 85' lang='lat' dir='ltr'><strong>bre-</strong></span> 
     </span>
    </p>
   </div>
   <div class='ocr_carea' id='block_1_16' title="bbox 531 1369 2097 1447">
    <p class='ocr_par' dir='ltr' id='par_1_16' title="bbox 531 1369 2097 1447">
     <span class='ocr_line' id='line_1_16' title="bbox 531 1369 2097 1447; baseline 0.008 -27"><span class='ocrx_word' id='word_1_91' title='bbox 531 1371 695 1436; x_wconf 80' lang='lat' dir='ltr'><strong>vique</strong></span> <span class='ocrx_word' id='word_1_92' title='bbox 725 1369 935 1424; x_wconf 83' lang='lat' dir='ltr'><strong>ratione</strong></span> <span class='ocrx_word' id='word_1_93' title='bbox 961 1372 1426 1439; x_wconf 86' lang='lat' dir='ltr'><strong>perturbationem</strong></span> <span class='ocrx_word' id='word_1_94' title='bbox 1456 1374 1606 1427; x_wconf 87' lang='lat' dir='ltr'><strong>illam</strong></span> <span class='ocrx_word' id='word_1_95' title='bbox 1639 1375 1850 1438; x_wconf 81' lang='lat' dir='ltr'><strong>adimit,</strong></span> <span class='ocrx_word' id='word_1_96' title='bbox 1877 1387 1930 1431; x_wconf 88' lang='lat' dir='ltr'><strong>et</strong></span> <span class='ocrx_word' id='word_1_97' title='bbox 1960 1392 2097 1447; x_wconf 69' lang='lat' dir='ltr'><strong>prae-</strong></span> 
     </span>
    </p>
   </div>
   <div class='ocr_carea' id='block_1_17' title="bbox 533 1460 2099 1534">
    <p class='ocr_par' dir='ltr' id='par_1_17' title="bbox 533 1460 2099 1534">
     <span class='ocr_line' id='line_1_17' title="bbox 533 1460 2099 1534; baseline 0.008 -24"><span class='ocrx_word' id='word_1_98' title='bbox 533 1468 748 1526; x_wconf 85' lang='lat' dir='ltr'><strong>ceptum</strong></span> <span class='ocrx_word' id='word_1_99' title='bbox 782 1460 998 1528; x_wconf 88' lang='lat' dir='ltr'><strong>quidem</strong></span> <span class='ocrx_word' id='word_1_100' title='bbox 1038 1460 1335 1516; x_wconf 85' lang='lat' dir='ltr'><strong>Mosaicnm</strong></span> <span class='ocrx_word' id='word_1_101' title='bbox 1364 1477 1430 1516; x_wconf 79' lang='lat' dir='ltr'><strong>ex</strong></span> <span class='ocrx_word' id='word_1_102' title='bbox 1460 1478 1526 1518; x_wconf 92' lang='lat' dir='ltr'><strong>eo</strong></span> <span class='ocrx_word' id='word_1_103' title='bbox 1562 1465 1709 1534; x_wconf 92' lang='lat' dir='ltr'><strong>quod</strong></span> <span class='ocrx_word' id='word_1_104' title='bbox 1739 1463 1942 1520; x_wconf 85' lang='lat' dir='ltr'><strong>&#39;orbem</strong></span> <span class='ocrx_word' id='word_1_105' title='bbox 1973 1483 2099 1523; x_wconf 93' lang='lat' dir='ltr'><strong>con-</strong></span> 
     </span>
    </p>
   </div>
   <div class='ocr_carea' id='block_1_18' title="bbox 533 1551 2094 1627">
    <p class='ocr_par' dir='ltr' id='par_1_18' title="bbox 533 1551 2094 1627">
     <span class='ocr_line' id='line_1_18' title="bbox 533 1551 2094 1627; baseline 0.006 -23"><span class='ocrx_word' id='word_1_106' title='bbox 533 1551 770 1616; x_wconf 85' lang='lat' dir='ltr'><strong>demnat,</strong></span> <span class='ocrx_word' id='word_1_107' title='bbox 815 1553 1216 1608; x_wconf 87' lang='lat' dir='ltr'><strong>intolerabilius</strong></span> <span class='ocrx_word' id='word_1_108' title='bbox 1245 1568 1367 1608; x_wconf 86' lang='lat' dir='ltr'><strong>esse</strong></span> <span class='ocrx_word' id='word_1_109' title='bbox 1397 1553 1761 1618; x_wconf 89' lang='lat' dir='ltr'><strong>demonstrat,</strong></span> <span class='ocrx_word' id='word_1_110' title='bbox 1797 1573 1964 1627; x_wconf 86' lang='lat' dir='ltr'><strong>seque</strong></span> <span class='ocrx_word' id='word_1_111' title='bbox 1998 1559 2094 1613; x_wconf 86' lang='lat' dir='ltr'><strong>be-</strong></span> 
     </span>
    </p>
   </div>
   <div class='ocr_carea' id='block_1_19' title="bbox 536 1641 2096 1710">
    <p class='ocr_par' dir='ltr' id='par_1_19' title="bbox 536 1641 2096 1710">
     <span class='ocr_line' id='line_1_19' title="bbox 536 1641 2096 1710; baseline 0.006 -18"><span class='ocrx_word' id='word_1_112' title='bbox 536 1641 816 1709; x_wconf 84' lang='lat' dir='ltr'><strong>nignitatis</strong></span> <span class='ocrx_word' id='word_1_113' title='bbox 851 1642 1162 1710; x_wconf 88' lang='lat' dir='ltr'><strong>largitorem</strong></span> <span class='ocrx_word' id='word_1_114' title='bbox 1203 1641 1441 1705; x_wconf 81' lang='lat' dir='ltr'><strong>exhibet,</strong></span> <span class='ocrx_word' id='word_1_115' title='bbox 1474 1643 1693 1698; x_wconf 80' lang='lat' dir='ltr'><strong>dicens:</strong></span> <span class='ocrx_word' id='word_1_116' title='bbox 1739 1662 1756 1695; x_wconf 86' lang='grc' dir='ltr'><strong>ι</strong></span> <span class='ocrx_word' id='word_1_117' title='bbox 1800 1645 1918 1699; x_wconf 86' lang='lat' dir='ltr'><strong>Non</strong></span> <span class='ocrx_word' id='word_1_118' title='bbox 1951 1648 2096 1702; x_wconf 91' lang='lat' dir='ltr'><strong>enim</strong></span> 
     </span>
    </p>
   </div>
   <div class='ocr_carea' id='block_1_20' title="bbox 536 1729 2098 1805">
    <p class='ocr_par' dir='ltr' id='par_1_20' title="bbox 536 1729 2098 1805">
     <span class='ocr_line' id='line_1_20' title="bbox 536 1729 2098 1805; baseline 0.007 -24"><span class='ocrx_word' id='word_1_119' title='bbox 536 1731 687 1783; x_wconf 84' lang='lat' dir='ltr'><strong>misit</strong></span> <span class='ocrx_word' id='word_1_120' title='bbox 732 1730 877 1785; x_wconf 92' lang='lat' dir='ltr'><strong>Deus</strong></span> <span class='ocrx_word' id='word_1_121' title='bbox 927 1729 1122 1784; x_wconf 74' lang='lat' dir='ltr'><strong>Filium</strong></span> <span class='ocrx_word' id='word_1_122' title='bbox 1163 1746 1324 1784; x_wconf 89' lang='lat' dir='ltr'><strong>suum</strong></span> <span class='ocrx_word' id='word_1_123' title='bbox 1371 1731 1428 1786; x_wconf 88' lang='lat' dir='ltr'><strong>in</strong></span> <span class='ocrx_word' id='word_1_124' title='bbox 1467 1732 1750 1797; x_wconf 86' lang='lat' dir='ltr'><strong>mundum,</strong></span> <span class='ocrx_word' id='word_1_125' title='bbox 1798 1744 1853 1788; x_wconf 92' lang='lat' dir='ltr'><strong>ut</strong></span> <span class='ocrx_word' id='word_1_126' title='bbox 1891 1737 2098 1805; x_wconf 89' lang='lat' dir='ltr'><strong>judicet</strong></span> 
     </span>
    </p>
   </div>
   <div class='ocr_carea' id='block_1_21' title="bbox 535 1821 1983 1894">
    <p class='ocr_par' dir='ltr' id='par_1_21' title="bbox 535 1821 1983 1894">
     <span class='ocr_line' id='line_1_21' title="bbox 535 1821 1983 1894; baseline 0.005 -21"><span class='ocrx_word' id='word_1_127' title='bbox 535 1821 819 1884; x_wconf 80' lang='lat' dir='ltr'><strong>utundum,</strong></span> <span class='ocrx_word' id='word_1_128' title='bbox 860 1821 953 1875; x_wconf 89' lang='lat' dir='ltr'><strong>sed</strong></span> <span class='ocrx_word' id='word_1_129' title='bbox 985 1829 1040 1874; x_wconf 92' lang='lat' dir='ltr'><strong>ut</strong></span> <span class='ocrx_word' id='word_1_130' title='bbox 1066 1821 1306 1875; x_wconf 87' lang='lat' dir='ltr'><strong>salvetur</strong></span> <span class='ocrx_word' id='word_1_131' title='bbox 1337 1822 1576 1876; x_wconf 90' lang='lat' dir='ltr'><strong>mundus</strong></span> <span class='ocrx_word' id='word_1_132' title='bbox 1605 1839 1701 1892; x_wconf 88' lang='lat' dir='ltr'><strong>per</strong></span> <span class='ocrx_word' id='word_1_133' title='bbox 1726 1825 1924 1894; x_wconf 87' lang='lat' dir='ltr'><strong>ipsum.</strong></span> <span class='ocrx_word' id='word_1_134' title='bbox 1964 1846 1983 1879; x_wconf 75' lang='grc' dir='ltr'><strong>ι</strong></span> 
     </span>
    </p>
   </div>
   <div class='ocr_carea' id='block_1_22' title="bbox 2189 450 3766 539">
    <p class='ocr_par' dir='ltr' id='par_1_22' title="bbox 2189 450 3766 539">
     <span class='ocr_line' id='line_1_22' title="bbox 2189 450 3766 539; baseline -0.013 -17"><span class='ocrx_word' id='word_1_135' title='bbox 2189 468 2402 539; x_wconf 81' lang='grc' dir='ltr'><strong>δεσμῶν</strong></span> <span class='ocrx_word' id='word_1_136' title='bbox 2447 466 2672 535; x_wconf 79' lang='grc' dir='ltr'><strong>ἀφιέντα</strong></span> <span class='ocrx_word' id='word_1_137' title='bbox 2727 462 2816 514; x_wconf 84' lang='grc' dir='ltr'><strong>τὸν</strong></span> <span class='ocrx_word' id='word_1_138' title='bbox 2869 459 3192 528; x_wconf 77' lang='grc' dir='ltr'>ἀνθρωπον;</span> <span class='ocrx_word' id='word_1_139' title='bbox 3248 450 3342 516; x_wconf 78' lang='grc' dir='ltr'><strong>Εἷς</strong></span> <span class='ocrx_word' id='word_1_140' title='bbox 3385 453 3482 522; x_wconf 79' lang='grc' dir='ltr'>μὲν</span> <span class='ocrx_word' id='word_1_141' title='bbox 3536 452 3628 539; x_wconf 12' lang='grc' dir='ltr'>δὴ,</span> <span class='ocrx_word' id='word_1_142' title='bbox 3655 452 3766 504; x_wconf 88' lang='grc' dir='ltr'><strong>τῶν</strong></span> 
     </span>
    </p>
   </div>
   <div class='ocr_carea' id='block_1_23' title="bbox 2191 538 3765 629">
    <p class='ocr_par' dir='ltr' id='par_1_23' title="bbox 2191 538 3765 629">
     <span class='ocr_line' id='line_1_23' title="bbox 2191 538 3765 629; baseline -0.013 -17"><span class='ocrx_word' id='word_1_143' title='bbox 2191 538 2568 629; x_wconf 86' lang='grc' dir='ltr'>προκειμένων</span> <span class='ocrx_word' id='word_1_144' title='bbox 2605 553 2823 614; x_wconf 78' lang='grc' dir='ltr'>οὑτοσὶ,</span> <span class='ocrx_word' id='word_1_145' title='bbox 2870 549 2966 603; x_wconf 80' lang='grc' dir='ltr'>καὶ</span> <span class='ocrx_word' id='word_1_146' title='bbox 2997 549 3096 600; x_wconf 78' lang='grc' dir='ltr'><strong>οὐκ</strong></span> <span class='ocrx_word' id='word_1_147' title='bbox 3142 545 3423 614; x_wconf 77' lang='grc' dir='ltr'><strong>ἄκομψος,</strong></span> <span class='ocrx_word' id='word_1_148' title='bbox 3470 542 3547 605; x_wconf 79' lang='grc' dir='ltr'>ὡς</span> <span class='ocrx_word' id='word_1_149' title='bbox 3589 538 3765 610; x_wconf 79' lang='grc' dir='ltr'>οἶμαι,</span> 
     </span>
    </p>
   </div>
   <div class='ocr_carea' id='block_1_24' title="bbox 2190 633 3769 716">
    <p class='ocr_par' dir='ltr' id='par_1_24' title="bbox 2190 633 3769 716">
     <span class='ocr_line' id='line_1_24' title="bbox 2190 633 3769 716; baseline -0.011 -14"><span class='ocrx_word' id='word_1_150' title='bbox 2190 649 2346 716; x_wconf 84' lang='grc' dir='ltr'><strong>λόγος</strong></span> <span class='ocrx_word' id='word_1_151' title='bbox 2369 665 2382 677; x_wconf 74' lang='grc' dir='ltr'><strong>ο</strong></span> <span class='ocrx_word' id='word_1_152' title='bbox 2414 646 2664 715; x_wconf 89' lang='grc' dir='ltr'>δεύτερος</span> <span class='ocrx_word' id='word_1_153' title='bbox 2709 643 2766 694; x_wconf 86' lang='grc' dir='ltr'>δὲ</span> <span class='ocrx_word' id='word_1_154' title='bbox 2812 640 2907 694; x_wconf 75' lang='grc' dir='ltr'><strong>ἐπὶ</strong></span> <span class='ocrx_word' id='word_1_155' title='bbox 2937 638 3111 707; x_wconf 79' lang='grc' dir='ltr'>τούτῳ</span> <span class='ocrx_word' id='word_1_156' title='bbox 3159 635 3248 689; x_wconf 86' lang='grc' dir='ltr'><strong>διά</strong></span> <span class='ocrx_word' id='word_1_157' title='bbox 3283 636 3392 687; x_wconf 89' lang='grc' dir='ltr'><strong>τῶν</strong></span> <span class='ocrx_word' id='word_1_158' title='bbox 3426 633 3605 687; x_wconf 85' lang='grc' dir='ltr'>αὐτῶν</span> <span class='ocrx_word' id='word_1_159' title='bbox 3640 641 3769 686; x_wconf 83' lang='grc' dir='ltr'>ἀνα-</span> 
     </span>
    </p>
   </div>
   <div class='ocr_carea' id='block_1_25' title="bbox 2193 724 3768 804">
    <p class='ocr_par' dir='ltr' id='par_1_25' title="bbox 2193 724 3768 804">
     <span class='ocr_line' id='line_1_25' title="bbox 2193 724 3768 804; baseline -0.01 -15"><span class='ocrx_word' id='word_1_160' title='bbox 2193 735 2562 804; x_wconf 87' lang='grc' dir='ltr'>κυκλημάτων</span> <span class='ocrx_word' id='word_1_161' title='bbox 2614 729 3009 801; x_wconf 82' lang='grc' dir='ltr'><strong>στρεφόμενος,</strong></span> <span class='ocrx_word' id='word_1_162' title='bbox 3053 727 3149 780; x_wconf 74' lang='grc' dir='ltr'>καὶ</span> <span class='ocrx_word' id='word_1_163' title='bbox 3199 724 3436 793; x_wconf 87' lang='grc' dir='ltr'>συγγενῆ</span> <span class='ocrx_word' id='word_1_164' title='bbox 3483 740 3602 786; x_wconf 88' lang='grc' dir='ltr'><strong>πως</strong></span> <span class='ocrx_word' id='word_1_165' title='bbox 3654 725 3768 785; x_wconf 85' lang='grc' dir='ltr'>τοῖς</span> 
     </span>
    </p>
   </div>
   <div class='ocr_carea' id='block_1_26' title="bbox 2193 815 3764 896">
    <p class='ocr_par' dir='ltr' id='par_1_26' title="bbox 2193 815 3764 896">
     <span class='ocr_line' id='line_1_26' title="bbox 2193 815 3764 896; baseline -0.008 -15"><span class='ocrx_word' id='word_1_166' title='bbox 2193 830 2306 883; x_wconf 83' lang='grc' dir='ltr'>ἄνω</span> <span class='ocrx_word' id='word_1_167' title='bbox 2327 829 2426 896; x_wconf 82' lang='grc' dir='ltr'><strong>τὴν</strong></span> <span class='ocrx_word' id='word_1_168' title='bbox 2458 824 2690 893; x_wconf 77' lang='grc' dir='ltr'><strong>Θεωρίαν</strong></span> <span class='ocrx_word' id='word_1_169' title='bbox 2712 821 2998 891; x_wconf 78' lang='grc' dir='ltr'><strong>εἰσφέρων,</strong></span> <span class='ocrx_word' id='word_1_170' title='bbox 3030 821 3093 871; x_wconf 83' lang='grc' dir='ltr'>ὲκ</span> <span class='ocrx_word' id='word_1_171' title='bbox 3115 815 3440 887; x_wconf 84' lang='grc' dir='ltr'>φιλομαθίας</span> <span class='ocrx_word' id='word_1_172' title='bbox 3467 816 3764 885; x_wconf 81' lang='grc' dir='ltr'>εἰρήσεται.</span> 
     </span>
    </p>
   </div>
   <div class='ocr_carea' id='block_1_27' title="bbox 2206 908 3768 986">
    <p class='ocr_par' dir='ltr' id='par_1_27' title="bbox 2206 908 3768 986">
     <span class='ocr_line' id='line_1_27' title="bbox 2206 908 3768 986; baseline -0.007 -16"><span class='ocrx_word' id='word_1_173' title='bbox 2206 916 2466 986; x_wconf 86' lang='grc' dir='ltr'>Ἐθεὼρει</span> <span class='ocrx_word' id='word_1_174' title='bbox 2498 915 2588 966; x_wconf 86' lang='grc' dir='ltr'><strong>τὸν</strong></span> <span class='ocrx_word' id='word_1_175' title='bbox 2636 913 2944 982; x_wconf 78' lang='grc' dir='ltr'><strong>Νικόδημον</strong></span> <span class='ocrx_word' id='word_1_176' title='bbox 2987 912 3016 962; x_wconf 89' lang='grc' dir='ltr'><strong>ό</strong></span> <span class='ocrx_word' id='word_1_177' title='bbox 3059 909 3248 979; x_wconf 83' lang='grc' dir='ltr'>Σωτὴρ</span> <span class='ocrx_word' id='word_1_178' title='bbox 3295 910 3409 970; x_wconf 83' lang='grc' dir='ltr'>τοῖς</span> <span class='ocrx_word' id='word_1_179' title='bbox 3457 908 3768 969; x_wconf 73' lang='grc' dir='ltr'>Μωσαῑκοῖς</span> 
     </span>
    </p>
   </div>
   <div class='ocr_carea' id='block_1_28' title="bbox 2194 999 3770 1078">
    <p class='ocr_par' dir='ltr' id='par_1_28' title="bbox 2194 999 3770 1078">
     <span class='ocr_line' id='line_1_28' title="bbox 2194 999 3770 1078; baseline -0.006 -17"><span class='ocrx_word' id='word_1_180' title='bbox 2194 1007 2555 1078; x_wconf 84' lang='grc' dir='ltr'>ὲμπεπηγότα</span> <span class='ocrx_word' id='word_1_181' title='bbox 2580 1004 2784 1074; x_wconf 88' lang='grc' dir='ltr'>νόμοις,</span> <span class='ocrx_word' id='word_1_182' title='bbox 2821 1002 3038 1071; x_wconf 74' lang='grc' dir='ltr'>καὶτῆς</span> <span class='ocrx_word' id='word_1_183' title='bbox 3076 1002 3174 1072; x_wconf 84' lang='grc' dir='ltr'><strong>μὲν</strong></span> <span class='ocrx_word' id='word_1_184' title='bbox 3204 1001 3564 1072; x_wconf 66' lang='grc' dir='ltr'><strong>ἀρχαιοτέρας</strong></span> <span class='ocrx_word' id='word_1_185' title='bbox 3599 999 3770 1068; x_wconf 72' lang='grc' dir='ltr'>ἀπρὶξ</span> 
     </span>
    </p>
   </div>
   <div class='ocr_carea' id='block_1_29' title="bbox 2195 1092 3769 1170">
    <p class='ocr_par' dir='ltr' id='par_1_29' title="bbox 2195 1092 3769 1170">
     <span class='ocr_line' id='line_1_29' title="bbox 2195 1092 3769 1170; baseline -0.004 -19"><span class='ocrx_word' id='word_1_186' title='bbox 2195 1101 2452 1170; x_wconf 81' lang='grc' dir='ltr'>ἐχόμενον</span> <span class='ocrx_word' id='word_1_187' title='bbox 2501 1095 2758 1166; x_wconf 82' lang='grc' dir='ltr'>ὲντολῆς,</span> <span class='ocrx_word' id='word_1_188' title='bbox 2801 1094 3197 1164; x_wconf 89' lang='grc' dir='ltr'>ἀποφρίττοντα</span> <span class='ocrx_word' id='word_1_189' title='bbox 3234 1092 3310 1145; x_wconf 85' lang='grc' dir='ltr'>δέ,</span> <span class='ocrx_word' id='word_1_190' title='bbox 3337 1109 3454 1155; x_wconf 87' lang='grc' dir='ltr'><strong>πως</strong></span> <span class='ocrx_word' id='word_1_191' title='bbox 3491 1092 3628 1159; x_wconf 83' lang='grc' dir='ltr'>πρὸς</span> <span class='ocrx_word' id='word_1_192' title='bbox 3669 1092 3769 1160; x_wconf 76' lang='grc' dir='ltr'><strong>τὴν</strong></span> 
     </span>
    </p>
   </div>
   <div class='ocr_carea' id='block_1_30' title="bbox 2196 1182 3768 1258">
    <p class='ocr_par' dir='ltr' id='par_1_30' title="bbox 2196 1182 3768 1258">
     <span class='ocr_line' id='line_1_30' title="bbox 2196 1182 3768 1258; baseline -0.005 -14"><span class='ocrx_word' id='word_1_193' title='bbox 2196 1192 2285 1245; x_wconf 84' lang='grc' dir='ltr'>διὰ</span> <span class='ocrx_word' id='word_1_194' title='bbox 2324 1189 2644 1258; x_wconf 88' lang='grc' dir='ltr'>Πνεύματος</span> <span class='ocrx_word' id='word_1_195' title='bbox 2670 1185 3048 1256; x_wconf 87' lang='grc' dir='ltr'>ἀναγέννησιν,</span> <span class='ocrx_word' id='word_1_196' title='bbox 3083 1184 3178 1238; x_wconf 73' lang='grc' dir='ltr'><strong>καὶ</strong></span> <span class='ocrx_word' id='word_1_197' title='bbox 3217 1184 3354 1254; x_wconf 88' lang='grc' dir='ltr'>πρὸς</span> <span class='ocrx_word' id='word_1_198' title='bbox 3391 1183 3488 1252; x_wconf 81' lang='grc' dir='ltr'>τὴν</span> <span class='ocrx_word' id='word_1_199' title='bbox 3517 1182 3642 1236; x_wconf 84' lang='grc' dir='ltr'>νέαν</span> <span class='ocrx_word' id='word_1_200' title='bbox 3675 1183 3768 1236; x_wconf 76' lang='grc' dir='ltr'><strong>καὶ</strong></span> 
     </span>
    </p>
   </div>
   <div class='ocr_carea' id='block_1_31' title="bbox 2198 1275 3769 1354">
    <p class='ocr_par' dir='ltr' id='par_1_31' title="bbox 2198 1275 3769 1354">
     <span class='ocr_line' id='line_1_31' title="bbox 2198 1275 3769 1354; baseline -0.008 -17"><span class='ocrx_word' id='word_1_201' title='bbox 2198 1283 2558 1354; x_wconf 79' lang='grc' dir='ltr'>εὐαγγελικὴν</span> <span class='ocrx_word' id='word_1_202' title='bbox 2587 1281 2954 1336; x_wconf 88' lang='grc' dir='ltr'>κατοκνοῦντα</span> <span class='ocrx_word' id='word_1_203' title='bbox 2994 1277 3294 1343; x_wconf 78' lang='grc' dir='ltr'>πολιτείαν,</span> <span class='ocrx_word' id='word_1_204' title='bbox 3323 1277 3596 1346; x_wconf 88' lang='grc' dir='ltr'>οἰηθέντα,</span> <span class='ocrx_word' id='word_1_205' title='bbox 3629 1275 3769 1327; x_wconf 81' lang='grc' dir='ltr'><strong>κατᾶ</strong></span> 
     </span>
    </p>
   </div>
   <div class='ocr_carea' id='block_1_32' title="bbox 2197 1364 3769 1446">
    <p class='ocr_par' dir='ltr' id='par_1_32' title="bbox 2197 1364 3769 1446">
     <span class='ocr_line' id='line_1_32' title="bbox 2197 1364 3769 1446; baseline -0.01 -16"><span class='ocrx_word' id='word_1_206' title='bbox 2197 1377 2258 1430; x_wconf 91' lang='grc' dir='ltr'><strong>τὸ</strong></span> <span class='ocrx_word' id='word_1_207' title='bbox 2311 1377 2492 1439; x_wconf 87' lang='grc' dir='ltr'>εἰκὸς,</span> <span class='ocrx_word' id='word_1_208' title='bbox 2535 1373 2946 1446; x_wconf 79' lang='grc' dir='ltr'>φορτικωτέραν</span> <span class='ocrx_word' id='word_1_209' title='bbox 2996 1369 3213 1422; x_wconf 73' lang='grc' dir='ltr'>ἔσεσθαι</span> <span class='ocrx_word' id='word_1_210' title='bbox 3261 1368 3464 1436; x_wconf 86' lang='grc' dir='ltr'>ταύτην</span> <span class='ocrx_word' id='word_1_211' title='bbox 3508 1367 3616 1418; x_wconf 84' lang='grc' dir='ltr'><strong>τῶν</strong></span> <span class='ocrx_word' id='word_1_212' title='bbox 3668 1364 3769 1434; x_wconf 73' lang='grc' dir='ltr'>ἤδη</span> 
     </span>
    </p>
   </div>
   <div class='ocr_carea' id='block_1_33' title="bbox 2198 1456 3765 1535">
    <p class='ocr_par' dir='ltr' id='par_1_33' title="bbox 2198 1456 3765 1535">
     <span class='ocr_line' id='line_1_33' title="bbox 2198 1456 3765 1535; baseline -0.009 -15"><span class='ocrx_word' id='word_1_213' title='bbox 2198 1467 2653 1535; x_wconf 83' lang='grc' dir='ltr'>διατεταγμένων.</span> <span class='ocrx_word' id='word_1_214' title='bbox 2689 1465 2803 1517; x_wconf 80' lang='grc' dir='ltr'><strong>Οὐκ</strong></span> <span class='ocrx_word' id='word_1_215' title='bbox 2847 1464 3120 1533; x_wconf 84' lang='grc' dir='ltr'>ἀγνοήσας</span> <span class='ocrx_word' id='word_1_216' title='bbox 3163 1457 3474 1531; x_wconf 73' lang='grc' dir='ltr'>τοιγαροῦν,</span> <span class='ocrx_word' id='word_1_217' title='bbox 3507 1457 3582 1520; x_wconf 86' lang='grc' dir='ltr'><strong>ὡς</strong></span> <span class='ocrx_word' id='word_1_218' title='bbox 3614 1456 3765 1519; x_wconf 85' lang='grc' dir='ltr'>Θεὸς,</span> 
     </span>
    </p>
   </div>
   <div class='ocr_carea' id='block_1_34' title="bbox 2199 1549 3770 1628">
    <p class='ocr_par' dir='ltr' id='par_1_34' title="bbox 2199 1549 3770 1628">
     <span class='ocr_line' id='line_1_34' title="bbox 2199 1549 3770 1628; baseline -0.008 -17"><span class='ocrx_word' id='word_1_219' title='bbox 2199 1559 2290 1611; x_wconf 86' lang='grc' dir='ltr'><strong>τὸν</strong></span> <span class='ocrx_word' id='word_1_220' title='bbox 2317 1559 2374 1623; x_wconf 78' lang='grc' dir='ltr'>ἐξ</span> <span class='ocrx_word' id='word_1_221' title='bbox 2396 1557 2633 1628; x_wconf 79' lang='grc' dir='ltr'>ἀμαθίας</span> <span class='ocrx_word' id='word_1_222' title='bbox 2664 1555 3140 1624; x_wconf 81' lang='grc' dir='ltr'>ὲπεισπηδήσαντα</span> <span class='ocrx_word' id='word_1_223' title='bbox 3170 1551 3353 1621; x_wconf 76' lang='grc' dir='ltr'>φόϐον,</span> <span class='ocrx_word' id='word_1_224' title='bbox 3386 1550 3464 1602; x_wconf 75' lang='grc' dir='ltr'>ἐνὶ</span> <span class='ocrx_word' id='word_1_225' title='bbox 3511 1549 3605 1601; x_wconf 67' lang='grc' dir='ltr'><strong>καὶ</strong></span> <span class='ocrx_word' id='word_1_226' title='bbox 3635 1549 3770 1599; x_wconf 78' lang='grc' dir='ltr'>ἀπο-</span> 
     </span>
    </p>
   </div>
   <div class='ocr_carea' id='block_1_35' title="bbox 2200 1637 3770 1721">
    <p class='ocr_par' dir='ltr' id='par_1_35' title="bbox 2200 1637 3770 1721">
     <span class='ocr_line' id='line_1_35' title="bbox 2200 1637 3770 1721; baseline -0.009 -19"><span class='ocrx_word' id='word_1_227' title='bbox 2200 1650 2351 1720; x_wconf 85' lang='grc' dir='ltr'>τόμῳ</span> <span class='ocrx_word' id='word_1_228' title='bbox 2381 1649 2726 1721; x_wconf 79' lang='grc' dir='ltr'>χρησάμενος</span> <span class='ocrx_word' id='word_1_229' title='bbox 2754 1644 3020 1715; x_wconf 82' lang='grc' dir='ltr'>λογισμῷ,</span> <span class='ocrx_word' id='word_1_230' title='bbox 3059 1643 3169 1697; x_wconf 91' lang='grc' dir='ltr'><strong>τῶν</strong></span> <span class='ocrx_word' id='word_1_231' title='bbox 3199 1644 3292 1696; x_wconf 77' lang='grc' dir='ltr'><strong>ἐπὶ</strong></span> <span class='ocrx_word' id='word_1_232' title='bbox 3325 1641 3498 1710; x_wconf 83' lang='grc' dir='ltr'>τούτῳ</span> <span class='ocrx_word' id='word_1_233' title='bbox 3526 1637 3770 1709; x_wconf 78' lang='grc' dir='ltr'>θορύϐων</span> 
     </span>
    </p>
   </div>
   <div class='ocr_carea' id='block_1_36' title="bbox 2198 1726 3771 1811">
    <p class='ocr_par' dir='ltr' id='par_1_36' title="bbox 2198 1726 3771 1811">
     <span class='ocr_line' id='line_1_36' title="bbox 2198 1726 3771 1811; baseline -0.007 -19"><span class='ocrx_word' id='word_1_234' title='bbox 2198 1741 2492 1811; x_wconf 79' lang='grc' dir='ltr'>ἐλευθεροῖ,</span> <span class='ocrx_word' id='word_1_235' title='bbox 2523 1740 2618 1794; x_wconf 70' lang='grc' dir='ltr'><strong>καὶ</strong></span> <span class='ocrx_word' id='word_1_236' title='bbox 2641 1738 2738 1809; x_wconf 80' lang='grc' dir='ltr'>τὴν</span> <span class='ocrx_word' id='word_1_237' title='bbox 2771 1738 2868 1807; x_wconf 85' lang='grc' dir='ltr'><strong>μὲν</strong></span> <span class='ocrx_word' id='word_1_238' title='bbox 2895 1735 2986 1789; x_wconf 82' lang='grc' dir='ltr'><strong>διὰ</strong></span> <span class='ocrx_word' id='word_1_239' title='bbox 3017 1735 3261 1795; x_wconf 82' lang='grc' dir='ltr'>Μωσέως</span> <span class='ocrx_word' id='word_1_240' title='bbox 3289 1731 3526 1801; x_wconf 80' lang='grc' dir='ltr'>ἐντολὴν,</span> <span class='ocrx_word' id='word_1_241' title='bbox 3558 1730 3646 1783; x_wconf 79' lang='grc' dir='ltr'>διὰ</span> <span class='ocrx_word' id='word_1_242' title='bbox 3678 1726 3771 1781; x_wconf 81' lang='grc' dir='ltr'><strong>τοῦ</strong></span> 
     </span>
    </p>
   </div>
   <div class='ocr_carea' id='block_1_37' title="bbox 2199 1819 3777 1900">
    <p class='ocr_par' dir='ltr' id='par_1_37' title="bbox 2199 1819 3777 1900">
     <span class='ocr_line' id='line_1_37' title="bbox 2199 1819 3777 1900; baseline -0.01 -13"><span class='ocrx_word' id='word_1_243' title='bbox 2199 1832 2548 1900; x_wconf 78' lang='grc' dir='ltr'>κατακρίνειν</span> <span class='ocrx_word' id='word_1_244' title='bbox 2574 1832 2665 1884; x_wconf 92' lang='grc' dir='ltr'><strong>τὸν</strong></span> <span class='ocrx_word' id='word_1_245' title='bbox 2691 1825 3364 1900; x_wconf 88' lang='grc' dir='ltr'>κόσμον,δυσαχθεστέραν</span> <span class='ocrx_word' id='word_1_246' title='bbox 3391 1819 3556 1876; x_wconf 80' lang='grc' dir='ltr'>οὖσαν</span> <span class='ocrx_word' id='word_1_247' title='bbox 3571 1821 3777 1873; x_wconf 80' lang='grc' dir='ltr'>ἐπιδει-</span> 
     </span>
    </p>
   </div>
   <div class='ocr_carea' id='block_1_38' title="bbox 536 1909 3776 1990">
    <p class='ocr_par' dir='ltr' id='par_1_38' title="bbox 536 1909 3776 1990">
     <span class='ocr_line' id='line_1_38' title="bbox 536 1909 3776 1990; baseline -0.001 -28"><span class='ocrx_word' id='word_1_248' title='bbox 536 1909 722 1972; x_wconf 87' lang='grc' dir='ltr'>κνύει,</span> <span class='ocrx_word' id='word_1_249' title='bbox 771 1910 1104 1982; x_wconf 82' lang='grc' dir='ltr'>ἡμερότητος</span> <span class='ocrx_word' id='word_1_250' title='bbox 1153 1909 1208 1963; x_wconf 82' lang='grc' dir='ltr'>δὲ</span> <span class='ocrx_word' id='word_1_251' title='bbox 1247 1909 1548 1982; x_wconf 77' lang='grc' dir='ltr'>βραϐευτὴν</span> <span class='ocrx_word' id='word_1_252' title='bbox 1592 1913 1783 1965; x_wconf 80' lang='grc' dir='ltr'>ἑαυτὸν</span> <span class='ocrx_word' id='word_1_253' title='bbox 1815 1916 2076 1986; x_wconf 75' lang='grc' dir='ltr'>εἰσφέρει,</span> <span class='ocrx_word' id='word_1_254' title='bbox 2115 1918 2309 1988; x_wconf 71' lang='grc' dir='ltr'>λέγων*</span> <span class='ocrx_word' id='word_1_255' title='bbox 2349 1940 2367 1972; x_wconf 82' lang='grc' dir='ltr'><strong>ι</strong></span> <span class='ocrx_word' id='word_1_256' title='bbox 2399 1922 2471 1973; x_wconf 86' lang='grc' dir='ltr'>Ού</span> <span class='ocrx_word' id='word_1_257' title='bbox 2504 1920 2612 1990; x_wconf 83' lang='grc' dir='ltr'>γὰρ</span> <span class='ocrx_word' id='word_1_258' title='bbox 2654 1917 2972 1972; x_wconf 87' lang='grc' dir='ltr'>ἀπέστειλεν</span> <span class='ocrx_word' id='word_1_259' title='bbox 3005 1913 3185 1976; x_wconf 87' lang='grc' dir='ltr'>όΘεὸς</span> <span class='ocrx_word' id='word_1_260' title='bbox 3215 1913 3304 1965; x_wconf 87' lang='grc' dir='ltr'><strong>τὸν</strong></span> <span class='ocrx_word' id='word_1_261' title='bbox 3376 1911 3495 1964; x_wconf 85' lang='grc' dir='ltr'>Υἱὸν</span> <span class='ocrx_word' id='word_1_262' title='bbox 3539 1911 3617 1972; x_wconf 82' lang='grc' dir='ltr'><strong>εἰς</strong></span> <span class='ocrx_word' id='word_1_263' title='bbox 3681 1909 3776 1961; x_wconf 89' lang='grc' dir='ltr'><strong>τὸν</strong></span> 
     </span>
    </p>
   </div>
   <div class='ocr_carea' id='block_1_39' title="bbox 538 2000 3886 2079">
    <p class='ocr_par' dir='ltr' id='par_1_39' title="bbox 538 2000 3886 2079">
     <span class='ocr_line' id='line_1_39' title="bbox 538 2000 3886 2079; baseline 0.004 -26"><span class='ocrx_word' id='word_1_264' title='bbox 538 2001 760 2069; x_wconf 85' lang='grc' dir='ltr'>κόσμον,</span> <span class='ocrx_word' id='word_1_265' title='bbox 798 2001 882 2052; x_wconf 84' lang='grc' dir='ltr'><strong>ἴνα</strong></span> <span class='ocrx_word' id='word_1_266' title='bbox 916 2000 1078 2072; x_wconf 83' lang='grc' dir='ltr'>κρίνῃ</span> <span class='ocrx_word' id='word_1_267' title='bbox 1125 2000 1217 2052; x_wconf 89' lang='grc' dir='ltr'><strong>τὸν</strong></span> <span class='ocrx_word' id='word_1_268' title='bbox 1247 2000 1472 2070; x_wconf 91' lang='grc' dir='ltr'>κόσμον,</span> <span class='ocrx_word' id='word_1_269' title='bbox 1505 2001 1619 2054; x_wconf 85' lang='grc' dir='ltr'>ἀλλ’</span> <span class='ocrx_word' id='word_1_270' title='bbox 1653 2003 1739 2056; x_wconf 80' lang='grc' dir='ltr'>ἵνα</span> <span class='ocrx_word' id='word_1_271' title='bbox 1769 2004 1913 2074; x_wconf 82' lang='grc' dir='ltr'>σωθῇ</span> <span class='ocrx_word' id='word_1_272' title='bbox 1948 2008 1975 2057; x_wconf 89' lang='grc' dir='ltr'>ὁ</span> <span class='ocrx_word' id='word_1_273' title='bbox 2013 2007 2218 2079; x_wconf 86' lang='grc' dir='ltr'>κόσμος</span> <span class='ocrx_word' id='word_1_274' title='bbox 2254 2009 2321 2062; x_wconf 86' lang='grc' dir='ltr'>δι’</span> <span class='ocrx_word' id='word_1_275' title='bbox 2347 2008 2536 2063; x_wconf 80' lang='grc' dir='ltr'>αὐτοῦ.</span> <span class='ocrx_word' id='word_1_276' title='bbox 2584 2027 2603 2060; x_wconf 70' lang='grc' dir='ltr'><strong>ι</strong></span> <span class='ocrx_word' id='word_1_277' title='bbox 3881 2007 3886 2011; x_wconf 66' lang='grc'><em>’</em></span> 
     </span>
    </p>
   </div>
   <div class='ocr_carea' id='block_1_40' title="bbox 608 2088 2102 2166">
    <p class='ocr_par' dir='ltr' id='par_1_40' title="bbox 608 2088 2102 2166">
     <span class='ocr_line' id='line_1_40' title="bbox 608 2088 2102 2166; baseline 0.005 -24"><span class='ocrx_word' id='word_1_278' title='bbox 608 2089 694 2150; x_wconf 91' lang='lat' dir='ltr'><strong>lll,</strong></span> <span class='ocrx_word' id='word_1_279' title='bbox 722 2088 808 2142; x_wconf 75' lang='grc'><strong>18.</strong></span> <span class='ocrx_word' id='word_1_280' title='bbox 859 2089 964 2154; x_wconf 84' lang='lat' dir='ltr'><strong>Qui</strong></span> <span class='ocrx_word' id='word_1_281' title='bbox 1005 2088 1166 2142; x_wconf 80' lang='lat' dir='ltr'><strong>credit</strong></span> <span class='ocrx_word' id='word_1_282' title='bbox 1195 2090 1251 2142; x_wconf 86' lang='lat' dir='ltr'><strong>in</strong></span> <span class='ocrx_word' id='word_1_283' title='bbox 1287 2088 1489 2143; x_wconf 82' lang='lat' dir='ltr'><strong>Filium</strong></span> <span class='ocrx_word' id='word_1_284' title='bbox 1517 2108 1618 2145; x_wconf 84' lang='lat' dir='ltr'><strong>non</strong></span> <span class='ocrx_word' id='word_1_285' title='bbox 1645 2093 1930 2161; x_wconf 80' lang='lat' dir='ltr'><strong>judicatur</strong></span> <span class='ocrx_word' id='word_1_286' title='bbox 1953 2111 1971 2147; x_wconf 90' lang='lat'><strong><em>:</em></strong></span> <span class='ocrx_word' id='word_1_287' title='bbox 2013 2099 2102 2166; x_wconf 85' lang='lat' dir='ltr'><strong>qui</strong></span> 
     </span>
    </p>
   </div>
   <div class='ocr_carea' id='block_1_41' title="bbox 539 2180 2100 2254">
    <p class='ocr_par' dir='ltr' id='par_1_41' title="bbox 539 2180 2100 2254">
     <span class='ocr_line' id='line_1_41' title="bbox 539 2180 2100 2254; baseline 0.004 -20"><span class='ocrx_word' id='word_1_288' title='bbox 539 2190 712 2234; x_wconf 82' lang='lat' dir='ltr'><strong>autem</strong></span> <span class='ocrx_word' id='word_1_289' title='bbox 746 2198 846 2234; x_wconf 85' lang='lat' dir='ltr'><strong>non</strong></span> <span class='ocrx_word' id='word_1_290' title='bbox 875 2180 1061 2244; x_wconf 83' lang='lat' dir='ltr'><strong>credit,</strong></span> <span class='ocrx_word' id='word_1_291' title='bbox 1093 2181 1210 2250; x_wconf 83' lang='lat' dir='ltr'><strong>jam</strong></span> <span class='ocrx_word' id='word_1_292' title='bbox 1241 2181 1517 2249; x_wconf 82' lang='lat' dir='ltr'><strong>judicatus</strong></span> <span class='ocrx_word' id='word_1_293' title='bbox 1555 2193 1652 2248; x_wconf 83' lang='lat' dir='ltr'><strong>est,</strong></span> <span class='ocrx_word' id='word_1_294' title='bbox 1691 2185 1814 2254; x_wconf 83' lang='lat' dir='ltr'><strong>quia</strong></span> <span class='ocrx_word' id='word_1_295' title='bbox 1845 2203 1949 2240; x_wconf 85' lang='lat' dir='ltr'><strong>non</strong></span> <span class='ocrx_word' id='word_1_296' title='bbox 1986 2204 2100 2241; x_wconf 91' lang='lat' dir='ltr'><strong>cre-</strong></span> 
     </span>
    </p>
   </div>
   <div class='ocr_carea' id='block_1_42' title="bbox 536 2273 1602 2342">
    <p class='ocr_par' dir='ltr' id='par_1_42' title="bbox 536 2273 1602 2342">
     <span class='ocr_line' id='line_1_42' title="bbox 536 2273 1602 2342; baseline 0.005 -18"><span class='ocrx_word' id='word_1_297' title='bbox 536 2273 674 2325; x_wconf 83' lang='lat' dir='ltr'><strong>didit</strong></span> <span class='ocrx_word' id='word_1_298' title='bbox 710 2274 762 2326; x_wconf 89' lang='lat' dir='ltr'><strong>in</strong></span> <span class='ocrx_word' id='word_1_299' title='bbox 793 2273 1000 2326; x_wconf 87' lang='lat' dir='ltr'><strong>nomine</strong></span> <span class='ocrx_word' id='word_1_300' title='bbox 1028 2275 1285 2342; x_wconf 82' lang='lat' dir='ltr'><strong>unigeniti</strong></span> <span class='ocrx_word' id='word_1_301' title='bbox 1323 2273 1456 2327; x_wconf 83' lang='lat' dir='ltr'><strong>Filii</strong></span> <span class='ocrx_word' id='word_1_302' title='bbox 1485 2275 1602 2329; x_wconf 85' lang='lat' dir='ltr'><strong>Dei.</strong></span> 
     </span>
    </p>
   </div>
   <div class='ocr_carea' id='block_1_43' title="bbox 609 2361 2103 2435">
    <p class='ocr_par' dir='ltr' id='par_1_43' title="bbox 609 2361 2103 2435">
     <span class='ocr_line' id='line_1_43' title="bbox 609 2361 2103 2435; baseline 0.006 -21"><span class='ocrx_word' id='word_1_303' title='bbox 609 2361 906 2432; x_wconf 81' lang='lat' dir='ltr'><strong>Postquam</strong></span> <span class='ocrx_word' id='word_1_304' title='bbox 951 2362 1116 2416; x_wconf 87' lang='lat' dir='ltr'><strong>rebus</strong></span> <span class='ocrx_word' id='word_1_305' title='bbox 1150 2364 1284 2432; x_wconf 91' lang='lat' dir='ltr'><strong>ipsis</strong></span> <span class='ocrx_word' id='word_1_306' title='bbox 1318 2364 1573 2435; x_wconf 87' lang='lat' dir='ltr'><strong>probavit</strong></span> <span class='ocrx_word' id='word_1_307' title='bbox 1613 2381 1672 2420; x_wconf 89' lang='lat' dir='ltr'><strong>se</strong></span> <span class='ocrx_word' id='word_1_308' title='bbox 1709 2365 1799 2420; x_wconf 89' lang='lat' dir='ltr'><strong>Dei</strong></span> <span class='ocrx_word' id='word_1_309' title='bbox 1827 2381 1891 2421; x_wconf 90' lang='lat' dir='ltr'><strong>ac</strong></span> <span class='ocrx_word' id='word_1_310' title='bbox 1923 2367 2103 2424; x_wconf 86' lang='lat' dir='ltr'><strong>Patris</strong></span> 
     </span>
    </p>
   </div>
   <div class='ocr_carea' id='block_1_44' title="bbox 537 2451 2102 2528">
    <p class='ocr_par' dir='ltr' id='par_1_44' title="bbox 537 2451 2102 2528">
     <span class='ocr_line' id='line_1_44' title="bbox 537 2451 2102 2528; baseline 0.004 -22"><span class='ocrx_word' id='word_1_311' title='bbox 537 2452 735 2507; x_wconf 89' lang='lat' dir='ltr'><strong>Filium</strong></span> <span class='ocrx_word' id='word_1_312' title='bbox 768 2455 1055 2517; x_wconf 82' lang='lat' dir='ltr'><strong>exsistere,</strong></span> <span class='ocrx_word' id='word_1_313' title='bbox 1085 2463 1139 2509; x_wconf 90' lang='lat' dir='ltr'><strong>et</strong></span> <span class='ocrx_word' id='word_1_314' title='bbox 1175 2451 1378 2524; x_wconf 60' lang='grc' dir='ltr'><strong>Μηδὶς</strong></span> <span class='ocrx_word' id='word_1_315' title='bbox 1407 2456 1713 2512; x_wconf 88' lang='lat' dir='ltr'><strong>ministerio</strong></span> <span class='ocrx_word' id='word_1_316' title='bbox 1740 2460 2102 2528; x_wconf 66' lang='lat' dir='ltr'><strong>pra‘stabilio-</strong></span> 
     </span>
    </p>
   </div>
   <div class='ocr_carea' id='block_1_45' title="bbox 540 2543 2104 2618">
    <p class='ocr_par' dir='ltr' id='par_1_45' title="bbox 540 2543 2104 2618">
     <span class='ocr_line' id='line_1_45' title="bbox 540 2543 2104 2618; baseline 0.005 -22"><span class='ocrx_word' id='word_1_317' title='bbox 540 2557 654 2596; x_wconf 82' lang='lat' dir='ltr'><strong>rem</strong></span> <span class='ocrx_word' id='word_1_318' title='bbox 688 2543 890 2596; x_wconf 89' lang='lat' dir='ltr'><strong>mundo</strong></span> <span class='ocrx_word' id='word_1_319' title='bbox 919 2543 1148 2613; x_wconf 76' lang='lat' dir='ltr'><strong>gratiam</strong></span> <span class='ocrx_word' id='word_1_320' title='bbox 1185 2544 1462 2610; x_wconf 90' lang='lat' dir='ltr'><strong>invehere,</strong></span> <span class='ocrx_word' id='word_1_321' title='bbox 1503 2546 1618 2616; x_wconf 94' lang='lat' dir='ltr'><strong>(qui</strong></span> <span class='ocrx_word' id='word_1_322' title='bbox 1646 2549 1791 2602; x_wconf 91' lang='lat' dir='ltr'><strong>enim</strong></span> <span class='ocrx_word' id='word_1_323' title='bbox 1819 2551 2104 2618; x_wconf 62' lang='lat' dir='ltr'><strong>praestabi-</strong></span> 
     </span>
    </p>
   </div>
   <div class='ocr_carea' id='block_1_46' title="bbox 538 2631 2107 2706">
    <p class='ocr_par' dir='ltr' id='par_1_46' title="bbox 538 2631 2107 2706">
     <span class='ocr_line' id='line_1_46' title="bbox 538 2631 2107 2706; baseline 0.005 -21"><span class='ocrx_word' id='word_1_324' title='bbox 538 2631 646 2686; x_wconf 87' lang='lat' dir='ltr'><strong>lius</strong></span> <span class='ocrx_word' id='word_1_325' title='bbox 675 2647 780 2686; x_wconf 89' lang='lat' dir='ltr'><strong>non</strong></span> <span class='ocrx_word' id='word_1_326' title='bbox 820 2640 904 2687; x_wconf 90' lang='lat' dir='ltr'><strong>est</strong></span> <span class='ocrx_word' id='word_1_327' title='bbox 933 2631 1222 2700; x_wconf 80' lang='lat' dir='ltr'><strong>justiﬁcari</strong></span> <span class='ocrx_word' id='word_1_328' title='bbox 1263 2643 1460 2703; x_wconf 87' lang='lat' dir='ltr'><strong>gratta,</strong></span> <span class='ocrx_word' id='word_1_329' title='bbox 1496 2651 1658 2704; x_wconf 92' lang='lat' dir='ltr'><strong>quam</strong></span> <span class='ocrx_word' id='word_1_330' title='bbox 1693 2637 1809 2706; x_wconf 85' lang='lat' dir='ltr'><strong>lege</strong></span> <span class='ocrx_word' id='word_1_331' title='bbox 1844 2640 2107 2693; x_wconf 82' lang='lat' dir='ltr'><strong>condem-</strong></span> 
     </span>
    </p>
   </div>
   <div class='ocr_carea' id='block_1_47' title="bbox 540 2725 2107 2802">
    <p class='ocr_par' dir='ltr' id='par_1_47' title="bbox 540 2725 2107 2802">
     <span class='ocr_line' id='line_1_47' title="bbox 540 2725 2107 2802; baseline 0.006 -24"><span class='ocrx_word' id='word_1_332' title='bbox 540 2725 731 2795; x_wconf 86' lang='lat' dir='ltr'><strong>uari?)</strong></span> <span class='ocrx_word' id='word_1_333' title='bbox 763 2727 924 2780; x_wconf 90' lang='lat' dir='ltr'><strong>aliam</strong></span> <span class='ocrx_word' id='word_1_334' title='bbox 969 2729 1239 2782; x_wconf 91' lang='lat' dir='ltr'><strong>rationem</strong></span> <span class='ocrx_word' id='word_1_335' title='bbox 1275 2729 1550 2798; x_wconf 74' lang='lat' dir='ltr'><strong>excogitat</strong></span> <span class='ocrx_word' id='word_1_336' title='bbox 1592 2741 1648 2783; x_wconf 91' lang='lat' dir='ltr'><strong>ut</strong></span> <span class='ocrx_word' id='word_1_337' title='bbox 1676 2729 1837 2797; x_wconf 90' lang='lat' dir='ltr'><strong>Deus,</strong></span> <span class='ocrx_word' id='word_1_338' title='bbox 1873 2747 1979 2802; x_wconf 86' lang='lat' dir='ltr'><strong>qua</strong></span> <span class='ocrx_word' id='word_1_339' title='bbox 2013 2733 2107 2787; x_wconf 90' lang='lat' dir='ltr'><strong>de-</strong></span> 
     </span>
    </p>
   </div>
   <div class='ocr_carea' id='block_1_48' title="bbox 539 2818 2107 2894">
    <p class='ocr_par' dir='ltr' id='par_1_48' title="bbox 539 2818 2107 2894">
     <span class='ocr_line' id='line_1_48' title="bbox 539 2818 2107 2894; baseline 0.004 -21"><span class='ocrx_word' id='word_1_340' title='bbox 539 2821 807 2874; x_wconf 87' lang='lat' dir='ltr'><strong>ducamur</strong></span> <span class='ocrx_word' id='word_1_341' title='bbox 857 2818 925 2872; x_wconf 90' lang='lat' dir='ltr'><strong>ad</strong></span> <span class='ocrx_word' id='word_1_342' title='bbox 976 2819 1170 2889; x_wconf 83' lang='lat' dir='ltr'><strong>ﬁdem,</strong></span> <span class='ocrx_word' id='word_1_343' title='bbox 1218 2830 1488 2891; x_wconf 83' lang='lat' dir='ltr'><strong>quotquot</strong></span> <span class='ocrx_word' id='word_1_344' title='bbox 1540 2823 1821 2892; x_wconf 86' lang='lat' dir='ltr'><strong>perierant</strong></span> <span class='ocrx_word' id='word_1_345' title='bbox 1865 2825 2107 2894; x_wconf 89' lang='lat' dir='ltr'><strong>undique</strong></span> 
     </span>
    </p>
   </div>
   <div class='ocr_carea' id='block_1_49' title="bbox 539 2911 2106 2984">
    <p class='ocr_par' dir='ltr' id='par_1_49' title="bbox 539 2911 2106 2984">
     <span class='ocr_line' id='line_1_49' title="bbox 539 2911 2106 2984; baseline 0.003 -20"><span class='ocrx_word' id='word_1_346' title='bbox 539 2926 878 2981; x_wconf 75' lang='lat' dir='ltr'><strong>congregans</strong></span> <span class='ocrx_word' id='word_1_347' title='bbox 913 2911 981 2965; x_wconf 92' lang='lat' dir='ltr'><strong>ad</strong></span> <span class='ocrx_word' id='word_1_348' title='bbox 1018 2912 1270 2966; x_wconf 88' lang='lat' dir='ltr'><strong>salutem.</strong></span> <span class='ocrx_word' id='word_1_349' title='bbox 1323 2912 1585 2980; x_wconf 88' lang='lat' dir='ltr'><strong>Proponit</strong></span> <span class='ocrx_word' id='word_1_350' title='bbox 1630 2914 1795 2982; x_wconf 83' lang='lat' dir='ltr'><strong>igitur</strong></span> <span class='ocrx_word' id='word_1_351' title='bbox 1826 2914 1932 2968; x_wconf 90' lang='lat' dir='ltr'><strong>hoc</strong></span> <span class='ocrx_word' id='word_1_352' title='bbox 1967 2931 2106 2984; x_wconf 68' lang='lat' dir='ltr'><strong>prae-</strong></span> 
     </span>
    </p>
   </div>
   <div class='ocr_carea' id='block_1_50' title="bbox 538 3004 2101 3076">
    <p class='ocr_par' dir='ltr' id='par_1_50' title="bbox 538 3004 2101 3076">
     <span class='ocr_line' id='line_1_50' title="bbox 538 3004 2101 3076; baseline 0.003 -20"><span class='ocrx_word' id='word_1_353' title='bbox 538 3005 707 3057; x_wconf 89' lang='lat' dir='ltr'><strong>mium</strong></span> <span class='ocrx_word' id='word_1_354' title='bbox 757 3004 1021 3067; x_wconf 85' lang='lat' dir='ltr'><strong>credenti,</strong></span> <span class='ocrx_word' id='word_1_355' title='bbox 1052 3004 1196 3073; x_wconf 92' lang='lat' dir='ltr'><strong>quod</strong></span> <span class='ocrx_word' id='word_1_356' title='bbox 1230 3019 1336 3057; x_wconf 91' lang='lat' dir='ltr'><strong>non</strong></span> <span class='ocrx_word' id='word_1_357' title='bbox 1384 3005 1666 3060; x_wconf 88' lang='lat' dir='ltr'><strong>vocandus</strong></span> <span class='ocrx_word' id='word_1_358' title='bbox 1719 3005 1794 3059; x_wconf 87' lang='lat' dir='ltr'><strong>sit</strong></span> <span class='ocrx_word' id='word_1_359' title='bbox 1835 3006 1902 3059; x_wconf 92' lang='lat' dir='ltr'><strong>ad</strong></span> <span class='ocrx_word' id='word_1_360' title='bbox 1954 3006 2101 3076; x_wconf 87' lang='lat' dir='ltr'><strong>judi-</strong></span> 
     </span>
    </p>
   </div>
   <div class='ocr_carea' id='block_1_51' title="bbox 2289 2086 3779 2162">
    <p class='ocr_par' dir='ltr' id='par_1_51' title="bbox 2289 2086 3779 2162">
     <span class='ocr_line' id='line_1_51' title="bbox 2289 2086 3779 2162; baseline -0.004 -9"><span class='ocrx_word' id='word_1_361' title='bbox 2289 2101 2350 2153; x_wconf 84' lang='grc' dir='ltr'><strong>Ὀ</strong></span> <span class='ocrx_word' id='word_1_362' title='bbox 2393 2099 2690 2152; x_wconf 79' lang='grc' dir='ltr'>πιστεύων</span> <span class='ocrx_word' id='word_1_363' title='bbox 2732 2099 2820 2162; x_wconf 84' lang='grc' dir='ltr'><strong>εἰς</strong></span> <span class='ocrx_word' id='word_1_364' title='bbox 2857 2095 2962 2148; x_wconf 80' lang='grc' dir='ltr'>τὸν</span> <span class='ocrx_word' id='word_1_365' title='bbox 3001 2094 3138 2147; x_wconf 81' lang='grc' dir='ltr'>Υἰὸν</span> <span class='ocrx_word' id='word_1_366' title='bbox 3173 2095 3246 2146; x_wconf 88' lang='grc' dir='ltr'>οὺ</span> <span class='ocrx_word' id='word_1_367' title='bbox 3294 2092 3553 2160; x_wconf 78' lang='grc' dir='ltr'>κρίνεται</span> <span class='ocrx_word' id='word_1_368' title='bbox 3577 2107 3590 2122; x_wconf 79' lang='grc'><strong><em>⁸</em></strong></span> <span class='ocrx_word' id='word_1_369' title='bbox 3628 2093 3660 2146; x_wconf 82' lang='grc' dir='ltr'><em>ὁ</em></span> <span class='ocrx_word' id='word_1_370' title='bbox 3706 2086 3779 2147; x_wconf 58' lang='grc' dir='ltr'>δὲ</span> 
     </span>
    </p>
   </div>
   <div class='ocr_carea' id='block_1_52' title="bbox 2201 2184 3779 2259">
    <p class='ocr_par' dir='ltr' id='par_1_52' title="bbox 2201 2184 3779 2259">
     <span class='ocr_line' id='line_1_52' title="bbox 2201 2184 3779 2259; baseline -0.003 -15"><span class='ocrx_word' id='word_1_371' title='bbox 2201 2192 2286 2259; x_wconf 78' lang='grc' dir='ltr'>μὴ</span> <span class='ocrx_word' id='word_1_372' title='bbox 2325 2191 2642 2253; x_wconf 80' lang='grc' dir='ltr'>πιστεύων,</span> <span class='ocrx_word' id='word_1_373' title='bbox 2678 2187 2794 2256; x_wconf 80' lang='grc' dir='ltr'><strong>ἤδη</strong></span> <span class='ocrx_word' id='word_1_374' title='bbox 2835 2186 3110 2254; x_wconf 77' lang='grc' dir='ltr'>κέκριται,</span> <span class='ocrx_word' id='word_1_375' title='bbox 3140 2185 3226 2237; x_wconf 81' lang='grc' dir='ltr'>ὅτι</span> <span class='ocrx_word' id='word_1_376' title='bbox 3252 2184 3336 2254; x_wconf 82' lang='grc' dir='ltr'><strong>μὴ</strong></span> <span class='ocrx_word' id='word_1_377' title='bbox 3374 2185 3779 2240; x_wconf 78' lang='grc' dir='ltr'>πεπίστευκεν</span> 
     </span>
    </p>
   </div>
   <div class='ocr_carea' id='block_1_53' title="bbox 2205 2274 3648 2347">
    <p class='ocr_par' dir='ltr' id='par_1_53' title="bbox 2205 2274 3648 2347">
     <span class='ocr_line' id='line_1_53' title="bbox 2205 2274 3648 2347; baseline -0.006 -14"><span class='ocrx_word' id='word_1_378' title='bbox 2205 2283 2290 2346; x_wconf 86' lang='grc' dir='ltr'><strong>εἰς</strong></span> <span class='ocrx_word' id='word_1_379' title='bbox 2321 2280 2384 2333; x_wconf 86' lang='grc' dir='ltr'><strong>τὸ</strong></span> <span class='ocrx_word' id='word_1_380' title='bbox 2411 2279 2598 2347; x_wconf 82' lang='grc' dir='ltr'>ὄνομα</span> <span class='ocrx_word' id='word_1_381' title='bbox 2634 2279 2738 2332; x_wconf 87' lang='grc' dir='ltr'><strong>τοῦ</strong></span> <span class='ocrx_word' id='word_1_382' title='bbox 2765 2274 3132 2346; x_wconf 67' lang='grc' dir='ltr'>μονογενοῦς</span> <span class='ocrx_word' id='word_1_383' title='bbox 3175 2274 3309 2327; x_wconf 78' lang='grc' dir='ltr'>Υἱοῦ</span> <span class='ocrx_word' id='word_1_384' title='bbox 3340 2274 3447 2326; x_wconf 85' lang='grc' dir='ltr'><strong>τοῦ</strong></span> <span class='ocrx_word' id='word_1_385' title='bbox 3481 2274 3648 2327; x_wconf 86' lang='grc' dir='ltr'>Θεοῦ.</span> 
     </span>
    </p>
   </div>
   <div class='ocr_carea' id='block_1_54' title="bbox 2275 2364 3778 2441">
    <p class='ocr_par' dir='ltr' id='par_1_54' title="bbox 2275 2364 3778 2441">
     <span class='ocr_line' id='line_1_54' title="bbox 2275 2364 3778 2441; baseline -0.005 -18"><span class='ocrx_word' id='word_1_386' title='bbox 2275 2373 2387 2440; x_wconf 87' lang='grc' dir='ltr'>Πλη</span> <span class='ocrx_word' id='word_1_387' title='bbox 2399 2371 2701 2441; x_wconf 80' lang='grc' dir='ltr'>ροφορήσας</span> <span class='ocrx_word' id='word_1_388' title='bbox 2734 2368 2822 2422; x_wconf 83' lang='grc' dir='ltr'>διὰ</span> <span class='ocrx_word' id='word_1_389' title='bbox 2850 2366 3207 2438; x_wconf 86' lang='grc' dir='ltr'>πραγμάτων,</span> <span class='ocrx_word' id='word_1_390' title='bbox 3231 2367 3312 2418; x_wconf 83' lang='grc' dir='ltr'><strong>ὅτι</strong></span> <span class='ocrx_word' id='word_1_391' title='bbox 3341 2365 3432 2418; x_wconf 74' lang='grc' dir='ltr'><strong>καὶ</strong></span> <span class='ocrx_word' id='word_1_392' title='bbox 3452 2365 3579 2426; x_wconf 86' lang='grc' dir='ltr'>Υἱὸς</span> <span class='ocrx_word' id='word_1_393' title='bbox 3605 2364 3778 2434; x_wconf 82' lang='grc' dir='ltr'>ὑπάρ-</span> 
     </span>
    </p>
   </div>
   <div class='ocr_carea' id='block_1_55' title="bbox 2203 2450 3777 2529">
    <p class='ocr_par' dir='ltr' id='par_1_55' title="bbox 2203 2450 3777 2529">
     <span class='ocr_line' id='line_1_55' title="bbox 2203 2450 3777 2529; baseline -0.006 -19"><span class='ocrx_word' id='word_1_394' title='bbox 2203 2477 2286 2529; x_wconf 85' lang='grc' dir='ltr'>χει</span> <span class='ocrx_word' id='word_1_395' title='bbox 2315 2450 2416 2512; x_wconf 78' lang='grc' dir='ltr'><strong>τοῦ¹</strong></span> <span class='ocrx_word' id='word_1_396' title='bbox 2435 2459 2569 2510; x_wconf 78' lang='grc' dir='ltr'>θεοῦ</span> <span class='ocrx_word' id='word_1_397' title='bbox 2601 2458 2694 2510; x_wconf 80' lang='grc' dir='ltr'><strong>καὶ</strong></span> <span class='ocrx_word' id='word_1_398' title='bbox 2725 2455 2958 2524; x_wconf 89' lang='grc' dir='ltr'>Πατρὸς,</span> <span class='ocrx_word' id='word_1_399' title='bbox 2991 2454 3203 2522; x_wconf 75' lang='grc' dir='ltr'>καὶτῆς</span> <span class='ocrx_word' id='word_1_400' title='bbox 3229 2450 3470 2513; x_wconf 84' lang='grc' dir='ltr'>Μωσέως</span> <span class='ocrx_word' id='word_1_401' title='bbox 3495 2450 3777 2512; x_wconf 85' lang='grc' dir='ltr'>διακονίας</span> 
     </span>
    </p>
   </div>
   <div class='ocr_carea' id='block_1_56' title="bbox 2207 2539 3777 2618">
    <p class='ocr_par' dir='ltr' id='par_1_56' title="bbox 2207 2539 3777 2618">
     <span class='ocr_line' id='line_1_56' title="bbox 2207 2539 3777 2618; baseline -0.009 -12"><span class='ocrx_word' id='word_1_402' title='bbox 2207 2551 2635 2618; x_wconf 78' lang='grc' dir='ltr'>ἀξιολογωτέραν</span> <span class='ocrx_word' id='word_1_403' title='bbox 2668 2548 2908 2616; x_wconf 79' lang='grc' dir='ltr'>εἰσφέρει</span> <span class='ocrx_word' id='word_1_404' title='bbox 2936 2545 3013 2615; x_wconf 86' lang='grc' dir='ltr'><strong>τῷ</strong></span> <span class='ocrx_word' id='word_1_405' title='bbox 3043 2544 3232 2614; x_wconf 85' lang='grc' dir='ltr'>κόσμῳ</span> <span class='ocrx_word' id='word_1_406' title='bbox 3269 2544 3367 2612; x_wconf 82' lang='grc' dir='ltr'>τὴν</span> <span class='ocrx_word' id='word_1_407' title='bbox 3412 2542 3604 2611; x_wconf 82' lang='grc' dir='ltr'>χάριν,</span> <span class='ocrx_word' id='word_1_408' title='bbox 3635 2539 3777 2610; x_wconf 84' lang='grc' dir='ltr'>(πῶς</span> 
     </span>
    </p>
   </div>
   <div class='ocr_carea' id='block_1_57' title="bbox 2205 2632 3779 2718">
    <p class='ocr_par' dir='ltr' id='par_1_57' title="bbox 2205 2632 3779 2718">
     <span class='ocr_line' id='line_1_57' title="bbox 2205 2632 3779 2718; baseline -0.01 -19"><span class='ocrx_word' id='word_1_409' title='bbox 2205 2647 2313 2718; x_wconf 84' lang='grc' dir='ltr'>γὰρ</span> <span class='ocrx_word' id='word_1_410' title='bbox 2332 2647 2430 2698; x_wconf 79' lang='grc' dir='ltr'><strong>οὐκ</strong></span> <span class='ocrx_word' id='word_1_411' title='bbox 2451 2645 2672 2714; x_wconf 80' lang='grc' dir='ltr'>ἄμεινον</span> <span class='ocrx_word' id='word_1_412' title='bbox 2700 2641 2790 2694; x_wconf 88' lang='grc' dir='ltr'><strong>τοῦ</strong></span> <span class='ocrx_word' id='word_1_413' title='bbox 2817 2638 3236 2710; x_wconf 82' lang='grc' dir='ltr'>κατακρίνεσθαι</span> <span class='ocrx_word' id='word_1_414' title='bbox 3262 2636 3432 2705; x_wconf 85' lang='grc' dir='ltr'>νόμῳ,</span> <span class='ocrx_word' id='word_1_415' title='bbox 3460 2634 3520 2686; x_wconf 87' lang='grc' dir='ltr'><strong>τὸ</strong></span> <span class='ocrx_word' id='word_1_416' title='bbox 3539 2632 3779 2686; x_wconf 84' lang='grc' dir='ltr'>δικαιοῦ-</span> 
     </span>
    </p>
   </div>
   <div class='ocr_carea' id='block_1_58' title="bbox 2207 2722 3778 2806">
    <p class='ocr_par' dir='ltr' id='par_1_58' title="bbox 2207 2722 3778 2806">
     <span class='ocr_line' id='line_1_58' title="bbox 2207 2722 3778 2806; baseline -0.01 -17"><span class='ocrx_word' id='word_1_417' title='bbox 2207 2736 2329 2789; x_wconf 87' lang='grc' dir='ltr'>σθαι</span> <span class='ocrx_word' id='word_1_418' title='bbox 2363 2733 2851 2806; x_wconf 85' lang='grc' dir='ltr'>χάριτι;)τρόπον</span> <span class='ocrx_word' id='word_1_419' title='bbox 2893 2733 3023 2801; x_wconf 81' lang='grc' dir='ltr'>ἡμῖν</span> <span class='ocrx_word' id='word_1_420' title='bbox 3077 2729 3265 2799; x_wconf 79' lang='grc' dir='ltr'>ἓτερον</span> <span class='ocrx_word' id='word_1_421' title='bbox 3319 2724 3612 2794; x_wconf 75' lang='grc' dir='ltr'>ἐπενόησεν</span> <span class='ocrx_word' id='word_1_422' title='bbox 3638 2765 3652 2789; x_wconf 95' lang='grc'><strong>,</strong></span> <span class='ocrx_word' id='word_1_423' title='bbox 3699 2722 3778 2786; x_wconf 82' lang='grc' dir='ltr'>ὡς</span> 
     </span>
    </p>
   </div>
   <div class='ocr_carea' id='block_1_59' title="bbox 2207 2816 3773 2892">
    <p class='ocr_par' dir='ltr' id='par_1_59' title="bbox 2207 2816 3773 2892">
     <span class='ocr_line' id='line_1_59' title="bbox 2207 2816 3773 2892; baseline -0.01 -10"><span class='ocrx_word' id='word_1_424' title='bbox 2207 2829 2360 2892; x_wconf 85' lang='grc' dir='ltr'>Θεὸς,</span> <span class='ocrx_word' id='word_1_425' title='bbox 2390 2835 2469 2892; x_wconf 79' lang='grc' dir='ltr'><strong>εἰς</strong></span> <span class='ocrx_word' id='word_1_426' title='bbox 2507 2827 2688 2880; x_wconf 85' lang='grc' dir='ltr'>πίστιν</span> <span class='ocrx_word' id='word_1_427' title='bbox 2711 2822 3017 2891; x_wconf 75' lang='grc' dir='ltr'>ἐπαγωγὸν,</span> <span class='ocrx_word' id='word_1_428' title='bbox 3049 2819 3383 2890; x_wconf 83' lang='grc' dir='ltr'>πανταχόθεν</span> <span class='ocrx_word' id='word_1_429' title='bbox 3400 2819 3530 2879; x_wconf 79' lang='grc' dir='ltr'>τοὺς</span> <span class='ocrx_word' id='word_1_430' title='bbox 3551 2816 3773 2869; x_wconf 87' lang='grc' dir='ltr'>ἀπολω-</span> 
     </span>
    </p>
   </div>
   <div class='ocr_carea' id='block_1_60' title="bbox 2206 2907 3778 2982">
    <p class='ocr_par' dir='ltr' id='par_1_60' title="bbox 2206 2907 3778 2982">
     <span class='ocr_line' id='line_1_60' title="bbox 2206 2907 3778 2982; baseline -0.009 -8"><span class='ocrx_word' id='word_1_431' title='bbox 2206 2922 2364 2981; x_wconf 86' lang='grc' dir='ltr'>λότας</span> <span class='ocrx_word' id='word_1_432' title='bbox 2395 2917 2734 2972; x_wconf 82' lang='grc' dir='ltr'>συνελαύνων</span> <span class='ocrx_word' id='word_1_433' title='bbox 2778 2918 2857 2977; x_wconf 89' lang='grc' dir='ltr'><strong>εἰς</strong></span> <span class='ocrx_word' id='word_1_434' title='bbox 2910 2912 3180 2982; x_wconf 86' lang='grc' dir='ltr'>σωτηρίαν</span> <span class='ocrx_word' id='word_1_435' title='bbox 3205 2927 3218 2941; x_wconf 76' lang='grc'>⁸</span> <span class='ocrx_word' id='word_1_436' title='bbox 3261 2909 3548 2981; x_wconf 83' lang='grc' dir='ltr'>προτίθησι</span> <span class='ocrx_word' id='word_1_437' title='bbox 3593 2907 3778 2961; x_wconf 87' lang='grc' dir='ltr'>τοίνυν</span> 
     </span>
    </p>
   </div>
   <div class='ocr_carea' id='block_1_61' title="bbox 2203 2998 3776 3077">
    <p class='ocr_par' dir='ltr' id='par_1_61' title="bbox 2203 2998 3776 3077">
     <span class='ocr_line' id='line_1_61' title="bbox 2203 2998 3776 3077; baseline -0.006 -18"><span class='ocrx_word' id='word_1_438' title='bbox 2203 3007 2282 3077; x_wconf 81' lang='grc' dir='ltr'>τῷ</span> <span class='ocrx_word' id='word_1_439' title='bbox 2312 3005 2410 3077; x_wconf 82' lang='grc' dir='ltr'><strong>μὲν</strong></span> <span class='ocrx_word' id='word_1_440' title='bbox 2444 3005 2749 3058; x_wconf 81' lang='grc' dir='ltr'>πιστεύοντι</span> <span class='ocrx_word' id='word_1_441' title='bbox 2781 3003 2948 3072; x_wconf 88' lang='grc' dir='ltr'>γέρας</span> <span class='ocrx_word' id='word_1_442' title='bbox 2977 3002 3037 3054; x_wconf 82' lang='grc' dir='ltr'><strong>τὸ</strong></span> <span class='ocrx_word' id='word_1_443' title='bbox 3065 3001 3138 3071; x_wconf 84' lang='grc' dir='ltr'><strong>μὴ</strong></span> <span class='ocrx_word' id='word_1_444' title='bbox 3167 2999 3452 3054; x_wconf 82' lang='grc' dir='ltr'>καλεῖσθαι</span> <span class='ocrx_word' id='word_1_445' title='bbox 3482 2999 3616 3068; x_wconf 81' lang='grc' dir='ltr'>πρὸς</span> <span class='ocrx_word' id='word_1_446' title='bbox 3652 2998 3776 3068; x_wconf 89' lang='grc' dir='ltr'>κρί-</span> 
     </span>
    </p>
   </div>
   <div class='ocr_carea' id='block_1_62' title="bbox 541 3089 2099 3166">
    <p class='ocr_par' dir='ltr' id='par_1_62' title="bbox 541 3093 2099 3163">
     <span class='ocr_line' id='line_1_62' title="bbox 541 3093 2099 3163; baseline 0.003 -17"><span class='ocrx_word' id='word_1_447' title='bbox 541 3095 705 3159; x_wconf 82' lang='lat' dir='ltr'><strong>cium,</strong></span> <span class='ocrx_word' id='word_1_448' title='bbox 747 3107 857 3146; x_wconf 90' lang='lat' dir='ltr'><strong>non</strong></span> <span class='ocrx_word' id='word_1_449' title='bbox 892 3093 1137 3147; x_wconf 90' lang='lat' dir='ltr'><strong>credenti</strong></span> <span class='ocrx_word' id='word_1_450' title='bbox 1189 3104 1368 3147; x_wconf 87' lang='lat' dir='ltr'><strong>autem</strong></span> <span class='ocrx_word' id='word_1_451' title='bbox 1419 3095 1788 3163; x_wconf 90' lang='lat' dir='ltr'><strong>supplicium,</strong></span> <span class='ocrx_word' id='word_1_452' title='bbox 1838 3096 1894 3148; x_wconf 90' lang='lat' dir='ltr'><strong>in</strong></span> <span class='ocrx_word' id='word_1_453' title='bbox 1939 3111 2099 3150; x_wconf 88' lang='lat' dir='ltr'><strong>unam</strong></span> 
     </span>
    </p>
   </div>
   <div class='ocr_carea' id='block_1_63' title="bbox 2201 3089 3775 3166">
    <p class='ocr_par' dir='ltr' id='par_1_63' title="bbox 2206 3089 3775 3166">
     <span class='ocr_line' id='line_1_63' title="bbox 2206 3089 3775 3166; baseline -0.005 -17"><span class='ocrx_word' id='word_1_454' title='bbox 2206 3114 2311 3160; x_wconf 85' lang='grc' dir='ltr'>σιν,</span> <span class='ocrx_word' id='word_1_455' title='bbox 2347 3095 2424 3166; x_wconf 84' lang='grc' dir='ltr'>τῷ</span> <span class='ocrx_word' id='word_1_456' title='bbox 2472 3095 2516 3148; x_wconf 81' lang='grc' dir='ltr'>δ’</span> <span class='ocrx_word' id='word_1_457' title='bbox 2551 3095 2865 3149; x_wconf 84' lang='grc' dir='ltr'>ἀπειθοῦντι</span> <span class='ocrx_word' id='word_1_458' title='bbox 2904 3093 3146 3159; x_wconf 85' lang='grc' dir='ltr'>κόλασιν,</span> <span class='ocrx_word' id='word_1_459' title='bbox 3203 3094 3281 3154; x_wconf 90' lang='grc' dir='ltr'><strong>εἰς</strong></span> <span class='ocrx_word' id='word_1_460' title='bbox 3326 3092 3425 3161; x_wconf 84' lang='grc' dir='ltr'><strong>τὴν</strong></span> <span class='ocrx_word' id='word_1_461' title='bbox 3469 3089 3636 3160; x_wconf 81' lang='grc' dir='ltr'>αὐτὴν</span> <span class='ocrx_word' id='word_1_462' title='bbox 3678 3089 3775 3143; x_wconf 71' lang='grc' dir='ltr'><strong>καὶ</strong></span> 
     </span>
    </p>
   </div>
   <div class='ocr_carea' id='block_1_64' title="bbox 534 3179 2099 3263">
    <p class='ocr_par' dir='ltr' id='par_1_64' title="bbox 534 3184 2098 3263">
     <span class='ocr_line' id='line_1_64' title="bbox 534 3184 2098 3263; baseline 0.003 -27"><span class='ocrx_word' id='word_1_463' title='bbox 534 3184 894 3253; x_wconf 84' lang='lat' dir='ltr'><strong>eamdemque</strong></span> <span class='ocrx_word' id='word_1_464' title='bbox 927 3185 1064 3239; x_wconf 90' lang='lat' dir='ltr'><strong>viam</strong></span> <span class='ocrx_word' id='word_1_465' title='bbox 1094 3187 1350 3255; x_wconf 88' lang='lat' dir='ltr'><strong>utrinque</strong></span> <span class='ocrx_word' id='word_1_466' title='bbox 1387 3187 1632 3251; x_wconf 88' lang='lat' dir='ltr'><strong>tendens,</strong></span> <span class='ocrx_word' id='word_1_467' title='bbox 1671 3188 1850 3263; x_wconf 88' lang='lat' dir='ltr'><strong>ethos</strong></span> <span class='ocrx_word' id='word_1_468' title='bbox 1883 3189 2098 3257; x_wconf 86' lang='lat' dir='ltr'><strong>quidem</strong></span> 
     </span>
    </p>
   </div>
   <div class='ocr_carea' id='block_1_65' title="bbox 2201 3179 3779 3263">
    <p class='ocr_par' dir='ltr' id='par_1_65' title="bbox 2208 3179 3779 3260">
     <span class='ocr_line' id='line_1_65' title="bbox 2208 3179 3779 3260; baseline -0.004 -19"><span class='ocrx_word' id='word_1_469' title='bbox 2208 3189 2332 3260; x_wconf 86' lang='grc' dir='ltr'>μίαν</span> <span class='ocrx_word' id='word_1_470' title='bbox 2374 3187 2439 3239; x_wconf 75' lang='grc' dir='ltr'>δι’</span> <span class='ocrx_word' id='word_1_471' title='bbox 2483 3188 2684 3258; x_wconf 84' lang='grc' dir='ltr'>ἀμφοῖν</span> <span class='ocrx_word' id='word_1_472' title='bbox 2724 3184 2921 3238; x_wconf 88' lang='grc' dir='ltr'>ὁδεύων</span> <span class='ocrx_word' id='word_1_473' title='bbox 2963 3184 3104 3245; x_wconf 85' lang='grc' dir='ltr'>ὁδὸν,</span> <span class='ocrx_word' id='word_1_474' title='bbox 3146 3182 3240 3235; x_wconf 76' lang='grc' dir='ltr'><strong>καὶ</strong></span> <span class='ocrx_word' id='word_1_475' title='bbox 3285 3184 3413 3244; x_wconf 78' lang='grc' dir='ltr'>τοὺς</span> <span class='ocrx_word' id='word_1_476' title='bbox 3465 3181 3562 3250; x_wconf 85' lang='grc' dir='ltr'>μὲν</span> <span class='ocrx_word' id='word_1_477' title='bbox 3591 3179 3779 3249; x_wconf 77' lang='grc' dir='ltr'>ἐφέσει</span> 
     </span>
    </p>
   </div>
   <div class='ocr_carea' id='block_1_66' title="bbox 543 3273 2099 3352">
    <p class='ocr_par' dir='ltr' id='par_1_66' title="bbox 543 3275 2099 3344">
     <span class='ocr_line' id='line_1_66' title="bbox 543 3275 2099 3344; baseline 0.003 -17"><span class='ocrx_word' id='word_1_478' title='bbox 543 3275 901 3341; x_wconf 82' lang='lat' dir='ltr'><strong>promissione</strong></span> <span class='ocrx_word' id='word_1_479' title='bbox 928 3276 1134 3344; x_wconf 74' lang='lat' dir='ltr'><strong>gratiae,</strong></span> <span class='ocrx_word' id='word_1_480' title='bbox 1172 3277 1294 3332; x_wconf 92' lang='lat' dir='ltr'><strong>illos</strong></span> <span class='ocrx_word' id='word_1_481' title='bbox 1317 3288 1523 3332; x_wconf 90' lang='lat' dir='ltr'><strong>terrore</strong></span> <span class='ocrx_word' id='word_1_482' title='bbox 1546 3278 1825 3335; x_wconf 87' lang='lat' dir='ltr'><strong>cruciatus</strong></span> <span class='ocrx_word' id='word_1_483' title='bbox 1850 3279 1919 3333; x_wconf 90' lang='lat' dir='ltr'><strong>ad</strong></span> <span class='ocrx_word' id='word_1_484' title='bbox 1943 3278 2099 3333; x_wconf 82' lang='lat' dir='ltr'><strong>ﬁdem</strong></span> 
     </span>
    </p>
   </div>
   <div class='ocr_carea' id='block_1_67' title="bbox 2201 3273 3778 3352">
    <p class='ocr_par' dir='ltr' id='par_1_67' title="bbox 2204 3273 3778 3352">
     <span class='ocr_line' id='line_1_67' title="bbox 2204 3273 3778 3352; baseline -0.005 -18"><span class='ocrx_word' id='word_1_485' title='bbox 2204 3284 2270 3352; x_wconf 82' lang='grc' dir='ltr'>τῇ</span> <span class='ocrx_word' id='word_1_486' title='bbox 2299 3281 2428 3350; x_wconf 72' lang='grc' dir='ltr'>περὶ</span> <span class='ocrx_word' id='word_1_487' title='bbox 2461 3279 2558 3350; x_wconf 79' lang='grc' dir='ltr'>τὴν</span> <span class='ocrx_word' id='word_1_488' title='bbox 2589 3279 2772 3351; x_wconf 77' lang='grc' dir='ltr'>χάριν,</span> <span class='ocrx_word' id='word_1_489' title='bbox 2799 3279 2924 3340; x_wconf 88' lang='grc' dir='ltr'>τοὺς</span> <span class='ocrx_word' id='word_1_490' title='bbox 2951 3275 3006 3328; x_wconf 81' lang='grc' dir='ltr'>δὲ</span> <span class='ocrx_word' id='word_1_491' title='bbox 3037 3276 3184 3345; x_wconf 81' lang='grc' dir='ltr'><strong>φόὸῳ</strong></span> <span class='ocrx_word' id='word_1_492' title='bbox 3207 3274 3300 3327; x_wconf 88' lang='grc' dir='ltr'><strong>τοῦ</strong></span> <span class='ocrx_word' id='word_1_493' title='bbox 3337 3275 3549 3339; x_wconf 83' lang='grc' dir='ltr'>παθεῖν,</span> <span class='ocrx_word' id='word_1_494' title='bbox 3581 3275 3674 3327; x_wconf 71' lang='grc' dir='ltr'>ἐπὶ</span> <span class='ocrx_word' id='word_1_495' title='bbox 3699 3273 3778 3343; x_wconf 86' lang='grc' dir='ltr'>τῷ</span> 
     </span>
    </p>
   </div>
   <div class='ocr_carea' id='block_1_68' title="bbox 540 3363 2099 3441">
    <p class='ocr_par' dir='ltr' id='par_1_68' title="bbox 540 3363 2099 3441">
     <span class='ocr_line' id='line_1_68' title="bbox 540 3363 2099 3441; baseline 0.005 -23"><span class='ocrx_word' id='word_1_496' title='bbox 540 3363 772 3434; x_wconf 89' lang='lat' dir='ltr'><strong>benigne</strong></span> <span class='ocrx_word' id='word_1_497' title='bbox 811 3382 1146 3423; x_wconf 87' lang='lat' dir='ltr'><strong>convocans.</strong></span> <span class='ocrx_word' id='word_1_498' title='bbox 1174 3368 1350 3425; x_wconf 88' lang='lat' dir='ltr'><strong>Grave</strong></span> <span class='ocrx_word' id='word_1_499' title='bbox 1376 3378 1558 3426; x_wconf 89' lang='lat' dir='ltr'><strong>autem</strong></span> <span class='ocrx_word' id='word_1_500' title='bbox 1595 3381 1648 3425; x_wconf 90' lang='lat' dir='ltr'><strong>et</strong></span> <span class='ocrx_word' id='word_1_501' title='bbox 1687 3388 1944 3441; x_wconf 88' lang='lat' dir='ltr'><strong>magnum</strong></span> <span class='ocrx_word' id='word_1_502' title='bbox 1980 3387 2099 3428; x_wconf 88' lang='lat' dir='ltr'><strong>esse</strong></span> 
     </span>
    </p>
   </div>
   <div class='ocr_carea' id='block_1_69' title="bbox 2201 3363 3776 3441">
    <p class='ocr_par' dir='ltr' id='par_1_69' title="bbox 2205 3365 3776 3438">
     <span class='ocr_line' id='line_1_69' title="bbox 2205 3365 3776 3438; baseline -0.006 -13"><span class='ocrx_word' id='word_1_503' title='bbox 2205 3373 2482 3425; x_wconf 88' lang='grc' dir='ltr'>πιστεύειν</span> <span class='ocrx_word' id='word_1_504' title='bbox 2521 3371 2654 3422; x_wconf 83' lang='grc' dir='ltr'>ἰέναι</span> <span class='ocrx_word' id='word_1_505' title='bbox 2695 3367 3064 3438; x_wconf 87' lang='grc' dir='ltr'>μακροθύμως</span> <span class='ocrx_word' id='word_1_506' title='bbox 3102 3365 3407 3433; x_wconf 84' lang='grc' dir='ltr'>συγκαλῶν.</span> <span class='ocrx_word' id='word_1_507' title='bbox 3439 3366 3686 3418; x_wconf 81' lang='grc' dir='ltr'>Χαλεπὸν</span> <span class='ocrx_word' id='word_1_508' title='bbox 3719 3365 3776 3416; x_wconf 82' lang='grc' dir='ltr'>δὲ</span> 
     </span>
    </p>
   </div>
   <div class='ocr_carea' id='block_1_70' title="bbox 539 3453 2099 3533">
    <p class='ocr_par' dir='ltr' id='par_1_70' title="bbox 539 3453 2099 3531">
     <span class='ocr_line' id='line_1_70' title="bbox 539 3453 2099 3531; baseline 0.008 -28"><span class='ocrx_word' id='word_1_509' title='bbox 539 3453 748 3506; x_wconf 89' lang='lat' dir='ltr'><strong>crimen</strong></span> <span class='ocrx_word' id='word_1_510' title='bbox 787 3455 1126 3511; x_wconf 85' lang='lat' dir='ltr'><strong>inﬁdelitatis</strong></span> <span class='ocrx_word' id='word_1_511' title='bbox 1161 3461 1421 3525; x_wconf 84' lang='lat' dir='ltr'><strong>ostendit,</strong></span> <span class='ocrx_word' id='word_1_512' title='bbox 1457 3462 1898 3531; x_wconf 88' lang='lat' dir='ltr'><strong>quandoquidem</strong></span> <span class='ocrx_word' id='word_1_513' title='bbox 1933 3463 2099 3516; x_wconf 83' lang='lat' dir='ltr'><strong>Filius</strong></span> 
     </span>
    </p>
   </div>
   <div class='ocr_carea' id='block_1_71' title="bbox 2201 3453 3776 3533">
    <p class='ocr_par' dir='ltr' id='par_1_71' title="bbox 2205 3457 3776 3533">
     <span class='ocr_line' id='line_1_71' title="bbox 2205 3457 3776 3533; baseline -0.004 -16"><span class='ocrx_word' id='word_1_514' title='bbox 2205 3466 2296 3517; x_wconf 75' lang='grc' dir='ltr'><strong>καὶ</strong></span> <span class='ocrx_word' id='word_1_515' title='bbox 2333 3465 2474 3533; x_wconf 85' lang='grc' dir='ltr'>μέγα</span> <span class='ocrx_word' id='word_1_516' title='bbox 2504 3463 2600 3532; x_wconf 82' lang='grc' dir='ltr'>τῆς</span> <span class='ocrx_word' id='word_1_517' title='bbox 2624 3461 2878 3522; x_wconf 84' lang='grc' dir='ltr'>ἀπιστίας</span> <span class='ocrx_word' id='word_1_518' title='bbox 2897 3458 3129 3511; x_wconf 88' lang='grc' dir='ltr'>δεικνύει</span> <span class='ocrx_word' id='word_1_519' title='bbox 3159 3459 3218 3510; x_wconf 85' lang='grc' dir='ltr'><strong>τὸ</strong></span> <span class='ocrx_word' id='word_1_520' title='bbox 3242 3457 3517 3528; x_wconf 77' lang='grc' dir='ltr'>ἔγκλημα,</span> <span class='ocrx_word' id='word_1_521' title='bbox 3547 3457 3776 3526; x_wconf 75' lang='grc' dir='ltr'>ἐπείπερ</span> 
     </span>
    </p>
   </div>
   <div class='ocr_carea' id='block_1_72' title="bbox 540 3543 2099 3620">
    <p class='ocr_par' dir='ltr' id='par_1_72' title="bbox 540 3543 2098 3620">
     <span class='ocr_line' id='line_1_72' title="bbox 540 3543 2098 3620; baseline 0.008 -25"><span class='ocrx_word' id='word_1_522' title='bbox 540 3550 623 3596; x_wconf 84' lang='lat' dir='ltr'><strong>est</strong></span> <span class='ocrx_word' id='word_1_523' title='bbox 670 3552 831 3610; x_wconf 91' lang='lat' dir='ltr'><strong>atque</strong></span> <span class='ocrx_word' id='word_1_524' title='bbox 866 3543 1215 3614; x_wconf 87' lang='lat' dir='ltr'><strong>Unigenitus.</strong></span> <span class='ocrx_word' id='word_1_525' title='bbox 1247 3549 1466 3613; x_wconf 86' lang='lat' dir='ltr'><strong>Quanto</strong></span> <span class='ocrx_word' id='word_1_526' title='bbox 1509 3553 1656 3605; x_wconf 89' lang='lat' dir='ltr'><strong>enim</strong></span> <span class='ocrx_word' id='word_1_527' title='bbox 1707 3560 1930 3620; x_wconf 70' lang='lat' dir='ltr'><strong>praestat</strong></span> <span class='ocrx_word' id='word_1_528' title='bbox 1964 3553 2098 3606; x_wconf 88' lang='lat' dir='ltr'><strong>illud</strong></span> 
     </span>
    </p>
   </div>
   <div class='ocr_carea' id='block_1_73' title="bbox 2201 3543 3776 3620">
    <p class='ocr_par' dir='ltr' id='par_1_73' title="bbox 2206 3545 3776 3616">
     <span class='ocr_line' id='line_1_73' title="bbox 2206 3545 3776 3616; baseline -0.003 -15"><span class='ocrx_word' id='word_1_529' title='bbox 2206 3549 2351 3601; x_wconf 71' lang='grc' dir='ltr'>ἐστὶν</span> <span class='ocrx_word' id='word_1_530' title='bbox 2379 3549 2506 3610; x_wconf 88' lang='grc' dir='ltr'>Υἱὸς</span> <span class='ocrx_word' id='word_1_531' title='bbox 2531 3548 2624 3600; x_wconf 70' lang='grc' dir='ltr'><strong>καὶ</strong></span> <span class='ocrx_word' id='word_1_532' title='bbox 2652 3548 2981 3616; x_wconf 84' lang='grc' dir='ltr'>Μονογενής.</span> <span class='ocrx_word' id='word_1_533' title='bbox 3023 3546 3172 3614; x_wconf 84' lang='grc' dir='ltr'><strong>Ὅσῳ</strong></span> <span class='ocrx_word' id='word_1_534' title='bbox 3215 3545 3322 3616; x_wconf 82' lang='grc' dir='ltr'>γὰρ</span> <span class='ocrx_word' id='word_1_535' title='bbox 3361 3546 3426 3598; x_wconf 81' lang='grc' dir='ltr'>ἂν</span> <span class='ocrx_word' id='word_1_536' title='bbox 3467 3546 3776 3611; x_wconf 84' lang='grc' dir='ltr'>ἀξιόπιστον</span> 
     </span>
    </p>
   </div>
   <div class='ocr_carea' id='block_1_74' title="bbox 539 3629 2104 3709">
    <p class='ocr_par' dir='ltr' id='par_1_74' title="bbox 539 3629 2104 3709">
     <span class='ocr_line' id='line_1_74' title="bbox 539 3629 2104 3709; baseline 0.009 -29"><span class='ocrx_word' id='word_1_537' title='bbox 539 3629 686 3697; x_wconf 91' lang='lat' dir='ltr'><strong>quod</strong></span> <span class='ocrx_word' id='word_1_538' title='bbox 716 3633 1100 3685; x_wconf 88' lang='lat' dir='ltr'><strong>contumeliam</strong></span> <span class='ocrx_word' id='word_1_539' title='bbox 1135 3636 1357 3704; x_wconf 87' lang='lat' dir='ltr'><strong>accipit,</strong></span> <span class='ocrx_word' id='word_1_540' title='bbox 1389 3645 1544 3691; x_wconf 92' lang='lat' dir='ltr'><strong>tanto</strong></span> <span class='ocrx_word' id='word_1_541' title='bbox 1573 3641 1794 3707; x_wconf 86' lang='lat' dir='ltr'><strong>gravius</strong></span> <span class='ocrx_word' id='word_1_542' title='bbox 1819 3642 1864 3694; x_wconf 92' lang='lat' dir='ltr'><strong>is</strong></span> <span class='ocrx_word' id='word_1_543' title='bbox 1896 3641 1986 3709; x_wconf 94' lang='lat' dir='ltr'><strong>qui</strong></span> <span class='ocrx_word' id='word_1_544' title='bbox 2023 3642 2104 3694; x_wconf 86' lang='lat' dir='ltr'><strong>in-</strong></span> 
     </span>
    </p>
   </div>
   <div class='ocr_carea' id='block_1_75' title="bbox 540 3718 2108 3797">
    <p class='ocr_par' dir='ltr' id='par_1_75' title="bbox 540 3718 2108 3797">
     <span class='ocr_line' id='line_1_75' title="bbox 540 3718 2108 3797; baseline 0.008 -25"><span class='ocrx_word' id='word_1_545' title='bbox 540 3718 669 3772; x_wconf 86' lang='lat' dir='ltr'><strong>tulit</strong></span> <span class='ocrx_word' id='word_1_546' title='bbox 701 3719 1176 3775; x_wconf 90' lang='lat' dir='ltr'><strong>condemnabitur.</strong></span> <span class='ocrx_word' id='word_1_547' title='bbox 1211 3723 1329 3777; x_wconf 84' lang='lat' dir='ltr'><strong>Jam</strong></span> <span class='ocrx_word' id='word_1_548' title='bbox 1363 3742 1492 3781; x_wconf 89' lang='lat' dir='ltr'><strong>vero</strong></span> <span class='ocrx_word' id='word_1_549' title='bbox 1535 3728 1840 3797; x_wconf 74' lang='lat' dir='ltr'><strong>iudicatum</strong></span> <span class='ocrx_word' id='word_1_550' title='bbox 1875 3745 1998 3785; x_wconf 90' lang='lat' dir='ltr'><strong>esse</strong></span> <span class='ocrx_word' id='word_1_551' title='bbox 2031 3733 2108 3785; x_wconf 87' lang='lat' dir='ltr'><strong>ait</strong></span> 
     </span>
    </p>
   </div>
   <div class='ocr_carea' id='block_1_76' title="bbox 542 3808 2110 3889">
    <p class='ocr_par' dir='ltr' id='par_1_76' title="bbox 542 3808 2110 3889">
     <span class='ocr_line' id='line_1_76' title="bbox 542 3808 2110 3889; baseline 0.01 -28"><span class='ocrx_word' id='word_1_552' title='bbox 542 3808 909 3876; x_wconf 89' lang='lat' dir='ltr'><strong>incredulum,</strong></span> <span class='ocrx_word' id='word_1_553' title='bbox 960 3823 1087 3881; x_wconf 89' lang='lat' dir='ltr'><strong>puta</strong></span> <span class='ocrx_word' id='word_1_554' title='bbox 1127 3816 1270 3883; x_wconf 92' lang='lat' dir='ltr'><strong>quod</strong></span> <span class='ocrx_word' id='word_1_555' title='bbox 1304 3817 1419 3886; x_wconf 90' lang='lat' dir='ltr'><strong>ipse</strong></span> <span class='ocrx_word' id='word_1_556' title='bbox 1469 3819 1580 3887; x_wconf 86' lang='lat' dir='ltr'><strong>jam</strong></span> <span class='ocrx_word' id='word_1_557' title='bbox 1621 3820 1675 3873; x_wconf 92' lang='lat' dir='ltr'><strong>in</strong></span> <span class='ocrx_word' id='word_1_558' title='bbox 1712 3821 1952 3889; x_wconf 91' lang='lat' dir='ltr'><strong>seipsum</strong></span> <span class='ocrx_word' id='word_1_559' title='bbox 1989 3837 2110 3876; x_wconf 79' lang='lat' dir='ltr'><strong>sen-</strong></span> 
     </span>
    </p>
   </div>
   <div class='ocr_carea' id='block_1_77' title="bbox 540 3897 2108 3979">
    <p class='ocr_par' dir='ltr' id='par_1_77' title="bbox 540 3897 2108 3979">
     <span class='ocr_line' id='line_1_77' title="bbox 540 3897 2108 3979; baseline 0.013 -32"><span class='ocrx_word' id='word_1_560' title='bbox 540 3897 765 3950; x_wconf 87' lang='lat' dir='ltr'><strong>tentiam</strong></span> <span class='ocrx_word' id='word_1_561' title='bbox 818 3900 1022 3964; x_wconf 91' lang='lat' dir='ltr'><strong>tulerit,</strong></span> <span class='ocrx_word' id='word_1_562' title='bbox 1059 3917 1183 3956; x_wconf 91' lang='lat' dir='ltr'><strong>cum</strong></span> <span class='ocrx_word' id='word_1_563' title='bbox 1222 3904 1326 3958; x_wconf 87' lang='lat' dir='ltr'><strong>sibi</strong></span> <span class='ocrx_word' id='word_1_564' title='bbox 1378 3909 1635 3964; x_wconf 87' lang='lat' dir='ltr'><strong>conscius</strong></span> <span class='ocrx_word' id='word_1_565' title='bbox 1669 3910 1740 3965; x_wconf 89' lang='lat' dir='ltr'><strong>sit</strong></span> <span class='ocrx_word' id='word_1_566' title='bbox 1790 3911 2108 3979; x_wconf 76' lang='lat' dir='ltr'><strong>repudiasse</strong></span> 
     </span>
    </p>
   </div>
   <div class='ocr_carea' id='block_1_78' title="bbox 540 3992 1766 4062">
    <p class='ocr_par' dir='ltr' id='par_1_78' title="bbox 540 3992 1766 4062">
     <span class='ocr_line' id='line_1_78' title="bbox 540 3992 1766 4062; baseline 0.011 -19"><span class='ocrx_word' id='word_1_567' title='bbox 540 4004 664 4043; x_wconf 90' lang='lat' dir='ltr'><strong>eum</strong></span> <span class='ocrx_word' id='word_1_568' title='bbox 693 4005 788 4060; x_wconf 87' lang='lat' dir='ltr'><strong>per</strong></span> <span class='ocrx_word' id='word_1_569' title='bbox 812 4007 973 4062; x_wconf 90' lang='lat' dir='ltr'><strong>quem</strong></span> <span class='ocrx_word' id='word_1_570' title='bbox 1008 3992 1067 4048; x_wconf 83' lang='lat' dir='ltr'><strong>ﬁt</strong></span> <span class='ocrx_word' id='word_1_571' title='bbox 1095 4001 1151 4050; x_wconf 93' lang='lat' dir='ltr'><strong>ut</strong></span> <span class='ocrx_word' id='word_1_572' title='bbox 1180 4011 1291 4050; x_wconf 92' lang='lat' dir='ltr'><strong>non</strong></span> <span class='ocrx_word' id='word_1_573' title='bbox 1318 3997 1766 4056; x_wconf 90' lang='lat' dir='ltr'><strong>condemnemur.</strong></span> 
     </span>
    </p>
   </div>
   <div class='ocr_carea' id='block_1_79' title="bbox 608 4163 2110 4248">
    <p class='ocr_par' dir='ltr' id='par_1_79' title="bbox 608 4163 2110 4248">
     <span class='ocr_line' id='line_1_79' title="bbox 608 4163 2110 4248; baseline 0.013 -32"><span class='ocrx_word' id='word_1_574' title='bbox 608 4163 698 4229; x_wconf 86' lang='lat' dir='ltr'><strong>Ill,</strong></span> <span class='ocrx_word' id='word_1_575' title='bbox 734 4165 819 4220; x_wconf 83' lang='grc'><strong>19.</strong></span> <span class='ocrx_word' id='word_1_576' title='bbox 869 4166 986 4223; x_wconf 87' lang='lat' dir='ltr'><strong>Hoc</strong></span> <span class='ocrx_word' id='word_1_577' title='bbox 1032 4180 1206 4225; x_wconf 83' lang='lat' dir='ltr'><strong>autem</strong></span> <span class='ocrx_word' id='word_1_578' title='bbox 1237 4183 1316 4228; x_wconf 83' lang='lat' dir='ltr'><strong>est</strong></span> <span class='ocrx_word' id='word_1_579' title='bbox 1335 4175 1621 4242; x_wconf 79' lang='lat' dir='ltr'><strong>judicium,</strong></span> <span class='ocrx_word' id='word_1_580' title='bbox 1665 4180 1790 4248; x_wconf 83' lang='lat' dir='ltr'><strong>quia</strong></span> <span class='ocrx_word' id='word_1_581' title='bbox 1833 4183 1926 4233; x_wconf 78' lang='lat' dir='ltr'><strong>tua:</strong></span> <span class='ocrx_word' id='word_1_582' title='bbox 1969 4182 2110 4236; x_wconf 80' lang='lat' dir='ltr'><strong>venit</strong></span> 
     </span>
    </p>
   </div>
   <div class='ocr_carea' id='block_1_80' title="bbox 538 4256 2105 4344">
    <p class='ocr_par' dir='ltr' id='par_1_80' title="bbox 538 4256 2105 4344">
     <span class='ocr_line' id='line_1_80' title="bbox 538 4256 2105 4344; baseline 0.013 -37"><span class='ocrx_word' id='word_1_583' title='bbox 538 4256 594 4318; x_wconf 79' lang='lat' dir='ltr'><strong>in</strong></span> <span class='ocrx_word' id='word_1_584' title='bbox 629 4258 901 4325; x_wconf 85' lang='lat' dir='ltr'><strong>mundum,</strong></span> <span class='ocrx_word' id='word_1_585' title='bbox 945 4270 994 4315; x_wconf 87' lang='lat' dir='ltr'><strong>et</strong></span> <span class='ocrx_word' id='word_1_586' title='bbox 1047 4262 1347 4319; x_wconf 75' lang='lat' dir='ltr'><strong>dilexerunt</strong></span> <span class='ocrx_word' id='word_1_587' title='bbox 1399 4267 1632 4326; x_wconf 82' lang='lat' dir='ltr'><strong>homines</strong></span> <span class='ocrx_word' id='word_1_588' title='bbox 1669 4271 1908 4328; x_wconf 75' lang='lat' dir='ltr'><strong>tenebras</strong></span> <span class='ocrx_word' id='word_1_589' title='bbox 1938 4275 2105 4344; x_wconf 77' lang='lat' dir='ltr'><strong>ntugis</strong></span> 
     </span>
    </p>
   </div>
   <div class='ocr_carea' id='block_1_81' title="bbox 540 4349 914 4416">
    <p class='ocr_par' dir='ltr' id='par_1_81' title="bbox 540 4349 914 4416">
     <span class='ocr_line' id='line_1_81' title="bbox 540 4349 914 4416; baseline 0.016 -18"><span class='ocrx_word' id='word_1_590' title='bbox 540 4363 697 4416; x_wconf 81' lang='lat' dir='ltr'><strong>quam</strong></span> <span class='ocrx_word' id='word_1_591' title='bbox 728 4349 914 4405; x_wconf 88' lang='lat' dir='ltr'><strong>lucem.</strong></span> 
     </span>
    </p>
   </div>
   <div class='ocr_carea' id='block_1_82' title="bbox 609 4437 2106 4509">
    <p class='ocr_par' dir='ltr' id='par_1_82' title="bbox 609 4437 2106 4509">
     <span class='ocr_line' id='line_1_82' title="bbox 609 4437 2106 4509; baseline 0.013 -20"><span class='ocrx_word' id='word_1_592' title='bbox 609 4437 727 4493; x_wconf 86' lang='lat' dir='ltr'><strong>Non</strong></span> <span class='ocrx_word' id='word_1_593' title='bbox 775 4442 906 4496; x_wconf 87' lang='lat' dir='ltr'><strong>sinit</strong></span> <span class='ocrx_word' id='word_1_594' title='bbox 957 4443 1327 4503; x_wconf 91' lang='lat' dir='ltr'><strong>indiscussum</strong></span> <span class='ocrx_word' id='word_1_595' title='bbox 1361 4465 1644 4507; x_wconf 86' lang='lat' dir='ltr'><strong>remanere</strong></span> <span class='ocrx_word' id='word_1_596' title='bbox 1699 4453 2106 4509; x_wconf 88' lang='lat' dir='ltr'><strong>iucredulorum</strong></span> 
     </span>
    </p>
   </div>
   <div class='ocr_carea' id='block_1_83' title="bbox 547 4527 2108 4613">
    <p class='ocr_par' dir='ltr' id='par_1_83' title="bbox 547 4527 2108 4613">
     <span class='ocr_line' id='line_1_83' title="bbox 547 4527 2108 4613; baseline 0.011 -30"><span class='ocrx_word' id='word_1_597' title='bbox 547 4527 701 4599; x_wconf 78' lang='lat'><strong>155</strong></span> <span class='ocrx_word' id='word_1_598' title='bbox 725 4530 1014 4598; x_wconf 88' lang='lat' dir='ltr'><strong>judicium.</strong></span> <span class='ocrx_word' id='word_1_599' title='bbox 1039 4535 1203 4590; x_wconf 82' lang='lat' dir='ltr'><strong>Addit</strong></span> <span class='ocrx_word' id='word_1_600' title='bbox 1241 4555 1368 4593; x_wconf 90' lang='lat' dir='ltr'><strong>vero</strong></span> <span class='ocrx_word' id='word_1_601' title='bbox 1400 4555 1594 4597; x_wconf 90' lang='lat' dir='ltr'><strong>causas</strong></span> <span class='ocrx_word' id='word_1_602' title='bbox 1629 4550 1683 4598; x_wconf 90' lang='lat' dir='ltr'><strong>et</strong></span> <span class='ocrx_word' id='word_1_603' title='bbox 1714 4553 1899 4613; x_wconf 88' lang='lat' dir='ltr'><strong>aperte</strong></span> <span class='ocrx_word' id='word_1_604' title='bbox 1929 4556 2108 4601; x_wconf 86' lang='lat' dir='ltr'><strong>osten-</strong></span> 
     </span>
    </p>
   </div>
   <div class='ocr_carea' id='block_1_84' title="bbox 2207 3633 3778 3708">
    <p class='ocr_par' dir='ltr' id='par_1_84' title="bbox 2207 3633 3778 3708">
     <span class='ocr_line' id='line_1_84' title="bbox 2207 3633 3778 3708; baseline -0.004 -16"><span class='ocrx_word' id='word_1_605' title='bbox 2207 3637 2440 3707; x_wconf 81' lang='grc' dir='ltr'>ὑπάρχοι</span> <span class='ocrx_word' id='word_1_606' title='bbox 2472 3635 2532 3688; x_wconf 91' lang='grc' dir='ltr'><strong>τὸ</strong></span> <span class='ocrx_word' id='word_1_607' title='bbox 2558 3635 3005 3708; x_wconf 88' lang='grc' dir='ltr'>παροινούμενον,</span> <span class='ocrx_word' id='word_1_608' title='bbox 3029 3635 3282 3687; x_wconf 85' lang='grc' dir='ltr'>τοσοῦτον</span> <span class='ocrx_word' id='word_1_609' title='bbox 3310 3635 3569 3704; x_wconf 79' lang='grc' dir='ltr'>μειζόνως</span> <span class='ocrx_word' id='word_1_610' title='bbox 3600 3637 3680 3696; x_wconf 88' lang='grc' dir='ltr'><strong>εἰς</strong></span> <span class='ocrx_word' id='word_1_611' title='bbox 3717 3633 3778 3686; x_wconf 83' lang='grc' dir='ltr'><strong>τὸ</strong></span> 
     </span>
    </p>
   </div>
   <div class='ocr_carea' id='block_1_85' title="bbox 2207 3726 3772 3797">
    <p class='ocr_par' dir='ltr' id='par_1_85' title="bbox 2207 3726 3772 3797">
     <span class='ocr_line' id='line_1_85' title="bbox 2207 3726 3772 3797; baseline -0.001 -16"><span class='ocrx_word' id='word_1_612' title='bbox 2207 3727 2594 3797; x_wconf 83' lang='grc' dir='ltr'>πλημμελῆσαι</span> <span class='ocrx_word' id='word_1_613' title='bbox 2622 3727 2769 3780; x_wconf 88' lang='grc' dir='ltr'>δεινά</span> <span class='ocrx_word' id='word_1_614' title='bbox 2813 3727 2873 3780; x_wconf 89' lang='grc' dir='ltr'><strong>τὸ</strong></span> <span class='ocrx_word' id='word_1_615' title='bbox 2917 3726 3180 3793; x_wconf 77' lang='grc' dir='ltr'>ἀτιμάζον</span> <span class='ocrx_word' id='word_1_616' title='bbox 3224 3727 3772 3796; x_wconf 80' lang='grc' dir='ltr'>καταδικασθήσεται.</span> 
     </span>
    </p>
   </div>
   <div class='ocr_carea' id='block_1_86' title="bbox 2211 3816 3777 3889">
    <p class='ocr_par' dir='ltr' id='par_1_86' title="bbox 2211 3816 3777 3889">
     <span class='ocr_line' id='line_1_86' title="bbox 2211 3816 3777 3889; baseline -0.001 -17"><span class='ocrx_word' id='word_1_617' title='bbox 2211 3819 2345 3888; x_wconf 83' lang='grc' dir='ltr'><strong>Ἤδη</strong></span> <span class='ocrx_word' id='word_1_618' title='bbox 2379 3818 2437 3870; x_wconf 83' lang='grc' dir='ltr'>δὲ</span> <span class='ocrx_word' id='word_1_619' title='bbox 2478 3816 2760 3889; x_wconf 86' lang='grc' dir='ltr'>κεκρίσθαι</span> <span class='ocrx_word' id='word_1_620' title='bbox 2795 3817 2884 3871; x_wconf 89' lang='grc' dir='ltr'><strong>τὸν</strong></span> <span class='ocrx_word' id='word_1_621' title='bbox 2916 3817 3248 3871; x_wconf 87' lang='grc' dir='ltr'>ἀπιστοῦντά</span> <span class='ocrx_word' id='word_1_622' title='bbox 3288 3835 3472 3888; x_wconf 88' lang='grc' dir='ltr'>φησιν,</span> <span class='ocrx_word' id='word_1_623' title='bbox 3511 3819 3588 3881; x_wconf 86' lang='grc' dir='ltr'>ὼς</span> <span class='ocrx_word' id='word_1_624' title='bbox 3616 3818 3777 3871; x_wconf 84' lang='grc' dir='ltr'>αὐτὸν</span> 
     </span>
    </p>
   </div>
   <div class='ocr_carea' id='block_1_87' title="bbox 2206 3906 3777 3981">
    <p class='ocr_par' dir='ltr' id='par_1_87' title="bbox 2206 3906 3777 3981">
     <span class='ocr_line' id='line_1_87' title="bbox 2206 3906 3777 3981; baseline 0 -19"><span class='ocrx_word' id='word_1_625' title='bbox 2206 3910 2305 3981; x_wconf 70' lang='grc' dir='ltr'>ἤδη</span> <span class='ocrx_word' id='word_1_626' title='bbox 2353 3907 2471 3962; x_wconf 85' lang='grc' dir='ltr'>καθ’</span> <span class='ocrx_word' id='word_1_627' title='bbox 2519 3909 2711 3962; x_wconf 82' lang='grc' dir='ltr'>ἑαυτοῦ</span> <span class='ocrx_word' id='word_1_628' title='bbox 2748 3907 2844 3978; x_wconf 79' lang='grc' dir='ltr'><strong>τὴν</strong></span> <span class='ocrx_word' id='word_1_629' title='bbox 2881 3906 2972 3960; x_wconf 93' lang='grc' dir='ltr'><strong>τοῦ</strong></span> <span class='ocrx_word' id='word_1_630' title='bbox 3027 3908 3346 3972; x_wconf 78' lang='grc' dir='ltr'>κολάζεσθαι</span> <span class='ocrx_word' id='word_1_631' title='bbox 3377 3908 3493 3960; x_wconf 77' lang='grc' dir='ltr'>δεῖν</span> <span class='ocrx_word' id='word_1_632' title='bbox 3521 3909 3777 3979; x_wconf 76' lang='grc' dir='ltr'>ὁρίσαντα</span> 
     </span>
    </p>
   </div>
   <div class='ocr_carea' id='block_1_88' title="bbox 2207 3991 3775 4070">
    <p class='ocr_par' dir='ltr' id='par_1_88' title="bbox 2207 3991 3775 4070">
     <span class='ocr_line' id='line_1_88' title="bbox 2207 3991 3775 4070; baseline -0.003 -16"><span class='ocrx_word' id='word_1_633' title='bbox 2207 3999 2407 4070; x_wconf 77' lang='grc' dir='ltr'>ψῆφον,</span> <span class='ocrx_word' id='word_1_634' title='bbox 2434 3998 2500 4051; x_wconf 84' lang='grc' dir='ltr'>δι’</span> <span class='ocrx_word' id='word_1_635' title='bbox 2531 3991 2604 4052; x_wconf 83' lang='grc' dir='ltr'>ὧν</span> <span class='ocrx_word' id='word_1_636' title='bbox 2650 3998 2791 4066; x_wconf 78' lang='grc' dir='ltr'>ἔγνω</span> <span class='ocrx_word' id='word_1_637' title='bbox 2823 3997 3206 4067; x_wconf 86' lang='grc' dir='ltr'>παραιτεῖσθαι</span> <span class='ocrx_word' id='word_1_638' title='bbox 3238 3998 3330 4052; x_wconf 91' lang='grc' dir='ltr'><strong>τὸν</strong></span> <span class='ocrx_word' id='word_1_639' title='bbox 3361 3997 3454 4051; x_wconf 89' lang='grc' dir='ltr'><strong>τοῦ</strong></span> <span class='ocrx_word' id='word_1_640' title='bbox 3483 3998 3558 4069; x_wconf 84' lang='grc' dir='ltr'>μὴ</span> <span class='ocrx_word' id='word_1_641' title='bbox 3593 3997 3775 4070; x_wconf 76' lang='grc' dir='ltr'>κρίνε-</span> 
     </span>
    </p>
   </div>
   <div class='ocr_carea' id='block_1_89' title="bbox 2211 4091 2625 4161">
    <p class='ocr_par' dir='ltr' id='par_1_89' title="bbox 2211 4091 2625 4161">
     <span class='ocr_line' id='line_1_89' title="bbox 2211 4091 2625 4161; baseline -0.007 -16"><span class='ocrx_word' id='word_1_642' title='bbox 2211 4091 2332 4153; x_wconf 76' lang='grc' dir='ltr'>σθαι</span> <span class='ocrx_word' id='word_1_643' title='bbox 2372 4091 2625 4161; x_wconf 73' lang='grc' dir='ltr'>χορηγόν.</span> 
     </span>
    </p>
   </div>
   <div class='ocr_carea' id='block_1_90' title="bbox 2277 4179 3776 4250">
    <p class='ocr_par' dir='ltr' id='par_1_90' title="bbox 2277 4179 3776 4250">
     <span class='ocr_line' id='line_1_90' title="bbox 2277 4179 3776 4250; baseline 0 -14"><span class='ocrx_word' id='word_1_644' title='bbox 2277 4183 2439 4250; x_wconf 80' lang='grc' dir='ltr'>Αὕτη</span> <span class='ocrx_word' id='word_1_645' title='bbox 2477 4183 2545 4236; x_wconf 84' lang='grc' dir='ltr'><strong>δέ</strong></span> <span class='ocrx_word' id='word_1_646' title='bbox 2569 4183 2739 4235; x_wconf 80' lang='grc' dir='ltr'>ἐστιν</span> <span class='ocrx_word' id='word_1_647' title='bbox 2762 4180 2799 4246; x_wconf 72' lang='grc' dir='ltr'>ἡ</span> <span class='ocrx_word' id='word_1_648' title='bbox 2830 4182 3047 4248; x_wconf 79' lang='grc' dir='ltr'>κρίσις,</span> <span class='ocrx_word' id='word_1_649' title='bbox 3075 4180 3163 4232; x_wconf 83' lang='grc' dir='ltr'>ὅτι</span> <span class='ocrx_word' id='word_1_650' title='bbox 3197 4180 3322 4248; x_wconf 72' lang='grc' dir='ltr'><strong>φῶς</strong></span> <span class='ocrx_word' id='word_1_651' title='bbox 3351 4179 3655 4246; x_wconf 77' lang='grc' dir='ltr'>ἐλήλυθεν</span> <span class='ocrx_word' id='word_1_652' title='bbox 3685 4183 3776 4242; x_wconf 78' lang='grc' dir='ltr'><strong>εἰς</strong></span> 
     </span>
    </p>
   </div>
   <div class='ocr_carea' id='block_1_91' title="bbox 2207 4269 3774 4342">
    <p class='ocr_par' dir='ltr' id='par_1_91' title="bbox 2207 4269 3774 4342">
     <span class='ocr_line' id='line_1_91' title="bbox 2207 4269 3774 4342; baseline 0 -17"><span class='ocrx_word' id='word_1_653' title='bbox 2207 4273 2314 4327; x_wconf 76' lang='grc' dir='ltr'><strong>τὸν</strong></span> <span class='ocrx_word' id='word_1_654' title='bbox 2329 4276 2578 4342; x_wconf 83' lang='grc' dir='ltr'>κόσμον,</span> <span class='ocrx_word' id='word_1_655' title='bbox 2606 4271 2703 4325; x_wconf 81' lang='grc' dir='ltr'><strong>καί</strong></span> <span class='ocrx_word' id='word_1_656' title='bbox 2726 4270 3051 4338; x_wconf 76' lang='grc' dir='ltr'>ἠγάπησαν</span> <span class='ocrx_word' id='word_1_657' title='bbox 3070 4274 3122 4322; x_wconf 79' lang='grc' dir='ltr'>οἱ</span> <span class='ocrx_word' id='word_1_658' title='bbox 3146 4269 3441 4339; x_wconf 74' lang='grc' dir='ltr'>ἅνθρωποι</span> <span class='ocrx_word' id='word_1_659' title='bbox 3463 4271 3530 4324; x_wconf 86' lang='grc' dir='ltr'>τὸ</span> <span class='ocrx_word' id='word_1_660' title='bbox 3557 4274 3774 4337; x_wconf 73' lang='grc' dir='ltr'>σκότος</span> 
     </span>
    </p>
   </div>
   <div class='ocr_carea' id='block_1_92' title="bbox 2204 4362 2809 4433">
    <p class='ocr_par' dir='ltr' id='par_1_92' title="bbox 2204 4362 2809 4433">
     <span class='ocr_line' id='line_1_92' title="bbox 2204 4362 2809 4433; baseline -0.003 -15"><span class='ocrx_word' id='word_1_661' title='bbox 2204 4363 2465 4433; x_wconf 74' lang='grc' dir='ltr'>μᾶλλον,</span> <span class='ocrx_word' id='word_1_662' title='bbox 2498 4365 2536 4432; x_wconf 80' lang='grc' dir='ltr'>ἢ</span> <span class='ocrx_word' id='word_1_663' title='bbox 2571 4363 2635 4416; x_wconf 85' lang='grc' dir='ltr'><strong>τὸ</strong></span> <span class='ocrx_word' id='word_1_664' title='bbox 2665 4362 2809 4432; x_wconf 69' lang='grc' dir='ltr'>φῶς.</span> 
     </span>
    </p>
   </div>
   <div class='ocr_carea' id='block_1_93' title="bbox 2280 4451 3776 4525">
    <p class='ocr_par' dir='ltr' id='par_1_93' title="bbox 2280 4451 3776 4525">
     <span class='ocr_line' id='line_1_93' title="bbox 2280 4451 3776 4525; baseline -0.002 -17"><span class='ocrx_word' id='word_1_665' title='bbox 2280 4456 2394 4508; x_wconf 78' lang='grc' dir='ltr'>Οὐκ</span> <span class='ocrx_word' id='word_1_666' title='bbox 2428 4455 2696 4525; x_wconf 75' lang='grc' dir='ltr'>ἀζήτητον</span> <span class='ocrx_word' id='word_1_667' title='bbox 2734 4453 3030 4523; x_wconf 88' lang='grc' dir='ltr'>ἀπομένειν</span> <span class='ocrx_word' id='word_1_668' title='bbox 3060 4453 3123 4522; x_wconf 84' lang='grc' dir='ltr'><strong>ὲᾷ</strong></span> <span class='ocrx_word' id='word_1_669' title='bbox 3163 4451 3270 4503; x_wconf 89' lang='grc' dir='ltr'><strong>τῶν</strong></span> <span class='ocrx_word' id='word_1_670' title='bbox 3317 4451 3685 4505; x_wconf 88' lang='grc' dir='ltr'>ἀπειθούντων</span> <span class='ocrx_word' id='word_1_671' title='bbox 3715 4454 3776 4506; x_wconf 89' lang='grc' dir='ltr'><strong>τὸ</strong></span> 
     </span>
    </p>
   </div>
   <div class='ocr_carea' id='block_1_94' title="bbox 2213 4539 3774 4611">
    <p class='ocr_par' dir='ltr' id='par_1_94' title="bbox 2213 4539 3774 4611">
     <span class='ocr_line' id='line_1_94' title="bbox 2213 4539 3774 4611; baseline -0.001 -16"><span class='ocrx_word' id='word_1_672' title='bbox 2213 4544 2403 4611; x_wconf 82' lang='grc' dir='ltr'>κρῖμα.</span> <span class='ocrx_word' id='word_1_673' title='bbox 2455 4542 2727 4609; x_wconf 81' lang='grc' dir='ltr'>Ἐπιλέγει</span> <span class='ocrx_word' id='word_1_674' title='bbox 2751 4541 2807 4594; x_wconf 87' lang='grc' dir='ltr'>δὲ</span> <span class='ocrx_word' id='word_1_675' title='bbox 2836 4542 2933 4604; x_wconf 79' lang='grc' dir='ltr'><strong>τὰς</strong></span> <span class='ocrx_word' id='word_1_676' title='bbox 2963 4542 3160 4603; x_wconf 88' lang='grc' dir='ltr'>αἰτίας,</span> <span class='ocrx_word' id='word_1_677' title='bbox 3188 4540 3280 4592; x_wconf 77' lang='grc' dir='ltr'>καὶ</span> <span class='ocrx_word' id='word_1_678' title='bbox 3305 4539 3536 4594; x_wconf 89' lang='grc' dir='ltr'>δεικνύει</span> <span class='ocrx_word' id='word_1_679' title='bbox 3565 4542 3774 4610; x_wconf 86' lang='grc' dir='ltr'>σαφῶς,</span> 
     </span>
    </p>
   </div>
   <div class='ocr_carea' id='block_1_95' title="bbox 541 4617 2099 4706">
    <p class='ocr_par' dir='ltr' id='par_1_95' title="bbox 541 4617 2099 4706">
     <span class='ocr_line' id='line_1_95' title="bbox 541 4617 2099 4706; baseline 0.01 -30"><span class='ocrx_word' id='word_1_680' title='bbox 541 4617 642 4681; x_wconf 85' lang='lat' dir='ltr'><strong>dit,</strong></span> <span class='ocrx_word' id='word_1_681' title='bbox 674 4622 844 4690; x_wconf 87' lang='lat' dir='ltr'><strong>quod,</strong></span> <span class='ocrx_word' id='word_1_682' title='bbox 873 4623 1028 4692; x_wconf 79' lang='lat' dir='ltr'><strong>juxta</strong></span> <span class='ocrx_word' id='word_1_683' title='bbox 1064 4626 1194 4681; x_wconf 92' lang='lat' dir='ltr'><strong>illud</strong></span> <span class='ocrx_word' id='word_1_684' title='bbox 1232 4627 1676 4698; x_wconf 89' lang='lat' dir='ltr'><strong>Proverbiorum,</strong></span> <span class='ocrx_word' id='word_1_685' title='bbox 1725 4653 1743 4684; x_wconf 81' lang='grc' dir='ltr'><strong>ι</strong></span> <span class='ocrx_word' id='word_1_686' title='bbox 1771 4633 1888 4688; x_wconf 83' lang='grc' dir='ltr'>Νοη</span> <span class='ocrx_word' id='word_1_687' title='bbox 1919 4636 2099 4706; x_wconf 88' lang='lat' dir='ltr'><strong>inique</strong></span> 
     </span>
    </p>
   </div>
   <div class='ocr_carea' id='block_1_96' title="bbox 2201 4617 3774 4706">
    <p class='ocr_par' dir='ltr' id='par_1_96' title="bbox 2205 4631 3774 4703">
     <span class='ocr_line' id='line_1_96' title="bbox 2205 4631 3774 4703; baseline 0.003 -19"><span class='ocrx_word' id='word_1_688' title='bbox 2205 4633 2316 4694; x_wconf 86' lang='grc' dir='ltr'>ὃτι,</span> <span class='ocrx_word' id='word_1_689' title='bbox 2353 4632 2495 4685; x_wconf 84' lang='grc' dir='ltr'><strong>κατά</strong></span> <span class='ocrx_word' id='word_1_690' title='bbox 2524 4632 2614 4685; x_wconf 87' lang='grc' dir='ltr'><strong>τὸν</strong></span> <span class='ocrx_word' id='word_1_691' title='bbox 2646 4631 2991 4703; x_wconf 87' lang='grc' dir='ltr'>Παροιμιὼδη</span> <span class='ocrx_word' id='word_1_692' title='bbox 3021 4633 3210 4700; x_wconf 90' lang='grc' dir='ltr'>λόγον,</span> <span class='ocrx_word' id='word_1_693' title='bbox 3247 4653 3267 4685; x_wconf 87' lang='grc'><em>‹</em></span> <span class='ocrx_word' id='word_1_694' title='bbox 3304 4634 3418 4686; x_wconf 77' lang='grc' dir='ltr'><strong>Οὐκ</strong></span> <span class='ocrx_word' id='word_1_695' title='bbox 3438 4633 3637 4695; x_wconf 84' lang='grc' dir='ltr'>ἀδίκως</span> <span class='ocrx_word' id='word_1_696' title='bbox 3680 4635 3774 4690; x_wconf 83' lang='grc' dir='ltr'><strong>ὲκ-</strong></span> 
     </span>
    </p>
   </div>
   <div class='ocr_carea' id='block_1_97' title="bbox 543 4709 2099 4795">
    <p class='ocr_par' dir='ltr' id='par_1_97' title="bbox 543 4709 2099 4795">
     <span class='ocr_line' id='line_1_97' title="bbox 543 4709 2099 4795; baseline 0.013 -36"><span class='ocrx_word' id='word_1_697' title='bbox 543 4709 840 4764; x_wconf 90' lang='lat' dir='ltr'><strong>tenduntur</strong></span> <span class='ocrx_word' id='word_1_698' title='bbox 873 4714 1008 4767; x_wconf 88' lang='lat' dir='ltr'><strong>retia</strong></span> <span class='ocrx_word' id='word_1_699' title='bbox 1054 4717 1369 4774; x_wconf 88' lang='lat' dir='ltr'><strong>volucribus</strong></span> <span class='ocrx_word' id='word_1_700' title='bbox 1399 4720 1465 4774; x_wconf 82' lang='lat'><strong>&quot;.</strong></span> <span class='ocrx_word' id='word_1_701' title='bbox 1501 4741 1520 4772; x_wconf 74' lang='grc' dir='ltr'><strong>ι</strong></span> <span class='ocrx_word' id='word_1_702' title='bbox 1570 4721 1672 4786; x_wconf 90' lang='lat' dir='ltr'><strong>Qui</strong></span> <span class='ocrx_word' id='word_1_703' title='bbox 1703 4723 1871 4788; x_wconf 90' lang='lat' dir='ltr'><strong>enim,</strong></span> <span class='ocrx_word' id='word_1_704' title='bbox 1905 4726 2099 4795; x_wconf 87' lang='lat' dir='ltr'><strong>inquit,</strong></span> 
     </span>
    </p>
   </div>
   <div class='ocr_carea' id='block_1_98' title="bbox 2201 4709 3775 4795">
    <p class='ocr_par' dir='ltr' id='par_1_98' title="bbox 2205 4723 3775 4794">
     <span class='ocr_line' id='line_1_98' title="bbox 2205 4723 3775 4794; baseline 0.001 -19"><span class='ocrx_word' id='word_1_705' title='bbox 2205 4723 2439 4775; x_wconf 86' lang='grc' dir='ltr'>τείνεται</span> <span class='ocrx_word' id='word_1_706' title='bbox 2471 4723 2660 4775; x_wconf 89' lang='grc' dir='ltr'>δίκτυα</span> <span class='ocrx_word' id='word_1_707' title='bbox 2687 4727 3041 4794; x_wconf 74' lang='grc' dir='ltr'>πτερωτοῖς.»</span> <span class='ocrx_word' id='word_1_708' title='bbox 3064 4725 3125 4776; x_wconf 86' lang='grc' dir='ltr'>Οἰ</span> <span class='ocrx_word' id='word_1_709' title='bbox 3156 4724 3283 4793; x_wconf 78' lang='grc' dir='ltr'>γὰρ,</span> <span class='ocrx_word' id='word_1_710' title='bbox 3317 4725 3434 4791; x_wconf 69' lang='grc' dir='ltr'>ἐξὸν</span> <span class='ocrx_word' id='word_1_711' title='bbox 3463 4725 3775 4793; x_wconf 83' lang='grc' dir='ltr'>καταφωτί-</span> 
     </span>
    </p>
   </div>
   <div class='ocr_carea' id='block_1_99' title="bbox 542 4797 2099 4887">
    <p class='ocr_par' dir='ltr' id='par_1_99' title="bbox 542 4797 2099 4886">
     <span class='ocr_line' id='line_1_99' title="bbox 542 4797 2099 4886; baseline 0.014 -37"><span class='ocrx_word' id='word_1_712' title='bbox 542 4797 680 4852; x_wconf 88' lang='lat' dir='ltr'><strong>lucis</strong></span> <span class='ocrx_word' id='word_1_713' title='bbox 720 4803 1013 4873; x_wconf 88' lang='lat' dir='ltr'><strong>participes</strong></span> <span class='ocrx_word' id='word_1_714' title='bbox 1047 4821 1170 4862; x_wconf 89' lang='lat' dir='ltr'><strong>esse</strong></span> <span class='ocrx_word' id='word_1_715' title='bbox 1216 4823 1342 4863; x_wconf 93' lang='lat' dir='ltr'><strong>cum</strong></span> <span class='ocrx_word' id='word_1_716' title='bbox 1392 4813 1625 4880; x_wconf 88' lang='lat' dir='ltr'><strong>possint,</strong></span> <span class='ocrx_word' id='word_1_717' title='bbox 1655 4813 1708 4866; x_wconf 91' lang='lat' dir='ltr'><strong>in</strong></span> <span class='ocrx_word' id='word_1_718' title='bbox 1753 4816 1998 4871; x_wconf 87' lang='lat' dir='ltr'><strong>tenebris</strong></span> <span class='ocrx_word' id='word_1_719' title='bbox 2024 4817 2099 4886; x_wconf 86' lang='lat' dir='ltr'><strong>ja-</strong></span> 
     </span>
    </p>
   </div>
   <div class='ocr_carea' id='block_1_100' title="bbox 2201 4797 3776 4887">
    <p class='ocr_par' dir='ltr' id='par_1_100' title="bbox 2209 4813 3776 4887">
     <span class='ocr_line' id='line_1_100' title="bbox 2209 4813 3776 4887; baseline 0.001 -20"><span class='ocrx_word' id='word_1_720' title='bbox 2209 4813 2415 4878; x_wconf 80' lang='grc' dir='ltr'>ζεσθαι,</span> <span class='ocrx_word' id='word_1_721' title='bbox 2447 4813 2598 4882; x_wconf 78' lang='grc' dir='ltr'>φησὶ,</span> <span class='ocrx_word' id='word_1_722' title='bbox 2629 4814 2691 4866; x_wconf 89' lang='grc' dir='ltr'><strong>τὸ</strong></span> <span class='ocrx_word' id='word_1_723' title='bbox 2719 4816 2776 4868; x_wconf 79' lang='grc' dir='ltr'>ἐν</span> <span class='ocrx_word' id='word_1_724' title='bbox 2809 4815 2984 4885; x_wconf 89' lang='grc' dir='ltr'>σκότῳ</span> <span class='ocrx_word' id='word_1_725' title='bbox 3017 4814 3226 4868; x_wconf 86' lang='grc' dir='ltr'>κεῖσθαι</span> <span class='ocrx_word' id='word_1_726' title='bbox 3264 4817 3614 4887; x_wconf 83' lang='grc' dir='ltr'>τιμήσαντες,</span> <span class='ocrx_word' id='word_1_727' title='bbox 3657 4817 3776 4880; x_wconf 81' lang='grc' dir='ltr'><strong>πῶς</strong></span> 
     </span>
    </p>
   </div>
   <div class='ocr_carea' id='block_1_101' title="bbox 542 4891 2099 4970">
    <p class='ocr_par' dir='ltr' id='par_1_101' title="bbox 542 4891 2099 4963">
     <span class='ocr_line' id='line_1_101' title="bbox 542 4891 2099 4963; baseline 0.013 -22"><span class='ocrx_word' id='word_1_728' title='bbox 542 4902 666 4941; x_wconf 90' lang='lat' dir='ltr'><strong>cere</strong></span> <span class='ocrx_word' id='word_1_729' title='bbox 718 4891 948 4960; x_wconf 86' lang='lat' dir='ltr'><strong>malunt,</strong></span> <span class='ocrx_word' id='word_1_730' title='bbox 997 4899 1273 4963; x_wconf 88' lang='lat' dir='ltr'><strong>quomodo</strong></span> <span class='ocrx_word' id='word_1_731' title='bbox 1324 4915 1431 4954; x_wconf 90' lang='lat' dir='ltr'><strong>non</strong></span> <span class='ocrx_word' id='word_1_732' title='bbox 1485 4904 1627 4958; x_wconf 90' lang='lat' dir='ltr'><strong>mala</strong></span> <span class='ocrx_word' id='word_1_733' title='bbox 1676 4904 1780 4957; x_wconf 91' lang='lat' dir='ltr'><strong>sibi</strong></span> <span class='ocrx_word' id='word_1_734' title='bbox 1823 4921 2099 4963; x_wconf 80' lang='lat' dir='ltr'><strong>arcessere</strong></span> 
     </span>
    </p>
   </div>
   <div class='ocr_carea' id='block_1_102' title="bbox 2201 4891 3774 4970">
    <p class='ocr_par' dir='ltr' id='par_1_102' title="bbox 2205 4901 3774 4970">
     <span class='ocr_line' id='line_1_102' title="bbox 2205 4901 3774 4970; baseline 0 -12"><span class='ocrx_word' id='word_1_735' title='bbox 2205 4908 2305 4958; x_wconf 78' lang='grc' dir='ltr'><strong>οὐκ</strong></span> <span class='ocrx_word' id='word_1_736' title='bbox 2354 4905 2418 4958; x_wconf 87' lang='grc' dir='ltr'><strong>ἂν</strong></span> <span class='ocrx_word' id='word_1_737' title='bbox 2454 4901 2563 4958; x_wconf 82' lang='grc' dir='ltr'>εἶεν</span> <span class='ocrx_word' id='word_1_738' title='bbox 2593 4907 2821 4970; x_wconf 86' lang='grc' dir='ltr'>εἰκότως</span> <span class='ocrx_word' id='word_1_739' title='bbox 2846 4906 3000 4960; x_wconf 69' lang='grc' dir='ltr'>αὐτοὶ</span> <span class='ocrx_word' id='word_1_740' title='bbox 3043 4906 3164 4959; x_wconf 86' lang='grc' dir='ltr'>καθ’</span> <span class='ocrx_word' id='word_1_741' title='bbox 3199 4907 3407 4959; x_wconf 79' lang='grc' dir='ltr'>ἑαυτῶν</span> <span class='ocrx_word' id='word_1_742' title='bbox 3449 4907 3557 4960; x_wconf 90' lang='grc' dir='ltr'><strong>τῶν</strong></span> <span class='ocrx_word' id='word_1_743' title='bbox 3585 4907 3774 4960; x_wconf 84' lang='grc' dir='ltr'>δεινῶν</span> 
     </span>
    </p>
   </div>
   <div class='ocr_carea' id='block_1_103' title="bbox 543 4978 2099 5068">
    <p class='ocr_par' dir='ltr' id='par_1_103' title="bbox 543 4978 2099 5066">
     <span class='ocr_line' id='line_1_103' title="bbox 543 4978 2099 5066; baseline 0.015 -34"><span class='ocrx_word' id='word_1_744' title='bbox 543 4978 856 5042; x_wconf 84' lang='lat' dir='ltr'><strong>credentur,</strong></span> <span class='ocrx_word' id='word_1_745' title='bbox 890 4997 1014 5036; x_wconf 91' lang='lat' dir='ltr'><strong>cum</strong></span> <span class='ocrx_word' id='word_1_746' title='bbox 1050 5001 1146 5040; x_wconf 87' lang='lat' dir='ltr'><strong>sua</strong></span> <span class='ocrx_word' id='word_1_747' title='bbox 1177 4999 1370 5057; x_wconf 83' lang='lat' dir='ltr'><strong>sponte</strong></span> <span class='ocrx_word' id='word_1_748' title='bbox 1397 5007 1460 5045; x_wconf 80' lang='lat' dir='ltr'><strong>ea</strong></span> <span class='ocrx_word' id='word_1_749' title='bbox 1491 4997 1790 5061; x_wconf 86' lang='lat' dir='ltr'><strong>patiantur,</strong></span> <span class='ocrx_word' id='word_1_750' title='bbox 1821 5013 1943 5066; x_wconf 61' lang='lat' dir='ltr'><strong>qua</strong></span> <span class='ocrx_word' id='word_1_751' title='bbox 1971 4998 2099 5054; x_wconf 67' lang='grc' dir='ltr'>εσυ-</span> 
     </span>
    </p>
   </div>
   <div class='ocr_carea' id='block_1_104' title="bbox 2201 4978 3775 5068">
    <p class='ocr_par' dir='ltr' id='par_1_104' title="bbox 2202 4997 3775 5068">
     <span class='ocr_line' id='line_1_104' title="bbox 2202 4997 3775 5068; baseline -0.001 -18"><span class='ocrx_word' id='word_1_752' title='bbox 2202 4998 2435 5068; x_wconf 71' lang='grc' dir='ltr'>όρισταὶ,</span> <span class='ocrx_word' id='word_1_753' title='bbox 2474 4997 2568 5050; x_wconf 82' lang='grc' dir='ltr'>καὶ</span> <span class='ocrx_word' id='word_1_754' title='bbox 2615 4998 2904 5067; x_wconf 83' lang='grc' dir='ltr'>αὐτόμολοι</span> <span class='ocrx_word' id='word_1_755' title='bbox 2959 4998 3093 5067; x_wconf 88' lang='grc' dir='ltr'>πρὸς</span> <span class='ocrx_word' id='word_1_756' title='bbox 3133 4999 3196 5050; x_wconf 83' lang='grc' dir='ltr'><strong>τὸ</strong></span> <span class='ocrx_word' id='word_1_757' title='bbox 3229 4998 3423 5051; x_wconf 80' lang='grc' dir='ltr'>παθεῖν</span> <span class='ocrx_word' id='word_1_758' title='bbox 3461 4999 3497 5052; x_wconf 81' lang='grc' dir='ltr'><strong>ἀ</strong></span> <span class='ocrx_word' id='word_1_759' title='bbox 3532 4999 3625 5052; x_wconf 78' lang='grc' dir='ltr'><strong>καὶ</strong></span> <span class='ocrx_word' id='word_1_760' title='bbox 3662 4998 3775 5050; x_wconf 86' lang='grc' dir='ltr'>δια-</span> 
     </span>
    </p>
   </div>
   <div class='ocr_carea' id='block_1_105' title="bbox 543 5069 2099 5161">
    <p class='ocr_par' dir='ltr' id='par_1_105' title="bbox 543 5069 2099 5145">
     <span class='ocr_line' id='line_1_105' title="bbox 543 5069 2099 5145; baseline 0.013 -22"><span class='ocrx_word' id='word_1_761' title='bbox 543 5084 668 5139; x_wconf 83' lang='lat' dir='ltr'><strong>gere</strong></span> <span class='ocrx_word' id='word_1_762' title='bbox 703 5069 907 5136; x_wconf 84' lang='lat' dir='ltr'><strong>liceret,</strong></span> <span class='ocrx_word' id='word_1_763' title='bbox 951 5074 996 5128; x_wconf 93' lang='lat' dir='ltr'><strong>si</strong></span> <span class='ocrx_word' id='word_1_764' title='bbox 1026 5081 1166 5145; x_wconf 65' lang='lat' dir='ltr'><strong>aequi</strong></span> <span class='ocrx_word' id='word_1_765' title='bbox 1206 5094 1386 5132; x_wconf 89' lang='lat' dir='ltr'><strong>rerum</strong></span> <span class='ocrx_word' id='word_1_766' title='bbox 1437 5085 1798 5142; x_wconf 60' lang='lat' dir='ltr'><strong>aestimatores</strong></span> <span class='ocrx_word' id='word_1_767' title='bbox 1823 5104 1947 5143; x_wconf 82' lang='lat' dir='ltr'><strong>esse</strong></span> <span class='ocrx_word' id='word_1_768' title='bbox 1990 5092 2099 5144; x_wconf 89' lang='lat' dir='ltr'><strong>vel-</strong></span> 
     </span>
    </p>
   </div>
   <div class='ocr_carea' id='block_1_106' title="bbox 2201 5069 3772 5161">
    <p class='ocr_par' dir='ltr' id='par_1_106' title="bbox 2205 5084 3772 5161">
     <span class='ocr_line' id='line_1_106' title="bbox 2205 5084 3772 5161; baseline 0.001 -22"><span class='ocrx_word' id='word_1_769' title='bbox 2205 5089 2423 5157; x_wconf 87' lang='grc' dir='ltr'>φεύγειν</span> <span class='ocrx_word' id='word_1_770' title='bbox 2471 5087 2627 5159; x_wconf 77' lang='grc' dir='ltr'>ὲξῆν,</span> <span class='ocrx_word' id='word_1_771' title='bbox 2678 5091 2835 5158; x_wconf 81' lang='grc' dir='ltr'>εἰπερ</span> <span class='ocrx_word' id='word_1_772' title='bbox 2882 5084 3020 5157; x_wconf 76' lang='grc' dir='ltr'>ἦσαν</span> <span class='ocrx_word' id='word_1_773' title='bbox 3063 5089 3214 5158; x_wconf 70' lang='grc' dir='ltr'>ὀρθοὶ</span> <span class='ocrx_word' id='word_1_774' title='bbox 3261 5090 3370 5142; x_wconf 88' lang='grc' dir='ltr'><strong>τῶν</strong></span> <span class='ocrx_word' id='word_1_775' title='bbox 3427 5090 3772 5161; x_wconf 79' lang='grc' dir='ltr'>πραγμάτων</span> 
     </span>
    </p>
   </div>
   <div class='ocr_carea' id='block_1_107' title="bbox 543 5161 2099 5248">
    <p class='ocr_par' dir='ltr' id='par_1_107' title="bbox 543 5161 2099 5245">
     <span class='ocr_line' id='line_1_107' title="bbox 543 5161 2099 5245; baseline 0.012 -31"><span class='ocrx_word' id='word_1_776' title='bbox 543 5161 672 5225; x_wconf 88' lang='lat' dir='ltr'><strong>lent,</strong></span> <span class='ocrx_word' id='word_1_777' title='bbox 700 5171 752 5216; x_wconf 92' lang='lat' dir='ltr'><strong>et</strong></span> <span class='ocrx_word' id='word_1_778' title='bbox 778 5162 1021 5219; x_wconf 85' lang='lat' dir='ltr'><strong>tenebris</strong></span> <span class='ocrx_word' id='word_1_779' title='bbox 1052 5166 1228 5221; x_wconf 91' lang='lat' dir='ltr'><strong>lucem</strong></span> <span class='ocrx_word' id='word_1_780' title='bbox 1257 5175 1420 5238; x_wconf 87' lang='lat' dir='ltr'><strong>atque</strong></span> <span class='ocrx_word' id='word_1_781' title='bbox 1467 5173 1695 5228; x_wconf 89' lang='lat' dir='ltr'><strong>honesta</strong></span> <span class='ocrx_word' id='word_1_782' title='bbox 1727 5177 1976 5245; x_wconf 87' lang='lat' dir='ltr'><strong>turpibus</strong></span> <span class='ocrx_word' id='word_1_783' title='bbox 2007 5195 2099 5232; x_wconf 92' lang='lat' dir='ltr'><strong>an-</strong></span> 
     </span>
    </p>
   </div>
   <div class='ocr_carea' id='block_1_108' title="bbox 2201 5161 3773 5248">
    <p class='ocr_par' dir='ltr' id='par_1_108' title="bbox 2204 5178 3773 5248">
     <span class='ocr_line' id='line_1_108' title="bbox 2204 5178 3773 5248; baseline -0.001 -17"><span class='ocrx_word' id='word_1_784' title='bbox 2204 5178 2524 5243; x_wconf 73' lang='grc' dir='ltr'>ὲξετασταὶ,</span> <span class='ocrx_word' id='word_1_785' title='bbox 2577 5180 2637 5232; x_wconf 89' lang='grc' dir='ltr'><strong>τὸ</strong></span> <span class='ocrx_word' id='word_1_786' title='bbox 2676 5178 3006 5247; x_wconf 77' lang='grc' dir='ltr'>φωτίζεσθαι</span> <span class='ocrx_word' id='word_1_787' title='bbox 3057 5179 3258 5248; x_wconf 72' lang='grc' dir='ltr'>μᾶλλον</span> <span class='ocrx_word' id='word_1_788' title='bbox 3316 5180 3521 5233; x_wconf 79' lang='grc' dir='ltr'>ἐθέλειν</span> <span class='ocrx_word' id='word_1_789' title='bbox 3559 5178 3652 5230; x_wconf 91' lang='grc' dir='ltr'><strong>τοῦ</strong></span> <span class='ocrx_word' id='word_1_790' title='bbox 3697 5179 3773 5248; x_wconf 82' lang='grc' dir='ltr'><strong>μὴ</strong></span> 
     </span>
    </p>
   </div>
   <div class='ocr_carea' id='block_1_109' title="bbox 545 5251 2099 5340">
    <p class='ocr_par' dir='ltr' id='par_1_109' title="bbox 545 5251 2099 5322">
     <span class='ocr_line' id='line_1_109' title="bbox 545 5251 2099 5322; baseline 0.012 -19"><span class='ocrx_word' id='word_1_791' title='bbox 545 5251 788 5306; x_wconf 77' lang='lat' dir='ltr'><strong>teferre?</strong></span> <span class='ocrx_word' id='word_1_792' title='bbox 822 5251 1086 5309; x_wconf 63' lang='lat' dir='ltr'><strong>Praeterea</strong></span> <span class='ocrx_word' id='word_1_793' title='bbox 1135 5256 1358 5313; x_wconf 80' lang='lat' dir='ltr'><strong>liberam</strong></span> <span class='ocrx_word' id='word_1_794' title='bbox 1407 5275 1438 5314; x_wconf 91' lang='lat' dir='ltr'><strong>a</strong></span> <span class='ocrx_word' id='word_1_795' title='bbox 1483 5264 1829 5320; x_wconf 84' lang='lat' dir='ltr'><strong>necessitatis</strong></span> <span class='ocrx_word' id='word_1_796' title='bbox 1872 5266 2099 5322; x_wconf 87' lang='lat' dir='ltr'><strong>vinculis</strong></span> 
     </span>
    </p>
   </div>
   <div class='ocr_carea' id='block_1_110' title="bbox 2201 5251 3774 5340">
    <p class='ocr_par' dir='ltr' id='par_1_110' title="bbox 2209 5265 3774 5340">
     <span class='ocr_line' id='line_1_110' title="bbox 2209 5265 3774 5340; baseline -0.002 -17"><span class='ocrx_word' id='word_1_797' title='bbox 2209 5271 2451 5324; x_wconf 91' lang='grc' dir='ltr'>τοιούτου</span> <span class='ocrx_word' id='word_1_798' title='bbox 2495 5270 2897 5340; x_wconf 86' lang='grc' dir='ltr'>προκρίνοντες,</span> <span class='ocrx_word' id='word_1_799' title='bbox 2929 5271 3022 5322; x_wconf 70' lang='grc' dir='ltr'><strong>καὶ</strong></span> <span class='ocrx_word' id='word_1_800' title='bbox 3059 5269 3167 5322; x_wconf 79' lang='grc' dir='ltr'><strong>τῶν</strong></span> <span class='ocrx_word' id='word_1_801' title='bbox 3204 5270 3501 5335; x_wconf 87' lang='grc' dir='ltr'>ἀμεινόνων</span> <span class='ocrx_word' id='word_1_802' title='bbox 3542 5265 3774 5337; x_wconf 86' lang='grc' dir='ltr'>δεύτερα</span> 
     </span>
    </p>
   </div>
   <div class='ocr_carea' id='block_1_111' title="bbox 546 5341 2099 5429">
    <p class='ocr_par' dir='ltr' id='par_1_111' title="bbox 546 5341 2099 5423">
     <span class='ocr_line' id='line_1_111' title="bbox 546 5341 2099 5423; baseline 0.012 -29"><span class='ocrx_word' id='word_1_803' title='bbox 546 5341 786 5398; x_wconf 86' lang='lat' dir='ltr'><strong>hominis</strong></span> <span class='ocrx_word' id='word_1_804' title='bbox 832 5344 1171 5401; x_wconf 83' lang='lat' dir='ltr'><strong>voluntatem</strong></span> <span class='ocrx_word' id='word_1_805' title='bbox 1218 5353 1482 5419; x_wconf 88' lang='lat' dir='ltr'><strong>servavit,</strong></span> <span class='ocrx_word' id='word_1_806' title='bbox 1527 5361 1584 5409; x_wconf 90' lang='lat' dir='ltr'><strong>et</strong></span> <span class='ocrx_word' id='word_1_807' title='bbox 1627 5363 1824 5423; x_wconf 84' lang='lat' dir='ltr'><strong>su0pte</strong></span> <span class='ocrx_word' id='word_1_808' title='bbox 1873 5366 2009 5412; x_wconf 88' lang='lat' dir='ltr'><strong>nutu</strong></span> <span class='ocrx_word' id='word_1_809' title='bbox 2046 5362 2099 5413; x_wconf 90' lang='lat' dir='ltr'><strong>in</strong></span> 
     </span>
    </p>
   </div>
   <div class='ocr_carea' id='block_1_112' title="bbox 2201 5341 3770 5429">
    <p class='ocr_par' dir='ltr' id='par_1_112' title="bbox 2212 5353 3770 5429">
     <span class='ocr_line' id='line_1_112' title="bbox 2212 5353 3770 5429; baseline -0.003 -17"><span class='ocrx_word' id='word_1_810' title='bbox 2212 5359 2480 5414; x_wconf 84' lang='grc' dir='ltr'>ποιεῖσθαι</span> <span class='ocrx_word' id='word_1_811' title='bbox 2523 5359 2850 5428; x_wconf 84' lang='grc' dir='ltr'>μελετῶντες</span> <span class='ocrx_word' id='word_1_812' title='bbox 2893 5360 2960 5411; x_wconf 76' lang='grc' dir='ltr'>τὰ</span> <span class='ocrx_word' id='word_1_813' title='bbox 3000 5359 3276 5429; x_wconf 58' lang='grc' dir='ltr'>αἰσχίονας</span> <span class='ocrx_word' id='word_1_814' title='bbox 3338 5353 3661 5424; x_wconf 78' lang='grc' dir='ltr'>Ἐλευθέραν</span> <span class='ocrx_word' id='word_1_815' title='bbox 3709 5355 3770 5408; x_wconf 64' lang='grc' dir='ltr'>δὲ</span> 
     </span>
    </p>
   </div>
   <div class='ocr_carea' id='block_1_113' title="bbox 549 5441 2099 5522">
    <p class='ocr_par' dir='ltr' id='par_1_113' title="bbox 549 5441 2099 5506">
     <span class='ocr_line' id='line_1_113' title="bbox 549 5441 2099 5506; baseline 0.014 -21"><span class='ocrx_word' id='word_1_816' title='bbox 549 5443 833 5504; x_wconf 83' lang='lat' dir='ltr'><strong>utramque</strong></span> <span class='ocrx_word' id='word_1_817' title='bbox 859 5442 1073 5506; x_wconf 77' lang='lat' dir='ltr'><strong>partem</strong></span> <span class='ocrx_word' id='word_1_818' title='bbox 1107 5441 1417 5502; x_wconf 80' lang='lat' dir='ltr'><strong>tendentem</strong></span> <span class='ocrx_word' id='word_1_819' title='bbox 1469 5456 1527 5501; x_wconf 90' lang='lat' dir='ltr'><strong>ut</strong></span> <span class='ocrx_word' id='word_1_820' title='bbox 1553 5462 1622 5502; x_wconf 76' lang='lat' dir='ltr'><strong>ex</strong></span> <span class='ocrx_word' id='word_1_821' title='bbox 1651 5447 1788 5504; x_wconf 84' lang='lat' dir='ltr'><strong>bene</strong></span> <span class='ocrx_word' id='word_1_822' title='bbox 1821 5451 1958 5506; x_wconf 85' lang='lat' dir='ltr'><strong>actis</strong></span> <span class='ocrx_word' id='word_1_823' title='bbox 1990 5451 2099 5506; x_wconf 87' lang='lat' dir='ltr'><strong>lau-</strong></span> 
     </span>
    </p>
   </div>
   <div class='ocr_carea' id='block_1_114' title="bbox 2201 5441 3773 5522">
    <p class='ocr_par' dir='ltr' id='par_1_114' title="bbox 2214 5445 3773 5522">
     <span class='ocr_line' id='line_1_114' title="bbox 2214 5445 3773 5522; baseline -0.003 -17"><span class='ocrx_word' id='word_1_824' title='bbox 2214 5453 2374 5506; x_wconf 88' lang='grc' dir='ltr'>πάλιν</span> <span class='ocrx_word' id='word_1_825' title='bbox 2413 5452 2540 5506; x_wconf 87' lang='grc' dir='ltr'>τῶν·</span> <span class='ocrx_word' id='word_1_826' title='bbox 2563 5450 2623 5514; x_wconf 77' lang='grc' dir='ltr'><strong>ἐξ</strong></span> <span class='ocrx_word' id='word_1_827' title='bbox 2671 5451 2914 5522; x_wconf 81' lang='grc' dir='ltr'>ἀνάγκης</span> <span class='ocrx_word' id='word_1_828' title='bbox 2955 5450 3168 5520; x_wconf 85' lang='grc' dir='ltr'>δεσμῶν</span> <span class='ocrx_word' id='word_1_829' title='bbox 3211 5449 3307 5518; x_wconf 79' lang='grc' dir='ltr'><strong>τὴν</strong></span> <span class='ocrx_word' id='word_1_830' title='bbox 3350 5445 3444 5499; x_wconf 86' lang='grc' dir='ltr'><strong>τοῦ</strong></span> <span class='ocrx_word' id='word_1_831' title='bbox 3483 5445 3773 5519; x_wconf 83' lang='grc' dir='ltr'>ἀνθρώπου</span> 
     </span>
    </p>
   </div>
   <div class='ocr_carea' id='block_1_115' title="bbox 613 5605 1059 5665">
    <p class='ocr_par' dir='ltr' id='par_1_115' title="bbox 613 5605 1059 5665">
     <span class='ocr_line' id='line_1_115' title="bbox 613 5605 1059 5665; baseline 0 -5"><span class='ocrx_word' id='word_1_832' title='bbox 613 5605 658 5636; x_wconf 77' lang='grc'><strong><em>’³</em></strong></span> <span class='ocrx_word' id='word_1_833' title='bbox 702 5605 922 5664; x_wconf 80' lang='lat' dir='ltr'><strong>PrOV-t.</strong></span> <span class='ocrx_word' id='word_1_834' title='bbox 960 5609 1059 5665; x_wconf 76' lang='grc' dir='ltr'><strong>Π..</strong></span> 
     </span>
    </p>
   </div>
  </div>
