4090 6266
295 320 414 386 ³237

1411 328 1482 386 lN
1517 329 1804 387 JOANNIS
1839 329 2291 388 EVANGELIUM
2328 333 2459 390 LIB.
2499 318 2565 389 rt.

3460 340 3563 394 £38

312 449 607 519 διετήρησε
641 447 905 519 γνώμην,
938 448 1033 503 καὶ
1081 449 1275 519 ῥοπαῐς
1312 448 1543 512 οἰκείαις
1588 449 1675 501 ἐπ’
1720 447 1872 518 ἄμφιι

1991 445 2115 500 dem
2145 446 2272 517 jure
2307 447 2598 519 suscipiat,
2629 457 2683 504 et
2728 464 2795 506 ex
2844 451 3141 507 contrariis
3193 452 3562 523 punitio-rem.

316 538 667 608 βαδίζουσαν,
710 539 799 593 ἵνα
826 539 1045 610 δέχηται
1084 540 1311 603 δικαίως
1343 539 1564 593 ἔπαινόν
1595 554 1654 593 τε
1685 539 1778 592 τὸν
1802 540 1888 592 ἐπ’

315 630 566 700 ἀγαθοῖς,
598 630 695 685 καὶ
727 629 824 701 τὴν
857 631 946 684 ἐπὶ
969 632 1081 693 τοῖς
1117 630 1383 694 ἐναντίοις
1405 632 1624 684 κόλασιν
1644 647 1659 661 ·
1698 629 1889 701 ὥσπερ

316 718 413 776 οὗν
458 720 650 790 ἀμέλει
696 720 789 772 καὶ
835 719 894 772 ἐν
934 718 1141 789 ἑτέροις
1177 717 1336 771 τοῦτο
1377 717 1632 788 δέδειχεν,
1681 717 1884 769 εἰπών·

327 829 348 861 ο
395 811 525 864 Ἐὰν
557 810 763 879 θέλητε,
786 808 892 863 ’καὶ
925 808 1279 880 είσακούσητέ
1312 825 1437 879 μου,
1464 807 1533 860 τὰ
1571 806 1749 876 ἀγαθὰ
1786 808 1888 879 τῆς

324 906 430 975 γῆς
459 901 688 972 φάγεσθε
707 916 722 930 ·
754 900 849 953 ἐὰν
881 899 937 952 δέ
972 899 1047 970 μὴ
1092 900 1280 970 θέλητε
1300 938 1315 963 ,
1354 898 1489 970 μηδέ
1532 899 1885 971 εἰσακοὺσητέ

330 1009 452 1062 μου,
489 992 723 1061 μάχαιρα
756 991 902 1061 ὑμᾶς
933 989 1231 1043 κατέδεται.
1270 1008 1288 1039 ι

389 1081 512 1147 Πᾶς
541 1081 649 1150 γὰρ
681 1084 714 1134 ό
740 1080 947 1150 φαῦλα
980 1079 1276 1147 πράσσων
1309 1077 1482 1148 μισεῖ
1504 1078 1573 1134 τὸ
1604 1077 1747 1148 φῶς,
1784 1079 1883 1133 καί

306 1174 425 1225 “vim
446 1171 675 1240 ἔρχεται
705 1171 857 1240 πρὸς
882 1169 949 1224 τὸ
969 1170 1118 1239 φῶς,
1142 1169 1243 1222 ἵνα
1265 1168 1351 1238 μὴ
1371 1167 1630 1238 ἐλεγχθῇ
1650 1169 1723 1223 τὰ
1740 1168 1886 1239 ἔργα

303 1263 517 1318 ίαὺτοῦ.

395 1352 849 1423 Ἐπεξεργάζεται
880 1351 1170 1423 χρησίμως
1199 1352 1260 1406 τὺ
1304 1353 1614 1426 εἰρημένον,
1657 1352 1751 1406 καὶ
1790 1351 1883 1405 τὸν

315 1446 403 1498 ἐπὶ
428 1448 540 1507 τοῖς
568 1445 943 1517 συμφέρουσιν
976 1444 1135 1497 ὄκνον
1172 1444 1231 1510 ἐξ
1260 1446 1480 1518 ἀγάπης
1517 1445 1648 1499 ὄντα
1673 1446 1773 1516 τῆς
1801 1448 1881 1509 εἰς

314 1539 371 1590 τὸ
394 1536 595 1605 φαῦλον
626 1537 859 1605 ἐλέγχει,
890 1535 987 1587 καὶ
1019 1535 1174 1606 ῥίζαν
1194 1535 1387 1606 ἔχοντα
1411 1538 1472 1591 τὸ
1498 1538 1571 1608 μὴ
1599 1536 1881 1605 βούλεσθαι

315 1618 527 1694 μαθεῖν,
557 1627 623 1678 δι’
654 1618 731 1678 ὧν
762 1624 828 1678 ἂν
860 1624 1070 1691 γένοιτό
1110 1641 1193 1688 τις
1232 1625 1394 1693 σοφός
1428 1642 1489 1679 τε
1520 1627 1612 1679 καὶ
1659 1626 1878 1694 ἀγαθός.

311 1716 509 1784 Φεύγει
558 1716 665 1786 μὲν
715 1715 827 1784 γὰρ
875 1717 973 1770 καί
1025 1718 1408 1787 παραιτεῖται,
1455 1718 1654 1788 φησιν,
1703 1719 1732 1770 ὁ
1774 1717 1881 1771 τῶν

1989 535 2147 602 Quod
2177 538 2307 592 alibi
2339 556 2559 610 quoque
2586 541 2847 606 ostendit,
2875 542 3097 599 dicens:
3137 562 3157 596 ι
3197 543 3254 600 Si
3278 546 3562 603 volueritis

1986 634 2041 682 et
2074 628 2358 683 audieritis
2399 645 2505 694 me,
2546 631 2688 686 bona
2728 642 2889 687 terra:
2932 634 3275 691 comedetis:
3325 637 3470 708 quod
3514 653 3562 692 ει

1988 719 2280 775 nolueritis
2304 735 2480 791 neque
2508 722 2869 777 exaudieritis
2900 740 3004 789 me,
3024 725 3246 795 gladius
3275 726 3562 782 devorahit

1990 823 2087 865 vos
2116 809 2183 862 “.
2218 828 2236 862 ι

2065 1068 2166 1133 ΙΙΙ,
2200 1069 2291 1124 20.
2336 1071 2523 1125 Omnis
2574 1072 2709 1124 enim
2752 1066 2843 1141 qui
2877 1074 3015 1128 male
3041 1076 3181 1144 agit,
3224 1076 3336 1131 odit
3370 1077 3553 1138 lucem,

1983 1168 2035 1215 et
2082 1176 2185 1214 non
2234 1161 2369 1215 venit
2420 1159 2490 1213 ad
2536 1162 2724 1225 lucem,
2782 1174 2841 1215 ut
2896 1179 2997 1217 non
3047 1175 3343 1235 arguantur
3400 1182 3556 1234 opera

1984 1253 2119 1322 ejus.

2055 1342 2273 1399 Utiliter
2315 1346 2491 1415 pergit
2531 1346 2587 1401 in
2620 1349 2966 1419 expositione
2995 1349 3116 1419 ejus
3156 1350 3300 1421 quod
3346 1351 3553 1406 dictum

1982 1445 2085 1499 est,
2117 1445 2170 1489 et
2208 1438 2262 1489 in
2305 1437 2466 1493 bonis
2498 1442 2855 1510 capessendis
2882 1442 3165 1514 segnitiem
3196 1459 3260 1498 ex
3292 1444 3555 1515 improbi-

1983 1528 2114 1581 tatis
2173 1528 2361 1582 studio
2416 1530 2717 1599 profectam
2775 1534 2973 1603 arguit,
3033 1550 3262 1605 eamque
3317 1536 3553 1591 radicem

1985 1620 2204 1682 habere,
2253 1622 2398 1690 quod
2435 1622 2695 1679 nimirum
2732 1640 2794 1680 ea
2830 1626 3053 1682 discere
3104 1628 3265 1689 nolit,
3305 1645 3397 1697 per
3435 1642 3555 1698 qua:

1985 1711 2109 1779 quis
2139 1712 2358 1778 sapiens
2387 1712 2583 1765 evadat
2625 1727 2690 1767 ac
2724 1714 2925 1770 bonus.
2974 1714 3137 1785 Fugit
3182 1718 3329 1770 enim
3377 1731 3439 1770 ac
3468 1732 3553 1771 res

314 1806 570 1878 πονηρῶν
604 1806 842 1878 ἐργάτης
870 1806 933 1860 τδ
962 1807 1020 1860 ἐν
1049 1807 1189 1876 φωτὶ
1215 1806 1468 1875 γενέσθαι
1504 1808 1581 1878 τῷ
1609 1796 1756 1879 θείω,
1783 1808 1872 1861 οὐκ

1983 1800 2106 1853 nuit
2127 1800 2397 1854 malorum
2426 1799 2644 1863 artifex,
2667 1802 2866 1872 inquit,
2885 1802 3068 1857 divina
3094 1804 3146 1857 in
3170 1806 3291 1858 luce
3321 1806 3550 1868 versari,

314 1899 460 1951 αἰδοῖ
506 1901 572 1968 τῇ
616 1898 703 1951 διὰ
741 1897 803 1950 τὸ
847 1895 1050 1966 φαῦλον
1080 1897 1553 1968 ἐγκαλυπτόμενος
1588 1898 1642 1970 (ῆ
1678 1898 1786 1969 γὰρ
1815 1898 1881 1952 ἂν

318 1989 498 2060 ἐσώθη
532 1988 691 2043 τοῦτο
736 1988 985 2058 παθὼν),
1019 1988 1134 2041 ἀλλ’
1187 1989 1251 2042 ἐν
1299 1989 1492 2060 ἀγνοίᾳ
1553 1990 1734 2060 μένειν
1786 1989 1879 2042 τοῦ

315 2081 616 2151 πρέποντος
647 2079 906 2147 ἀγαπῶν,
953 2080 1037 2132 τνα
1069 2079 1145 2150 μὴ
1183 2080 1484 2151 πλήττηται
1524 2080 1876 2151 πλημμελῶν,

309 2171 651 2242 πικροτέροις
684 2170 784 2241 ήδη
829 2172 947 2233 τοῖς
996 2170 1105 2223 ἀπὸ
1146 2169 1249 2224 τοῦ
1292 2173 1591 2236 συνειδότος
1635 2172 1878 2243 ἐλέγχοις

309 2261 662 2334 προσϐαλὼν,
712 2260 804 2313 καὶ
869 2261 959 2314 διὰ
1010 2261 1106 2314 τοῦ
1154 2261 1340 2316 λοιπὸν
1386 2262 1770 2327 ἐξεπίστασθαι
1814 2266 1878 2318 τὸ

309 2353 532 2422 ἀγαθὸν,
572 2352 1007 2422 δυσαχθεστέραν
1044 2353 1256 2423 ὑφέξων
1301 2352 1380 2425 τῷ
1412 2356 1872 2429 κρίνοντΰδίκην,

308 2444 358 2498 εί
384 2445 459 2515 μὴ
494 2444 737 2513 βούλοιτο
766 2446 919 2516 δρᾷν,
953 2444 1095 2515 ἅπερ
1123 2446 1190 2500 ἂν
1219 2446 1426 2519 ἀρέσκῃ
1454 2448 1593 2518 Θεῷ.

388 2535 443 2590 '0
470 2537 540 2590 ea
570 2537 754 2591 ποιῶν
780 2536 1105 2605 ἀλήθειαν,
1145 2538 1289 2592 τοῦτ’
1325 2537 1472 2591 ἐστιν
1493 2578 1509 2603 ,
1557 2541 1585 2593 ὁ
1630 2542 1738 2595 τῶν
1778 2542 1877 2612 τῆς

308 2625 564 2696 ἀληθείας
600 2626 776 2698 ἐργων
814 2629 1053 2700 ἐραστής
1096 2645 1156 2682 τε
1202 2629 1297 2681 καὶ
1341 2633 1604 2701 ποιητὴς,
1642 2632 1876 2701 ἔρχεται

314 2718 455 2787 πρὸς
480 2719 547 2772 τὸ
587 2716 732 2787 φῶς,
774 2719 875 2772 ἵνα
904 2718 1214 2788 φανερωθῇ
1247 2719 1318 2773 τὰ
1359 2720 1504 2790 ἔργα
1534 2722 1742 2788 αὐτοῦ,
1786 2723 1877 2777 ὅτι

308 2809 378 2861 ἐν
404 2805 525 2873 Θεῷ
555 2807 724 2862 ἐστιν
748 2808 1124 2878 εἰργασμένα.

379 2900 452 2953 Οὐ
480 2900 590 2969 γὰρ
616 2903 967 2970 παραιτεῖται
992 2903 1084 2953 τὸν
1108 2903 1166 2954 ἐν
1195 2902 1464 2971 πνεύματι
1491 2907 1790 2975 φωτισμὸν,
1815 2906 1873 2973 ἐξ

313 2989 473 3044 αὐτοῦ
497 2990 563 3062 δὴ
593 2989 827 3059 μάλιστα
852 2993 988 3062 πρὸς
1011 2991 1074 3044 τὸ
1098 2991 1357 3047 δύνασθαι
1385 2998 1522 3048 νοεῖν
1560 2997 1875 3069 ἀσυναρπά-

310 3096 447 3141 στως
485 3080 1010 3151 χειραγωγούμενος,
1049 3083 1098 3133 εί
1135 3081 1214 3153 μὴ
1252 3082 1353 3153 τὴν
1391 3083 1540 3137 θείαν
1573 3086 1869 3156 ἐκϐέϐηκεν

306 3170 545 3240 ἐντολὴν,
587 3171 681 3224 καὶ
715 3172 766 3224 ει
801 3171 978 3225 πάντα
1008 3172 1150 3225 κατὰ
1190 3173 1355 3242 νόμον
1386 3175 1672 3245 εἴργασται
1709 3178 1864 3231 Θεοῦ.

310 3260 465 3313 Ἐστι
489 3260 668 3312 τοίνυν
687 3252 962 3325 ἀπόδειξις
981 3260 1217 3331 ἐναργὴς
1242 3261 1339 3332 τῆς
1367 3264 1464 3334 μὲν
1486 3267 1566 3328 είς
1588 3267 1649 3319 τὸ
1668 3266 1869 3335 φαῦλον

303 3347 557 3419 ἁχαλίνου
593 3347 784 3419 ῥοπῆς,
812 3350 906 3402 καὶ
930 3351 1168 3421 ἀκράτου
1197 3350 1336 3420 πρὸς
1359 3350 1420 3404 τὸ
1443 3356 1624 3422 χεῖρον
1652 3354 1867 3425 ἡδονῆς,

301 3441 360 3494 τὸ
395 3439 469 3509 μὴ
494 3438 749 3507 ἐθελῆσαι
773 3440 986 3519 μαθεῖν,
1016 3441 1086 3495 τὰ
1116 3441 1183 3495 δι’
1208 3436 1286 3497 ὧν
1305 3444 1371 3498 ἄν
1389 3460 1475 3508 τις
1505 3445 1691 3515 ίσχυσε
1734 3447 1869 3518 πρὸς

303 3535 363 3583 τὸ
409 3532 634 3601 ἄμεινον
678 3531 1013 3602 ἀναδραμεῖν
1038 3549 1053 3564 ·
1089 3532 1189 3603 τῆς
1232 3533 1290 3587 δὲ
1330 3535 1423 3588 ἐπὶ
1470 3539 1582 3599 τοῖς
1627 3537 1870 3608 ἀρίστοις

304 3618 600 3690 ἐπιθυμίας
624 3658 641 3683 ,
683 3619 746 3672 τὸ
795 3619 1123 3689 φωτίζεσθαι
1156 3620 1344 3691 διψῆν,
1383 3624 1477 3675 καλ⁵
1517 3623 1705 3695 ὥσπερ
1747 3626 1868 3680 τινὰ

303 3713 500 3766 κανόνα
534 3711 629 3765 καὶ
653 3711 1037 3783 ἀπευθυντῆρα
1064 3712 1202 3783 πρὸς
1223 3713 1322 3783 τὴν
1352 3715 1690 3786 ἀρέσκουσαν
1727 3718 1872 3771 πολιέ

312 3800 579 3883 τείανκτῷ
623 3798 761 3871 Θεῷ,
810 3800 899 3854 τὸν
952 3800 1117 3855 αὐτοῦ
1170 3804 1442 3857 ποιεῖσθαι
1495 3804 1685 3876 νόμον·
1732 3809 1869 3880 ὅπερ

303 3889 457 3954 εἰδὼς
482 3887 488 3897 ’
513 3890 688 3954 οὕτως
729 3891 895 3962 ἔχειν,
949 3892 1044 3946 καὶ
1087 3893 1117 3945 ὁ
1149 3892 1433 3958 θεσπέσιος
1487 3895 1681 3964 ἔψαλλε
1723 3899 1870 3952 Μελ-

302 3982 456 4050 φδός·
494 4003 511 4035 ι
535 3984 593 4038 '0
615 3984 779 4054 νόμος
806 3984 1013 4054 Κυρίου
1035 3986 1286 4057 ἄμωμος,
1306 3988 1650 4059 ἐπιστρέφων
1671 3989 1868 4060 ψυχὰς,

308 4075 340 4143 ἡ
386 4075 664 4145 μαρτυρία
706 4075 908 4146 Κυρίου
961 4077 1151 4147 πιστὴ,
1206 4078 1501 4147 σοφίζουσα
1555 4080 1760 4151 νήπια’
1803 4081 1873 4135 τὰ

300 4164 646 4233 δικαιώματα
678 4166 884 4236 Κυρίου
928 4166 1114 4231 εὐθέα,
1146 4168 1508 4239 εὐφραίνοντα
1539 4172 1792 4242 καρδίαν,
1836 4173 1871 4243 ἡ

301 4254 494 4324 ἐντολὴ
540 4256 747 4325 Κυρίου
775 4256 1079 4328 τηλαυγὴς,
1125 4260 1436 4327 φωτίζουσα
1477 4260 1809 4333 ὀφθαλμούς.
1847 4283 1865 4317 ι

369 4344 481 4400 Kal
511 4346 883 4415 μετὰνταῦτα
918 4345 1103 4418 ἦλθεν
1131 4354 1165 4404 ό
1199 4352 1430 4418 Ἰησοῦς
1453 4356 1543 4419 εἰς
1570 4355 1687 4423 τὴν
1725 4358 1869 4411 Ἰου-

1982 1904 2091 1943 non
2119 1888 2235 1942 vitii
2280 1888 2489 1960 pudore
2532 1891 2681 1959 (nam
2717 1892 2761 1944 si
2791 1888 2905 1947 hoc
2948 1894 2999 1948 ei
3032 1894 3398 1963 contingeret,
3436 1909 3551 1947 ser-

1979 1983 2248 2048 varetur),
2282 1980 2375 2035 sed
2416 1981 2561 2050 quod
2600 1981 2657 2035 in
2706 1981 2926 2038 virtutis
2957 1984 3300 2055 ignoratione
3328 1999 3552 2039 manere

1979 2072 2134 2137 velit,
2173 2087 2261 2133 ne,
2297 2072 2343 2125 si
2361 2080 2573 2141 peccet,
2604 2073 2660 2125 in
2685 2073 2925 2130 acriores
2957 2075 3174 2130 demum
3200 2077 3553 2131 conscientia“:

1980 2162 2240 2218 stimulos
2290 2163 2557 2227 incurrat,
2622 2173 2676 2217 et
2726 2166 3036 2235 c0guitione
3081 2166 3208 2220 boni
3275 2167 3551 2235 graviores

1978 2252 2207 2307 daturus
2238 2254 2308 2307 sit
2332 2253 2505 2322 judici
2534 2267 2745 2324 poenas,
2781 2256 2928 2325 quod
2956 2257 3090 2310 nolit
3117 2272 3178 2311 ea
3213 2256 3390 2313 facere
3432 2272 3551 2329 qua:

1980 2342 2089 2399 Deo
2119 2351 2246 2399 sunt
2276 2346 2495 2415 placita.

2048 2549 2160 2611 lll,
2203 2549 2293 2603 2L
2335 2548 2439 2613 Qui
2481 2559 2655 2605 autem
2707 2548 2836 2620 facit
2885 2550 3152 2604 veritatem
3185 2548 3315 2622 (hoc
3347 2559 3427 2605 est
3457 2552 3549 2619 qui

1978 2638 2156 2710 diligit
2189 2656 2355 2711 opera
2394 2640 2663 2709 veritatis,
2703 2649 2759 2697 et
2790 2656 2854 2696 ea
2893 2639 3074 2711 facit),
3108 2644 3244 2696 venit
3274 2642 3345 2695 ad
3386 2642 3550 2695 lucem

1987 2740 2044 2784 ut
2103 2732 2514 2802 manifestentur
2555 2749 2712 2804 opera
2761 2731 2909 2803 ejus,
2977 2734 3101 2805 quia
3161 2735 3214 2787 in
3262 2732 3370 2788 Deo
3428 2743 3551 2789 sunt

1975 2819 2141 2887 facta.

2059 2916 2176 2972 Non
2223 2921 2369 2975 enim
2431 2919 2732 2989 spiritalem
2790 2918 3003 2987 spernit
3061 2918 3547 2983 illuminationcm,

1975 3030 2072 3084 per
2098 3013 2273 3084 ipsam
2311 3020 2377 3065 eo
2421 3008 2660 3065 maxime
2709 3008 3031 3080 perductus,
3082 3017 3139 3061 ut
3190 3022 3297 3062 non
3351 3018 3549 3065 temere

1975 3104 2283 3173 intelligere
2339 3101 2534 3172 possit,
2597 3088 2728 3155 nium
2788 3100 3035 3155 divinum
3100 3099 3423 3153 mandatum
3479 3102 3549 3155 sit

1974 3203 2423 3267 praetergressus,
2460 3204 2512 3247 et
2543 3207 2611 3246 an
2637 3192 2820 3246 omnia
2855 3192 3013 3262 juxta
3057 3188 3148 3246 Dei
3202 3192 3372 3260 legem
3426 3205 3547 3261 per-

1969 3286 2158 3356 egerit.
2191 3282 2539 3337 Manifestum
2570 3281 2740 3350 igitur
2775 3288 3156 3350 argumentum
3190 3290 3273 3335 est
3301 3280 3545 3335 ell'renati

1971 3377 2037 3429 ad
2101 3375 2315 3438 vitium,
2354 3375 2613 3441 impetus,
2666 3378 2721 3425 et
2771 3369 3196 3439 intemperantis
3257 3369 3546 3433 libidinis.

1970 3467 2185 3522 discere
2211 3465 2356 3518 nolle
2389 3477 2452 3516 ea
2484 3477 2580 3531 per
2610 3475 2731 3531 qua:
2752 3460 2911 3530 156
2937 3459 3002 3513 ad
3028 3458 3307 3513 meliorem
3341 3459 3546 3529 frugem

1970 3556 2171 3613 reverti
2216 3555 2440 3626 possis:
2505 3552 2797 3624 probitatis
2826 3559 3006 3606 autem
3044 3564 3108 3604 ac
3156 3550 3402 3614 virtutis,
3452 3565 3545 3605 cu-

1972 3660 2104 3718 pere
2165 3652 2224 3700 ut
2281 3645 2424 3698 lucis
2454 3655 2683 3712 compos
2713 3640 2932 3705 evadas,
2980 3650 3034 3695 et
3088 3640 3333 3710 regulam
3378 3640 3544 3694 veluti

1969 3735 2257 3806 quamdam
2280 3739 2335 3788 et
2355 3732 2617 3787 amussim
2642 3730 2768 3785 vitae
2792 3728 2901 3783 Deo
2930 3727 3201 3797 placentis
3219 3727 3341 3797 ejus
3366 3728 3542 3797 legem

1970 3828 2174 3883 facere.
2207 3825 2361 3893 Quod
2396 3838 2522 3879 cum
2554 3826 2629 3876 ita
2671 3837 2795 3877 esse
2823 3820 3044 3876 divinus
3071 3818 3285 3875 Psaltes
3328 3828 3542 3883 nosset,

1969 3920 2200 3975 canebat
2237 3935 2251 3972 :
2296 3934 2315 3967 ι
2375 3915 2485 3970 Lex
2528 3913 2747 3969 Domini
2783 3912 3156 3975 immaculata,
3214 3918 3537 3967 convertens

1970 4010 2234 4075 animas;
2287 4006 2660 4063 testimonium
2713 4002 2931 4059 Domini
2982 4002 3160 4067 fidele,
3214 4002 3540 4071 sapientiam

1971 4108 2237 4171 praestans
2267 4096 2527 4167 parvulis.
2550 4092 2791 4149 Iustitiae
2814 4091 3026 4146 Domini
3056 4098 3238 4157 rectae,
3263 4090 3538 4144 ludiﬁcan-

1971 4202 2053 4248 tes
2079 4192 2266 4252 corda,
2312 4196 2645 4259 praeceptum
2679 4184 2896 4240 Domini
2930 4183 3192 4245 lucidum,
3222 4182 3539 4235 illuminans

1971 4284 2161 4340 oculos
2195 4282 2260 4334 ".
2303 4298 2323 4330 ιι

2041 4374 2141 4436 Ill,
2179 4370 2386 4425 22-24.
2444 4368 2511 4422 Et
2552 4377 2667 4437 post
2700 4366 2810 4420 hau:
2837 4365 2970 4419 venit
3013 4362 3168 4416 Iesus
3205 4372 3253 4416 et
3289 4361 3537 4430 discipuli

298 4437 478 4493 δαίαν
509 4437 629 4508 γῆν
661 4438 811 4505 μετὰ
840 4437 958 4492 τῶν
983 4440 1262 4507 μαθητῶν
1282 4442 1467 4496 αὑτοῦ
1490 4460 1503 4473 ·
1548 4441 1626 4515 ἦν
1661 4445 1730 4499 δὲ
1763 4447 1865 4501 καί

1974 4468 2084 4536 ejus
2112 4466 2164 4518 in
2189 4462 2437 4517 Juda'am
2468 4470 2683 4513 terram.
2721 4455 2855 4509 Erat
2891 4463 3067 4507 autem
3097 4460 3147 4506 et
3169 4450 3402 4506 Joannes
3442 4451 3531 4504 ba-

312 4528 585 4596 Ἰωάννης
617 4526 920 4592 ,ϐαπτίζων
960 4529 1030 4580 ἐν
1067 4530 1260 4584 Αὶνῶν
1288 4532 1468 4602 ἐγγὺς
1506 4536 1612 4589 τοῦ
1636 4537 1866 4605 Σαλήμ,

298 4618 385 4672 ὅτι
415 4619 606 4673 ὕδατα
645 4618 848 4673 πολλὰ
888 4615 969 4690 ἦν
1000 4620 1142 4685 ἐκεῖ,
1191 4623 1287 4677 καί
1324 4625 1741 4693 παρεγένοντο,
1770 4628 1869 4682 καί

297 4711 692 4772 ἐϐαπτίζοντο.
742 4712 920 4766 Οὔπω
955 4712 1068 4783 γὰρ
1103 4709 1183 4783 ἦν
1218 4714 1596 4785 βεϐλημένος
1634 4721 1720 4785 εις
1755 4719 1870 4790 τὴν

296 4801 580 4870 φυλακὴν
600 4805 633 4855 ὀ
679 4801 971 4871 Ἰωάννης.

364 4890 543 4961 Πέρας
569 4892 670 4963 ἠδη
698 4891 969 4964 λαϐούσης
997 4893 1097 4964 τῆς
1129 4892 1267 4964 πρὸς
1298 4892 1604 4965 Νικόδημον
1623 4896 1862 4966 ὁμιλίας,

297 4979 480 5050 ἐτερόν
503 4997 555 5033 τι
586 4982 750 5035 πάλιν
781 4982 1037 5055 ἐξαρτύει
1070 4981 1489 5054 χρησιμώτατον
1516 4987 1544 5037 ὁ
1578 4986 1864 5051 θεσπέσιος

294 5069 699 5141 εὐαγγελιστής.
731 5074 1010 5146 Πνεύματι
1054 5074 1164 5147 γὰρ
1208 5074 1287 5144 τῷ
1337 5073 1466 5144 θείῳ
1495 5079 1863 5145 φωταγωγοῦ-

296 5178 457 5231 μενος
484 5161 621 5231 πρὸς
647 5162 743 5232 τὴν
776 5165 884 5219 τῶν
909 5165 1354 5234 ἀναγκαιοτάτων
1377 5165 1656 5237 ἐξήγησιν,
1685 5172 1861 5223 συνεῖο

292 5252 379 5307 δεν
434 5254 516 5306 ὅτι
558 5253 893 5324 λυσιτελήσει
951 5258 1154 5327 σφόδρα
1203 5257 1330 5321 τοὺς
1359 5258 1772 5329 ἐντευξομένους
1800 5261 1862 5314 τὸ

292 5346 581 5416 διαγνῶναι
613 5345 822 5416 σαφῶς,
861 5346 1034 5418 πόσην
1073 5349 1185 5419 ἔχει
1223 5351 1324 5419 τὴν
1370 5351 1668 5421 ὑπεροχὴν,
1705 5353 1861 5422 ἢκαὶ

293 5434 432 5498 ὅσοις
455 5436 778 5506 ὑπέρκειται
816 5436 1053 5508 μέτροις,
1080 5440 1154 5503 ὡς
1195 5442 1333 5511 πρὸς
1367 5444 1430 5497 τδ
1471 5447 1716 5500 Ἰωάννου
1761 5450 1859 5518 βά-

294 5542 497 5583 πτισμα
549 5528 612 5579 τὸ
653 5528 742 5582 διὰ
774 5528 1032 5600 Χριστοῦ.
1064 5526 1172 5585 Ἦν
1209 5535 1318 5596 γὰρ
1350 5535 1517 5600 διτως
1558 5538 1767 5606 ἐλπίδος
1796 5545 1858 5598 οὐ

360 5703 402 5731 ⁸³
428 5701 531 5757 lsa.
557 5703 704 5769 1,19,
733 5704 819 5756 :20.
897 5706 943 5739 ’⁵
970 5704 1113 5762 Psal.
1143 5723 1297 5770 mn,
1324 5709 1378 5773 8,
1407 5710 1462 5764 9.

1966 4560 2174 4625 ptizans
2228 4556 2282 4607 in
2327 4552 2506 4606 Αῖηοη
2531 4550 2693 4619 juxta
2739 4546 2951 4608 Salim;
2992 4545 3116 4613 quia
3163 4560 3313 4613 aqua:
3357 4544 3536 4597 multa:

1966 4654 2118 4700 erant
2158 4643 2288 4707 illic,
2327 4650 2376 4695 et
2402 4639 2698 4703 ueniebant,
2732 4647 2781 4690 et
2820 4634 3251 4702 baptizabantur.
3286 4631 3534 4688 Nondum

1966 4737 2104 4790 enim
2135 4736 2331 4787 missus
2362 4730 2536 4799 fuerat
2563 4727 2799 4783 Joannes
2826 4727 2880 4780 in
2901 4740 3181 4779 carcerem.

2038 4908 2218 4962 Finito
2248 4904 2458 4960 Christi
2501 4919 2626 4959 cum
2680 4902 2978 4958 Nicodemo
3029 4900 3324 4969 colloquio,
3382 4898 3530 4954 aliud

1967 4998 2227 5069 quiddam
2262 4997 2625 5052 utilissimum
2665 4996 2862 5050 iterum
2911 4992 3076 5049 struit
3109 4992 3327 5046 divinus
3368 5006 3533 5046 evan-

1967 5092 2182 5161 gelista.
2234 5088 2429 5144 Divino
2462 5087 2662 5157 quippe
2695 5085 3032 5139 illuminatus
3074 5082 3283 5152 Spiritu
3333 5081 3398 5135 ad
3444 5096 3531 5134 res

1964 5182 2306 5238 necessarias
2339 5179 2708 5251 exponendas,
2758 5176 2967 5231 sciebat
3013 5190 3211 5245 magno
3240 5173 3363 5229 usui
3415 5171 3531 5223 fore

1966 5273 2329 5335 auditoribus,
2368 5273 2413 5327 si
2447 5273 2596 5326 clare
2616 5275 2975 5338 agnoscerent
3005 5275 3209 5337 quanto
3240 5260 3529 5319 intervallo

1961 5364 2189 5421 Joannis
2249 5364 2516 5432 baptisma
2569 5361 2775 5416 Christi
2829 5360 3155 5429 baptismate
3216 5356 3523 5419 snpetetur.

1965 5455 2138 5509 Metus
2178 5452 2321 5505 enim
2352 5460 2472 5506 erat
2526 5449 2768 5520 profecto
2816 5464 2923 5502 non
2964 5446 3187 5504 dubius,
3217 5438 3526 5495 exorituros

1968 5547 2200 5616 aliquos,
2236 5545 2330 5613 qui
2362 5552 2471 5613 prae
2525 5542 2721 5596 mentis
2765 5541 2949 5608 inopia
3007 5537 3189 5588 dicere
3238 5526 3524 5588 auderent,
