4090 6266
559 259 664 318 259

1541 259 1608 328 Β.
1648 254 1926 313 CYRILLI
1965 247 2441 309 ALEXANDRINI
2482 245 2796 305 ARCHIEP.

3706 247 3814 303 260

558 376 641 430 vel
704 373 913 430 nullum
960 376 1088 430 csse
1137 373 1370 442 prorsus
1408 375 1600 426 eorum
1655 368 1976 434 discrimen,
2027 364 2125 422 sed

2240 361 2447 434 μακρὰν
2495 358 2977 432 ἀναδειχθήσεσθαί
3034 375 3165 411 ποτε
3214 356 3340 419 τοὺς
3391 355 3812 427 ἀποτολμῶντας

559 466 675 536 pari
704 472 994 535 utrumque
1021 465 1078 519 in
1112 463 1289 534 pretio
1331 451 1666 528 habendum,
1701 461 1788 516 vel
1831 475 1899 514 ex
1939 458 2041 512 hac
2072 461 2123 511 in

557 557 913 628 agrestiorem
975 556 1250 610 inscitiam
1291 554 1545 624 delapsos
1597 553 1804 610 Christi
1858 551 2127 622 baptisma

459 692 461 696 .
557 657 904 716 postponere,
954 645 1192 715 priorem
1244 653 1425 699 autem
1475 647 1654 699 locum
1711 643 1985 713 baptismo
2034 640 2127 710 qui

463 721 469 747 ⁸
558 753 653 806 per
691 752 888 806 aquam
924 736 980 788 fit
1029 735 1374 805 impudenter
1411 748 1462 789 et
1491 735 1789 789 insolenter
1829 725 2124 787 asCribere.

557 827 712 893 Quod
746 829 890 882 enim
939 827 1181 881 audacia:
1231 841 1404 896 genus
1441 827 1765 881 intentatum
1815 824 2130 892 relinquunt

559 919 819 988 imperiti,
864 925 958 970 aut
993 931 1155 986 quam
1211 916 1600 984 blasphemiam
1660 928 1768 967 non
1827 913 2128 982 arripiunt,

557 1011 905 1078 insurgentes
937 1010 1200 1064 adversus
1228 1006 1486 1061 Ecclesia!
1518 1005 1792 1075 dogmata,
1825 1015 1878 1058 et
1922 1004 2126 1065 omnia,

559 1107 619 1150 ut
647 1097 915 1165 scriptum
943 1104 1026 1150 est
1059 1091 1103 1126 ’°
1126 1134 1140 1159 ,
1181 1103 1327 1149 recta
1373 1093 1730 1163 pervertunt?
1780 1091 1848 1147 Ut
1879 1107 2010 1162 ergo
2042 1107 2132 1146 sa-

558 1187 714 1256 piens
773 1187 1106 1255 evangelista
1158 1199 1420 1254 procaces
1475 1183 1697 1237 illorum
1759 1198 1919 1236 voces
1975 1183 2131 1252 prius

557 1285 848 1342 everteret,
883 1276 1059 1345 ipsum
1097 1275 1255 1329 nobis
1301 1274 1512 1328 inducit
1543 1286 1791 1328 sanctum
1827 1274 2125 1342 Baptistam

557 1371 674 1423 suis
703 1367 988 1437 discipulis
1013 1367 1086 1421 rei
1122 1367 1364 1436 quazsita:
1390 1366 1718 1420 solutionem
1747 1374 2130 1435 exponentem.

558 1458 804 1528 Baptizat
865 1459 1048 1528 itaque
1107 1458 1363 1513 Christus
1433 1472 1528 1526 per
1589 1471 1719 1512 suos
1777 1457 2130 1528 discipulos:

557 1549 796 1606 Joannes
828 1551 1100 1614 similiter,
1137 1564 1244 1603 non
1273 1559 1454 1602 tamen
1497 1548 1742 1619 profecto
1782 1564 1878 1618 per
1899 1549 2132 1602 aliorum

557 1657 781 1707 manus,
819 1640 915 1696 sed
948 1655 1125 1710 neque
1158 1640 1211 1693 in
1236 1639 1500 1708 illisipsis
1520 1637 1767 1693 fontibus
1795 1638 2132 1706 baptizabat,

2234 451 2294 517 ἐξ
2320 452 2505 515 ἀνοίας
2541 453 2744 514 εἰπεῖν,
2783 449 2817 522 ἢ
2867 449 3135 521 μηδεμίαν
3169 448 3306 513 ὅλως
3336 448 3394 502 ἐν
3423 449 3606 513 αὐτοῖς
3637 450 3812 522 ὑπάρ-

2248 561 2369 614 χειν
2421 544 2520 614 τὴν
2577 542 2876 614 διαφορὰν,
2936 540 3242 613 ἰσομέτροις
3294 541 3352 594 δὲ
3412 540 3554 594 αὐτὰ
3615 541 3814 612 χρῆναι

2232 634 2627 703 στεφανοῦσθαι
2668 637 2885 704 τιμαῖς,
2930 633 2964 704 ἢ
2999 635 3092 687 καὶ
3125 631 3329 701 ταύτης
3363 634 3444 693 εἰς
3473 633 3812 704 ἀγριωτέρα)

2233 725 2587 779 ἀπαιδευσίαν
2614 724 3102 790 ἐξολισθαίνοντας,
3135 724 3234 795 τὴν
3263 725 3361 796 μὲν
3394 723 3488 776 ἐπὶ
3519 726 3631 788 τοῖς
3659 725 3812 795 ἀμεί-

2233 833 2349 869 νοσι
2387 816 2568 885 ψῆφον
2611 816 2907 885 ἀφελέσθαι
2939 816 3031 868 τοῦ
3071 817 3160 870 διὰ
3187 813 3447 887 Χριστοῦ,
3481 814 3542 867 τὸ
3568 815 3626 867 δὲ
3660 817 3813 885 νικᾷν

2232 907 2312 978 τῷ
2339 908 2405 960 δι’
2427 908 2618 970 ὓδατος
2642 907 3013 978 ἀναισχύντως
3036 906 3500 960 ἐπασωτεύεσθαι.
3527 908 3686 960 Ποῖον
3709 905 3816 976 γὰρ

2235 999 2434 1070 θράσος
2473 1001 2586 1063 τοῖς
2615 999 2962 1062 ἀπαιδεύτοις
3004 999 3066 1051 οὐ
3110 999 3292 1068 βατὸν,
3328 999 3360 1068 ἢ
3413 998 3496 1050 διὰ
3531 997 3692 1060 ποίας
3717 999 3817 1050 οὐκ

2233 1091 2518 1144 ἐλαύνουσι
2563 1092 2896 1162 δυσφημίας,
2939 1091 2989 1142 οἰ
3023 1090 3162 1143 κατά
3188 1090 3297 1143 τῶν
3346 1089 3508 1160 ἱερῶν
3541 1091 3640 1160 τῆς
3692 1089 3813 1142 Ἐκ-

2233 1182 2462 1254 κλησίας
2484 1182 2768 1253 δογμάτων
2797 1182 3226 1252 ἐξανιστάμενοι,
3261 1182 3355 1234 καὶ
3381 1182 3556 1235 πάντα
3586 1180 3655 1234 τὰ
3683 1179 3832 1252 όρθὰ’

2233 1272 2679 1346 διαστρέφονται,
2738 1274 2882 1328 καθὰ
2923 1274 3268 1344 γέγραπται;
3322 1273 3441 1326 Ἵνα
3490 1273 3668 1326 τοίνυν
3718 1273 3815 1340 τῆς

2235 1363 2463 1417 ἐκείνων
2495 1363 2938 1434 ἀθυρογλωττίας
2963 1363 3232 1434 προανέλῃ
3258 1362 3358 1426 τὰς
3385 1362 3560 1424 αἰτίας
3581 1365 3611 1415 6
3642 1361 3813 1430 σοφώ-

2233 1471 2395 1519 τατος
2429 1456 2839 1526 εὐαγγελιστὴς,
2884 1454 3044 1508 αὑτὸν
3077 1457 3209 1524 ἡμῖν
3251 1453 3495 1524 εἰσφέρει
3545 1453 3636 1507 τὸν
3664 1453 3816 1521 ἆγιον

2234 1545 2547 1616 Βαπτιστὴν
2588 1549 2702 1610 τοῖς
2741 1546 2962 1610 οἰκείοις
3006 1545 3377 1616 παρατιθέντα
3425 1545 3691 1616 μαθηταῖς
3719 1546 3814 1598 τοῦ

2237 1636 2573 1708 ζητουμένου
2602 1637 2701 1708 τὴν
2727 1637 2900 1691 λύσιν.
2930 1636 3190 1701 Βαπτίζει
3210 1635 3500 1709 τοιγαροῦν
3530 1636 3558 1687 6
3583 1636 3816 1706 Χριστὸς

558 1736 613 1790 in
637 1736 837 1804 quibus
866 1733 1119 1788 Christus
1150 1732 1255 1786 hoc
1273 1730 1456 1786 faCere
1480 1731 1827 1792 cernebatur,
1855 1729 1947 1786 sed
1965 1744 2133 1800 prope

2240 1731 2330 1784 διά
2375 1730 2483 1783 τῶν
2519 1720 2714 1784 ἐαυτοῦ
2753 1730 3012 1801 μαθητῶν
3035 1745 3047 1758 ·
3085 1730 3288 1800 ὁμοίως
3315 1729 3373 1782 δὲ
3412 1727 3507 1781 καὶ
3544 1728 3816 1798 Ἰωάννης,

561 1824 764 1886 Salem,
798 1831 856 1878 ut
890 1826 1158 1892 scriptum
1191 1829 1297 1886 est,
1356 1831 1410 1876 et
1456 1821 1510 1875 in
1569 1820 1718 1874 fonte
1763 1820 2001 1889 quodam
2039 1820 2134 1889 qui

561 1917 777 1969 vicinus
807 1923 946 1979 erat,
978 1929 1032 1969 et
1059 1914 1156 1968 illo
1184 1912 1537 1969 Judaicorum
1566 1911 1795 1966 fontium
1818 1911 2136 1966 discrimine

560 2008 814 2077 baptismi
847 2008 1145 2062 discrimen
1179 2007 1582 2077 quodammodo
1617 2005 1935 2069 ostendens,
1977 2003 2134 2075 157

558 2108 611 2153 et
638 2098 873 2152 obscure
896 2097 1149 2162 innuens,
1183 2095 1324 2150 idem
1359 2110 1468 2149 non
1504 2110 1627 2150 esse
1656 2094 1927 2164 baptisma
1963 2093 2136 2148 Joan-

561 2189 647 2242 nis
685 2204 809 2241 cum
839 2202 905 2242 eo
933 2187 1078 2256 quod
1105 2201 1134 2239 a
1158 2186 1438 2241 Salvatore
1462 2195 1650 2240 nostro
1677 2183 1903 2239 Christo
1930 2182 2134 2237 factum

559 2292 680 2336 est:
715 2281 1024 2350 proximum
1052 2287 1236 2332 tamen
1282 2293 1407 2333 esse
1436 2285 1489 2331 et
1513 2277 1663 2331 eirea
1702 2276 1907 2346 ipsum,
1945 2286 2005 2332 ut
2039 2277 2136 2330 doe-

560 2381 713 2427 ceret
736 2374 1188 2442 praeparationem
1207 2369 1500 2441 quamdam
1529 2378 1581 2424 et
1611 2372 1981 2425 rudimentum
2011 2385 2136 2425 esse

560 2465 925 2533 perfectioris.
964 2461 1435 2527 Quemadmodum
1473 2476 1603 2531 ergo
1634 2462 1719 2516 lex
1757 2461 1996 2516 Mosaica
2017 2475 2136 2515 um-

561 2557 713 2609 bram
738 2556 938 2610 habere
959 2555 1163 2610 dicitur
1185 2554 1494 2610 futurorum
1513 2555 1806 2616 bonorum,
1826 2568 1935 2608 non
1954 2568 2136 2609 veram

561 2648 733 2717 ipsam
783 2663 964 2702 rerum
1017 2648 1304 2717 imaginem
1354 2648 1462 2718 (est
1506 2647 1651 2702 enim
1698 2647 2138 2716 praeexercitatio

561 2743 832 2812 quaedam,
865 2748 917 2796 et
940 2741 1122 2795 cultus
1143 2740 1406 2810 Spiritalis
1440 2739 1835 2802 rudimentum,
1864 2737 2136 2791 occultam

561 2836 897 2890 intrinsecus
957 2834 1238 2888 veritatem
1293 2830 1656 2902 parturiens),
1687 2830 1762 2883 ita
1814 2844 2034 2900 quoque
2071 2829 2139 2884 de

561 2926 831 2995 baptismo
869 2924 961 2979 illo
991 2925 1046 2978 in
1083 2924 1462 2993 paenitentiam
1491 2921 1828 2977 censendum
1856 2929 1962 2977 est.

2233 1821 2334 1874 ’καὶ
2355 1821 2416 1874 οὐ
2441 1823 2658 1884 πάντως
2679 1822 2766 1876 διὰ
2796 1821 2975 1893 χειρὸς
2999 1821 3223 1892 ἐτέρων,
3249 1821 3366 1874 ἀλλ’
3396 1819 3517 1873 οὐδὲ
3545 1820 3604 1873 ἐν
3630 1819 3819 1885 αὐταῖς

2242 1911 2478 1974 ἐκείναις
2505 1911 2763 1975 ἐϐάπτιζε
2795 1915 2918 1975 ταῖς
2941 1915 3165 1984 πηγαῖς,
3194 1913 3252 1966 ἐν
3276 1905 3362 1974 αἷς
3385 1911 3543 1964 τοῦτο
3565 1913 3820 1985 πράττων

2245 2001 2494 2070 ἐφαίνετο
2532 2004 2795 2072 Χριστὸς,
2847 2003 2984 2056 ἀλλά
3014 2002 3241 2073 πλησίον
3279 2001 3375 2056 τοῦ
3413 2002 3634 2074 Σαλὴμ,
3677 2002 3822 2057 καθά

2243 2094 2584 2164 γέγραπται,
2624 2096 2720 2148 καὶ
2770 2096 2848 2158 εἰς
2904 2096 3033 2166 μίαν
3083 2094 3192 2148 τῶν
3238 2093 3424 2166 κύκλῳ
3472 2095 3563 2148 καὶ
3604 2096 3822 2162 γείτονα

2246 2185 2465 2255 πηγὴν,
2503 2186 2598 2238 καὶ
2648 2186 2714 2238 δι’
2762 2186 2928 2239 αὐτοῦ
2964 2187 3166 2257 τρόπον
3200 2186 3324 2239 τινὰ
3371 2186 3464 2240 τοῦ
3511 2187 3817 2256 διωρίσθαι,

2244 2280 2409 2350 φημὶ,
2444 2283 2562 2344 ταῖς
2581 2280 2689 2334 τῶν
2731 2281 2998 2336 Ἰουδαίων
3031 2283 3369 2354 πηγαῖς,τὴν
3399 2284 3492 2336 ἐπὶ
3517 2279 3595 2352 τῷ
3629 2281 3822 2352 βαπτί-

2244 2387 2410 2442 σματι
2440 2371 2701 2426 δεικνύων
2727 2372 3012 2442 διαφοράν,
3046 2374 3142 2426 καὶ
3175 2374 3624 2445 κατασημαίνων,
3649 2373 3724 2437 ὡς
3753 2373 3821 2428 δι’

2241 2463 2560 2534 αἰνίγματος
2582 2505 2596 2527 ,
2643 2465 2723 2528 ὡς
2756 2465 2950 2519 ταυτὸν
2989 2467 3086 2536 μέν
3132 2467 3234 2520 οὐκ
3269 2466 3386 2520 ἐστι
3425 2465 3504 2537 τῷ
3541 2463 3693 2540 παρά
3725 2463 3820 2518 τοῦ

2234 2555 2487 2626 Σωτῆρος
2529 2555 2688 2628 ἡμῶν
2740 2557 2978 2628 Χριστοῦ
3030 2559 3092 2611 τὸ
3131 2559 3199 2612 δι’
3247 2557 3411 2612 αὑτοῦ
3437 2575 3449 2588 ·
3501 2556 3730 2626 πλησίον
3775 2556 3821 2610 δ’

2234 2640 2327 2700 οὖν
2359 2647 2546 2718 ὅμως,
2595 2648 2690 2700 καὶ
2739 2649 2869 2719 περὶ
2903 2648 3069 2714 αὐτὸ,
3101 2650 3503 2721 προμελέτησίν
3559 2666 3684 2702 τινα
3727 2651 3822 2702 καὶ

2235 2741 2545 2813 εἰσαγωγὴν
2593 2741 2866 2813 εἰσφέρων
2919 2742 3015 2794 τοῦ
3060 2743 3419 2814 τελειοτέρου.
3471 2744 3683 2813 Ὥσπερ
3729 2737 3823 2795 οὖν

2237 2832 2330 2887 καὶ
2352 2834 2380 2885 ὁ
2409 2831 2571 2902 νόμος
2612 2835 2641 2885 6
2677 2831 2768 2884 διὰ
2812 2832 3055 2896 Μωσέως
3098 2833 3259 2886 σκιάν
3286 2833 3430 2903 ἔχειν
3474 2833 3688 2902 λέγεται
3715 2832 3822 2885 τῶν

2239 2924 2542 2994 μελλόντων
2571 2925 2812 2993 ἀγαθῶν,
2836 2925 2937 2978 οὐκ
2969 2925 3140 2996 αὐτὴν
3167 2928 3266 2996 τὴν
3298 2927 3481 2980 εἰκόνα
3510 2927 3620 2980 τῶν
3647 2942 3821 2996 πραγ-

563 3019 782 3088 μάτων·
836 3015 1244 3087 προγύμνασμα
1285 3016 1393 3084 γάρ
1432 3030 1485 3067 τι
1526 3015 1620 3068 καὶ
1665 3017 2076 3087 προκατήχησις
2113 3007 2214 3088 τῆς
2249 3020 2314 3072 ἐν
2347 3018 2620 3090 πνεύματι
2665 3017 2920 3089 λατρείας
2961 3019 3023 3072 τὸ
3065 3020 3300 3091 γράμμα
3331 3020 3448 3074 ἐστὶ
3505 3022 3566 3074 τὸ
3602 3023 3826 3076 Mcos-ai.“-

560 3109 676 3169 κίεν,
707 3107 1094 3182 κεκρυμμένην
1120 3105 1321 3159 ἔσωθεν
1343 3106 1529 3159 ώδῖνον
1554 3105 1652 3176 τὴν
1671 3105 1927 3176 ἀλήθειαν
1950 3123 1965 3138 ·
1996 3107 2139 3161 οὕτω
2177 3109 2392 3181 νοήσεις
2418 3110 2516 3164 καί¹
2541 3109 2603 3163 τὸ
2633 3111 2714 3174 εἰς
2743 3111 3032 3182 μετάνοιαν
3073 3111 3376 3182 βάπτισμα.
3809 3147 3812 3150 -

635 3199 720 3263 lll,
757 3199 941 3254 2-3-26.
972 3197 1143 3253 Facta
1175 3208 1250 3254 est
1288 3214 1460 3256 autem
1491 3203 1714 3274 quaestio
1751 3219 1816 3258 ea:
1844 3204 2128 3274 discipulis

2282 3207 2556 3278 Ἐγένετο
2585 3205 2700 3263 οὖν
2726 3207 2972 3275 ζήτησις
3011 3207 3082 3261 ἐκ
3109 3206 3230 3261 τῶν
3239 3209 3524 3278 μαθητῶν
3542 3209 3824 3266 Ἰωάννου

562 3291 788 3347 Joannis
824 3310 942 3346 cum
981 3291 1190 3348 Iudaeis
1223 3293 1286 3348 de
1325 3297 1699 3365 puriﬁcatione
1747 3312 1766 3350 :
1795 3307 1844 3351 et
1884 3310 2136 3354 venerunt

562 3387 632 3441 ad
666 3385 951 3451 Joannem,
990 3396 1039 3440 et
1070 3386 1320 3440 dixerunt
1351 3389 1420 3443 ei.

633 3481 768 3533 Cum
799 3479 969 3533 Judaei
1015 3480 1215 3547 legales
1278 3481 1632 3539 lustrationes
1685 3485 1974 3541 defendere
2028 3500 2139 3539 non

563 3581 809 3641 possent,
845 3585 945 3625 nec
973 3571 1335 3639 purificationi
1367 3574 1578 3629 buculae
1605 3577 1791 3630 cinere
1825 3577 1940 3631 fieri
1963 3577 2138 3632 solita:

564 3659 924 3728 patrocinari,
960 3658 1220 3726 quiddam
1251 3661 1304 3712 in
1327 3658 1552 3715 Joannis
1585 3662 1884 3733 discipulos
1909 3666 2140 3719 ordiun-

567 3761 677 3814 tur,
715 3763 827 3818 quo
867 3750 1165 3817 sperabant
1190 3765 1250 3804 se
1284 3753 1484 3820 negotii
1520 3769 1625 3807 non
1663 3769 1852 3823 parum
1892 3757 1974 3812 eis
2009 3759 2142 3812 alla-

565 3851 740 3903 turos,
774 3840 1022 3908 quamvis
1077 3841 1132 3894 in
1175 3842 1293 3896 suis
1326 3840 1484 3898 facile
1537 3855 1950 3914 superarentur.
2003 3848 2139 3902 Nam

565 3931 824 4001 quoniam
873 3930 1010 3984 beati
1041 3930 1297 4002 Baptistae
1331 3933 1610 4003 discipuli,
1642 3937 1888 4006 magistri
1929 3940 2014 3993 sui
2043 3940 2140 3994 ba-

567 4024 764 4094 ptisma
792 4023 1182 4090 suspicientes,
1209 4031 1262 4078 et
1291 4024 1700 4093 purificationes
1732 4029 1928 4098 legales
1960 4030 2141 4100 impu-

565 4124 816 4182 guautes,
854 4115 1249 4185 praestarejam
1281 4114 1576 4172 Pharisazis
1609 4119 1811 4175 virtute
1849 4127 1903 4174 et
1953 4121 2136 4176 erudi-

564 4209 711 4260 tione
759 4206 1106 4270 videbantur,
1167 4207 1288 4261 ideo
1332 4209 1570 4278 graviter
1623 4219 1677 4264 et
1729 4209 1915 4279 inique
1947 4211 2000 4266 id
2060 4212 2139 4266 illi

566 4300 769 4362 ferunt,
808 4299 859 4351 in
908 4298 1275 4354 conviciando
1319 4299 1495 4354 solum
1531 4301 1905 4372 vehementes,
1965 4311 2019 4359 et
2071 4304 2137 4358 ad

563 4407 776 4445 omnem
818 4391 1078 4445 malitiam
1113 4393 1371 4461 expediti.
1409 4393 1476 4446 Et
1504 4402 1654 4449 certe
1688 4395 1799 4450 alio
1845 4397 2140 4466 respicien-

563 4486 666 4540 tes,
704 4479 929 4532 laudant
953 4479 1153 4535 Christi
1187 4481 1542 4551 baptismum,
1573 4498 1682 4537 non
1722 4485 1867 4553 quod
1901 4487 1973 4539 ita
2009 4502 2137 4542 sen-

565 4575 752 4630 tirent,
789 4585 965 4638 neque
991 4569 1135 4639 quod
1168 4585 1322 4625 veras
1351 4571 1401 4626 ei
1437 4571 1627 4628 laudes
1657 4571 2017 4641 all'underent,
2042 4575 2137 4631 sed
2171 4575 2212 4631 Ι)
2242 4577 2365 4645 γίαν
2414 4594 2427 4608 ο

564 4661 750 4714 animo
786 4669 998 4714 tantum
1039 4661 1367 4728 lacessendi,
1396 4670 1451 4717 et
1481 4672 1676 4733 praeter
1712 4666 2036 4720 sententiam
2082 4667 2135 4722 id

566 4748 852 4811 facientes,
886 4751 1061 4805 donec
1091 4752 1154 4806 ad
1175 4755 1378 4808 exitqu
1411 4755 1702 4809 consilium
1738 4771 1898 4811 suum
1933 4757 2134 4827 perdu-

563 4850 765 4897 cerent.
783 4841 1012 4897 Ratione
1029 4859 1157 4914 ergo
1179 4846 1493 4901 nullatenus
1509 4846 1885 4902 demonstrare
1903 4856 2132 4918 queunt,

563 4935 762 4989 nedum
785 4937 1114 4991 testimoniis
1139 4937 1436 5008 Scriptum
1461 4939 1678 4994 Christo
1699 4943 2133 5010 patrocinentur,

567 5026 748 5096 (unde
789 5029 935 5081 enim
971 5026 1121 5081 istud
1171 5028 1374 5098 ingenii
1423 5031 1737 5085 hominibus
1776 5033 2134 5101 imperitis?)

564 5117 658 5174 sed
691 5117 757 5170 ad
781 5116 1152 5172 confirmanda
1193 5133 1289 5173 sua
1309 5120 1455 5176 dicta
1485 5121 1618 5174 illud
1647 5122 1904 5191 allegant,
1931 5137 2135 5190 paucos

563 5209 853 5264 admodum
891 5207 957 5261 ad
991 5206 1278 5277 Jonnnem,
1321 5211 1522 5265 multos
1579 5228 1710 5267 vero
1743 5213 2008 5284 gregatim
2067 5216 2133 5271 ad

562 5301 839 5356 Christum
895 5298 1196 5354 confluere.
1257 5302 1563 5372 Sperabam
1616 5305 1762 5358 enim
1823 5304 2003 5360 forsan
2047 5308 2136 5361 isti

565 5390 760 5458 oppido
788 5387 1050 5443 vecordes
1070 5389 1315 5446 victoria:
1344 5393 1614 5448 calculum
1649 5409 1707 5450 se
1730 5404 2132 5466 reportaturos,

559 5488 611 5529 et
648 5479 908 5548 legalibus
954 5477 1378 5537 lustrationibus
1411 5483 1651 5550 potiores
1703 5493 1885 5552 partes
1947 5485 2133 5540 datum

631 5655 676 5685 "
712 5655 871 5709 alit-lt.
906 5670 990 5718 Ill,
1026 5657 1078 5712 9.

2240 3300 2390 3370 μετὰ
2443 3298 2752 3355 Ἰουδαίων
2805 3299 2939 3368 περὶ
2998 3299 3371 3369 καθαρισμοῦ
3390 3343 3404 3366 ,
3475 3301 3574 3355 καί
3633 3297 3825 3372 ἦλθον

2245 3385 2396 3453 πρὸς
2422 3388 2528 3440 τὸν
2557 3386 2856 3455 Ἰωάννην,
2887 3386 2988 3442 καί
3007 3383 3183 3442 εἷπον
3221 3388 3406 3453 αὐτῷ.

2330 3476 2666 3540 Ἀτονοῦντες
2709 3479 2949 3532 Ἰουδαῖοι
2978 3482 3089 3544 τοῖς
3113 3480 3252 3533 κατά
3291 3480 3381 3532 τὸν
3428 3482 3592 3552 νόμον
3635 3484 3826 3554 περιρ-

2247 3566 2557 3637 ραντηρίοις
2581 3568 2952 3634 συνίστασθαι,
2981 3569 3075 3624 καὶ
3114 3570 3500 3642 συναγορεύειν
3535 3573 3638 3625 οὐκ
3673 3572 3822 3643 ἔχον-

2245 3673 2335 3720 τες
2367 3655 2444 3727 τῷ
2490 3657 2578 3711 διά
2617 3657 2814 3710 σποδοῦ
2863 3659 3151 3728 δαμάλεως
3204 3659 3552 3731 καθαρισμῷ,
3600 3661 3824 3731 ἐξυφαί-

2247 3749 2396 3805 νουσί
2428 3768 2481 3803 τι
2501 3753 2614 3815 τοῖς
2637 3751 2890 3804 Ἰωάννου
2923 3750 3213 3823 μαθηταῖς,
3244 3753 3310 3806 δι’
3349 3745 3520 3825 οὗπερ
3577 3755 3824 3825 ἐνόμιζον

2245 3843 2306 3895 οὐ
2335 3843 2567 3913 μετρίως
2619 3844 2861 3897 ἀνιάσειν
2889 3845 3106 3907 αὐτοὺς,
3141 3845 3316 3897 καίτοι
3347 3845 3468 3898 λίαν
3498 3846 3725 3916 ἑτοίμως
3767 3849 3824 3900 ἐν

2245 3936 2357 3998 τοῖς
2393 3933 2517 3987 καθ’
2545 3935 2771 3998 ἑαυτοὺς
2791 3934 3113 4006 ἡττώμενοι.
3145 3935 3362 4006 Ἐπειδὴ
3394 3936 3502 4006 γὰρ
3529 3940 3577 3990 οἰ
3617 3937 3694 4007 τῷ
3722 3956 3824 4008 μα-

2246 4025 2423 4098 καρίῳ
2479 4027 2932 4099 προσεδρεύοντες
2991 4027 3312 4100 Βαπτιστῇ,
3376 4029 3655 4099 κρείττους
3720 4031 3819 4101 ήδη

2245 4118 2341 4170 καὶ
2381 4117 2734 4188 συνετώτεροι
2760 4117 2867 4171 τῶν
2895 4118 3202 4189 Φαρισαίων
3253 4119 3556 4187 ἐφαίνοντο,
3608 4121 3670 4174 τὸ
3718 4137 3821 4173 παέ

2250 4208 2318 4280 ρά
2348 4208 2426 4279 τῷ
2441 4211 2624 4280 οἰκείῳ
2649 4210 2955 4279 διδασκάλῳ
2983 4210 3353 4280 θαυμάζοντες
3387 4211 3691 4283 βάπτισμα,
3724 4215 3818 4266 καὶ

2244 4303 2370 4365 τοὺς
2418 4301 2560 4354 κατὰ
2610 4300 2771 4372 νόμον
2832 4301 3326 4372 καταγωνιζόμενοι
3386 4301 3761 4373 καθαρισμούς
3803 4317 3814 4331 ·

2244 4392 2603 4465 δυσφοροῦσιν
2633 4395 2725 4446 ἐπὶ
2757 4393 2966 4457 τούτοις
3007 4395 3057 4447 οἱ
3092 4395 3226 4462 πρὸς
3268 4395 3428 4464 μόνον
3463 4395 3523 4446 τὸ
3575 4395 3822 4448 διαλοιδο-

2249 4486 2458 4557 ρεῖσθαι
2486 4484 2696 4556 γοργοὶ,
2733 4485 2828 4537 καὶ
2879 4484 2958 4546 είς
2991 4485 3170 4536 πᾶσαν
3201 4484 3538 4552 ἑτοιμότατοι
3585 4502 3821 4554 κακουρ-

2486 4576 2581 4630 καὶ
2632 4575 2696 4646 δὴ
2744 4575 2836 4628 τὸν
2902 4577 3100 4627 οἰκεῖον
3160 4576 3612 4644 παρατρέψαντες
3667 4575 3820 4643 λόγον

2243 4668 2528 4722 ἐπαινοῦσι
2554 4669 2615 4722 τὸ
2641 4668 2925 4738 βάπτισμα
2954 4667 3015 4720 τὸ
3043 4667 3132 4720 διὰ
3169 4668 3428 4738 Χριστοῦ,
3488 4668 3819 4739 διακείμενοι

2246 4762 2344 4831 μὲν
2395 4762 2494 4814 οὐκ
2519 4761 2693 4832 ὀρθῶς
2719 4803 2732 4824 ,
2781 4761 2901 4814 οὐδὲ
2939 4761 3158 4831 ἀληθεῖς
3194 4759 3449 4824 ἐπαίνους
3493 4760 3587 4813 τοῦ
3639 4761 3815 4831 πράγ-

2253 4869 2419 4923 ματος
2465 4851 2848 4919 καταχέοντες,
2888 4852 2967 4915 εἰς
3005 4851 3062 4903 δὲ
3107 4850 3268 4921 μόνον
3309 4851 3370 4903 τὸ
3401 4851 3642 4920 λυπῆσαι
3681 4869 3819 4922 παρ-

2243 4939 2576 5011 ωξυμμένοι,
2609 4941 2702 4993 καὶ
2734 4939 2831 5011 τὴν
2854 4939 3004 5010 παρά
3040 4938 3264 5010 γνώμην
3289 4937 3653 5008 δανειζόμενοι
3687 4938 3818 5009 πρό-

2243 5033 2409 5097 θεσιν,
2442 5033 2546 5096 ἕως
2574 5032 2638 5086 ἂν
2672 5033 2855 5094 αὐτοῖς
2897 5033 2979 5092 εἰς
3030 5031 3191 5101 ἔργον
3231 5031 3466 5103 ἐκτρέχῃ
3500 5031 3559 5083 τὸ
3593 5030 3820 5084 σπούδαι⁸

2247 5140 2378 5192 σμα.
2433 5121 2671 5193 Λογικὴν
2738 5121 2837 5192 μὲν
2887 5115 2980 5173 οὖν
3018 5119 3274 5189 οὐδεμίαν
3314 5120 3497 5190 έχουσι
3552 5120 3820 5174 ποιεῖσθαι

2242 5215 2339 5284 τὴν
2398 5213 2706 5277 ἀπόδειξιν,
2749 5211 2865 5264 ἀλλ’
2903 5209 3026 5263 ούδέ
3082 5211 3145 5262 ἐκ
3198 5209 3306 5262 τῶν
3360 5210 3521 5279 ιερῶν
3568 5211 3820 5274 λαϐόντες

2242 5287 2987 5378 Γραμμάτων’συνηγοροῦσι
3026 5300 3247 5372 Χριστῷ
3280 5316 3293 5328 ·
3329 5300 3493 5352 πόθεν
3521 5300 3626 5370 γὰρ
3651 5303 3683 5370 ἡ
3710 5317 3821 5352 τοι-

2243 5399 2380 5468 αύτη
2421 5401 2533 5460 τοῖς
2561 5393 2913 5456 ἀπαιδεύτοις
2958 5391 3210 5454 σύνεσις;
3247 5392 3422 5443 ἐκεῖνο
3450 5389 3504 5441 δὲ
3543 5391 3703 5459 μόνον
3740 5393 3820 5452 εἰς

2245 5487 2532 5558 βεϐαίωσιν
2561 5485 2669 5540 τῶν
2699 5485 2914 5539 οἰκείων
2941 5486 3285 5554 προΐσχονται
3315 5481 3508 5549 λόγων,
3533 5483 3592 5536 τὸ
3620 5483 3817 5554 κομιδῇ
