4090 6266
299 319 396 384 961

1358 320 1426 378 ΙΝ
1461 316 1746 376 JOANNIS
1783 315 2231 372 EVANGELIUM
2271 319 2398 374 LIB.
2441 322 2504 376 ll.

3435 327 3542 383 263

294 443 393 513 μὲν
430 437 572 494 εἶναι
638 441 860 512 βραχεῖς
906 439 1125 513 ἀριθμῷ
1159 438 1286 501 τοὺς
1343 436 1564 508 Ἰωάννῃ
1607 431 1865 504 προστρέ-

1976 431 2064 496 iri,
2095 437 2532 503 eoque.nomine
2561 452 2622 494 se
2649 438 3003 508 gloriaturos,
3041 439 3086 494 si
3125 440 3332 496 Christi
3366 444 3544 516 bapti-

292 552 512 605 χοντας,
561 534 822 605 ἀγεληδὸν
851 533 906 587 δὲ
951 532 1187 602 βαδίζειν
1233 531 1326 583 ἐπὶ
1369 527 1605 600 Χριστόν
1641 541 1655 554 ·
1703 522 1870 594 ᾤοντο

293 627 406 697 γὰρ
436 628 568 690 ῐσως
599 625 732 680 πολὺ
761 625 877 678 λίαν
899 623 1252 693 ἀφραίνοντες
1271 620 1373 690 τὴν
1394 619 1486 672 ἐπὶ
1505 616 1584 686 τῷ
1611 611 1870 670 δύνασθαι

296 720 456 788 νικᾷν
503 715 913 787 ἀποκομιεϊσθαι
954 715 1152 785 ψῆφον,
1199 713 1292 767 καὶ
1338 712 1453 774 τοῖς
1498 707 1739 779 νομικοῖς
1770 721 1868 757 πε-

305 809 726 882 ριρῤαντηρίοις,
750 808 824 871 ὡς
856 808 958 877 ἤδη
980 797 1868 878 κεκρατηκόσιν,ἀπαυθαδίζεσθαι

303 905 402 972 τῆς
453 901 689 954 Ἰωάννου
719 899 915 971 χειρὸς,
952 900 1010 952 ἐν
1044 898 1290 967 ἀμείνοσι
1322 895 1507 957 θέντες
1535 891 1594 945 τὸ
1614 890 1703 944 διὰ
1728 891 1865 961 Χρι-

311 988 433 1042 στοῦ
461 991 570 1052 τοίς
599 989 910 1059 προσιοῦσιν
944 987 1092 1058 αὐτῷ
1132 983 1530 1058 χορηγούμενον
1563 979 1864 1050 βάπτισμα,

1970 540 2148 580 smum
2177 527 2226 581 ei
2253 529 2348 597 qui
2383 543 2546 582 manu
2572 528 2801 586 Joannis
2840 532 3159 586 tradebatur
3181 533 3541 604 anteferrent,

1968 621 2024 668 et
2055 615 2358 671 molestiam
2390 619 2637 687 profecto
2679 630 2962 678 creaturos
3008 624 3077 678 iis
3105 626 3171 678 ad
3207 641 3345 694 quos
3379 629 3544 683 verba

1970 701 2259 759 faciebant.
2298 704 2405 762 Sed
2429 707 2726 764 discedunt
2757 712 2998 776 tandem,
3031 723 3084 767 et
3117 729 3183 768 ex
3227 715 3543 772 inconside-

1968 801 2087 848 rata
2117 794 2490 866 disputatione
2523 800 2699 854 multo
2730 802 2905 872 magis
2958 803 3088 857 victi
3138 805 3540 874 digrediuntur.

1975 884 2263 941 Dominum
2304 889 2464 962 158
2489 892 2690 962 quippe
2716 895 2864 947 velut
2893 911 2959 949 ex
2997 898 3326 952 necessitate
3369 899 3546 953 laudi-

1975 975 2079 1032 bus
2103 989 2392 1046 coronant,
2423 983 2586 1037 etiam
2619 984 2794 1037 inviti.

305 1086 396 1138 καὶ
451 1086 709 1154 λυπήσειν
763 1085 860 1155 μὲν
911 1084 1079 1149 ὅντως
1109 1083 1256 1146 τοὺς,
1286 1081 1418 1153 πρὸς
1442 1079 1539 1143 οὓς
1565 1074 1635 1150 ἦν
1671 1079 1701 1130 ὁ
1734 1074 1911 1142 λόγος.
1965 1073 2424 1131 Ἀπαλλάττονται
2470 1079 2528 1132 δὲ
2586 1079 2739 1149 μόλις
2778 1081 2871 1133 ἐπὶ
2909 1081 3138 1146 τούτοις,
3203 1083 3294 1134 καὶ
3333 1084 3545 1154 ἀναχω-

304 1180 450 1249 ροῦσι
491 1181 598 1234 τῶν
667 1181 916 1236 Ἰωάννου
993 1179 1264 1251 μαθητῶν.
1327 1178 1386 1245 ἐξ
1459 1171 1870 1246 ἀπερισκέπτου
1914 1167 2248 1240 λογομαχίας
2310 1175 2444 1227 πολὺ
2505 1175 2766 1245 μειζόνως
2813 1176 3132 1248 ἡττώμενοι.
3189 1179 3545 1250 Καταστεφα-

298 1275 444 1328 νοῦσι
478 1275 587 1345 γὰρ
613 1279 724 1338 τοῖς
749 1275 809 1340 ἐξ
837 1277 1082 1345 ἀνάγκης
1112 1273 1370 1337 ἐπαίνοις,
1405 1267 1500 1325 καὶ
1536 1270 1633 1339 οὐχ
1654 1267 1872 1326 ἑκόντες
1907 1263 1999 1316 τὸν
2027 1264 2251 1338 Κύριον.

376 1364 594 1430 Ῥαϐὄί,
639 1364 706 1431 ὃς
725 1361 805 1435 ἦν
828 1367 979 1434 μετὰ
1009 1364 1124 1419 σοῦ
1168 1364 1355 1434 πέραν
1391 1364 1498 1418 τοῦ
1548 1356 1866 1428 Ἰορδάνου.

295 1444 342 1517 ᾧ
379 1453 458 1507 σὺ
501 1456 998 1523 μεμαρτύρηκας,
1052 1453 1141 1507 (de
1198 1449 1376 1518 οὗτος
1421 1449 1728 1516 βαπτίζει,
1770 1449 1870 1501 καὶ

297 1544 519 1610 πάντες
545 1546 822 1613 ἔρχονται
863 1546 1008 1612 πρὸς
1049 1545 1252 1600 αὐτόν.
1316 1542 1631 1610 Ἀπεκρίθη
1667 1539 1869 1595 Ἰωάν-

297 1653 431 1704 νης.
466 1637 564 1691 καὶ
593 1633 783 1690 εἶπεν.

371 1729 498 1791 Τοῖς
525 1729 634 1781 τῶν
666 1729 970 1799 Φαρισαίων
995 1728 1173 1795 λόγοις
1219 1725 1642 1797 καταδηχθέντες
1672 1725 1722 1777 οἱ
1770 1742 1872 1794 μα·

2048 1353 2134 1422 ΙΙΙ,
2164 1356 2253 1411 26.
2289 1356 2478 1422 Rabbi,
2509 1361 2599 1430 qui
2643 1372 2759 1415 erat
2809 1372 2976 1417 tecum
3025 1371 3176 1417 trans
3227 1364 3544 1432 Iordanem,

1972 1447 2058 1500 eui
2091 1457 2146 1500 tu
2181 1449 2534 1504 testimonium
2566 1452 2902 1520 perhibuisti,
2934 1471 3083 1519 ecce,
3141 1455 3224 1510 hic
3280 1457 3542 1526 baptizat,

1969 1547 2019 1591 et
2070 1553 2246 1594 omnes
2303 1543 2514 1595 veniunt
2576 1543 2645 1596 ad
2688 1542 2827 1599 eum.
2872 1544 3154 1614 Respondit
3201 1546 3458 1614 Joannes,
3491 1559 3540 1605 et

1971 1629 2126 1686 dixit.

2047 1720 2336 1793 Discipuli,
2363 1717 2763 1782 Pbarisaorum
2788 1728 2950 1785 dente
2975 1730 3234 1798 lacessiti,
3259 1733 3542 1804 ipsamque

304 1822 490 1891 θηται,
516 1820 611 1872 καὶ
640 1823 721 1884 εἰς
752 1794 924 1889 αὐτὴν
963 1821 1019 1874 δὲ
1054 1794 1148 1874 τοῦ
1195 1794 1516 1892 πράγματος
1567 1819 1865 1889 ἀφορῶντες

1972 1813 2051 1868 rei
2089 1825 2339 1870 naturam
2372 1816 2665 1883 intuentes,
2696 1835 2884 1875 eorum
2942 1822 3162 1892 quidem
3196 1826 3541 1880 mendacium

303 1911 405 1981 τὴν
428 1911 611 1980 φύσιν,
637 1911 994 1982 ψευδομένους
1018 1913 1116 1982 μὲν
1133 1912 1375 1982 ἐλέγχειν
1391 1907 1531 1983 ἦσαν
1553 1913 1649 1982 οὐχ
1672 1907 1771 1965 οἷοί
1792 1929 1870 1976 τε,

302 2002 629 2071 διαποροῦσι
687 2003 743 2055 δὲ
792 2005 1036 2069 εἰκότως,
1079 2004 1174 2057 καὶ
1223 2005 1283 2056 τὸ
1331 2004 1470 2075 μέγα
1495 2003 1588 2057 τοῦ
1625 2004 1872 2075 Σωτῆρος

305 2092 584 2162 ἡμῶνούκ
633 2093 832 2157 εἰδότες
863 2094 1100 2165 ἀξίωμα,
1143 2095 1570 2149 καταπτοοῦνται
1617 2096 1735 2149 λίαν
1780 2096 1870 2148 ἐπί

301 2185 414 2244 τοῖς
453 2182 699 2236 Ἰωάννου
736 2187 1210 2256 μειονεκτήμασιν,
1246 2187 1384 2240 αίδοί
1413 2204 1471 2238 τε
1507 2188 1599 2239 καὶ
1633 2187 1869 2257 θαύματι

298 2275 390 2328 τὸν
429 2274 488 2339 ἐξ
517 2275 734 2345 ἀγάπης
768 2276 1101 2347 κεράσαντες
1124 2277 1302 2345 λόγον,
1342 2278 1582 2344 ἀξιοῦσιν
1626 2279 1725 2350 ήδη
1776 2297 1872 2348 μα-

299 2364 432 2431 θεῖν,
467 2367 589 2420 ὅτου
623 2367 684 2438 δή
730 2367 888 2439 χάριν
935 2371 963 2422 ὀ
1003 2372 1124 2432 ταῖς
1157 2371 1286 2440 παρ’
1312 2369 1474 2422 αὑτοῦ
1519 2387 1871 2441 μεμαρτυρη-

303 2456 463 2526 μένος
498 2461 703 2525 φωναῖς
744 2460 935 2528 φθάνει
973 2460 1070 2530 μὲν
1103 2460 1265 2513 αὐτὸν
1293 2463 1351 2513 ἐν
1388 2461 1679 2526 εὐκλείαις,
1734 2479 1870 2532 προ-

299 2545 445 2616 πηδᾷ
472 2546 529 2598 δὲ
557 2548 620 2615 τῇ
655 2548 858 2616 χάριτι,
901 2549 996 2600 καὶ
1029 2549 1318 2619 σαγηνεύει
1355 2549 1628 2620 βαπτίζων
1666 2551 1726 2603 ού
1773 2551 1869 2619 μέ-

305 2653 392 2707 ρος
432 2639 528 2704 τῆς
587 2639 802 2708 ἀπάσης
853 2639 1093 2709 πληθύος
1137 2642 1458 2712 Ἰουδαϊκῆς,
1489 2641 1605 2696 ἀλλ’
1653 2643 1754 2713 ήδη
1776 2643 1870 2695 καὶ

302 2729 529 2791 πάντας.
559 2730 868 2784 Ἐποιοῦντο
905 2732 983 2795 δὲ,
1015 2733 1157 2788 κατὰ
1183 2733 1244 2788 τὸ
1269 2735 1434 2800 είκὸς,
1460 2735 1559 2787 οὐκ
1586 2735 1736 2787 ἀθεεὶ
1769 2734 1867 2806 τὴν

303 2817 524 2888 ζήτησιν
552 2837 564 2851 ·
625 2820 866 2876 καλεῖται
919 2823 1027 2894 γὰρ
1065 2822 1314 2878 ἐντεῦθεν
1364 2828 1393 2879 ὁ
1437 2826 1748 2895 Βαπτιστὴς
1791 2828 1870 2891 είς

305 2909 500 2981 ἀκριϐῆ
560 2913 651 2965 καὶ
698 2913 916 2984 μακρὰν
966 2914 1092 2984 περὶ
1142 2913 1236 2966 τοῦ
1289 2915 1539 2986 Σωτῆρος
1590 2916 1867 2987 ἐξήγησιν,

305 3001 395 3052 καὶ
429 3001 854 3076 διαφανεστάτην
898 3004 1006 3057 τῶν
1061 3004 1449 3076 βαπτισμάτων
1483 3008 1725 3080 εἰσφέρει
1772 3009 1869 3081 τὴν

301 3090 578 3163 διαφοράν.

373 3185 456 3236 Οὐ
498 3183 744 3237 δύναται
780 3185 1090 3253 ἅνθρωπος
1137 3178 1466 3256 λαμϐάνειν
1512 3188 1712 3253 οὐδὲν,
1760 3189 1868 3243 ἐὰν

292 3272 379 3341 μὴ
415 3269 458 3344 ᾗ
477 3273 798 3344 δεδομένον
827 3276 986 3342 αὐτῷ
1007 3277 1075 3330 ἐκ
1092 3279 1196 3333 τοῦ
1227 3280 1505 3347 οὐρανοῦ.

368 3365 534 3418 Οὐδέν
562 3383 724 3436 φησιν
758 3369 817 3420 ἐν
842 3368 1150 3440 ἀνθρώποις
1187 3370 1409 3438 ἀγαθον,
1447 3370 1476 3424 ὃ
1523 3370 1597 3441 μὴ
1649 3370 1866 3434 πάντως

298 3450 438 3508 εἶναι
473 3457 566 3509 καὶ
592 3456 885 3512 θεόσδοτον.
936 3459 1030 3511 ιΤί
1061 3460 1167 3530 γὰρ
1201 3459 1364 3529 ἔχεις,
1394 3460 1423 3512 ὃ
1449 3461 1549 3513 οὐκ
1574 3460 1799 3525 έλαὸες;
1843 3479 1861 3511 ι

298 3545 516 3600 ἀκούειν
550 3548 615 3600 ἂν
650 3549 848 3619 πρέποι
884 3553 950 3621 τῇ
983 3551 1178 3604 κτίσει.
1211 3552 1423 3621 Χρῆναι
1463 3553 1520 3605 δὲ
1561 3549 1713 3621 οἶμαι
1753 3553 1864 3616 τοῖς

301 3634 397 3698 μὲν
429 3635 852 3706 ἀπονεμηθεῖσιν
898 3638 1184 3709 ἀρκεῖσθαι
1232 3640 1469 3711 μέτροις,
1495 3641 1589 3694 καὶ
1627 3644 1746 3700 ταῖς
1774 3641 1864 3693 οὐ·

301 3723 520 3790 ρανόθεν
549 3726 930 3798 διωρισμέναις
957 3730 1250 3800 ἐφήδεσθαι
1282 3735 1487 3801 τιμαῖς,
1528 3732 1863 3785 ἐκτείνεσθαι

298 3814 354 3867 δὲ
393 3816 702 3888 περαιτέρω
743 3819 1030 3890 μηδαμῶς,
1069 3821 1201 3892 μηδὲ
1249 3821 1558 3892 ἀχαρίστως
1607 3825 1674 3894 τῇ
1730 3824 1864 3894 πρὸς

297 3907 356 3960 τὸ
374 3909 556 3977 μεῖζον
585 3911 671 3964 ἀεὶ
700 3914 1069 3982 κεχρημένους
1109 3915 1312 3982 ἐφέσει,
1340 3915 1440 3986 τὴν
1487 3916 1692 3970 ἄνωθεν
1745 3919 1863 3970 ἀτι-

300 3997 488 4066 μάζειν
527 3997 723 4070 ψῆφον,
759 4003 852 4054 καὶ
887 4002 1225 4067 δεσποτικοῖς
1248 4005 1628 4076 ἀπομάχεσθαι
1659 4006 1860 4077 κρίμα·

297 4104 402 4152 σιν,
439 4090 578 4143 αἰδοῖ
628 4091 722 4144 τοῦ
759 4093 832 4164 μὴ
884 4095 1058 4163 δοκεῖν
1103 4095 1196 4149 τοῦ
1231 4097 1568 4169 τελειοτέρου
1607 4097 1666 4150 τὸ
1711 4098 1862 4150 ἔλατ⁴

293 4196 384 4232 τον
416 4181 790 4252 ἀποφέρεσθαι
823 4203 835 4215 ’
865 4182 1090 4249 ἀλλὀἷς
1120 4205 1225 4257 περ
1258 4187 1324 4241 ἂν
1351 4189 1610 4260 ἐθελήσας
1635 4190 1862 4260 τιμήσῃ,

291 4269 469 4320 ταῦτα
493 4269 556 4340 δὴ
574 4271 666 4322 καὶ
705 4271 846 4341 μάλα
874 4274 1142 4328 ποιεῖσθαι
1167 4277 1292 4347 περὶ
1314 4277 1530 4330 πολλοῦ.
1553 4278 1644 4347 Μὴ
1669 4276 1866 4346 ἀσχαλ-

292 4359 434 4412 λέτω
484 4361 772 4431 τοιγαροῦν
817 4363 846 4414 ό
893 4365 1053 4435 ἐμὸς,
1101 4369 1255 4436 φησὶ,
1300 4369 1566 4439 μαθητὴς,
1609 4372 1658 4422 εί
1701 4369 1864 4439 μὴτὸ

1971 1919 2269 1977 coarguere
2297 1925 2404 1966 non
2430 1919 2704 1982 poterant,
2727 1915 2819 1970 sed
2835 1915 2960 1985 jure
2986 1915 3242 1971 dubitant
3267 1935 3279 1983 ;
3308 1934 3544 1988 cumque

1971 2000 2225 2053 eximiam
2269 2001 2416 2054 illam
2455 2003 2629 2057 nostri
2671 2003 2970 2060 Salvatoris
3036 2004 3358 2076 dignitatem
3389 2007 3544 2079 igno-

1973 2098 2114 2154 rent,
2157 2091 2509 2148 vehementer
2536 2094 2814 2149 mirantur
2840 2097 3074 2152 miuoris
3104 2097 3221 2152 ﬁeri
3255 2097 3538 2164 Joannem,

1971 2190 2024 2234 et
2050 2181 2260 2250 pudore
2299 2191 2465 2252 atque
2497 2184 2864 2242 admiratione
2893 2203 3200 2246 sermonem
3236 2207 3301 2244 ex
3359 2206 3544 2246 amore

1974 2271 2276 2338 profectum
2307 2282 2693 2344 temperantes,
2733 2278 3095 2334 sciscitantur
3117 2280 3335 2334 demum
3371 2294 3540 2351 quam

1973 2363 2042 2414 ob
2073 2378 2296 2418 causam
2325 2363 2579 2421 Christus
2609 2367 2658 2421 ei
2691 2369 2863 2438 gloria
2891 2370 3208 2433 antecellat,
3232 2371 3389 2440 citjus
3412 2387 3545 2427 voce

1973 2454 2343 2509 testimonium
2374 2457 2606 2526 accepit,
2633 2458 2792 2527 eique
2816 2462 2989 2530 gratia
3020 2469 3259 2530 praestet,
3285 2475 3384 2516 nec
3414 2478 3544 2531 par-

1973 2552 2076 2598 tem
2117 2546 2292 2600 solum
2332 2547 2573 2603 Judaicaa
2612 2550 3001 2616 multitudinis,
3062 2553 3156 2607 sed
3211 2569 3407 2609 omnes
3448 2555 3545 2608 ba-

1971 2635 2228 2704 ptizando
2259 2638 2326 2692 ad
2353 2654 2412 2694 se
2439 2642 2746 2710 pertrahat.
2773 2642 2910 2696 Illud
2946 2658 3112 2713 porro
3139 2659 3250 2699 non
3279 2646 3398 2701 sine
3444 2661 3544 2700 nu-

1971 2728 2136 2792 mine,
2194 2736 2254 2781 ut
2305 2731 2555 2798 videtur,
2599 2735 2970 2803 quaesierunt:
3031 2747 3364 2805 provocatur
3396 2738 3542 2793 enim

1969 2815 2099 2870 hinc
2128 2817 2372 2887 Baptista
2402 2821 2467 2874 ad
2501 2831 2749 2876 exactam
2805 2831 2859 2876 et
2890 2825 3106 2893 longam
3161 2826 3228 2879 de
3260 2825 3545 2883 Salvatore

1969 2911 2342 2963 narrationem
2366 2911 2695 2979 faciendam,
2713 2923 2764 2968 et
2781 2916 3134 2970 manifestum
3159 2917 3541 2986 baptismatum

1972 3000 2188 3053 illorum
2217 2999 2515 3056 discrimen
2544 3001 2722 3057 aﬂ‘ert.

2039 3174 2128 3238 lll,
2161 3177 2254 3232 27.-
2294 3177 2418 3233 Non
2443 3190 2612 3248 potest
2639 3181 2792 3233 homo
2819 3185 3051 3250 accipere
3088 3185 3397 3253 quidquam,
3437 3187 3543 3240 nisi

1968 3266 2127 3334 fuerit
2156 3271 2203 3322 ei
2237 3269 2422 3322 datum
2460 3270 2525 3324 de
2551 3271 2703 3324 uelo.

2037 3359 2181 3413 Nihil
2251 3362 2434 3430 inquit
2483 3361 2537 3415 in
2600 3361 2918 3419 hominibus
2969 3365 3171 3419 bonum
3212 3381 3354 3431 esse,
3397 3368 3542 3436 quod

1967 3453 2127 3521 plane
2157 3465 2186 3504 a
2233 3451 2345 3507 Deo
2391 3453 2578 3507 datum
2628 3469 2738 3509 non
2779 3457 2872 3510 sit.
2917 3475 2937 3507 ι
2974 3456 3111 3522 Quid
3161 3460 3304 3511 enim
3354 3459 3542 3526 babes,

1966 3542 2107 3610 quod
2138 3556 2244 3596 non
2293 3543 2550 3610 accepisti
2575 3543 2663 3596 "1
2695 3564 2712 3597 ι
2755 3553 3064 3600 creaturam
3117 3548 3308 3603 audire
3362 3550 3541 3606 decet.

1964 3632 2220 3686 Arbitror
2257 3639 2437 3688 autem
2475 3649 2573 3689 sua
2603 3642 2753 3690 sorte
2796 3645 3085 3693 contentos
3125 3653 3250 3694 esse
3306 3640 3536 3708 debere,

1964 3732 2018 3779 et
2046 3724 2351 3780 honoribus
2385 3725 2603 3781 coalitus
2660 3729 2946 3784 concessis
3005 3731 3387 3800 acquiescere,
3440 3748 3542 3788 nec

1964 3817 2194 3872 ulterius
2249 3817 2546 3888 quidquam
2609 3817 2887 3884 affectare,
2939 3835 3040 3876 nec
3075 3821 3291 3892 ingrato
3344 3825 3533 3878 animo

1965 3907 2206 3962 divinum
2234 3910 2516 3978 aspernari
2543 3909 2848 3972 decretum,
2876 3911 3053 3979 majus
3078 3926 3299 3983 semper
3327 3913 3536 3983 aliquid

1965 4000 2276 4076 ambiendo,
2305 4007 2360 4055 et
2381 3999 2592 4056 Domini
2618 4002 3133 4072 pugnarejudiciis,
3187 4004 3334 4072 quod
3388 4020 3540 4059 asse-

1964 4092 2056 4160 qui
2085 4091 2287 4160 pudeat
2311 4091 2457 4160 quod
2498 4091 2740 4162 perfecto
2789 4094 2862 4146 sit
2907 4094 3111 4155 minus,
3147 4095 3240 4147 sed
3273 4109 3536 4162 quaecun-

1964 4195 2071 4248 que
2099 4180 2368 4235 honorare
2392 4182 2650 4247 voluerit,
2687 4196 2748 4235 ea
2784 4189 2932 4235 certe
2956 4181 3136 4250 magni
3168 4180 3436 4234 facienda.
3463 4181 3541 4236 Ne

1965 4272 2178 4340 angitur
2206 4274 2392 4342 itaque
2420 4288 2594 4337 meus,
2629 4274 2825 4342 inquit,
2885 4271 3214 4340 discipulus,
3271 4272 3317 4325 si
3361 4287 3535 4326 meam

1964 4373 2165 4419 sortem
2221 4380 2330 4420 non
2373 4366 2599 4426 excedo,
2657 4367 2703 4419 si
2763 4363 3026 4433 majorem
3062 4378 3172 4417 non
3230 4363 3443 4431 ignoro,
3484 4374 3535 4418 et

295 4451 426 4520 ἐμὸν
447 4450 740 4520 ὲξάλλομαι
769 4452 982 4524 μέτρον,
1014 4456 1061 4507 εί
1089 4456 1149 4508 τὸ
1191 4457 1371 4526 μεῖζον
1401 4461 1500 4511 οὐκ
1538 4458 1733 4526 ἀγνοῶ,
1771 4459 1863 4511 καὶ

1969 4457 2109 4511 intra
2139 4458 2367 4528 gloriam
2397 4458 2724 4513 humanitati
2751 4462 3144 4526 congruentem
3186 4469 3466 4510 cocrceor.

294 4543 372 4602 εἰς
400 4539 558 4606 δόξαν
587 4540 1029 4613 ἀνθρωποπρεπῆ
1057 4545 1437 4615 συστέλλομαι.

355 4632 530 4687 Αὐτοὶ
548 4632 719 4702 ὑμεῖς
739 4650 841 4702 μοι
868 4634 1232 4702 μαρτυρεῖτε,
1262 4635 1351 4688 ὅτι
1373 4632 1561 4689 εἷπον·
1587 4637 1732 4706 Ἐγὼ
1751 4641 1862 4693 οὐκ

294 4721 407 4788 εἰμὶ
435 4723 466 4774 ό
495 4722 769 4789 Χριστὸς,
803 4721 942 4776 ἀλλ’
987 4721 1075 4775 ὅτι
1107 4723 1560 4793 ἀπεσταλμένος
1593 4728 1709 4795 εἰμὶ
1760 4727 1862 4797 ἐμέ

294 4814 557 4878 προσθεν
577 4813 837 4867 ἐκείνου.

363 4901 456 4964 Εἰς
479 4903 781 4975 ἀνάμνησιν
811 4903 933 4972 ἀγει
962 4904 1091 4967 τοὺς
1131 4903 1328 4960 ἑαυτοῦ
1354 4905 1598 4978 μαθητὰς
1645 4902 1719 4963 ὧν
1759 4909 1860 4981 ’ήδη

293 4997 552 5060 πολλάκις
573 5001 840 5071 ἀκηκόασι
870 5002 1065 5070 λόγων,
1084 4999 1219 5071 όμοῦ
1243 5001 1342 5072 μὲν
1363 5001 1600 5073 ἐλέγχων
1626 5004 1857 5074 εὐφυῶς,

293 5094 370 5155 ὡς
402 5095 468 5162 τῇ
494 5092 600 5145 τῶν
624 5093 910 5164 χρησίμων
937 5094 1076 5166 λήθῃ
1122 5094 1565 5166 κεκαρωμένους,
1604 5095 1696 5149 καὶ
1734 5097 1862 5166 περὶ

292 5185 393 5255 τὴν
426 5181 568 5234 οὕτω
595 5183 924 5253 σεμνοτάτην
966 5184 1316 5238 διδασκαλίαν
1363 5185 1858 5252 ἀπονυστάζοντας,

293 5275 426 5345 ὁμοῦ
442 5274 515 5328 δὲ
536 5273 839 5328 ἀναπείθων
864 5276 962 5346 τῆς
997 5276 1143 5339 θείας
1171 5279 1477 5349 μεμνῆσθαι
1500 5279 1744 5349 Γραφῆς,
1769 5277 1863 5331 ἀτε

293 5367 356 5436 δὴ
377 5369 441 5438 τῇ
473 5367 565 5419 ἐπὶ
587 5365 763 5436 τούτῳ
793 5366 1113 5439 φιλομαθείᾳ
1151 5369 1658 5441 συντεθραμμένους
1681 5385 1695 5398 ·
1743 5369 1863 5422 τίνα

299 5458 396 5528 μὲν
446 5459 665 5512 ἔσεσθαι
711 5459 972 5530 κηρύττει
1028 5461 1259 5524 Χριστόν
1291 5476 1306 5491 ο
1354 5462 1475 5513 τίνα
1508 5462 1565 5514 δὲ
1602 5456 1670 5514 αὗ
1701 5460 1862 5515 πάλιν

297 5551 382 5602 τὸν
409 5553 736 5623 προκήρυκα
784 5553 1100 5623 Βαπτιστῆν
1130 5569 1141 5582 ο
1169 5552 1308 5607 οὕτω
1348 5553 1454 5624 γὰρ
1495 5553 1718 5623 ἔμελλον
1762 5553 1860 5624 τὴν

398 5732 440 5766 ’τ
472 5728 490 5780 l
533 5727 659 5782 Cor.
685 5744 754 5791 tv,
787 5729 840 5782 7.

2039 4628 2128 4691 lll.
2157 4631 2249 4686 28.
2284 4630 2398 4701 Ipsi
2422 4649 2511 4687 vos
2536 4632 2661 4685 mihi
2687 4630 3041 4685 testimonium
3063 4624 3364 4694 perhibetis,
3397 4628 3537 4695 quod

1966 4723 2188 4777 dixerim
2217 4739 2235 4776 :
2277 4723 2399 4778 Non
2431 4741 2545 4777 sum
2579 4740 2672 4794 ego
2711 4722 2955 4778 Christus
2986 4739 2999 4786 ;
3039 4717 3130 4772 sed
3176 4719 3304 4788 quia
3341 4719 3534 4798 missus

1967 4831 2082 4868 sum
2121 4823 2240 4868 ante
2271 4815 2448 4868 illum.

2041 4907 2334 4974 Discipulis
2385 4907 2499 4960 suis
2552 4907 2605 4960 in
2665 4905 2986 4960 memoriam
3042 4907 3256 4962 reducit
3313 4920 3374 4961 ea
3415 4919 3538 4974 qua:

1969 5014 2111 5068 saepe
2143 4999 2252 5068 jam
2286 4997 2596 5058 audierant,
2629 4998 2828 5066 partim
2859 4997 3077 5066 quidem
3112 5014 3206 5054 eos
3265 4999 3400 5055 scite
3447 5013 3533 5050 aro

1968 5109 2162 5164 gneus,
2195 5090 2353 5162 quasi
2388 5105 2573 5145 rerum
2603 5089 2816 5143 utilium
2855 5089 3015 5160 159
3047 5091 3320 5146 oblivione
3347 5104 3537 5160 grava-

1968 5197 2073 5253 tos,
2133 5195 2186 5242 et
2235 5185 2301 5241 ad
2357 5192 2466 5239 tam
2521 5197 2741 5254 gravem
2782 5183 3090 5236 doctrinam
3146 5183 3535 5238 dormitantes,

1969 5279 2164 5347 partim
2195 5291 2322 5330 vero
2351 5275 2588 5330 suadens
2623 5273 2823 5328 divina:
2866 5271 3164 5341 Scriptura:
3197 5268 3530 5322 meminisse.

1970 5369 2218 5422 homines
2255 5367 2310 5418 in
2340 5365 2458 5434 ejus
2502 5365 2685 5419 studio
2720 5363 3024 5433 praesertim
3063 5362 3341 5418 educatos,
3373 5367 3536 5423 quem

1970 5461 2064 5514 illa
2120 5460 2362 5512 futurum
2403 5457 2684 5510 Christum
2743 5455 3034 5525 przedicet,
3086 5459 3140 5504 et
3194 5461 3354 5517 quem
3408 5445 3537 5543 item

1969 5562 2273 5619 praeconem
2319 5547 2640 5616 Baptistam.
2699 5545 2791 5600 Sic
2829 5545 3265 5619 e'nimntroque
3317 5540 3532 5604 cognita
