4090 6266
587 288 696 342 Ξῖῗὸ

1563 286 1905 347 S.('.YRILL|
1946 288 2412 344 ALEXANDRINI
2440 289 2755 345 ARCHIEP.

3707 293 3812 348 est

574 405 821 476 graviter
850 405 1012 460 laturi
1035 420 1146 461 non
1173 414 1349 472 erant,
1373 405 1517 476 quod
1540 421 1636 461 eos
1657 408 2006 462 eonvenienti
2029 408 2122 462 sibi

2239 411 2324 478 ἐφ’
2354 409 2570 478 ἑκάστῳ
2597 409 2799 477 γνῶσιν
2834 409 3223 478 ἀναδεξάμενοι
3258 410 3604 478 χαλεπαίνειν
3657 408 3808 462 οὐδα-

581 507 731 550 sorte
760 497 1016 566 praeditos
1044 493 1314 551 viderent.
1343 498 1480 552 Aliis
1505 512 1635 568 ergo
1660 499 1914 561 testibus,
1941 499 2138 568 inquit,

575 591 646 644 ad
684 590 735 642 id
764 590 1196 644 conlirmandum
1236 604 1374 659 opus
1408 590 1541 642 mihi
1578 605 1685 643 non
1719 592 1845 655 erit,
1881 606 2004 643 cum
2039 590 2141 642 mei

579 681 836 750 discipuli
867 681 1084 750 ipsimet
1119 681 1412 735 audierint.
1433 680 1663 735 Servum
1686 696 1771 734 me
1795 695 1916 734 esse
1935 679 2143 748 prol‘es-

580 788 674 825 sus
708 787 849 834 sum,
879 772 1085 826 missus
1109 787 1228 827 sum
1257 780 1316 826 ut
1343 772 1874 842 praedicarem,cEgo
1893 787 1998 824 non
2022 785 2141 823 sum

580 863 852 918 t‘hristus.
896 883 916 915 ι
951 863 1167 931 Vincat,
1205 873 1446 933 superet,
1475 865 1780 919 celebretur
1816 864 1906 915 ille
1941 861 2144 931 glorio-

581 956 696 1008 sius
739 966 798 1008 ut
831 955 1096 1012 Dominus
1131 973 1194 1011 ac
1227 956 1390 1011 Deus.
1983 1003 1986 1006 .

650 1042 736 1107 lli,
765 1043 853 1098 29.
892 1044 997 1110 Qui
1023 1045 1176 1098 habet
1209 1057 1478 1112 sponsam,
1526 1059 1751 1111 sponsus
1793 1050 1906 1096 est:
1941 1042 2140 1094 amicus

580 1143 756 1186 autem
791 1134 990 1200 sponsi,
1028 1134 1117 1201 qui
1149 1142 1275 1197 stat,
1308 1143 1356 1185 et
1394 1133 1544 1185 audit
1573 1148 1712 1197 eum,
1738 1130 1930 1201 gaudio
1951 1130 2143 1200 gaudet

576 1236 791 1292 propter
819 1241 990 1278 vocent
1021 1225 1223 1292 sponsi.
1262 1209 1376 1276 Hoc
1401 1239 1524 1293 ergo
1561 1223 1813 1292 gaudium
1849 1238 2020 1275 meum
2044 1223 2143 1274 im-

575 1319 771 1383 pletum
809 1325 910 1370 est.

650 1405 861 1461 Rursus
896 1405 1057 1458 ducta
1088 1403 1490 1474 quodammodo
1518 1418 1548 1456 a
1579 1403 1739 1456 nobis
1789 1399 2144 1454 similitudine

578 1501 644 1553 ad
702 1499 1068 1567 cognitionem
1129 1497 1414 1552 subtilium
1468 1494 1992 1564 contemplationum
2041 1507 2142 1546 nos

575 1590 818 1645 deducit.
888 1589 1102 1658 Figura:
1163 1603 1398 1656 namque
1453 1601 1636 1641 rerum
1690 1583 2140 1638 intellectualium

575 1688 702 1735 smit
727 1695 789 1735 ea
811 1695 933 1749 qua
962 1695 1126 1732 manu
1155 1679 1540 1748 palpantur,et
1567 1675 1935 1746 corporalium
1964 1689 2142 1728 exem-

2249 501 2386 570 μῶς,
2410 503 2465 552 ὲν
2483 503 2596 563 τοῖς
2619 502 2833 571 ἑκάστῳ
2858 501 3158 569 πρέπουσιν
3177 501 3412 572 ὁρῶντες
3441 500 3656 562 αύτούς.
3681 502 3815 568 Δεήο

2245 607 2409 660 σομαι
2431 591 2720 661 τοιγαροῦν
2744 592 2842 660 οὐχ
2865 591 3088 660 ἑτέρων,
3125 593 3312 660 φησιν,
3361 593 3438 653 είς
3481 589 3637 642 τοῦτο
3671 607 3812 659 μαρ-

2243 680 2441 750 τύρων,
2475 681 2773 749 αὑτηκόους
2796 681 2932 750 ἔχων
2953 682 3077 743 τοὺς
3104 681 3343 750 ἐμαυτοῦ
3371 680 3615 749 μαθητάς
3632 697 3643 708 ·
3670 680 3816 749 ὠμο-

2243 771 2449 840 λόγηκα
2471 772 2568 841 τὴν
2590 772 2851 834 δουλείαν,
2869 771 3229 841 προκηρύξων
3255 772 3597 840 ἀπεστάλην·
3630 791 3647 821 ι
3672 771 3813 838 Ἐγὼ

2243 863 2340 914 οὐκ
2368 862 2485 930 είμὶ
2514 865 2541 914 ὁ
2571 862 2829 930 Χριστός.
2867 881 2885 912 ι
2931 862 3173 922 Νικάτω,
3206 862 3495 932 κρατείτω,
3528 862 3810 930 καταλαμ-

2245 952 2530 1022 πρυνέσθω
2564 954 2845 1022 μειζόνως,
2877 954 2952 1016 ὡς
2986 954 3259 1022 Δεσπότης
3283 954 3377 1005 καὶ
3399 954 3553 1016 Θεὸς.

2326 1045 2378 1096 '0
2417 1044 2572 1112 ἔχων
2618 1045 2732 1111 τὴν
2783 1047 3057 1114 νύμφην,
3113 1046 3370 1114 νυμφίος
3423 1046 3632 1109 ἐστὶν,
3682 1049 3714 1098 o'
3747 1045 3814 1098 δὲ

2243 1137 2419 1202 φίλος
2478 1137 2583 1189 τοῦ
2646 1136 2907 1204 νυμφίου
2974 1139 3006 1188 ό
3059 1137 3358 1202 ἑστηκὼς,
3422 1137 3520 1187 καὶ
3578 1138 3814 1190 ἀκούων

2243 1227 2446 1290 αὐτοῦ,
2469 1225 2621 1294 χαρᾷ
2654 1227 2844 1295 χαίρει
2872 1227 2970 1280 διὰ
3000 1227 3111 1293 τὴν
3137 1230 3347 1295 φωνὴν
3366 1228 3470 1281 τοῦ
3507 1230 3785 1295 νυμφίου.

2242 1315 2402 1382 Αὕτη
2430 1311 2543 1368 οὖν
2573 1317 2611 1382 ὴ
2645 1319 2797 1384 χαρὰ
2831 1317 2864 1382 ἠ
2899 1315 3010 1385 ἐμὴ
3046 1315 3443 1384 πεπλήρωται.

2326 1405 2596 1472 Ἐγεγόνει
2645 1408 2740 1476 μὲν
2788 1406 2947 1459 πάλιν
2978 1407 3053 1469 ὡς
3097 1408 3154 1472 ἐξ
3203 1407 3514 1476 ὁμοιώσεως
3559 1409 3656 1475 τῆς
3691 1409 3809 1462 καθ’

2245 1496 2441 1562 apage
2475 1497 2648 1560 λόγος,
2706 1500 2828 1566 ἄγει
2866 1499 2922 1551 δὲ
2971 1501 3050 1562 είς
3104 1500 3396 1566 ἐπίγνωσιν
3441 1499 3809 1570 θεωρημάτων

2242 1584 2489 1637 λεπτῶν·
2543 1588 2702 1640 τύποι
2752 1590 2860 1658 γὰρ
2902 1590 3008 1642 τῶν
3043 1591 3288 1660 νοητῶν,
3347 1591 3414 1643 τὰ
3448 1594 3628 1662 χειρὸς
3668 1595 3810 1663 ἁφὴν

2244 1679 2606 1748 ὑπομένοντα,
2653 1683 2745 1735 καὶ
2775 1683 3100 1753 σωματικῶν
3141 1684 3600 1753 παραδειγμάτων
3633 1685 3810 1754 παχύ-

575 1773 788 1838 plorum
823 1771 1092 1831 crassitie,
1118 1769 1532 1822 accuratissime
1562 1782 1704 1837 saepe
1731 1782 1821 1822 res
1855 1765 2122 1834 spiritale:

2237 1786 2368 1840 της,
2405 1772 2804 1842 ἀκριϐεστάτην
2845 1773 3087 1842 εἰσφέρει
3133 1773 3390 1836 πολλάκις
3423 1775 3528 1824 τῶν
3573 1792 3810 1843 πνευμα-

574 1863 1044 1915 demonstrantur.
1087 1858 1334 1927 Sponsus
1380 1866 1464 1912 est
1495 1857 1683 1926 igitur,
1723 1855 1920 1924 inquit.
1961 1862 2014 1908 et
2045 1867 2138 1906 ce-

575 1951 844 2006 lebritatis
869 1950 1118 2005 Christus
1155 1957 1242 2004 est
1280 1952 1534 2018 princeps
1570 1966 1582 2000 :
1624 1962 1726 2016 ego
1757 1961 1886 2000 vero
1914 1952 2140 1998 vocator

573 2050 627 2098 ct
667 2058 894 2111 auspex,
941 2043 1031 2095 cui
1079 2057 1307 2097 summa:
1340 2041 1640 2109 voluptatis
1679 2048 1732 2094 et
1784 2038 2020 2092 illustris
2054 2035 2140 2088 di-

570 2135 796 2204 gnitatis
838 2135 959 2188 loco
1010 2141 1094 2189 est
1150 2133 1204 2186 in
1253 2133 1556 2185 amicorum
1620 2129 1814 2184 ordine
1869 2128 2138 2180 duntaxat

567 2226 850 2288 collocari,
911 2233 965 2279 et
1026 2239 1214 2280 vocem
1264 2223 1638 2278 convivatoris
1677 2221 1888 2274 audire.
1951 2217 2136 2271 llabeo

569 2320 754 2387 itaque
784 2318 1001 2372 demum
1037 2317 1180 2386 quod
1210 2315 1486 2386 optabam,
1543 2321 1597 2367 et
1645 2310 1791 2381 quod
1852 2310 1904 2363 in
1950 2309 2134 2363 animo

565 2420 684 2465 erat
715 2410 846 2463 mihi
891 2410 1194 2478 perlectum
1221 2417 1330 2462 est.
1365 2404 1665 2460 Prmdicavi
1706 2403 1852 2458 enim
1903 2416 2010 2457 non
2045 2415 2134 2455 so-

567 2504 675 2555 lum
709 2500 988 2555 Christum
1021 2507 1334 2560 venturum,
1373 2496 1467 2552 sed
1503 2497 1685 2565 ipsum
1739 2509 1961 2563 quoque
2018 2492 2130 2561 jam

564 2602 752 2662 specto
790 2600 1134 2662 praesentem,
1157 2598 1210 2646 et
1239 2591 1360 2659 ejus
1387 2604 1576 2642 vocem
1610 2587 1837 2640 auribus
1864 2585 2128 2655 percipio.

566 2683 674 2739 Vos
695 2699 847 2748 vero,
890 2683 1288 2752 sapientissimi
1327 2680 1608 2750 discipuli,
1644 2692 1768 2732 cum
1819 2675 2131 2730 humanita-

564 2785 669 2830 tem
700 2773 925 2828 Christo
949 2772 1336 2842 desponsatam
1361 2771 1428 2824 ad
1459 2785 1581 2825 eum
1615 2766 1878 2823 accedere
1910 2764 2125 2827 videtis,

561 2878 616 2923 et
646 2875 902 2922 naturam
950 2866 1099 2920 illam
1143 2864 1426 2934 reiectam,
1474 2869 1634 2930 atque
1665 2859 1734 2913 ab
1786 2858 1906 2926 ejus
1942 2869 2126 2908 amore

559 2959 832 3012 divulsam
859 2957 926 3010 ad
949 2957 1250 3027 spiritalem
1275 2953 1721 3022 conjunctionem
1749 2963 1844 3018 per
1873 2955 2123 3002 sanctum

562 3049 831 3118 baptisma
881 3047 1063 3102 redire
1121 3045 1465 3115 conspicitis,
1507 3058 1576 3096 ne
1642 3039 1870 3094 moleste
1909 3036 2121 3098 feratis,

2242 1861 2407 1914 τικῶν
2437 1862 2533 1933 τὴν
2565 1864 2832 1928 ἀπόδειξιν
2860 1881 2872 1894 ·
2909 1865 3024 1916 ἔστι
3047 1865 3246 1929 τοίνυν,
3273 1866 3424 1934 φησι,
3458 1868 3682 1934 νυμφίος
3715 1867 3810 1936 μὲν

2244 1953 2336 2004 καὶ
2386 1954 2835 2026 πανηγυριάρχης
2885 1958 2913 2007 ὁ
2962 1957 3230 2026 Χριστὸς,
3293 1956 3699 2026 δειπνοκλήτωρ
3754 1958 3809 2008 δὲ

2245 2042 2356 2110 ἐγὼ
2402 2046 2495 2098 καὶ
2549 2047 2944 2116 νυμφαγωγὸς,
2989 2047 3256 2121 θυμηδίαν
3299 2048 3434 2117 ἔχων
3481 2048 3806 2118 ἁκροτά;ην,

2239 2133 2331 2185 καὶ
2380 2134 2593 2204 ἀξίωμα
2645 2138 2966 2205 περιφανὲς,
3006 2137 3065 2188 τὸ
3106 2143 3166 2189 ὲν
3203 2137 3375 2204 φίλοις
3409 2135 3807 2205 κατατετάχθαι

2241 2223 2420 2292 μόνον,
2469 2225 2688 2293 καὶτῆς
2732 2225 2824 2278 τοῦ
2864 2227 3149 2290 ἑστιῶντος
3187 2227 3561 2297 ἐπακροᾶσθαι
3603 2229 3805 2297 φωνῆς.

2240 2315 2388 2384 Ἒχω
2437 2314 2535 2383 μὲν
2591 2311 2681 2368 οὖν
2738 2317 2836 2387 ἥδη
2876 2318 2936 2368 τὸ
3014 2318 3341 2388 ποθούμενον
3386 2316 3526 2385 ἐγὼ,
3581 2318 3673 2368 καὶ
3713 2334 3806 2367 πε·-

2236 2404 2520 2475 πλήρωταί
2565 2424 2652 2477 μοι
2693 2406 2752 2459 τὸ
2782 2407 3102 2478 σπούδασμα
3133 2426 3146 2438 ·
3198 2409 3439 2478 ὲκήρυξα
3468 2399 3575 2478 γὰρ
3606 2409 3665 2460 ού
3711 2407 3805 2476 μό-

2240 2512 2351 2560 νον,
2392 2495 2469 2559 ὡς
2499 2496 2614 2566 ἥξει
2654 2497 2887 2568 Χριστὸς
2927 2496 3038 2550 ἀλλ’
3069 2498 3167 2568 ἤδη
3215 2499 3306 2550 καὶ
3341 2499 3581 2567 παρόντα
3615 2498 3803 2549 τεθέα-

2236 2603 2333 2654 μαι
2360 2625 2375 2651 ,
2429 2588 2525 2640 καὶ
2571 2588 2741 2658 αὐτὴν
2785 2591 2840 2641 ὲν
2881 2588 3015 2641 ὠσὶν
3067 2591 3427 2660 εἰσοικίξομαι
3471 2591 3565 2660 τὴν
3599 2593 3797 2660 φωνήν.

2245 2678 2432 2748 Ὑμεῖς
2460 2679 2538 2744 δὲ,
2571 2673 2615 2732 ὦ
2651 2680 2950 2748 σοφώτατοι
2981 2681 3237 2750 μαθηταὶ,
3268 2682 3364 2752 τὴν
3391 2684 3802 2753 νυμφευομένην

2231 2768 2623 2840 ἅνθρωπότητα
2651 2770 2726 2841 τῷ
2752 2770 2968 2841 Χριστῷ
2993 2772 3125 2842 πρὸς
3149 2771 3308 2824 αὐτὸν
3337 2771 3519 2825 ἰοῦσαν
3546 2767 3797 2842 ὁρῶντες,

2230 2861 2324 2912 καὶ
2367 2863 2445 2923 εἰς
2489 2861 2588 2931 τὴν
2638 2863 3013 2934 πνευματικὴν
3056 2863 3449 2916 ἀναϐαίνουσαν
3495 2865 3799 2933 οἰκειότητα

2227 2950 2316 3003 διὰ
2346 2950 2438 3003 τοῦ
2466 2951 2618 3019 ἀγίου
2651 2952 3024 3022 βαπτίσματος
3059 2955 3156 3023 τὴν
3193 2955 3672 3024 ἀποκεκομμένην,
3707 2956 3800 3006 καί

2226 3041 2668 3112 δραπετεύσασαν
2703 3046 2799 3115 τῆς
2828 3047 2907 3106 εἰς
2947 3046 3107 3098 αὑτὸν
3143 3047 3362 3114 ἀγάπης
3395 3046 3800 3116 καταθεώμενοι

557 3107 758 3210 inquit,
790 3138 937 3209 quod
957 3155 1064 3192 non
1095 3138 1160 3192 ad
1193 3107 1298 3201 me,
1327 3135 1419 3192 sed
1438 3107 1505 3188 ad
1537 3133 1834 3202 spiritalem
1859 3144 2120 3201 sponsum

2227 3107 2390 3199 φύσιν
2411 3170 2426 3196 ,
2464 3132 2539 3203 μὴ
2581 3107 2877 3203 άσχάλλετε
2905 3175 2920 3202 ,
2963 3135 3126 3205 φησὶν
3153 3175 3166 3198 ,
3192 3107 3281 3186 ’ὅτι
3319 3107 3393 3204 μὴ
3429 3134 3630 3204 μᾶλλον
3651 3107 3798 3205 ἐμοὶ,

557 3231 818 3286 accurrit.
859 3229 972 3284 Hoc
1006 3229 1150 3284 enim
1177 3228 1388 3298 aequius
1426 3234 1545 3281 erat
1583 3234 1744 3296 atque
1793 3222 2122 3277 convenien-

550 3321 684 3374 tius.
721 3319 856 3374 Nam
883 3320 973 3388 qui
1003 3334 1259 3388 sponsam
1321 3317 1502 3380 habet,
1540 3329 1776 3385 sponsus
1825 3320 1951 3367 est:
2018 3310 2121 3365 hoc

553 3422 658 3473 est,
691 3411 861 3465 nolite
892 3410 944 3463 in
995 3425 1080 3464 me
1115 3408 1303 3477 sponsi
1357 3422 1617 3461 coronam
1674 3419 1958 3475 querere:
2011 3417 2119 3456 non

553 3501 685 3554 mihi
715 3503 883 3554 saltat
914 3499 1228 3565 Psalmista,
1255 3499 1446 3554 dicens
1473 3518 1485 3552 :
1518 3497 1717 3558 «Audi,
1750 3497 1952 3560 lilia,et
1974 3495 2117 3556 vide,

551 3596 606 3642 et
638 3589 843 3641 inclina
903 3601 1090 3640 aurem
1144 3595 1317 3646 tuam,
1369 3594 1424 3640 et
1471 3585 1799 3638 obliviscere
1856 3583 2117 3652 populum

555 3689 730 3742 tuum,
760 3689 813 3733 et
863 3677 1085 3731 domum
1126 3677 1301 3748 patris
1331 3676 1430 3740 tui,
1483 3676 1613 3744 quia
1667 3674 1984 3742 concupivit
2021 3687 2117 3726 rex

550 3767 802 3820 decorem
843 3774 992 3817 tuum
1012 3764 1055 3794 '°
1083 3782 1097 3830 ;
1127 3783 1145 3814 ι
1174 3777 1353 3832 neque
1383 3778 1562 3816 meum
1590 3762 1889 3816 thalamum
1914 3774 2114 3829 sponsa

549 3856 768 3923 quaerit,
811 3856 1076 3909 cumait:
1128 3874 1145 3906 ι
1200 3853 1476 3909 llenuntia
1531 3854 1665 3907 mihi
1723 3869 1887 3922 quem
1942 3852 2117 3924 diligit

553 3946 712 4016 160
745 3945 926 4000 anima
970 3960 1110 4010 nica,
1151 3946 1242 4000 ubi
1276 3960 1490 4014 pascas,
1524 3946 1619 4000 ubi
1656 3946 1826 4000 cubes
1851 3946 1906 4000 in
1948 3947 2115 4001 meri-

549 4038 635 4093 die
653 4039 720 4094 ".
779 4057 798 4089 ι
851 4038 1022 4093 Habet
1060 4037 1151 4092 illa
1193 4039 1472 4093 emlestem
1514 4052 1816 4108 sponsum:
1849 4053 1950 4109 ego
1984 4052 2114 4093 vero

546 4131 889 4196 oblectabar,
945 4147 1070 4186 eum
1117 4132 1263 4186 servi
1332 4131 1704 4185 conditionem
1750 4130 2108 4195 excesserim,

545 4222 768 4277 nomine
803 4231 856 4276 et
890 4238 948 4278 re
987 4223 1262 4278 amicitiai.
1293 4221 1494 4276 Rerum
1531 4237 1661 4292 ergo
1701 4222 2109 4293 propositarum

545 4315 870 4368 sententiam
903 4321 1051 4369 recte
1089 4314 1358 4384 imprimis
1385 4313 1731 4383 explanatam
1789 4329 1911 4369 esse
1953 4322 2106 4383 puto.

2229 3219 2552 3294 προστρέχει
2574 3223 2628 3276 δὲ
2648 3223 2764 3275 λίαν
2791 3225 3032 3286 εὐπετῶς
3054 3224 3130 3292 τῷ
3158 3225 3295 3276 κατὰ
3319 3224 3536 3294 πνεῦμα
3560 3225 3797 3294 νυμφίῳ·

2224 3311 2382 3364 τοῦτο
2406 3313 2513 3382 γάρ
2545 3307 2611 3382 ἦν
2652 3312 2819 3375 ὅντως
2852 3311 3056 3364 δίκαιόν
3089 3329 3144 3364 τε
3184 3313 3276 3363 καὶ
3327 3313 3795 3382 πρεπωδέστερον.

2237 3401 2293 3452 '0
2317 3401 2422 3471 γὰρ
2457 3402 2592 3470 ἔχων
2621 3402 2718 3472 τὴν
2755 3401 2995 3471 νύμφην,
3032 3403 3265 3470 νυμφίος
3292 3402 3407 3453 ἐστί
3429 3417 3440 3429 ·
3477 3401 3621 3453 τοῦτ’
3659 3403 3794 3462 ἔστι,

2227 3489 2302 3558 μὴ
2331 3492 2386 3543 ὲν
2435 3492 2557 3558 ἐμοὶ
2588 3491 2796 3561 ζητεῖτε
2829 3493 2923 3546 τοῦ
2970 3493 3201 3562 νυμφίου
3252 3491 3340 3544 τὸν
3378 3493 3659 3561 στέφανον,
3698 3494 3795 3545 οὑκ

2223 3581 2346 3649 ἐμοὶ
2372 3581 2585 3650 χορεύει
2617 3583 2789 3650 λέγων
2812 3585 2840 3636 ό
2869 3583 3138 3653 Μελῳδόςο
3178 3585 3496 3643 (Ἄκουσον,
3535 3582 3792 3653 θύγατερ,

2221 3669 2316 3720 καὶ
2375 3671 2468 3732 ῐδε,
2515 3673 2607 3724 καὶ
2656 3673 2831 3726 κλῖνον
2865 3675 2923 3726 τὸ
2967 3669 3057 3736 οῦς
3108 3691 3236 3739 σου,
3283 3674 3378 3724 καὶ
3408 3673 3661 3726 ἐπιλάθου
3699 3673 3792 3724 τοῦ

2220 3760 2348 3814 λαοῦ
2375 3779 2488 3820 σου,
2522 3765 2614 3817 καὶ
2642 3765 2734 3817 τοῦ
2795 3767 2943 3818 οτκου
2972 3764 3064 3819 τοῦ
3098 3767 3302 3835 πατρός
3338 3783 3456 3828 σου,
3487 3767 3567 3818 ὅτι
3598 3764 3792 3818 ἐπεθύ-

2223 3868 2392 3920 μησεν
2424 3855 2450 3903 ό
2479 3853 2731 3922 βασιλεὺς
2764 3857 2857 3908 τοῦ
2902 3857 3126 3920 κάλλους
3179 3874 3295 3909 σου·
3323 3876 3340 3908 ι
3380 3857 3497 3910 οὐδὲ
3533 3858 3622 3909 τὸν
3660 3857 3792 3926 ἐμὸν

2219 3939 2453 4010 ζητοῦσα
2484 3943 2774 4015 θάλαμονή
2805 3944 2988 4017 νύμφη
3020 3946 3212 4014 φησίν·
3253 3966 3271 3997 ι
3296 3945 3653 4014 ’Λπάγγειλόν
3676 3964 3786 4015 μοι,

2218 4032 2277 4086 ὃν
2308 4035 2591 4105 ἠγάπησεν
2621 4037 2654 4107 ἡ
2682 4039 2827 4107 ψυχή
2863 4055 2962 4108 μου
2985 4078 2999 4101 ,
3033 4038 3135 4090 ποῦ
3173 4039 3446 4102 κοιτάζεις
3466 4081 3480 4106 ,
3531 4039 3633 4092 ποῦ
3668 4057 3788 4092 ποι⁶

2219 4121 2428 4192 μαίνεις
2457 4126 2514 4176 ἐν
2547 4127 2884 4197 μεσημϐρίᾳ.
2923 4145 2940 4178 ι
2981 4129 3134 4197 Ἔχει
3171 4127 3262 4180 τὸν
3291 4129 3347 4194 ἐξ
3387 4127 3619 4198 ούρανοῦ
3653 4147 3787 4198 νυμ-

2217 4215 2371 4284 φίονο
2415 4217 2525 4286 ἐγὼ
2553 4219 2609 4272 δὲ
2649 4220 2956 4289 ἡσθήσομαι
2992 4221 3084 4274 καὶ
3114 4219 3210 4290 τὴν
3254 4219 3424 4289 δούλῳ
3469 4220 3785 4290 πρέπουσαν

2213 4308 2569 4380 ἀναπηδήσας
2601 4308 2786 4380 τιμὴν,
2822 4311 2878 4362 ὲν
2909 4310 2984 4380 τῷ
3009 4311 3109 4380 τῆς
3142 4312 3321 4380 φιλίας
3354 4313 3574 4381 ὀνόματί
3603 4329 3660 4364 τε
3691 4314 3782 4364 καὶ

542 4403 677 4458 Cum
715 4422 846 4460 vero
879 4406 946 4460 de
978 4407 1320 4476 spiritalibus
1360 4407 1566 4476 nuptiis
1609 4407 1826 4461 abunde
1852 4406 1966 4476 jam
1994 4408 2108 4462 dis-

2227 4401 2518 4471 ιτράγματι.
2561 4401 2670 4472 Τὴν
2712 4401 2810 4470 μὲν
2845 4397 2938 4455 οὖν
2971 4402 3078 4454 τῶν
3127 4403 3504 4473 προκειμένων
3544 4401 3777 4454 διάνοιαν

543 4497 837 4562 seruerim,
875 4499 1018 4552 ultra
1050 4498 1118 4553 de
1159 4499 1295 4568 ipsis
1318 4501 1564 4554 scribere
1598 4499 1884 4553 molestum
1951 4507 2104 4568 puto.

612 4755 696 4819 ΙΙΙ,
735 4758 825 4812 50.
853 4758 1022 4814 Illum
1065 4771 1264 4831 oportet
1296 4775 1546 4828 crescere,
1573 4781 1655 4820 me
1690 4776 1865 4820 autem
1890 4768 2077 4822 minui.

609 4841 920 4916 Discipulos
943 4855 1318 4922 reprehendit,
1359 4857 1510 4926 quasi
1548 4858 1732 4926 parvis
1778 4860 1942 4915 rebus
1983 4869 2100 4913 tur.

541 4932 754 4999 bentur,
783 4947 838 4993 et
874 4944 1075 5010 quibus
1116 4946 1341 5002 minime
1373 4962 1471 5016 par
1521 4957 1626 5012 est,
1662 4959 1986 5019 pramature
2016 4951 2100 5006 of-

536 5021 850 5091 fenduntur,
897 5031 988 5096 qui
1041 5031 1272 5086 necdum
1307 5044 1565 5089 accurate
1623 5036 1820 5099 sciant,
1875 5039 2002 5107 quis
2045 5046 2100 5094 et

535 5110 807 5167 undenam
835 5116 908 5171 sit
929 5116 1272 5176 Emmanuel.
1298 5121 1413 5176 Non
1437 5125 1581 5177 enim
1607 5134 1834 5180 eatenus
1859 5135 2093 5192 tantum,

535 5201 728 5272 inquit,
761 5203 1109 5261 admirationi
1139 5210 1264 5276 erit,
1295 5226 1398 5265 nec
1433 5211 1693 5280 quoniam
1720 5213 1906 5282 plures
1931 5215 1999 5270 ab
2031 5232 2095 5271 eo

534 5293 902 5365 baptizantur,
937 5312 1059 5353 eam
1081 5300 1153 5354 ob
1181 5315 1294 5356 rem
1320 5303 1587 5357 duntaxat
1618 5305 1884 5360 honorem
1910 5322 2089 5364 meum

529 5386 773 5451 excedet,
807 5389 902 5444 sed
943 5389 998 5444 in
1050 5398 1263 5444 tantum
1319 5393 1506 5462 gloria:
1551 5394 1768 5448 modum
1803 5397 2086 5466 evehetur,

527 5485 765 5543 quantus
797 5476 966 5534 Deum
1012 5479 1186 5538 decet.
1217 5480 1442 5553 Oportet
1483 5485 1628 5538 enim
1669 5485 1848 5556 ipsum
1899 5488 2085 5558 gloria:

593 5653 639 5684 ”
673 5652 818 5708 Psal.
848 5672 991 5722 ntv,
1024 5658 1108 5722 Η,
1138 5658 1228 5712 12.
1303 5661 1347 5692 ’⁸
1373 5658 1538 5715 Cant.
1575 5677 1611 5728 ι,
1640 5661 1694 5716 6.

2211 4488 2365 4562 οἶμαι
2386 4492 2448 4562 δὴ
2477 4494 2571 4545 καὶ
2599 4493 2742 4562 μάλα
2763 4493 3212 4564 διερμηνεύεσθαι
3235 4493 3440 4556 καλῶς·
3471 4491 3778 4562 ἀρκούντως

2208 4584 2265 4637 δὲ
2298 4585 2398 4656 ήδη
2429 4586 2556 4655 περὶ
2587 4585 2679 4638 τοῦ
2715 4588 3085 4656 πνευματικοῦ
3118 4585 3407 4657 διειληφὼς
3451 4585 3658 4655 γάμου,
3715 4583 3777 4634 τὸ

2208 4677 2440 4746 γράφειν
2471 4676 2550 4728 ἔτι
2577 4677 2704 4746 περ).
2737 4676 2899 4730 αὐτοῦ
2938 4678 3191 4749 φορτικὸν
3231 4676 3494 4747 ἡγοῦμαι.

2290 4766 2556 4819 Ἐκεῖνον
2580 4768 2674 4819 δεῖ
2699 4768 3004 4833 αὐξάνειν,
3037 4769 3139 4838 ἐμὲ
3161 4768 3226 4822 δὲ
3249 4768 3665 4822 ἐλαττοῦσθαι.

2295 4857 2381 4918 Ὠς
2413 4858 2504 4910 ἐπὶ
2536 4863 2747 4930 μικροῖς
2778 4863 2878 4932 ἤδη
2914 4861 3345 4932 θορυϐουμένους
3390 4859 3599 4928 ἐλέγχει
3649 4857 3773 4920 τοὺς

2212 4946 2496 5017 μαθητὰς,
2549 4951 2642 5003 καὶ
2680 4952 2928 5023 πρόωρον
2979 4953 3076 5022 μὲν
3131 4953 3214 5020 ἐφ’
3259 4947 3340 5015 οἷς
3383 4952 3578 5021 ἥκιστα
3637 4951 3774 5019 χρῆν

2207 5038 2603 5108 ὑπομείναντας
2642 5042 2959 5106 σκάνδαλον,
3001 5043 3152 5098 οῠπω
3179 5043 3234 5096 δὲ
3269 5043 3473 5105 εἰδότας
3507 5041 3768 5112 ἀκριϐῶς,

2203 5129 2284 5192 τίς
2321 5147 2376 5182 τε
2405 5132 2499 5184 καὶ
2529 5132 2692 5187 πόθεν
2722 5135 2869 5187 ἐστὶν
2898 5137 2925 5187 ὁ
2965 5135 3334 5206 Ἐμμανουήλ.
3363 5132 3435 5186 Οὑ
3465 5135 3573 5204 γὰρ
3608 5134 3771 5202 μέχρι

2198 5220 2423 5286 τούτων,
2458 5225 2609 5294 φησὶ,
2646 5225 2714 5278 τὰ
2742 5225 2826 5278 ἐπ’
2854 5225 3003 5295 αύτῷ
3041 5225 3504 5296 θαυμασθήσεται,
3537 5223 3656 5275 οὐδὲ
3688 5221 3770 5274 ὃτι

2200 5309 2414 5374 πλείους
2439 5311 2785 5382 βαπτίζονται
2825 5314 2953 5385 παρ’
2997 5315 3176 5367 αὐτῶν
3231 5313 3343 5385 [γρ.
3383 5311 3545 5364 αὐτοῦ
3569 5310 3588 5381 j
3613 5352 3627 5375 ,
3681 5309 3771 5364 διὰ

2197 5400 2352 5454 τοῦτο
2399 5405 2492 5456 καὶ
2532 5404 2688 5474 μόνον
2719 5405 2818 5476 τὴν
2858 5407 2994 5476 ἐμὴν
3045 5405 3397 5477 ὑπεραλείται
3428 5401 3616 5470 τιμὴν,
3652 5397 3768 5451 ἀλλ’

2197 5492 2276 5555 εἰς
2324 5492 2520 5563 μέτρον
2568 5497 2900 5568 ἀναϐήσεται
2959 5497 3116 5568 δόξης
3182 5495 3464 5557 τοσοῦτον,
3521 5492 3643 5544 ὅσον
3703 5483 3768 5543 ἂν
