4090 6266
547 276 651 333 267

1543 269 1601 324 S.
1643 269 1922 324 CYBILLI
1961 266 2433 324 ALEXANDRINI
2467 268 2793 325 ARCHIEP.

3703 266 3810 320 268

546 386 652 458 Qui
679 397 861 442 autem
894 385 1194 456 aequalibus
1222 384 1526 440 honoribus
1555 399 1682 440 cum
1715 384 1826 441 Deo
1861 400 1926 440 ac
1958 384 2119 440 Patre

2234 387 2311 441 σὺν
2340 385 2560 454 Πατέρα
2588 401 2605 417 ο
2637 385 2666 438 6
2692 383 2770 454 μὴ
2790 385 2967 454 τιμῶν
3011 384 3103 437 τὸν
3137 382 3290 447 Υίὸν,
3321 380 3442 434 οὐδὲ
3474 379 3565 434 τὸν
3590 381 3810 454 Πατέρα

547 479 834 554 gloriatur,
864 485 1155 548 propterea
1205 475 1352 546 quod
1394 491 1462 531 ex
1516 477 1638 548 ipso
1683 485 1771 533 est
1819 476 2126 533 secundum

547 581 825 639 naturam,
868 568 1143 642 quomodo
1176 585 1286 625 non
1327 569 1648 625 censebitur
1677 568 1900 627 demum
1941 579 2125 624 rerum

547 672 862 721 creatarum
895 661 1160 719 excedere
1191 661 1603 718 substantiam?
1635 661 1738 715 hoc
1779 660 1926 716 enim
1960 659 2130 730 signi-

551 756 715 811 ﬁcant
761 755 882 825 illa
915 754 1104 819 verba,
1167 771 1187 805 ι
1232 768 1397 824 super
1450 767 1646 809 omnes
1703 761 1808 809 est.
1849 771 1870 805 ι
1927 749 2127 807 Verum

549 849 729 908 sentio
779 862 976 903 rursus
1020 847 1244 902 minime
1296 847 1583 915 quieturos
1629 844 1836 900 Christi
1885 843 2126 898 hostium

549 941 786 1006 animos,
817 939 912 994 sed
939 952 1034 994 ore
1057 938 1274 1008 procaci
1300 947 1354 993 et
1379 936 1643 994 effrenato
1669 937 1915 994 dicturos
1944 952 1960 990 :
1991 937 2131 994 Cum

549 1033 743 1088 beatus
787 1031 1036 1101 Baptista
1087 1030 1381 1086 desursum
1432 1029 1618 1084 venire
1649 1028 1849 1084 Filium
1895 1036 2128 1094 asserat,

550 1138 801 1192 quaenam
849 1122 989 1175 ratio
1018 1135 1122 1175 nos
1168 1119 1351 1190 adiget
1393 1127 1452 1172 ut
1489 1135 1557 1174 ex
1598 1119 1901 1174 substantia
1954 1118 2131 1174 Patris

551 1213 731 1283 ipsum
782 1213 974 1266 venire
1027 1210 1395 1280 suspicemur,
1437 1218 1660 1280 propter
1709 1210 1840 1264 illud
1882 1228 1902 1260 ι
1938 1209 2130 1265 desur-

552 1320 697 1367 sum,
723 1323 740 1354 ι
775 1319 840 1357 ac
863 1319 972 1360 non
1007 1302 1192 1372 potius
1221 1317 1252 1356 e
1279 1301 1456 1367 caelis,
1483 1310 1578 1354 aut
1606 1301 1770 1356 etiam
1799 1315 1866 1355 ex
1902 1300 1993 1354 illa
2023 1315 2132 1370 qua

551 1404 774 1466 praestat
809 1409 975 1464 supra
1009 1408 1204 1449 omnes
1260 1393 1581 1459 eminentia,
1637 1401 1698 1446 ut
1749 1393 1872 1448 ideo
1913 1407 2134 1462 quoque

465 1467 475 1480 ’
552 1503 715 1558 supra
748 1487 930 1542 omnia
960 1485 1303 1555 intelligatur
1333 1499 1459 1540 esse
1498 1500 1560 1538 ac
1597 1484 1754 1555 [ea
1792 1484 2045 1539 dicatur?
2076 1485 2131 1539 Si

551 1579 774 1651 quando
803 1594 904 1634 nos
929 1577 1094 1648 igitur
1118 1575 1438 1631 istiusmodi
1471 1576 1820 1631 sermonibus
1853 1583 2132 1646 appetent,

555 1673 623 1726 iis
661 1684 986 1741 reponemus
1030 1666 1198 1723 :Non
1247 1682 1447 1738 sequar
1496 1667 1878 1738 putidissimas
1920 1677 2134 1723 vestras

555 1764 819 1824 rationes,
857 1776 890 1816 o
945 1760 1102 1822 boni,
1129 1759 1225 1814 sed
1258 1758 1503 1813 divinam
1546 1757 1728 1828 potius
1769 1757 2130 1829 Scripturam,

554 1854 810 1922 solasque
841 1866 1028 1907 sacras
1058 1850 1316 1906 Litteras.
1350 1847 1721 1904 Serutandum
1754 1857 1840 1905 est
1874 1851 2040 1920 igitur
2077 1849 2135 1903 in

555 1945 702 2011 illis,
751 1960 860 2014 quo
915 1952 1074 2014 pacto
1121 1944 1229 1996 vim
1290 1942 1454 2012 hujus
1498 1942 1649 1997 vocis
1715 1961 1733 1992 ι
1775 1942 2067 1998 desursum
2111 1963 2130 1994 ι

554 2036 849 2105 accipiant.
881 2033 1126 2088 Audiaut
1159 2033 1346 2104 itaque
1378 2047 1548 2088 unum
1579 2047 1646 2086 ex
1681 2031 1792 2087 illis
1824 2033 2023 2103 spiritu
2049 2033 2136 2086 af-

553 2126 699 2182 ﬂatis
746 2126 1012 2198 apostolis
1055 2126 1381 2180 clamantem
1426 2143 1440 2180 :
1481 2143 1500 2176 ι
1545 2123 1722 2180 Omne
1762 2126 1951 2182 datum
1993 2126 2138 2198 opti-

553 2228 796 2288 mum,ct
824 2235 986 2275 omne
1015 2219 1222 2275 donum
1246 2219 1551 2289 perfectum
1576 2219 1868 2276 desursum
1895 2229 2010 2287 est,
2040 2221 2136 2277 de-

557 2311 833 2368 sceudens
856 2327 886 2365 a
904 2310 1349 2366 Patreluminum
1369 2311 1434 2365 ³⁸.
1463 2330 1481 2363 ι
1503 2309 1646 2364 Ecce
1661 2310 1998 2381 aperteillud
2021 2311 2137 2366 ide-

553 2419 773 2459 sursum
799 2423 818 2455 ι
856 2403 1093 2472 explicat
1125 2400 1429 2473 Scriptura,
1472 2421 1491 2453 ι
1515 2389 1783 2457 αἶάιτε.»
1823 2401 1962 2456 Cum
1990 2405 2134 2458 enim

553 2494 720 2548 sciret
745 2493 879 2546 nihil
897 2491 1044 2547 aliud
1071 2506 1162 2547 res
1181 2499 1396 2547 creatas
1418 2491 1685 2547 excedere
1713 2500 1910 2561 praeter
1943 2491 2136 2547 ineﬂ’a-

551 2584 714 2640 bilem
749 2583 898 2639 illam
921 2582 1016 2638 Dei
1047 2591 1322 2650 naturam,
1355 2582 1564 2638 idcirco
1597 2583 1649 2638 ei
1685 2582 1907 2653 proprie
1946 2597 2136 2638 vocem

553 2677 698 2732 hanc
759 2697 777 2728 ι
817 2675 1109 2731 desursum
1144 2695 1162 2728 ι
1207 2675 1481 2730 attribuit.
1526 2675 1647 2729 Alia
1694 2676 1897 2746 quippe
1951 2675 2133 2730 omnia

554 2769 836 2825 servitutis
882 2768 1016 2838 jugo
1058 2766 1305 2836 subjecta
1335 2776 1464 2821 sunt
1492 2782 1506 2831 ;
1540 2765 1693 2820 solus
1719 2772 1900 2820 autem
1928 2759 2138 2820 servire

553 2862 754 2924 nescit,
793 2869 847 2915 et
902 2869 1094 2930 regnat
1157 2858 1323 2923 Deus,
1355 2859 1499 2912 unde
1556 2860 1675 2927 ipse
1724 2872 1916 2913 revera
1968 2871 2136 2926 supra

552 2968 743 3007 omnes
772 2966 990 3020 quoque
1027 2958 1133 3005 est.
1170 2948 1312 3005 Deus
1355 2957 1558 3012 autem,
1589 2957 1644 3004 et
1677 2964 1743 3004 ex
1779 2949 1890 3003 Deo
1936 2963 2136 3004 secun-

2229 480 2383 550 τιμᾷ.
2403 498 2420 530 ι
2465 479 2520 532 'O
2539 477 2596 530 δὲ
2641 477 2968 548 ἰσομέτροις,
3003 475 3080 540 ὡς
3111 475 3245 547 πρὸς
3272 473 3409 526 Θεὸν
3447 473 3540 526 καὶ
3566 475 3810 547 Πατέρα,

2227 572 2414 641 τιμαῖς
2447 569 2932 640 ὲπαγλαῖζόμενος,
2968 566 3055 622 διὰ
3081 567 3143 620 τὺ
3174 567 3234 631 ὲξ
3259 563 3427 619 αὐτοῦ
3474 565 3620 618 κατὰ
3652 567 3814 636 φύσιν

2232 661 2520 731 ὑπάρχειν,
2545 660 2662 723 πῶς
2687 663 2788 714 οὐκ
2812 661 2878 715 ἂν
2907 662 3080 715 νοοῖτο
3097 658 3284 712 λοιπον
3307 657 3412 730 τὴν
3431 656 3541 710 τῶν
3569 659 3814 728 γενητῶν

2229 754 2541 807 ἀναϐαίνειν
2572 753 2796 818 οὐσίαν;
2839 751 3000 806 τοῦτο
3029 751 3138 822 γὰρ
3165 749 3258 815 τὸ,
3293 768 3311 802 ι
3356 750 3571 804 Ἐπάνω
3595 751 3818 806 πάντων

2231 844 2398 898 ἐστίν.
2443 863 2462 896 r
2516 843 2659 896 Ἀλλ’
2699 843 3028 914 αἰσθάνομαι
3083 841 3269 906 πάλιν,
3306 840 3383 904 ὡς
3413 841 3688 912 ήρεμήσει
3715 839 3815 911 μὲν

2233 935 2480 1007 οὐδαμῶς
2501 935 2613 991 τῶν
2633 936 3029 1009 Χριστομάχων
3046 935 3077 986 ὁ
3093 932 3438 1005 νοῦς,ἦξουσι
3458 934 3528 1000 δ’,
3547 934 3622 998 ὡς
3646 935 3814 999 εἰκὸς,

2231 1029 2749 1100 ἀθυροστομοῦντες,
2789 1030 2886 1082 καὶ
2930 1028 3200 1097 λέγοντες·
3247 1025 3420 1081 Ὅταν
3457 1027 3489 1079 6
3543 1026 3819 1097 μακάριος

2232 1119 2540 1192 Βαπτιστὴς
2568 1119 2773 1174 ἀνωθεν
2805 1120 3078 1191 ὁρμᾶσθαι
3111 1118 3252 1191 λέγῃ
3273 1119 3363 1171 τὸν
3406 1117 3628 1188 Κύριον,
3665 1122 3817 1180 ποῖος

2234 1213 2380 1281 ἡμᾶς
2423 1211 2723 1279 ἀναγκάσει
2765 1211 2922 1279 λόγος
2961 1213 3029 1264 ὲκ
3079 1211 3180 1282 τῆς
3225 1210 3316 1263 τοῦ
3373 1210 3586 1280 Πατρὺς
3629 1210 3818 1273 οὐσίας

2233 1303 2388 1372 ἥκειν
2426 1303 2586 1357 αὐτὸν
2644 1303 2989 1372 ὐποτοπῆσαι
3043 1303 3136 1356 διὰ
3196 1299 3258 1356 τδ
3303 1315 3323 1356 ι
3358 1301 3586 1364 ἄνωθεν,
3654 1319 3672 1352 ι
3724 1302 3820 1354 καὶ

2233 1393 2354 1462 οὐχὶ
2383 1394 2583 1464 μᾶλλον
2611 1393 2672 1458 ἐξ
2700 1393 2964 1465 οὐρανῶν,
2999 1395 3036 1466 ἢ
3061 1395 3154 1448 καὶ
3173 1396 3238 1448 ὲκ
3282 1395 3381 1465 τῆς
3413 1392 3641 1463 ἐνούσης
3668 1392 3820 1462 αὐτῴ

2235 1483 2378 1536 κατὰ
2404 1485 2621 1538 πάντων
2660 1484 2954 1556 ὑπεροχῆς,
2985 1485 3060 1548 ὠς
3103 1485 3192 1538 διὰ
3213 1482 3372 1537 τοῦτο
3397 1484 3492 1537 καὶ
3521 1484 3614 1536 ὲπὶ
3641 1483 3826 1536 πάντα

2235 1577 2424 1639 νοοῖτο,
2450 1577 2543 1628 καὶ
2568 1575 2809 1644 λέγοιτο;
2835 1577 3003 1630 Ὅταν
3030 1576 3208 1630 τοίνυν
3235 1577 3384 1646 ἡμᾶς
3408 1577 3521 1638 τοῖς
3555 1573 3818 1637 τοιούτοις

2235 1667 3369 1738 κατασφενδονῶσιλόγοις,άντακούσονται
3393 1667 3554 1721 πάλιν
3571 1683 3582 1695 °
3608 1667 3681 1720 υύ
3707 1668 3818 1727 τοῖς

2240 1763 2370 1831 παρ’
2399 1761 2527 1830 ὑμῖν
2552 1761 2924 1832 σαθροτάτοις,
2953 1754 2998 1814 ὦ
3032 1762 3322 1832 βέλτιστοι,
3351 1759 3656 1830 λογισμοῖς,
3685 1758 3821 1813 ἀλλὰ

2241 1853 2438 1922 μᾶλλον
2457 1856 2525 1925 τῇ
2556 1853 2679 1924 θείᾳ
2696 1854 2886 1926 Γραφῇ
2918 1855 3012 1908 καὶ
3047 1854 3231 1925 μόνοις
3251 1855 3365 1916 τοῖς
3395 1852 3562 1922 ἱεροῖς
3601 1851 3820 1904 ἀκολου-

2237 1943 2478 2016 θήσομεν
2502 1946 2854 2017 Γράμμασιν.
2899 1944 3251 2017 Ἐρευνητίον
3271 1944 3336 2015 δὴ
3356 1941 3450 1997 οὖν
3475 1945 3534 1996 ἐν
3567 1943 3818 2007 ἐκείνοις,

2236 2037 2385 2101 ὅπως
2415 2039 2550 2108 ἡμῖν
2587 2037 2688 2110 τὴν
2739 2037 2834 2091 τοῦ
2875 2057 2894 2090 ι
2940 2037 3148 2092 ἀνωθεν
3180 2055 3200 2090 ι
3243 2037 3516 2107 ὁρίζονται
3567 2034 3818 2104 δύναμιν.

2250 2127 2621 2180 Ἀκουέτωσαν
2648 2127 2832 2182 τοίνυν
2859 2129 3300 2198 ἀνακεκραγότος
3333 2127 3480 2190 τινὸς
3508 2125 3620 2178 τῶν
3653 2142 3822 2178 πνευ-

2241 2217 2584 2288 ματοφόρων·
2620 2237 2639 2271 ι
2688 2219 2845 2272 Πᾶσα
2878 2219 3026 2283 δόσις
3057 2219 3260 2288 ἀγαθὴ,
3302 2219 3400 2272 καὶ
3441 2219 3549 2271 πᾶν
3590 2217 3822 2286 δώρημα

2236 2307 2460 2372 τέλειον,
2491 2308 2700 2364 ἄνωθέν
2739 2311 2856 2364 ἐστι
2885 2310 3214 2365 καταϐαῖνον
3243 2312 3304 2364 ἐκ
3336 2309 3432 2364 τοῦ
3472 2309 3681 2380 [ἰατρὸς
3711 2309 3818 2362 τῶν

2238 2398 2452 2470 φώτωνο
2504 2420 2523 2453 ι
2567 2386 2677 2456 loci)
2713 2402 3009 2474 διαρρήδην
3051 2388 3112 2456 τί)
3163 2421 3182 2454 ι
3223 2403 3453 2468 ἄνωθεν,
3487 2419 3511 2480 ,ι
3552 2418 3570 2452 ι
3610 2403 3674 2453 ὲκ
3725 2399 3819 2454 τοῦ

2238 2493 2452 2564 Πατρὺς
2490 2512 2510 2545 ι
2539 2491 2679 2547 εἷναί
2709 2509 2893 2566 φησιν·
2925 2495 3112 2566 ἕτερον
3139 2495 3250 2566 γὰρ
3286 2495 3438 2548 οὐδὲν
3463 2493 3820 2565 ὑπερκεῖσθαι

2237 2582 2524 2651 γινώσκων
2550 2583 2618 2638 τά
2646 2584 2850 2656 γενητά
2878 2586 3028 2657 παρά
3058 2586 3156 2657 τὴν
3175 2587 3412 2659 ἄρρητον
3437 2583 3532 2638 τοῦ
3552 2584 3689 2638 Θεοῦ
3720 2583 3822 2654 cpti-

2240 2692 2346 2742 σιν,
2381 2675 2524 2747 αὐτῇ
2559 2676 2763 2748 κυρίοις
2805 2677 3054 2749 προσῆψε
3097 2677 3159 2730 τὸ
3203 2696 3221 2729 ι
3267 2675 3494 2731 ἄνωθεν.
3543 2694 3563 2729 ι
3599 2676 3679 2730 Τὰ
3719 2675 3822 2744 μὲν

2238 2765 2347 2836 γὰρ
2365 2765 2501 2821 ἄλλα
2532 2765 2820 2837 σύμπαντα
2836 2768 2913 2838 τῷ
2927 2768 3026 2838 τῆς
3049 2767 3294 2831 δουλείας
3321 2766 3621 2820 ὑποπίπτει
3643 2765 3820 2836 ζυγῷ,

2242 2858 2400 2928 μόνος
2445 2859 2504 2912 δὲ
2545 2859 2656 2914 ἄνω
2701 2858 2800 2912 τοῦ
2843 2860 3160 2930 κρατεῖσθαι
3215 2859 3362 2930 πηδᾷ
3404 2861 3499 2912 καὶ
3546 2856 3818 2928 βασιλεύει

2238 2949 2391 3012 Θεόςι
2426 2949 2548 3004 ὅθεν
2575 2950 2793 3020 ἀληθῶς
2842 2953 3006 3015 αὐτὸς
3056 2952 3150 3005 καὶ
3190 2952 3376 3006 ἐπάνω
3413 2953 3630 3005 πάντων
3679 2950 3814 3002 ἐστί.

552 3043 683 3096 dum
737 3051 991 3096 naturam
1050 3054 1174 3094 cum
1220 3039 1292 3094 sit
1337 3037 1530 3102 Filius,
1578 3038 1915 3108 ejuscemodi
1960 3033 2129 3110 gloria

2241 3040 2372 3104 θεὸς
2400 3041 2456 3093 δὲ
2479 3041 2570 3094 καὶ
2588 3043 2652 3095 ὲκ
2674 3042 2812 3096 Θεοῦ
2846 3044 2984 3097 κατά
3008 3042 3171 3112 φύσιν
3198 3044 3459 3116 ὑπάρχων
3478 3045 3506 3096 6
3539 3042 3685 3106 Υίδς,
3716 3041 3817 3111 τῆς

553 3148 664 3188 non
709 3132 1052 3186 excludetur.
1088 3129 1242 3196 Quod
1289 3129 1334 3186 si
1382 3130 1516 3184 illud
1547 3150 1566 3182 ι
1598 3099 1893 3187 desursum
1931 3099 2129 3187 r'acci-

2239 3099 2552 3204 énivtourtp
2603 3134 2985 3206 λαμπρότητος
3020 3099 3128 3190 ὀὐκ
3160 3099 3493 3190 ὲκκείσιεται.
3529 3135 3592 3189 Εἰ

552 3223 812 3295 piendum
852 3223 1057 3292 putatis
1092 3236 1189 3292 pro
1229 3239 1247 3272 ι
1287 3221 1528 3286 coalitus,
1576 3241 1596 3275 ι
1631 3222 1871 3293 idipsnm
1914 3237 2136 3293 quoque

549 3317 620 3373 de
678 3314 877 3387 quovis
935 3315 1130 3386 angelo
1205 3322 1262 3370 et
1318 3315 1576 3369 rationali
1635 3315 1842 3371 virtute
1893 3314 2130 3370 dicatur.

551 3405 793 3463 Veniunt
822 3405 968 3461 enim
1005 3405 1072 3460 ad
1104 3420 1204 3460 nos
1233 3405 1301 3460 de
1329 3405 1513 3471 caelis,
1545 3415 1600 3460 et
1627 3407 1937 3461 ascendunt
1967 3415 2133 3477 atque

551 3498 916 3558 descendunt,
943 3504 1002 3550 ut
1050 3497 1252 3552 alicubi
1295 3497 1371 3550 ait
1400 3513 1414 3550 :
1447 3515 1466 3548 ι
1515 3495 1695 3567 Supra
1728 3495 1925 3551 Filium
1956 3498 2129 3551 homi-

552 3590 642 3644 nis
664 3589 730 3642 ³⁸.
777 3606 794 3638 ι
840 3584 980 3651 Quid
1033 3601 1166 3656 ergo
1207 3586 1425 3641 beatum
1475 3587 1777 3656 Baptistam
1826 3589 2042 3658 impulit
2074 3595 2131 3641 ut

551 3678 700 3750 quod
753 3692 924 3748 penes
960 3677 1164 3731 multos
1206 3684 1310 3740 est,
1347 3677 1486 3731 illud
1532 3677 1684 3732 velut
1715 3678 1977 3732 eximium
2027 3679 2128 3734 soli

552 3769 690 3825 Filio
722 3769 948 3831 tribuat,
969 3782 1033 3822 ac
1062 3779 1320 3837 tanquam
1343 3767 1410 3822 de
1443 3768 1607 3822 unico
1631 3783 1869 3837 superne
1898 3769 2128 3825 descen-

550 3860 716 3916 dente
767 3857 917 3912 dicat
967 3875 982 3912 :
1033 3875 1052 3908 ι
1085 3856 1186 3922 Qui
1219 3856 1517 3911 desursum
1570 3857 1754 3911 venit?
1793 3873 1812 3910 ι
1853 3857 2128 3914 llonorem

551 3951 753 4023 quippe
800 3949 952 4002 illum
992 3963 1338 4003 communem
1379 3948 1503 4003 aliis
1553 3947 1735 4004 facere
1789 3965 1888 4018 par
1930 3959 2122 4006 esset:

556 4064 575 4096 ι
621 4043 725 4110 Qui
752 4041 1042 4097 desursum
1079 4038 1328 4103 veniunt,
1356 4055 1523 4109 super
1556 4055 1748 4096 omnes
1773 4049 1921 4096 sunt.
1956 4061 1974 4093 ι
2016 4040 2125 4097 Sed

548 4134 702 4190 novit
754 4131 850 4187 uni
897 4129 1039 4187 Filio
1077 4145 1262 4184 vocem
1308 4130 1454 4184 illam
1504 4130 1713 4196 deberi,
1751 4139 2014 4202 tanquam
2059 4151 2123 4188 ex

551 4235 805 4293 suprema
831 4222 1012 4276 radice
1053 4219 1220 4276 edito.
1243 4218 1358 4275 Non
1401 4235 1530 4290 ergo
1569 4221 1701 4275 illud
1737 4240 1756 4272 ι
1781 4221 2068 4278 desursum
2101 4243 2121 4276 ι

549 4314 826 4385 signiﬁcat
873 4330 892 4363 ι
928 4313 1179 4375 caelitus,
1223 4330 1240 4362 ι
1288 4311 1382 4365 sed
1438 4311 1599 4366 modo
1651 4326 1761 4381 quo
1816 4313 1927 4382 jam
1977 4302 2123 4367 dixi-

2244 3242 2261 3274 r
2304 3222 2508 3277 ἄνωθεν
2548 3245 2566 3277 ι
2601 3225 2778 3278 οἴεσθε
2809 3227 2917 3280 δεῖν
2953 3247 2971 3278 ι
3005 3227 3064 3292 ἐξ
3097 3227 3328 3298 οὐρανοῦ
3367 3247 3387 3281 r
3421 3225 3817 3298 λαμϐάνεσθαι,

2236 3311 2477 3381 λεγέσθω
2509 3316 2602 3370 καὶ
2651 3317 2744 3368 ἐπὶ
2774 3317 2973 3380 παντὸς
3019 3318 3250 3386 ἀγγέλου
3283 3319 3380 3372 καὶ⁵
3412 3318 3694 3389 δυνάμεως
3733 3317 3820 3370 λο-

2235 3408 2396 3477 γικῆς
2433 3409 2466 3478 ἡ
2510 3407 2677 3473 λέξιςο
2722 3409 2972 3480 ἔρχονται
3013 3410 3122 3482 γὰρ
3169 3412 3243 3475 ὡς
3276 3412 3424 3482 ἡμᾶς
3451 3410 3513 3476 ὲξ
3553 3409 3815 3482 οὐρανῶν,

2235 3500 2329 3551 καὶ
2349 3499 2723 3562 ἀναϐαίνουσι,
2761 3501 2857 3554 καὶ
2897 3503 3343 3566 καταϐαίνουσιν,
3380 3502 3454 3566 ὥς
3499 3502 3601 3555 πού
3631 3517 3815 3573 φησιν·

2273 3607 2290 3637 ι
2337 3590 2462 3643 Ἐπὶ
2505 3591 2595 3642 τὸν
2637 3593 2763 3644 Υἱὺν
2792 3593 2884 3646 τοῦ
2925 3593 3234 3665 ἀνθρώπου.
3272 3615 3290 3647 ι
3331 3596 3396 3648 Τί
3427 3591 3521 3648 οὖν
3561 3595 3668 3666 ἄρα
3701 3595 3818 3648 ἐστὶ

2231 3679 2293 3731 τὸ
2343 3681 2433 3733 τὸν
2481 3683 2748 3754 μακάριον
2805 3685 3117 3757 Βαπτιστὴν
3171 3687 3458 3750 πεπεικδς,
3506 3689 3568 3740 τὸ
3605 3687 3818 3750 πολλοῖς

2233 3771 2448 3844 ἕτοιμον
2514 3778 2592 3837 είς
2651 3776 2900 3841 ἐξουσίαν
2953 3779 3230 3833 ἀναθεῖναι
3290 3781 3437 3851 μόνῳ
3489 3781 3611 3833 κατ’
3667 3778 3817 3846 ἐξαί-

2233 3879 2388 3933 ρετον
2432 3864 2510 3935 τῷ
2553 3866 2686 3936 Υίῷ,
2731 3868 2826 3920 καὶ
2869 3868 2944 3932 ὡς
2977 3871 3061 3938 ἐφ’
3120 3870 3237 3933 ἑνὸς
3276 3869 3371 3923 τοῦ
3418 3869 3628 3924 ἀνωθεν
3649 3886 3815 3923 κατα⁹

2230 3953 2504 4019 ϐαίνοντος
2527 3957 2722 4021 εἰπεῖν,
2754 3976 2772 4009 ι
2816 3959 2872 4012 ’0
2893 3958 3095 4013 ἄνωθεν
3126 3960 3451 4032 ὲρχόμενος;
3486 3979 3505 4012 ι
3537 3961 3690 4031 Χρῆν
3707 3961 3818 4032 γάρ

2228 4047 2399 4119 δήπου
2426 4051 2846 4106 κοινοποιεῖσθαι
2869 4054 2980 4116 τοῖς
3005 4052 3183 4116 ἀλλοις
3209 4054 3268 4105 τὸ
3294 4053 3508 4124 ἀξίωμα
3533 4095 3548 4119 ,
3568 4053 3811 4122 λέγοντα·

2235 4160 2254 4192 ι
2295 4143 2356 4195 Οί
2391 4142 2930 4216 άνωΘενέρχόμενοι,
2962 4145 3147 4199 ἐπάνω
3176 4145 3393 4198 πάντων
3420 4145 3577 4200 εἰσίν.
3614 4164 3633 4197 ι
3673 4145 3813 4198 Ἀλλ’

2228 4230 2371 4288 οἶδεν
2417 4236 2496 4290 ἑνὶ
2527 4237 2605 4307 τῷ
2638 4237 2752 4307 Υίῷ
2777 4237 2838 4290 τὸ
2886 4239 3036 4309 ῥῆμα
3069 4237 3545 4310 χρεωστούμενον,
3596 4238 3672 4302 ὡς
3717 4238 3815 4303 τῆς

2227 4325 2487 4380 ἀνωτάτω
2523 4326 2681 4396 ῥίζης
2714 4327 3067 4395 ἐκπεφυκότι.
3102 4328 3216 4380 Οὐκ
3257 4329 3364 4398 ἄρα
3401 4327 3463 4380 τὺ
3498 4346 3517 4379 ι
3555 4326 3762 4380 ἀνωθεν
3791 4345 3808 4376 ι

547 4421 670 4460 mus
705 4406 791 4475 pie
822 4413 878 4461 et
918 4421 1045 4460 vere
1091 4404 1359 4472 capietur.
1394 4402 1684 4469 Quomodo
1715 4404 1882 4468 enim,
1915 4420 2120 4474 quaeso,

2234 4415 2485 4484 σημαίνει
2513 4415 2573 4468 τὸ
2609 4434 2627 4466 ι
2666 4415 2725 4478 ἐξ
2752 4416 3003 4486 οὐρανοῦ·
3054 4436 3072 4469 ι
3107 4417 3430 4488 νοηθὴσεται
3458 4416 3535 4482 δὲ,
3564 4413 3814 4486 καθάπερ

546 4496 648 4549 erit
694 4510 858 4564 super
913 4509 1128 4560 omnes,
1171 4495 1214 4548 si
1265 4509 1371 4547 non
1424 4494 1512 4546 illa
1556 4509 1657 4548 vox
1701 4511 1718 4544 ι
1763 4495 2054 4550 desursum
2099 4515 2117 4547 ι

2234 4508 2328 4576 ἤδη
2367 4507 2720 4578 προείπομεν,
2756 4508 2993 4572 εὐσεϐῶς
3018 4526 3076 4561 τε
3119 4509 3212 4562 καὶ
3255 4508 3488 4580 ἀληθῶς.
3540 4508 3663 4571 Πῶς
3706 4508 3813 4578 γὰρ

547 4585 846 4655 signiﬁcet,
878 4599 907 4634 a
942 4583 1121 4648 Patre,
1157 4583 1250 4638 sed
1284 4585 1464 4654 potius
1495 4584 1562 4638 de
1597 4583 1773 4638 coelo?
1801 4583 1938 4639 Nam
1971 4587 2014 4640 si
2053 4587 2126 4641 ita

545 4690 635 4728 res
666 4682 770 4736 est,
802 4673 908 4728 erit
963 4675 1125 4728 etiam
1181 4675 1500 4743 angelorum
1539 4674 1774 4745 quisque
1804 4690 1972 4748 super
2002 4692 2124 4732 om-

545 4764 660 4828 nia,
695 4773 883 4835 utpote
921 4781 1047 4820 cum
1095 4761 1219 4820 inde
1251 4768 1453 4820 veniat.
1489 4765 1546 4820 Si
1580 4782 1710 4821 vero
1745 4770 2127 4840 unusquisque

547 4852 930 4909 universorum
986 4872 1216 4911 numero
1284 4873 1396 4912 non
1457 4859 1992 4928 comprehendatur,
2058 4877 2126 4915 ex

546 4948 876 5017 quibusnam
937 4949 1154 5002 demum
1226 4951 1356 5004 illud
1419 4968 1436 5001 ι
1493 4953 1674 5006 omnia
1712 4973 1730 5004 ι
1795 4954 2135 5024 colligetur?

547 5048 641 5094 aut
681 5039 958 5108 quomodo
1003 5056 1108 5095 vox
1147 5041 1239 5095 illa
1273 5060 1291 5094 ι
1327 5043 1508 5097 omnia
1535 5063 1554 5096 ι
1595 5046 1802 5115 integra
1847 5061 2134 5115 permane-

545 5133 646 5198 bit,
675 5147 904 5187 servans
932 5142 1131 5188 exacte
1178 5150 1336 5188 suum
1366 5135 1757 5205 signiﬁcatum,
1791 5152 1915 5192 cum
1957 5153 2125 5208 ange-

545 5228 725 5281 lorum
781 5231 932 5279 tanta
980 5225 1275 5280 multitudo
1323 5226 1674 5291 excludatur,
1701 5237 1756 5282 et
1808 5229 1916 5282 vim
1963 5230 2128 5301 hujus

542 5322 695 5378 vocis
730 5339 747 5372 ι
777 5319 960 5376 omnia
998 5337 1017 5372 ι
1050 5318 1295 5374 evertat?
1319 5318 1438 5374 Non
1471 5321 1617 5374 enim
1659 5321 1898 5392 amplius
1939 5325 2125 5378 omnia

545 5419 694 5476 sunt,
723 5411 770 5466 si
796 5420 953 5466 extra
990 5418 1245 5465 maneant
1277 5411 1313 5464 ii
1340 5409 1434 5480 qui
1467 5419 1624 5464 erant
1655 5412 1708 5467 in
1740 5413 1984 5468 omnium
2022 5431 2124 5469 nu-

544 5517 713 5559 mero.
754 5502 986 5560 Verbum
1045 5512 1225 5558 autem
1263 5504 1409 5574 quod
1466 5504 1728 5562 ineil‘abili
1759 5508 2003 5564 ratione
2053 5525 2120 5564 ex

619 5677 661 5710 ³⁸
690 5675 806 5732 Jac.
847 5681 1002 5743 1,17.
1083 5683 1124 5714 ³³
1159 5679 1316 5737 Joan.
1351 5681 1505 5746 1.5!.

2227 4599 2364 4661 ὅλως
2396 4599 2549 4652 ἔσται
2578 4600 2671 4653 καὶ
2697 4601 2882 4653 ἐπάνω
2921 4603 3163 4666 πάντων,
3194 4603 3242 4654 εί
3281 4601 3356 4671 μὴ
3393 4600 3454 4652 τὸ
3496 4600 3561 4652 ὲκ
3599 4598 3812 4668 Πατρὸς

2231 4689 2486 4759 σημαίνει
2515 4690 2574 4743 τὸ
2613 4707 2632 4742 ι
2677 4692 2903 4757 ἄνωθεν,
2937 4711 2955 4743 ι
2989 4692 3126 4746 ἀλλά
3150 4692 3350 4762 μᾶλλον
3369 4691 3431 4745 τὸ
3451 4691 3510 4758 ἐξ
3543 4689 3811 4761 οὐρανοῦ;

2236 4782 2427 4833 Ἔσται
2458 4780 2586 4852 γὰρ,
2616 4782 2682 4836 ἂν
2706 4785 2880 4847 οὓτως
2904 4785 3020 4858 ἔχῃ,
3047 4785 3139 4838 καὶ
3171 4785 3400 4848 ἕκαστος
3427 4784 3538 4836 τῶν
3564 4783 3811 4851 ἀγγέλων

2233 4871 2420 4924 ἐπάνω
2469 4875 2704 4938 πάντων,
2747 4876 2822 4939 ῶς
2867 4876 3077 4930 ἐκεῖθεν
3119 4877 3432 4946 ξρχόμενος·
3484 4874 3717 4928 ἑκάστου
3753 4873 3810 4926 δὲ

2229 4963 2612 5033 διαφεύγοντος
2662 4967 2722 5020 τὸ
2779 4968 3192 5040 ὲναριθμεῖσθαι
3253 4972 3364 5034 τοῖς
3429 4969 3637 5032 πᾶσιν,
3701 4966 3816 5020 ἀπὸ

2229 5056 2388 5108 τίνων
2419 5055 2500 5110 ἔτι
2535 5057 2595 5111 τὸ
2635 5079 2653 5111 ι
2687 5061 2866 5114 πάντα
2907 5081 2925 5109 ι
2973 5061 3408 5132 συναχθήσεταις
3441 5063 3511 5114 Ἢ
3547 5060 3663 5123 πῶς
3686 5061 3751 5112 ἂν
3783 5059 3810 5110 6

2227 5147 2320 5201 τοῦ
2348 5167 2368 5200 ι
2405 5150 2582 5204 πάντα
2617 5170 2637 5204 ι
2683 5151 2842 5219 λόγος
2889 5152 3147 5223 ἀκέραιος
3178 5153 3450 5225 διαμείναι
3472 5194 3486 5218 ,
3530 5150 3763 5213 διασώζιι
3787 5169 3818 5204 ν

2226 5241 2490 5310 ἀκριϐῶς,
2531 5242 2560 5295 ὃ
2599 5243 2886 5312 σημαίνειν
2928 5243 3198 5314 βούλεται,
3247 5243 3517 5313 τοσαύτης
3565 5241 3815 5309 ἀγγέλων

2225 5331 2611 5404 ἀποφοιτιῦσης
2644 5333 2904 5405 πληθύος,
2935 5337 3029 5389 καὶ
3059 5335 3444 5407 παραλυούσης
3475 5331 3568 5385 τοῦ
3614 5349 3634 5382 r
3677 5331 3810 5384 πάνυ

2224 5439 2290 5474 τα
2325 5441 2342 5474 ι
2386 5423 2477 5474 τὸν
2509 5424 2666 5494 ὃρον;
2698 5425 2897 5479 Οὐκέτι
2923 5426 3030 5497 γὰρ
3086 5426 3282 5490 πάντα,
3323 5424 3592 5494 μενόντων
3629 5419 3804 5473 ἐκτὸς.

2223 5512 2382 5582 οἵπερ
2417 5508 2558 5583 ἦσαν
2592 5515 2648 5566 ὲν
2696 5517 2882 5571 πᾶσιν.
2947 5517 3005 5569 '0
3053 5516 3106 5570 δέ
3154 5533 3217 5585 γε
3261 5513 3516 5584 ἀρρήτως
3565 5512 3631 5565 ἐκ
3670 5507 3808 5563 θεοῦ
