4090 6266
353 335 461 393 269

1342 346 1347 353 ’
1439 329 1503 384 IN
1529 326 1815 386 JOAN‘NIS
1841 324 2282 384 EVANGELIUM
2320 326 2447 382 ιιιι.
2491 327 2555 383 ιι.

3474 300 3479 307 ’
3520 336 3627 392 270

350 452 573 523 Πατρὸς
609 434 921 521 διαλάμψας
950 434 1130 517 λόγος,
1165 447 1474 511 ίδιάζουσαν
1506 446 1643 518 ἔχων
1673 447 1769 515 τὴν
1795 444 1925 499 ἀνω-

2046 443 2156 498 Deo
2178 443 2337 498 Patre
2363 443 2587 512 eﬂ‘ulsit,
2608 445 2940 515 peculiarem
2969 443 3182 503 habens
3214 446 3360 502 illam
3392 466 3627 520 superne

354 540 450 597 θεν
489 542 773 613 γέννησιν,
806 541 897 595 καὶ
926 540 1178 613 καθάπερ
1219 539 1326 593 ἀπὸ
1360 540 1539 610 πηγῆς
1569 541 1666 608 τῆς
1700 537 1791 590 τοῦ
1828 537 1941 590 Παο

355 634 491 705 τρὸς
561 632 751 696 οὐσίας
814 631 1097 702 ὑπάρχων,
1151 629 1448 702 ἐρχόμενος
1516 628 1617 681 οὐκ
1693 626 1942 699 ἀδικήσει

358 726 442 789 τὸ,
481 726 681 791 πάντα,
701 723 762 776 τὸ
784 724 841 777 ἐν
861 725 1025 777 πᾶσιν
1042 723 1117 787 ὡς
1150 722 1317 795 μέρος
1342 721 1600 791 τετάχθαι
1630 719 1908 788 διαφυγών
1924 733 1938 747 ⁸

362 812 518 867 ἔσται
573 814 630 867 δὲ
675 812 870 884 μᾶλλον
922 811 1107 866 ἐπάνω
1160 812 1398 876 πάντων,
1451 811 1527 873 ὡς
1570 811 1756 881 ἕτερος
1808 808 1940 879 παρ’

365 907 524 971 αὐτά,
558 906 650 960 καὶ
690 904 870 975 φύσει,
909 906 1007 957 καὶ
1050 903 1276 974 δυνάμει
1313 902 1630 972 θεοπρεπεϊ,
1682 902 1779 954 καὶ
1828 904 1942 964 τοῖς

365 1001 541 1064 ἄλλοις
561 1000 652 1053 τοῦ
683 1001 1039 1071 γεννήσαντος
1063 997 1366 1069 ίδιώμασιν.
1384 995 1524 1050 Ἀλλ’
1543 995 1728 1068 ἐροῦσι
1752 994 1937 1065 τυχὸν,

359 1092 455 1156 τὰς
487 1095 550 1146 ἐκ
594 1093 694 1163 τῆς
737 1091 969 1162 ἐρεύνης
1010 1092 1240 1153 ἀτοπίας
1267 1089 1699 1161 δυσωπούμενοι·
1740 1089 1803 1142 Εἰ
1839 1106 1938 1156 οηο

357 1184 536 1254 μαίνει
558 1185 620 1237 τὸ
650 1203 668 1234 ι
709 1182 916 1236 ἀνωθεν
964 1201 982 1235 ι
1026 1182 1086 1236 τὸ
1120 1181 1182 1247 ἐξ
1212 1181 1479 1254 οὐρανῶν,
1502 1180 1609 1235 ἀπὸ
1655 1179 1756 1250 τῆς
1785 1179 1939 1233 ἐνού-

354 1293 456 1347 σης
480 1276 628 1347 αὐτῷ
648 1275 789 1330 κατὰ
821 1276 1042 1330 πάντων
1071 1276 1364 1346 ὑπεροχῆς.
1388 1274 1524 1347 Φέρε
1552 1274 1616 1345 δὴ
1637 1270 1751 1338 οὖν,
1777 1272 1938 1344 ἀκρι-

353 1366 610 1437 ϐέστερον
657 1365 1047 1437 βασανίζοντες
1097 1364 1193 1418 τοῦ
1222 1364 1519 1436 λεγομένου
1550 1363 1650 1434 τὴν
1688 1361 1937 1432 δύναμιν,

353 1457 550 1527 ἴδωμεν
581 1457 745 1511 πάλιν
780 1459 859 1521 είς
889 1459 1041 1511 ποῖον
1069 1456 1254 1521 αὐτοῖς
1293 1455 1655 1529 καταστρέψει
1696 1453 1850 1518 τέλος
1875 1453 1938 1506 τὸ

350 1547 683 1618 ἐγχείρημα.
713 1547 941 1619 Πρῶτον
962 1547 1060 1618 μὲν
1073 1541 1166 1601 οὖν
1187 1546 1399 1617 ἀμαθές
1424 1563 1485 1599 τε
1500 1545 1595 1603 καὶ
1622 1544 1938 1615 ἀδιανόητον

350 1638 572 1709 κομιδῇ,
616 1639 681 1691 τὸ
727 1638 890 1693 αὑτὸν
933 1639 998 1691 ἐκ
1041 1637 1135 1692 τοῦ
1165 1638 1367 1692 οίκείου
1405 1636 1588 1705 λέγειν
1630 1634 1939 1706 ἀξιώματος

354 1729 614 1801 ἔρχεσθαι
645 1730 738 1783 τὸν
758 1729 907 1794 Υίὸν,
940 1730 1033 1783 καὶ
1058 1730 1247 1802 ὥσπερ
1268 1726 1380 1784 ἀπό
1405 1745 1551 1792 τινος
1572 1727 1762 1794 τόπου,
1791 1728 1941 1800 ἧκαὶ

2048 535 2486 605 generationem,
2514 544 2570 590 et
2598 551 2663 591 ex
2694 535 2878 593 Patris
2917 536 3226 593 substantia
3266 548 3526 612 tanquam
3559 561 3625 599 ex

2046 626 2194 680 fonte
2239 642 2492 692 manans,
2523 628 2661 683 nihil
2690 627 3004 686 detrimenti
3062 632 3218 704 163
3252 635 3511 691 omnibus
3542 637 3626 691 af-

2044 718 2202 784 feret,
2238 734 2365 773 cum
2399 722 2453 775 in
2493 720 2742 776 omnium
2799 738 3031 778 numero
3068 731 3329 795 tanquam
3372 742 3499 798 pars
3532 744 3626 782 co-

2043 824 2166 862 rum
2207 824 2333 865 esse
2379 818 2660 880 nequeat:
2691 811 2785 866 sed
2825 811 2930 868 erit
2968 812 3151 883 potius
3190 829 3358 883 supra
3413 830 3620 884 omnia,

2043 911 2305 973 tanquam
2356 904 2502 959 aliud
2548 903 2617 959 ab
2646 904 2807 975 ipsis,
2840 920 2963 960 cum
3010 915 3229 971 natura,
3260 918 3375 961 tum
3420 908 3621 964 virtute

2041 992 2251 1060 divina,
2273 993 2508 1065 aliisque
2534 995 2801 1064 genitoris
2825 996 3273 1068 proprietatibus.
3296 998 3401 1055 Sed
3428 1016 3620 1064 earum

2042 1084 2447 1142 absurditatum
2484 1086 2698 1157 pudore
2739 1088 2957 1144 confusi
2992 1089 3177 1145 forsan
3218 1091 3482 1161 objicient
3515 1114 3527 1149 :
3562 1094 3618 1148 Si

2048 1193 2066 1225 ι
2105 1173 2398 1230 desursum
2438 1191 2456 1226 ι
2497 1174 2642 1231 idem
2691 1187 2779 1232 est
2822 1193 2887 1232 ac
2937 1179 3002 1234 de
3055 1180 3226 1244 etnlo,
3261 1195 3327 1235 ex
3375 1197 3441 1236 eo
3474 1185 3619 1253 quod

2040 1265 2315 1322 universis
2346 1267 2741 1337 supereminet,
2778 1269 2835 1323 id
2866 1270 3158 1342 signiﬁcat.
3199 1272 3442 1343 Agedum
3483 1290 3620 1347 ergo

2038 1357 2151 1411 vim
2201 1356 2351 1413 illius
2397 1356 2527 1411 dicti
2582 1362 2896 1415 accuratius
2945 1363 3364 1434 perpendentes,
3398 1382 3617 1422 rursum

2037 1436 2327 1511 videamus
2366 1465 2528 1520 quem
2577 1452 2784 1507 exitum
2841 1452 3080 1509 habituri
3125 1456 3236 1510 sint
3288 1473 3477 1512 eorum
3521 1477 3616 1513 co-

2037 1547 2224 1596 natus.
2255 1538 2505 1597 Primum
2535 1542 2724 1613 itaque
2751 1544 2989 1614 imperiti
3038 1561 3102 1600 ac
3145 1549 3305 1618 plane
3350 1551 3618 1607 «lenientis

2037 1639 2122 1688 est
2155 1632 2360 1700 dicere,
2396 1630 2600 1687 Filium
2630 1635 2809 1705 ipsum
2846 1651 2877 1690 a
2913 1652 3011 1691 sua
3044 1639 3310 1709 dignitate
3338 1645 3538 1709 venire,
3564 1654 3617 1698 et

2039 1722 2191 1778 velut
2224 1737 2291 1779 ex
2315 1723 2506 1794 aliquo
2526 1722 2671 1791 loco,
2699 1725 2816 1780 sive
2845 1725 3009 1779 etiam
3035 1728 3180 1781 velut
3210 1745 3275 1783 ex
3308 1736 3415 1783 uno
3446 1749 3614 1786 unum

355 1820 435 1881 ὡς
461 1820 520 1885 ἐξ
541 1820 681 1885 ἐνὸς,
703 1819 801 1872 ἐνα
826 1819 917 1872 τὸν
945 1818 1108 1873 αὑτὸν
1138 1819 1200 1871 ἐκ
1227 1819 1328 1889 τῆς
1373 1816 1510 1881 ἰδίας
1545 1817 1816 1890 ὑπεροχῆς
1858 1820 1925 1882 είς

2038 1813 2289 1869 eumdem
2347 1828 2416 1869 ex
2466 1829 2565 1869 sua
2622 1815 2921 1871 eminentia
2956 1820 3167 1884 venire,
3207 1831 3267 1875 ut
3318 1824 3392 1876 sit
3447 1840 3614 1894 supra

354 1910 419 1963 τὸ
448 1912 636 1966 ἐπάνω
668 1911 883 1965 πάντων
909 1907 1048 1964 εἶναι
1101 1910 1359 1980 βαδίζειν.
1401 1908 1547 1980 Πρὸς
1571 1909 1628 1963 δέ
1666 1926 1730 1978 γε
1760 1908 1925 1979 τούτῳ

2034 1906 2241 1960 omnia.
2273 1904 2538 1967 Praeterea
2560 1922 2663 1978 ego
2695 1908 2896 1965 lubens
2926 1908 2996 1965 ab
3020 1910 3152 1981 ipsis
3184 1913 3394 1983 petiero
3429 1925 3612 1969 utrum

359 1998 515 2068 κάγὼ
556 2000 830 2070 πυθοίμην
887 1999 954 2053 ἂν
1004 2000 1197 2070 ἥδιστα
1241 1999 1363 2053 λίαν
1396 1997 1598 2064 αὐτῶν,
1636 1998 1735 2070 τὴν
1794 1998 1925 2053 κατά

2034 1990 2189 2046 illam
2241 2006 2412 2063 supra
2471 1997 2656 2049 omnia
2688 1997 3042 2051 eminentiam
3073 2000 3254 2054 daturi
3312 2005 3424 2057 sint
3481 2007 3614 2059 sub-

364 2093 582 2146 πάντων
619 2091 892 2162 ὑπεροχὴν
916 2130 933 2154 ,
966 2091 1196 2162 πότερόν
1232 2108 1362 2145 ποτε
1406 2090 1669 2145 δώσουσιν
1700 2089 1925 2162 οὐσιώδη

2034 2083 2373 2148 stantialem,
2410 2094 2463 2140 et
2502 2100 2626 2156 quae
2681 2087 2883 2143 auferri
2944 2105 3052 2144 non
3109 2094 3283 2161 possit
3327 2092 3488 2158 Filio,
3543 2112 3611 2150 au

352 2180 448 2231 καὶ
501 2180 871 2250 ἀναφαίρετον
932 2177 1010 2248 τῷ
1062 2178 1218 2249 Υίῷ,
1280 2180 1316 2250 ἢ
1375 2179 1925 2259 προσπεπορισμένην

2032 2173 2209 2230 instar
2264 2174 2563 2232 accidentis
2618 2180 2968 2236 extrinsecus
3030 2183 3323 2237 invectam.
3370 2185 3429 2239 Si
3480 2202 3614 2257 ergo

347 2269 548 2335 ἔξωθεν
571 2271 714 2324 κατὰ
762 2269 929 2338 λόγον⁴
962 2270 1057 2322 τοῦ
1108 2270 1534 2341 συμϐεϐηκότος.
1576 2272 1639 2325 Εί
1693 2272 1794 2341 μὲν
1836 2266 1930 2326 οὖν

348 2362 640 2434 ἐπίκτητον
683 2362 828 2434 ἔχειν
876 2361 1093 2434 ἐροῦσιν
1131 2362 1294 2417 αὑτὸν
1349 2365 1448 2433 τὴν
1497 2363 1794 2436 ὑπεροχὴν,
1836 2358 1931 2419 καὶ

345 2453 606 2517 ἐπακτοῖς
668 2454 1120 2526 ἐπισεμνύνεσθαι
1166 2454 1280 2517 τοῖς
1342 2452 1667 2525 ἀξιώμασιν,
1713 2455 1928 2524 ἀνάγκη

347 2546 771 2616 προσομολογείν
797 2546 1001 2617 ἔρημόν
1029 2563 1161 2599 ποτε
1191 2544 1350 2615 δόξης
1383 2542 1518 2599 εἶναι
1547 2544 1808 2599 δύνασθαι
1836 2546 1928 2600 τὸν

346 2637 646 2706 Μονογενῆ,
699 2638 795 2692 καὶ
835 2638 936 2709 τὴν
973 2638 1294 2708 ἐπίκτητον,
1353 2636 1428 2699 ὡς
1478 2637 1678 2691 ἐκεῖνοί
1737 2653 1924 2707 φασιν,

345 2728 713 2782 ἀποδύσασθαι
739 2728 919 2800 χάριν,
943 2730 1039 2782 καὶ
1068 2728 1131 2781 τὸ
1171 2729 1357 2782 ἐπάνω
1397 2728 1613 2782 πάντων
1647 2724 1785 2782 εἶναι
1833 2729 1929 2800 ζη-

351 2819 641 2889 μιωθέντα,
691 2819 980 2889 φαίνεσθαι
1009 2819 1214 2891 γυμνὸν
1240 2809 1326 2890 ’ἧς
1380 2820 1505 2891 ἄρτι
1555 2818 1927 2891 θαυμάζουσιν

350 2912 635 2982 ὑπεροχῆς,
660 2912 818 2983 εἴπερ
856 2913 975 2964 ἐστὶ
1002 2912 1063 2965 τὸ
1108 2912 1457 2982 συμϐεϐηκὸς
1480 2910 1825 2980 ἀπόϐλητονρ
1838 2912 1925 2964 ὅτε

354 3001 424 3070 μὴ
437 3002 533 3071 τῆς
544 3000 734 3064 οὐσίας
753 3000 985 3054 ἅπτεται
1002 3000 1096 3053 τοῦ
1111 3001 1471 3070 ὑποκειμένου
1481 3000 1695 3052 ’Ἔσται
1708 3015 1861 3066 τοιγα
1870 3015 1926 3068 ρ-

351 3091 439 3143 οὖν
470 3091 746 3162 μεταϐολὴ
787 3084 884 3145 καὶ
918 3088 1208 3154 ἀλλοίωσις
1231 3092 1360 3162 περὶ
1391 3091 1482 3144 τὸν
1500 3090 1649 3143 Υίόν·
1681 3090 1778 3143 καὶ
1809 3089 1924 3142 δια-

2031 2264 2267 2321 ascititia
2299 2266 2584 2336 praeditum
2618 2270 2797 2338 ipsum
2839 2286 2963 2325 esse
2990 2271 3177 2327 dicent
3211 2274 3529 2341 eminentia,
3557 2287 3613 2332 et

2029 2355 2347 2413 adventitiis
2392 2358 2699 2415 honoribus
2736 2360 2984 2430 gloriari,
3019 2376 3247 2419 necesse
3298 2366 3407 2421 erit
3449 2382 3611 2437 porro

2030 2445 2188 2501 fateri
2221 2447 2581 2519 Unigenitum
2642 2451 2815 2521 gloria
2844 2454 3176 2525 quandoque
3205 2471 3367 2526 posse
3397 2473 3607 2522 carere,

2027 2545 2083 2593 et
2116 2540 2465 2608 acquisitam,
2500 2548 2562 2595 ut
2597 2542 2702 2612 ipsi
2754 2544 3082 2615 loquuntur,
3111 2561 3319 2604 exnere
3348 2550 3606 2619 gratiam,

2027 2637 2082 2684 et
2114 2631 2206 2684 illa
2245 2633 2564 2688 excellentia
2600 2650 2768 2704 supra
2800 2650 2887 2691 res
2923 2652 3114 2693 omnes
3168 2624 3445 2705 orbatum,
3484 2657 3609 2711 spo-

2030 2721 2148 2776 liari
2172 2736 2237 2778 ea
2265 2739 2428 2793 quam
2458 2725 2619 2789 modo
2657 2727 2931 2782 mirantur
2963 2731 3608 2803 excellentia,siquidem

2028 2813 2286 2871 accidens
2320 2816 2499 2868 amitti
2546 2825 2726 2885 potest
2764 2818 2988 2887 quando
3019 2834 3049 2874 e
3084 2823 3317 2889 subjecti
3369 2839 3477 2878 non
3511 2825 3610 2879 de-

2026 2904 2227 2974 pendet
2262 2906 2525 2959 essentia.
2570 2904 2799 2959 Mutatio
2840 2907 3011 2977 igitur
3054 2917 3110 2962 et
3163 2911 3417 2965 alteratio
3448 2914 3609 2968 cadet

2026 2996 2084 3050 in
2130 2990 2347 3061 Filium,
2381 3003 2435 3050 et
2478 2997 2741 3051 mentitur
2764 2995 3060 3053 Psalmista
3102 3000 3234 3053 dum
3280 3004 3435 3058 vanis
3482 3019 3606 3058 eum

2027 3095 2194 3142 ornat
2224 3088 2480 3142 laudibus
2506 3090 2558 3142 in
2602 3088 2751 3142 hunc
2786 3089 3007 3143 modum
3043 3108 3056 3143 :
3096 3110 3114 3142 ι
3157 3090 3294 3145 (ἴωιί
3327 3095 3602 3162 peribunt,

344 3159 600 3248 ψεύσεται
645 3159 743 3249 μὲν
778 3180 1006 3243 είκαίοις
1047 3177 1210 3233 αὐτὸν
1259 3159 1587 3248 ἀναμέλπων
1627 3181 1866 3251 ῥήμασιν
1892 3180 1923 3231 ὁ

2028 3188 2085 3231 ιιι
2126 3187 2307 3233 autem
2343 3194 2654 3249 permanes,
2694 3186 2749 3234 et
2786 3195 2980 3235 omnes
3029 3182 3173 3236 sicut
3218 3186 3604 3237 vestimentum

345 3271 615 3338 Μελῳδόςο
651 3290 668 3321 ι
694 3268 760 3324 Οἱ
781 3270 1004 3341 οὐρανοὶ
1040 3270 1385 3336 ἀπολοῦνται,
1427 3271 1491 3323 σὺ
1514 3270 1571 3324 δέ
1622 3270 1917 3340 διαμένεις,

345 3363 438 3416 καὶ
479 3363 678 3427 πάντες
728 3362 802 3426 ὡς
844 3363 1056 3432 ἱμάτιον
1106 3362 1602 3433 παλαιωθήσονται,
1652 3364 1745 3415 καὶ
1791 3363 1922 3415 ὡσεὶ

345 3448 685 3520 περιϐόλαιον
730 3450 923 3516 ἑλίξεις
965 3451 1182 3514 αὐτοὺς,
1230 3453 1324 3505 καὶ
1374 3453 1774 3522 ἀλλαγήσονται
1808 3470 1825 3484 ο
1858 3454 1921 3506 σὺ

342 3541 399 3595 δὲ
430 3545 457 3595 ὁ
481 3543 644 3606 αὐτὸς
672 3540 740 3607 εἶ,
770 3545 864 3601 καὶ
891 3545 961 3597 τὰ
1004 3544 1100 3614 ἐτη
1131 3563 1226 3598 σου
1257 3546 1357 3599 οὐκ
1380 3545 1705 3615 ἐκλείψουσι.
1754 3564 1774 3597 ι
1810 3545 1918 3598 Ποῦ

344 3631 450 3701 γάρ
477 3635 506 3685 ό
533 3632 714 3699 αὐτὸς,
753 3636 800 3686 εἰ
830 3633 1160 3704 μεταπίπτει
1193 3636 1288 3687 σὺν
1314 3636 1468 3705 ἡμῖν,
1494 3635 1589 3687 καὶ
1618 3635 1774 3688 τοῦτο
1797 3637 1921 3698 ταῖς

346 3725 424 3785 εἰς
472 3724 539 3775 τὶ
575 3724 745 3794 χείρω
787 3724 1111 3793 μεταϐολαῖς
1142 3744 1155 3790 ;
1189 3726 1386 3797 Μάτην
1421 3727 1500 3789 δὲ,
1530 3726 1605 3790 ὡς
1627 3726 1791 3790 είκὸς.
1823 3725 1919 3779 καὶ

344 3813 503 3873 αὐτὸς
545 3814 629 3881 ἐφ’
679 3813 855 3882 ἑαυτῷ
897 3815 1371 3883 κατασεμνύνεται
1420 3815 1614 3883 λέγων·
1672 3836 1690 3867 ι
1724 3816 1913 3881 Ἴδετε,

344 3904 498 3969 ίδετε,
527 3904 606 3956 ὅτι
637 3903 746 3973 ἐγώ
766 3906 903 3973 είμι,
942 3906 1035 3959 καὶ
1074 3907 1172 3958 οὐκ
1199 3907 1313 3959 ἔστι
1346 3907 1477 3970 Θεὸς
1520 3907 1657 3977 πλὴν
1692 3905 1847 3977 ἐμοῦ.
1891 3925 1909 3957 ι

343 3995 462 4059 Πῶς
500 3996 557 4050 δὲ
594 3997 714 4067 οὐχὶ
742 3997 838 4050 καὶ⁸
877 3999 957 4061 είς
1008 4000 1168 4052 αὑτὸν
1206 4000 1542 4071 ἀναϐήσεται
1577 4002 1669 4054 τὸν
1701 4002 1919 4073 Πατέρα

341 4087 407 4141 τὰ
436 4089 529 4142 τοῦ
559 4090 903 4159 Γεννήματος
942 4090 1115 4160 πάθη,
1166 4094 1458 4163 χαρακτὴρ
1493 4093 1651 4164 εἴπερ
1675 4093 1792 4146 ἐστὶ
1824 4092 1918 4146 καὶ

339 4180 505 4233 εἰκὼν
541 4180 960 4250 ἀπαράλλακτος
990 4183 1197 4249 aerei");
1252 4185 1446 4238 Ἔσται
1477 4184 1542 4254 δὴ
1579 4178 1673 4236 οὖν
1696 4183 1920 4236 ἀλλοιω-

339 4271 432 4333 τὸς
469 4272 567 4339 μὲν
594 4272 725 4341 ἡμῖν
764 4274 793 4324 ὁ
819 4271 952 4335 Θεὸς
1000 4276 1092 4326 καὶ
1146 4275 1356 4346 Πατὴρ,
1379 4274 1493 4347 ἔχει
1522 4274 1577 4327 δὲ
1617 4289 1921 4344 προσγεγο-

343 4366 511 4427 νότως
566 4364 667 4433 τὴν
709 4364 848 4418 κατά
883 4366 1098 4419 πάντων
1140 4367 1433 4438 ὑπεροχὴν,
1474 4367 1571 4420 καὶ
1622 4363 1812 4419 σιωπῶ
1858 4364 1920 4418 τὸ

2027 3278 2395 3335 veterasceut,
2424 3278 2477 3325 et
2506 3271 2649 3324 sicut
2675 3272 3016 3339 opertorium
3042 3271 3229 3325 volves
3260 3288 3378 3336 eos,
3403 3284 3453 3327 et
3481 3289 3604 3327 mu-

2027 3363 2290 3415 tabuntur
2322 3380 2337 3418 :
2366 3369 2423 3415 tu
2465 3370 2649 3416 autem
2682 3362 2824 3416 idem
2858 3378 2941 3424 es,
2971 3371 3025 3417 et
3055 3366 3183 3417 anni
3219 3365 3297 3417 tui
3331 3381 3439 3418 non
3467 3366 3603 3419 deti-

2025 3454 2172 3509 cient
2206 3453 2271 3508 ³³.
2312 3474 2330 3505 ι
2375 3453 2663 3519 Quomodo
2711 3452 2858 3507 enim
2907 3454 3048 3507 idem
3092 3454 3218 3519 erit,
3265 3455 3312 3508 si
3364 3455 3605 3509 concidit

2027 3545 2336 3606 uobiscum,
2363 3546 2526 3614 idque
2557 3544 2958 3600 mutationibus
2995 3545 3049 3597 in
3071 3544 3352 3601 deterius?
3374 3544 3602 3602 Frustra

2024 3645 2232 3699 autem,
2263 3645 2320 3689 ut
2351 3642 2596 3704 apparet,
2638 3635 2706 3689 de
2748 3651 2805 3691 se
2835 3636 3001 3689 etiam
3042 3636 3155 3704 ipse
3194 3637 3481 3704 gloriatur,
3516 3638 3601 3691 di-

2024 3743 2198 3783 cens:
2235 3748 2252 3779 ι
2293 3727 2504 3792 Videte,
2550 3727 2750 3791 videte,
2782 3727 2909 3796 quia
2953 3742 3056 3798 ego
3101 3742 3248 3794 sum,
3285 3737 3339 3783 et
3372 3743 3480 3782 nou
3516 3736 3601 3783 est

2026 3819 2170 3875 Dens
2195 3824 2394 3890 praeter
2417 3834 2502 3875 me
2523 3819 2590 3873 ⁸⁸.
2634 3840 2652 3872 ›
2688 3818 2980 3886 Quomodo
3016 3834 3146 3874 vero
3178 3835 3285 3873 non
3316 3821 3381 3873 ad
3418 3821 3597 3889 ipsum

2017 3901 2243 3983 quoque
2269 3911 2486 3966 Patrem
2514 3910 2643 3966 Filii
2676 3911 3012 3965 mutationes
3035 3912 3408 3980 pertinebunt,
3427 3911 3600 3979 siqui-

2020 4005 2144 4058 dem
2188 4013 2273 4058 est
2295 4004 2584 4058 character
2606 4010 2661 4057 et
2693 4002 2876 4071 imago
2911 4001 3033 4070 ejus
3079 4016 3177 4070 per
3216 4003 3397 4054 omnia
3445 4003 3599 4055 simi-

2022 4094 2090 4148 lis
2118 4093 2201 4148 "?
2226 4092 2342 4147 Erit
2378 4093 2547 4164 igitur
2577 4091 2863 4147 mutabilis
2886 4092 3045 4145 nobis
3080 4089 3221 4145 Deus
3246 4105 3307 4144 ac
3334 4089 3513 4153 Pater,
3543 4098 3598 4142 ιιι

2023 4186 2374 4241 adventitiam
2400 4185 2624 4240 habebit
2654 4198 2818 4253 supra
2844 4199 2931 4238 res
2956 4198 3148 4236 omnes
3171 4181 3549 4236 excellentiam
3579 4199 3595 4235 :

2023 4278 2233 4347 reliqua
2264 4286 2441 4333 taceo.
2466 4275 2757 4344 Exemplar
2781 4274 2985 4341 quippe
3013 4273 3114 4326 sibi
3148 4286 3267 4340 qum
3297 4277 3424 4324 sunt
3457 4268 3595 4322 iuta!

2022 4368 2166 4438 ginis
2197 4365 2511 4422 necessario
2554 4363 2881 4417 vindicabit.
2909 4358 3016 4414 Sed
3053 4367 3326 4412 tantarum
3359 4358 3597 4427 indigni-

342 4456 683 4525 λειπόμενον.
716 4457 1069 4510 Οίκειώσεται
1119 4459 1231 4529 γὰρ
1262 4459 1338 4522 ὡς
1377 4461 1436 4525 ἐξ
1465 4458 1713 4528 ἀνάγκης
1760 4458 1829 4510 τά
1859 4459 1916 4535 ἐν

2028 4467 2194 4513 latum
2230 4465 2284 4511 et
2312 4454 2715 4510 absurditatum
2750 4451 2981 4504 horrore
3022 4447 3150 4500 tacti
3188 4445 3595 4514 respondebunt

340 4549 406 4616 τῇ
448 4546 620 4599 εἰκόνι
673 4545 735 4598 τὸ
776 4545 1102 4616 ἀρχέτυπον.
1148 4547 1286 4599 Ἀλλ’
1333 4546 1628 4615 ἐπίκτητον
1675 4545 1775 4615 μὲν
1816 4543 1917 4597 οὐκ

2028 4547 2311 4603 ascititiam
2341 4547 2389 4601 ei
2428 4559 2535 4599 non
2576 4557 2699 4597 esse
2728 4539 3107 4602 eminentiam,
3136 4537 3229 4590 sed
3253 4534 3592 4590 substantia-

342 4637 559 4709 ἐροῦσιν
587 4637 731 4708 ἔχειν
755 4637 918 4690 αὑτὸν
949 4637 1048 4709 τὴν
1073 4637 1347 4707 ὑπεροχὴν
1372 4637 1509 4705 πρὸς
1536 4636 1636 4699 τὰς
1666 4634 1918 4698 τοιαύτας

338 4727 446 4782 τῶν
501 4728 777 4799 λογισμῶν
832 4727 1148 4799 δυσχερείας
1208 4744 1268 4780 τε
1322 4726 1458 4797 ὀμού
1531 4726 1626 4779 καὶ
1686 4725 1919 4787 ἀτοπίας

339 4822 781 4893 ἀποφρίττοντες,
815 4820 1049 4891 ούσιώδη
1073 4820 1130 4873 δὲ
1172 4819 1371 4891 μᾶλλον
1406 4819 1501 4872 καὶ
1533 4806 1914 4888 ἀναφαίρετον.

340 4909 470 4966 Εἶτα
491 4914 672 4977 πάλιν,
693 4906 737 4966 ὦ
769 4913 1059 4984 βέλτιστοι,
1092 4911 1209 4975 πῶς
1235 4913 1367 4982 ἡμῖν
1393 4912 1455 4965 οὐ
1487 4913 1785 4982 συνερεῐτε,
1816 4908 1913 4962 καὶ

340 5003 583 5069 ἄκοντες,
605 5006 685 5058 ὅτι
709 5005 841 5068 Θεὸς
873 5002 1017 5057 κατά
1042 5002 1206 5073 φύσιν
1227 5003 1484 5073 ὑπάρχων
1503 5005 1533 5056 ὁ
1561 5003 1689 5065 Υἱὸς
1727 5000 1913 5054 ἐπάνω

341 5097 557 5148 πάντων
581 5097 719 5158 ἐστὶ,
749 5096 835 5150 διὰ
851 5097 1010 5150 τοῦτο
1035 5096 1132 5149 καὶ
1159 5097 1223 5147 ἐκ
1257 5095 1423 5165 μόνης
1455 5094 1669 5164 ἔρχεται
1692 5092 1793 5162 τῆς
1819 5091 1913 5143 οὐ-

342 5186 464 5247 σίας
495 5185 586 5237 τοῦ
609 5186 741 5238 Θεοῦ
789 5189 883 5239 καὶ
909 5188 1123 5258 Πατρός
1153 5203 1167 5252 ;
1202 5188 1270 5239 Εἰ
1306 5188 1418 5256 γάρ
1444 5185 1595 5238 οὐδέν
1642 5187 1757 5237 ἐστι
1802 5182 1912 5236 τῶν

340 5277 603 5346 γενητῶν,
626 5277 654 5328 ὂ
669 5276 742 5346 μὴ
762 5279 824 5347 τῇ
845 5277 938 5330 τοῦ
963 5281 1161 5340 παντὸς
1179 5278 1407 5349 δυνάμει
1430 5275 1908 5346 περισχοινίζεται,

339 5372 521 5425 ἐπάνω
550 5371 607 5424 δὲ
654 5370 871 5424 πάντων
906 5372 1051 5424 ἐστὶν
1100 5374 1128 5425 ὁ
1154 5373 1300 5437 Υἱὸς,
1341 5373 1417 5433 ὼς
1464 5370 1651 5440 ἕτερος
1675 5368 1912 5439 δηλονότι

342 5463 487 5533 παρά
523 5464 725 5529 πάντα,
771 5465 863 5516 καὶ
916 5462 1145 5533 οὐσιώδη
1186 5464 1325 5516 κατὰ
1367 5463 1584 5515 πάντων
1632 5461 1770 5530 ἔχων
1814 5460 1913 5529 τὴν

343 5555 632 5627 ὑπεροχὴν,
665 5557 757 5610 καὶ
790 5557 886 5625 οὐχ
912 5560 940 5608 ό
961 5555 1120 5617 αὐτὸς
1148 5553 1289 5606 κατὰ
1315 5554 1479 5622 φύσιν
1501 5553 1758 5622 ὑπάρχων
1800 5550 1913 5614 τοῖς

412 5740 457 5771 ³³
482 5738 627 5791 Pszil.
660 5754 734 5803 Cl,
771 5738 857 5802 ΞΠ,
892 5738 981 5790 (22.
1088 5739 1131 5767 ³³
1156 5737 1260 5790 lsa.
1291 5738 1483 5802 x1.v,!‘§.

1575 5734 1660 5787 3³1
1694 5734 1821 5785 Cor.
1864 5748 1934 5793 τι,
1973 5734 2023 5781 7.

2016 4638 2119 4692 lem
2180 4637 2390 4706 potius,
2418 4648 2540 4704 qua:
2581 4630 2784 4685 auferri
2838 4634 3094 4697 nequeat.
3128 4625 3351 4685 Verum,
3379 4639 3411 4676 o
3444 4625 3589 4686 boni,

2016 4729 2292 4799 quomodo
2322 4727 2614 4780 nobiseum
2640 4723 2722 4777 vel
2756 4720 2914 4792 164
2942 4718 3096 4773 inviti
3119 4732 3227 4771 non
3261 4716 3590 4779 fatebimini,

2015 4820 2394 4883 Filium,cnm
2446 4817 2588 4871 Deus
2638 4816 2709 4869 sit
2756 4812 3059 4867 secundum
3098 4817 3374 4872 naturam,
3424 4820 3593 4874 supra

2020 4915 2203 4969 omnia
2251 4924 2399 4974 esse,
2446 4907 2678 4976 ideoque
2725 4921 2790 4960 ex
2841 4904 2959 4959 sola
2992 4900 3085 4955 Dei
3136 4914 3201 4955 ac
3252 4898 3434 4952 Patris
3465 4900 3617 4951 διώ-⁷

2021 5006 2223 5061 stantia
2257 4999 2591 5073 procedere?
2616 4997 2748 5050 Nam
2778 4997 2823 5049 si
2859 4993 2997 5048 nihil
3038 5002 3122 5046 est
3150 4998 3397 5045 creatura
3446 4987 3593 5057 quod

2020 5098 2264 5153 universi
2296 5095 2514 5151 ratione
2549 5099 2602 5147 et
2648 5089 2960 5161 significatu
3007 5102 3115 5141 non
3156 5085 3592 5152 constringatur,

2018 5201 2183 5257 supra
2222 5185 2478 5240 universa
2509 5190 2691 5237 autem
2724 5191 2809 5234 est
2839 5177 3032 5241 Filius,
3072 5184 3131 5229 ut
3164 5176 3303 5229 alius
3334 5172 3592 5257 nimirum

2021 5254 2103 5331 ab—
2125 5274 2393 5330 universis
2430 5281 2483 5327 et
2523 5269 2874 5326 substantiali
2928 5279 3093 5334 supra
3148 5262 3400 5315 universa
3453 5254 3595 5341 θοή-ι

2020 5367 2205 5422 nentia
2264 5364 2546 5434 praeditus,
2600 5375 2702 5414 nec
2750 5358 2893 5411 idem
2955 5356 3232 5410 exsistens
3289 5340 3591 5434 secundum

2018 5464 2270 5511 naturam
2305 5468 2429 5508 cum
2461 5451 2757 5516 universis,
2789 5445 3066 5517 quomodo
3099 5454 3208 5493 non
3241 5436 3345 5488 erit
3371 5428 3590 5526 tandem

2020 5550 2163 5605 Deus
2208 5546 2399 5603 verus?
2430 5544 2533 5609 Qui
2567 5542 2711 5597 enim
2741 5548 2896 5594 extra
2928 5537 3306 5590 creaturarum
3342 5519 3592 5574 multitu-
