4090 6266
521 270 621 326 271

1520 266 1578 321 S.
1611 263 1899 327 CYRILLI.
1920 260 2391 320 ALEXANDRINI
2431 263 2751 323 ARCIIIEP.

3686 274 3793 332 273

525 381 708 443 dinem
756 378 1191 436 substantialiter
1233 387 1316 434 est
1349 379 1588 451 positus,
1622 396 1725 436 nec
1768 388 1959 435 natura
2005 393 2089 436 su:

2209 383 2361 446 πᾶσι,
2399 382 2514 448 πῶς
2537 385 2640 439 οὐκ
2673 383 2738 438 ἂν
2767 385 2850 456 εἴη
2895 384 3078 441 λοιπὸν
3102 383 3234 451 Θεὸς
3275 387 3564 459 άληθινός;
3601 391 3660 446 '0
3683 395 3795 466 γὰρ

525 480 706 545 potest
748 472 802 527 in
836 486 1023 528 earum
1069 463 1264 528 ordine
1315 473 1601 539 collocari,
1633 473 1896 544 quidnam
1953 471 2100 527 aliud

524 568 744 622 demum
792 566 898 620 erit
939 564 1042 620 nisi
1084 563 1261 620 Deus?
1299 563 1444 620 Nihil
1493 566 1698 636 quippe
1753 563 2101 635 interjectum

524 659 793 725 videmus,
829 665 1096 728 quantum
1127 656 1196 712 ad
1247 657 1603 715 subsistentis
1641 658 1900 716 essentia
1933 658 2103 713 ratio-

526 768 650 814 nem
699 751 915 807 attinet.
939 749 1204 806 Creatura
1251 750 1397 804 enim
1439 750 1668 821 imperio
1703 751 1973 821 subjacet,
2008 765 2103 806 su-

523 863 732 918 praque
793 859 915 901 eam
965 844 1181 915 positus
1235 841 1382 898 Deus
1435 841 1780 912 intelligitur.
1824 839 1997 911 Igitur
2052 838 2101 893 si

523 938 668 993 Deus
704 936 1010 994 secundum
1052 944 1308 991 naturam
1349 941 1433 991 est
1463 931 1663 998 Filius,
1701 939 1756 986 et
1791 946 1857 987 ex
1896 929 2006 986 Deo
2038 944 2102 985 ac

522 1029 685 1090 Patre
742 1026 1091 1083 ineﬂ‘abiliter
1143 1033 1228 1082 est
1259 1025 1500 1097 genitus,
1547 1021 1814 1095 genitoris
1847 1028 2098 1075 naturam

525 1121 617 1175 illa
667 1134 773 1175 vox
820 1136 840 1170 ι
884 1118 1174 1174 desursum
1218 1135 1236 1167 ι
1281 1115 1587 1187 signiﬁcat,
1645 1113 1879 1181 ideoque
1935 1123 2101 1180 supra

524 1211 778 1266 universa
811 1217 896 1266 est
920 1208 1268 1280 Unigenitus,
1295 1207 1530 1261 maxime
1559 1219 1684 1261 cum
1719 1219 1786 1259 ex
1825 1201 1947 1273 ipsa
1979 1215 2102 1258 esse

520 1301 791 1356 videatur.

591 1390 680 1457 ΙΙΙ,
717 1393 806 1448 51.
846 1390 948 1457 Qui
971 1397 1049 1446 est
1081 1389 1146 1445 de
1177 1397 1342 1455 terra,
1375 1388 1440 1443 de
1469 1396 1611 1442 terra
1645 1395 1748 1452 est,
1775 1395 1823 1442 et
1857 1386 1922 1442 de
1957 1395 2099 1442 terra

517 1483 769 1554 loquitur.

587 1575 710 1632 Non
748 1573 937 1631 eadem
967 1581 1054 1630 est
1082 1571 1453 1646 persuadendi
1476 1570 1562 1628 vis
1587 1578 1644 1626 et
1670 1569 1904 1626 facultas
1935 1569 2097 1626 terri-

517 1684 692 1742 gena,
727 1683 852 1748 qua
886 1680 1146 1738 supremo
1175 1665 1422 1722 universi
1463 1664 1596 1720 Deo.
1627 1662 1898 1734 Loquitur
1948 1663 2092 1718 enim

2205 473 2302 545 τῆς
2334 475 2444 528 τῶν
2489 477 2818 548 ποιημάτων
2871 477 3111 549 πληθύος
3141 479 3414 545 οὐσιωδῶς
3452 483 3795 555 ἐκκείμενος,

2205 567 2299 620 καὶ⁸
2336 568 2397 620 τὸ
2430 569 2489 622 ἐν
2515 572 2766 642 γενητοῖς
2794 570 3057 641 τετάχθαι
3103 571 3244 626 κατὰ
3275 573 3438 642 φύσιν
3473 575 3798 649 ἐκδραμὼν.

2203 654 2256 706 τί
2288 653 2354 709 ἂν
2382 657 2567 726 ἕτερον
2607 658 2693 730 εἴη
2724 659 2932 727 λοιπὸν,
2985 661 3018 732 ἢ
3067 661 3248 732 Θεός;
3287 665 3639 722 Meo-0M6on
3683 670 3806 739 γὰρ

2157 782 2161 786 η
2203 747 2416 818 ὁρῶμεν
2441 749 2613 815 οὐδὲν,
2647 751 2772 804 ὅσον
2791 746 2926 823 ἦκεν
2951 754 3032 817 εἰς
3054 754 3240 820 οὐσίας
3261 756 3584 829 ὑφεστώσης
3609 759 3787 830 λόγον.

2203 839 2395 904 Κτίσις
2449 841 2558 913 γὰρ
2617 844 2651 913 ἡ
2684 843 3095 918 βασιλευομένη,
3131 849 3225 902 καὶ
3257 850 3345 902 ἐπ’
3396 851 3537 923 αὐτῇ
3590 855 3787 909 νοεῖται

2203 931 2355 995 Θεός.
2397 933 2606 988 Οὐκοῦν
2626 937 2674 988 εἰ
2703 935 2834 1000 Θεὸς
2863 937 3004 992 κατὰ
3047 941 3209 1009 φύσιν
3237 942 3383 996 ἐστὶν
3409 944 3438 995 6
3459 944 3610 1010 Υἱὸς,
3635 947 3790 1016 ἐγεν-

2203 1021 2336 1094 νήθη
2367 1023 2424 1076 δὲ
2478 1025 2733 1096 ἀρρήτως
2770 1029 2835 1081 ἐκ
2864 1029 2959 1083 τοῦ
2995 1029 3130 1084 Θεοῦ
3166 1034 3263 1086 καὶ
3304 1035 3535 1106 Πατρός,
3567 1036 3665 1107 τὴν
3693 1037 3788 1091 τοῦ

2203 1116 2560 1184 γεννήσαντος
2590 1117 2750 1186 φύσιν
2776 1121 2839 1174 τὸ
2873 1139 2890 1171 ι
2920 1122 3126 1176 ἄνωθεν
3152 1142 3170 1176 ι
3209 1127 3482 1196 σημαίνει,
3517 1128 3604 1182 διὰ
3633 1130 3790 1183 τοῦτὸ

2200 1221 2260 1257 τε
2292 1202 2479 1261 ἐπάνω
2514 1209 2732 1263 πάντων
2761 1212 2910 1267 ἐστὶν
2947 1215 2976 1268 6
3013 1214 3354 1289 Μονογενὴς,
3396 1219 3492 1273 ἆτε
3517 1220 3580 1292 δὴ
3612 1222 3708 1277 καὶ
3729 1225 3788 1290 ἐξ

2199 1294 2370 1365 αὐτῆς
2389 1296 2782 1371 όρ[μ]ώμενος.

2282 1386 2345 1440 '0
2377 1384 2463 1441 ὢν
2487 1389 2556 1444 ἐκ
2585 1391 2696 1460 τῆς
2727 1391 2860 1462 γῆς,
2884 1394 2952 1448 ἐκ
2978 1395 3089 1466 τῆς
3120 1396 3230 1468 τῆς
3257 1400 3411 1467 ἐστι,
3443 1403 3539 1456 καί
3573 1403 3641 1458 ἐκ
3675 1402 3787 1472 τῆς

2199 1475 2310 1546 τῆς
2333 1481 2528 1536 λαλεῖ.

2268 1571 2382 1624 Οὐκ
2418 1573 2719 1646 ίσομέτρως
2750 1578 3070 1650 ἐνεργῆσαι,
3106 1581 3295 1650 φησὶν,
3329 1587 3408 1649 εἰς
3432 1586 3493 1640 τὸ
3518 1587 3776 1645 δύνασθαι

2198 1661 2407 1716 πείθειν
2448 1665 2476 1717 6
2507 1665 2747 1738 γηγενὴς
2799 1668 2878 1739 τῷ
2916 1669 3010 1722 ἐπὶ
3055 1671 3265 1736 πάντας
3315 1673 3432 1728 ὅντι
3477 1677 3615 1748 Θεῷ.
3670 1682 3782 1735 Λα-

516 1721 584 1820 de
617 1721 786 1828 terra,
815 1775 923 1832 qua
958 1721 1148 1824 homo,
1178 1765 1234 1814 et
1281 1756 1615 1815 consultoris
1659 1755 1846 1811 locum
1877 1762 2089 1810 tantum

2197 1753 2351 1825 λήσει
2407 1756 2505 1826 μὲν
2518 1721 2642 1828 ’γάρ
2807 1721 3263 1834 ἄνθρωπος-Ἰάπό
3309 1721 3784 1838 acati-2v

516 1855 750 1920 obtinet,
799 1859 943 1908 totas
979 1850 1244 1908 credendi
1290 1851 1536 1907 habenas
1570 1846 1919 1903 auditoribus
1967 1861 2092 1917 per-

513 1947 788 2003 mittens:
821 1944 919 2001 sed
949 1943 1046 2015 qui
1099 1957 1338 2016 superne
1379 1941 1530 1998 venit
1585 1947 1645 1996 ut
1693 1936 1860 2002 Deus,
1903 1937 2092 1994 divina

522 2039 761 2111 quadam
794 2049 851 2094 et
877 2036 1138 2094 ineﬂ'abili
1169 2037 1350 2108 gratia
1383 2035 1618 2091 tinctum
1663 2045 1972 2088 sermonem
2009 2029 2095 2085 di-

517 2131 861 2203 scipulorum
903 2128 1132 2185 auribus
1169 2126 1368 2198 injicit.
1390 2126 1608 2194 Quanto
1637 2137 1772 2181 vero
1799 2122 1980 2194 potior
2009 2128 2094 2177 est

515 2232 738 2288 natura,
785 2229 940 2276 tanto
986 2226 1136 2276 certe
1179 2219 1288 2276 erit
1324 2216 1618 2274 cﬂicacior.
1644 2214 1956 2272 Admodum
1993 2227 2092 2266 au-

514 2325 624 2373 tem
676 2316 888 2372 utiliter
928 2316 1125 2372 beatus
1164 2313 1412 2384 Baptista
1461 2312 1580 2369 suis
1628 2309 1920 2382 discipulis
1975 2309 2090 2367 hac

513 2407 771 2464 in'culcat.
823 2406 957 2463 Nam
1027 2423 1155 2464 cum
1224 2406 1476 2461 viderent
1538 2404 1720 2475 ipsum
1788 2400 2090 2457 Salvatoris

512 2499 702 2569 gloria
731 2498 948 2566 cedere,
979 2513 1156 2572 eoque
1199 2497 1426 2553 nomine
1471 2511 1580 2552 non
1609 2509 1802 2566 parum
1841 2492 2088 2551 otl‘ende-

513 2599 730 2658 rentur,
790 2592 1024 2662 ideoque
1082 2589 1366 2646 venissent
1437 2587 1506 2644 ad
1571 2602 1721 2653 eum,
1787 2587 2084 2643 dicentes:

519 2703 539 2737 ι
581 2683 779 2750 Rabbi,
805 2684 898 2754 qui
941 2690 1060 2738 erat
1103 2689 1286 2738 tecum
1325 2689 1482 2738 trans
1530 2678 1846 2746 Jordanem,
1890 2679 1984 2734 cui
2028 2687 2088 2734 tu

512 2777 894 2833 testimonium
959 2773 1316 2846 perbibuisti,
1370 2787 1520 2838 ecce,
1577 2772 1671 2828 hic
1720 2771 1989 2843 baptizat,
2031 2778 2088 2827 et

509 2885 704 2926 omnes
733 2869 964 2925 veniunt
1003 2867 1074 2922 ad
1104 2881 1232 2924 eum
1255 2866 1332 2933 ³⁶;
1375 2883 1394 2918 ι
1427 2864 1745 2922 necessario
1773 2865 1859 2919 vir
1899 2863 2086 2920 divino

516 2961 726 3032 Spiritu
756 2959 976 3015 amatus
999 2958 1358 3014 oﬂ‘ensionem
1393 2965 1630 3021 amovet,
1660 2957 1888 3028 suisque
1913 2956 2084 3012 disci-

2199 1846 2335 1918 μόνῃ
2370 1848 2676 1918 συμϐούλου
2706 1851 2945 1906 κείσεται
2964 1855 3136 1921 τάξει,
3172 1855 3300 1920 ὅλας
3317 1861 3430 1922 τοῖς
3457 1861 3784 1932 παιδευομέο

2194 1956 2306 2003 νοις
2335 1940 2636 2011 ἐπιτρέψας
2653 1942 2754 2006 τὰς
2773 1944 2868 1998 τοῦ
2924 1945 3206 2015 βούλεσθαι
3254 1951 3568 2006 πιστεύσειν
3600 1954 3776 2024 ἡνίας·

2193 2033 2223 2086 6
2241 2033 2300 2086 δέ
2321 2032 2527 2089 ἄνωθεν
2552 2035 2863 2107 ἐρχόμενος,
2888 2039 2964 2103 ὡς
2989 2039 3142 2106 Θεὸς,
3177 2041 3295 2113 θείᾳ
3310 2043 3417 2094 τινί
3439 2044 3533 2097 καὶ
3554 2045 3781 2117 ἀρρήτῳ

2193 2125 2375 2200 χάριτι
2410 2125 2772 2198 καταχρὼσας
2796 2129 2888 2184 τὸν
2919 2130 3078 2199 λόγον
3097 2171 3113 2196 ,
3137 2135 3258 2196 ταῖς
3285 2133 3396 2187 τῶν
3445 2136 3781 2206 προσιόντων

2193 2217 2400 2289 ἐνίησιν
2433 2218 2644 2283 ἀκοαῖς.
2680 2221 2830 2291 Ὀσῳ
2877 2222 2936 2276 δὲ
2963 2225 3203 2295 ἀμείνων
3235 2225 3356 2278 ἐστὶ
3394 2228 3538 2280 κατὰ
3588 2228 3775 2297 φύσιν.

2192 2310 2430 2381 τοσούτῳ
2455 2309 2521 2381 δὴ
2552 2311 2770 2377 πάντως
2793 2314 3077 2386 ἐνεργήσει
3099 2315 3450 2388 γοργότερον.
3477 2319 3778 2390 Χρησίμως

2190 2399 2248 2452 δὲ
2277 2399 2396 2454 λίαν
2423 2401 2452 2454 6
2482 2403 2753 2476 μακάριος
2773 2405 3086 2479 Βαπτιστὴς
3118 2409 3256 2479 πρὸς
3277 2410 3404 2474 τοὺς
3435 2412 3629 2466 ἑαυτοῦ
3671 2430 3776 2482 μα-

2190 2488 2360 2561 θητὰς
2386 2491 2455 2546 τὰ
2484 2493 2712 2549 τοιαῦτά
2739 2513 2924 2567 φησιν.
2964 2498 3182 2572 Ἐπειδὴ
3231 2501 3341 2573 γὰρ
3369 2503 3532 2557 αὐτὸν
3557 2505 3656 2575 τῆς
3682 2505 3776 2558 τοῦ

2189 2581 2441 2655 Σωτῆρος
2482 2584 2643 2658 δόξης
2681 2587 2948 2659 ἐθεώρουν
2981 2591 3314 2664 ἡττώμενον,
3362 2595 3456 2649 ἐπί
3499 2613 3558 2650 τε
3604 2597 3778 2668 τούτῳ

2188 2671 2376 2730 λοιπὸν
2417 2675 2479 2730 οὐ
2509 2678 2745 2750 μετρίως
2766 2681 3233 2750 ἐσκανδαλίζοντο,
3266 2686 3368 2756 (διὸ
3394 2687 3460 2758 δὴ
3490 2689 3583 2742 καὶ
3613 2706 3778 2760 προσ-

2187 2762 2354 2836 ῄεσαν
2405 2766 2653 2837 λέγοντες
2673 2787 2688 2802 ·
2723 2789 2743 2824 ‹
2792 2773 3006 2840 Ῥα66ὶ,
3039 2775 3099 2841 ὃς
3117 2773 3186 2848 ἦν
3210 2779 3350 2849 μετὰ
3379 2781 3473 2834 σοῦ
3498 2783 3556 2834 ἐν
3577 2782 3657 2852 τῷ
3680 2783 3780 2836 πέ-

2193 2873 2294 2928 ραν
2347 2858 2440 2913 τοῦ
2487 2860 2774 2933 Ἰορδάνου,
2819 2859 2866 2934 ᾧ
2921 2867 2986 2920 σὺ
3020 2870 3472 2942 μεμαρτύρηκας,
3508 2875 3583 2928 ῐδε
3622 2869 3777 2938 οὗτος

2189 2947 2488 3019 βαπτίζει,
2545 2955 2640 3008 καὶ⁸
2694 2956 2897 3023 πάντες
2949 2958 3203 3031 ἔρχονται
3257 2965 3395 3036 πρὸς
3451 2967 3614 3020 αὐτόν
3675 2986 3693 3019 ι
3731 2968 3772 3037 )·

502 3048 652 3119 pulis
683 3061 866 3102 rerum
893 3045 1340 3102 necessariarum
1383 3043 1777 3114 cogitationem
1809 3042 2083 3111 injiciens,

2193 3041 2505 3111 ἀναγκαίως
2525 3046 2553 3098 6
2575 3049 3048 3122 πνευματοφόρος,
3079 3052 3140 3105 τὸ
3159 3052 3256 3106 τοῦ
3282 3055 3578 3110 σκανδάλου
3605 3057 3776 3120 πάθος

506 3138 732 3211 exponit
764 3137 986 3209 quidem
1012 3135 1318 3191 Salvatoris
1342 3150 1510 3206 supra
1545 3135 1804 3193 universa
1834 3136 2086 3192 eminen-

501 3231 663 3297 tiam,
707 3229 1066 3285 nihilominus
1109 3243 1242 3284 vero
1294 3243 1522 3284 causam
1572 3227 1765 3284 edocet
1803 3227 1878 3284 ob
1921 3243 2088 3301 quam

507 3323 578 3378 ad
613 3323 766 3378 illum
800 3320 911 3392 jam
940 3334 1132 3376 omnes
1161 3318 1522 3387 conﬂuerent,
1548 3327 1604 3377 et
1631 3334 1786 3392 aqua
1815 3320 2089 3392 baptismo

506 3413 699 3468 relicto
752 3412 821 3466 ad
881 3410 1208 3466 (liviniorem
1263 3420 1318 3469 et
1376 3413 1790 3483 perfectiorem,
1838 3413 1938 3484 qui
1989 3428 2090 3484 per

501 3492 772 3576 Spiritum
802 3511 1056 3560 sanctum
1090 3503 1253 3560 fiebat
1285 3503 1572 3574 nimirum,
1596 3519 1656 3563 se
1682 3505 2015 3576 reciperent.

575 3761 739 3834 165
772 3760 842 3814 ill
867 3802 882 3827 ,
935 3761 1024 3816 51.
1080 3759 1186 3828 Qui
1231 3760 1293 3816 de
1331 3763 1461 3818 calo
1508 3763 1682 3830 venit,
1721 3779 1877 3834 super
1908 3782 2088 3822 omnes

503 3864 603 3908 888.

575 3941 692 3996 Hoc
719 3948 982 4008 testatur,
1025 3942 1236 4014 inquit,
1274 3945 1542 4014 plurimos
1575 3954 1630 4003 et
1663 3946 2086 4019 incomparabili

504 4033 798 4090 intervallo
834 4041 1086 4091 terrenos
1140 4034 1392 4091 homines
1431 4051 1462 4090 a
1515 4035 1628 4092 Deo
1679 4037 1896 4103 Verbo,
1941 4040 2088 4110 quod

505 4141 742 4198 superne
779 4132 836 4180 et
868 4126 1090 4182 coalitus
1137 4126 1449 4192 descendit,
1501 4130 1774 4200 superari.
1806 4129 1907 4186 Cui
1948 4146 2086 4188 con-

503 4217 772 4274 ﬁrmando
799 4218 907 4289 nisi
938 4217 1040 4272 sim
1074 4217 1326 4284 idoneus,
1364 4227 1420 4275 et
1450 4221 1496 4276 si
1531 4238 1654 4290 qua
1689 4218 1937 4282 dicturus
1961 4241 2084 4282 sum

504 4309 620 4364 sola
649 4322 759 4362 non
795 4307 1096 4375 subiciant,
1144 4307 1264 4378 ipse
1315 4309 1474 4386 testis
1505 4313 1728 4369 accedet
1776 4312 1985 4381 Filius,
2027 4325 2085 4372 et

2189 3132 2648 3206 ὑποτεμνόμενος,
2685 3138 2816 3208 ὑγιᾶ
2865 3159 2926 3194 τε
2969 3146 3082 3207 τοῖς
3115 3145 3312 3199 ἐαυτοῦ
3372 3149 3644 3220 μαθηταῖς
3677 3151 3775 3220 τὴν

2188 3223 2281 3278 ἐπὶ
2312 3227 2431 3289 τοῖς
2469 3226 2922 3297 ἀναγκαιοτάτοις
2944 3233 3196 3307 διάληψιν
3237 3238 3776 3312 ἐντιθε“ις,ὲξηγετται

2191 3314 2292 3386 μὲν
2327 3316 2422 3404 τοῦ
2449 3318 2700 3404 Σωτῆρος
2747 3323 2846 3393 τὴν
2874 3325 3014 3380 κατά
3045 3327 3261 3382 πάντων
3297 3331 3593 3404 ὑπεροχὴν.
3631 3335 3775 3389 διδά-

2190 3402 2399 3494 σκειδέ
2447 3405 2602 3459 οὐδὲν
2644 3402 2809 3480 ἦττον
2849 3412 2948 3482 τὴν
2976 3415 3174 3481 αἰτίαν,
3207 3417 3275 3470 δι’
3317 3420 3384 3491 ἢν
3574 3424 3776 3487 πάντες

2188 3489 2284 3585 ἐπ’.
2305 3492 2510 3548 ἐκεῖνον
2537 3494 2807 3565 ἐὸάδιζον,
2841 3502 2938 3556 καὶ
2967 3504 3028 3556 τὸ
3048 3504 3116 3559 δι’
3165 3489 3359 3572 ὓδατος
3391 3489 3554 3580 μόνου
3591 3521 3769 3585 παρὰ·

2187 3581 2474 3676 τρέχοντες
2523 3585 2828 3662 βάπτισμα,
2883 3592 2960 3664 τῷ
3016 3595 3272 3670 θειοτέρῳ
3303 3601 3398 3653 καὶ
3459 3581 3776 3676 τελειοτέρῳ

2192 3673 2524 3766 προσῄεσαν,
2556 3677 2634 3750 τῷ
2669 3680 2759 3734 διὰ
2784 3684 3102 3756 Πνεύματος
3127 3688 3282 3758 ἁγίου
3311 3692 3534 3766 δηλαδή.

2270 3761 2334 3815 '0
2364 3763 2434 3818 ἐκ
2475 3767 2580 3823 τοῦ
2613 3772 2876 3840 οὐρανοῦ
2913 3775 3261 3848 ἐρχόμενος,
3297 3761 3510 3838 ἐπάνω*
3531 3785 3774 3841 πάντων

2189 3853 2382 3909 ἐστίν.

2260 3945 2430 4041 Τοῦτο
2459 3956 2746 4024 μαρτυρεῖ,
2774 3955 2856 4009 ὅτι
2879 3957 3128 4032 πλείστη,
3164 3963 3346 4034 φησὶν,
3384 3967 3476 4020 καὶ
3501 3967 3760 4041 ἀσύγκριο
3805 3986 3813 3993 ·

2187 4040 2339 4109 τοςή
2376 4038 2610 4113 διαφορά
2659 4048 2770 4110 τοῖς
2808 4048 2918 4103 ἀπὸ
2960 4052 3061 4122 τῆς
3105 4054 3208 4122 γῆς
3251 4058 3386 4127 πρὸς
3433 4059 3526 4114 τὸν
3566 4038 3770 4116 ἄνωθεν

2189 4128 2284 4224 καὶ
2306 4129 2366 4194 ἐξ
2391 4131 2621 4224 ούρανοῦ
2657 4139 3062 4198 καταϐαίνοντα
3091 4145 3226 4200 Θεὸν
3251 4149 3444 4217 Λόγον.
3494 4152 3557 4206 Εἰ
3587 4153 3660 4224 μὴ
3691 4155 3767 4208 δι-

2187 4218 2404 4277 δάσκειν
2439 4223 2740 4298 ἀξιόχρεως
2773 4232 2883 4296 ἐγὼ
2908 4276 2924 4301 ,
2967 4235 3062 4289 καὶ
3109 4237 3158 4289 εἰ
3208 4238 3367 4308 μόνος
3408 4242 3538 4313 ὑμῖν

2187 4313 2288 4405 οὐκ
2312 4314 2599 4387 ἐξαρκέσει
2621 4319 2779 4388 λόγος
2796 4359 2813 4386 ,
2865 4324 3028 4390 αὐτὸς
3055 4327 3440 4385 ἐπιϐεϐαιώσει
3476 4313 3770 4405 μαρτυρῶν

503 4399 1047 4471 incomprehensibili
1087 4399 1268 4471 spatio
1321 4401 1529 4458 distare
1582 4410 1858 4459 terrenum
1893 4405 2085 4462 abillo

2193 4404 2217 4457 6
2247 4405 2398 4471 Υἰὺς,
2423 4409 2792 4484 άκαταλῄπτῳ
2813 4414 3000 4488 μέτρῳ
3022 4417 3298 4477 διεστᾶναι
3329 4423 3391 4476 τὸ
3421 4399 3769 4498 γηγενὲς-τῆς

503 4508 720 4550 summo
771 4507 955 4547 rerum
993 4493 1240 4547 omnium
1281 4493 1534 4564 principe
1588 4494 1828 4550 docebit.
1867 4496 2082 4568 Quippe

2193 4499 2370 4590 επάνω
2400 4501 2617 4556 πάντων
2643 4505 2819 4578 ἀρχῆς
2838 4524 2854 4542 ο
2883 4509 3263 4584 διαλεγόμενος
3282 4515 3338 4569 δέ
3358 4533 3461 4570 που
3480 4493 3625 4590 ’πρὸς
3644 4493 3770 4584 τούς

501 4585 703 4640 alicubi
742 4583 994 4640 Salvator
1029 4584 1227 4654 impios
1269 4583 1490 4640 Judaos
1535 4585 1825 4657 alloquens
1861 4605 1875 4642 :
1911 4607 1929 4640 ι
1969 4587 2080 4646 Vos

2193 4588 2435 4681 ἀνοσίους
2477 4593 2783 4665 Ἰουδαίους,
2831 4596 3074 4671 ἔφασκεν
3103 4583 3375 4678 όΣωτήρο
3423 4627 3442 4660 ι
3486 4583 3676 4681 ’Ῠμεῖς
3705 4583 3771 4665 ἐκ

500 4675 568 4731 de
596 4676 856 4731 deorsum
891 4675 1050 4740 estis,
1083 4690 1185 4747 ego
1211 4675 1278 4731 de
1307 4677 1565 4748 supernis
1603 4693 1724 4733 sum
1746 4678 1813 4732 ³⁷.
1843 4697 1862 4730 ι
1906 4679 2078 4735 Deor-

2193 4679 2294 4775 rt'bv
2325 4682 2478 4775 κάτω
2510 4686 2636 4740 ἐστὲ
2659 4704 2673 4718 ·
2711 4687 2825 4758 ἐγὼ
2861 4693 2927 4746 ἐκ
2969 4693 3079 4749 τῶν
3107 4696 3219 4750 ἄνω
3250 4675 3387 4770 εἰμί.
3413 4717 3432 4752 ι
3463 4675 3631 4756 Κάτω
3670 4703 3771 4775 μὲν

503 4782 627 4821 sum
669 4767 818 4822 enim
871 4783 1056 4823 rerum
1111 4776 1423 4823 creatamm
1480 4778 1736 4824 naturam
1793 4771 1872 4825 ait
1919 4787 2074 4838 esse,

2193 4771 2292 4842 γὰρ
2320 4773 2420 4844 τὴν
2444 4775 2554 4829 τῶν
2581 4781 2826 4850 γενητῶν
2855 4781 3016 4853 φύσιν
3045 4781 3183 4840 εῖναί
3223 4767 3390 4861 φησιν
3407 4830 3423 4857 ,
3454 4792 3530 4856 ὡς
3551 4767 3774 4849 ὑποκει-

503 4863 564 4910 ιιι
611 4855 950 4924 subiectam,
978 4865 1124 4912 etut
1165 4873 1230 4913 ex
1292 4859 1624 4916 necessitate
1671 4859 1783 4918 Deo
1841 4862 1912 4918 ad
1953 4880 2079 4920 esse

2193 4863 2360 4955 μένην
2399 4866 2494 4920 καὶ
2526 4867 2602 4932 ὡς
2642 4869 2703 4936 ἐξ
2729 4872 2977 4946 ἀνάγκης
3018 4855 3377 4936 δουλεύουσαν
3410 4855 3665 4955 τῷπρὺς
3708 4885 3770 4940 τὸ

500 4947 722 5002 vocanti
749 4949 1101 5003 servientem.
1141 4948 1375 5005 Sursum
1406 4966 1559 5018 vero,
1590 4951 1834 5010 divinam
1866 4963 1921 5010 et
1941 4956 2082 5012 incf-

506 5039 724 5094 I'abilem
755 5037 1178 5094 dominatricem
1223 5043 1376 5097 illam
1411 5051 1690 5110 naturam,
1716 5053 1909 5116 utpote
1956 5064 2080 5118 qua

503 5147 594 5188 res
631 5138 848 5187 creatas
902 5131 1131 5200 pedibus
1178 5135 1299 5188 suis
1338 5135 1617 5205 subiectas
1650 5136 1847 5201 habet,
1877 5145 1934 5192 et
1979 5154 2082 5208 po-

503 5224 721 5280 testatis
753 5237 869 5278 sua
895 5221 1036 5293 jngo
1061 5223 1332 5281 subditas.
1359 5224 1478 5280 Non
1509 5226 1714 5283 frustra
1747 5237 1930 5284 autem
1962 5230 2081 5288 hac

503 5313 696 5370 beatus
725 5311 969 5383 Baptista
1000 5312 1382 5382 superioribus
1410 5313 1633 5385 adjecit.
1673 5313 1752 5372 Ne
1779 5317 1896 5374 suis
1931 5321 2078 5375 enim

503 5405 790 5474 discipulis
808 5419 978 5459 vanas
999 5403 1243 5460 rationes
1281 5403 1484 5474 ﬁngere
1516 5413 1829 5477 putaretur,
1861 5421 1914 5467 et
1938 5427 2080 5482 qua-

502 5497 552 5550 si
585 5497 815 5567 puderet
867 5497 990 5554 sine
1033 5510 1200 5553 causa
1244 5495 1466 5554 Christo
1503 5496 1825 5557 inferiorem
1875 5505 2074 5574 videri,

578 5665 623 5701 ³⁸
651 5665 809 5722 Joan.
851 5686 932 5736 ιιι,
965 5671 1059 5729 26.
1137 5673 1178 5705 ³⁷
1217 5671 1376 5730 Joan.
1401 5687 1526 5740 vm,
1565 5675 1658 5730 25.

2187 4950 2326 5050 εἶναι
2351 4956 2605 5050 καλοῦντι
2637 4961 2755 5035 Θεῷ
2774 4977 2788 4992 ·
2815 4965 2928 5020 ἄνω
2963 4968 3020 5021 δέ
3047 4969 3208 5024 πάλιν
3228 4974 3338 5044 τὴν
3355 4950 3504 5030 θεία-ν
3549 4950 3643 5032 καὶ
3673 4978 3772 5050 dp-

2189 5045 2350 5113 ρητον
2382 5044 2746 5111 δεσπόζουσαν
2778 5053 2961 5122 φύσιν,
2984 5056 3059 5120 ὼς
3089 5060 3268 5114 πάντα
3301 5064 3406 5117 ὑπὸ
3431 5065 3596 5130 πόδας
3620 5044 3772 5138 ἔχου-

2189 5151 2288 5230 σαν
2307 5135 2376 5190 τὰ
2401 5141 2624 5211 γενητὰ,
2643 5144 2737 5197 καὶ
2760 5144 2836 5216 τῷ
2853 5147 2957 5217 -τῆς
3000 5149 3249 5216 ἐξουσίας
3276 5155 3572 5211 ὑποθεῖσαν
3601 5135 3768 5230 ζυγῷ.

2189 5229 2264 5322 Ού
2295 5230 2471 5302 μάτην
2485 5232 2539 5285 δὲ
2567 5233 2741 5289 ταῦτα
2765 5240 2877 5302 τοῖς
2905 5239 3164 5313 ἀνωτέρω
3187 5247 3576 5317 προστέθεικεν
3605 5254 3634 5305 6
3670 5229 3772 5322 μα·

2188 5321 2380 5392 κάριος
2407 5324 2748 5397 Βαπτιστής·
2796 5328 2886 5382 ἵνα
2913 5330 3022 5403 γὰρ
3055 5334 3131 5406 μὴ
3167 5337 3451 5409 νομίζηται
3482 5341 3631 5411 παρᾶ
3657 5321 3774 5408 τοῖς

2189 5412 2381 5467 ἑαυτοῦ
2410 5415 2699 5488 μαθηταῖς,
2727 5421 2968 5488 εἰκαίους
2991 5426 3425 5482 ἀναπλάττεσθαι
3452 5429 3768 5501 λογισμοὺς,

2189 5504 2327 5560 αἰδοῖ
2367 5505 2423 5560 δὲ
2472 5509 2566 5562 τοῦ
2602 5509 2676 5581 μὴ
2723 5511 2899 5570 δοκεῖν
2938 5516 3175 5587 εὐλόγως
3214 5518 3475 5591 ἡττῆσθαι
3503 5521 3767 5593 Χριστοῦ,
