4090 6266
304 361 413 419 275

1372 351 1438 408 ΙΝ
1463 350 1749 408 JOANNIS
1787 348 2239 409 EVANGELIUM
2275 353 2404 410 LIB.
2449 351 2512 408 II.

3479 353 3587 410 ττι

308 473 534 548 μείζονα
569 472 669 545 μὲν
696 471 879 540 λέγειν
918 470 1008 524 καὶ
1041 468 1245 524 ἄνωθεν
1276 469 1459 534 αὐτὸν,
1481 469 1676 522 ἑαυτὸν
1707 467 1763 521 δὲ
1792 467 1895 522 κόι-

2012 469 2182 539 ipsum
2250 469 2516 538 majorem
2587 474 2643 522 et
2705 465 3001 523 desursum
3060 462 3284 530 dicere,
3344 481 3404 522 se
3454 485 3586 525 vero

307 567 481 620 τωθεν
541 566 640 619 καὶ
669 563 780 617 ἀπὸ
809 562 904 632 τῆς
940 560 1072 632 γῆς·
1115 560 1432 630 ἀναγκαίως
1470 562 1564 630 ἀφ’
1601 553 1678 614 ὧν
1731 559 1893 623 αὐτὸς

2012 560 2290 624 ieorsum,
2345 567 2399 614 et
2449 559 2517 614 de
2563 565 2746 625 terra,
2799 555 3118 614 necessario
3162 570 3224 611 ex
3279 555 3586 617 Salvatoris

311 661 554 730 ἔφασκεν
581 659 610 712 6
647 656 868 727 Σωτὴρ,
899 655 996 726 τὴν
1025 653 1136 708 τῶν
1167 654 1476 726 εἰρημένων
1508 652 1897 725 ἑπισφραγίζει

2012 651 2180 721 .psius
2222 650 2410 706 verbis
2432 651 2712 706 dictorum
2751 649 3084 704 sententiam
3110 649 3476 718 comprobat,
3533 662 3589 707 et

312 751 565 821 δύναμιν,
585 750 677 803 καὶ
701 747 973 819 πρόφασιν
998 747 1118 818 μὲν,
1143 746 1205 798 οὐ
1228 744 1482 816 καθάπερ
1512 743 1679 815 ᾤοντο
1710 743 1896 814 κενὴν,

321 843 573 913 ἀληθείας
602 843 658 896 δὲ
709 840 909 912 μᾶλλον
960 837 1234 903 ἀπόδειξιν
1258 879 1274 903 ,
1323 836 1650 891 ἐπιδεικνύει
1681 836 1780 908 τὴν
1813 835 1899 901 ἐξ·

1999 742 2238 799 ostendit
2265 757 2387 798 eam
2424 741 2833 814 expositionem
2866 755 2980 794 non
3016 753 3175 806 esse,
3207 747 3270 793 ut
3293 740 3588 796 existima-

1998 839 2156 904 bant,
2183 835 2429 900 inanem,
2459 835 2558 892 sed
2585 834 2797 890 claram
2838 833 3025 906 potius
3053 831 3586 906 demonstrationem

325 936 534 1004 ήγησιν.
597 931 815 1002 Ἐπειδὴ
846 929 904 984 δὲ
945 931 1041 984 καὶ
1077 928 1240 1000 ἑτέρα
1271 928 1521 996 φαίνεται
1573 925 1668 980 τοῦ
1712 925 1901 996 στίχου

2012 930 2273 986 veritatis.
2313 929 2587 995 Quoniam
2633 935 2816 983 autem
2847 927 2906 983 in
2944 923 3223 982 versiculo
3253 925 3416 982 aliter
3446 943 3588 998 quo—

325 1027 499 1096 γραφή
535 1042 549 1057 ·

335 1097 344 1104 ’
393 1119 453 1168 '0
480 1116 589 1186 γὰρ
621 1117 876 1186 ἑώρακε,
922 1115 1092 1188 φησι,
1123 1113 1222 1170 καὶ
1250 1113 1480 1184 ἢκουσε
1500 1153 1515 1179 ,
1559 1112 1736 1167 τοῦτο
1754 1127 1904 1182 μαρ-

315 1226 471 1277 τυρει
490 1225 503 1237 ·

383 1300 518 1372 Φέρε
548 1301 644 1354 καὶ
685 1301 767 1364 εἰς
817 1299 989 1369 αὐτὴν
1019 1297 1178 1366 ὀλίγα
1220 1293 1596 1365 διαλεξόμεθα.
1658 1293 1770 1357 Τὰς
1818 1293 1903 1361 ἐφ’

315 1395 526 1465 ἑκάστῳ
546 1393 658 1446 τῶν
680 1392 1024 1464 πραγμάτων
1040 1389 1432 1459 πληροφορίας,
1451 1387 1538 1442 διὰ
1557 1386 1650 1440 δύο
1669 1386 1906 1458 μάλιστα

314 1486 423 1540 τῶν
450 1485 803 1557 κυριωτέρων
834 1482 1140 1555 αἰσθήσεων
1177 1480 1475 1551 λαμϐάνειν
1497 1478 1824 1549 πεφύκαμεν
1846 1494 1906 1530 τε

318 1578 410 1631 καὶ
444 1573 872 1644 κατειθίσμεθα,
904 1571 1078 1641 ὅψεως
1114 1570 1178 1629 δὴ
1206 1569 1351 1638 λέγω
1393 1569 1490 1621 καὶ
1519 1566 1698 1636 ἀκοῆς
1719 1581 1733 1597 ·
1778 1565 1908 1620 αύτ-

315 1666 476 1737 ήκοοί
504 1683 566 1718 τε
605 1664 715 1734 γὰρ
755 1662 850 1715 καὶ
883 1661 1277 1715 αύτεπίσκοποι
1321 1656 1684 1728 γεγενημένοι
1723 1655 1907 1718 τινῶν,

318 1759 414 1811 ἐπὶ
457 1755 520 1809 τὸ
564 1756 745 1824 λέγειν
789 1752 1180 1814 ἀνενδοιάστως
1229 1750 1359 1820 περὶ
1393 1749 1572 1802 αὐτῶν
1618 1745 1905 1818 ἐρχόμεθα.

2002 1037 2110 1091 que
2137 1021 2408 1094 scriptum
2439 1021 2656 1076 videtur
2681 1040 2694 1076 :

2076 1108 2169 1177 Ill,
2197 1113 2289 1168 '52.
2331 1110 2488 1180 Quod
2518 1111 2658 1166 enim
2689 1111 2841 1179 uidit,
2873 1109 3075 1182 inquit,
3110 1121 3160 1166 et
3222 1111 3450 1178 audivit,
3492 1111 3588 1164 hoc

2007 1213 2232 1259 testatur
2247 1220 2267 1270 ,°

2087 1296 2323 1368 Agedum
2358 1310 2531 1369 pauca
2545 1297 2794 1368 quaedam
2823 1296 2882 1352 in
2916 1296 3054 1352 illud
3074 1297 3441 1354 disseramus.
3473 1294 3589 1348 Duo

2007 1387 2173 1444 nobis
2213 1394 2345 1444 sunt
2395 1403 2618 1455 sensus,
2679 1389 2886 1459 quibus
2934 1389 3289 1459 potissimum
3341 1388 3587 1444 solemus

2009 1479 2076 1536 de
2100 1494 2286 1534 rerum
2322 1481 2551 1536 veritate
2601 1479 2717 1536 ﬁeri
2769 1480 3040 1536 certiores
3063 1519 3078 1542 .
3114 1481 3268 1536 visus
3318 1478 3584 1533 nimirum

2009 1578 2064 1625 et
2092 1571 2335 1627 auditus.
2373 1570 2504 1639 Qum
2532 1572 2682 1628 enim
2723 1570 3042 1627 audivimus
3073 1571 3199 1642 ipsi,
3234 1585 3297 1625 ac
3327 1570 3586 1635 vidimus,

2011 1661 2079 1717 de
2128 1661 2200 1718 iis
2235 1671 2388 1717 certo
2411 1671 2468 1718 et
2516 1663 2826 1719 indubitate
2878 1663 3178 1733 loquimur.
3234 1661 3369 1717 Cum
3422 1662 3590 1734 igitur

2011 1767 2109 1810 eos
2142 1753 2210 1809 ad
2260 1752 2466 1811 Christi
2509 1754 2670 1812 ﬁdem
2710 1755 3083 1826 arripiendam
3137 1754 3473 1819 hortaretur,
3510 1754 3590 1808 lo-

332 1813 670 1899 Ἀναπείθων
703 1841 992 1913 τοιγαροῦν
1014 1880 1028 1903 ,
1059 1813 1334 1910 δρομαίως
1362 1838 1561 1901 αὐτοὺς
1601 1813 1780 1891 *τὸ
1817 1855 1907 1890 πι-

2012 1847 2202 1917 quitur
2238 1845 2409 1920 enim,
2445 1846 2662 1918 inquit,
2688 1813 2852 1916 quodI
2868 1845 3118 1917 apprime
3147 1845 3319 1900 novit.
3345 1813 3588 1900 Rursum

277 1943 280 1956 ⁵
328 1939 540 1992 στεύειν
593 1937 726 1990 ίέναι
794 1935 873 2004 τῷ
922 1935 1161 2005 Χριστῷ,
1218 1931 1366 1984 λαλεῖ
1399 1929 1544 2001 γὰρ,
1591 1931 1727 2002 ὅπερ
1777 1926 1905 1995 οἶδε,

326 2032 512 2100 φησὶν,
543 2027 816 2100 ἀκριϐῶς·
855 2027 1120 2098 λαμϐάνει
1155 2026 1212 2079 δὲ
1247 2025 1421 2080 πάλιν
1457 2025 1532 2088 ὡς
1561 2025 1618 2090 ἐξ
1653 2025 1906 2096 ὁμοιότη-

319 2140 413 2184 τος
441 2122 539 2189 τῆς
559 2120 684 2173 καθ’
716 2121 862 2189 ἡμᾶς
879 2137 898 2183 ·,
931 2119 1018 2171 ἵνα
1047 2118 1256 2188 νοῶμεν
1280 2116 1773 2191 θεοπρεπέστερον,
1809 2118 1906 2172 καί

319 2227 508 2284 φησιν’
545 2231 563 2262 ι
599 2212 664 2264 ’0
691 2209 904 2280 ἑώρακε
951 2209 1046 2262 καὶ
1079 2209 1302 2278 ἢκουσε,
1327 2207 1488 2261 τοῦτο
1516 2211 1802 2278 μαρτυρεῖ.
1834 2211 1854 2260 ὁ

398 2305 503 2360 Καὶ
525 2303 640 2372 τὴν
657 2302 991 2372 μαρτυρίαν
1016 2301 1203 2355 αὐτοῦ
1237 2299 1435 2367 οὐδεὶς
1451 2299 1762 2371 λαμϐάνει.

390 2398 504 2466 Οὐχ
530 2395 605 2459 ὠς
635 2392 868 2465 μηδενὸς
898 2391 1190 2462 δεχομένου
1220 2391 1321 2460 τὴν
1351 2391 1657 2463 μαρτυρίαν
1702 2391 1806 2461 (ὅτι
1841 2391 1906 2462 δὴ

323 2487 418 2540 καὶ
458 2486 591 2549 Θεὸς
627 2485 772 2539 κατὰ
804 2483 966 2554 φύσιν
1018 2483 1252 2556 ὑπάρχει
1285 2483 1554 2556 Χριστὸς,
1599 2483 1809 2539 ἄνωθέν
1846 2500 1907 2535 τε

321 2576 415 2629 καὶ
447 2577 511 2628 ὲκ
556 2574 770 2646 Πατρὸς
796 2573 1114 2644 ὁρμώμενος
1135 2613 1150 2639 ,
1181 2574 1369 2628 ὲπάνω
1397 2575 1617 2628 πάντων
1651 2576 1809 2642 ἐστὶ),
1839 2572 1909 2626 τὰ

321 2665 544 2721 τοιαῦτα
583 2683 750 2738 φησιν
789 2669 817 2720 6
867 2667 1135 2738 μακάριος
1178 2667 1490 2737 Βαπτιστὴς
1545 2666 1767 2737 (πολλοῖ⁵
1799 2667 1909 2738 γὰρ

325 2759 568 2825 ἐδέξαντο
607 2761 700 2813 καὶ
749 2760 1185 2821 πεπισκεύκασι,
1231 2760 1327 2832 καὶ
1360 2759 1466 2830 πρό
1511 2776 1576 2828 γε
1623 2759 1841 2812 πάντων
1880 2762 1909 2813 6

330 2852 551 2924 Πέτρος,
588 2852 780 2906 εἰπών·
825 2872 843 2904 ι
881 2854 952 2906 Σὺ
997 2850 1047 2906 εἷ
1088 2854 1117 2905 6
1148 2853 1378 2923 Χριστὸς
1423 2855 1450 2906 6
1488 2853 1616 2916 Υἱὸς
1644 2852 1738 2906 τοῦ
1772 2853 1908 2906 Θεοῦ

330 2943 422 2997 τού
453 2944 652 3009 ζῶντος
678 2964 696 2996 ι
725 2946 766 3014 )·
796 2944 910 2998 ἀλλ’
944 2944 1019 3007 ὼς
1046 2943 1154 2996 τῶν
1196 2943 1449 2998 ἁπάντων
1477 2942 1644 3006 αὐτὸς
1685 2943 1909 3014 ἀκριϐέ-

333 3054 518 3108 στερον
545 3037 603 3090 τὸ
635 3037 780 3108 μέγα
813 3036 906 3090 τοῦ
939 3035 1225 3099 λαλοῦντος
1252 3037 1511 3107 ἐννοήσας
1532 3035 1747 3108 ἀξίωμα
1765 3077 1780 3101 ,
1812 3054 1909 3106 μο-

2009 1953 2041 1992 a
2073 1938 2239 1994 nobis
2269 1937 2690 1994 similitudinem
2724 1937 2899 2005 ducit,
2937 1945 2996 1992 ut
3039 1937 3190 2008 quod
3224 1935 3476 1991 divinum
3503 1942 3590 1990 est

2010 2030 2401 2102 intelligamus,
2434 2037 2488 2087 et
2508 2031 2585 2086 ait
2624 2051 2636 2086 :
2676 2049 2694 2081 ι
2742 2029 2898 2096 Quod
2930 2029 3067 2085 vidit
3109 2036 3166 2083 et
3203 2028 3449 2093 audivit,
3483 2027 3587 2082 hoc

2011 2131 2268 2179 testatur.
2319 2142 2337 2176 ι

2081 2304 2170 2370 III,
2205 2303 2290 2360 52.
2335 2303 2400 2359 Et
2421 2306 2775 2361 testimonium
2800 2305 2914 2375 ejus
2931 2320 3078 2360 nemo
3103 2305 3315 2375 accipit.

2081 2398 2198 2453 Non
2219 2399 2333 2454 haec
2363 2399 2441 2452 ait
2474 2398 2666 2456 beatus
2704 2397 2952 2468 Baptista
2977 2439 2990 2463 ,
3017 2398 3178 2465 quasi
3226 2412 3390 2454 nemo
3434 2398 3587 2454 testi-

2011 2490 2252 2546 monium
2278 2490 2410 2546 illud
2444 2490 2704 2560 accipiat,
2738 2491 2884 2561 quod
2913 2490 3172 2547 Christus
3223 2489 3484 2546 nimirum
3517 2491 3590 2546 sit

2011 2583 2156 2638 Deus
2185 2583 2491 2639 secundum
2525 2591 2800 2650 naturam,
2833 2590 2890 2638 et
2923 2597 3167 2654 superne
3199 2590 3368 2654 atque
3394 2597 3460 2638 ex
3483 2579 3586 2635 Pa-

2010 2685 2094 2732 tre
2157 2677 2418 2746 delapsus
2453 2691 2623 2745 super
2655 2675 2838 2728 omnia
2877 2675 2948 2730 sit
2974 2675 3316 2731 constitutus
3351 2693 3367 2730 :
3424 2675 3583 2729 multi

2010 2767 2156 2822 cnim
2207 2767 2366 2837 166
2401 2775 2796 2836 susceperunt,
2847 2775 2904 2820 et
2939 2764 3316 2834 crediderunt,
3367 2776 3424 2822 et
3467 2766 3588 2836 ipse

2010 2858 2283 2930 imprimis
2331 2858 2566 2923 Petrus,
2621 2871 2744 2913 cum
2781 2857 2922 2912 dixit
2959 2877 2972 2913 :
3014 2875 3034 2909 ι
3069 2856 3154 2912 Tu
3201 2873 3262 2914 es
3326 2857 3585 2914 Christus

2010 2949 2182 3007 Filius
2215 2951 2307 3008 Dei
2333 2951 2440 3006 vivi
2461 2951 2507 2982 ³⁸
2534 2971 2544 3004 :
2587 2969 2606 3003 ι
2650 2949 2745 3006 sed
2774 2962 2900 3004 cum
2935 2949 3054 3020 ipse
3083 2949 3401 3005 accuratius
3420 2963 3585 3020 quam

2011 3043 2193 3100 ceteri
2225 3057 2418 3100 omnes
2446 3056 2698 3114 magnam
2727 3043 3003 3112 loquentis
3050 3041 3372 3112 dignitatem
3403 3041 3588 3096 animo

329 3131 538 3202 νονουχὶ
567 3129 898 3194 κατασείσας
939 3131 1037 3199 τὴν
1067 3129 1308 3200 κεφαλὴν
1327 3171 1342 3194 ,
1369 3131 1466 3182 καὶ
1500 3129 1658 3202 μηρῷ
1685 3129 1783 3200 τὴν
1815 3130 1900 3183 δε-

2012 3135 2378 3206 concepisset,
2435 3142 2651 3190 tantum
2684 3151 2794 3190 non
2851 3143 3003 3190 moto
3031 3134 3234 3204 capite,
3277 3140 3332 3188 et
3371 3130 3582 3188 femore

331 3220 450 3284 ξ-ιὰν
503 3223 906 3294 ὲπικροτήσας,
954 3221 1329 3293 ἀποθαυμάζει
1383 3223 1492 3278 τῶν
1541 3222 1915 3278 ἀπειθούντων

329 3317 478 3389 αὐτῷ
500 3318 598 3389 τὴν
628 3319 909 3372 ἀπόνοιαν.

937 3453 1191 3506 ΚΕΦΑΛ.
1231 3453 1302 3508 Γν.

335 3542 450 3594 Ὅτι
492 3543 657 3608 Θεὸς.
702 3544 797 3596 καὶ
835 3544 903 3598 ἐκ
939 3545 1091 3600 Θεοῦ
1113 3543 1264 3599 κατὰ
1287 3544 1477 3614 φύσιν
1507 3547 1539 3598 ὀ
1563 3546 1838 3615 Χριστός.

417 3678 470 3728 Ὁ
493 3677 813 3746 λαμϐάνων
835 3681 912 3733 αὐ
921 3679 1023 3735 τοῦ
1044 3677 1162 3750 τὴν
1177 3680 1528 3751 μαρτυρίαν,
1545 3681 1915 3754 ἐσφράγισεν

332 3768 419 3822 ὅτι
456 3772 486 3822 d
521 3769 664 3835 Θεὸς
690 3771 923 3837 ἀληθής
953 3773 1143 3827 ἐστιν.

403 3862 515 3931 Οὐχ
569 3863 771 3932 ἑτέρως
821 3860 890 3934 ἦν
930 3864 1194 3931 ἐπιδεῖξαι
1235 3863 1334 3935 τὴν
1385 3862 1496 3920 τῶν
1541 3866 1914 3925 ἀπειθούντων

334 3953 609 4019 ἀσέϐειαν,
644 3958 692 4009 εἰ
723 3958 798 4028 μὴ
834 3957 941 4011 τῶν
967 3959 1333 4014 πιστευόντων
1357 3960 1420 4013 τὸ
1443 3960 1697 4034 λαμπρὸν
1725 3962 1917 4028 ἐξεκα-

335 4044 510 4118 λύφθη
549 4048 884 4118 κατόρθωμα
907 4063 925 4080 ⁸
970 4053 1038 4120 τῇ
1081 4050 1191 4119 γὰρ
1221 4049 1330 4104 τῶν
1363 4052 1586 4121 ἀγαθῶν
1614 4055 1918 4127 ἀντιπαρα-

332 4136 478 4190 θέσει
520 4136 582 4191 τὸ
628 4138 832 4206 φαῦλον
878 4141 1117 4206 εὐκόλως
1161 4143 1616 4212 διαγινώσκεται,
1673 4147 1771 4200 καὶ
1807 4145 1918 4200 τῶν

326 4228 632 4297 ἀμεινόνων
656 4231 690 4300 ἡ
721 4231 920 4297 γνῶσις
941 4232 1151 4304 ἐλέγχει
1179 4236 1247 4289 τὰ
1287 4237 1564 4309 αἰσχίονα.
1616 4237 1765 4303 Εἵτις
1790 4234 1914 4306 οὖν,

330 4321 486 4388 φησι,
506 4323 617 4383 τοῖς
631 4321 724 4374 τού
751 4323 956 4377 ἄνωθεν
973 4325 1199 4395 ἥκοντος
1219 4328 1524 4384 ἐπινεύσειε
1547 4329 1748 4398 λόγοις,
1781 4348 1920 4384 κατ-

329 4412 633 4483 εσφραγισέ
652 4429 711 4465 τε
735 4415 825 4468 καὶ
839 4413 1236 4486 ὲξησφαλίσατο
1247 4420 1336 4474 διὰ
1350 4421 1452 4492 τῆς
1473 4420 1908 4494 συν[αιν]ἐσεως,

2013 3224 2204 3281 dextra
2235 3238 2525 3296 percusso,
2563 3239 2752 3280 eorum
2808 3223 3114 3279 demiratur
3164 3221 3457 3276 amentiam
3495 3222 3588 3292 qui

2014 3317 2064 3374 ei
2093 3332 2206 3373 non
2225 3315 2478 3373 credunt.

2017 3543 2170 3612 Quod
2191 3543 2355 3604 Deus.
2377 3551 2426 3597 et
2442 3556 2507 3596 ea:
2528 3540 2641 3596 Deo
2959 3547 3205 3594 naturam
3227 3539 3298 3594 sit
3326 3532 3586 3594 Christus.

2084 3684 2175 3740 Ill.
2217 3684 2307 3740 35.
2362 3682 2467 3750 Qui
2521 3681 2713 3752 accipit
2759 3681 2878 3752 ejus
2929 3680 3315 3746 testimonium,
3367 3678 3590 3750 signauit

2013 3777 2142 3848 quia
2160 3775 2302 3830 Deus
2342 3791 2501 3830 uerax
2525 3785 2627 3830 est.

2085 3866 2206 3923 Non
2245 3866 2405 3923 aliter
2442 3865 2736 3923 ostendere
2774 3872 2992 3938 poterat
3034 3863 3454 3921 incredulorum
3485 3862 3588 3916 im-

2016 3960 2299 4031 pietatem,
2327 3958 2436 4015 nisi
2471 3957 2820 4014 credentium
2856 3957 3178 4028 praeclaram
3211 3955 3472 4011 virtutem
3495 3970 3592 4026 pa-

2017 4051 2126 4105 lam
2172 4051 2400 4106 l‘aceret.
2459 4048 2738 4104 Bonorum
2795 4048 2999 4105 etenim
3051 4047 3347 4103 collatione
3397 4046 3591 4101 vitium

2018 4139 2182 4197 facile
2230 4140 2609 4210 dignoscitur,
2653 4149 2710 4196 et
2757 4138 2982 4194 honesti
3035 4137 3352 4208 cognitione
3413 4138 3591 4206 turpia

2019 4232 2348 4304 produntur.
2382 4231 2441 4287 Si
2477 4232 2606 4303 quis
2636 4246 2768 4301 ergo
2789 4270 2806 4298 ,
2853 4230 3058 4302 inquit,
3083 4230 3206 4300 ejus
3237 4230 3329 4301 qui
3353 4243 3593 4299 superne

2019 4327 2168 4382 venit
2180 4340 2490 4382 sermonem
2508 4323 2832 4394 susceperit,
2848 4321 3182 4392 obsignavit,
3207 4328 3261 4378 et
3278 4319 3594 4392 cognitione

2021 4421 2112 4476 illa
2157 4420 2573 4490 comprobavit,
2615 4423 2872 4472 naturam
2924 4415 3170 4471 divinam
3220 4429 3252 4468 a
3302 4413 3592 4468 mendacio
3673 4408 3681 4475 ἶ

329 4504 411 4556 ὅτι
441 4505 504 4557 τὸ
535 4504 788 4574 ἀψευδεῖν
817 4505 905 4558 ἀεὶ
937 4509 1003 4578 τῇ
1033 4507 1152 4577 θείᾳ
1179 4509 1501 4581 σύνηθέςτε
1531 4514 1625 4566 καὶ
1658 4512 1907 4582 φιλαίτα-

2017 4513 2339 4570 abhorrere.
2391 4510 2532 4566 Hinc
2578 4515 2726 4581 patet
2774 4508 2996 4564 demum
3045 4508 3406 4563 contrarium.
3452 4501 3589 4558 Nam

328 4610 421 4646 τον
444 4595 625 4663 φύσει.
663 4595 796 4649 Ἀπὸ
821 4596 885 4667 δὴ
909 4595 1099 4650 τούτου
1116 4599 1381 4670 πρόδηλον
1405 4600 1593 4655 λοιπὸν
1611 4606 1725 4668 τοῖς
1741 4603 1912 4676 ὁρῶσι

329 4687 390 4738 τὸ
410 4687 650 4741 ἐναντίον
677 4704 691 4718 ο
727 4691 1219 4760 καταμαρτυρήσει
1252 4690 1362 4763 γὰρ
1397 4693 1614 4758 πάντως
1642 4695 1672 4748 6
1698 4697 1796 4768 τὴν
1826 4697 1918 4751 πί-

332 4792 446 4829 στιν
478 4779 951 4850 ἀποκρουόμενος,
997 4783 1082 4835 ὅτι
1109 4785 1136 4836 6
1164 4782 1295 4846 Θεὸς
1339 4783 1459 4838 ούκ¹⁴
1493 4784 1641 4842 ἔστιν
1681 4788 1909 4862 ἀληθής.

344 4867 728 4940 Ἐπιτηρητέον
760 4871 816 4924 δὲ
842 4873 1027 4939 πάλιν,
1053 4873 1135 4926 ὃτι
1167 4874 1269 4946 τῆς
1295 4876 1429 4946 πρὸς
1459 4877 1557 4947 τὴν
1582 4879 1759 4934 κτίσιν
1777 4881 1910 4952 ὀμο-

327 4961 636 5030 ουσιότητος
667 4963 872 5029 ἐξέλκει
915 4965 1006 5018 τὸν
1053 4965 1183 5019 Υἱὸν
1207 5008 1223 5033 ,
1274 4967 1371 5021 καὶ
1422 4969 1555 5024 Θεὸν
1582 4971 1711 5025 ὄντα
1765 4972 1910 5025 κατὰ

329 5053 492 5121 φύσιν
518 5053 606 5106 διὰ
646 5055 752 5106 τῶν
783 5058 1090 5128 εἰρημένων
1120 5060 1471 5116 ἐπιδεικνύει.
1517 5064 1581 5118 Εἰ
1602 5063 1710 5134 γὰρ
1739 5066 1767 5118 6
1797 5065 1911 5127 τοῖς

328 5145 460 5215 παρ’
486 5143 648 5196 αὐτοῦ
671 5145 1021 5217 λαλουμένοις
1045 5150 1387 5222 πειθόμενος,
1413 5154 1702 5225 δεχόμενος
1730 5154 1787 5207 δὲ
1808 5154 1908 5224 τὴν

330 5233 672 5305 μαρτυρίαν,
736 5236 910 5308 ἥνπερ
955 5239 1022 5293 ἂν
1064 5243 1225 5308 αὐτὸς
1269 5249 1476 5300 ποιοῖτο
1518 5247 1646 5316 περὶ
1688 5246 1906 5313 ἑαυτοῦ,

329 5328 736 5398 κατεσφράγισέ
768 5347 827 5381 τε
860 5333 954 5384 κοιλ¹
1000 5335 1376 5406 ἐπεψηφίσατο
1407 5339 1617 5403 καλῶς,
1666 5339 1748 5393 ὅτι
1787 5339 1851 5412 δὴ
1879 5340 1908 5392 6

328 5417 457 5484 Θεὸς
501 5421 710 5493 ἀληθής
739 5423 893 5476 ἐστι’
938 5425 1056 5490 πῶς
1097 5430 1196 5481 οὑκ
1242 5431 1512 5486 ἂν-νοοίτο
1558 5433 1701 5487 κατὰ
1744 5434 1907 5505 φύσιν

328 5507 458 5571 Θεὸς
480 5510 509 5561 6
537 5511 799 5580 Χριστὸς,
848 5515 876 5566 6
906 5516 996 5569 καὶ
1021 5516 1108 5569 διὰ
1149 5518 1247 5589 τῆς
1278 5521 1511 5588 πίστεως
1549 5525 1657 5578 τῶν
1679 5525 1906 5597 ἔναγχος

332 5599 630 5670 εἰρημένων
678 5604 880 5678 esset};
925 5610 1498 5685 ὲπιμαρτυρούμενος;
1566 5617 1636 5670 Ἢ
1701 5617 1906 5685 λεγέτω

400 5776 439 5804 ³⁸
477 5775 663 5831 Matth.
703 5796 810 5845 XVI,
846 5781 928 5836 16.

2014 4606 2270 4679 quisquis
2309 4603 2437 4660 ﬁdei
2500 4602 2762 4662 nuntium
2819 4600 3064 4666 remisit,
3124 4605 3360 4655 testatur
3401 4595 3593 4666 utique

2014 4697 2186 4754 Deum
2217 4711 2474 4752 veracem
2506 4710 2618 4750 non
2650 4709 2794 4750 esse.
2830 4691 3249 4749 Observandum
3299 4697 3482 4746 autem
3507 4695 3592 4745 est

2015 4804 2221 4861 porro,
2250 4788 2339 4844 his
2397 4787 2584 4843 verbis
2613 4803 2643 4842 a
2677 4783 3263 4842 consubstantialitate
3319 4789 3592 4838 creatum

2019 4881 2219 4936 Filium
2252 4879 2540 4944 removeri,
2566 4889 2619 4933 et
2648 4877 2818 4934 Deum
2853 4875 3156 4933 secundant
3191 4879 3444 4929 naturam
3467 4888 3593 4930 esse

2019 4970 2262 5028 ostendi.
2297 4969 2357 5024 Si
2405 4968 2552 5025 enim
2597 4968 2692 5038 qui
2730 4967 2855 5038 ejus
2897 4966 3248 5022 sermonibus
3295 4965 3490 5028 credit,
3539 4971 3592 5018 ct

2013 5063 2390 5121 testimonium
2419 5060 2567 5133 quod
2595 5061 2712 5131 ipse
2757 5059 2825 5115 de
2857 5060 3042 5130 seipso
3069 5057 3320 5128 perhibet
3365 5054 3588 5124 accipit.

2015 5157 2254 5230 signavit
2298 5169 2363 5210 ac
2422 5155 2594 5225 probe
2645 5151 2995 5208 confirmavit
3048 5149 3193 5218 quod
3231 5147 3375 5202 Deus
3425 5159 3588 5198 verax

2013 5259 2120 5318 est,
2153 5247 2432 5320 quomodo
2465 5245 2721 5301 Christus
2755 5257 2866 5297 non
2903 5240 3240 5310 intelligetur
3288 5233 3588 5292 secundum

2008 5350 2264 5397 naturam
2298 5339 2477 5400 Deus.
2511 5336 2605 5407 qui
2649 5351 2842 5390 eorum
2889 5349 3010 5404 qua:
3054 5331 3217 5401 paulo
3264 5336 3392 5380 ante
3446 5323 3588 5376 dicta

2008 5443 2138 5490 sunt
2179 5431 2509 5486 auctoritate
2556 5443 2720 5483 verax
2754 5441 2878 5482 esse
2907 5418 3338 5492 comprobatur?
3367 5414 3586 5482 Alioqui

2012 5528 2161 5582 dicat
2204 5538 2425 5578 rursum
2455 5519 2616 5575 nobis
2668 5517 3022 5574 adversarius
3077 5506 3354 5580 quomodo
3395 5510 3588 5558 natura

2015 5617 2197 5671 divina
2254 5615 2554 5669 honoratur
2625 5617 2682 5663 ut
2740 5621 2905 5663 verax
2965 5605 3228 5668 suscepto
3283 5592 3588 5651 Salvatoris
