4090 6266
484 305 590 365 275

1326 362 1347 391 ς

1475 298 1532 355 S.
1575 298 1853 356 CY'atLLt
1893 290 2359 355 ALEXANDRINI
2397 296 2718 353 assume.

3636 311 3745 364 276

478 419 656 474 nostri
686 415 1022 471 testimonio.
1068 415 1125 471 Si
1159 416 1305 469 enim
1345 414 1503 485 plane
1535 415 1837 469 secundum
1890 425 2052 470 natu-

2172 417 2318 469 πάλιν
2346 418 2477 484 ἡμῖν
2507 416 2615 469 ὁδι⁹
2645 416 2911 478 ἐναντίας,
2946 416 3062 480 πῶς
3092 417 3124 478 ἡ
3149 417 3266 471 θεία
3300 423 3526 491 τιμᾶται
3558 425 3744 492 φύσις,

475 522 596 564 ram
626 520 734 560 non
768 517 852 561 est
884 504 1049 569 Deus,
1083 505 1382 576 religiosus
1414 522 1522 559 non
1564 506 1670 560 erit
1716 521 1845 575 erga
1890 514 2055 558 uatu-

480 614 597 653 ram
626 598 865 652 divinam
913 598 960 652 is
988 597 1080 669 qui
1121 598 1316 663 credit,
1370 605 1431 651 ut
1462 597 1665 661 veraci,
1726 597 1822 651 sed
1874 598 2055 666 potius

478 704 607 760 erga
634 698 944 743 creaturam
980 703 1165 753 unam,
1191 697 1249 742 ut
1290 688 1367 742 illi
1404 690 1616 755 volunt,
1653 688 2054 759 prarstautissi-

481 793 647 832 mam.
678 777 815 832 Cum
852 785 1033 834 autem
1087 778 1429 835 assereratio
1471 779 1565 832 illa
1619 778 1938 833 veracitatis
1988 778 2057 831 ad

484 869 653 925 Deum
708 871 1003 940 pertineat,
1045 872 1266 943 quando
1306 872 1439 929 fides
1487 871 1709 928 Christo
1743 876 2085 943 prtestatur,‘

486 964 672 1033 utique
713 962 1064 1019 manifestum
1100 975 1183 1020 est
1230 964 1378 1035 quod
1430 980 1595 1019 verus
1637 962 1915 1018 exsislens
1952 978 2061 1016 non

486 1054 608 1111 falsi
640 1054 881 1109 nominis
916 1054 1062 1109 Deus
1113 1055 1229 1123 ipse
1279 1055 1383 1111 sibi
1432 1056 1696 1109 honorem
1743 1055 1893 1111 illum
1944 1069 2063 1108 cre-

482 1146 732 1201 dentium
769 1156 1012 1214 arrogat.
1076 1143 1182 1200 Sed
1237 1162 1349 1200 non
1405 1145 1821 1217 astipulabitur,
1854 1152 1913 1199 ut
1966 1160 2057 1215 ap—

483 1244 667 1309 paret,
707 1236 836 1288 huic
916 1243 1117 1289 nostra:
1185 1236 1478 1289 sententia:
1520 1216 1821 1289 rveritatis'
1874 1233 2058 1287 inimi-

482 1340 616 1393 cus;
681 1325 929 1395 quinimo
999 1325 1172 1379 Deum
1238 1324 1544 1380 secundum
1608 1334 1861 1379 naturam
1933 1340 2054 1378 esse

485 1417 641 1473 fateri
686 1421 903 1481 uolens,
945 1434 1111 1485 supra
1155 1418 1377 1471 modum
1422 1432 1621 1487 procax
1672 1432 1774 1471 nos
1834 1432 2052 1471 rursmu

482 1513 569 1565 his
594 1511 779 1566 verbis
806 1512 1187 1583 aggredietur:
1215 1510 1526 1575 Cavillaris,
1544 1526 1577 1561 ο
1608 1512 1769 1575 bone,
1789 1518 1844 1565 et
1868 1526 2058 1563 versu.

410 1672 417 1677 ί
481 1609 659 1655 tarum
738 1603 1011 1657 rationum
1090 1604 1347 1671 strophas
1406 1602 1865 1660 comminisceris.
1906 1600 2059 1670 167

483 1690 792 1762 simplicem
856 1692 1269 1761 quodammodo
1338 1701 1391 1744 et
1448 1700 1658 1743 rectam
1730 1694 2063 1745 sententiam

2161 509 2237 571 ὡς
2272 506 2643 577 ἀληθεύουσα,
2690 508 2790 577 τῆς
2832 509 2925 562 τοῦ
2958 511 3208 582 Σωτῆρος
3251 512 3409 583 ἡμῶν
3442 519 3749 587 μαρτυρίας

2166 599 2665 671 παραδεδεγμὲνης.
2705 600 2767 652 Ei
2812 600 2921 672 γὰρ
2952 602 3087 663 ὅλως
3127 602 3270 656 κατὰ
3304 602 3465 673 φύσιν
3503 608 3604 661 οὐκ
3635 608 3749 664 ἐστι

2162 690 2323 755 Θεὸς,
2360 691 2460 743 οῦκ
2484 692 2565 755 είς
2585 691 2683 761 τὴν
2718 691 2871 747 θείαν
2904 692 3194 764 εύσεϐήσει
3215 694 3375 764 φύσιν
3399 698 3428 750 0
3455 699 3748 763 πιστεύων,

2162 783 2237 848 ὠς
2265 782 2603 853 ἁληθεύοντι,
2636 783 2834 852 μᾶλλον
2866 785 2921 839 δὲ
2956 787 3036 849 είς
3065 785 3123 839 ἓν
3146 786 3254 840 τῶν
3287 789 3606 859 κτισμάτων
3629 792 3748 845 κατ’

2163 870 2405 931 ἐκείνους
2438 869 2500 921 τὸ
2547 870 2855 925 κάλλιστον.
2909 873 3126 942 Ἐπειδὴ
3171 873 3228 929 δὲ
3259 875 3353 929 τοῦ
3396 876 3685 947 ἀληθεύειν
3711 882 3744 950 ἡ

2162 960 2351 1029 ψῆφος.
2380 961 2459 1022 εἰς
2500 957 2635 1012 Θεὸν
2673 961 3014 1015 ἀνατείνεται
3045 963 3435 1035 πιστευομένου
3485 968 3748 1038 Χριστοῦ,

2166 1050 2430 1122 προίδηλον
2464 1053 2640 1125 δήπου
2683 1054 2900 1119 πάντως
2924 1054 3107 1120 ἐστὶν,
3158 1056 3241 1109 ὅτι
3277 1056 3412 1121 Θεὸς
3447 1058 3745 1131 ὑπάρχων,

2164 1142 2226 1194 ού
2266 1142 2617 1214 ψευδώνυμος
2652 1145 2814 1208 αὐτὸς
2855 1144 2938 1213 ἐφ’
2971 1145 3148 1214 ἐαυτῷ
3186 1144 3284 1217 τὴν
3314 1146 3422 1200 ἀπὸ
3473 1147 3584 1202 τῶν
3624 1166 3748 1204 συν-

2167 1232 2461 1286 αινούντων
2500 1232 2737 1305 ἁρπάζει
2783 1236 2969 1306 τιμήν.
3017 1236 3155 1289 Ἀλλ’
3179 1238 3239 1291 οὐ
3267 1238 3595 1305 συνθήσεται
3627 1241 3744 1311 μὲν,

2173 1323 2310 1374 κατά
2338 1324 2397 1377 τὸ
2418 1328 2586 1391 εἰκὸς,
2604 1325 2815 1389 τούτοις
2839 1328 2970 1397 ἡμῖν
2992 1332 3107 1394 τοῖς
3126 1328 3303 1398 λόγοις
3326 1332 3355 1383 ὁ
3373 1330 3473 1401 τῆς
3491 1330 3749 1402 ἀληθείας

2173 1412 2384 1483 ἐχθρός·
2419 1417 2809 1486 ἀνασκιρτήσει
2826 1417 2880 1470 δὲ
2915 1418 3079 1487 μέγα,
3104 1419 3235 1473 Θεὸν
3251 1415 3392 1474 εἶναι
3420 1422 3562 1475 κατὰ
3588 1422 3748 1490 φύσιν

2171 1505 2230 1556 οὐ
2260 1506 2696 1576 παραδεχόμενος
2721 1509 2811 1561 τὸν
2836 1508 2982 1561 Υίόν.
3001 1510 3147 1580 Ἐρεῖ
3162 1509 3219 1563 δὲ
3247 1509 3311 1581 δὴ
3344 1510 3507 1565 πάλιν
3525 1529 3536 1541 ·
3568 1513 3747 1564 Κατα-

2173 1597 2367 1671 σοφίζῃ
2400 1599 2491 1650 τὸν
2530 1599 2716 1669 λόγον,
2760 1595 2805 1654 ῶ
2850 1594 3040 1665 οὗτος,
3095 1588 3190 1654 καὶ
3238 1602 3480 1674 στροφὰς
3515 1605 3748 1665 ἐπινοεῖς

2172 1689 2526 1742 πολυπλόκων
2560 1689 2962 1761 θεωρημάτων,
3017 1692 3116 1763 τὴν
3160 1692 3342 1764 ἁπλῆν
3392 1692 3595 1762 τρόπον
3627 1693 3750 1746 τινά

485 1784 773 1839 autolicus.
806 1785 942 1839 Cum
979 1784 1124 1838 enim
1160 1784 1380 1840 caelitus
1419 1783 1511 1838 Dei
1549 1781 1790 1839 Verbum
1824 1783 2054 1837 descen-

2172 1781 2260 1832 καὶ
2293 1780 2505 1833 εὐθεῖαν
2527 1782 2614 1836 ἀεὶ
2636 1781 2873 1836 διάνοιαν
2898 1783 3350 1855 παραιτούμενος.
3399 1785 3616 1856 Ἐπειδὴ
3644 1785 3752 1854 γὰρ

484 1875 650 1938 derit,
698 1884 885 1945 aperte
928 1876 1213 1932 clamans:
1246 1895 1264 1927 ι
1297 1875 1374 1930 Ex
1423 1876 1639 1944 meipso
1690 1892 1800 1929 non
1841 1876 2059 1943 loquor.

485 1967 579 2023 Sed
616 1967 709 2035 qui
749 1966 902 2020 misit
939 1982 1024 2021 me
1054 1967 1240 2030 Pater,
1268 1968 1389 2038 ipse
1432 1965 1564 2019 mihi
1612 1966 1935 2019 mandatum
1968 1964 2065 2019 de-

489 2060 572 2113 dit
626 2060 760 2130 quid
805 2060 984 2114 dicam
1039 2066 1093 2113 et
1143 2058 1277 2129 quid
1333 2059 1526 2127 loquar
1550 2057 1630 2123 ”-;
1660 2077 1678 2110 ι
1721 2068 1779 2112 et
1827 2072 2060 2111 rursus:

490 2169 511 2202 ι
546 2148 745 2204 Omnia
785 2164 1137 2219 quaecunque
1172 2149 1359 2203 audivi
1401 2164 1429 2201 a
1469 2146 1631 2202 l’atre
1659 2156 1786 2201 uota
1828 2145 1930 2201 feci
1967 2160 2063 2199 ro-

486 2242 638 2296 bis"
669 2259 681 2291 :
714 2260 731 2293 ι
764 2241 1007 2305 tametsi,
1054 2248 1113 2295 ut
1148 2240 1271 2309 ipse
1314 2241 1368 2293 iu
1416 2238 1781 2306 sequentibus
1837 2245 2064 2292 sanctus

484 2332 729 2400 Baptista
768 2336 1003 2384 testatur
1030 2345 1043 2381 :
1074 2348 1091 2379 ι
1133 2331 1310 2395 Quem
1333 2331 1480 2383 enim
1512 2328 1665 2383 misit
1701 2326 1871 2392 Deus,
1898 2327 2063 2381 verba

485 2423 577 2477 Dei
609 2422 884 2492 loquitur;
912 2421 954 2452 ⁶¹
985 2441 1002 2472 ι
1026 2421 1238 2475 idcirco
1269 2421 1336 2475 de
1368 2435 1437 2476 eo
1465 2419 1598 2474 dicit
1636 2436 1648 2472 :
1676 2436 1693 2469 ι
1727 2417 1830 2485 Qui
1862 2417 2066 2487 accipit

483 2516 606 2577 ejus
639 2512 1048 2574 testimonium,
1082 2512 1323 2582 signavit
1359 2512 1489 2581 quia
1525 2510 1667 2565 Deus
1694 2524 1856 2565 verax
1891 2516 1973 2565 εει
1992 2508 2061 2561 δ’.

487 2605 664 2658 Verax
699 2606 847 2657 enim
883 2611 969 2658 est
993 2601 1137 2657 Deus
1167 2617 1230 2656 ac
1260 2601 1422 2657 Pater
1460 2620 1474 2657 :
1510 2610 1567 2655 tu
1607 2617 1740 2657 vero
1776 2601 1831 2655 in
1866 2599 2063 2654 Filium

484 2696 779 2750 deﬂectere
811 2695 1032 2748 conaris
1070 2691 1217 2762 quod
1257 2692 1421 2748 alteri
1471 2693 1723 2747 debetur.
1770 2691 1910 2759 Quid
1963 2691 2066 2763 igi-

485 2799 577 2840 tur
608 2789 673 2841 ad
716 2787 833 2842 hzec
869 2801 970 2841 nos
1004 2801 1223 2855 quoque
1276 2783 1774 2854 respondebimus?
1807 2783 1887 2836 An
1935 2796 2067 2852 ergo

486 2883 630 2934 inter
652 2877 1337 2949 prophetasUnigenitum
1371 2876 1745 2929 ministerium
1778 2873 2066 2945 prephetis

485 2954 820 3024 conveniens
877 2968 1139 3038 implere,
1199 2966 1447 3033 nihilque
1502 2976 1703 3035 praeter
1755 2966 1862 3019 hoc
1917 2965 2067 3019 aliud

489 3062 668 3115 facere
716 3060 1008 3115 dicemus?
1056 3058 1193 3125 Quis
1245 3058 1389 3111 enim
1435 3074 1544 3113 non
1606 3058 1767 3128 plane
1827 3056 2068 3112 fateatur

2171 1867 2230 1936 ἐξ
2256 1870 2486 1940 ούρανοῦ
2513 1872 2882 1942 καταϐέϐηκεν
2916 1873 2946 1925 0
2968 1873 3060 1926 τοῦ
3086 1873 3222 1928 Θεοῦ
3245 1875 3437 1942 Λόγος,
3457 1875 3751 1947 διαρρήδην

2171 1963 2414 2017 ἀναϐοῶν
2434 2004 2449 2029 ,
2488 1982 2506 2013 ι
2544 1964 2662 2017 Ἀπ’
2696 1965 2933 2035 ἐμαυτοῦ
2959 1967 3021 2018 ού
3049 1966 3213 2032 λαλῶ,
3245 1966 3360 2021 ἀλλ’
3390 1969 3418 2021 0
3442 1967 3662 2037 πέμψας
3682 1985 3749 2036 με

2174 2055 2381 2126 Πατὴρ,
2436 2056 2598 2120 αὐτός
2644 2074 2734 2127 μοι
2766 2057 2983 2128 ἐντολὴν
3024 2058 3223 2111 δέδωκε
3271 2058 3323 2111 τί
3353 2059 3525 2127 εἴπω,
3569 2060 3661 2113 καὶ
3699 2060 3751 2111 τί

2171 2145 2388 2216 λαλήσω
2415 2164 2426 2177 ·
2462 2168 2480 2199 ι
2516 2147 2609 2200 καὶ
2642 2146 2801 2201 πάλιν
2827 2188 2840 2212 ,
2883 2168 2899 2199 ι
2926 2148 3114 2201 Πάντα
3146 2147 3181 2202 ἃ.
3213 2148 3425 2220 ἤκουσα
3472 2149 3620 2217 παρὰ
3653 2148 3746 2201 τοῦ

2174 2237 2406 2307 Πατρὸς,
2442 2237 2743 2306 ἀπαγγελῶ
2770 2237 2789 2302 Ῐ
2808 2238 2946 2309 vulg.
2985 2236 3293 2310 ἐγνώρισα]
3329 2239 3477 2309 ὑμῖν,
3506 2258 3524 2291 ι
3558 2241 3607 2292 εἰ
3631 2239 3748 2292 καὶ.

2171 2327 2247 2390 ὼς
2275 2328 2435 2391 αὐτὸς
2462 2329 2520 2381 ἐν
2548 2331 2659 2393 τοῖς
2680 2328 2878 2400 ἐφεξῆς
2897 2331 2924 2381 0
2946 2327 3101 2399 ἆγιος
3123 2329 3525 2401 διεμαρτύρατο
3550 2328 3749 2382 Βαπτι-

2175 2422 2306 2491 στής
2332 2435 2347 2450 ο
2389 2439 2406 2470 ι
2445 2422 2540 2475 Ὃν
2568 2420 2677 2491 γὰρ
2714 2420 3037 2476 ἀπέστειλεν
3069 2424 3097 2474 0
3126 2420 3278 2484 Θεὸς,
3308 2419 3376 2472 τὰ
3404 2420 3625 2492 ῥήματα
3652 2417 3747 2471 τοῦ

2172 2509 2310 2565 Θεοῦ
2344 2511 2527 2567 λαλεῖ·
2554 2532 2572 2565 ι
2608 2513 2696 2568 διὰ
2716 2510 2876 2577 τοῦτο
2907 2512 3053 2582 λέγει
3075 2512 3202 2585 περὶ
3228 2512 3416 2565 αὑτοῦ·
3453 2532 3471 2562 ‹
3515 2512 3575 2564 Ὀ
3607 2510 3746 2579 λαμ-

2174 2602 2351 2659 ϐάνων
2384 2603 2551 2659 αὐτοῦ
2584 2605 2684 2676 τὴν
2718 2604 3045 2678 μαρτυρίαν,
3078 2604 3426 2676 ἐσφράγισεν,
3460 2604 3540 2657 ὃτι
3569 2604 3596 2655 0
3617 2603 3747 2666 Θεὸς

2170 2698 2379 2774 ἀληθής
2405 2703 2553 2753 ἐστιν
2576 2718 2589 2730 ·
2619 2719 2639 2751 ι
2670 2699 2876 2771 ἀληθὴς
2890 2700 3000 2772 γάρ
3031 2701 3177 2752 ἐστιν
3204 2701 3232 2752 0
3251 2697 3382 2761 Θεὸς
3407 2697 3502 2750 καὶ
3526 2697 3744 2767 Πατήρ·

2177 2792 2240 2846 σὺ
2266 2792 2322 2845 δὲ
2350 2796 2483 2864 ἡμῖν
2514 2793 2595 2856 είς
2624 2793 2716 2846 τὸν
2745 2792 2871 2847 Υἱὸν
2914 2792 3265 2865 περιτρέπειν
3295 2793 3458 2861 πειρᾷ
3491 2790 3550 2842 τὸ
3578 2789 3749 2859 ὲτέρῳ

2174 2884 2640 2956 χρεωστούμενον.
2706 2886 2770 2938 Τί
2809 2880 2901 2941 οὖν
2944 2886 3082 2955 πρὸς
3110 2885 3285 2938 ταῦτα
3316 2884 3407 2940 καὶ
3435 2883 3564 2953 παρ’
3591 2882 3750 2953 ἡμῶν

2174 2977 2452 3048 εἰρήσεται
2480 2992 2496 3042 ;
2528 2969 2656 3045 Ἆρ’
2679 2970 2772 3028 οὖν
2800 2976 2857 3027 ὲν
2883 2976 3187 3047 προφήταις
3222 2975 3351 3045 ἡμῖν
3382 2975 3410 3026 0
3441 2972 3750 3040 Μονογενὴς

2174 3069 2475 3134 τετάξεται,
2501 3068 2601 3140 τὴν
2628 3068 2933 3139 προφήταις
2966 3067 3282 3135 πρέπουσαν
3308 3064 3580 3118 διακονίαν
3614 3064 3749 3117 ἁπο-

492 3151 583 3206 υνί
642 3151 708 3204 ad
769 3166 869 3205 “05
900 3165 1067 3205 νοοοε
1121 3148 1420 3220 ιποριιειτίε
1462 3147 1776 3204 detulisse?
1821 3148 1891 3201 Ᾱῑ
1939 3147 2068 3217 (ΙυίίΙ
2098 3144 2145 3206 C
2176 3161 2419 3233 πληρῶν,
2449 3162 2545 3214 καὶ
2572 3160 2759 3232 ἓτερον
2796 3161 2888 3214 ἐπὶ
2917 3159 3090 3229 τούτῳ
3120 3159 3374 3230 πράττων
3408 3157 3560 3210 οὐδέν
3586 3173 3600 3222 ;
3632 3155 3751 3208 Τίνι

487 3247 674 3299 eximii
709 3244 874 3299 habet
925 3242 1124 3307 Filius,
1165 3243 1211 3297 'si
1264 3244 1369 3296 hoc
1426 3240 1607 3312 ipsum
1645 3239 1917 3295 duntaxat
1963 3240 2069 3293 int-

491 3339 674 3408 pleat?
710 3338 1001 3403 Quomodo
1026 3351 1157 3393 vero
1188 3350 1359 3406 supra
1398 3349 1592 3390 omnes
1620 3343 1728 3396 cst,
1762 3333 1809 3388 si
1834 3331 2071 3403 prophe—

488 3440 668 3484 tarum
708 3432 762 3483 in
789 3431 984 3483 ordine
1011 3437 1297 3493 censetur,
1331 3436 1387 3483 et
1423 3427 1614 3485 servili
1635 3425 1957 3480 conditione
1986 3432 2071 3479 est

490 3522 792 3588 przeditus?
834 3519 1117 3590 quomodo
1147 3534 1248 3574 ceu
1285 3518 1399 3573 illis
1423 3517 1602 3588 gloria
1632 3517 1988 3585 praestantior
2014 3517 2068 3569 in

490 3614 802 3681 Evangeliis
834 3614 909 3664 ait
940 3628 952 3663 :
991 3629 1009 3661 ι
1045 3610 1105 3664 Si
1139 3610 1269 3663 illos
1314 3608 1453 3662 dixit
1480 3607 1635 3671 deos,
1665 3606 1732 3659 ad
1762 3620 1903 3674 quos
1951 3620 2070 3658 ser-

492 3721 580 3759 mo
616 3703 706 3759 Dei
747 3704 927 3757 factus
953 3711 1060 3764 est.
1101 3708 1155 3755 et
1185 3713 1291 3754 non
1340 3704 1525 3768 potest
1565 3697 1704 3753 solvi
1745 3696 2073 3775 Scriptura;

491 3814 651 3867 quem
692 3797 858 3850 Pater
879 3794 1270 3858 sanctificavit,
1306 3800 1361 3847 et
1393 3792 1543 3846 misit
1568 3791 1627 3845 in
1654 3789 1947 3855 mundum,
1971 3804 2072 3845 vos

491 3889 680 3941 dicitis
725 3887 853 3957 quia
909 3886 1263 3956 blasphemas
1320 3901 1335 3937 ι
1390 3883 1521 3955 quia
1563 3882 1701 3947 dixi,
1744 3881 1921 3937 Filius
1976 3880 2069 3936 Dei

491 3997 612 4035 sum
636 3981 760 4034 “1':
784 3979 881 4035 His
915 3979 1061 4033 enim
1102 3979 1287 4034 verbis
1321 3984 1514 4048 aperte
1544 3975 1789 4046 seipsum
1819 3973 2011 4029 eximit.
2040 3988 2072 4028 a

494 4075 887 4142 prophetarum
936 4082 1121 4140 grege,
1159 4082 1368 4138 eosque
1410 4067 1545 4123 deos
1565 4074 1795 4121 vocatos
1827 4062 2069 4120 esse.di-

492 4164 589 4224 cit,
622 4170 912 4232 propterea
941 4158 1085 4228 quod
1119 4158 1301 4214 factus
1319 4166 1400 4211 est
1434 4157 1511 4209 ad-
1533 4156 1686 4226 ipsos
1713 4156 1808 4213 Dei
1842 4169 2028 4211 sermo
2056 4171 2069 4208 :

491 4256 738 4327 seipsnm
770 4268 903 4309 vero
921 4251 1017 4308 Dei
1048 4251 1247 4307 Filium
1291 4252 1512 4308 asserit.
1539 4251 1674 4305 Nam
1704 4250 1921 4306 sanctis
1948 4265 2073 4319 pro-

414 4352 419 4359 ’
489 4350 673 4421 phetis
725 4347 1091 4420 particularis
1122 4348 1371 4416 qumdam
1426 4360 1525 4416 per
1560 4344 1830 4416 Spiritum
1872 4344 2071 4399 collata

492 4452 576 4499 est
602 4442 775 4514 gratia
804 4457 817 4491 :
850 4442 903 4495 in
935 4440 1160 4495 Christo
1192 4454 1322 4494 vero
1356 4437 1663 4504 Salvatore,
1698 4436 1909 4510 placuit
1943 4452 2064 4489 om-

491 4552 616 4593 nem
666 4532 1067 4605 plenitudinem
1103 4531 1333 4587 deitatis
1380 4531 1631 4586 habitare
1676 4528 2065 4601 corporaliter,

388 4685 398 4693 ,
493 4639 551 4680 ut
573 4624 777 4682 Paulus
805 4626 880 4679 ait
902 4626 967 4681 “.
998 4624 1237 4695 Ideoque
1257 4623 1324 4679 de
1353 4622 1697 4694 plenitudine
1725 4623 1849 4693 ejus
1875 4637 2071 4680 omnes

418 4714 423 4721 ’
492 4718 831 4784 accepimus.
858 4725 914 4771 ut
936 4714 1179 4771 Joannes
1211 4717 1553 4772 asseruit‘“.
1579 4714 1869 4784 Quomodo
1903 4716 2073 4787 igitur

490 4808 725 4877 aequalis
760 4810 869 4863 erit
922 4809 1325 4879 accipientibus
1368 4810 1621 4880 largitor,
1656 4818 1752 4864 aut
1792 4808 2069 4881 quomodo

493 4900 549 4954 in
586 4899 783 4953 ordine
836 4900 1078 4954 ministri
1125 4900 1232 4955 erit
1275 4900 1503 4957 deitatis
1561 4901 1885 4972 plenitudo?
1931 4898 2071 4955 Hinc

492 5006 622 5060 ergo
654 4990 1095 5043 animadvertant
1118 4999 1324 5061 quanta
1350 5007 1411 5046 se
1438 4993 1794 5064 obstringunt
1811 4993 2067 5063 blasphe—

494 5080 603 5134 mia
642 5079 962 5149 quicunque
990 5079 1095 5134 ista
1127 5080 1452 5149 loquuntur.
1486 5081 1608 5146 Quo
1651 5091 1816 5150 pacto
1840 5096 1969 5136 vero
1999 5082 2069 5136 sit

491 5171 911 5242 intelligendum
947 5171 1082 5225 illud
1115 5190 1127 5224 :
1156 5191 1174 5223 ι
1216 5171 1294 5226 Ex
1328 5173 1535 5240 meipso
1566 5187 1674 5227 non
1714 5174 1934 5242 loquor,
1973 5177 2068 5231 sed

493 5264 583 5335 qui
625 5263 781 5318 misit
823 5279 911 5319 me
950 5260 1133 5327 Pater,
1174 5265 1298 5333 ipse
1351 5263 1484 5316 mihi
1543 5263 1865 5318 mandatum
1921 5266 2073 5323 dedit

491 5358 621 5426 quid
672 5358 874 5424 dicam,
908 5366 1004 5411 aut
1050 5356 1181 5427 quid
1216 5357 1411 5426 loquar
1434 5355 1501 5418 ⁸⁸,
1530 5376 1547 5409 ι
1591 5371 1695 5412 suo
1728 5367 1975 5429 tempore
2011 5375 2076 5415 ac

497 5446 622 5501 loco
675 5448 859 5504 fusius
888 5448 1308 5519 explicabitur?
1354 5447 1833 5517 lnprmseutianuu
1889 5461 2073 5505 autem

496 5536 736 5593 arbitror
792 5541 1238 5597 adversariorum
1283 5538 1634 5607 'objcctiones
1688 5539 1753 5593 ad
1812 5542 2069 5609 pietatem

570 5654 614 5685 ³⁹
646 5651 803 5709 Joan.
848 5659 1051 5718 suum.
1131 5657 1177 5690 “
1203 5654 1360 5712 Joau.
1404 5674 1511 5714 xv.
1552 5657 1633 5711 lii.

494 5720 557 5750 “'
588 5722 744 5783 Joau.
783 5743 821 5787 ι,
860 5728 940 5782 16.
1018 5729 1062 5759 ⁸⁸
1098 5728 1253 5783 Joan.
1294 5747 1362 5784 xu
1394 5769 1406 5793 ,
1452 5730 1529 5785 Ξῖ).

2099 4480 2150 4539 D

2172 3252 2278 3325 γὰρ
2308 3252 2416 3306 τῶν
2459 3252 2627 3305 ὄντων
2677 3254 2776 3304 οὐκ
2822 3251 3209 3313 ἀνενδοιὰστως
3256 3247 3625 3321 παραδεκτὸν,
3668 3247 3751 3298 ὅτι

2170 3342 2270 3405 τὰς
2310 3341 2494 3395 θεόθεν
2527 3342 2603 3404 ὡς
2642 3340 2788 3410 ἡμᾶς
2809 3339 3115 3410 διεκόμιζον
3146 3340 3194 3391 οἱ
3223 3337 3498 3407 προφῆται
3530 3334 3748 3405 φωνάς;

2171 3431 2306 3487 Εἶτα
2335 3433 2387 3486 τί
2436 3434 2496 3486 τὸ
2539 3432 2813 3502 ἐξαίρετον
2844 3432 2901 3482 ὲν
2929 3430 3063 3499 Υίῴν,
3102 3428 3260 3482 τοῦτο
3299 3428 3430 3481 αὐτὸ
3455 3426 3748 3497 πληροῦντι

2176 3528 2371 3597 μόνον;
2422 3524 2547 3588 Πῶς
2576 3524 2632 3577 δὲ
2679 3523 2865 3577 ἐπάνω
2900 3524 3115 3575 πάντων
3136 3522 3314 3585 ἐστὶν,
3367 3522 3417 3573 εί
3446 3519 3752 3590 προφήταις

2173 3617 2253 3670 ἔτι
2290 3617 2643 3671 συντάττεται
2664 3657 2679 3677 ,
2710 3618 2801 3668 καὶ
2842 3615 3205 3686 δουλοπρεπεῖ
3230 3611 3622 3684 περιϐέϐληται
3652 3610 3750 3680 μέ-

2172 3726 2325 3779 τρῳ;
2378 3707 2497 3771 πῶς
2539 3706 2595 3760 δὲ
2643 3707 2717 3769 ῶς
2768 3706 3007 3771 ἐκείνους
3051 3707 3108 3759 ἐν
3152 3704 3280 3773 δόξη
3308 3702 3666 3767 πλεονεκτῶν,
3694 3704 3751 3755 ἐν

2173 3800 2526 3869 Εὐαγγελίοις
2556 3798 2721 3869 φησὶν
2745 3838 2759 3863 ,
2810 3816 2829 3850 ι
2862 3798 2925 3850 Ei
2954 3797 3195 3857 ἐκείνους
3232 3790 3352 3847 εἷπε
3384 3793 3568 3856 θεοὺς,
3617 3789 3751 3862 πρὸς

2173 3892 2265 3957 οὓς
2290 3895 2319 3947 0
2339 3890 2497 3962 λόγος
2525 3892 2618 3945 τοῦ
2646 3890 2781 3949 Θεοῦ
2812 3892 3046 3959 ἐγένετο,
3078 3889 3169 3941 καὶ
3192 3887 3252 3940 οὐ
3278 3886 3501 3940 δύναται
3527 3884 3752 3953 λυθῆναι

2174 3988 2208 4057 ἡ
2238 3984 2452 4057 Γραφὴ,
2486 3983 2546 4037 δν
2582 3986 2610 4037 0
2630 3983 2820 4054 Πατὴρ
2845 3981 3061 4053 ἡγίασε,
3092 3980 3183 4033 καὶ
3215 3976 3532 4032 ἀπέστειλεν
3556 3977 3635 4039 είς
3665 3974 3752 4027 τὸν

2174 4079 2398 4150 κόσμον,
2419 4078 2575 4147 ὑμεῖς
2588 4075 2797 4144 λέγετε,
2818 4075 2897 4127 ὅτι
2925 4073 3293 4143 Βλασφημεῖς,
3314 4073 3397 4125 ὅτι
3416 4066 3570 4123 εἷπον
3589 4087 3600 4098 ·
3626 4066 3752 4129 Υἱός

2175 4172 2290 4243 είμι
2317 4169 2410 4223 τοῦ
2434 4167 2566 4223 Θεοῦ
2596 4186 2611 4234 ;
2650 4188 2669 4221 ι
2702 4166 2929 4222 Ἑαυτὸν
2965 4165 3072 4236 γὰρ
3103 4167 3159 4217 ἐν
3182 4163 3392 4227 τούτοις
3420 4160 3752 4231 ἀποδιορίζει

2178 4262 2367 4333 σαφῶς
2408 4262 2508 4332 τῆς
2544 4259 2654 4317 τῶν
2699 4257 2995 4330 προφητῶν
3038 4257 3275 4327 ἀγέλης,
3306 4256 3401 4308 καὶ
3445 4252 3602 4317 θεοὺς
3656 4251 3753 4320 μὲν

2177 4355 2374 4418 αὐτοὺς
2404 4350 2825 4422 κατωνομόισθαι
2875 4347 3043 4418 φησὶ,
3089 4347 3174 4400 διὰ
3208 4347 3270 4400 τὸ
3314 4344 3565 4415 γενέσθαι
3618 4341 3754 4414 πρὸς

2178 4442 2375 4505 αὐτοὺς
2402 4439 2494 4495 τὸν
2513 4439 2606 4493 τοῦ
2620 4438 2754 4492 Θεοῦ
2777 4438 2929 4506 λόγον
2949 4479 2963 4501 ,
2988 4438 3175 4491 ἑαυτὸν
3193 4437 3249 4490 δὲ
3267 4437 3395 4490 Υίὸν
3414 4434 3553 4488 Θεοῦ
3583 4434 3750 4502 λέγει.

2178 4534 2303 4597 Τοῖς
2336 4532 2434 4604 μὲν
2464 4532 2571 4604 γὰρ
2598 4530 2770 4599 ἁγίοις
2806 4530 3113 4602 προφήταις
3138 4528 3337 4601 μερικὴ
3360 4526 3449 4582 διὰ
3472 4526 3564 4580 τοῦ
3588 4525 3758 4579 Πνεύ-

2182 4642 2353 4697 ματος
2403 4622 2697 4695 διενεμήθη
2732 4623 2889 4694 χάρις
2916 4639 2933 4654 ο
2982 4623 3040 4675 ὲν
3079 4621 3135 4674 δὲ
3183 4620 3261 4690 τῷ
3296 4620 3506 4691 Σωτῆρι
3534 4616 3754 4689 Χριστῷ

2178 4720 2286 4772 πᾶν
2318 4716 2380 4769 τὸ
2418 4716 2691 4787 πλήρωμα
2729 4717 2827 4786 τῆς
2864 4714 3115 4785 θεότητος
3145 4712 3403 4783 εύδόκησε
3435 4710 3754 4780 κατοικῆσαι

2180 4808 2540 4880 σωματικῶς,
2576 4808 2651 4872 ὡς
2680 4809 2708 4861 0
2733 4806 2945 4872 Παῦλός
2980 4824 3111 4878 φησι
3136 4824 3149 4838 ·
3181 4805 3260 4860 διὸ
3291 4806 3385 4858 καὶ
3411 4806 3473 4857 ἐκ
3494 4803 3585 4856 τοῦ
3615 4802 3755 4871 πλη-

2179 4899 2432 4971 ρώματος
2476 4897 2639 4952 αὑτοῦ
2689 4899 2891 4962 πάντες
2930 4898 3225 4970 ἐλάϐομεν,
3271 4897 3346 4960 ὡς
3384 4896 3635 4966 Ἰωάννης
3680 4895 3756 4948 δι-

2178 4992 2514 5065 ισχυρίσατο.
2564 4993 2690 5057 Πῶς
2718 4989 2813 5048 οὖν
2855 4995 2912 5046 ἒν
2952 4992 3221 5062 ίσομέτρῳ
3250 4993 3359 5055 τοῖς
3388 4988 3755 5061 λαμϐάνουσιν

2171 5087 2200 5139 0
2216 5087 2420 5151 διδούς;
2450 5086 2483 5157 ἢ
2507 5086 2624 5150 πῶς
2651 5087 2709 5140 ἐν
2732 5089 2796 5158 τῇ
2826 5085 2918 5139 τοῦ
2946 5085 3321 5150 διακονοῦντος
3336 5083 3753 5149 κατατετάξεται

2177 5176 2341 5246 μοίρᾳ
2380 5176 2584 5245 τὸξτῆς
2625 5174 2881 5243 θεότητος
2921 5174 3232 5244 πλήρωμα;
3279 5173 3755 5244 Περιαθρείτωσαν

2173 5266 2352 5319 τοίνυν
2379 5267 2647 5331 ἐντεῦθεν,
2683 5268 2763 5329 εἰς
2786 5266 2916 5336 ὅσην
2943 5264 3129 5329 αὐτοῖς
3160 5264 3605 5318 ἀποκινδυνεύσει
3635 5263 3757 5316 δυσ-

2178 5357 2389 5427 φημίαν
2409 5360 2436 5410 0
2461 5357 2618 5424 λόγος
2639 5398 2653 5421 ,
2691 5356 2783 5408 καὶ
2814 5355 2936 5408 τίνα
2965 5355 3063 5424 μὲν
3092 5353 3295 5426 τρόπον
3327 5354 3599 5423 προσήκει
3625 5354 3758 5404 νοεί-

2178 5450 2302 5503 σθαι
2318 5449 2410 5513 τὸ,
2449 5469 2466 5500 ι
2516 5450 2635 5502 Ἀπ’
2664 5447 2904 5518 ἐμαυτοῦ
2935 5447 2994 5501 οὐ
3021 5447 3188 5511 λαλῶ,
3221 5446 3336 5499 ἀλλ’
3374 5445 3402 5495 0
3435 5444 3658 5514 πέμψας
3692 5460 3757 5513 με

2180 5542 2391 5613 Πατὴρ,
2425 5541 2585 5602 αὐτός
2619 5559 2706 5608 μοι
2739 5540 2955 5611 ἐντολὴν
2979 5541 3174 5593 δέδωκε
3204 5537 3255 5590 τί
3282 5536 3416 5589 εἴπω
3435 5578 3447 5601 ,
3475 5535 3569 5587 καὶ
3593 5535 3647 5587 τί
3669 5535 3756 5589 λα·

1718 5656 2041 5715 ³¹Ιοηη.ιυ

2172 5659 2205 5713 ι.
2286 5660 2328 5689 ⁵²
2362 5658 2495 5712 llzid.
2557 5661 2642 5712 55.
2728 5659 2768 5689 δ’
2797 5656 2957 5712 Joou.
2992 5674 3021 5710 χ
3045 5698 3058 5721 ,
3095 5657 3184 5719 55,
3215 5655 3300 5707 56.
3382 5651 3423 5681 δ”
3454 5652 3568 5704 (Iol.
3608 5667 3664 5713 ll,
3699 5654 3755 5705 ι).
