4090 6266
297 378 396 430 277

1375 367 1438 421 IN
1477 366 1764 422 JOANNIS
1792 364 2243 422 EVANGELIUM
2276 367 2410 426 ω.
2445 368 2506 423 ll.

3457 375 3564 430 278

298 498 362 568 λή
372 515 469 557 σω,
504 515 521 546 ι
559 475 896 562 πλατύτερον
923 489 982 542 ὲν
1009 486 1124 555 ίδίῳ
1153 484 1330 556 καιρῷ
1364 487 1458 538 καὶ
1487 486 1638 556 τόπῳ
1670 485 1890 554 διερμη·

1999 500 2115 540 esse
2165 485 2608 549 transferendas,
2651 495 2704 542 et
2746 501 2810 541 ex
2851 486 3012 558 168
3042 487 3112 544 iis
3161 503 3284 558 qua:
3334 489 3413 545 illi
3457 501 3571 546 sta-

298 587 648 656 νευθήσεται.
678 581 891 652 Χρῆναι
915 579 970 632 δὲ
992 577 1142 648 οἶμαι
1171 577 1312 649 πρὸς
1331 577 1390 630 τὸ
1413 575 1609 648 παρὸν,
1631 575 1890 628 ὑπόθεσιν

303 679 592 740 εὐσεϐείας
625 677 694 728 τὰ
736 674 844 728 τῶν
882 673 1138 725 ἐναντίων
1177 669 1450 724 ποιείσθαι
1496 667 1886 740 προϐλήματα,

307 770 405 821 καὶ
439 768 500 832 ἐξ
527 760 604 820 ὧν
629 767 821 818 ἐκεῖνοι
842 761 1206 835 πρεσϐεύουσι
1223 803 1237 828 ,
1275 763 1391 824 τοῖς
1412 760 1514 830 τῆς
1557 758 1888 830 Ἐκκλησίας

309 857 752 927 ἐπαγωνίσασθαι
773 856 1058 925 δόγμασιν.
1102 851 1318 907 Οὐκοῦν
1349 851 1574 916 ἐντολὰς
1603 851 1704 923 μὲν
1738 850 1889 920 εἰλη-

313 951 470 1020 φέναι
496 950 640 1020 παρά
657 948 750 1002 τοῦ
769 946 1003 1022 Πατρὺς,
1037 945 1132 998 καὶ
1161 944 1343 997 λαλεῖν
1363 944 1454 1012 ἀφ’
1480 941 1678 996 ἑαυτοῦ
1701 941 1888 1012 μηδὲν,

312 1037 727 1109 διισχυρίζονται
760 1037 856 1092 τὴν
888 1037 1018 1090 Υίόν
1039 1051 1053 1066 ⁶
1097 1037 1197 1089 ὅσα
1225 1035 1281 1088 δὲ
1310 1035 1544 1105 ἧκουσεν
1567 1074 1584 1101 ,
1620 1032 1698 1096 ὡς
1728 1032 1892 1095 αὑτός

313 1133 410 1186 πού
434 1150 586 1204 φησι,
617 1132 793 1186 ταῦτα
811 1132 910 1186 καὶ
932 1132 1071 1200 ἡμῖν
1091 1127 1408 1196 ἐπείγεσθαι
1436 1126 1634 1194 λέγειν.
1672 1124 1890 1188 Καλῶς,

307 1223 477 1293 ἐχέτω
502 1223 598 1276 καὶ
625 1223 756 1294 τῇδε
784 1239 798 1253 ⁸
831 1217 1210 1290 συνθησόμεθα
1229 1217 1358 1288 γὰρ,
1383 1217 1535 1270 οὐδὲν
1558 1215 1891 1277 ἀδικοῦντος,

306 1314 446 1367 κατά
473 1330 536 1381 γε
566 1313 658 1366 τὸν
679 1312 775 1367 τοῦ
804 1311 926 1375 πῶς
957 1308 1096 1364 εἶναι
1113 1309 1291 1377 λόγον,
1322 1308 1416 1362 τοῦ
1451 1309 1774 1379 πράγματος
1802 1306 1894 1358 τὸν

306 1405 457 1470 Υἱὸν,
502 1405 798 1477 καλλίστην
826 1405 884 1457 δὲ
912 1403 1108 1474 μᾶλλον
1136 1402 1230 1454 ἐπὶ
1247 1400 1344 1454 τοῦ
1367 1401 1636 1472 παρόντος
1662 1398 1898 1470 μάλιστα

305 1496 401 1566 τὴν
431 1497 746 1567 οἰκονομίαν
793 1495 1122 1563 εἰσάγοντος.
1177 1494 1387 1550 Οὐκοῦν
1408 1535 1424 1558 ,
1469 1494 1600 1547 ὃταν
1646 1493 1896 1562 λέγοντος

305 1585 614 1640 ἀκούσωσιν
642 1587 810 1640 αὑτοῦ
829 1603 842 1616 ·
876 1606 894 1638 ι
934 1586 1076 1656 Ἐγὼ
1106 1587 1201 1641 καὶ
1225 1588 1254 1638 6
1287 1585 1474 1657 Πατὴρ
1496 1584 1556 1637 ἓν
1585 1587 1749 1654 ἐσμεν
1779 1601 1791 1612 ’
1838 1584 1896 1637 '0

308 1674 573 1744 ἑωρακὼς
621 1674 757 1745 ἐμὲ,
800 1675 1010 1745 ἑώρακε
1068 1676 1156 1729 τὸν
1202 1675 1454 1746 Πατέρα·
1522 1674 1662 1742 Ἐγὼ
1713 1676 1771 1726 ὲν
1818 1673 1896 1744 τῷ

311 1763 520 1831 Πατρὶ,
568 1764 662 1816 καὶ
697 1765 726 1816 6
761 1764 952 1834 Πατὴρ
981 1766 1039 1817 ὲν
1071 1766 1232 1834 ἐμοί’
1266 1785 1285 1816 ι
1324 1765 1750 1834 λαμϐανέτωσαν
1796 1763 1894 1834 τὴν

1995 584 2180 642 tuunt,
2216 577 2682 646 patrocinandum
2713 577 2975 633 Ecclesia:
3001 579 3371 651 dogmatibus.
3406 581 3575 653 Igitur

1993 665 2255 721 mandata
2310 667 2532 738 quidem
2584 670 2869 739 accepisse
2916 684 2945 723 a
2998 669 3183 735 Patre,
3218 682 3274 726 et
3315 689 3344 726 a
3395 676 3575 745 seipso

1993 757 2144 827 loqui
2181 757 2320 813 nihil
2351 756 2552 813 Filium
2589 768 2850 816 asserunt
2887 776 3274 832 :quaecunque
3306 780 3437 820 vero
3472 780 3574 820 au-

1993 850 2116 915 diit,
2151 860 2208 905 ιιι
2240 851 2362 921 ipse
2396 851 2599 908 alicubi
2645 853 2745 918 ait,
2798 853 2916 909 haec
2955 855 3116 910 nobis
3147 857 3312 912 etiam
3363 858 3573 930 eloqui.

1995 941 2142 998 Bene
2173 942 2338 998 habet
2372 959 2384 995 :
2418 945 2791 1000 assentiemur
2823 944 2996 1011 enim,
3032 961 3156 1000 cum
3203 947 3347 1003 istud
3392 956 3574 1021 quoad

1996 1034 2322 1090 substantias
2357 1034 2579 1090 modum
2623 1035 2766 1091 Filio
2801 1036 2940 1090 nihil
2963 1036 3186 1101 oﬂiciat,
3222 1039 3314 1094 sed
3349 1044 3577 1110 praicla-

1995 1141 2110 1180 ram
2159 1125 2344 1196 potius
2378 1126 2540 1182 nobis
2567 1126 2742 1182 divini
2801 1127 3024 1184 consilii
3068 1129 3337 1185 rationem
3379 1133 3584 1202 inprae-

1998 1218 2302 1272 sentiarum
2357 1218 2652 1290 signiﬁcet.
2709 1221 2900 1293 Igitur,
2935 1237 3062 1278 cum
3114 1223 3341 1278 audiant
3395 1223 3576 1293 ipsum

1996 1309 2272 1363 dicentem
2307 1324 2320 1360 :
2361 1326 2378 1359 ι
2423 1308 2535 1380 Ego
2581 1318 2638 1366 et
2691 1310 2856 1367 Pater
2893 1328 3064 1367 unum
3109 1328 3304 1369 sumus
3346 1313 3432 1366 “z
3471 1314 3575 1378 Qui

1997 1397 2135 1452 vidit
2166 1412 2276 1463 me,
2314 1398 2454 1453 vidit
2487 1409 2542 1454 et
2564 1400 2780 1456 Patrem
2805 1402 2849 1434 ⁴⁷
2888 1421 2902 1457 :
2931 1404 3048 1474 Ego
3079 1405 3130 1458 in
3163 1403 3346 1470 Patre,
3379 1413 3435 1460 et
3470 1403 3576 1458 Pa-

1999 1497 2080 1543 ter
2115 1489 2168 1542 in
2197 1503 2284 1544 me
2303 1489 2381 1556 Ιι¹’;
2414 1509 2432 1542 ι
2463 1491 2745 1561 accipiant
2774 1492 2897 1564 ejus
2919 1494 3324 1561 testimonium,
3357 1495 3578 1565 signent

1994 1577 2169 1634 Deum
2203 1587 2258 1634 et
2299 1580 2516 1637 Patrem
2545 1597 2672 1638 esse
2698 1599 2976 1651 veracem,
3009 1592 3063 1639 et
3103 1585 3249 1656 quod
3283 1601 3414 1642 vere
3445 1586 3574 1650 scit,

2000 1673 2054 1725 id
2091 1670 2228 1726 velle
2259 1671 2410 1741 loqui
2451 1671 2678 1739 Filium,
2723 1690 2791 1730 ne
2817 1675 3065 1731 dillidant
3106 1677 3293 1733 verbis
3329 1677 3576 1733 Salvato-

2002 1763 2101 1826 ris,
2139 1762 2236 1831 qui
2270 1777 2392 1831 qua:
2422 1771 2553 1816 sunt
2591 1777 2622 1817 a
2655 1763 2819 1818 Patre
2855 1765 3014 1821 nobis
3050 1768 3296 1835 eXpnnit.

315 1853 626 1920 μαρτυρίαν
668 1851 856 1917 αὑτοῦ,
901 1853 1386 1923 σφραγιζέτωσαν,
1418 1854 1504 1906 ὅτι
1545 1855 1573 1906 ὁ
1612 1854 1748 1916 Θεὸς
1797 1853 1892 1904 καὶ
1927 1853 2116 1924 Πατὴρ
2144 1851 2352 1923 ἀληθής
2380 1853 2559 1919 ἐστιν,
2600 1854 2736 1924 ὅπερ
2761 1850 2901 1908 οἶδεν
2965 1855 3212 1927 ἀκριϐῶς
3272 1855 3578 1910 ἀναπείθων

313 1941 497 1994 λαλεῖν
521 1943 612 1997 τὸν
641 1943 774 1996 Υίόν
799 1962 814 1976 ο
850 1943 925 2015 μὴ
953 1945 1352 1999 ἀπιστείτωσαν
1381 1948 1491 2008 τοῖς
1521 1945 1617 1998 τοῦ
1649 1946 1892 2015 Σωτῆρος
1933 1947 2176 2016 ῥήμασι,
2209 1945 2278 1996 τὰ
2305 1945 2455 2016 παρά
2487 1945 2581 2000 τοῦ
2617 1947 2828 2019 [ἰατρὸς
2858 1949 2989 2018 ἡμῖν
3021 1946 3433 2019 ἐρμηνεύοντος.

386 2039 488 2090 Ὃν
507 2038 617 2107 γὰρ
639 2038 1000 2093 ἀπέστειλεν
1019 2043 1052 2094 ό
1069 2041 1213 2107 Θεὸς
1229 2081 1246 2106 ,
1273 2042 1344 2096 τὰ
1356 2039 1592 2108 ῥήματα
1622 2041 1726 2094 τοῦ
1747 2041 1894 2096 Θεοῦ

2069 2039 2159 2103 Ill,
2189 2039 2280 2094 54.
2331 2039 2499 2107 Quem
2535 2042 2676 2096 enim
2718 2043 2865 2097 misit
2912 2040 3080 2107 Deus,
3137 2041 3295 2096 verba
3350 2041 3449 2095 Dei
3497 2041 3577 2094 lo-

312 2125 506 2178 λαλεῖ.

378 2215 536 2271 Οἶδεν
565 2214 659 2272 οὖν
688 2220 796 2290 ἄρα
823 2223 962 2274 κατὰ
988 2222 1147 2291 φύσιν
1181 2222 1308 2278 ὄντα
1351 2225 1516 2279 αὐτὸν
1543 2227 1572 2277 6
1616 2223 1807 2294 Πατὴρ
1834 2225 1892 2275 ἐν

309 2310 488 2380 ἑαυτῷ
502 2311 594 2364 τὸν
618 2311 749 2364 ίδιον
763 2312 909 2366 Υίόν·
927 2314 1084 2367 τοῦτο
1101 2315 1209 2387 γάρ
1230 2312 1383 2386 οἶμαι
1406 2317 1488 2378 τὸ,
1512 2315 1640 2369 ιἜν
1656 2317 1844 2385 ἐσμεν,
1869 2336 1886 2366 ι

311 2403 405 2456 καὶ
434 2404 535 2473 οὐχ
570 2403 759 2474 ἕτερον
786 2421 838 2457 τι
883 2407 1342 2476 κατασημαίνειν,
1372 2407 1500 2460 Υίδν
1534 2408 1682 2468 ὄντα,
1714 2407 1807 2460 xui.
1831 2406 1893 2459 οὐ

310 2493 523 2563 ποίημα
557 2494 817 2564 γινώσκει
839 2513 852 2526 ο
895 2496 1019 2549 Υίδν
1051 2495 1108 2550 δέ
1140 2515 1316 2566 φημι,
1360 2497 1454 2550 τὸν
1484 2499 1547 2550 ἐκ
1577 2499 1677 2567 τῆς
1708 2497 1895 2561 οὐσίας

313 2587 473 2639 αὐτοῦ
497 2629 510 2652 ,
555 2587 650 2640 καὶ
680 2588 741 2640 οὐ
777 2587 918 2658 ψιλῷ
960 2590 1058 2659 τῆς
1095 2589 1342 2659 υίότητος
1384 2589 1746 2659 τετιμημένον
1775 2589 1895 2641 ὀνό-

317 2696 476 2749 ματι·
523 2673 664 2732 οἶδεν
695 2679 822 2733 ὄντα
863 2682 962 2752 τῆς
1007 2680 1142 2744 ἰδίας
1181 2681 1448 2752 ἰδιότητος
1476 2679 1895 2749 ἀπαράλλακτον

316 2770 496 2824 εἰκόνα
516 2786 529 2801 °
562 2771 636 2834 ὡς
666 2772 897 2842 ὁρᾶσθαι
922 2772 1019 2838 μὲν
1050 2771 1270 2835 τελείως
1298 2774 1356 2825 ἒν
1385 2771 1559 2841 αὐτῷ,
1585 2770 1896 2840 ζωγραφεῖν

317 2863 371 2914 δὲ
398 2863 453 2914 ὲν
486 2862 664 2931 ἑαυτῷ
700 2861 795 2916 τὸν
837 2864 899 2929 ἐξ
933 2863 1100 2917 αὐτοῦ
1151 2863 1292 2917 κατὰ
1321 2863 1486 2931 φύσιν
1521 2863 1775 2934 ἀρρήτως
1799 2865 1894 2915 ὲκ-

322 2952 603 3022 λάμψαντα
624 2971 638 2983 ·
689 2955 784 3006 καὶ
818 2953 962 3023 ἔχειν
1006 2955 1103 3024 μὲν
1143 2957 1199 3008 ὲν
1233 2955 1410 3025 ἑαυτῷ
1429 2954 1523 3007 τὸν
1552 2954 1707 3018 Υίὸν,
1758 2949 1896 3006 εἶναι

321 3045 376 3097 δὲ
395 3040 460 3098 αὖ
488 3045 649 3098 πάλιν
683 3047 740 3098 ἐν
768 3044 914 3115 Υἱῷ,
966 3047 1053 3099 διὰ
1093 3045 1192 3116 τὴν
1219 3046 1320 3116 τῆς
1354 3046 1541 3110 οὐσίας
1569 3045 1892 3115 ταυτότητα.

322 3136 503 3189 Ταῦτα
533 3138 842 3209 φρονήσας,
880 3138 1122 3210 αἱρετικὲ
1144 3177 1158 3200 ,
1197 3137 1396 3209 πικροῦ
1434 3138 1532 3208 μὲν
1560 3137 1757 3191 σαυτὸν
1792 3136 1898 3189 ἀπ-

319 3226 568 3291 αλλάξεις
610 3228 953 3297 νοσήματος,
988 3226 1182 3298 τριϐῆς
1204 3227 1263 3281 δὲ
1310 3229 1455 3298 ἡμᾶς
1489 3229 1588 3298 τῆς
1632 3230 1690 3279 ὲν
1719 3228 1898 3296 λόγοις

321 3319 414 3372 καὶ
439 3320 770 3390 ζητήμασιν.
809 3338 827 3370 ι
859 3320 955 3371 Ὃν
983 3318 1093 3389 γὰρ
1117 3319 1434 3372 ἀπέστειλεν
1465 3322 1494 3372 6
1519 3320 1674 3384 Θεὸς,
1701 3318 1772 3371 τά
1796 3320 1898 3390 ῥή-

1995 2130 2196 2199 quitur.

2067 2217 2230 2274 Novit
2273 2219 2467 2290 itaque
2493 2219 2658 2277 Pater
2691 2222 2748 2276 in
2777 2221 2963 2292 seipso
2991 2223 3296 2278 secundum
3321 2231 3577 2277 naturam

1996 2311 2262 2366 exsistere
2311 2310 2513 2366 Filium
2555 2328 2752 2379 suum;
2781 2313 2887 2369 hoc
2930 2315 3111 2382 enim,
3145 2316 3365 2386 opinor,
3413 2316 3576 2378 illud,

2002 2420 2020 2451 ‹
2055 2400 2231 2455 Unum
2259 2417 2476 2468 sumus,
2509 2421 2529 2455 ι
2561 2403 2882 2474 signiﬁcare
2910 2403 3113 2459 Filium
3148 2421 3295 2473 esse,
3329 2420 3441 2460 non
3480 2422 3578 2460 au-

1996 2500 2105 2546 tem
2133 2488 2472 2561 creaturiam,
2509 2494 2790 2564 agnoscit.
2831 2493 3032 2550 Filium
3069 2505 3252 2552 autem
3289 2496 3434 2561 dico,
3481 2498 3577 2567 qui

1997 2599 2063 2638 ex
2101 2583 2223 2654 ejus
2255 2593 2338 2639 est
2366 2585 2703 2653 substantia,
2724 2602 2835 2642 non
2868 2587 3019 2642 nudo
3044 2585 3327 2642 ﬂliationis
3359 2587 3580 2641 nomine

1996 2681 2246 2727 ornatus.
2287 2670 2408 2727 Scit
2451 2689 2578 2730 esse
2608 2689 2723 2730 suae
2757 2676 3121 2746 proprietatis
3158 2676 3450 2747 imaginem
3482 2690 3580 2747 per

1997 2764 2181 2819 omnia
2213 2766 2475 2831 similem,
2511 2765 2588 2819 ita
2617 2773 2678 2819 ut
2707 2766 2954 2835 perfecte
2981 2767 3203 2836 quidem
3239 2774 3502 2823 cernatur
3518 2769 3575 2823 in

1999 2856 2139 2924 ipso,
2181 2856 2299 2925 ipse
2347 2871 2480 2912 vero
2520 2857 2575 2910 in
2627 2857 2811 2926 seipse
2862 2858 3124 2927 depingat
3173 2873 3298 2914 eum
3356 2860 3450 2929 qui
3507 2874 3577 2914 ex

1999 2946 2119 3015 ipso
2155 2945 2468 3001 εοοιιιιάιιιῐι
2529 2956 2783 3002 naturam
2837 2947 3188 3002 ineﬂabiliter
3238 2948 3468 3012 ell'ulsit,
3521 2959 3576 3005 et

1999 3039 2199 3093 habeat
2249 3040 2472 3110 quidem
2505 3040 2558 3094 in
2603 3041 2793 3109 seipso
2835 3038 3063 3104 Filium,
3108 3041 3292 3109 sitque
3333 3040 3574 3097 vicissim

1999 3128 2053 3182 in
2091 3128 2254 3195 Filio,
2292 3139 2521 3200 propter
2562 3130 2910 3186 identitatem
2957 3130 3304 3186 substantia}.
3353 3131 3479 3187 Haec
3529 3135 3576 3189 si

2000 3221 2231 3284 sentias,
2274 3223 2568 3288 haeretice,
2620 3231 2677 3278 et
2715 3224 2955 3294 teipsum
2986 3225 3178 3278 morbo
3219 3227 3574 3295 gravissimo,

2000 3320 2054 3367 et
2111 3329 2214 3369 nos
2271 3314 2591 3383 disputandi
2644 3315 2893 3369 molestia
2949 3315 3294 3370 liberareris.
3336 3333 3356 3366 ι
3401 3316 3575 3380 Quem

323 3427 466 3480 ματα
494 3387 595 3463 τοῦ
615 3410 750 3464 Θεοῦ
784 3409 953 3464 λαλεῖ.
980 3429 998 3461 ι
1029 3387 1198 3462 Ὅταν
1227 3411 1296 3464 ἐκ
1322 3410 1416 3463 τοῦ
1450 3411 1741 3482 προχείρου
1763 3387 1888 3482 voi-

2003 3403 2149 3456 enim
2183 3403 2336 3457 misit
2369 3403 2539 3466 Deus,
2573 3404 2740 3458 verba
2765 3403 2862 3458 Dei
2892 3404 3158 3474 loquitur.
3196 3423 3215 3457 ι
3246 3404 3301 3457 Si
3343 3413 3402 3458 ut
3426 3405 3577 3472 jacet

318 3519 407 3554 ται
452 3502 515 3555 τὸ
555 3503 955 3572 προκείμενον,
997 3501 1049 3554 τί
1086 3502 1246 3556 πάλιν
1295 3503 1447 3557 ἔσται
1487 3502 1798 3572 θαυμαστὸν
1839 3505 1898 3556 ὲν

321 3594 474 3664 Titi);
524 3595 594 3646 Ἢ
629 3593 742 3668 γὰρ
781 3594 902 3664 οὐχὶ
937 3594 1031 3646 καὶ
1081 3592 1193 3648 τῶν
1226 3594 1396 3661 ἁγίων
1420 3595 1650 3658 ’ἕκαστος
1681 3612 1895 3666 προφη’

317 3685 455 3752 τῶν,
510 3687 604 3740 καὶ
642 3686 1006 3740 ἀπεστέλλετο
1055 3687 1210 3756 παρὰ
1237 3685 1413 3750 Θεοῦ,
1467 3689 1558 3739 καὶ
1601 3689 1728 3750 τοὺς
1765 3687 1898 3757 παρ’

321 3776 480 3829 αὑτοῦ
498 3776 827 3849 διήγγελ[λ]ε
844 3777 1034 3846 λόγους
1051 3793 1064 3841 ;
1088 3777 1200 3829 Καὶ
1217 3776 1348 3844 γοῦν
1367 3777 1504 3847 πρὸς
1529 3777 1628 3847 μὲν
1640 3777 1730 3833 τὸν
1752 3778 1899 3848 ἱερο-

326 3868 530 3940 φάντην
573 3871 776 3923 Μωσέα
819 3870 1033 3941 εἴρηταί
1065 3885 1192 3923 που
1230 3888 1248 3920 ι
1291 3869 1403 3922 Καὶ
1431 3870 1525 3922 νῦν
1566 3868 1724 3941 δεῦρο
1762 3871 1900 3922 dm—

322 3960 510 4012 στείλω
527 3978 587 4014 σε
622 3963 699 4023 είς
726 3961 1021 4030 Αἴγυπτον,
1039 3963 1134 4016 καὶ
1159 3963 1303 4030 ἐρεῖς
1328 3961 1467 4031 πρὸς
1487 3961 1689 4034 Φαραώ
1711 3978 1725 3992 °
1757 3961 1898 4014 Τάδε

319 4049 460 4120 λέγει
488 4051 710 4122 Κύριος·
735 4071 754 4104 ι
799 4054 935 4123 πρὸς
965 4054 1234 4125 Ἰερεμίαν
1269 4053 1326 4106 δέ
1357 4071 1420 4122 γε
1447 4054 1538 4106 τὸν
1569 4053 1863 4122 ἱερώτατον
1884 4069 1898 4085 ·

325 4161 342 4193 ι
369 4143 460 4214 Μὴ
486 4143 634 4210 λέγε,
669 4144 759 4196 ὅτι.
781 4143 1063 4216 Νεώτερος
1089 4143 1198 4213 ἐγώ
1227 4146 1366 4215 εἰμι’
1387 4146 1471 4207 ὃτι
1503 4145 1638 4216 πρὸς
1668 4145 1900 4210 πάντας,

318 4233 411 4295 οὓς
439 4234 536 4285 ἐὰν
562 4234 925 4297 ὲξαποστείλω
950 4253 1040 4298 σε,
1083 4237 1355 4308 πορεύσῃ»,
1392 4237 1486 4289 καὶ
1524 4239 1665 4289 κατά
1695 4236 1897 4300 πάντα,

318 4325 419 4378 ὅσα
454 4323 550 4375 ἐὰν
590 4324 910 4394 ἐντείλωμαί
947 4343 1060 4393 σοι,
1109 4327 1383 4397 λαλήσεις.
1415 4348 1434 4379 ι
1469 4328 1534 4379 Τί
1571 4324 1664 4380 οὖν
1698 4329 1806 4397 ἄρα
1835 4327 1900 4380 τὸ

321 4414 507 4467 πλεῖον
541 4415 600 4467 ἐν
620 4413 696 4484 τῷ
723 4415 863 4468 κατὰ
895 4416 1057 4484 φύσιν
1089 4418 1232 4487 Υίῷ,
1258 4419 1503 4472 λαλοῦντι
1529 4419 1596 4472 τὰ
1629 4418 1722 4471 τοῦ
1762 4418 1897 4472 Θεοῦ

321 4507 542 4576 ῥήματα
563 4547 575 4570 ,
618 4506 706 4560 διά
731 4506 792 4558 τὸ
813 4507 1149 4562 ἀπεστάλθαι
1183 4510 1312 4579 παρ’
1346 4510 1512 4565 αὑτοῦ
1539 4528 1552 4574 ;
1605 4510 1899 4580 Προφήτης

319 4599 468 4668 ἡμῖν,
505 4599 582 4660 ὡς
607 4597 784 4651 ἔοικεν
805 4642 818 4662 ,
871 4599 1321 4669 ἀναδειχθήσεται
1347 4601 1508 4656 πάλιν
1531 4642 1544 4664 ,
1589 4603 1682 4655 καὶ
1713 4602 1797 4653 ἓτε
1808 4618 1896 4669 ρον

317 4690 488 4754 οὐδὲν,
519 4692 641 4744 ὅσον
673 4685 806 4761 ἧκεν
822 4691 999 4744 εἰπεῖν
1023 4692 1102 4754 είς
1127 4691 1219 4746 τὸν
1243 4693 1340 4762 τῆς
1376 4692 1654 4756 διακονίας
1674 4694 1894 4762 τρόπον.
1925 4728 1974 4789 D

318 4780 526 4832 Οὐκοῦν
555 4780 615 4833 τὸ
653 4798 671 4832 ι
707 4781 993 4833 ἀπέστειλε
1030 4799 1048 4832 ι
1087 4783 1299 4851 νοήσεις
1329 4785 1386 4834 ὲν
1408 4782 1644 4848 τούτοις,
1685 4782 1718 4852 ἦ
1751 4782 1893 4838 κατὰ

317 4870 406 4921 τὸν
435 4871 532 4940 τῆς
567 4871 1033 4942 ὲνανορωπήσεως
1060 4871 1218 4939 λόγον
1238 4911 1253 4934 ,
1304 4874 1396 4926 καὶ
1420 4875 1517 4944 τὴν
1554 4875 1611 4926 ὲν
1637 4874 1774 4945 τῷδε
1814 4874 1892 4944 τῷ

319 4957 504 5027 κόσμῳ
551 4958 688 5026 μετά
733 4960 935 5030 σαρκὸς
976 4961 1349 5030 ὲπιφοίτησινο
1407 4964 1440 5033 ἢ
1476 4964 1635 5016 πάλιν
1675 4964 1891 5035 ἐκλήψῃ

280 5049 777 5120 ⁸θεοπρεπέστερον
823 5053 917 5105 καὶ
956 5050 1395 5124 ἀξιολογώτερον.
1449 5055 1524 5106 Οὐ
1573 5054 1678 5125 γὰρ
1717 5054 1889 5125 Expu-

314 5139 415 5206 ψεν
453 5140 510 5191 ὲν
550 5139 726 5210 ἑαυτῷ
769 5141 860 5196 τὸν
887 5143 1016 5196 Υίὸν
1055 5146 1083 5197 6
1115 5145 1340 5217 Πατὴρ,
1381 5145 1496 5199 ἀλλ’
1523 5148 1587 5199 ἐκ
1626 5150 1724 5216 τῆς
1760 5148 1894 5210 ἰδίας

316 5231 592 5302 ἐξέλαμψε
624 5231 866 5301 φύσεως,
915 5237 991 5298 ὡς
1033 5240 1095 5292 ὲκ
1128 5240 1306 5309 φωτὸς
1345 5239 1686 5309 ἀπαύγασμα
1707 5277 1722 5301 ,
1757 5240 1897 5292 κατὰ

315 5327 404 5378 τὸν
429 5327 710 5396 ἀφραστόν
734 5346 792 5381 τε
822 5331 914 5382 καὶ
937 5331 1265 5403 ἁνεξήγητον
1294 5333 1392 5402 τῆς
1423 5332 1572 5394 Θείας
1594 5331 1897 5400 γεννήσεως

315 5420 552 5487 τρόπον’
607 5420 636 5472 ὅ
678 5420 748 5491 δὴ
796 5422 890 5475 καὶ
936 5423 1098 5486 αὐτὸς
1146 5426 1279 5494 ἡμῖν
1334 5425 1583 5492 διεσάφει
1642 5423 1818 5490 λέγων
1867 5425 1896 5475 ὁ

317 5511 661 5582 Μονογενής·
718 5531 738 5564 ι
788 5512 929 5581 Ἐγὼ
981 5515 1044 5566 ἐκ
1085 5515 1180 5568 τοῦ
1231 5515 1440 5584 ﬂat-pb;
1489 5514 1746 5585 ἐξῆλθον,
1805 5515 1896 5566 καὶ

320 5601 449 5669 ἥκω.
495 5622 514 5653 ι
572 5603 885 5676 Ἐξελήλυοε
933 5607 1038 5676 γὰρ
1090 5609 1153 5659 ἐκ
1206 5609 1299 5660 τοῦ
1360 5608 1569 5679 ﬂat-:96;
1620 5608 1698 5670 εἰς
1759 5607 1895 5659 ἰδίαν

383 5778 425 5807 ⁵⁸
469 5776 626 5833 Joan.
657 5797 706 5839 ι’,
735 5781 823 5835 '50.
900 5784 942 5812 π
973 5781 1127 5838 Joan.
1169 5800 1255 5840 xiv
1287 5827 1296 5846 .
1332 5785 1381 5839 9.
1464 5785 1504 5813 "
1540 5783 1699 5849 ll.id.,
1745 5784 1829 5837 ll.

1914 5782 1952 5810 ³⁸³
1984 5779 2152 5832 Exod.
2200 5795 2275 5842 ιιι,
2317 5781 2396 5831 10.

2003 3492 2214 3547 dictum
2251 3494 2385 3548 illud
2437 3495 2762 3564 accipiatur,
2819 3495 2952 3564 quid
3009 3495 3194 3564 magni
3251 3495 3470 3550 demum
3523 3505 3578 3551 et

2002 3584 2345 3648 admirabilis
2377 3587 2484 3640 erit
2522 3585 2576 3637 in
2615 3584 2797 3640 Filio?
2829 3587 2909 3639 An
2937 3599 3046 3638 non
3073 3586 3219 3640 enim
3252 3594 3576 3640 sanctorum

2000 3677 2391 3745 prophetarum
2415 3678 2650 3746 quilibet
2676 3678 2842 3732 etiam
2877 3678 3083 3735 missus
3109 3685 3197 3733 est
3223 3692 3253 3731 a
3276 3676 3407 3744 Deo,
3431 3678 3579 3747 ejus-

2001 3784 2108 3839 que
2145 3769 2312 3824 vcrba
2349 3771 2645 3826 manifesta
2695 3771 2861 3825 fecit?
2917 3770 2983 3824 Et
3035 3779 3186 3827 certe
3233 3772 3434 3826 alicubi
3489 3771 3577 3825 di-

2001 3869 2151 3915 ctum
2197 3871 2281 3917 est
2319 3862 2387 3915 ad
2428 3861 2652 3934 Moysen
2688 3878 2978 3918 sacrorum
3028 3865 3381 3933 interpretem
3419 3878 3432 3913 :
3466 3883 3482 3913 ι
3515 3863 3578 3916 Et

2005 3969 2150 4009 nunc
2184 3956 2394 4008 mittam
2420 3963 2474 4009 te
2502 3956 2558 4010 in
2593 3953 2921 4027 Egyptum,
2956 3962 3014 4010 et
3039 3955 3189 4010 dices
3228 3955 3293 4009 ad
3330 3954 3575 4008 Pharao-

2003 4061 2125 4102 nem
2155 4063 2168 4099 :
2200 4045 2322 4102 llaec
2348 4047 2484 4102 dicit
2511 4046 2772 4102 Dominus
2798 4046 2868 4101 “.
2906 4064 2924 4098 ι
2960 4047 3040 4101 Ad
3075 4045 3370 4101 Jeremiam
3395 4053 3576 4098 autem

2003 4137 2413 4193 sanctissimum
2441 4153 2452 4188 :
2481 4155 2500 4190 ι
2535 4137 2653 4193 Noli
2686 4139 2866 4194 dicere
2911 4138 3051 4204 Quia
3083 4138 3272 4208 junior
3297 4153 3397 4206 ego
3431 4152 3574 4200 sum,

2003 4231 2132 4300 quia
2161 4230 2228 4284 ad
2261 4245 2454 4286 omnes
2502 4229 2572 4285 ad
2623 4245 2763 4301 quos
2808 4230 3020 4285 misero
3059 4238 3131 4295 te,
3164 4230 3292 4293 ibis,
3321 4237 3376 4284 et
3421 4227 3577 4297 juxta

2001 4322 2186 4376 omnia
2225 4338 2576 4394 quaecunque
2631 4324 2967 4377 mandavero
3012 4321 3109 4375 tibi
3133 4359 3149 4386 ,
3187 4319 3434 4390 loqueris
3451 4318 3520 4372 ‘°.
3556 4337 3574 4369 ι

2001 4413 2144 4478 Quid
2174 4429 2305 4484 ergo
2335 4415 2457 4482 plus
2494 4423 2577 4469 est
2611 4413 2664 4466 in
2697 4412 2840 4468 Filio
2867 4413 3111 4468 naturali
3155 4413 3251 4482 qui
3280 4412 3374 4468 Dei
3408 4411 3576 4466 verba

2002 4505 2268 4576 loquitur,
2288 4522 2353 4561 ex
2373 4522 2437 4561 eo
2450 4505 2596 4576 quod
2623 4509 2827 4562 missus
2867 4515 2949 4563 est
2969 4507 3039 4561 ab
3064 4504 3228 4576 ipso?
3250 4503 3397 4559 Nihil
3429 4502 3577 4556 aliud

2002 4611 2221 4662 rursus,
2253 4604 2312 4652 ut
2342 4598 2579 4662 videtur,
2611 4611 2778 4668 quam
2799 4596 3066 4667 propheta
3090 4611 3215 4653 esse
3243 4596 3403 4651 nobis
3425 4603 3576 4666 pate-

2003 4689 2099 4752 bit,
2128 4689 2174 4743 si
2210 4688 2278 4743 de
2306 4689 2601 4744 ministerii
2635 4688 2848 4743 ratione
2875 4690 3190 4758 loquamur.
3221 4687 3383 4759 169
3411 4686 3581 4759 Igitur

2003 4781 2092 4834 hic
2126 4798 2146 4830 ι
2180 4780 2352 4845 misit,
2382 4798 2401 4831 ι
2424 4789 2520 4834 aut
2550 4780 2765 4835 ratione
2787 4780 3191 4836 incarnationis
3221 4786 3276 4836 et
3305 4781 3578 4836 adventus

2001 4873 2056 4927 in
2094 4873 2238 4926 hunc
2278 4871 2543 4924 mundum
2579 4887 2706 4925 cum
2755 4886 2942 4939 carne,
2985 4879 3080 4926 aut
3110 4871 3370 4928 diviniori
3399 4884 3452 4929 et
3483 4889 3578 4928 su-

2001 4960 2242 5017 blimiori
2273 4961 2511 5030 quadam
2547 4962 2760 5016 ratione
2811 4961 3077 5032 accipies.
3127 4959 3251 5018 Non
3310 4964 3458 5020 enim
3521 4965 3575 5017 in

2001 5054 2188 5123 seipso
2221 5053 2417 5106 Filium
2460 5052 2622 5106 Pater
2643 5054 2965 5119 occultavit,
2999 5053 3096 5110 sed
3130 5069 3199 5110 ex
3241 5071 3343 5110 sua
3375 5066 3574 5111 natura

2001 5146 2210 5212 eluxit,
2246 5154 2305 5199 ut
2347 5161 2412 5200 ex
2470 5145 2592 5200 lucc
2631 5145 2896 5215 splendor
2952 5147 3157 5201 emicat
3221 5147 3480 5202 iuell‘abili
3526 5153 3580 5198 et

2006 5237 2364 5293 inenarrabili
2393 5237 2593 5293 divinae
2633 5239 3008 5307 generationis
3038 5238 3225 5294 modo.
3269 5238 3424 5302 Quod
3461 5237 3579 5304 ipse

2003 5347 2225 5401 quoque
2264 5331 2427 5385 nobis
2457 5330 2716 5400 exposuit
2751 5330 3103 5403 Unigenitus,
3139 5331 3373 5385 dicens:
3411 5347 3429 5379 ι
3462 5326 3577 5394 Ego

2003 5439 2068 5477 ex
2099 5422 2260 5476 Patre
2293 5423 2460 5488 exivi,
2488 5431 2545 5477 et
2573 5423 2733 5478 venio
2757 5424 2826 5481 “.
2858 5443 2876 5476 ι
2919 5425 3100 5479 Exivit
3146 5422 3292 5474 enim
3321 5435 3386 5472 ex
3418 5418 3578 5472 Patre

2004 5515 2058 5567 in
2091 5515 2369 5583 propriam
2395 5515 2736 5585 hypostasim
2763 5513 2955 5578 Filius,
2981 5516 3108 5568 licet
3139 5513 3192 5565 in
3230 5511 3348 5578 ipso
3384 5510 3461 5562 sit-
3489 5523 3578 5562 se-

2003 5605 2244 5658 cundum
2282 5615 2574 5658 naturam:
2609 5610 2662 5656 ct
2708 5603 2855 5671 quod
2897 5603 2967 5655 ibi
3000 5619 3018 5650 ι
3049 5599 3222 5654 exire,
3265 5616 3282 5647 ι
3316 5597 3573 5662 idipsuui,

2482 5779 2524 5804 ""
2559 5775 2753 5830 Ja-rcm.
2794 5792 2827 5835 ι,
2869 5775 2920 5828 7.
3001 5773 3038 5802 υτ
3077 5768 3231 5822 Joan.
3271 5784 3377 5826 xu.
3419 5769 3500 5820 9.8.
