4090 6266
503 304 608 364 279

1503 316 1562 374 S.
1595 317 1872 373 CYRlLlJ
1918 320 2390 381 ALEXANDRINI
2433 325 2753 396 ΑΒΟΙΙΙΕΡ.

3677 328 3784 390 280

503 422 594 477 hic
624 441 641 474 ι
668 424 898 482 missum
927 444 1073 493 esse,
1103 451 1119 484 ι
1148 431 1442 503 signiﬁcat.
1471 434 1714 492 Verbum
1747 438 1915 506 igitur
1938 441 2083 510 quod

2193 439 2427 512 ὓπαρξιν
2451 445 2480 496 6
2505 445 2654 510 Υἱὸς,
2679 447 2729 498 εἰ
2753 446 2848 499 καὶ
2869 449 2927 500 ἐν
2955 445 3106 517 αὐτῷ
3130 449 3273 502 κατὰ
3299 448 3465 517 φύσιν
3498 447 3615 502 ἐστί
3637 465 3652 479 ⁸
3689 454 3786 507 καὶ

505 531 570 570 ex
605 517 768 574 Patre
801 521 1008 579 elTulsit
1038 535 1092 580 et
1125 526 1373 591 emicuit,
1410 536 1540 598 puta
1573 547 1697 585 cum
1737 532 1882 586 Deus
1918 537 1990 587 sit
2021 534 2089 588 de

507 607 639 673 Deo,
669 609 778 666 Deo
805 616 1271 675 convenientibus
1305 621 1536 678 vocibus
1563 632 1788 679 utetur:
1823 623 1934 680 Deo
1985 639 2086 678 au-

505 711 616 755 tem
662 707 1001 770 conveniunt
1030 726 1152 780 qua:
1184 728 1326 767 νει-τε
1355 722 1488 769 sunt
1523 729 1712 782 voces,
1747 724 1804 771 et
1834 716 1904 770 ab
1936 717 2088 770 omni

507 793 782 850 mendacii
819 797 944 854 labe
970 809 1104 856 sunt
1133 801 1430 859 immunes.
1464 803 1739 870 Quocirca
1775 824 1794 857 ι
1837 807 1932 877 qui
1966 805 2090 862 Sal-

509 885 722 942 vatoris
747 890 1130 946 testimonium
1152 894 1379 965 accipit,
1406 895 1646 967 signavit
1678 896 1808 966 quia
1829 897 1975 954 Deus
1995 913 2088 953 ve-

509 992 604 1030 rax
625 987 729 1035 est.
758 999 777 1033 ι
801 980 898 1040 Est
923 983 1283 1053 enim,‘revera
1305 987 1614 1043 secundum
1637 996 1893 1046 naturam
1919 989 2086 1045 Deus.

2193 535 2332 607 ὅπερ
2379 539 2512 606 ήμῖν
2556 539 2614 592 ἐν
2654 539 2851 610 ἐκείνῳ
2896 538 2957 592 τὸ
3005 540 3243 605 ἐξελθεῖν
3297 542 3577 612 σημαίνει,
3625 543 3787 598 τοῦτο

2196 627 2358 680 πάλιν
2411 629 2648 684 ἐνταῦθα
2703 630 2766 684 τὸ
2820 631 3158 684 ἀπεστάλθαι
3221 631 3392 702 δηλοῖ.
3470 633 3530 686 '0
3582 634 3782 702 τοίνυν,

2196 721 2394 791 φησὶν,
2449 723 2514 774 ἐκ
2558 723 2772 794 Πατρὸς
2816 722 3073 794 πεφηνὼς
3109 741 3170 776 τε
3229 724 3326 776 καὶ
3369 725 3786 797 ἀπεστράφθεὶς

2194 811 2382 880 Δόγος,
2436 812 2532 866 ἆτε
2557 812 2622 885 δὴ
2651 813 2782 878 Θεὸς
2811 815 3075 886 ὑπάρχων
3101 815 3166 868 ἐκ
3197 813 3374 884 Θεοῦ,ε
3399 818 3514 880 τοῖς
3557 817 3638 886 τῷ
3666 818 3786 888 Θεῷ

2197 901 2467 971 πρέπουσι
2501 904 2828 975 κεχρήσεται
2870 904 3084 974 λόγοις·
3121 905 3270 974 λόγοι
3317 906 3373 960 δέ
3415 908 3483 962 ἂν
3525 903 3636 962 εἷεν
3667 909 3786 981 Θεῷ

2193 993 2498 1063 πρέποντες
2523 994 2572 1048 οἱ
2595 995 2838 1064 ἀληθεῖς,
2882 997 2978 1050 καὶ
2996 998 3095 1068 τὴν
3115 995 3222 1050 ἀπὸ
3249 997 3345 1051 τοῦ
3371 999 3662 1068 ψεύδεσθαι
3691 1017 3786 1070 κη·

505 1067 624 1122 λῖδα
659 1088 680 1123 ι
713 1075 1158 1147 παραιτούμενοι.
1209 1078 1419 1132 Οὐκοῦν
1451 1098 1469 1131 ι
1513 1080 1541 1133 6
1565 1078 1858 1150 λαμϐάνων
1888 1078 1985 1134 τοῦ
2019 1079 2272 1151 Σωτῆρος
2304 1083 2402 1153 τήν
2445 1085 2754 1156 μαρτυρίαν
2774 1129 2788 1153 ,
2844 1067 3206 1158 ἐσφράγισεν,
3250 1088 3332 1142 ὃτι
3360 1067 3395 1142 6
3419 1089 3551 1154 Θεὸς
3579 1067 3786 1160 ἀληθής

505 1165 652 1220 ἐστιν
678 1185 691 1199 ·
727 1189 746 1221 ι
775 1169 888 1224 ἐστι
918 1173 1024 1244 γὰρ
1053 1173 1223 1238 ὅντως
1253 1174 1394 1230 κατά
1419 1175 1579 1245 φύσιν
1599 1176 1748 1241 Θεός.

576 1261 662 1326 ΙΙΙ,
695 1263 781 1319 5-1.
824 1263 948 1320 Non
991 1268 1129 1323 enim
1161 1266 1232 1320 ad
1285 1285 1588 1324 mensuram
1644 1269 1737 1324 dat
1790 1270 1928 1326 Deus
1963 1270 2086 1339 Spi—

503 1355 688 1410 ritum.

572 1449 675 1504 Hic
709 1453 1110 1510 attentissimas
1137 1469 1302 1511 aures
1326 1457 1542 1520 adhibe,
1565 1473 1776 1529 quaeso,
1811 1465 1869 1512 ut
1893 1457 2082 1512 nobis-

501 1558 625 1598 cum
657 1558 852 1600 rursus
905 1555 1223 1602 sanctorum
1276 1549 1498 1606 mireris
1559 1551 1906 1623 sapientiam.
1936 1549 2082 1604 Dixit

501 1634 726 1700 Filium,
759 1652 883 1692 cum
923 1655 950 1692 a
981 1638 1092 1696 Deo
1150 1644 1377 1698 missum
1431 1659 1576 1707 esse,
1639 1653 1752 1697 tum
1794 1642 1889 1698 Dei
1925 1643 2088 1698 verba

2268 1273 2349 1324 Οὺ
2377 1270 2488 1339 γὰρ
2515 1269 2583 1324 ἐκ
2602 1270 2826 1340 μέτρου
2857 1271 3068 1328 δίδωσι
3096 1273 3162 1328 τὸ
3193 1274 3458 1344 Πνεῦμα.

2271 1364 2478 1431 Ὀξεῖαν
2529 1365 2765 1435 ὑπόσχες
2809 1365 2926 1419 νυνὶ
2977 1365 3042 1436 δή
3098 1367 3335 1438 μάλιστα
3373 1369 3473 1440 τὴν
3516 1369 3710 1440 ἀκοὴν,
3739 1360 3784 1420 ὧ

2192 1455 2429 1522 γενναῖε,
2453 1453 2540 1506 ἵνα
2568 1453 2633 1523 δὴ
2669 1452 2830 1507 πάλιν
2863 1455 2995 1524 ἡμῖν
3034 1453 3437 1524 συνθαυμάσεις
3461 1455 3571 1508 τῶν
3609 1455 3779 1521 ἁγίων

2191 1547 2290 1618 τὴν
2319 1547 2497 1617 νῆψιν·
2535 1546 2679 1616 Ἔφη
2713 1545 2803 1598 τὸν
2840 1545 2966 1599 Υίὸν
3007 1546 3101 1600 καὶ
3143 1547 3483 1600 ἀπεστάλθαι
3513 1547 3662 1616 παρὰ
3685 1544 3777 1596 τοῦ

2194 1644 2350 1706 Θεοῦ,
2375 1641 2468 1695 καὶ
2497 1642 2566 1696 τὰ
2599 1641 2693 1695 τοῦ
2719 1641 2853 1694 Θεοῦ
2879 1642 3099 1712 ῥήματα
3124 1638 3302 1692 λαλεῖν
3322 1655 3334 1668 ·
3364 1637 3479 1692 ἀλλ’
3512 1635 3783 1689 ὑπαισθά-

503 1729 670 1798 loqui.
705 1728 774 1782 At
803 1728 849 1784 si
882 1731 1058 1800 prima
1087 1731 1265 1788 fronte
1290 1733 1396 1788 vim
1418 1749 1610 1788 eorum
1649 1735 1946 1790 verborum
1965 1735 2084 1803 quis

2193 1735 2344 1789 νεταί
2386 1751 2524 1800 πως,
2567 1735 2690 1788 ὅσον
2738 1729 2873 1804 ἧκεν
2919 1734 2998 1796 εἰς
3034 1731 3132 1802 τὴν
3173 1731 3460 1800 πρόχειρον
3490 1727 3586 1781 τοῦ
3621 1727 3782 1794 λόγου

499 1817 833 1884 consideret,
871 1819 1128 1874 videntur
1177 1837 1302 1877 eum
1350 1823 1404 1877 in
1452 1824 1848 1893 prophetarum
1889 1825 2087 1878 ordine

502 1908 908 1976 quodammodo
943 1918 1209 1978 statuere,
1236 1914 1719 1983 quemadmodum
1767 1915 1934 1986 paulo
1960 1923 2088 1971 ante

503 1999 767 2056 diximus.
801 1999 906 2056 Per
934 2001 1050 2057 hzec
1078 2005 1246 2074 igitur
1281 1993 1462 2074 ipsum
1504 2020 1853 2076 nequaquam
1899 2022 2082 2076 parem

504 2091 576 2147 iis
610 2108 734 2148 esse
778 2094 1040 2158 ostendit,
1078 2104 1131 2152 et
1168 2112 1278 2151 uno
1313 2097 1418 2151 hoc
1461 2097 1621 2168 signo
1654 2097 1814 2154 docet
1854 2098 2084 2152 multum

502 2191 557 2237 et
583 2182 1097 2252 incomparabiliter
1127 2187 1194 2241 ab
1229 2187 1298 2243 iis
1335 2187 1560 2243 distare.
1599 2187 1743 2243 Fieri
1795 2189 1943 2243 enim
1976 2204 2085 2243 non

504 2284 703 2343 potest,
740 2277 938 2345 inquit,
971 2285 1030 2332 ut
1061 2278 1152 2347 qui
1193 2278 1259 2332 ad
1296 2288 1506 2335 certum
1560 2279 1781 2334 modum
1821 2278 2084 2349 Spiritum

503 2367 806 2436 accipiunt,
831 2383 956 2423 eum
983 2369 1141 2425 alteri
1169 2387 1389 2442 quoque
1418 2370 1603 2441 largiri
1639 2370 1872 2440 possint.
1938 2369 2084 2425 Nus-

501 2477 668 2531 quam
701 2463 846 2517 enim
875 2473 1103 2520 sanctus
1135 2475 1330 2522 sancto
1384 2465 1624 2536 Spiritus
1653 2466 1828 2520 sancti
1861 2465 2088 2536 largitor

505 2555 644 2610 fuit:
680 2554 775 2610 sed
803 2571 926 2610 eum
956 2557 1214 2613 omnibus
1243 2557 1311 2614 de
1346 2573 1446 2613 sua
1477 2557 1822 2628 plenitudine
1857 2557 2086 2628 largitur

503 2644 762 2703 Filius".
803 2647 992 2719 Itaque
1029 2665 1138 2704 non
1177 2649 1245 2704 ad
1291 2665 1606 2706 mensuram
1641 2649 1757 2714 dat,
1814 2665 1991 2720 neque
2027 2657 2087 2704 ut

503 2740 602 2804 illi,
625 2749 834 2810 partem
871 2741 1167 2812 quamdam
1202 2743 1456 2812 exiguam
1490 2743 1735 2814 Spiritus
1771 2742 1958 2809 habet,
1998 2742 2085 2797 id-

502 2845 609 2899 que
642 2846 738 2900 per
774 2832 1256 2902 participationem
1287 2853 1299 2887 :
1333 2834 1429 2889 sed
1472 2849 1599 2888 cum
1633 2834 1707 2891 sit
1749 2835 1916 2888 etiam
1971 2834 2086 2904 ipse

502 2923 756 2993 largitor,
796 2924 985 2994 utique
1009 2926 1361 2981 manifestum
1387 2933 1474 2982 est
1501 2926 1656 2981 illum
1683 2936 1858 2982 totum
1883 2926 2086 2982 habere

503 3015 944 3072 substantialiter
983 3018 1039 3072 in
1087 3018 1290 3088 seipso.
1340 3017 1514 3088 Igitur
1543 3017 1638 3089 qui
1673 3026 1886 3074 tantam
1922 3018 2090 3074 habet

2186 1827 2437 1896 δύναμιν,
2477 1827 2815 1897 προφητικὸν
2843 1822 2993 1894 αὐτῷ
3032 1821 3279 1894 περιθεὶς
3318 1821 3379 1874 τὸ
3414 1820 3633 1893 μέτρον,
3674 1819 3782 1872 ὦσ-

2186 1937 2292 1990 περ
2328 1915 2420 1974 οὖν
2451 1919 2546 1973 καὶ
2579 1917 2977 1989 ὅιελαλήσαμεν
3020 1915 3241 1986 ἀρτίως.
3286 1911 3570 1982 Ἀναφέρει
3599 1911 3780 1964 τοίνυν
3836 1914 3837 1917 “

2186 2011 2347 2065 αὑτὸν
2377 2013 2478 2082 τῆς
2519 2010 2658 2083 πρὸς
2701 2010 2944 2073 ἐκείνους
2988 2007 3235 2078 ἰσότητος
3275 2004 3367 2060 διὰ
3412 2005 3637 2068 τούτων,
3684 2005 3782 2056 καὶ

2185 2104 2252 2158 δι’
2279 2103 2396 2168 ἐνὸς
2420 2102 2484 2173 δὴ
2513 2103 2701 2156 τούτου
2736 2101 2966 2172 σημείου
2995 2100 3178 2153 δίδωσι
3219 2099 3380 2160 νοεῖν,
3408 2095 3484 2159 ὡς
3518 2094 3687 2163 πολλὴ
3713 2093 3775 2162 δή

2184 2195 2268 2258 τίς
2300 2194 2439 2258 ἐστι,
2473 2193 2674 2264 μᾶλλον
2706 2193 2761 2246 δέ
2799 2191 2902 2262 ήδη
2949 2190 3043 2256 καὶ
3083 2190 3414 2260 ἀσύγκριτος
3453 2189 3488 2256 ή
3518 2185 3774 2255 διαφορά.

2199 2283 2502 2353 Ἀμήχανον
2537 2280 2664 2351 γάρ,
2694 2281 2848 2351 φησι,
2894 2281 3023 2342 τοὺς
3059 2275 3476 2350 μεμετρημένον
3513 2273 3777 2343 λαχόντας

2185 2375 2245 2427 τὸ
2277 2372 2521 2442 Πνεῦμα,
2569 2372 2674 2438 καὶ,
2695 2371 2869 2444 ἑτέρῳ
2913 2369 3176 2424 δύνασθαι
3225 2366 3386 2421 τοῦτο
3431 2362 3775 2435 χαρίζεσθαιο

2185 2465 2246 2518 οὐ
2285 2465 2392 2537 γὰρ
2434 2465 2588 2534 άγιος
2635 2464 2776 2535 ἁγίῳ
2823 2463 2954 2516 ποτέ
3004 2460 3323 2531 Πνεύματος
3379 2459 3534 2527 ἁγίου
3585 2456 3776 2524 γέγονε

2185 2557 2440 2628 χορηγός
2487 2558 2715 2628 χορηγεῖ
2751 2555 2810 2609 δὲ
2852 2555 3066 2608 πᾶσινό
3101 2553 3250 2617 Υἱὸς,
3284 2552 3361 2614 ὡς
3387 2550 3446 2617 ἐξ
3483 2548 3612 2602 ἰδίου
3641 2547 3779 2618 πλη-

2190 2649 2460 2722 ρώματος.
2488 2648 2694 2703 Οὐκοῦν
2731 2647 2833 2700 οὐκ
2879 2647 2945 2699 ἐκ
2988 2645 3189 2716 μέτρου
3237 2643 3476 2705 δίδωσιν,
3509 2641 3632 2695 ούδέ
3667 2641 3778 2694 ὦσ-

2187 2757 2292 2812 περ
2318 2742 2532 2804 ἐκεῖνοι,
2563 2740 2763 2812 μικράν
2795 2756 2916 2792 τινα
2942 2739 3136 2808 μοῖραν
3166 2735 3278 2806 ἔχει
3306 2734 3400 2789 τοῦ
3435 2735 3778 2805 Πνεύματος,

2187 2837 2280 2889 καὶ
2327 2833 2485 2887 τοῦτο
2537 2829 2930 2903 μεταληπτῶςο
2982 2829 3098 2883 ἀλλ’
3148 2827 3450 2899 ἐπειδήπερ
3492 2825 3776 2896 ἀνεδείχθη

2187 2925 2281 2980 καὶ
2313 2923 2568 2994 χορηγὸς,
2597 2922 2755 2992 δῆλος
2801 2920 2867 2974 ἂν
2912 2917 2999 2989 εἴη
3048 2918 3318 2990 δήπουθεν
3359 2917 3480 2972 ὅλον
3519 2917 3658 2986 ἔχων
3683 2919 3777 2970 ού-

2189 3014 2396 3078 σιωδῶς
2443 3016 2500 3066 ἐν
2545 3011 2743 3083 ἐαυτῷ.
2799 3010 3011 3066 Οὐκοῦν
3057 3014 3086 3065 6
3130 3009 3398 3080 τοσαύτην
3445 3009 3583 3081 ἔχων
3642 3008 3779 3080 πρὸς

505 3122 616 3175 pm
645 3107 753 3162 illis
781 3107 1185 3174 excellentiam,
1214 3125 1324 3164 non
1355 3119 1616 3180 tanquam
1658 3127 1802 3168 unus
1861 3127 1930 3168 ex
1975 3111 2084 3167 illis

2190 3107 2429 3170 ἐκείνους
2456 3103 2554 3177 τὴν
2587 3102 2880 3176 ὑπεροχὴν,
2911 3103 3010 3173 οὑχ
3037 3101 3114 3165 ὼς
3146 3097 3228 3165 εἷς
3271 3101 3331 3168 ἐξ
3371 3101 3591 3155 ἐκείνων
3618 3101 3781 3170 λαλή-

507 3201 762 3268 loquetur
811 3217 933 3270 quae
983 3200 1078 3257 Dei
1130 3213 1279 3269 sunt,
1318 3203 1414 3259 sed
1443 3211 1503 3258 ut
1535 3201 1679 3260 Deus
1713 3203 1986 3260 exsistens
2017 3219 2085 3260 ex

507 3291 638 3356 Deo,
683 3295 1074 3351 convenientes
1130 3293 1240 3351 Deo
1296 3311 1583 3354 sermones
1621 3295 1887 3368 proferet.
1933 3296 2086 3352 Nihil

503 3392 685 3439 autem
739 3388 942 3442 nostrae
984 3387 1252 3444 doctrina:
1296 3388 1496 3444 olliciet
1535 3389 1684 3459 quod
1743 3403 1841 3458 per
1886 3401 2085 3442 manus

504 3477 876 3545 apostolorum
896 3478 1082 3532 datum
1105 3494 1228 3536 esse
1259 3479 1543 3535 nonnullis
1567 3478 1831 3551 Spiritum
1859 3479 2084 3550 quidam

503 3566 851 3621 existimant:
877 3566 1115 3636 Spiritus
1138 3569 1284 3621 enim
1310 3569 1661 3624 invocatores
1693 3569 1876 3638 potius
1915 3583 2080 3638 quam

507 3657 748 3726 Spiritus
794 3658 973 3712 sancti
1029 3660 1189 3728 17o
1231 3659 1524 3728 largitores
1571 3660 1724 3728 ipsos
1758 3660 2079 3716 credimus:

504 3763 632 3803 nam
657 3755 712 3804 et
750 3749 944 3804 beatus
970 3749 1087 3818 ipse
1118 3748 1332 3819 Moyses
1374 3763 1720 3820 nequaquam
1743 3749 1812 3804 de
1842 3765 1945 3804 suo
1971 3749 2083 3818 spi-

505 3841 613 3894 ritu
645 3838 863 3895 aulcrre
892 3840 1084 3910 jussus
1119 3849 1224 3904 est,
1261 3841 1356 3895 sed
1392 3856 1505 3896 sua:
1550 3842 1804 3912 potestati
1846 3841 2084 3898 servavit

505 3929 653 3986 istud
702 3929 865 3997 Deus,
927 3932 1020 4002 qui
1078 3931 1326 4002 praecipit
1373 3931 1593 4002 quidem
1650 3933 1831 4004 ipsum
1883 3933 2086 3990 addere

505 4023 853 4095 septuaginta
886 4023 1056 4092 viros,
1089 4023 1415 4095 promittens
1440 4041 1500 4082 se
1521 4024 1835 4080 ablaturum
1864 4025 1933 4081 de
1958 4026 2083 4096 ejus

505 4118 722 4187 spiritu.
757 4124 812 4172 et
838 4118 1224 4188 impositurum
1251 4119 1333 4174 eis
1360 4118 1425 4173 ⁸³.
1451 4118 1620 4174 Norat
1655 4120 1799 4175 enim
1840 4119 1935 4174 uni
1969 4117 2082 4174 Deo

504 4218 816 4279 competere
875 4225 1070 4266 eorum
1132 4210 1512 4268 faciendorum
1576 4219 1900 4282 potestatem
1961 4225 2084 4283 qua:

508 4302 677 4358 lleum
707 4302 921 4361 decent.

1157 4415 1311 4472 CAP.
1348 4415 1439 4471 IV.

506 4530 658 4596 Quod
686 4540 786 4586 non
822 4536 912 4600 per
942 4533 1403 4601 participationem
1437 4535 1542 4584 sint
1578 4531 1629 4583 in
1665 4529 1801 4583 Filio
1836 4544 1952 4598 qua:
1987 4527 2081 4581 Dei

573 4618 636 4655 ac
675 4601 854 4655 Patris
889 4612 1009 4655 sunt
1041 4603 1291 4672 propria,
1325 4601 1414 4656 sed
1445 4601 1893 4663 substantialiter,
1929 4607 1980 4652 et
2001 4615 2090 4654 se—

573 4673 798 4725 cundum
833 4684 1102 4726 naturam.

572 4763 662 4826 lll,
703 4766 793 4820 55.
819 4765 984 4821 Pater
1019 4766 1192 4836 diligit
1237 4764 1474 4830 Filium,
1513 4775 1563 4820 et
1613 4764 1798 4818 omnia
1840 4763 1988 4816 dedit
2028 4762 2082 4816 in

504 4870 665 4908 manu
684 4853 822 4922 ejus.

574 4945 710 4997 Cum
747 4945 894 4999 enim
930 4946 1133 5002 dixerit
1187 4948 1355 5002 Deum
1418 4945 1614 5002 Filium
1673 4946 1769 5017 qui
1819 4961 1882 5000 cx
1928 4943 2088 4998 Patre

503 5035 710 5091 cﬂ’ulsit
736 5051 845 5090 non
879 5052 1041 5107 posse
1076 5038 1200 5092 aliis
1224 5039 1303 5092 uti
1339 5040 1520 5095 verbis
1552 5054 1716 5108 quam
1744 5037 1949 5106 quibus
1977 5035 2084 5088 Pa-

503 5139 588 5183 tcr
630 5135 841 5190 utatur,
897 5131 1044 5183 veris
1097 5129 1401 5183 nimirum:
1451 5149 1470 5180 ι
1527 5130 1701 5195 Quem
1733 5129 1880 5181 enim
1937 5126 2085 5180 misit

503 5217 671 5282 Deus,
693 5218 859 5273 verba
891 5217 987 5273 Dei
1011 5219 1257 5289 loquitur
1276 5219 1342 5284 ⁸⁵,
1385 5237 1401 5267 ι
1435 5220 1644 5288 inquit;
1682 5216 1998 5272 necessario
2025 5215 2079 5270 id

505 5311 685 5368 fusius
718 5311 968 5382 exponit,
1001 5320 1055 5365 et
1089 5312 1204 5365 ait:
1276 5332 1295 5363 ‹
1341 5311 1502 5367 Pater
1539 5311 1722 5381 diligit
1773 5309 1996 5364 Filium.
2059 5327 2080 5362 ι

503 5400 624 5458 Non
659 5401 1023 5465 ollendemus,
1046 5401 1244 5471 inquit,
1269 5399 1436 5455 Deum
1467 5410 1522 5456 et
1553 5399 1792 5464 Patrem,
1829 5399 1875 5455 si
1900 5415 2088 5470 aequa-

505 5494 610 5547 lem
637 5492 758 5561 ejus
785 5493 924 5548 Filio
952 5493 1215 5548 honorem
1243 5493 1606 5548 exhibeamus
1637 5509 1650 5546 :
1693 5507 1800 5546 non
1839 5490 2082 5546 oll‘ende-

506 5598 652 5648 ntus,
676 5585 720 5639 si
759 5585 978 5652 Filium,
1012 5585 1107 5657 qui
1137 5585 1404 5642 bonorum
1436 5584 1616 5641 Patris
1647 5585 2080 5641 substantialiter

580 5761 624 5793 "
655 5756 808 5814 Joan.
845 5776 879 5827 ι,
919 5761 996 5814 ιο.

1080 5765 1121 5792 ⁸³
1155 5762 1313 5816 Nunt.
1351 5781 1423 5828 xi,
1471 5765 1546 5818 l'i.
1632 5767 1671 5794 "9'
1711 5761 1867 5818 Juan.
1912 5780 1988 5828 ιιι,
2021 5763 2108 5817 51.

2195 3217 2279 3254 σει
2313 3198 2384 3253 τὰ
2424 3198 2575 3270 παρὰ
2605 3195 2762 3260 Θεοῦ,
2801 3195 2916 3249 ἀλλ’
2957 3195 3033 3258 ὼς
3069 3195 3201 3258 Θεὸς
3230 3195 3488 3265 ὑπάρχων
3519 3195 3583 3246 ἐκ
3616 3193 3776 3258 Θεοῦ,

2192 3294 2318 3356 τοὺς
2348 3290 2467 3362 Θεῷ
2512 3292 2818 3364 πρέποντας
2864 3287 3215 3358 ἀνερεύξεται
3259 3287 3470 3356 λόγους.
3511 3288 3775 3340 Ἀντικεί-

2194 3403 2346 3440 σεται
2395 3386 2450 3439 δέ
2495 3387 2606 3449 τοῖς
2661 3384 2971 3456 εἰρημένοις
3019 3383 3292 3455 οὐδαμῶς,
3336 3384 3396 3438 τὸ
3445 3383 3532 3438 διὰ
3580 3385 3780 3455 χειρῶν

2191 3475 2566 3531 ἁποστολικῶν
2588 3475 2827 3529 δεδόσθαι
2852 3475 2914 3528 τὸ
2939 3474 3166 3546 Πνεῦμά
3195 3491 3338 3529 τισιν
3363 3474 3574 3529 οἴεσθαί
3603 3493 3773 3539 τινας·

2191 3567 2736 3638 πνευματοκλήτορας
2764 3567 2893 3637 γὰρ,
2930 3567 3075 3636 ἢπερ
3107 3565 3277 3630 ὄντως
3319 3566 3414 3620 τοῦ
3458 3566 3776 3636 Πνεύματος

2192 3659 2460 3730 χορηγοὺς
2480 3659 2572 3712 τοῦ
2605 3658 2760 3726 ἁγίου
2792 3654 2931 3711 εἶναι
2959 3657 3354 3730 πιστεύσομεν·
3381 3659 3503 3713 ἐπεὶ
3531 3659 3625 3714 καὶ
3653 3660 3784 3712 Μω-

2193 3756 2292 3824 σῆς
2323 3755 2352 3807 ό
2386 3751 2676 3824 μακάριος,
2716 3750 2815 3804 οὐκ
2862 3750 3026 3814 αὐτὸς
3073 3750 3291 3820 ἀφελεῖν
3330 3751 3438 3805 ἀπὸ
3479 3750 3576 3804 τοῦ
3624 3750 3780 3814 ὄντος

2190 3845 2278 3899 ἐπ’
2307 3843 2456 3916 αὐτῷ
2485 3843 2793 3912 πνεύματος
2826 3842 3241 3914 προσετάττετο,
3269 3843 3405 3914 μόνῃ
3446 3842 3504 3895 δὲ
3550 3845 3618 3914 τῇ
3669 3842 3776 3912 ἰδίᾳ

2190 3939 2490 4011 τετήρηκεν
2515 3936 2733 4006 ἐξουσίᾳ
2763 3937 2856 3989 καὶ
2887 3934 3044 3988 τοῦτο
3069 3933 3222 3999 Θεὸς,
3254 3932 3449 4006 χρῆναι
3489 3934 3588 4005 μέν
3612 3933 3780 3987 αὐτὸν

2191 4028 2591 4102 προσϐαλέσθαι
2638 4029 2764 4093 τοὺς
2805 4028 3178 4100 ἐϐδομήκοντα
3209 4027 3413 4097 λέγων,
3461 4027 3682 4096 ἀφελεῖν
3716 4026 3777 4080 δὲ

2190 4119 2297 4174 ἀπὸ
2319 4119 2414 4173 τοῦ
2452 4118 2762 4189 πνεύματός
2791 4117 2888 4172 τοῦ
2916 4119 3003 4171 ἐπ’
3032 4117 3201 4188 αὐτῷ,
3238 4117 3332 4170 καὶ
3371 4117 3652 4188 ἐπιθήσειν
3685 4115 3770 4168 ἐπ’

2190 4211 2373 4273 αὐτοῖς
2405 4207 2852 4279 ὑπισχνούμενος.
2884 4209 3040 4280 ᾝδει
3065 4207 3176 4280 γὰρ
3210 4207 3354 4278 μόνῳ
3389 4207 3620 4278 πρέπειν
3651 4207 3770 4260 ἐπι-

2189 4301 2361 4358 τελεῖν
2390 4300 2469 4372 τῷ
2500 4299 2622 4370 Θεῷ
2652 4299 2721 4353 τὰ
2759 4298 3061 4370 θεοπρεπῆ.

2804 4412 3056 4468 ΚΕΦΔΛ.
3090 4416 3164 4467 Δ¹.

2194 4530 2311 4584 Ὅτι
2344 4530 2416 4582 οὺ
2448 4525 2843 4596 μεταληπτῶς
2874 4526 2944 4580 ἐν
2967 4527 3076 4592 ΥΙῷ
3103 4527 3175 4596 τὰ
3212 4526 3313 4580 τοῦ
3346 4525 3496 4580 Θεοῦ
3529 4526 3625 4579 καὶ
3654 4529 3772 4579 Πα-

2360 4616 2419 4667 τρ
2431 4595 2499 4664 ὁς
2526 4595 2674 4662 ἴδια,
2703 4598 2842 4651 ἀλλ’
2868 4595 3176 4662 οὐσιωδῶς
3209 4597 3360 4650 κατὰ
3393 4596 3601 4664 φύσιν.

2272 4693 2326 4745 '0
2360 4691 2563 4759 Πατὴρ
2592 4688 2795 4760 ἀγαπᾷ
2822 4688 2930 4743 τὸν
2965 4689 3122 4754 Υιὸν,
3158 4688 3258 4744 καὶ
3290 4687 3486 4742 πάντα
3515 4687 3775 4742 δέδωκεν

2183 4762 2254 4815 ἐν
2278 4761 2352 4830 τῇ
2383 4764 2532 4829 χειρὶ
2558 4761 2766 4815 αὐτοῦ.

2258 4852 2476 4922 Ἐπειδὴ
2506 4851 2615 4922 γὰρ
2642 4852 2884 4922 εἴρηκεν,
2925 4853 2998 4915 ὡς
3049 4853 3114 4904 ἐκ
3161 4850 3298 4905 Θεοῦ
3331 4850 3614 4921 πεφηνότα
3642 4849 3774 4901 Θεὸν

2182 4945 2273 4998 τὸν
2304 4943 2430 4995 Υίὸν
2460 4942 2534 5012 μὴ
2579 4941 2786 5014 ἑτέροις
2811 4941 3069 4995 δύνασθαι
3096 4941 3335 5012 χρῆσθαι
3367 4941 3568 5009 λόγοις,
3601 4940 3634 5010 ἢ
3669 4935 3774 4992 οἷσι

2184 5053 2290 5106 περ
2320 5035 2387 5088 ἂν
2416 5034 2682 5104 χρήσαιτο
2726 5035 2820 5088 καὶ
2857 5036 2886 5088 6
2922 5033 3188 5103 γεννήσας
3216 5033 3399 5096 αὑτὸν,
3434 5030 3661 5101 ἀληθέσι
3688 5031 3776 5100 δηο

2191 5125 2322 5195 λαδὴ
2357 5124 2416 5194 (ι
2456 5125 2553 5177 Ὃν
2583 5123 2692 5194 γὰρ
2713 5123 3030 5177 ἀπέστειλεν
3070 5125 3099 5176 ό
3144 5124 3298 5187 Θεὸς,
3337 5123 3408 5176 τὰ
3435 5124 3655 5194 ῥήματα
3681 5120 3773 5176 τοῦ

2189 5216 2324 5272 Θεοῦ
2351 5215 2519 5280 λαλεῖ,
2551 5233 2570 5266 ι
2605 5214 2825 5286 φησίν)·
2854 5214 3164 5282 ἀναγκαίως
3204 5214 3295 5269 διὰ
3339 5214 3447 5268 τῶν
3482 5215 3776 5285 προκειμέ-

2189 5329 2295 5365 νων
2341 5307 2788 5380 ἐπεξεργάξεται,
2839 5305 2932 5359 καί
2975 5323 3159 5378 φησιν·
3197 5325 3216 5358 ι
3257 5307 3316 5360 '0
3351 5305 3543 5376 Πατὴρ
3585 5304 3776 5374 ἀγαπᾷ

2191 5405 2280 5459 τὸν
2307 5405 2457 5458 Υίόν.
2485 5423 2503 5454 ι
2535 5403 2652 5456 Οὐκ
2688 5401 3006 5472 ἁνιάσομεν,
3039 5401 3198 5471 φησι,
3239 5399 3331 5453 τὸν
3369 5400 3503 5453 Θεὸν
3535 5399 3632 5453 καὶ
3665 5400 3776 5450 Ila-

2191 5499 2344 5571 τέρα,
2374 5497 2473 5566 τὴν
2505 5498 2626 5566 ἴσην
2663 5495 2742 5571 τῷ
2767 5492 2828 5558 ἐξ
2856 5493 3019 5548 αὐτοῦ
3059 5492 3372 5563 γεννηθέντι
3405 5489 3775 5561 περιτιθέντες

2189 5595 2372 5663 τιμήψ
2397 5589 2456 5643 ού
2489 5569 2938 5658 προσκρούσομεν
2968 5589 3034 5656 τῇ
3060 5585 3354 5656 θεοτιρειιτεὶ⁹
3383 5580 3780 5653 στεφανοῦντες
