4090 6266
275 344 374 398 ‘28!

1333 305 1434 398 ιῦἶ
1462 339 1747 402 JOANNIS
1771 346 2225 407 EVANGELIUM
2259 350 2388 409 Lm.
2432 353 2499 410 ll.

3459 357 3567 414 εεε

279 457 406 528 δόξῃ
439 455 533 509 τὸν
577 457 690 511 τῶν
726 456 821 510 τοῦ
867 453 1080 526 Πατρὸς
1117 454 1340 523 ἀγαθῶν
1390 459 1668 524 οὐσιωδῶς
1695 461 1882 532 κληρο-

1991 477 2073 522 εει
2092 468 2478 533 haeres,divina
2495 468 2669 538 glorta
2685 479 3050 523 coronamus:
3073 489 3090 518 ι
3119 466 3461 539 Diligitenim
3477 468 3566 524 Fi-

281 552 470 621 νόμονο
508 569 527 600 ι
580 550 798 620 Ἀγαπᾷ
825 550 930 618 γὰρ
966 545 1057 600 τὸν
1092 547 1238 603 Υἰόν.
1272 567 1290 598 ι
1326 549 1536 604 Οὐκοῦν
1576 553 1881 624 ἐφησθήσε-

283 660 375 695 ται
407 641 506 713 μὲν
531 639 872 711 δοξαζομένῳ
909 641 1014 712 πρὸ
1055 640 1168 713 [ΊῬ.
1202 641 1361 714 πρὸς]
1399 642 1578 714 ἡμῶν,
1611 643 1883 717 βαρυνθὴ.

289 750 449 786 σεται
476 732 534 785 δὲ
568 731 704 802 πρὸς
725 730 786 783 τὸ
816 729 1058 783 ἐναντίον
1078 748 1092 760 ·
1135 731 1229 783 καὶ
1257 734 1418 804 μήτις
1447 732 1662 798 οἰέσθω,
1694 735 1882 805 φησιν,

292 827 368 890 ὡς
398 827 518 890 ἑνὸς
545 826 607 897 δὴ
633 825 821 878 τούτου
867 825 964 878 καί
1003 824 1166 895 μόνον
1205 826 1543 898 θεοπρεποῦς
1571 827 1883 900 ἀξιώματος

298 917 628 988 κληρονόμον
666 915 778 987 ἔχει
822 915 914 970 τὸν
964 916 1093 970 ῐδιον
1127 917 1273 972 Υἰόν.
1303 938 1321 970 ι
1358 919 1545 973 Πάντα
1588 918 1698 990 γὰρ
1725 920 1885 976 δέδω-

303 1029 396 1064 κεν
434 1013 490 1063 ἐν
527 1012 592 1081 τῇ
641 1011 784 1081 χειρὶ
826 1009 1019 1064 αὐτοῦ⁹
1059 1029 1080 1064 ι
1113 1011 1258 1065 τοῦτ’
1295 1011 1411 1076 ἔστι
1456 1013 1715 1085 σύμπαν,
1759 1016 1884 1069 ὅσον

297 1102 444 1156 ἐστὶν
499 1102 775 1166 οὐσιωδῶς
828 1103 1032 1171 ἀγαθὸν
1087 1105 1146 1158 ὲν
1196 1106 1374 1176 Ila-cpi.
1394 1145 1410 1170 ,
1451 1104 1609 1160 τοῦτο
1664 1107 1884 1172 πάντως

294 1195 441 1247 ἐστὶν
479 1195 539 1248 ὲν
589 1194 819 1265 δυνάμει
876 1195 975 1258 τοῦ
1021 1196 1172 1251 Υἰοῦ.
1224 1197 1398 1268 Χεῖρα
1438 1198 1547 1272 γὰρ
1578 1200 1638 1253 ὲν
1674 1198 1886 1264 τούτοις

292 1285 556 1356 ὀνομάζει
588 1287 688 1359 τὴν
720 1287 977 1358 δύναμιν,
1007 1287 1193 1360 ὥσπερ
1220 1289 1350 1344 ὅταν
1375 1289 1442 1343 δι’
1474 1291 1594 1355 ἑνός
1618 1308 1723 1345 που
1751 1309 1885 1362 προ-

292 1379 465 1446 φήτου
495 1378 659 1451 λέγῃο
691 1400 709 1432 ι
747 1383 813 1434 Ἡ
842 1381 964 1453 χείρ
1000 1399 1104 1453 μου
1127 1383 1427 1455 ὲστερέωσε
1458 1385 1549 1438 τὸν
1575 1384 1824 1456 οὐρανὸν,
1860 1404 1878 1434 ι

289 1470 411 1522 ἀντὶ
436 1469 532 1523 τοῦ
564 1473 599 1541 ἡ
629 1471 884 1543 δύναμις.
920 1475 1077 1544 Ἔχει
1101 1475 1156 1528 δὲ
1181 1474 1404 1547 σύμπαν
1425 1476 1483 1530 ὲν
1510 1476 1690 1546 ἑαυτῷ
1706 1475 1765 1529 τὸ
1789 1475 1885 1530 τοῦ

291 1559 508 1629 Πατρὸς
560 1559 714 1625 ἴδιον,
737 1561 798 1614 οὐ
838 1562 1218 1634 μεταληπτῶς,
1258 1565 1308 1618 εἰ
1349 1564 1446 1618 καὶ
1477 1564 1765 1618 δεδωκέναι
1794 1564 1916 1617 λὲ·.

291 1666 453 1717 γεται
492 1653 520 1704 ὁ
568 1652 760 1723 Πατὴρ
811 1653 867 1723 (ἢ
912 1654 1021 1726 γὰρ
1071 1655 1138 1709 ἂν
1179 1657 1474 1726 ἐπίκτητον
1518 1656 1652 1728 ἔχοι,
1689 1659 1784 1711 καὶ
1824 1657 1886 1710 οὐ

1986 559 2144 613 lium.
2160 577 2179 609 ι
2206 559 2378 626 Igitur
2394 559 2761 614 oblectabitur
2775 575 2902 614 cum
2923 574 2953 614 a
2970 559 3130 615 nobis
3156 558 3247 614 ille
3264 559 3490 630 gloriam
3513 571 3569 615 et

1985 651 2200 706 laudem
2227 651 2497 721 accipiet;
2527 664 2691 706 secus
2721 665 2875 717 vero,
2901 650 3229 706 otl'endetur.
3255 649 3321 705 Et
3349 666 3417 705 ne
3441 651 3567 721 quis

1987 743 2308 809 arbitretur,
2338 743 2538 813 inquit,
2583 740 2782 797 Filium
2816 741 2966 795 Patri
3010 756 3136 797 esse
3185 741 3345 811 quasi
3402 741 3570 797 unius

1986 836 2159 908 hujus
2185 851 2250 892 ac
2282 836 2459 893 solius
2493 834 2694 891 divinae
2722 834 3013 906 dignitatis
3045 834 3335 890 ham-dem.
3379 853 3396 886 ι
3433 831 3569 888 0m-

1986 931 2077 986 nia
2101 930 2248 986 enim
2277 929 2428 985 dedit
2471 927 2525 982 in
2556 942 2722 982 manu
2756 926 2901 996 ejus,
2955 944 2973 976 ι
3014 925 3116 980 hoc
3147 933 3253 992 est,
3301 924 3570 995 quidquid

1987 1022 2124 1079 boni
2155 1030 2241 1078 est
2271 1023 2327 1076 in
2354 1019 2521 1075 Patre
2549 1017 3015 1081 substantialiter,
3044 1017 3149 1072 hoc
3180 1017 3372 1087 utique
3397 1024 3483 1073 est
3515 1017 3571 1071 in

1990 1123 2262 1185 potestate
2289 1109 2438 1166 Filii.
2458 1109 2678 1166 Manum
2697 1110 2900 1166 etenim
2924 1109 3016 1165 hic
3039 1116 3366 1179 potestatem
3388 1117 3569 1175 vocat,

1989 1218 2048 1263 ut
2073 1221 2200 1262 cum
2227 1221 2327 1278 per
2359 1219 2529 1259 unum
2571 1202 2892 1275 prophetam
2924 1201 3002 1255 ait
3039 1200 3281 1256 alicubi:
3321 1219 3339 1252 ι
3377 1199 3572 1253 Manus

1988 1312 2108 1354 mea
2141 1296 2382 1351 ﬁrmavit
2406 1295 2608 1351 cmlum
2631 1295 2702 1359 ",
2741 1311 2758 1346 ι
2789 1293 2842 1348 id
2879 1301 2983 1356 est,
3016 1292 3192 1346 virtus
3222 1305 3364 1345 mea.
3401 1289 3572 1345 Habet

1991 1397 2175 1444 autem
2210 1387 2386 1444 Filius
2420 1389 2476 1444 in
2528 1387 2711 1458 seipso
2760 1385 3029 1456 quidquid
3074 1390 3162 1439 est
3219 1382 3400 1438 Patris
3439 1396 3570 1452 pro-

1987 1482 2194 1551 prium,
2245 1495 2357 1534 non
2407 1493 2505 1549 per
2546 1476 3047 1548 participationem,
3109 1474 3327 1528 tametsi
3395 1472 3560 1527 Pater

1989 1571 2211 1626 dedisse
2253 1584 2473 1640 quoque
2514 1568 2718 1624 dicitur
2770 1565 3018 1637 (alioqui
3074 1565 3220 1619 enim
3275 1562 3570 1617 ascititiam

1990 1663 2239 1727 haberet,
2269 1676 2380 1716 non
2398 1666 2592 1715 autem
2629 1659 2935 1714 naturalem
2983 1655 3326 1724 deitatem);
3366 1656 3460 1710 sed
3498 1654 3571 1708 ita

293 1741 536 1813 φυσικὴν
561 1745 662 1815 τὴν
693 1743 947 1815 θεότητα)
971 1761 985 1775 ⁸
1024 1745 1208 1800 δίδωσι
1237 1747 1295 1801 δὲ
1330 1747 1504 1812 οὕτως
1537 1749 1568 1800 ὁ
1592 1749 1783 1821 Πατὴρ
1811 1749 1887 1821 τῷ

1991 1751 2177 1806 omnia
2217 1764 2317 1804 sua
2355 1748 2449 1804 dat
2488 1747 2629 1802 Filio
2675 1746 2860 1811 Pater,
2909 1743 3374 1815 quemadmodum
3405 1741 3570 1795 etiam

296 1831 415 1902 Υἰῷ
449 1810 632 1887 παντα
658 1834 728 1888 τὰ
772 1810 990 1901 ὲαύτοῦ,
1024 1837 1334 1908 ὡσπερανεί
1375 1810 1786 1912 καί-ἄνθρωπός
1811 1810 1887 1912 τῶ

1991 1844 2158 1900 homo
2186 1842 2375 1913 genito
2395 1857 2463 1897 ex
2494 1856 2553 1898 se
2586 1839 2700 1895 lilio
2735 1810 2978 1894 tribuere
3006 1843 3263 1892 censetur
3302 1833 3572 1906 quidquid

299 1925 362 1992 ἐξ
386 1926 555 1980 αὐτοῦ
583 1927 741 1996 φῦντι
768 1929 921 1986 παιδί
959 1929 1159 1984 διδόναι
1194 1933 1366 1984 νοοῖτο
1395 1931 1464 1986 τὰ
1490 1933 1592 2002 τῆς
1611 1932 1890 2003 ἀνθρωπό-

297 2034 461 2087 τητος
511 2018 618 2072 ῐδια
673 2019 706 2089 ἥ
751 2018 1065 2091 ὡσπερανεὶ
1111 2022 1206 2076 καὶ
1253 2023 1314 2076 τὸ
1359 2023 1471 2095 πῦρ
1507 2026 1572 2095 τῇ
1613 2025 1672 2090 ἐξ
1723 2026 1887 2080 αὐτοῦ

297 2110 421 2160 κατ’
447 2108 728 2179 ἐνέργειαν
773 2111 1039 2184 προῖούσῃ
1090 2111 1384 2185 θερμότητι
1433 2114 1632 2169 διδόναι
1677 2117 1888 2184 λέγοιτο

291 2198 395 2268 τῆς
425 2199 564 2263 ἰδίας
601 2199 816 2269 φύσεως
861 2204 922 2256 τὸ
965 2203 1181 2274 ἰδίωμα.
1219 2207 1306 2258 Ἐν
1354 2206 1412 2260 δὲ
1446 2209 1558 2271 τοῖς
1603 2209 1885 2276 τοιούτοις,

294 2291 387 2344 καὶ
413 2291 475 2344 τὸ
509 2296 811 2364 παρασχεῖν
855 2297 968 2358 τοῖς
1011 2296 1344 2368 παρέχουσιν
1373 2298 1604 2370 ἀζήμιον
1630 2316 1642 2328 ·
1668 2301 1730 2354 οὐ
1777 2301 1888 2372 γὰρ

297 2381 436 2435 κατὰ
475 2384 743 2454 μερισμὸν
791 2385 826 2456 ἢ
869 2386 1156 2458 ἀποκοπὴν
1201 2387 1312 2442 τῶν
1360 2389 1696 2462 παρέχεσθαι
1739 2409 1888 2446 νοου-

299 2475 534 2546 μένωνὴ
569 2476 685 2541 ὁδός
705 2491 720 2506 ·
759 2480 869 2532 »καὶ
919 2480 1052 2534 αὐτὸ
1097 2480 1157 2534 δὲ
1210 2482 1273 2536 τὸ
1313 2481 1462 2550 δόξαι
1507 2483 1728 2550 λαϐεῖν,
1772 2487 1891 2549 τοῖς

297 2567 556 2622 λαϐοῦσιν
593 2570 1028 2643 ἀκατηγόρητον.
1057 2571 1160 2627 Διὰ
1197 2573 1308 2646 γὰρ
1338 2574 1500 2644 μόνον
1525 2576 1586 2630 τὸ
1615 2575 1687 2642 ἐξ
1717 2573 1790 2633 οὗ
1819 2577 1889 2632 τὰ

297 2658 523 2714 τοιαῦτα
565 2660 801 2730 λέγεται,
842 2664 938 2716 καί
990 2665 1195 2737 φυσική
1237 2683 1343 2734 τις,
1394 2667 1460 2720 ἶν’
1511 2666 1686 2733 οὕτως
1724 2668 1886 2734 εἴπω,

300 2751 520 2823 ποιότης
563 2752 672 2808 τῶν
711 2754 1024 2823 γεννώντων
1067 2760 1269 2811 νοεῖται
1319 2758 1387 2812 τὰ
1439 2759 1781 2831 γεννώμενα,
1827 2762 1890 2815 τὸ

302 2843 354 2896 τί
379 2845 496 2898 ἐστι
523 2847 646 2900 κατ’
673 2847 861 2902 οὐσίαν
894 2849 956 2902 τὸ
982 2849 1188 2918 γεννῶν
1215 2851 1563 2920 ἐκφαίνοντα,
1592 2855 1687 2908 καὶ
1719 2871 1891 2909 κατα-

305 2933 688 3006 λαμπρύνοντα
708 2938 810 3009 τῆς
839 2938 1044 3003 οἰκείας
1070 2941 1256 3012 πηγῆς
1293 2941 1394 3013 τὴν
1438 2943 1580 2997 κατὰ
1620 2946 1784 3014 φύσιν
1809 2947 1890 2999 ἐν-

308 3027 542 3098 ἑργειαν.
570 3031 682 3084 Καὶ
709 3031 881 3086 ταῦτα
908 3032 1008 3103 μὲν
1044 3032 1229 3097 πάλιν,
1261 3033 1338 3098 ὡς
1379 3035 1472 3088 ἐπὶ
1518 3037 1890 3108 παραδειγμὰ-

1992 1935 2277 2007 proprium
2302 1941 2386 1988 est
2415 1939 2628 1986 natura:
2662 1930 2946 1994 humanae,
2975 1933 3072 1981 aut
3124 1927 3273 1981 sicut
3312 1924 3456 1996 ignis
3479 1939 3572 1978 co-

1990 2026 2094 2081 lori
2124 2040 2191 2082 ex
2219 2037 2280 2079 se
2315 2031 2442 2078 actu
2473 2021 2796 2092 procedenti
2830 2033 2893 2074 ea
2917 2033 3041 2090 quae
3071 2024 3281 2072 natura:
3304 2031 3416 2071 suae
3445 2029 3572 2084 pro-

1989 2118 2109 2190 pria
2138 2123 2270 2174 sunt
2302 2116 2545 2171 tribuere
2565 2114 2789 2170 dicitur.
2814 2113 2874 2169 ln
2906 2111 2996 2168 his
3018 2119 3224 2176 autem,
3259 2109 3395 2163 dare
3418 2107 3572 2162 danti

1990 2211 2126 2267 nihil
2155 2211 2347 2266 obest:
2386 2222 2491 2265 nec
2527 2207 2675 2263 enim
2722 2204 3054 2261 divisionem
3114 2210 3209 2256 aut
3259 2203 3562 2257 sectionem

1991 2305 2082 2361 hic
2115 2305 2404 2376 patiuntur
2429 2319 2494 2359 ea
2531 2317 2655 2373 quae
2691 2300 3007 2362 traduntur,
3045 2305 3100 2352 et
3137 2295 3285 2366 quod
3323 2294 3573 2362 accipere

1990 2398 2230 2461 videtur,
2265 2393 2667 2467 accipientibus
2703 2389 2959 2448 dedecori
3013 2387 3150 2444 verti
3190 2384 3400 2454 nequit.
3448 2382 3574 2438 llaec

1989 2491 2135 2547 enim
2167 2489 2307 2544 nihil
2335 2487 2484 2542 aliud
2519 2499 2684 2557 quam
2715 2499 2782 2540 ex
2811 2482 2967 2552 171
3005 2494 3116 2550 quo
3162 2475 3492 2549 signiﬁcant,
3520 2484 3574 2530 et

1989 2580 2285 2644 naturalis,
2321 2585 2382 2633 ut
2414 2577 2491 2632 ita
2523 2576 2725 2636 dicam,
2759 2571 3142 2644 generantium
3175 2567 3415 2638 qualitas
3440 2580 3573 2620 cen-

1990 2681 2183 2730 sentur
2211 2683 2339 2726 esse
2372 2681 2438 2723 ea
2466 2680 2589 2737 quae
2612 2665 2940 2736 gignuntur,
2971 2674 3096 2715 cum
3131 2657 3412 2729 explicent
3439 2652 3572 2726 quid

1991 2767 2293 2823 secundum
2318 2762 2689 2821 substantiam
2714 2760 2785 2815 sit
2809 2758 2864 2813 id
2888 2755 3036 2827 quod
3087 2755 3356 2826 gignitur,
3396 2761 3454 2807 et
3484 2749 3572 2806 sui

1994 2858 2161 2914 fontis
2185 2857 2494 2913 naturalem
2519 2851 2897 2925 operationem
2930 2849 3223 2902 illustrent.
3251 2845 3430 2914 Atque
3457 2843 3573 2896 haec

1992 2951 2156 3006 ducta
2188 2947 2409 3020 quidem
2458 2946 2528 3002 ab
2574 2941 2842 3012 exemplis
2895 2937 3299 2997 similitudine:
3355 2933 3451 2990 sed
3483 2933 3574 2990 his

1991 3042 2174 3113 major
2196 3049 2286 3098 est
2329 3039 2478 3095 Deus
2509 3037 2742 3094 scilicet.
2775 3033 2888 3090 Nec
2946 3030 3152 3087 idcirco
3202 3025 3432 3083 rationis
3469 3025 3575 3080 hu-

301 3136 430 3216 των,
457 3121 712 3216 ανωτέρω
739 3122 797 3176 δὲ
827 3123 1032 3178 τούτων
1064 3123 1302 3196 δηλονότι
1333 3125 1486 3191 Θεός.
1507 3127 1609 3182 Διά
1628 3146 1709 3183 τοι
1731 3128 1887 3184 τοῦτο

1993 3149 2170 3189 mana:
2219 3129 2536 3188 accusanda
2592 3137 2678 3185 est
2711 3125 3064 3182 imbecillitas
3095 3141 3109 3178 :
3148 3141 3166 3174 ι
3205 3119 3394 3177 Gloria
3428 3117 3571 3173 enim

298 3212 364 3265 τὸ
405 3212 767 3284 ἀνθρώπινον,
805 3215 1136 3272 ἀσθενοῦντα
1175 3216 1332 3285 λόγον
1363 3219 1464 3273 οὐκ
1503 3220 1883 3292 αἰτιασόμεθα.

305 3321 326 3354 ι
368 3303 505 3368 Δόξα
549 3304 660 3377 γὰρ
699 3305 903 3377 Κυρίου
953 3308 1188 3378 κρύπτει
1239 3309 1418 3379 λόγον,
1454 3329 1473 3362 ι
1513 3311 1658 3366 καθὰ
1692 3313 1888 3386 γέγρα-

301 3412 456 3448 πται.
485 3397 596 3449 Καὶ
622 3397 672 3450 εἰ
712 3396 984 3469 βλέπομεν
1005 3399 1071 3452 δι’
1097 3400 1366 3472 ἐσόπτρου
1414 3403 1510 3456 καὶ
1540 3402 1886 3474 αἰνίγματος,

303 3488 397 3540 καὶ
426 3488 652 3560 νοοῦμεν
681 3489 746 3542 ἐκ
777 3490 996 3562 μέρους,
1031 3491 1147 3556 πῶς
1173 3493 1240 3546 ἂν
1283 3493 1404 3565 οὐχὶ
1451 3494 1632 3567 πολλῷ
1667 3495 1732 3568 δὴ
1767 3513 1889 3566 μει-

305 3580 476 3644 ζόνως
508 3583 620 3644 τοῖς
643 3581 731 3634 διὰ
749 3581 999 3652 γλώττης
1031 3583 1400 3655 ἀτονήσαιμεν
1433 3587 1708 3657 ρήμασινς
1743 3587 1889 3658 Νοή-

305 3688 418 3735 σεις
443 3671 728 3743 τοιγαροῦν
761 3671 1023 3738 εὐσεϐῶς,
1073 3673 1107 3746 ἢ
1158 3677 1298 3730 κατὰ
1334 3676 1524 3732 τοῦτον
1567 3680 1659 3733 τὸν
1685 3679 1888 3751 τρόπον

303 3765 364 3816 ab
396 3765 574 3818 πάντα
601 3765 846 3820 δεδόσθαι
895 3769 1048 3837 παρὰ
1091 3769 1305 3842 Πατρὺς
1353 3771 1432 3843 τῷ
1473 3772 1673 3843 Υἰῷοῆ
1720 3789 1890 3844 παρα·

304 3855 451 3928 λήψῃ
483 3856 644 3911 πάλιν
670 3858 770 3929 τῆς
804 3859 944 3930 μετὰ
989 3861 1188 3932 σαρκὸς
1233 3864 1548 3936 οἰκονομίας
1576 3865 1667 3918 τὸν
1711 3865 1890 3934 λόγον,

303 3949 488 4003 οὐκέτι
543 3950 606 4003 τὸ
652 3950 878 4016 δοῦναι,
922 3955 1018 4006 καὶ
1069 3954 1287 4023 λαϐεῖν,
1339 3956 1433 4010 ἐπὶ
1481 3955 1592 4010 τῶν
1644 3957 1892 4027 φυσικῶν

1994 3225 2213 3282 Domini
2246 3224 2388 3280 celat
2423 3221 2676 3287 verbum,
2736 3238 2755 3272 ι
2801 3227 2862 3272 ιιι
2917 3216 3184 3286 scriptum
3215 3219 3300 3268 est
3315 3213 3385 3266 ³⁸.
3417 3208 3575 3275 Quod

1995 3319 2045 3375 si
2080 3332 2178 3388 per
2223 3313 2507 3386 speculum
2540 3310 2793 3367 videmus
2825 3315 2881 3363 et
2906 3306 3160 3376 aenigma,
3196 3309 3253 3358 et
3286 3295 3574 3369 cognosci‘

1995 3385 2118 3464 mus
2149 3422 2217 3462 ex
2241 3385 2418 3476 parte,
2446 3395 2726 3474 quomodo
2755 3414 2862 3454 non
2892 3396 3067 3451 multo
3087 3391 3264 3464 magis
3293 3403 3394 3445 nos
3412 3385 3576 3441 verba

1995 3497 2294 3557 deﬁcient?
2325 3499 2434 3551 Aut
2463 3495 2632 3568 igitur
2671 3492 2758 3562 pie
2780 3489 3052 3560 intelliges
3081 3486 3185 3541 hac
3209 3484 3424 3540 ratione
3450 3479 3578 3534 data

1994 3606 2119 3648 esse
2152 3606 2183 3645 a
2215 3588 2379 3644 Patre
2407 3592 2608 3643 cuncta
2649 3581 2791 3636 Filio
2837 3599 2849 3633 :
2893 3585 2989 3632 aut
3020 3577 3086 3630 ad
3140 3570 3577 3629 incarnationem

1996 3683 2145 3740 istud
2172 3681 2401 3746 referes,
2432 3679 2508 3733 ita
2540 3682 2601 3730 ut
2632 3687 2742 3729 non
2792 3670 2905 3740 jam
2942 3666 3093 3730 dare,
3138 3673 3192 3718 et
3223 3661 3476 3728 accipere,
3511 3654 3581 3709 de

1997 3774 2349 3832 naturalibus
2413 3766 2850 3842 proprietatibus
2913 3759 3296 3828 intelligatur,
3350 3750 3445 3806 sed
3507 3745 3582 3842 de

1998 3884 2214 3927 summa
2249 3867 2343 3923 illa
2381 3840 2506 3919 Filii
2527 3840 2703 3933 supra
2734 3866 3022 3914 creaturas
3045 3863 3238 3907 omnes
3257 3840 3579 3906 eminentia,

2000 3968 2060 4012 ut
2092 3971 2312 4012 rursum
2344 3951 2554 4023 aliquid
2581 3945 2896 4007 istiusmodi
2924 3935 3106 3999 mente
3136 3937 3344 4008 capias.

307 4044 613 4114 ἰδιωμάτων
639 4044 980 4115 εἰσφέροντα,
1003 4047 1119 4102 ἀλλ’
1141 4049 1234 4103 ἐπὶ
1261 4051 1328 4121 τῇ
1359 4049 1502 4104 κατὰ
1535 4022 1755 4106 πάντων
1779 4051 1888 4106 τῶν
1923 4050 2167 4124 γενητῶν
2195 4047 2415 4119 ἐξουσίᾳ
2440 4022 2660 4101 τιθέντα
2682 4043 2775 4096 τὸν
2798 4038 2948 4105 Υἱὺν,
2984 4035 3072 4089 ἵνα
3114 4030 3276 4086 πάλιν
3338 4025 3466 4095 νοῇς
3525 4022 3589 4075 τὸ

303 4135 568 4190 τοιοῦτον.

391 4229 448 4280 Ὀ
476 4228 680 4296 Πατὴρ
715 4228 916 4298 ἀγαπᾷ
951 4232 1058 4286 τὸν
1090 4232 1247 4299 Υίὸν,
1279 4233 1380 4288 καί
1411 4235 1605 4290 πάντα
1634 4235 1898 4290 δέδωκεν·

304 4321 381 4374 ἐν
415 4318 491 4387 τῇ
517 4318 666 4386 χειρὶ
696 4321 900 4377 αὐτοῦ.

380 4412 473 4482 Μὴ
504 4411 977 4476 ἀπαυθαδιξέσθω,
1002 4414 1187 4484 φησὶν,
1219 4415 1248 4468 ὁ
1288 4416 1567 4490 δυσήκοος,
1611 4417 1900 4490 ἄνθρωπον

2076 4230 2250 4286 Pater
2294 4224 2472 4296 diligit
2518 4219 2744 4284 Filium,
2792 4223 2843 4269 et
2889 4210 3069 4268 omnia
3114 4205 3259 4261 dedit
3305 4205 3362 4258 in
3419 4215 3584 4254 manu

2000 4339 2138 4379 eius.

2022 4342 2138 4378 eus.

2022 4342 2154 4471 JNe
2210 4423 2504 4469 contumax
2552 4405 2626 4461 sit
2681 4397 3027 4460 incredulus,
3081 4389 3285 4461 inquit,
3341 4383 3584 4442 universi

311 4475 473 4574 δρῶν.
491 4501 583 4555 τὸν
611 4502 865 4556 ἁπάντων
906 4475 1124 4574 κύριον,
1157 4475 1292 4576 μηδὲ
1316 4475 1584 4578 νομιζέτω
1606 4475 1887 4578 ψεύδεσθαι

2005 4509 2288 4566 dominum
2320 4501 2600 4558 hominem
2637 4493 2868 4559 videns,
2899 4502 3078 4558 neque
3119 4483 3223 4540 sibi
3259 4475 3588 4552 persuadeat

311 4597 412 4668 τὴν
440 4595 722 4666 ἀλήθειαν,
766 4594 828 4648 τὸ
875 4599 1073 4667 χρῆναι
1106 4575 1392 4653 πιστεύειν
1420 4599 1496 4662 ὡς
1529 4575 1648 4671 Θεῷ
1679 4601 1768 4653 διὰ
1801 4601 1887 4671 τὴι

2008 4600 2235 4659 mentiri
2257 4597 2569 4658 veritatem,
2592 4589 2788 4646 nolens
2814 4585 2864 4640 ei
2899 4591 2960 4638 ut
2985 4581 3094 4635 Deo
3119 4575 3342 4632 credere
3365 4576 3589 4671 propter

318 4649 495 4757 σᾱίρκα
511 4649 980 4758 ιιταραιιίούμενοῖς.⁸
993 4649 1370 4761 Δεχέσθωγτην
1578 4649 1704 4762 ρἷν

2009 4707 2257 4750 carnem.
2319 4687 2572 4758 Accipiat
2621 4682 2745 4752 ejus
2809 4672 3226 4736 testimonium,
3279 4673 3333 4723 et
3380 4661 3590 4719 lubenti

319 4756 810 4850 κατασφραγιςέτω
861 4779 918 4833 δὲ
972 4756 1406 4851 προθύμως,
1447 4756 1487 4836 δ’
1527 4756 1659 4847 Θεὸς
1695 4783 1887 4855 ἀληθής

2011 4785 2196 4840 animo
2241 4756 2496 4851 obsignet
2534 4776 2704 4830 Deum
2761 4784 2888 4826 esse
2943 4777 3217 4825 veracem,
3265 4775 3333 4814 ne
3371 4756 3589 4810 Patrem

318 4872 484 4934 ἐστιν,
521 4849 608 4923 ἵνα
651 4872 725 4941 μὴ
781 4871 924 4943 λυπῇ
968 4849 1061 4924 τδν
1105 4849 1164 4923 ὲν
1208 4873 1321 4935 τοῖς
1367 4873 1612 4944 οὐρανοῖς
1663 4849 1884 4945 Πατέρα

2013 4876 2254 4932 oﬂ‘endat
2308 4849 2402 4943 qui
2458 4871 2512 4925 in
2567 4867 2725 4924 caelis
2795 4870 2901 4919 est.
2956 4857 3143 4928 Diligit
3201 4853 3346 4910 enim
3389 4849 3591 4945 Filium

335 4963 547 5032 Ἀγαπᾷ
586 4937 828 5033 γάρ’τδν
878 4937 1006 5018 ἴδιον
1048 4964 1208 5018 Υἰόν·
1263 4937 1534 5030 ἀπόδεὶξις
1580 4967 1635 5020 δὲ
1686 4968 1785 5039 τῆς
1814 4937 1887 5020 ἐι.

2014 4983 2196 5026 ειιιιιιι.
2257 4965 2430 5034 Cujus
2478 4958 2794 5017 dilectionis
2850 4959 3231 5025 argumentum
3292 4956 3396 5009 est,
3449 4937 3593 5012 quod

321 5054 485 5109 αὐτὸν
523 5055 761 5127 ἀγάπης,
801 5057 863 5110 τὸ
906 5057 1124 5112 πάντων
1165 5058 1314 5130 αὐτῷ
1358 5058 1591 5113 δίδοσθαι
1621 5035 1887 5131 τὴντὲξου

2016 5071 2200 5114 rerum
2227 5055 2475 5112 omnium
2511 5059 2758 5122 potestas
2791 5048 2840 5102 ei
2873 5048 2998 5100 data
3027 5051 3150 5108 est;
3185 5037 3330 5112 quod
3374 5035 3593 5108 quidem

327 5148 470 5200 σίαν.
505 5147 572 5198 Ὃ
602 5145 665 5214 δὴ
715 5149 808 5200 καὶ
854 5149 1016 5214 αὐτὸς
1057 5149 1298 5220 ἔφασκεν
1339 5153 1368 5205 ὁ
1405 5152 1629 5222 Σωτήρ·
1725 5152 1887 5205 Πάντι

2021 5147 2277 5205 Salvator
2312 5147 2428 5218 ipse
2453 5143 2711 5200 dicebat:
2755 5159 2772 5192 ι
2818 5137 3014 5195 Omnia
3049 5134 3183 5190 mihi
3233 5130 3435 5186 tradita
3469 5130 3597 5181 sunt

330 5256 418 5310 μοι
475 5236 748 5308 παρεδόθη
790 5237 894 5290 ὐπὸ
943 5240 1036 5293 τοῦ
1085 5215 1299 5313 Πατρός
1345 5260 1467 5313 μου.
1509 5215 1670 5297 {kal
1715 5243 1877 5297 πάλιν

2019 5257 2051 5297 a
2080 5240 2242 5296 Patre
2275 5215 2398 5293 meo
2415 5238 2481 5292 ⁸⁷.
2524 5253 2542 5287 ι
2602 5233 2734 5288 Item
2769 5249 2783 5287 :
2861 5250 2881 5283 ι
2924 5229 3060 5284 Data
3117 5233 3206 5282 est
3247 5221 3382 5278 mihi
3415 5215 3597 5272 omnis

334 5350 351 5381 ι
401 5329 588 5400 Ἐδόθη
638 5347 729 5401 μοι
764 5331 914 5384 πᾶσα
956 5330 1190 5399 ἐξουσία,
1225 5335 1283 5390 ἐν
1329 5351 1390 5388 τε
1432 5335 1668 5406 οὐρανῷ,
1700 5337 1794 5389 καὶ
1823 5338 1887 5390 Et:

2019 5341 2271 5406 potestas
2297 5372 2313 5397 ,
2343 5331 2400 5385 in
2431 5328 2572 5385 ccelo
2612 5334 2668 5381 et
2698 5325 2753 5379 in
2790 5333 2937 5379 terra
2960 5321 3029 5372 ⁵⁸.
3085 5337 3103 5369 ι
3143 5317 3332 5384 Neque
3365 5321 3498 5363 vero
3530 5320 3596 5359 ει

331 5423 428 5490 τῆς
459 5422 582 5494 γῆς.
629 5441 648 5475 ι
673 5422 784 5475 Καὶ
813 5422 873 5500 οὐ
899 5421 1070 5493 δήπου
1101 5425 1190 5479 διὰ
1215 5427 1276 5479 τὸ
1308 5426 1458 5494 δόξαι
1492 5401 1678 5480 λαϐεῖν
1712 5428 1742 5480 ὁ
1766 5427 1887 5491 Υἱὸς

2019 5401 2086 5485 eo
2121 5425 2269 5498 quod
2317 5424 2568 5494 accipere
2607 5420 2780 5475 Filius
2826 5415 3065 5478 videtur,
3112 5409 3236 5500 jure
3285 5401 3506 5500 idcirco.
3543 5403 3599 5449 ut

335 5490 567 5583 εὐλόγως
600 5513 666 5568 ἂν
707 5516 784 5579 ὡς
833 5490 1076 5569 ἐλάττων
1112 5516 1218 5570 ὑπό
1263 5534 1358 5571 του
1381 5490 1792 5589 νκατηγοροίτο·
1826 5490 1887 5572 κα

2022 5490 2292 5573 minorem
2351 5490 2501 5567 illu-m
2535 5525 2755 5580 arguas.
2775 5505 2921 5573 Quid
2979 5500 3090 5556 ita?
3139 5490 3370 5560 Accepit
3423 5490 3594 5549 enim,

337 5607 514 5671 διατί;
565 5609 841 5680 Λαμϐἀνει
895 5607 1025 5680 γὰρ,
1080 5609 1167 5662 ὅτε
1221 5609 1442 5679 γέγονεν
1496 5587 1798 5683 ἄνθρωπος,
1829 5610 1887 5663 ὅτ

2027 5624 2152 5665 cum
2207 5607 2388 5662 factus
2419 5610 2506 5660 est
2549 5601 2735 5666 homo,
2779 5612 2904 5653 cum
2943 5591 3179 5660 seipsum
3221 5588 3444 5656 propter
3503 5587 3602 5630 nos

408 5802 450 5832 "
485 5802 628 5858 Psal.
667 5818 838 5867 χχχιι,
871 5804 920 5858 2.
1001 5803 1044 5834 ⁵⁵
1077 5803 1233 5859 Prov.
1278 5818 1405 5869 xxv,
1436 5803 1489 5856 εν..
1569 5803 1611 5835 ⁸⁷
1651 5801 1846 5856 Matth.
1883 5817 1887 5852 λ

1991 5796 2080 5850 27.
2162 5794 2206 5827 ‘3
2244 5791 2434 5848 Matth.
2474 5798 2666 5847 utrm,
2703 5781 2786 5835 18.
