4090 6266
298 380 403 442 285

1360 384 1429 439 ΙΝ
1463 386 1750 443 JOANNIS
1784 385 2232 444 EVANGELIUM
2282 386 2410 443 LIB.
2445 386 2508 444 ll.

3458 388 3567 446 286

298 517 333 553 α
341 499 448 571 ρχὴ
478 497 592 552 τῶν
613 498 713 569 τῆς
734 498 830 554 ἀνθ
839 499 1143 570 ρωπὸτητος
1162 500 1402 570 ἀγαθῶν,
1420 508 1486 557 ὲκ
1501 502 1735 557 θανάτου
1758 503 1890 574 πρὸς

1997 503 2183 572 ptione
2217 500 2286 556 ad
2316 500 2808 571 incorruptionem,
2837 500 2912 554 ab
2950 499 3327 555 imbecillitate
3360 501 3429 556 ad
3458 502 3572 556 vir-

302 590 473 661 ζωὴν,
496 592 563 643 ὲκ
580 589 789 661 φθορᾶς
809 594 890 654 εἰς
910 591 1234 663 ἀφθαρσίαν,
1253 592 1314 658 ἐξ
1330 594 1612 658 ἀσθενείας
1639 598 1719 658 είς
1737 594 1889 649 δύνα-

309 701 424 755 μιν,
450 686 516 738 ὲκ
539 684 781 747 δουλείας
801 686 880 746 είς
910 685 1199 748 υἱοθεσίαν,
1223 683 1283 748 ἐξ
1307 685 1529 754 ἀτιμίας
1561 688 1653 740 καὶ
1674 685 1889 753 ἀδοξίας

309 776 393 839 εἰς
417 777 586 847 τιμὴν
618 777 708 829 καὶ
729 775 881 841 δόξαν
909 774 1007 846 τὴν
1032 775 1339 847 βασιλικήν.
1366 777 1578 831 Οὐκοῦν
1610 778 1737 833 ὅταν
1766 778 1890 848 φαί-

313 885 475 938 νηται
514 867 799 939 λαμϐάνων
839 867 913 931 ὡς
933 867 1219 941 ἄνθρωπος
1248 872 1278 924 6
1303 869 1451 934 Υἱὸς,
1479 871 1617 942 ὅπερ
1643 867 1787 941 εἶχεν
1814 872 1888 937 ὡς

316 956 479 1023 Θεὸς,
533 958 1008 1030 σκανδαλιζώμεθα
1055 961 1155 1030 μὲν
1209 962 1493 1033 μηδαμῶς,
1529 962 1799 1032 ἐννοῶμεν
1832 963 1891 1016 δὲ

322 1052 515 1120 μᾶλλον
541 1051 637 1121 τῆς
656 1051 723 1104 δι’
748 1053 898 1120 ἡμᾶς
945 1052 1039 1106 καὶ
1084 1052 1227 1122 ὑπὲρ
1270 1053 1427 1123 ἡμῶν
1454 1054 1767 1125 οἰκονομίας
1798 1052 1890 1109 τὸν

315 1143 525 1210 τρόπον.
556 1140 713 1197 Οὕτω
742 1143 852 1214 γὰρ
886 1145 1125 1212 ἀτρωτόν
1151 1162 1209 1199 τε
1239 1147 1333 1201 καὶ
1358 1147 1588 1217 ἀζήμιον
1630 1147 1722 1201 τὸν
1762 1147 1892 1201 tau-

309 1233 413 1284 τῶν
440 1234 844 1306 διατηρήσομεν
868 1236 1013 1293 νοῦν.

390 1324 452 1376 '0
484 1328 789 1381 πιστεύων
822 1330 909 1394 εις
950 1330 1059 1382 τὸν
1114 1329 1271 1396 Υὶὸν,
1297 1331 1421 1399 ἔχει
1447 1328 1601 1398 ζωήν
1627 1330 1887 1384 αἰώνιον.

378 1416 489 1484 υύχ
516 1416 727 1481 ἁπλῶς,
759 1400 911 1471 οὐδε
936 1418 1222 1490 ἀζητήτως
1268 1424 1382 1484 τοῖς
1426 1420 1773 1475 πιστεύουσιν
1811 1421 1892 1482 είς

308 1508 541 1575 Χριστὸν
601 1508 748 1578 ζωὴν
798 1509 1121 1579 προκεῖσθαι
1171 1511 1234 1563 τὸ
1282 1511 1451 1581 γέρας
1499 1514 1529 1564 6
1583 1509 1891 1578 σοφώτατος

306 1599 678 1669 ἐπιμαρτυρεῖ
744 1598 1075 1669 Βαπτιστὴς,
1130 1600 1245 1653 ἀλλ’
1305 1600 1365 1665 ἐξ
1418 1601 1586 1670 αὐτῆς
1627 1600 1779 1669 ἡμῖν,
1824 1598 1892 1650 ἵν’

306 1687 483 1751 οὕτως
508 1688 669 1752 εἴπω,
694 1689 792 1758 τῆς
819 1688 928 1743 τῶν
944 1690 1282 1760 πραγμάτων
1303 1688 1893 1761 ποιότητοςείσκομίζει

308 1776 409 1847 τὴν
462 1777 767 1842 ἀπόδειξιν
806 1779 919 1849 ζωὴ
960 1780 1059 1847 μὲν
1111 1780 1221 1850 γὰρ
1281 1782 1423 1834 κατὰ
1462 1779 1626 1847 φύσιν
1668 1781 1816 1833 ἐστὶν
1864 1783 1894 1839 6

1991 600 2186 657 tutem,
2213 607 2244 647 a
2266 593 2529 647 servitute
2561 592 2616 645 in
2647 590 2996 660 adoptionem
3046 591 3282 646 ﬁliorum
3319 590 3414 645 Dei
3431 593 3502 655 “,
3533 607 3567 646 a

1988 682 2257 743 dedecore
2289 690 2346 738 et
2375 681 2676 752 ignominia
2705 681 2772 734 ad
2807 681 3073 737 honorem
3103 691 3157 737 et
3206 683 3434 752 gloriam
3484 698 3567 737 re.

1986 776 2189 848 galem.
2218 773 2405 844 Itaque
2430 788 2557 829 cum
2589 774 2818 828 videtur
2836 776 3090 843 accipere
3113 780 3173 827 ut
3202 773 3368 827 homo
3394 772 3567 827 Filius

1990 884 2055 923 ea
2081 883 2207 938 quae
2236 865 2473 923 habebat
2499 874 2560 921 ut
2587 863 2755 927 Deus,
2785 880 2895 920 non
2938 864 3305 930 oﬁ‘endamur,
3341 866 3439 920 sed
3476 879 3569 918 ταν

1992 962 2196 1017 tionem
2233 957 2670 1030 dispensationis
2701 972 2826 1028 quae
2854 958 3028 1013 nostri
3054 971 3225 1011 causa
3259 965 3313 1011 et
3340 971 3440 1027 pro
3468 969 3574 1009 no-

1993 1053 2079 1110 bis
2115 1052 2257 1107 facta
2285 1060 2372 1108 est
2400 1052 2585 1107 animo
2622 1052 2813 1122 potius
2845 1051 3274 1121 perpendamus.
3306 1048 3399 1103 Sic
3419 1042 3569 1101 enim

1993 1145 2451 1200 invulnerabilem
2478 1153 2533 1199 et
2560 1144 2835 1198 illibatam
2864 1151 3104 1199 mentem
3150 1150 3403 1198 nostram
3450 1156 3572 1198 scr-

1990 1236 2267 1291 vabimus.

1992 1327 2061 1382 Ill
2084 1369 2099 1389 ,
2141 1328 2229 1383 '56.
2273 1326 2379 1393 Qui
2397 1326 2561 1380 credit
2589 1328 2643 1380 in
2673 1324 2875 1379 Filium
2891 1367 2907 1393 ,
2930 1326 3084 1380 habet
3106 1327 3267 1379 vitam
3290 1333 3565 1379 wtemam.

2064 1416 2184 1471 Non
2225 1416 2559 1485 simpliciter
2594 1429 2701 1470 nee
2752 1415 3071 1470 indiscussa
3117 1414 3473 1469 credentibus
3512 1413 3569 1465 in

1993 1504 2277 1561 Christum
2318 1506 2486 1560 vitam
2520 1504 2866 1575 propositam
2899 1519 3026 1560 csse
3060 1505 3116 1558 in
3155 1504 3442 1575 premium
3478 1517 3572 1557 sa-

1994 1597 2378 1665 pientissimus
2407 1596 2656 1667 Baptista
2686 1605 2950 1663 testatur,
2986 1594 3082 1653 sed
3111 1611 3177 1652 ex
3212 1596 3330 1666 ipsa
3351 1638 3366 1662 ,
3402 1603 3463 1649 ut
3496 1594 3569 1648 ita

1994 1684 2175 1741 dicam
2198 1725 2217 1753 ,
2276 1701 2458 1741 rerum
2489 1687 2769 1755 ,qualitate
2805 1687 3335 1743 demonstrationem
3378 1685 3567 1740 infert.

2001 1776 2119 1833 Vita
2147 1779 2293 1835 enim
2329 1779 2638 1835 secundum
2668 1788 2925 1834 naturam
2953 1787 3039 1834 est
3073 1778 3431 1847 Unigenitus.
3465 1794 3483 1827 ι
3512 1776 3571 1829 1η

310 1871 628 1939 Μονογενής
651 1886 664 1899 ο
704 1888 722 1920 ι
760 1869 852 1924 Ἐν
879 1870 1027 1940 αὐτῷ
1054 1871 1164 1944 γὰρ
1194 1872 1397 1942 ζῶμεν,
1443 1873 1537 1925 καὶ
1580 1871 1890 1942 κινούμεθα.

1996 1870 2118 1941 ipso
2155 1871 2358 1945 quippe
2390 1871 2626 1927 vivimus
2647 1911 2662 1937 ,
2702 1886 3013 1936 movemur,
3048 1879 3104 1926 ct
3137 1885 3334 1925 sumus
3367 1869 3434 1923 “.
3462 1887 3481 1919 ι
3511 1868 3572 1923 1η

314 1960 414 2013 καὶ
441 1960 629 2028 ἐσμέν.
667 1979 686 2010 ι
721 1960 1087 2026 Εἱσοικίζεται
1137 1961 1195 2014 δὲ
1249 1963 1467 2024 πάντως
1506 1963 1637 2032 ἡμῖν
1676 1961 1766 2015 διὰ
1795 1962 1897 2030 τῆς

314 2050 573 2113 πίστεως,
599 2050 693 2103 καὶ
724 2053 970 2103 κατοικεῖ
995 2050 1083 2104 διὰ
1108 2049 1202 2103 τοῦ
1233 2051 1393 2121 ἁγίου
1424 2050 1741 2119 Πνεύματος
1763 2067 1776 2081 ·
1805 2053 1900 2103 καὶ

312 2142 657 2210 μαρτυρήσει
698 2141 871 2208 λέγων
923 2145 951 2195 6
988 2141 1391 2211 εὐαγγελιστὴς
1441 2141 1690 2211 Ἰωάννης
1729 2143 1787 2193 ἐν
1824 2143 1898 2194 oi-

309 2234 487 2297 κείαις
535 2233 875 2297 Ἐπιστολαῖς
900 2250 912 2264 ·
951 2253 969 2285 ι
1020 2235 1109 2287 Ἐν
1128 2233 1305 2304 τούτῳ
1327 2232 1686 2303 γινώσκομεν,
1717 2234 1799 2287 ὄτι
1837 2234 1897 2287 tv

306 2327 436 2395 ἡμῖν
459 2326 634 2391 ἐστιν,
663 2325 743 2379 ὅτι
766 2327 829 2378 ἐκ
852 2324 946 2378 τοῦ
972 2324 1468 2396 Πνεύματοςαὺτοῦ
1489 2324 1689 2380 ἔδωκεν
1706 2327 1857 2397 ἡμῖν.
1872 2344 1890 2378 ι

307 2416 637 2484 Ζωοποιήσει
678 2415 967 2487 τοιγαροῦν
1018 2419 1047 2470 6
1094 2416 1329 2487 Χριστὸς
1370 2416 1498 2480 τοὺς
1540 2417 1895 2485 πιστεύοντας

307 2508 385 2570 εἰς
406 2509 593 2572 αὑτὸν,
627 2509 702 2571 ὡς
737 2509 897 2573 αὐτὸς
950 2511 1211 2579 ὑπάρχων
1253 2510 1397 2564 κατά
1447 2510 1610 2579 φύσιν
1635 2511 1770 2581 ζωὴ,
1802 2512 1896 2564 καὶ

306 2600 491 2654 λοιπὸν
531 2601 803 2655 κατοικῶν
832 2604 889 2655 ὲν
921 2602 1124 2666 αὐτοῖς.
1159 2603 1283 2656 Ὅτι
1324 2602 1382 2656 δὲ
1411 2602 1500 2657 διὰ
1526 2604 1627 2673 τῆς
1657 2604 1894 2667 πίστεως

307 2694 334 2745 ὁ
364 2692 489 2754 Υἱὸς
527 2691 827 2755 αὐλίζεται,
888 2691 1295 2763 πληροφορήσει
1352 2692 1526 2761 λέγων
1577 2695 1606 2746 6
1648 2692 1891 2763 Παῦλος·

316 2805 333 2836 r
362 2784 561 2837 Τούτου
621 2786 783 2854 χάριν
844 2785 1080 2854 κάμπτω
1116 2785 1183 2836 τὰ
1232 2785 1437 2853 γόνατά
1483 2802 1585 2855 μου
1626 2785 1764 2857 πρὸς
1802 2786 1894 2839 τὸν

311 2877 549 2948 Πατέρα,
588 2876 649 2941 ἐξ
690 2872 754 2931 οὗ
804 2878 949 2930 πᾶσα
988 2876 1194 2947 πατριά
1227 2876 1285 2931 ἐν
1314 2894 1372 2930 τε
1402 2876 1619 2949 οὐρανῷ
1670 2878 1768 2931 καὶ
1802 2877 1895 2931 ἐπὶ

314 2968 411 3038 τῆς
436 2973 534 3041 γῆς
559 2970 912 3041 ὀνομάζεταιυ
945 2972 1031 3024 ἵνα
1074 2970 1153 3040 δῷ
1197 2971 1330 3042 ύμῖν
1353 2971 1495 3024 κατά
1531 2970 1622 3024 τὸν
1664 2969 1894 3024 πλοῦτον

313 3062 410 3128 τῆς
434 3063 796 3133 χρηστότητος
845 3062 1033 3124 αὐτοῦ,
1086 3062 1309 3131 δυνάμει
1364 3062 1779 3133 κραταιωθῆναι
1806 3062 1895 3116 διὰ

310 3153 403 3206 τοῦ
432 3154 746 3225 Πνεύματος
789 3154 951 3224 αὑτοῦ
996 3153 1156 3226 [ιἰιίθ.
1192 3154 1364 3209 addit.
1420 3156 1501 3218 είς
1538 3155 1631 3210 τὸν
1659 3155 1769 3209 ἔσω
1800 3155 1893 3210 άν-

310 3246 551 3318 θρωπον]
590 3247 913 3317 κατοικῆσαι
950 3246 1042 3301 τὸν
1083 3248 1318 3318 Χριστὸν
1368 3249 1427 3301 ὲν
1474 3250 1595 3312 ταῖς
1640 3249 1891 3319 καρδίαις

310 3338 464 3405 ὑμῶν
485 3337 574 3390 διὰ
603 3336 701 3406 τῆς
719 3336 972 3399 πίστεως.
1002 3355 1023 3389 ι
1054 3337 1182 3391 Ὅτε
1205 3338 1386 3391 τοίνυν
1422 3339 1510 3392 διὰ
1535 3338 1633 3409 τῆς
1656 3339 1891 3404 πίστεως

308 3426 345 3492 ἡ
380 3428 518 3481 κατὰ
548 3428 706 3498 φύσιν
734 3431 867 3499 ἡμῖν
890 3430 1294 3499 ὲπεισκρίνεται
1325 3431 1459 3501 ζωὴ,
1497 3430 1613 3495 πῶς
1632 3432 1731 3485 οὐκ
1756 3412 1893 3503 ἀλη-

1998 1962 2160 2018 nobis
2188 1970 2371 2018 autem
2403 1964 2782 2019 introducitur
2803 1979 2902 2034 per
2924 1963 3084 2018 ﬁdem
3107 2002 3121 2026 ,
3151 1969 3207 2018 et
3240 1963 3451 2017 habitat
3476 1973 3572 2031 per

1998 2061 2254 2109 sanctum
2286 2042 2574 2124 Spiritum.
2595 2056 2765 2126 idque
2793 2053 3039 2111 Joannes
3067 2056 3121 2109 in
3155 2056 3275 2111 suis
3308 2054 3575 2125 Epistolis

2000 2152 2237 2200 testatur
2275 2145 2506 2203 dicens:
2534 2165 2553 2199 ι
2579 2147 2636 2201 In
2664 2148 2772 2203 hoc
2809 2148 3199 2219 cognoscimus
3226 2147 3355 2217 quia
3391 2147 3444 2200 in
3477 2162 3575 2201 no-

1998 2234 2083 2291 bis
2116 2243 2235 2302 cst,
2274 2239 2537 2307 quoniam
2572 2240 2643 2293 de
2676 2238 2878 2309 spiritu
2914 2254 3021 2295 suo
3059 2237 3211 2293 dedit
3250 2238 3411 2293 nobis
3445 2238 3509 2290 ".
3550 2255 3570 2288 ι

1997 2325 2252 2383 Vivificat
2284 2330 2455 2400 igitur
2480 2328 2741 2386 Christus
2771 2330 3062 2387 credentes
3092 2330 3148 2384 in
3175 2344 3257 2394 se,
3290 2336 3421 2399 puta
3449 2342 3576 2382 cum

1996 2421 2069 2478 sit
2094 2420 2213 2491 ipse
2239 2422 2546 2477 secundum
2573 2433 2830 2478 naturam
2858 2425 2990 2489 vita,
3018 2437 3082 2477 ac
3112 2422 3335 2478 demum
3368 2420 3579 2475 habitet

1996 2511 2051 2566 in
2083 2512 2242 2583 ipsis.
2279 2511 2439 2579 Quod
2482 2524 2665 2570 autem
2704 2530 2805 2585 per
2844 2515 3005 2570 ﬁdem
3045 2514 3223 2570 Filius
3266 2512 3575 2575 inhabitet,

1995 2601 2204 2659 Paulus
2233 2615 2395 2660 certo
2430 2607 2595 2663 nobis
2623 2608 3033 2663 demonstrabit
3052 2647 3066 2671 ,
3101 2606 3292 2660 dicens
3319 2623 3331 2657 :
3354 2623 3373 2655 ι
3399 2602 3577 2672 Hujus

1997 2696 2073 2751 rei
2104 2698 2282 2767 gratia
2310 2697 2471 2752 flecto
2502 2712 2681 2768 genua
2708 2713 2831 2753 mea
2862 2699 2929 2751 ad
2954 2696 3175 2751 Patrem
3197 2736 3214 2760 ,
3233 2710 3300 2751 ex
3327 2710 3439 2765 quo
3465 2708 3580 2749 om-

1997 2789 2084 2844 nis
2125 2789 2437 2859 paternitas
2477 2790 2533 2842 in
2573 2790 2720 2843 cmlo
2757 2799 2813 2843 et
2850 2789 2905 2841 in
2938 2795 3086 2842 terra
3121 2786 3480 2840 nominatur:
3518 2790 3579 2839 ut

1996 2881 2090 2936 det
2136 2881 2296 2935 vobis
2338 2881 2647 2936 secundum
2688 2881 2913 2935 divitias
2952 2880 3141 2950 gloriae
3180 2892 3327 2940 suae,
3370 2878 3579 2930 virtute

1996 2974 2351 3029 corroborari
2397 2988 2493 3044 per
2534 2970 2804 3042 Spiritum
2844 2975 2965 3041 ejus
3002 2968 3282 3024 Christum
3326 2967 3580 3022 habitare

1995 3082 2091 3137 per
2126 3067 2288 3122 fidem
2333 3069 2388 3121 in
2431 3066 2700 3121 cordibus
2729 3066 2928 3120 vestris
2960 3064 3026 3123 ⁸⁸.
3056 3083 3073 3116 ι
3104 3063 3240 3118 Cum
3294 3076 3424 3132 ergo
3481 3074 3580 3129 per

1997 3159 2160 3214 tidem
2193 3160 2304 3213 vita
2348 3159 2443 3213 illa
2479 3158 2789 3214 secundum
2826 3165 3077 3211 naturam
3118 3156 3172 3208 in
3214 3168 3316 3209 nos
3348 3152 3576 3214 subeat,
3686 3222 3694 3228 _

1994 3249 2274 3320 quomodo
2314 3264 2482 3305 verax
2514 3262 2627 3303 non
2656 3259 2739 3304 est
2783 3250 2875 3317 qui
2922 3247 3058 3301 dicit
3084 3267 3097 3301 :
3127 3266 3146 3297 ε
3179 3245 3285 3312 Qui
3316 3242 3491 3299 credit
3522 3244 3577 3297 in

1998 3339 2231 3405 Filium,
2272 3339 2440 3394 [habet
2484 3340 2652 3393 vitam
2696 3345 2956 3391 atternam
3003 3356 3067 3390 ε»
3098 3337 3275 3406 ipsum
3322 3333 3580 3389 videlicet

2003 3431 2203 3496 Filium
2226 3471 2242 3494 ,
2279 3446 2389 3486 non
2429 3438 2613 3486 autem
2646 3429 2809 3482 aliam
2848 3429 2917 3483 ab
2947 3428 3070 3497 ipso
3104 3431 3296 3480 vitam.

309 3522 408 3592 θὴς
436 3526 465 3576 6
496 3522 689 3591 λέγων,
727 3544 746 3576 ‹
799 3524 856 3577 '0
881 3525 1151 3578 πιστεύων
1193 3526 1272 3588 εἰς
1293 3525 1384 3578 τὺν
1412 3525 1558 3590 Υίὺν,
1597 3524 1711 3596 ἔχει
1752 3526 1899 3596 ζωὴν
1938 3526 2190 3592 αίώνιονς
2224 3545 2243 3577 ι
2290 3526 2453 3579 αὐτὸν
2508 3521 2754 3595 δηλονότι
2783 3521 2876 3574 τὸν
2911 3521 3057 3586 Υἱδν,
3106 3520 3198 3572 καὶ
3235 3517 3335 3589 οὐχ
3386 3516 3581 3585 ἑτέραν

304 3618 428 3667 τινα
458 3618 586 3685 παρ’
609 3618 772 3670 αὐτὸν
797 3616 1092 3687 νοουμένην
1122 3615 1292 3686 ζωήν.

389 3713 454 3765 ‘U
492 3711 559 3765 δὲ
596 3709 858 3765 ἀπειθῶν
896 3709 975 3775 τῷ
1008 3707 1139 3773 ne,
1165 3711 1277 3763 οὐκ
1320 3710 1532 3777 ὄψεται
1563 3709 1679 3776 τὴν
1706 3708 1877 3775 ζωήν.

372 3895 506 3967 Ἆρ’
532 3888 647 3957 οὖν,
690 3894 806 3965 ἐρεῖ
844 3910 927 3957 τις
965 3892 1146 3962 τυχὸν,
1178 3890 1379 3962 ἑτέραν
1415 3892 1550 3960 ἡμῖν
1591 3891 1885 3961 πρεσϐεύει

304 3987 468 4054 δόξαν
497 3990 526 4042 6
573 3987 904 4054 Βαπτιστὴς,
953 3984 1045 4037 καὶ
1072 3984 1163 4037 τὸν
1193 3983 1295 4052 τῆς
1330 3984 1678 4045 ἀναστάσεως
1710 4000 1889 4055 παρα-

308 4079 521 4150 φθεέρει
547 4079 723 4146 λόγον,
751 4077 1254 4146 ζωοποιηθήσεσθαι
1307 4076 1406 4147 μὲν
1442 4077 1532 4129 τὸν
1569 4075 1892 4129 πιστεύοντα

303 4170 506 4237 λέγων,
533 4169 623 4223 τὸν
656 4169 713 4221 δὲ
742 4169 815 4239 μὴ
867 4166 1109 4239 τοιοῦτον
1155 4169 1257 4221 οὐκ
1309 4169 1534 4239 ὄψεσθαι
1572 4168 1717 4237 ζωὴν
1755 4166 1893 4232 ὅλως

305 4258 826 4327 διαϐεϐαιούμενος
867 4258 1307 4330 Ἐγερθησὸμεθα
1338 4260 1419 4327 δὲ,
1448 4260 1592 4313 κατά
1620 4260 1679 4313 τὸ
1721 4257 1888 4323 είκὺς,

304 4352 371 4403 ού
411 4348 636 4411 πάντες,
677 4346 878 4416 ταύτην
928 4350 1058 4418 ἡμῖν
1102 4350 1544 4421 εἰσκεκομικότος
1590 4348 1685 4403 τοῦ
1733 4349 1889 4418 λόγου

305 4441 406 4511 τὴν
435 4439 729 4507 διαφοράνο
771 4432 890 4489 εἶτα
928 4441 1022 4490 ποῖ
1059 4457 1186 4492 ποτε
1219 4443 1459 4513 χωρήσει
1497 4441 1559 4493 τὸ
1604 4441 1890 4504 ἀπολύτως

309 4534 403 4585 καί
435 4532 513 4595 ὡς
537 4530 625 4599 ἐφ’
652 4529 857 4584 ἅπασιν
884 4531 1190 4601 εἰρημένον,
1224 4550 1242 4583 ι
1265 4532 1687 4603 Ἀναστήσονται
1717 4535 1766 4587 οἱ
1797 4551 1887 4587 νε-

2064 3707 2163 3772 Ill,
2194 3707 2282 3762 '56.
2316 3706 2422 3774 Qui
2446 3714 2618 3760 autem
2659 3703 2963 3759 incredulus
3004 3713 3083 3759 est
3129 3703 3310 3772 Filio,
3357 3722 3460 3759 non
3501 3705 3579 3759 vi-

1994 3790 2136 3853 debit
2167 3800 2353 3853 ritum.

2067 3893 2147 3945 An
2180 3892 2372 3962 igitur,
2410 3891 2626 3962 inquiet
2658 3890 2848 3946 forsan
2882 3891 3084 3962 aliquis
3109 3931 3125 3958 ,
3160 3889 3441 3947 diversam
3481 3905 3582 3945 no—

1997 3983 2083 4038 bis
2116 3983 2364 4054 Baptista
2404 3984 2636 4054 gloriam
2679 3984 3003 4049 constituit,
3046 3990 3100 4038 et
3150 3982 3581 4038 resurrectionis

1996 4074 2266 4130 rationem
2304 4075 2655 4144 corrumpit,
2697 4074 2936 4129 dicendo
2974 4072 3316 4127 viviﬁcatum
3358 4071 3577 4142 quidem

1992 4167 2058 4221 iri
2096 4165 2419 4234 credentes,
2462 4166 2784 4220 incredulos
2813 4179 2947 4220 vero
2973 4179 3324 4233 nequaquam
3357 4162 3580 4217 visuros

1996 4260 2163 4315 vitam
2205 4259 2552 4315 asserendo?
2590 4258 2971 4313 Excitabimur
3010 4272 3177 4319 vero,
3227 4263 3284 4309 ut
3340 4255 3575 4317 videtur,

1992 4369 2102 4409 non
2152 4368 2381 4421 omnes,
2436 4353 2581 4407 inter
2638 4367 2738 4406 nos
2781 4350 2928 4405 istud
2990 4347 3331 4403 intercedere
3382 4347 3578 4401 discri-

1996 4445 2162 4500 minis
2202 4444 2409 4500 dictum
2447 4444 2584 4499 illud
2618 4442 2911 4514 significet.
2953 4442 3023 4495 At
3073 4455 3312 4511 quonam
3357 4440 3576 4493 demum

1996 4537 2165 4591 abihit
2196 4536 2329 4590 illud
2366 4536 2624 4590 absolute
2664 4541 2719 4589 et
2766 4540 3027 4602 tanquam
3070 4531 3139 4586 dc
3187 4529 3445 4584 omnibus
3493 4527 3582 4582 di-

310 4625 431 4695 κροί
459 4641 473 4689 ;
516 4643 536 4675 ι
563 4624 630 4677 Τί
661 4623 706 4677 δ’
752 4623 818 4677 ἂν
847 4623 941 4675 καὶ
988 4622 1134 4694 δρῴη
1169 4623 1344 4691 λέγων
1376 4627 1404 4678 6
1440 4624 1673 4691 Παῦλος,
1705 4644 1723 4676 ι
1755 4626 1890 4689 Τοὺς

1994 4636 2143 4682 ctum
2168 4668 2182 4692 ,
2217 4647 2235 4678 ι
2268 4627 2581 4697 liesurgcnt
2632 4625 2832 4679 mortui
2861 4624 2950 4677 "1'
2981 4643 2997 4675 ι
3027 4623 3167 4688 Quid
3234 4636 3367 4675 vero
3416 4618 3579 4673 faciat

310 4718 417 4789 γὰρ
448 4717 655 4779 πάντας
703 4718 849 4786 ἡμᾶς
905 4715 986 4767 δεῖ
1040 4715 1418 4786 φανερωθῆναι
1454 4716 1766 4787 ἔμπροσθεν
1790 4715 1885 4771 τοῦ

313 4808 553 4877 βήματος
580 4805 678 4859 τοῦ
709 4804 968 4878 Χριστοῦ,
994 4804 1078 4857 ἵνα
1118 4805 1411 4875 κομίσηται
1443 4807 1669 4871 ἕκαστος
1692 4808 1760 4862 τὰ
1797 4807 1886 4860 διὰ

308 4900 402 4953 τοῦ
449 4899 697 4970 σώματος
732 4899 869 4971 πρὸς
906 4898 942 4952 ἃ.
985 4897 1252 4968 ἔπραξεν,
1314 4899 1426 4952 εἴτε
1485 4900 1720 4969 ἀγαθὸν,
1774 4900 1885 4954 εἴτε

308 4989 554 5058 φαῦλον;
596 5009 612 5039 ι
660 4990 1031 5043 Ἐπαινεῖσθαι
1072 4991 1170 5061 μὲν
1205 4986 1299 5044 οὖν
1351 4993 1609 5064 οἰήσομαι
1647 4993 1757 5045 δεῖν
1794 4982 1887 5044 τὸν

312 5078 604 5147 τιλομαθῆ,
635 5078 828 5148 χρῆναι
859 5080 915 5133 δὲ
970 5081 1121 5150 ὅμως
1160 5081 1561 5152 ἀκριϐεστάτην
1587 5084 1644 5135 ἐν
1664 5084 1777 5146 τοῖς
1812 5083 1887 5134 ἰε-

312 5172 427 5241 ροῖς
473 5169 766 5238 Γρὰμμασι
817 5172 1087 5225 ποιεῖσθαι
1133 5171 1231 5244 τὴν
1287 5172 1541 5242 βάσανον.
1589 5172 1730 5243 Ὅρα
1776 5173 1886 5244 γάρ

312 5280 400 5333 μοι
436 5262 623 5329 σαφῶς
651 5260 747 5330 τὴν
795 5263 899 5314 τῶν
940 5265 1244 5335 εἰρημένων
1287 5264 1590 5335 διαστολὴν.
1619 5265 1753 5335 Περὶ
1789 5264 1887 5333 μὲν

307 5356 415 5424 γὰρ
449 5351 544 5407 τοῦ
581 5353 926 5417 πιστεύοντός
960 5373 1142 5425 φησιν,
1183 5359 1266 5410 ὅτι
1301 5357 1444 5428 ζωὴν
1470 5356 1583 5421 ἕξει
1618 5359 1716 5427 τὴν
1764 5355 1886 5408 αἰώ-

309 5462 437 5499 νιον.
470 5445 606 5516 Περὶ
631 5444 693 5497 δὲ
725 5445 820 5498 τοῦ
847 5446 1264 5517 ἀπειθήσαντος,
1295 5449 1486 5518 ἑτέραν
1521 5451 1549 5501 6
1584 5447 1742 5516 λόγος
1773 5447 1886 5518 ἕχει

310 5536 403 5604 τὴν
457 5534 714 5605 ἔμφασιν.
776 5539 851 5590 Οὐ
906 5538 1015 5608 γὰρ
1066 5539 1168 5610 ἔφη
1206 5539 1351 5612 ζωὴν
1389 5542 1487 5611 οὐχ
1517 5540 1663 5604 ἕξειν
1692 5540 1885 5594 αὐτόν’

309 5629 661 5697 ἐγερθήσεται
704 5630 811 5700 γὰρ
873 5630 948 5700 τῷ
996 5632 1157 5702 κοινῷ
1188 5633 1282 5701 τῆς
1314 5633 1660 5695 ἀναστάσεως
1691 5632 1838 5702 νόμῳ
1872 5650 1882 5663 ·

379 5743 423 5771 ⁵⁵
455 5741 611 5793 liom.
664 5760 794 5799 mt.
840 5750 917 5800 l3.

384 5753 423 5816 ᾖς’
458 5753 611 5793 ttom.
664 5760 794 5799 mt.
840 5753 917 5800 l3,
999 5753 1038 5781 “’3
1093 5755 1207 5803 Art.
1274 5769 1416 5811 xv”,
1484 5753 1569 5805 9.8.

314 5812 417 5865 ’⁸⁸ἱὶ
451 5818 577 5868 (2οΓ.
618 5829 667 5876 v,
714 5814 792 5869 Μ.

1669 5754 1708 5781 "7
1747 5750 1760 5802 Ι
1793 5750 1949 5805 Jonn.
1991 5771 2077 5819 tv,
2144 5754 2222 5807 15.

1995 4715 2198 4770 Paulus
2250 4715 2440 4771 dicens
2474 4734 2487 4769 :
2518 4734 2535 4766 ι
2563 4715 2768 4770 Omnes
2811 4714 2959 4767 enim
3004 4728 3108 4768 nos
3152 4710 3314 4783 1⁵14
3350 4711 3578 4765 manife-

1993 4811 2128 4865 stari
2190 4815 2407 4878 Oportet
2463 4819 2592 4865 ante
2654 4807 2901 4863 tribunal
2959 4807 3202 4870 Christi,
3263 4815 3321 4861 ut
3375 4806 3579 4862 referat

1996 4903 2379 4972 unusquisque
2431 4901 2653 4972 propria
2684 4899 2961 4970 corporis,
2995 4908 3161 4969 prout
3208 4898 3416 4970 gessit,
3462 4897 3581 4952 sive

1997 4996 2200 5049 bonum
2223 5037 2236 5059 ,
2271 4994 2387 5049 sive
2422 4994 2621 5047 malum
2652 4994 2741 5046 "‘3
2773 5014 2790 5045 ι
2820 4991 3180 5046 Laudandnm
3211 4992 3380 5062 igitur
3424 4992 3575 5044 arhi-

1998 5093 2114 5141 tror
2177 5086 2368 5147 illum,
2426 5086 2683 5157 quisquis
2733 5095 2851 5153 est,
2915 5085 3163 5140 discendi
3223 5085 3572 5143 studiosum,

1995 5187 2244 5234 attamen
2277 5178 2697 5234 accuratissime
2726 5179 2774 5234 ei
2802 5194 2993 5234 sacras
3024 5177 3259 5232 Litteras
3292 5173 3573 5229 rimandas

1994 5288 2118 5328 csse
2160 5287 2306 5326 reor.
2355 5270 2493 5325 Vide
2543 5271 2729 5335 enim,
2783 5285 3005 5340 quaeso,
3067 5269 3219 5322 clare
3281 5266 3570 5319 verborum

1989 5363 2212 5417 illorum
2248 5362 2673 5418 distinctionem.
2720 5361 2792 5414 De
2826 5377 2891 5416 eo
2922 5361 3066 5416 cnim
3108 5360 3203 5429 qui
3238 5352 3568 5412 crediderit,

1988 5453 2066 5507 ait
2131 5454 2294 5507 vitam
2363 5453 2678 5506 habiturum
2745 5462 3005 5508 mtcrnam
3066 5470 3080 5503 :
3141 5449 3207 5502 de
3269 5461 3335 5499 co
3391 5450 3573 5496 autem

1987 5546 2084 5616 qui
2122 5562 2229 5601 non
2266 5544 2595 5609 crediderit,
2648 5545 2814 5598 alium
2868 5544 3206 5600 inlellcctum
3246 5536 3409 5588 habet
3448 5548 3574 5586 ora-

1988 5640 2087 5692 tio.
2122 5637 2239 5692 Non
2285 5639 2432 5693 enim
2481 5636 2619 5690 dixit
2678 5638 2856 5706 ipsum
2913 5635 3078 5685 vitam
3106 5644 3213 5682 non
3258 5626 3574 5679 habiturum

2320 5753 2361 5781 υ
2395 5749 2588 5819 ῐσῖίιὶιος.
2626 5763 2680 5797 ιιι
2708 5788 2719 5809 ,
2787 5747 2963 5801 fi--IT.
3051 5744 3091 5774 "9
3128 5740 3143 5791 Ι
3174 5741 3298 5791 (ἶοικ
3350 5755 3448 5799 XV.
3481 5737 3574 5787 52v
