4090 6266
1865 111 1900 134 l

2111 252 2140 264 υ
2151 256 2154 258 .

537 350 643 407 287
1523 349 1584 406 S.
1623 347 1901 406 CYBILLI
1931 350 2410 408 ALEXANDRINI
2445 351 2770 409 ARCHIEP.
3690 349 3802 404 388

537 471 810 539 (resurget
845 465 990 521 enim
1021 465 1300 521 communi
1334 469 1768 525 resurrectionis
1801 469 1986 541 lege),
2019 470 2113 526 sed

2217 470 2352 524 ἀλλά
2378 471 2525 541 ζωὴν
2543 469 2642 524 οὐκ
2671 469 2896 540 ὄψεσθαί
2937 486 3122 540 φησιν,
3165 466 3308 522 τοῦτ’
3355 466 3500 519 ἔστιν
3547 464 3652 517 οὐδ’
3681 465 3803 519 ὅσον

537 561 706 613 vitam
742 575 849 613 non
881 558 1130 614 visurum
1160 559 1272 625 ait,
1299 559 1406 614 hoc
1432 570 1519 615 est
1547 575 1615 616 ne
1642 569 1869 632 aspectu
1897 563 2118 632 quidem

537 651 659 706 solo
708 659 1030 706 sanctorum
1072 651 1241 705 vitam
1285 661 1678 723 consequetur,
1727 669 1840 709 non
1890 656 2122 725 attinget

541 743 759 798 illorum
790 741 1110 798 felicitatem
1136 781 1151 806 ,
1184 757 1296 798 non
1328 744 1574 814 gustabit
1603 745 1774 799 vitam
1805 745 1956 801 illam
1985 761 2120 816 gau-

537 834 632 889 dio
661 835 896 904 plenam.
928 833 1053 888 Vita
1083 835 1229 889 enim
1261 843 1348 890 est
1394 835 1490 889 illa
1536 834 1788 905 proiecto
1819 855 1832 891 :
1879 836 1937 890 in
1984 851 2119 905 sup-

541 927 724 996 pliciis
752 941 885 981 vero
916 925 1172 996 spiritum
1208 925 1447 991 ducere,
1482 927 1680 997 quavis
1711 934 1796 982 est
1830 936 2008 982 morte
2034 935 2119 982 tc-

539 1019 717 1085 trius,
747 1034 874 1072 cum
905 1017 974 1071 ad
1005 1019 1183 1074 solum
1213 1019 1480 1073 malorum
1510 1034 1739 1074 sensum
1771 1017 1952 1072 anima
1984 1019 2119 1073 reti-

2219 563 2300 626 είς
2333 561 2567 633 θεωρίαν
2590 561 2750 632 ψιλὴν
2782 561 2882 631 τῆς
2907 560 3018 614 τῶν
3045 560 3216 630 ἀγίων
3236 557 3482 628 ἐφίξεται
3507 556 3670 626 ζωῆς,
3704 557 3801 627 οὐχ

2219 653 2417 723 ἅψεται
2442 653 2540 724 τῆς
2578 653 2803 707 ἐκείνων
2829 653 3250 725 μακαριότητος,
3275 651 3539 719 ἄγευστος
3561 651 3802 718 διαμενεῖ

2217 747 2316 816 τῆς
2346 747 2404 800 ἐν
2429 744 2737 818 εὐφροσύνῃ
2764 745 3067 815 διαγωγῆς·
3092 743 3206 815 ζωὴ
3234 743 3341 812 γὰρ
3369 741 3538 798 ὅντως
3571 740 3755 810 ἐκείνη
3781 757 3795 770 ·

2217 835 2277 888 τὸ
2301 833 2357 887 δὲ
2378 835 2438 886 ἐν
2469 833 2755 888 κολάσεσιν
2778 835 3058 900 ἀναπνεῖν,
3092 833 3322 888 θανάτου
3346 832 3544 894 παντὸς
3572 829 3800 902 ἀνιαρῶ-

2217 940 2394 996 τερον,
2425 924 2520 977 ἐπὶ
2553 924 2687 996 μόνῃ
2717 918 2918 996 τῇτῶν
2948 925 3135 979 κακῶν
3171 923 3420 993 αἰσθήσει
3463 921 3642 992 ψυχὴν
3676 938 3798 974 συν-

2212 1016 2339 1082 έχον
2371 1018 2429 1068 ἐν
2458 1014 2690 1086 σώματι.
2731 1015 3001 1085 Τοιαύτην
3057 1015 3180 1069 τινά
3211 1015 3304 1068 καὶ
3331 1017 3359 1067 6
3387 1013 3599 1076 Παῦλος
3652 1011 3796 1083 ζωῆς

539 1117 736 1163 neatur
769 1109 824 1162 in
856 1122 1108 1176 corpore.
1139 1105 1489 1175 Ejnscemodi
1527 1106 1854 1161 nonnullam
1888 1120 2115 1176 quoque

2217 1105 2458 1175 είσφέρει
2477 1103 2970 1173 διαφοράν.”Ακουε
2994 1103 3047 1156 τί
3077 1120 3210 1174 φησι
3236 1103 3372 1174 πρὸς
3396 1103 3520 1164 τοὺς
3547 1103 3605 1154 ἐν
3630 1101 3798 1171 κακίᾳ

539 1197 745 1254 Paulus
775 1199 897 1254 vitae
927 1197 1295 1254 differentiam
1334 1198 1552 1254 statuit.
1579 1197 1725 1252 Audi
1754 1197 1885 1267 quid
1922 1197 1987 1251 ad
2019 1212 2117 1252 eos

541 1289 696 1343 dicat
726 1292 820 1359 qui
855 1298 1084 1359 peccato
1128 1290 1334 1344 mortui
1381 1298 1512 1344 sunt
1549 1297 1775 1359 propter
1808 1287 2112 1344 Christum.

544 1398 564 1432 ι
598 1380 800 1435 Mortui
833 1381 978 1434 enim
1013 1380 1182 1443 estis,
1221 1387 1277 1435 et
1307 1379 1420 1434 vita
1448 1389 1635 1435 vestra
1667 1379 1990 1435 abscondita
2030 1386 2117 1436 est

537 1489 662 1526 cum
694 1473 919 1528 Christo
948 1473 1000 1526 in
1040 1472 1167 1527 Deo.
1197 1472 1336 1527 Cum
1366 1472 1624 1527 Christus
1650 1474 1972 1543 apparuerit
2002 1473 2114 1528 vita

542 1574 756 1627 vestra,
789 1574 919 1619 tunc
965 1573 1020 1620 et
1064 1580 1163 1619 vos
1201 1565 1542 1635 apparebitis
1570 1579 1697 1620 cum
1735 1566 1856 1636 ipso
1899 1566 1956 1620 in
1997 1565 2113 1635 glo-

539 1657 620 1710 ria
652 1657 719 1710 τι.
751 1676 769 1707 ι
804 1656 967 1711 Vides
1001 1655 1278 1726 quomodo
1315 1658 1482 1710 vitam
1519 1663 1840 1710 sanctorum
1876 1656 2114 1726 appellet

2215 1195 2652 1265 νενεκρωμένους
2682 1194 2772 1248 διά
2818 1194 3072 1265 Χριστόν·
3106 1213 3125 1246 ι
3178 1193 3502 1247 Ἀπεθάνετε
3538 1190 3666 1258 γὰρ,
3704 1190 3798 1243 καὶ

2213 1289 2247 1358 ἢ
2279 1285 2392 1357 ζωὴ
2421 1285 2574 1357 ὑμῶν
2619 1286 2927 1358 κέκρυπται
2974 1289 3071 1340 σὺν
3107 1285 3185 1356 τῷ
3213 1283 3434 1356 Χριστῷ
3466 1284 3523 1336 ἐν
3549 1281 3629 1352 τῷ
3651 1280 3790 1351 Θεῷ·

2213 1378 2340 1432 ὅταν
2384 1380 2413 1431 6
2458 1378 2691 1449 Χριστὸς
2739 1376 3031 1449 φανερωθῇ
3079 1379 3112 1448 ἡ
3161 1375 3274 1446 ζωὴ
3313 1373 3489 1444 ὑμῶν,
3533 1373 3654 1444 τότε
3705 1373 3796 1425 καὶ

2222 1471 2383 1539 ὑμεῖς
2408 1470 2502 1522 σὺν
2527 1468 2676 1540 αὐτῷ
2697 1467 3150 1542 φανερωθήσεσθε
3180 1469 3238 1520 ἐν
3261 1465 3404 1537 δόξῃ.
3437 1483 3456 1517 ι
3493 1465 3655 1535 Ὁρᾷς
3679 1463 3795 1527 πῶς

2213 1561 2275 1614 τὸ
2298 1561 2354 1614 ἐν
2376 1560 2500 1633 δόξῃ
2525 1560 2904 1632 φανερωθῆναι
2933 1561 3072 1630 μετά
3102 1558 3338 1630 Χριστοῦ
3371 1557 3469 1628 τὴν
3491 1557 3603 1609 τῶν
3621 1557 3794 1625 ἁγίων

2213 1651 2466 1723 ὀνομάζει
2511 1651 2700 1723 ζωήνς
2737 1651 2802 1704 Τί
2843 1651 2920 1718 δέ,
2979 1653 3108 1705 ὅταν
3154 1652 3284 1720 ἡμῖν
3327 1648 3418 1701 καὶ
3443 1647 3797 1717 όΨαλμῳδδς

541 1740 1050 1796 manifestationem
1109 1742 1259 1796 illam
1319 1743 1373 1796 in
1428 1744 1604 1812 gloria
1660 1759 1784 1799 cum
1847 1744 2114 1800 Christo?

2217 1744 2502 1814 ἀναμέλπῃ
2519 1743 2694 1811 λέγων
2712 1759 2724 1773 ’
2751 1760 2770 1793 ι
2797 1743 2893 1807 Τίς
2913 1745 3060 1794 ἐστιν
3083 1740 3369 1812 ἄνθρωπος
3388 1742 3416 1792 6
3439 1738 3610 1793 θέλων
3627 1739 3794 1808 ζωὴν,

541 1830 684 1896 Quid
719 1847 848 1886 vero
900 1846 1024 1885 cum
1075 1832 1236 1886 nobis
1284 1811 1452 1888 etiam
1498 1833 1796 1890 Psalmista
1838 1837 1988 1890 canit
2029 1835 2113 1890 di-

2219 1811 2446 1902 ἀγαπῶν
2471 1811 2681 1906 ήμέρας
2713 1834 2839 1887 ίδεῖν
2863 1832 3110 1901 ἀγαθάς;
3154 1811 3369 1885 Παῦσον
3409 1831 3508 1902 τὴν
3546 1829 3797 1898 γλῶσσάν

538 1937 715 1976 cens:
750 1941 770 1974 ι
798 1921 934 1988 Quis
965 1932 1052 1977 est
1085 1923 1247 1977 homo
1277 1925 1371 1994 qui
1409 1926 1524 1980 vult
1557 1927 1753 1992 vitam,
1782 1927 1964 1997 diligit
1997 1927 2116 1984 dies

541 2014 729 2069 videre
763 2016 979 2069 bonos?
1009 2015 1245 2071 Contine
1281 2019 1524 2087 linguam
1561 2025 1710 2072 tuam
1746 2034 1776 2072 a
1813 2020 1956 2074 malo
1997 2021 2062 2072 ".
2091 2038 2109 2072 ι

544 2105 734 2160 Nonne
764 2116 1083 2161 sanctorum
1127 2108 1292 2162 vitam
1330 2109 1416 2165 his
1457 2111 1645 2166 verbis
1692 2110 1990 2179 signiﬁcari
2033 2111 2116 2165 di-

541 2199 776 2254 cemus?
817 2200 885 2251 At
927 2199 1136 2263 cuivis,
1183 2200 1404 2269 opinor,
1454 2199 1811 2256 manifestum
1852 2210 1954 2256 est.
2006 2201 2118 2256 Nec

540 2290 685 2342 enim
723 2305 754 2343 a
789 2291 947 2345 malis
983 2291 1264 2346 abstinere
1304 2291 1576 2360 quosdam
1618 2291 1811 2361 jubet,
1855 2301 1918 2345 ut
1965 2300 2118 2348 certe

541 2380 1012 2435 resurrectionem
1049 2382 1241 2435 carnis
1281 2382 1573 2437 obtineant
1605 2384 1936 2453 (resurgent
1967 2383 2113 2438 enim

538 2469 759 2524 etiamsi
792 2485 902 2524 non
929 2471 1273 2526 cessaverint
1301 2486 1331 2525 a
1362 2472 1544 2540 malo)
1571 2513 1586 2538 ,
1615 2473 1709 2527 sed
1738 2473 1805 2527 ad
1834 2474 1983 2527 illam
2016 2489 2116 2544 po-

539 2559 652 2612 tius
681 2560 847 2612 vitam
899 2561 1169 2632 instigat,
1224 2563 1281 2617 in
1318 2549 1424 2632 qua
1473 2563 1608 2618 licet
1658 2565 1887 2620 omnino
1936 2565 2120 2622 videre

538 2651 660 2705 dies
707 2651 922 2718 bonos,
977 2652 1033 2706 in
1087 2652 1356 2710 felicitate
1394 2662 1449 2710 et
1486 2654 1662 2728 gloria
1718 2663 1976 2712 aeternam
2020 2657 2117 2713 de-

536 2751 728 2813 gentes
764 2744 955 2798 vilaut.

609 2833 674 2889 Ill
697 2877 710 2898 ,
744 2836 830 2891 '56.
868 2836 970 2891 Sed
1007 2839 1090 2891 ira
1121 2837 1215 2893 Dei
1244 2839 1478 2894 manebit
1509 2856 1668 2910 super
1697 2858 1835 2896 eum.

607 3011 868 3080 Aperlius
895 3012 1002 3066 hac
1039 3013 1288 3068 illatione
1322 3015 1521 3070 beatus
1557 3014 1800 3085 Baptista
1838 3016 2118 3072 dictorum

535 3115 769 3158 suorum
830 3117 1058 3172 scopum
1115 3105 1383 3159 ostendit.
1435 3105 1627 3161 Discat
1685 3117 1868 3163 autem
1924 3125 2117 3167 rursus

2219 1943 2314 1978 σου
2342 1925 2450 1980 ἀπὸ
2473 1925 2643 1978 κακοῦ
2667 1943 2680 1956 ·
2721 1944 2740 1977 ›
2770 1921 2860 1996 ἆρ’
2885 1925 3004 1995 οὐχὶ
3032 1925 3131 1994 τὴν
3151 1922 3269 1976 ’τῶν
3299 1922 3469 1990 ἁγίων
3505 1925 3562 1976 ἐν
3587 1921 3797 1985 τούτοις

2218 2017 2449 2088 ἐροῦμεν
2471 2015 2980 2086 κατασημαίνεσθαι
3010 2015 3194 2085 ζωήνς
3242 2015 3380 2068 Ἀλλ’
3411 2013 3578 2076 ἔστιν,
3619 2010 3792 2083 οἶμαι,

2217 2110 2352 2162 πᾶσι
2394 2106 2726 2177 καταφανές.
2785 2107 2858 2159 Οὐ
2893 2106 3002 2178 γὰρ
3035 2106 3206 2176 δήπου
3244 2104 3352 2157 τῶν
3395 2103 3614 2173 φαύλων
3660 2104 3795 2154 ἀπο-

2218 2199 2442 2269 σχέσθαι
2471 2198 2682 2251 κελεύει
2737 2197 2909 2274 τινάς,
2955 2198 3042 2250 ἵνα
3069 2197 3132 2268 δὴ
3174 2196 3387 2267 τύχοιεν
3421 2195 3522 2265 τῆς
3554 2192 3796 2256 εἰσαῦθις

2216 2291 2561 2354 ἀναϐιώσεως
2603 2291 2701 2361 τῆς
2755 2289 2957 2360 σαρκὸς
2999 2288 3446 2361 (ἀναστήσονται
3485 2284 3594 2356 γὰρ
3625 2284 3718 2338 καὶ
3748 2284 3796 2335 εί

2220 2382 2294 2453 μὴ
2325 2382 2686 2436 πεπαύσοιντο
2711 2379 2803 2434 τοῦ
2825 2379 3040 2451 κακοῦ)·
3074 2380 3212 2450 πρὸς
3249 2379 3461 2449 ἐκείνην
3505 2377 3561 2430 δὲ
3599 2374 3798 2446 μᾶλλον

2215 2473 2448 2545 ἐρεθίζει
2476 2473 2575 2544 τὴν
2605 2474 2774 2543 ζωὴν,
2824 2465 2938 2545 ἐνῇ
2985 2471 3203 2534 πάντως
3235 2469 3381 2525 ἔστιν
3422 2470 3549 2524 ἰδεῖν
3582 2467 3798 2538 ἡμέρας

2217 2565 2446 2633 ἀγαθὰς,
2501 2565 2558 2617 ἐν
2622 2563 2979 2634 μακαριότητι
3023 2563 3116 2616 καὶ
3148 2562 3278 2634 δόξῃ
3324 2561 3416 2614 τὸν
3469 2559 3800 2632 μακραίωνα

2215 2656 2499 2727 τρίϐοντας
2526 2655 2658 2726 βίον.

2301 2831 2466 2886 Ἀλλ’
2505 2830 2650 2901 ὀρτὴ
2689 2831 2796 2886 τοῦ
2851 2830 3000 2886 Θεοῦ
3045 2829 3222 2901 μενεῖ
3284 2828 3447 2902 [vulg.
3489 2828 3663 2900 μένει]
3704 2827 3799 2881 ἐπ’

2219 2925 2423 2980 αὐτόν.

2291 3017 2633 3086 Γυμνότερον
2655 3017 2789 3086 ἡμῖν
2825 3015 2914 3069 διὰ
2939 3015 3042 3085 τῆς
3061 3017 3120 3070 ἐν
3143 3014 3353 3080 τούτοις
3385 3015 3680 3083 ἐπαγωγῆς
3706 3013 3798 3065 τὸν

2219 3106 2328 3160 τῶν
2361 3105 2666 3176 εἰρημένων
2697 3108 2898 3159 σκοπὸν
2918 3105 3232 3178 ὁμακάριος
3262 3105 3432 3171 ἔδειξε
3461 3104 3794 3173 Βαπτιστής.

536 3192 858 3248 sciscitandi
887 3193 1124 3264 cupidus
1154 3194 1262 3249 vim
1293 3194 1443 3251 illius
1469 3198 1779 3253 sententiae.
1815 3216 1831 3249 ι
1861 3198 1966 3264 Qui
2007 3215 2115 3256 non

2219 3197 2591 3268 Περιαθρείτω
2615 3197 2674 3250 δὲ
2709 3197 2873 3251 πάλιν
2904 3199 2933 3251 6
2958 3197 3318 3268 φιλοζητητὴς
3341 3197 3440 3269 τὴν
3467 3196 3562 3250 τοῦ
3589 3197 3797 3266 νοήμα-

535 3283 743 3350 credit,
779 3286 1000 3356 inquit,
1032 3285 1210 3351 Filio,
1246 3302 1356 3342 non
1391 3287 1603 3344 videbit
1642 3289 1814 3344 vitam
1837 3332 1852 3356 ,
1899 3290 1996 3345 sed
2034 3291 2115 3345 ira

536 3371 636 3428 Dei
669 3375 915 3430 manebit
949 3391 1117 3446 super
1145 3392 1294 3433 eum.
1329 3397 1349 3430 ι
1383 3377 1556 3449 Atqui
1603 3377 1652 3433 si
1699 3377 2114 3450 intelligendum

533 3472 686 3520 esset
724 3465 1070 3520 incredulum
1111 3469 1226 3522 vita
1275 3483 1549 3538 corporea
1599 3483 1791 3524 revera
1838 3470 2115 3539 privatum

535 3555 603 3608 iri
622 3597 637 3619 ,
665 3556 851 3610 statim
877 3557 1066 3625 utique
1098 3558 1404 3625 intulisset,
1440 3561 1538 3615 sed
1566 3575 1718 3616 mors
1745 3562 1998 3617 manebit
2026 3577 2120 3617 su-

535 3662 810 3728 pt-r‘eum.
845 3649 985 3702 Cum
1023 3655 1204 3703 autem
1242 3651 1380 3704 iram
1417 3649 1512 3706 Dei
1554 3651 1843 3718 nominet,
1878 3652 2116 3708 manife-

439 3818 442 3820 γ
537 3748 683 3793 stum
748 3739 906 3808 175
962 3747 1048 3794 est
1095 3748 1420 3795 sanctorum
1475 3740 1730 3797 felicitati
1781 3743 2117 3814 supplicium

536 3829 831 3900 impiorum
875 3846 1197 3903 opponere,
1251 3840 1307 3889 et
1358 3834 1528 3888 vitam
1577 3847 1782 3890 vocare
1827 3849 1946 3888 eam
1995 3852 2118 3906 quae

536 3933 666 3973 vere
693 3927 778 3975 est
812 3921 920 3975 vita
947 3960 964 3984 ,
998 3921 1053 3974 in
1085 3922 1262 3992 gloria
1314 3937 1439 3978 cum
1491 3922 1720 3978 Christo
1750 3940 1765 3978 :
1821 3923 2116 3994 impiorum

535 4024 668 4064 vero
715 4011 1038 4076 cruciatus,
1085 4013 1223 4068 iram
1273 4013 1387 4068 Dei.
1442 4014 1602 4081 Quod
1655 4023 1844 4072 autem
1891 4016 1972 4070 ira
2015 4032 2117 4087 pro

537 4102 830 4172 punitione
875 4105 1076 4175 saepius
1124 4105 1272 4176 apud
1323 4105 1650 4179 Seripturas
1694 4108 1918 4165 divinas
1970 4111 2119 4165 acci-

535 4196 739 4264 piatur,
783 4195 928 4253 duos
979 4205 1155 4254 testes
1205 4199 1511 4267 adducam,
1567 4200 1799 4258 Paulum
1850 4211 1906 4259 et
1955 4201 2119 4259 Ioan-

536 4303 682 4342 nem.
713 4288 812 4344 Ille
841 4291 988 4344 enim
1021 4291 1090 4346 ad
1123 4307 1219 4347 eos
1251 4293 1346 4364 qui
1378 4294 1634 4350 conversi
1683 4304 1842 4350 erant
1881 4310 1948 4352 ex
1979 4311 2116 4366 gen-

533 4382 721 4438 tibus:
751 4402 769 4434 ι
803 4382 868 4438 Ει
899 4400 1149 4450 eramus,
1184 4386 1400 4458 inquit,
1433 4389 1531 4444 lilii
1567 4389 1665 4443 irae
1701 4396 1936 4457 natura,
1975 4391 2120 4446 sicut

2216 3303 2305 3350 τος
2329 3286 2576 3357 δύναμιν.
2601 3303 2620 3337 ι
2662 3287 2722 3340 Ὀ
2746 3285 3006 3349 ἀπειθῶν,
3029 3287 3182 3357 φησὶ,
3205 3287 3285 3357 τῷ
3318 3286 3450 3356 Υἱῷ,
3481 3286 3580 3339 οῦκ
3606 3285 3799 3354 ὄψεται

2215 3376 2316 3447 τὴν
2345 3375 2510 3446 ζωὴν,
2539 3375 2655 3429 ἀλλ’
2688 3376 2722 3446 ἡ
2749 3375 2888 3447 ὀργὴ
2922 3375 3020 3429 τοῦ
3061 3375 3197 3429 Θεοῦ
3233 3377 3385 3446 μενεῖ
3429 3376 3516 3427 ἐπ’
3557 3375 3738 3430 αὐτόν.
3774 3393 3792 3426 ι

2230 3467 2368 3521 Ἀλλ’
2387 3467 2546 3537 εἴπερ
2572 3461 2642 3536 ἦν
2674 3467 2840 3530 ὅντως
2872 3465 3078 3536 ἔρημον
3110 3465 3333 3519 ἔσεσθαι
3368 3465 3467 3536 τῆς
3492 3466 3551 3517 ἐν
3583 3463 3797 3534 σώματι

2218 3554 2362 3626 ζωῆς
2385 3557 2638 3628 ἐννοῆσαι
2658 3556 2751 3610 τὸν
2767 3557 3166 3628 ἀπειθήσαντα,
3187 3556 3402 3619 πάντως
3421 3555 3484 3609 ἂν
3496 3556 3799 3626 ἐπήνεγκεν

2219 3645 2380 3709 εὐθύς
2399 3663 2415 3676 ο
2457 3646 2595 3700 Ἀλλ’
2628 3649 2656 3701 ό
2687 3646 2916 3711 θάνατος
2961 3651 3112 3718 μενεῖ
3142 3648 3228 3700 ἐπ’
3259 3647 3447 3702 αὐτόν.
3493 3646 3712 3717 Ἐπειδὴ
3739 3646 3798 3700 δὲ

2217 3736 2384 3808 ὀργὴν
2411 3737 2664 3809 ὀνομάζει
2685 3737 2844 3804 Θεοῦ,
2888 3738 3047 3809 δῆλον
3081 3738 3148 3792 ἂν
3178 3737 3266 3808 εἴη
3303 3737 3488 3790 λοιπὸν
3528 3738 3651 3800 ταῖς
3691 3737 3800 3790 τῶν

2220 3827 2388 3896 ἁγίων
2413 3828 2691 3899 εὐθυμίαις
2724 3829 2823 3901 τὴν
2845 3829 2952 3882 τῶν
2981 3829 3196 3883 ἀσεϐῶν
3236 3827 3686 3886 ἀντιδιαστέλλων
3707 3828 3800 3880 κό-

2217 3919 2391 3988 λασιν,
2429 3921 2523 3974 καὶ
2574 3920 2718 3992 ζωὴν
2757 3921 2856 3992 μὲν
2898 3920 3189 3976 ἀποκαλῶν
3222 3923 3323 3993 τὴν
3371 3920 3540 3983 ὅντως
3565 3918 3710 3990 ζωὴν
3739 3921 3802 3971 ἐν

2217 4013 2341 4084 δόξῃ
2369 4013 2506 4084 μετά
2536 4012 2795 4083 Χριστοῦ,
2824 4012 2921 4075 τὰς
2947 4012 3004 4065 δὲ
3030 4012 3123 4065 ἐπὶ
3141 4013 3252 4074 τοῖς
3276 4010 3563 4064 ἀσεϐοῦσιν
3593 4004 3796 4074 αίκίας,

2217 4107 2387 4175 ὀργὴν
2419 4103 2510 4158 τοῦ
2544 4103 2678 4157 Θεοῦ
2701 4119 2716 4134 ⁸
2780 4104 2861 4157 ὅτι
2923 4103 2982 4156 δὲ
3042 4103 3180 4174 ὀργὴ
3216 4101 3474 4164 πολλάκις
3510 4103 3543 4172 ὴ
3577 4101 3800 4162 κόλασις

2219 4198 2432 4266 εἴρηται
2462 4197 2614 4268 παρὰ
2634 4197 2752 4257 ταῖς
2777 4195 2951 4258 θείαις
2979 4195 3246 4265 Γραφαῖς,
3275 4192 3368 4246 δύο
3394 4192 3642 4263 παροίσω
3671 4192 3799 4253 τοὺς

2222 4288 2528 4360 μάρτυρας,
2563 4286 2772 4340 Παῦλόν
2796 4303 2857 4339 τε
2900 4285 2995 4339 καὶ
3042 4286 3294 4354 Ἰωάννην
3322 4301 3335 4315 ·
3371 4286 3400 4336 6
3447 4283 3546 4354 μὲν
3571 4282 3677 4353 γὰρ
3694 4281 3796 4350 ἔφη

2220 4379 2356 4451 πρὸς
2400 4381 2526 4443 τοὺς
2557 4378 2616 4443 ἐξ
2673 4377 2844 4431 ἐθνῶν
2910 4377 3336 4447 ἐπιστρέφοντας
3364 4393 3378 4408 ⁸
3425 4395 3444 4428 ‹
3503 4375 3612 4429 Καὶ
3657 4370 3799 4445 ἦμεν

531 4483 590 4530 et
619 4476 804 4532 caeteri
833 4478 919 4543 7';
955 4498 973 4530 ι
1004 4479 1094 4534 hic
1122 4479 1190 4534 ad
1225 4478 1536 4537 Pharisa-os
1563 4491 1617 4538 et
1657 4481 1886 4538 Scribas
1915 4499 1928 4538 :
1957 4500 1975 4532 ι
2003 4481 2113 4538 Ge-

2217 4471 2381 4523 τέκνα
2430 4469 2600 4540 ὀργῆς
2653 4468 2832 4538 φύσει,
2883 4469 2959 4532 ὼς
3011 4469 3107 4522 καὶ
3151 4469 3200 4520 οἱ
3233 4467 3441 4520 λοιποί·
3485 4487 3504 4519 ι
3538 4469 3566 4519 6
3595 4466 3650 4518 δὲ
3687 4467 3798 4527 τοῖς

534 4566 742 4621 nimina
779 4568 1119 4638 viperarum,
1177 4571 1304 4642 quis
1354 4573 1597 4629 ostendit
1644 4573 1801 4629 vobis
1852 4573 2044 4645 fugere
2073 4589 2105 4628 a

533 4662 766 4709 ventura
800 4657 884 4710 ira
912 4657 959 4688 ⁷⁸
985 4658 1008 4711 ?
1036 4677 1055 4709 ι

605 4744 693 4804 IV,
728 4747 841 4801 1-5.
889 4747 956 4802 Ut
979 4765 1098 4820 ergo
1125 4754 1361 4821 cognorit
1389 4752 1646 4808 Dominus
1674 4755 1799 4824 quia
1827 4755 2114 4808 audierunt

533 4835 820 4903 Pharisaei,
853 4841 990 4909 quod
1031 4841 1187 4897 Iesus
1209 4844 1386 4912 plures
1423 4846 1714 4914 discipulos
1745 4847 1900 4917 facit,
1935 4859 1983 4902 et
2019 4849 2114 4903 ba-

533 4928 726 4994 ptizat,
760 4945 916 4998 quam
947 4929 1179 4988 Joannes
1211 4942 1536 5004 (quanquam
1552 4935 1708 4990 Iesus
1737 4955 1842 4992 non
1867 4939 2113 5007 baptiza-

534 5027 633 5080 γει,
692 5016 782 5071 sed
831 5018 1080 5087 discipuli
1120 5023 1280 5092 ejus),
1314 5025 1525 5095 reliquit
1571 5024 1844 5093 Judwam,
1877 5035 1927 5081 et
1981 5028 2114 5082 abiit

534 5104 722 5161 iterum
767 5107 821 5161 in
862 5106 1164 5166 Galilaeam.

603 5281 890 5338 Undenam
944 5281 1053 5337 huc
1107 5285 1439 5354 processerit
1481 5287 1681 5353 oratio,
1748 5299 1842 5346 aut
1891 5305 2002 5361 quo
2046 5307 2112 5348 ex

532 5373 716 5444 capite
742 5373 1077 5430 narrationis
1106 5373 1300 5430 ordine
1332 5375 1439 5432 huc
1478 5377 1742 5448 perducto
1785 5384 2110 5454 cognovisse

534 5459 800 5520 Dominus
830 5464 1050 5521 dicatur
1091 5481 1214 5537 qua:
1241 5464 1503 5523 Pharisaei
1537 5469 1848 5539 audierant,
1887 5489 1996 5528 non
2033 5475 2112 5530 in-

535 5553 747 5609 sulsum
779 5557 904 5623 erit,
935 5557 1154 5628 opinor,
1174 5557 1378 5616 dicere.
1403 5559 1536 5616 Illud
1569 5561 1713 5616 enim
1737 5565 2104 5635 evangelistae,

605 5729 650 5764 "
683 5732 796 5786 Col.
833 5749 922 5798 lll,
949 5735 1014 5802 3,
1044 5738 1094 5790 4.
1174 5743 1217 5773 ⁷⁸
1251 5741 1393 5797 Psal.
1429 5759 1599 5798 \‘XXlll
1624 5786 1636 5810 ,
1669 5743 1750 5808 l5,
1794 5745 1874 5800 li.

1955 5745 1998 5772 ’³
2035 5744 2233 5815 Ephes.
2278 5762 2339 5810 ιι,
2381 5746 2426 5799 5.

2218 4561 2611 4634 Γραμματεῦσι
2637 4561 2731 4614 καὶ
2761 4561 3096 4631 Φαρισαίοις,
3140 4579 3158 4610 ‹
3193 4560 3516 4630 Γεννήματα
3553 4555 3796 4628 ἐχιδνῶν,

2219 4653 2301 4718 τίς
2323 4652 2602 4719 ὑπέδειξεν
2628 4654 2757 4724 ύμῖν
2786 4653 2980 4721 φυγεῖν
3011 4651 3120 4704 ἀπὸ
3136 4650 3236 4721 τῆς
3268 4648 3565 4720 μελλούσης
3587 4649 3755 4718 ὀργῆς
3778 4665 3796 4713 ;

2303 4746 2402 4812 Ὠς
2434 4742 2546 4799 οὖν
2577 4744 2730 4813 ἔγνω
2759 4746 2792 4798 ὁ
2821 4744 3057 4813 Κύριος,
3093 4742 3183 4796 ὅτι
3225 4741 3504 4809 ἤκουσαν
3541 4742 3594 4792 el
3628 4743 3800 4806 Φαρι-

2215 4834 2398 4900 σαῖοι,
2443 4834 2533 4888 ὅτι
2591 4833 2821 4900 Ἰησοῦς
2869 4833 3159 4898 πλείονας
3189 4832 3460 4901 μαθητὰς
3492 4829 3651 4883 ποιεῖ
3697 4827 3797 4882 καί

2208 4925 2501 4990 βαπτίζει,
2555 4924 2593 4992 τί)
2650 4925 2925 4992 Ἰωάννης
2960 4924 3172 4995 (καίτοι
3221 4940 3288 4992 γε
3334 4921 3516 4987 αὐτὸς
3560 4919 3797 4988 Ἰησοῦς

2213 5018 2325 5070 οὐκ
2382 5015 2707 5081 ἐϐάπτιζεν,
2752 5017 2890 5070 ἀλλ’
2944 5018 2998 5070 ol
3037 5015 3293 5085 μαθηταί
3333 5012 3567 5083 αὐτοῦ),
3600 5009 3798 5081 ἀφῆκε

2216 5109 2330 5178 τὴν·
2381 5108 2711 5177 Ἰουδαίαν,
2740 5109 2838 5162 καὶ
2873 5106 3108 5175 ἀπῆλθε
3137 5105 3324 5160 πάλιν
3347 5109 3433 5173 είς
3468 5105 3583 5175 τὴν
3621 5107 3799 5159 Γαλι-

2218 5201 2420 5256 λαίαν.

2289 5293 2459 5348 Πόθεν
2492 5294 2623 5364 ἡμῖν
2651 5293 2730 5357 εἰς
2768 5290 2925 5346 τοῦτο
2953 5291 3200 5363 πρόεισιν
3237 5291 3265 5344 6
3286 5290 3465 5359 λόγος,
3496 5289 3528 5360 ἢ
3554 5291 3619 5344 ἐκ
3638 5287 3796 5350 ποίας

2215 5384 2390 5456 ἀρχῆς
2419 5385 2454 5455 ή
2472 5384 2565 5438 τοῦ
2587 5385 2920 5456 διηγήματος
2951 5383 3302 5455 καθέρπουσα
3327 5381 3502 5448 τάξις,
3523 5378 3797 5448 ἐγνωκότα

2215 5477 2306 5530 τὸν
2339 5477 2544 5550 Κύριον
2576 5478 2960 5549 εἰσφέρειτοὺς
2989 5476 3335 5549 Φαρισαίους,
3370 5475 3515 5545 ἅπερ
3537 5472 3797 5526 ἐπύθοντο

2221 5569 2430 5637 μαθεῖν,
2451 5568 2551 5621 οὐκ
2577 5567 2841 5639 ἄκομψον,
2862 5568 2937 5632 ὡς
2960 5566 3154 5634 ἔοικεν,
3189 5566 3380 5619 εἰπεῖν.
3404 5563 3477 5616 T6
3503 5561 3633 5632 γὰρ,
3665 5579 3684 5614 ι
3704 5559 3794 5624 Ὧς

2511 5747 2553 5778 ⁷⁵
2591 5744 2723 5802 Luc.
2763 5762 2845 5813 ιιι,
2897 5746 2947 5802 7.
