4090 6266
295 247 402 303 289

1315 296 1320 302 .
1348 247 1413 302 IN
1442 246 1728 303 JOANNIS
1751 244 2205 302 EVANGELIUM
2235 245 2370 315 .LIB.
2416 246 2483 303 ll.

3453 252 3560 307 290

291 354 384 416 οῦν
418 341 564 427 ἔγνω
592 359 620 412 6
652 356 876 428 Κύριος,
909 373 934 405 .t
966 356 1144 424 λέγειν
1175 355 1270 410 τὸν
1289 356 1444 425 άγιον
1468 357 1876 428 εὐαγγελιστὴν,

1991 374 2009 407 ι
2046 356 2117 412 Ut
2157 372 2287 426 ergo
2317 357 2572 427 cognovit
2605 357 2890 422 Dominus,
2925 379 2943 411 ι
2996 363 3325 433 praeteritam
3363 380 3560 435 quam-
3609 338 3613 342 .

291 451 532 522 lpcpaciv
565 467 692 504 τινα
744 451 1210 519 προῦποκειμένου
1249 450 1570 520 πράγματος
1603 451 1882 504 ἀνατίκτει

294 542 489 612 σαφῶς
515 560 531 572 ·
573 541 753 594 πάντα
789 539 886 609 μὲν
932 539 1058 611 γάρ,
1085 539 1296 603 οὐδενός
1333 558 1385 593 τι
1420 539 1879 610 καταμηνύοντος,

296 633 629 702 αὐτομάτως
675 629 833 693 οἶδεν,
886 631 962 693 ὡς
1020 630 1174 695 Θεὸς,
1234 631 1329 685 καὶ
1383 631 1483 701 οὐχ
1509 633 1599 686 ὅτε
1634 633 1881 701 γίγνεται

300 724 560 794 πρώτως,
594 723 728 778 ἀλλά
758 724 851 776 καὶ¹
882 724 1011 793 πρὶν
1049 722 1316 799 γενέσεως
1349 724 1547 790 αὐτῶν,
1578 726 1654 789 ὡς
1682 727 1710 779 6
1747 742 1881 796 προ-

303 818 486 887 φήτης
513 814 924 886 διεμαρτύρατο.
969 814 1264 885 Περιμένει
1301 815 1359 868 δὲ
1386 817 1513 880 τοὺς
1541 816 1626 885 ἐφ’
1665 817 1881 887 ἑκάστῳ

305 907 550 977 καιροὺς,
581 907 670 959 καὶ
697 908 816 968 ταῖς
846 905 956 958 τῶν
983 907 1325 976 πραγμάτων
1357 905 1720 974 ἀκολουθίαις,
1746 907 1780 977 ἢ
1812 910 1878 979 τῇ

308 996 626 1068 προγνώσει,
659 997 860 1067 μᾶλλον
898 997 1206 1052 ἐνδίδωσιν·
1241 993 1311 1068 ἦν
1331 998 1440 1070 γάρ
1468 998 1532 1068 δὴ
1585 999 1678 1052 καὶ
1722 998 1881 1052 τοῦτο

306 1086 635 1156 θεοπρεποῦς
687 1088 1002 1159 οἰκονομίας
1049 1089 1217 1155 ἄξιον.
1255 1090 1542 1160 Ζητήσεως
1592 1088 1880 1160 τοιγαροῦν

201 1209 210 1218 -
302 1179 594 1250 γενομένης
623 1180 689 1232 ἐκ
729 1179 838 1233 τῶν
873 1180 1132 1251 μαθητῶν
1170 1181 1415 1235 Ἰωάννου
1454 1182 1592 1251 μετά
1627 1181 1878 1234 Ἰουδαίου

301 1272 429 1343 περὶ
461 1271 827 1344 καθαρισμοῦ,
889 1273 1056 1336 πολὺς
1089 1274 1222 1342 παρ’
1281 1274 1483 1343 ἀμφοῖν
1515 1269 1583 1343 ἦν
1624 1274 1653 1326 6
1681 1274 1837 1341 λόγος
1861 1290 1877 1303 ο

295 1361 346 1413 οἱ
368 1360 466 1430 μὲν
492 1361 602 1432 γάρ
633 1360 711 1431 τῷ
743 1360 930 1432 οἰκείῳ
957 1361 1258 1431 διδασκάλῳ
1283 1362 1752 1432 συναγορεύοντες,
1772 1361 1880 1416 τῶν

297 1454 538 1523 νομικῶν
568 1453 1065 1526 περιρραντηρίων,
1091 1455 1184 1507 καὶ
1209 1453 1318 1508 τῶν
1363 1456 1493 1526 παρ’
1527 1455 1758 1519 ἐκείνοις
1781 1473 1878 1509 τυ-

297 1545 474 1598 πικῶν
507 1545 870 1616 καθαρισμῶν
919 1547 974 1599 ἐν
1021 1546 1298 1616 ἀμείνοσιν
1336 1547 1435 1617 ἤδη
1477 1547 1692 1616 μέτροις
1718 1547 1782 1598 τὸ
1808 1547 1878 1600 δι’

296 1636 464 1689 αὖτοῦ
487 1636 741 1704 γενέσθαι
775 1637 1094 1690 διετείνοντο
1141 1637 1443 1707 βάπτισμα.
1486 1640 1596 1692 Καὶ
1616 1639 1702 1709 δὴ,
1733 1639 1876 1694 κατὰ

1980 448 2104 502 dam
2131 463 2244 503 rem
2273 449 2564 506 manifeste
2581 451 2848 506 declarat.
2879 451 3150 507 Universa
3177 455 3382 524 quippe
3414 460 3561 511 nullo

1981 547 2324 592 monstrante
2374 540 2488 608 ipse
2523 556 2622 610 per
2656 557 2719 596 se
2762 543 2935 607 novit,
2978 553 3037 597 ut
3082 543 3245 609 Deus,
3294 560 3401 599 non
3436 560 3560 600 cum

1980 631 2214 700 primum
2242 630 2399 694 fiunt,
2433 633 2528 686 sed
2553 633 2716 686 etiam
2741 644 3030 704 antequam
3061 636 3214 700 ﬁant,
3249 644 3308 690 ut
3331 645 3563 692 testatus

1978 729 2064 777 est
2118 724 2383 792 propheta
2406 724 2496 778 W.
2535 725 2828 796 Exspectat
2874 737 3057 784 autem
3122 732 3562 801 uniuscujusque

1978 819 2248 883 tempora,
2273 825 2328 869 et
2360 830 2540 870 rerum
2575 819 2971 874 consecutione
3002 820 3188 888 potius
3222 836 3388 889 quam
3414 837 3551 890 prae-

1981 903 2202 958 notione
2225 903 2415 959 deﬁnit
2444 924 2457 959 :
2491 917 2575 962 est
2597 907 2742 961 enim
2777 908 2910 963 illud
2942 925 3164 980 quoque
3195 911 3377 964 divina
3407 920 3562 965 certe

1979 990 2393 1062 dispensatione
2423 995 2670 1066 dignum.
2703 996 3020 1062 Quaestione
3052 1002 3218 1070 igitur
3263 1017 3293 1055 a
3326 1001 3562 1060 Joannis

1979 1081 2266 1151 discipulis
2291 1095 2410 1138 orta
2441 1100 2566 1138 cum
2593 1083 2782 1141 Judaao
2813 1088 2881 1142 de
2929 1091 3330 1158 purificatione,
3361 1106 3558 1160 magno

1980 1176 2204 1244 utrique
2239 1175 2423 1230 studio
2472 1192 2628 1231 suam
2666 1179 2980 1248 opinionem
3033 1179 3418 1236 defendebant.
3473 1181 3555 1234 Illi

1979 1265 2124 1321 enim
2167 1281 2328 1320 suum
2385 1267 2714 1336 magistrum
2766 1276 3008 1334 tuentes,
3040 1268 3163 1338 ejus
3224 1271 3554 1340 baptismum

1979 1355 2245 1425 legalibus
2275 1356 2692 1425 aspersionibus
2728 1366 2784 1413 et
2823 1359 3025 1428 typicis
3075 1359 3556 1428 puriﬁcationibus

1980 1454 2244 1516 praestare
2277 1447 2705 1502 contendebant.
2739 1448 2818 1500 Ad
2867 1448 3011 1518 quod
3054 1451 3394 1519 probandum
3423 1450 3554 1504 alie-

1979 1539 2192 1602 rebant,
2229 1539 2433 1592 multos
2459 1538 2660 1608 priscis
2690 1538 2888 1595 ritibus
2929 1541 3137 1596 relictis
3167 1541 3231 1594 ad
3258 1556 3382 1596 eum
3411 1542 3556 1596 ultro

1979 1642 2040 1684 se
2067 1627 2343 1683 conferre.
2378 1627 2443 1681 Hi
2471 1637 2677 1694 autem,
2708 1645 2833 1684 cum
2869 1631 3311 1686 adversariorum
3339 1647 3554 1686 sermo-

300 1729 364 1780 τὸ
394 1727 566 1792 εἰκὸς,
596 1729 677 1791 εἰς
723 1727 994 1792 ἀπόδειξιν
1021 1727 1302 1782 ἐποιοῦντο
1322 1729 1412 1782 τοῦ
1440 1729 1781 1802 πράγματος,
1814 1733 1876 1787 τὸ

1979 1717 2142 1773 nibus
2177 1718 2230 1772 in
2278 1734 2522 1789 praeceps
2569 1727 2917 1789 raperentur,
2967 1727 3021 1774 et
3065 1721 3316 1776 veritatis
3348 1724 3399 1774 vi
3451 1737 3554 1776 ceu

303 1818 535 1881 πολλοὺς
563 1819 661 1888 μὲν
687 1817 824 1872 ἱέναι
860 1819 995 1890 πρὸς
1039 1821 1222 1883 αὑτὸν,
1261 1820 1370 1874 τῶν
1405 1821 1461 1874 δὲ
1512 1824 1878 1896 ἀρχαιοτέρων

303 1911 403 1963 καὶ
423 1910 630 1964 ἄνωθεν
673 1910 812 1964 ἐθῶν
855 1910 1050 1980 ἥδιστα
1113 1911 1231 1965 λίαν
1257 1913 1573 1984 ἀποφοιτᾷν.
1608 1917 1670 1969 Οἱ
1714 1917 1771 1970 δὲ
1811 1913 1877 1971 αὖ

305 1995 493 2062 πάλιν,
557 1995 788 2067 ἐπείπερ
836 2000 951 2060 τοῖς
1005 1998 1074 2051 δι’
1109 2001 1358 2064 ἐναντίας
1396 2003 1425 2054 6
1455 2002 1609 2071 λόγος
1656 2005 1880 2076 ἐφέρετο

304 2084 449 2138 κατά
478 2085 741 2155 πρανοῦς,
772 2085 864 2140 καὶ
896 2087 1102 2140 ὑδάτων
1133 2087 1289 2158 δίκην
1322 2091 1753 2162 καταρροίςουσα
1779 2095 1880 2166 τῆς

299 2174 618 2246 ἀληθείαςή
661 2175 908 2246 δύναμις,
956 2177 1046 2230 τὸν
1073 2177 1275 2249 ἀδρανῆ
1325 2179 1434 2233 τῶν
1472 2179 1878 2252 ἀνθεστηκότων

300 2266 563 2330 ἐδάπτιζε
613 2267 756 2330 νοῦν,
797 2269 893 2322 ἐπὶ
949 2269 1012 2322 τὸ
1048 2269 1202 2340 παρὰ
1245 2270 1470 2342 γνώμην
1495 2275 1754 2344 χωροῦσι,
1783 2278 1880 2331 καὶ

299 2357 543 2422 ἄκοντες,
561 2357 696 2411 πολὺ
718 2358 782 2430 δὴ
799 2357 1015 2413 κάλλιον
1035 2358 1173 2414 εἶναι
1195 2361 1512 2430 λέγοντεςτὸ
1531 2365 1620 2419 διά
1639 2367 1877 2438 Χριστοῦ

299 2445 593 2519 λεγόμενον
616 2448 918 2521 βάπτισμα·
944 2453 1040 2505 καὶ
1074 2454 1446 2524 κατεκράτουν
1461 2457 1583 2528 ήδη,
1609 2460 1721 2524 τοῖς
1745 2460 1878 2526 ίσοις

300 2539 379 2602 εἰς
402 2539 676 2604 ἀπόδειξιν
703 2542 1146 2613 ἀποχρησάμενοι
1183 2543 1481 2616 λογισμοῖς,
1518 2549 1612 2602 καὶ
1657 2550 1746 2604 δῖά
1769 2552 1879 2606 τῶν

303 2628 482 2682 αὐτῶν
497 2629 895 2701 ἐνθυμημάτων
914 2635 1024 2696 τοῖς
1043 2624 1388 2709 νενικηκόσιν
1405 2637 1841 2714 ἀντεγειρόμενοι
1859 2661 1872 2675 ·

304 2719 482 2790 πολλῷ
504 2721 613 2792 γὰρ
639 2722 870 2790 ὁρᾶσθαι
897 2722 1114 2788 πλείους
1134 2725 1530 2799 διισχυρίζοντο
1551 2733 1679 2796 τοὺς
1706 2750 1877 2806 προσ-

308 2814 484 2874 ιόντας
535 2812 774 2883 Χριστῷ,
830 2815 926 2867 καὶ
972 2815 1178 2880 πάντας
1225 2819 1418 2889 ἐκέίνῳ
1468 2822 1692 2892 μᾶλλον,
1735 2827 1876 2898 ἢπερ

319 2897 534 2971 Ἰωάννῃ
586 2903 980 2973 προστρέχειν·
1033 2905 1154 2959 ὅθεν
1209 2903 1390 2978 οἴμαι·
1418 2911 1513 2964 καὶ
1559 2915 1641 2976 είς
1701 2897 1877 2986 λύπην

1975 1810 2212 1883 quodam
2243 1825 2508 1880 aquarum
2541 1810 2910 1866 obruerentur
2940 1811 3168 1880 impetu,
3204 1818 3404 1880 praeter
3432 1826 3555 1867 seu.

1975 1904 2204 1958 tentiam
2263 1911 2428 1972 atque
2482 1903 2638 1957 inviti
2694 1903 2851 1958 fateri
2902 1911 3176 1972 coguntur
3225 1901 3384 1972 longe
3420 1918 3555 1972 pra:-

1977 1993 2216 2048 stantius
2249 2008 2375 2050 esse
2407 1993 2617 2049 Christi
2662 1995 2961 2064 baptisma,
2995 1992 3427 2062 obtinebantqtte
3455 1994 3556 2049 de-

1978 2099 2126 2139 mum
2164 2084 2357 2139 iisdem
2389 2092 2603 2140 utentes
2632 2086 2698 2139 ad
2726 2085 2778 2139 id
2807 2085 3296 2140 demonstrandum
3327 2086 3554 2141 rationi-

1977 2176 2102 2242 bus,
2135 2185 2190 2232 et
2233 2176 2508 2232 similibus
2539 2177 2882 2246 argumentis
2913 2177 2966 2230 in
2999 2177 3232 2233 victores
3269 2179 3430 2249 176
3470 2179 3556 2232 in-

1979 2266 2291 2338 surgebant;
2319 2267 2492 2320 multo
2515 2266 2700 2336 plures
2729 2266 2873 2321 enim
2900 2265 2965 2319 ad
2990 2265 3266 2319 Christum
3295 2281 3458 2336 quam
3485 2266 3554 2320 ad

1977 2357 2238 2414 Joannem
2269 2357 2552 2421 accedere,
2583 2357 2692 2412 imo
2710 2373 2839 2413 vero
2867 2366 3096 2413 cunctos
3121 2372 3410 2413 accurrere
3437 2359 3553 2412 aie-

1977 2449 2124 2505 bant.
2161 2449 2298 2504 llinc
2325 2449 2521 2518 opinor
2557 2449 2814 2505 incensos
2864 2447 3096 2504 Joannis
3134 2449 3437 2519 discipulos
3486 2449 3553 2504 ad

1977 2539 2294 2609 magistrum
2345 2554 2506 2594 suum
2562 2539 2801 2606 venisse,
2832 2539 3074 2596 dicentes
3118 2557 3132 2593 :
3176 2557 3193 2591 ι
3229 2539 3423 2604 Rabbi,
3457 2539 3554 2608 qui

1977 2641 2091 2685 erat
2111 2637 2290 2686 tecum
2319 2638 2472 2685 trans
2492 2628 2808 2694 Jordanem,
2830 2631 2918 2684 cui
2945 2639 3002 2684 tu
3031 2631 3403 2686 testimonium
3431 2646 3554 2701 per-

1978 2721 2225 2789 hibuisti,
2257 2737 2404 2784 ecce,
2448 2721 2537 2775 hic
2587 2722 2852 2791 baptizat,
2910 2731 2964 2776 et
3007 2738 3198 2778 omnes
3230 2724 3454 2778 veniunt
3485 2723 3553 2776 ad

1976 2828 2098 2868 eum
2129 2814 2196 2868 ⁷⁸.
2238 2831 2257 2863 ι
2297 2811 2609 2867 Judaeorum
2646 2814 2848 2882 quippe
2882 2814 3256 2868 contentiosas
3302 2814 3554 2883 proposi-

1978 2907 2153 2960 tiones
2205 2905 2321 2960 sive
2375 2905 2616 2959 rationcs
2663 2903 3126 2957 demonstrativas
3181 2900 3554 2970 interrogandi

1977 2995 2140 3049 modo
2189 2993 2494 3065 proferunt.
2530 2990 2671 3048 Hinc
2717 3008 2848 3064 ergo
2887 2992 3223 3063 evangelista
3265 2991 3553 3045 Dominum

1978 3084 2054 3138 ait
2083 3085 2431 3154 cognovisse,
2492 3081 2641 3153 quod
2682 3082 2968 3137 audierant
3023 3080 3307 3145 Pharisaai,
3365 3079 3553 3136 Jesum

310 2990 711 3056 ἀνακαυθέντας
743 2994 870 3056 τοὺς
908 2995 1152 3049 Ἰωάννου
1181 2999 1456 3069 μαθητὰς,
1481 3003 1558 3072 τῷ
1583 3005 1767 3076 οἰκείῳ
1795 3007 1876 3060 δι-

304 3078 551 3152 δασκάλῳ
581 3083 900 3152 προσελθεῖν
924 3083 1178 3152 λέγοντας
1201 3104 1214 3118 ·
1250 3106 1268 3138 ι
1319 3089 1528 3155 Ῥαδεὶ,
1557 3093 1616 3156 ὃς
1637 3090 1704 3164 ἦν
1741 3098 1877 3166 μετά

304 3172 398 3265 σὲῦ
427 3173 596 3245 πέραν
655 3175 749 3228 τοῦ
792 3175 1078 3246 Ἰορδάνου,
1121 3171 1164 3246 ᾧ
1202 3181 1266 3234 σὺ
1313 3184 1766 3257 μεμαρτύρηκας,
1801 3189 1877 3243 [δε

1979 3210 2175 3265 nempe
2211 3195 2399 3264 plures
2454 3193 2759 3265 discipulos
2817 3193 2998 3248 facere
3049 3207 3212 3262 quam
3260 3190 3550 3247 Joannem.

296 3253 456 3325 οὗτος
480 3262 750 3332 βαπτίζει,
775 3267 869 3320 καὶ
893 3267 1092 3332 πάντες
1115 3267 1362 3340 ἔρχονται
1389 3253 1524 3342 πρὸς
1560 3253 1741 3332 αὐτόν.
1767 3280 1878 3342 Τὰς

1979 3285 2101 3341 Mox
2135 3302 2323 3341 eorum
2366 3287 2642 3356 ingentem
2666 3286 2849 3340 vitans
2884 3283 3172 3347 invidiam,
3205 3291 3259 3338 et
3291 3297 3393 3338 suo
3417 3291 3554 3335 tem-

299 3353 493 3447 γάρᾲέξ
519 3354 695 3426 ἔριδος
720 3357 831 3409 τῶν
869 3359 1135 3414 Ἰουδαίων
1172 3363 1482 3432 προτάσεις,
1519 3366 1638 3437 ἦτοι
1687 3368 1878 3439 λόγους

1980 3377 2100 3447 pori
2137 3378 2448 3446 passionem
2489 3391 2808 3440 reservans,
2855 3391 2924 3432 ex
2964 3375 3278 3430 Judaeorum
3330 3373 3554 3443 regione

301 3444 736 3512 ἀποδεικτικοὺς,
754 3449 828 3512 ὡς
846 3451 903 3504 ἐν
919 3450 1185 3522 ἐρωτήσει
1212 3455 1582 3526 προΐσχονται.
1602 3460 1878 3517 Ἐντεῦθεν

1981 3482 2042 3523 se
2074 3469 2351 3535 subducit,
2393 3483 2728 3538 rursumque
2757 3468 3052 3523 revertitur
3094 3468 3149 3522 in
3179 3466 3480 3520 Galilaeam.

299 3537 589 3608 τοιγαροῦν
615 3539 913 3606 ἐγνωκέναι
959 3542 1122 3612 φησὶν
1157 3543 1185 3595 6
1214 3543 1603 3619 εύαγγελιστὴς
1631 3550 1722 3604 τὸν
1755 3551 1979 3624 Κύριον,
2011 3555 2092 3609 ὅτι
2117 3557 2353 3626 ἥκουσαν
2423 3559 2472 3611 oi
2539 3537 2842 3626 Φαρισαῖοι,
2877 3558 2958 3610 ὅτι
3035 3555 3239 3622 Ἰησοῦς
3303 3555 3553 3618 πλείονας

305 3632 552 3703 μαθητὰς
580 3635 804 3705 ποιεῖ,ἢ
847 3635 1121 3706 Ἰωάννης.
1151 3633 1284 3692 Εἶτα
1310 3638 1401 3693 τὸν
1423 3640 1658 3708 ἐξαίσιον
1724 3647 1902 3702 αὐτῶν
1977 3652 2408 3722 παραιτούμενος
2459 3652 2685 3722 φθόνον,
2733 3653 2827 3705 καὶ
2869 3650 3046 3723 καιρῷ
3098 3651 3379 3720 φυλάττων
3438 3653 3555 3716 ἰδίῳ

301 3729 366 3784 τὺ
407 3729 618 3793 παθεῖν,
674 3731 774 3800 τῆς
802 3730 900 3801 μὲν
930 3731 1037 3785 τῶν
1085 3733 1353 3788 Ἰουδαίων
1390 3736 1638 3802 ὑπέξεισι
1666 3739 1871 3814 χώρας,
1909 3745 2183 3818 ἀναχωρεῖ
2207 3747 2264 3800 δὲ
2285 3747 2447 3801 πάλιν
2467 3749 2548 3810 είς
2583 3747 2684 3819 τὴν
2712 3747 3021 3801 Γαλιλαίαν.

376 3822 527 3874 Ἔδει
564 3821 633 3874 δὲ
671 3822 859 3876 αὑτὸν
886 3822 1226 3892 διέρχεσθαι
1261 3825 1362 3880 διὰ
1383 3827 1493 3896 τῆς
1515 3832 1876 3901 Σαμαρείας·

2055 3838 2142 3904 ιν,
2179 3838 2233 3905 4,
2267 3839 2320 3894 5.
2366 3838 2654 3906 Oportebat
2695 3850 2870 3893 autem
2898 3855 3016 3893 eum
3046 3839 3276 3893 transire
3318 3855 3409 3907 per
3442 3837 3556 3893 Sa-

303 3913 535 3981 ἔρχετιιι
574 3911 688 3968 οὖν
703 3916 790 3980 εἰς
824 3915 1004 3970 πόλιν
1034 3915 1145 3985 τῆς
1168 3919 1501 3988 Σαμαρείας
1546 3924 1878 3994 λεγομένην

1983 3931 2230 3984 muriam.
2269 3929 2416 3984 Venit
2449 3946 2568 3999 ergo
2598 3931 2652 3983 in
2682 3933 2947 3985 civitatem
2981 3929 3246 3985 Samaria:
3274 3946 3389 4000 qua:
3427 3930 3552 3984 dici-

301 4004 536 4071 Συχὰρ,
599 4005 866 4070 πλησίον
915 4007 1023 4061 τοῦ
1071 4009 1309 4076 χωρίου,
1347 4011 1380 4064 ὃ
1418 4011 1642 4069 ἔδωκεν
1680 4017 1878 4072 Ἰακὼϐ

1983 4027 2068 4072 tur
2095 4018 2310 4084 Sichar,
2338 4018 2490 4084 iuxta
2516 4019 2775 4088 pradium
2812 4017 2949 4087 quod
2984 4017 3130 4072 dedit
3156 4014 3323 4070 Jacob
3355 4013 3551 4083 Ioseph

314 4090 526 4160 Ἰωσὴφ
560 4092 639 4157 τῷ
661 4092 768 4158 υἱῷ
804 4097 1011 4151 αὑτοῦ.

1979 4111 2093 4179 ﬁlio
2130 4127 2246 4164 suo.

1901 3051 1944 3110 C

377 4185 442 4234 Ὦ
465 4183 674 4273 πολλῆς
704 4185 1001 4273 ἀγχινοίας,
1033 4190 1127 4242 καὶ
1150 4191 1390 4262 ἀκράτου
1417 4195 1628 4267 νήψεως
1648 4201 1662 4252 l
1684 4198 1875 4268 φθάνει

2050 4201 2096 4256 0
2123 4202 2316 4256 miram
2343 4201 2549 4273 ingenii
2580 4201 2964 4264 acrimoniam,
2997 4212 3062 4252 ac
3097 4196 3416 4252 defaecatam
3455 4212 3551 4252 so-

297 4274 422 4334 ταῖς
451 4269 766 4337 ἀπολογίαις
799 4272 862 4325 τὰ
908 4272 1238 4346 ζητήσεσθαι
1270 4284 1729 4356 προσδοκώμενα·
1753 4283 1876 4342 εἷπε

1981 4293 2194 4350 lertiam
2226 4295 2240 4348 ι
2268 4269 2644 4364 respondendo
2676 4293 2936 4364 prmvenit
2957 4306 3078 4362 quae
3109 4305 3234 4345 mox
3259 4289 3550 4359 quaerenda

301 4361 504 4454 idP-5V
531 4379 616 4454 Tt;
640 4363 877 4437 εὖθὺςνῆ
915 4368 1088 4438 ἑτέρῳ
1133 4371 1469 4441 προσλαλῶν,
1507 4376 1540 4448 ἢ
1580 4376 1878 4449 λεληθότως

1982 4387 2292 4444 veniebant.
2343 4361 2580 4446 dixisset
2613 4361 2756 4442 enim
2800 4386 2987 4441 statim
3034 4384 3255 4454 aliquis,
3301 4391 3548 4438 autcum

301 4451 782 4524 διενθυμούμενος·
811 4456 916 4508 Τοῦ
948 4457 1010 4526 δὴ
1036 4459 1197 4529 χάριν
1219 4464 1246 4514 6
1267 4465 1470 4535 Κύριος
1493 4469 1647 4538 ήμῶν
1671 4471 1880 4541 Ἰησοῦς

303 4542 560 4612 Χριστὸς,
591 4546 691 4598 ούκ
715 4548 773 4600 ἐν
785 4547 958 4619 καιρῷ
977 4547 1056 4620 τῷ
1079 4553 1368 4622 καθήκοντι
1391 4558 1501 4612 τῶν
1523 4558 1880 4632 Σαμαρειτῶν

305 4634 602 4724 ἐποιήσατο
632 4642 949 4710 φωτισμόν;
983 4643 1263 4712 Προσῆλθε
1294 4647 1394 4716 μὲν
1423 4648 1530 4721 γὰρ
1557 4651 1590 4722 ἡ
1623 4653 1882 4724 Συροφοι-

303 4723 522 4779 νίκισσά
547 4743 696 4791 ποτε,
725 4729 814 4782 τὸν
839 4733 930 4784 ἐπὶ
980 4733 1046 4801 τῇ
1095 4733 1426 4807 ταλαιπώρῳ
1477 4723 1712 4812 θυγατρί
1740 4744 1878 4814 μετά

303 4814 555 4887 δακρύων
584 4819 730 4873 ἔλεον
759 4821 1068 4892 ἐξαιτοῦσα,
1089 4827 1183 4880 καὶ
1205 4827 1257 4880 τί
1293 4831 1428 4899 πρὸς
1456 4832 1621 4904 αὐτὴν
1652 4837 1680 4888 6
1700 4836 1878 4903 φιλοιο

305 4904 594 4976 κτίρμων;
623 4926 640 4958 ι
684 4912 757 4962 Ού
801 4913 980 4978 καλὸν,
1030 4915 1185 4985 φησὶ,
1216 4916 1398 4970 λαϐεῖν
1428 4919 1518 4973 τὸν
1567 4924 1730 4992 ἄρτον
1769 4923 1880 4977 τῶν

303 4994 537 5058 τέκνων,
567 4999 659 5049 καὶ
687 4998 866 5066 βαλεῖν
906 5005 1022 5066 τοῖς
1065 5006 1376 5076 κυναρίοις·
1408 5026 1427 5058 ι
1453 5009 1514 5061 οὺ
1546 5010 1674 5081 γὰρ,
1698 5007 1878 5082 οἶμαι,

303 5085 418 5138 δεῖν
438 5085 749 5155 ἐδοκίμαζε,
784 5091 1032 5164 πρόωρον
1084 5097 1196 5160 τοῖς
1245 5095 1304 5160 ἐξ
1356 5097 1524 5152 ἐθνῶν
1551 5101 1649 5169 τὴν
1677 5104 1790 5164 τοῖς
1818 5102 1880 5167 ἐξ

319 5176 538 5248 Ἰσραὴλ
599 5179 1030 5252 ἀπονεμηθεῖσαν
1084 5187 1560 5258 ἐπιδαψιλεύεσθαι
1605 5194 1805 5262 χάριν·
1851 5193 1880 5247 ὃ

305 5267 370 5339 δὴ
391 5268 485 5323 καὶ
512 5269 844 5342 σαφέστερον
859 5275 1018 5339 αὐτὸς
1037 5278 1207 5332 ἐποίει
1230 5279 1401 5350 λέγων
1417 5298 1432 5313 ·
1461 5300 1480 5332 ι
1509 5283 1622 5336 Ούκ
1644 5285 1882 5338 ἀπεστά-

307 5359 424 5430 λην,
488 5361 536 5414 εί
593 5362 668 5433 μὴ
712 5365 792 5427 είς
840 5366 907 5418 τά
949 5368 1192 5434 πρόϐατα
1234 5373 1302 5427 τὰ
1343 5375 1660 5430 ἀπολωλότα
1728 5379 1878 5432 οἴκου

321 5451 556 5525 Ἰσραήλ.
592 5473 609 5507 ι
644 5455 769 5521 Πῶς
806 5453 898 5512 οὗν
939 5458 1068 5529 ἄρα,
1096 5464 1316 5534 φήσειε]
1341 5467 1404 5521 ἄν
1436 5486 1541 5537 τις,
1567 5472 1597 5523 6
1621 5471 1758 5542 πρὸς
1787 5473 1880 5544 μό-

1983 4479 2092 4535 alio
2122 4479 2458 4550 colloquens,
2497 4489 2590 4536 aut
2627 4479 2765 4534 clam
2795 4477 2938 4549 apud
2971 4492 3030 4533 se
3051 4478 3340 4548 cogitans:
3376 4475 3549 4543 Quam

1984 4571 2198 4626 demum
2239 4573 2308 4626 ob
2337 4586 2558 4626 causam
2599 4571 2864 4625 Dominus
2897 4577 3084 4624 noster
3115 4567 3274 4624 Jesus
3303 4569 3553 4623 Christus

1984 4677 2094 4718 non
2145 4677 2388 4733 congruo
2450 4671 2694 4731 tempore
2746 4661 3124 4716 Samaritanos
3183 4659 3555 4713 illuminavit?

1978 4752 2225 4808 Accessit
2249 4753 2394 4806 enim
2427 4752 2723 4821 aliquando
2749 4751 3171 4823 Syrophwnissa
3193 4750 3408 4805 misera:
3429 4749 3553 4804 ﬁliis

1982 4841 2414 4897 misericordiam
2473 4844 2702 4912 supplex
2738 4853 2928 4912 petens
2989 4855 3114 4894 cum
3155 4841 3435 4912 lacrymis.
3489 4840 3554 4893 Et

1980 4934 2108 5004 quid
2146 4933 2211 4986 ad
2261 4948 2381 4987 eam
2429 4933 2519 4988 ille
2567 4934 2916 4989 misericors?
2949 4952 2968 4984 ι
3003 4932 3122 4988 Non
3171 4941 3257 4988 est
3311 4935 3552 4996 bonum,

1984 5025 2182 5094 inquit,
2230 5025 2478 5093 accipere
2521 5039 2714 5094 panem
2748 5025 3007 5089 ﬁliorum,
3061 5032 3116 5080 et
3147 5026 3365 5080 mittere
3400 5025 3554 5079 cani-

1982 5110 2088 5166 bus
2121 5112 2188 5166 7°.
2227 5130 2246 5162 ι
2281 5110 2397 5165 Νοιι
2441 5112 2587 5167 enim
2618 5112 2886 5182 placebat,
2925 5121 2982 5165 ut
3015 5127 3162 5178 reor,
3209 5114 3442 5182 gratiam
3478 5112 3553 5163 ls-

1985 5202 2193 5258 raelitis
2240 5204 2576 5274 assignatam
2612 5212 2938 5273 praemature
2982 5204 3275 5274 gentilibus
3310 5201 3550 5268 elargiri.

1987 5295 2142 5362 Quod
2194 5295 2311 5366 ipse
2365 5295 2585 5366 quidem
2651 5296 2828 5364 palam
2891 5295 3126 5350 faciebat
3181 5294 3264 5346 his
3320 5289 3551 5343 verbis:

1992 5405 2010 5438 ι
2053 5385 2170 5442 Non
2231 5403 2351 5442 sum
2393 5389 2597 5443 missus
2649 5387 2753 5441 nisi
2813 5387 2878 5441 ad
2932 5401 3060 5440 oves
3108 5397 3228 5452 quae
3277 5379 3553 5448 perierunt

1987 5475 2184 5530 domus
2213 5475 2374 5531 Israel
2402 5478 2502 5532 ⁷⁷.»
2540 5476 2827 5542 Quomodo
2861 5477 3045 5548 igitur,
3082 5471 3294 5540 inquiet
3319 5467 3550 5537 aliquisi

381 5627 447 5661 τι·
482 5627 611 5685 nan.
649 5647 766 5699 χιιι,
793 5634 887 5691 2.5,
932 5636 980 5668 ⁷⁸
1011 5633 1170 5692 Joau.
1210 5655 1290 5705 Ill,
1325 5641 1416 5700 26.
1497 5645 1543 5677 ⁷⁸
1575 5644 1766 5702 Matth.
1800 5664 1878 5717 xv,

1979 5651 2007 5705 ἱ.
2082 5651 2127 5681 ⁷⁷
2159 5651 2292 5707 ibid.
2325 5652 2415 5706 24.
