4090 6266
564 267 663 323 εοι
1062 254 1071 273 ’
1555 261 1614 319 s.
1654 236 1941 318 CYRILLI
1972 260 2436 317 ALEXANDmNI
2477 262 2796 320 ARCHIEP.
3717 268 3824 324 292

563 379 659 451 qui
685 376 755 432 ad
783 376 960 432 solum
994 378 1199 432 missus
1228 386 1314 431 est
1354 374 1635 441 lsraelem,
1674 374 2145 429 Samaritanorum
2175 426 2178 436 ,

2205 391 2220 435 ι
2251 392 2341 429 νον
2363 376 2771 447 ἀπεσταλμένος
2800 376 2889 430 τὸν
2929 378 3143 450 Ἰσραὴλ
3186 379 3248 432 τὸ
3286 381 3643 452 Σαμαρειτῶν
3667 384 3820 443 ἐπαί-

565 474 743 541 genus
769 467 1053 532 edocebat,
1092 468 1348 538 quamvis
1394 466 1562 522 Israel
1610 466 1843 538 gratiam
1902 465 2143 519 nondum

2245 465 2367 519 δευε
2396 467 2572 535 γένος,
2603 470 2781 522 καίτοι
2820 469 2913 522 τοῦ
2966 471 3179 543 Ἰσραὴλ
3208 470 3360 527 οὔπω
3402 475 3684 540 παντελῶς
3724 480 3823 550 τὴν

565 574 796 630 prorsus
842 557 1223 613 excussisset?
1268 557 1703 627 Responsionem
1734 557 1801 611 ad
1838 556 1953 611 haec
1990 554 2146 610 aﬂ'ert

2246 559 2405 628 χάριν
2425 560 2887 624 ἀπολακτίσαντος
2914 578 2927 626 ;
2965 564 3108 633 Πρὸς
3128 565 3190 635 δὴ
3213 564 3283 618 τά
3318 566 3563 632 τοιαῦτα,
3594 569 3821 641 πιθανὴν

478 664 483 673 ·
564 654 929 726 probabilem,
973 652 1136 723 idque
1166 668 1290 707 cum
1322 654 1658 708 auctoritate
1686 652 1943 722 quadam,
1973 652 2093 707 .nim

2249 647 2366 719 μετ’
2393 649 2642 713 ἐξουσίας
2664 652 2762 720 τὴν
2789 652 3089 720 ἀπολογίαν
3136 656 3381 726 εἰσφέρει
3414 657 3493 722 τὸ,
3529 676 3547 708 ι
3589 658 3734 712 Ἔδει
3767 661 3822 713 δὲ

566 762 713 810 rum,
753 764 772 797 ι
813 743 1112 815 Oportebat
1142 752 1323 799 autem
1360 757 1485 798 eum
1538 743 1778 799 transire
1808 755 1905 811 per
1946 740 2144 796 Sama-

2244 739 2408 792 αὑτὸν
2455 739 2762 810 διέρχεσθαι
2802 742 2891 796 διὰ
2923 745 3022 815 τῆς
3067 746 3381 815 Σαμαρείας
3411 764 3426 778 ’
3462 766 3480 799 ι
3507 749 3572 800 οὑ
3619 749 3729 821 γάρ
3759 752 3822 823 δὴ

566 839 728 893 riam.
770 857 789 890 ι
822 836 942 915 Non
967 835 1113 892 enim
1143 849 1265 890 eam
1293 836 1465 891 solam
1495 835 1568 890 ob
1603 848 1829 891 causam
1861 835 1916 889 in
1948 833 2142 888 Sama-

2243 827 2433 882 τούτου
2474 847 2538 899 γε
2593 830 2756 884 ἕνεκα
2799 834 2894 885 καὶ
2940 833 3105 903 μόνου
3153 834 3253 904 τὴν
3304 834 3439 907 πρὸς
3476 838 3821 911 Σαμαρείτας

554 927 704 986 mm
732 932 881 986 venit
912 938 970 985 ut
998 929 1069 984 ibi
1094 928 1418 999 praedicaret
1435 929 1686 994 verbum,
1718 932 1958 983 ettotam
1983 926 2145 997 plane

2243 919 2554 991 ἀποδημίαν
2594 922 2891 988 ἐστείλατο,
2952 925 3038 993 ἐφ’
3072 918 3176 994 ᾧτε
3228 925 3462 997 κηρύξαι
3487 930 3616 1000 παρ’
3642 931 3822 994 αὑτοῖς

566 1024 632 1076 ad
667 1036 763 1076 eos
791 1020 1119 1076 transferret
1152 1018 1372 1073 lsraelis
1397 1019 1861 1087 benedictionem,
1892 1019 1986 1075 sed
2007 1032 2143 1089 quo-

2240 1016 2333 1068 τὸν
2364 1014 2542 1082 λόγον,
2569 1015 2663 1068 καὶ
2687 1015 2815 1086 ὃλην
2848 1015 2907 1082 ἐξ
2933 1016 3054 1069 ὅλου
3088 1018 3426 1088 μεταστῆσαι
3456 1019 3553 1089 τὴν
3573 1020 3820 1088 εὐλογίαν

565 1114 711 1167 niam
762 1112 888 1167 illac
931 1111 1331 1168 transeundum
1380 1118 1521 1176 erat,
1552 1110 1782 1165 'idcirco
1819 1111 2001 1173 docet,
2052 1125 2142 1164 sa-

2241 1107 2336 1160 τοῦ
2368 1107 2587 1177 Ἰσραήλ
2603 1124 2617 1138 ·
2635 1107 2751 1161 ἀλλ’
2775 1107 3008 1179 ἐπείπερ
3026 1107 3133 1162 ἔδει
3150 1110 3544 1181 παρέρχεσθαι,
3560 1112 3647 1165 διὰ
3664 1113 3818 1166 τοῦτο

564 1204 786 1272 pientia:
822 1217 962 1272 opus
988 1217 1277 1272 peragens.
1299 1200 1775 1267 Quemadmodum
1806 1202 1959 1270 177
1994 1200 2139 1254 enim

2241 1198 2509 1262 διδάσκει,
2535 1200 2595 1253 τὸ
2625 1200 2819 1268 σοφίας
2850 1199 3011 1271 ἔργον
3035 1201 3332 1254 ἀποτελῶν.
3355 1203 3569 1273 Ὠσπερ
3589 1204 3698 1275 γὰρ
3722 1206 3820 1258 οὑκ

564 1295 706 1363 ignis
758 1293 1065 1348 naturalem
1124 1293 1319 1346 urendi
1382 1291 1493 1346 vim
1544 1292 1746 1351 habere
1782 1306 1892 1346 non
1939 1299 2140 1356 cessat,

2236 1289 2309 1343 ἄν
2342 1308 2473 1344 ποτε
2517 1293 2614 1362 τῆς
2663 1290 2889 1363 ἐνούσης
2939 1292 3088 1363 αὑτῷ
3132 1296 3272 1347 κατὰ
3308 1295 3469 1365 φύσιν
3518 1297 3819 1367 καυστικῆς

562 1385 646 1440 sic
691 1385 856 1438 etiam
891 1385 1054 1453 plane
1089 1382 1206 1438 ﬁeri
1254 1400 1361 1439 non
1408 1398 1575 1453 posse
1625 1392 1873 1448 autumo,
1913 1392 1974 1437 ut
2018 1384 2141 1437 uni-

2240 1382 2521 1453 ἐνεργείας
2549 1383 2852 1456 καταλῆξαι
2895 1387 2956 1439 τὸ
2992 1385 3125 1456 πῦρ,
3161 1385 3339 1450 οὓτως
3384 1382 3540 1458 οἶμαι
3571 1390 3714 1442 κατὰ
3759 1390 3818 1443 τὸ

562 1473 703 1529 versi
740 1472 1018 1541 Sapientia
1042 1473 1187 1543 quod
1217 1474 1500 1544 sapientiae
1528 1475 1790 1529 convenit
1820 1486 1928 1528 non
1952 1472 2135 1529 faciat.

2236 1474 2500 1538 παντελὲς
2532 1477 2801 1546 ὑπάρχειν
2855 1479 3159 1548 ἀμήχανον,
3190 1479 3291 1549 τὴν
3323 1479 3431 1532 τῶν
3460 1481 3598 1534 ὅλων
3629 1482 3816 1549 σοφίαν

565 1567 631 1620 Et
652 1564 1110 1635 quemadmodum
1134 1565 1352 1620 tametsi
1384 1565 1593 1621 diceret
1614 1580 1722 1621 non
1751 1565 1919 1621 licere
1940 1579 2135 1636 panetn

2242 1563 2317 1634 μὴ
2346 1565 2466 1634 οὐχὶ
2495 1565 2555 1616 τὸ
2586 1565 2748 1635 σοφίᾳ
2802 1567 3011 1638 πρέπον
3050 1568 3295 1638 ἐνεργεῖν
3318 1585 3330 1596 ·
3373 1569 3466 1620 καὶ
3497 1566 3687 1638 ὥσπερ
3718 1569 3816 1620 οὐκ

562 1658 801 1711 filiorum
866 1656 1084 1711 mittere
1148 1656 1415 1722 canibus,
1473 1656 1808 1711 mulierculae
1864 1665 2048 1710 tamen
2080 1656 2137 1710 in

2238 1651 2440 1717 ἐξεῖναι
2477 1652 2650 1720 λέγων
2707 1653 2891 1707 λαϐεῖν
2937 1655 3029 1709 τὸν
3087 1655 3251 1727 ἄρτον
3299 1657 3409 1710 τῶν
3444 1658 3671 1724 τέκνων,
3722 1659 3817 1712 καὶ

561 1751 831 1822 lacrymas
885 1748 1072 1805 effusae
1109 1758 1165 1803 et
1212 1750 1404 1803 multis
1458 1750 1640 1805 verbis
1703 1737 2176 1805 misericordiaml

2201 1737 2213 1788 ἶ
2242 1744 2422 1815 βαλεῖν
2439 1748 2553 1809 τοῖς
2574 1747 2872 1818 κυναρίοις,
2895 1747 3345 1820 δακρυρροοῦντι,
3367 1750 3460 1803 καὶ
3490 1750 3705 1814 πολλοῖς
3737 1753 3816 1814 εἰς

559 1841 737 1895 oranti
765 1849 929 1910 atque
949 1840 1248 1895 obtestanti
1273 1841 1504 1910 gratiam
1539 1841 1748 1909 injecit,
1775 1855 1884 1895 non
1918 1840 2139 1895 aliunde

2237 1836 2387 1891 ἔλεον
2438 1836 2820 1909 ὲκλιπαροῦντι
2848 1838 3047 1907 λόγοις,
3116 1841 3452 1912 προσέρριψε
3491 1841 3569 1911 τῷ
3610 1843 3815 1912 γυναίῳ

562 1933 869 2000 ρναιηειίιυῑο
917 1932 1083 1985 dandi
1136 1940 1410 2001 tempore,
1447 1934 1542 1987 sed
1599 1931 1732 1986 illud
1793 1947 1917 1986 cum
1977 1930 2139 1987 Patre

2237 1929 2335 2000 τὴν
2358 1931 2538 2001 χάριν,
2578 1930 2638 1982 οὐ
2669 1932 2798 2001 παρ’
2857 1931 3056 2001 ἐτέρου
3115 1932 3576 2003 νομοθετούμενος
3613 1933 3704 1985 τὸν
3724 1930 3817 1985 τοῦ

558 2023 679 2092 ipse
714 2022 999 2087 deﬁniens,
1029 2034 1082 2078 ut
1110 2022 1306 2088 Filius,
1329 2032 1385 2078 et
1424 2020 1588 2090 Deus,
1616 2037 1680 2079 ac
1706 2023 1972 2080 Dominus
2006 2043 2020 2080 :
2054 2025 2137 2080 sic

2235 2022 2434 2076 διδόναι
2471 2021 2685 2094 καιρὸν,
2743 2022 2859 2077 ἀλλ’
2901 2023 3063 2087 αὑτὸς
3106 2024 3368 2095 ὑπάρχων
3428 2023 3567 2096 μετά
3606 2025 3814 2094 Πατρὸς

559 2116 724 2169 etiam
768 2115 1065 2170 miseratus
1096 2125 1180 2169 est
1216 2113 1616 2182 Samaritanos,
1643 2125 1698 2171 et
1746 2115 1945 2170 divina:
1981 2123 2135 2186 pote-

2234 2113 2478 2185 ὁριστὴς,
2530 2114 2606 2176 ὼς
2651 2113 2800 2179 Υἱὸς,
2841 2117 2934 2185 καὶ
2955 2115 3110 2180 Θεὸς,
3139 2115 3233 2169 καὶ
3266 2116 3473 2185 Κύριος
3494 2132 3507 2147 ·
3551 2114 3695 2169 οὑτω
3723 2116 3815 2169 καὶ

560 2207 721 2261 statis
754 2205 1080 2261 ineﬂ'abilem
1133 2206 1243 2259 vim
1286 2221 1561 2271 reserans,
1603 2209 1916 2262 universam
1959 2207 2136 2278 regio.

2236 2203 2579 2274 Σαμαρείτας
2607 2203 2775 2272 ἠλέει,
2816 2207 2910 2259 καὶ
2937 2204 3034 2277 τῆς
3058 2205 3393 2278 θεοπρεποῦς
3432 2205 3682 2270 ἐξουσίας
3715 2205 3814 2277 τὴν

559 2312 683 2352 nem
742 2298 797 2351 in
850 2298 952 2350 viae
1006 2306 1326 2353 transcursu
1379 2298 1744 2354 illuminabat.
1797 2299 1937 2366 Quid
1988 2299 2133 2369 quod

2234 2296 2512 2367 ἄφραστον
2534 2295 2932 2351 ἀνακαλύπτων
2954 2296 3204 2367 δύναμιν,
3238 2297 3359 2350 όδοῦ
3388 2298 3666 2368 πάρεργον
3704 2297 3812 2367 χώ-

558 2391 745 2445 minus
776 2398 1208 2445 consentaneum
1241 2399 1359 2444 erat
1387 2389 1640 2446 lsraelem
1674 2390 1784 2460 jam
1823 2391 1879 2446 in
1926 2392 2133 2446 rabiem

2236 2404 2335 2458 ρας
2361 2387 2487 2457 ὅλης
2525 2388 2763 2439 ἐποιεῖτο
2805 2387 2899 2445 τὸν
2944 2387 3248 2456 φωτισμόν.
3270 2381 3380 2441 Ἦν
3409 2387 3465 2440 δὲ
3489 2388 3581 2441 καὶ
3610 2386 3812 2457 ἑτέρως

558 2486 739 2531 actum
802 2489 859 2533 et
925 2479 1130 2533 caedem
1199 2477 1412 2534 Domini
1482 2480 1835 2534 meditantem
1892 2481 2135 2550 perfecte

2232 2475 2452 2540 ἄτοπον,
2485 2476 2584 2546 ἤδη
2604 2477 2725 2535 ταῖς
2745 2474 3021 2536 ἀπονοίαις
3034 2475 3418 2543 λελυττηκότα,
3450 2476 3543 2528 καὶ
3568 2475 3811 2543 φονῶντα

557 2569 712 2639 diligi
744 2585 760 2636 ;
796 2569 891 2625 sed
924 2585 1047 2623 cum
1084 2569 1326 2624 nondum
1363 2571 1492 2626 totis
1538 2573 1756 2637 animis,
1788 2587 1978 2627 verum
2009 2584 2132 2627 cum

2234 2568 2376 2621 κατά
2405 2568 2497 2621 τοῦ
2557 2567 2761 2639 Κυρίου
2813 2566 2905 2620 τὸν
2963 2567 3180 2639 Ἰσραὴλ
3218 2569 3536 2637 ἀγαπᾶσθαι
3567 2568 3809 2630 τελείως.

556 2662 934 2716 moderatione
964 2663 1196 2732 quadam
1235 2675 1683 2733 persequeretur,
1715 2664 1922 2720 idcirco
1950 2664 2135 2719 Domi-

2245 2658 2461 2729 Ἐπειδὴ
2507 2659 2563 2713 δὲ
2590 2658 2746 2712 οὑπω
2796 2659 2893 2727 μὲν
2924 2658 3208 2723 armatae,
3242 2659 3427 2713 διώκει
3455 2659 3499 2712 δ’
3538 2656 3632 2713 οὖν
3663 2660 3811 2729 ὅμως

556 2765 664 2805 nus
725 2758 915 2807 noster
972 2751 1137 2808 Jesus
1180 2754 1432 2811 Christus
1485 2756 1716 2811 necdum
1775 2772 1901 2810 eum
1957 2757 2132 2826 gratia

2232 2747 2314 2800 ἔτι
2348 2749 2682 2820 συμμέτρως
2698 2790 2713 2814 ,
2734 2748 2822 2802 διὰ
2849 2749 3010 2801 τοῦτο
3032 2751 3168 2804 καὶὸ
3188 2750 3391 2820 Κύριος
3417 2751 3576 2821 ἡμῶν
3603 2751 3808 2821 Ἰησοῦς

558 2854 784 2913 prorsus
816 2842 987 2907 exuit,
1012 2850 1391 2900 verumtamen
1415 2846 1482 2899 ad
1508 2846 1646 2902 alios
1677 2848 1937 2917 paulatim
1968 2846 2134 2901 bene-

2231 2841 2261 2892 ό
2307 2840 2565 2909 Χριστὸς,
2600 2840 2755 2893 οὑπω
2782 2842 2882 2911 μὲν
2930 2842 3091 2894 αὐτὸν
3140 2841 3448 2912 ὁλοκλήρως
3500 2843 3812 2913 ἀπογυμνοῖ

553 2931 850 2987 dictionem
884 2947 1040 2988 suam
1071 2936 1326 2991 traducit.
1368 2938 1524 3004 Quod
1548 2947 1730 2994 autem
1765 2956 1795 2994 e
1817 2938 2129 2996 Iudaeorum

2230 2931 2329 2999 τῆς
2356 2931 2597 3002 χάριτος,
2648 2930 2856 2995 egeam
2915 2931 2961 2984 δ’
2995 2925 3089 2985 οὖν
3146 2932 3294 3002 ὅμως
3341 2934 3421 2995 εἰς
3461 2933 3681 3003 ἑτέρους
3713 2934 3810 3004 τὴν

557 3024 780 3095 regione
803 3040 1029 3095 prorsus
1050 3028 1337 3092 excedere,
1356 3038 1409 3084 et
1442 3031 1509 3085 ad
1535 3031 1872 3101 alienigenas
1893 3034 2131 3103 migrare
2157 3075 2172 3103 ,

2195 3022 2484 3096 ιεὐλογίαν
2521 3024 2664 3076 κατά
2713 3021 2907 3093 βραχύ.
2975 3023 3049 3075 Τὸ
3102 3023 3159 3076 δὲ
3199 3023 3336 3086 ὅλως
3387 3024 3486 3094 τῆς
3545 3024 3810 3078 Ἰουδαίων

557 3072 779 3095 ηοω--
803 3072 855 3095 ι.-
873 3072 1029 3080 ﬂ-"
1053 3072 1337 3092 mw---“
1358 3072 1409 3084 ν.
1442 3072 1509 3085 ....
1535 3072 1872 3101 .....,...,,υ.....,
1894 3072 2131 3103 ....,,......

556 3132 669 3187 pra:
708 3133 768 3173 se
818 3115 922 3173 fert
964 3128 1187 3189 propter
1235 3121 1629 3177 immanitatem
1662 3076 2171 3194 persequentium,‘

2193 3072 2631 3168 ίάπανίστασθαι
2684 3072 2889 3185 ίάξραζ,
2953 3116 3047 3168 καὶ
3088 3116 3167 3178 είς
3206 3113 3305 3185 τὴν
3348 3072 3457 3167 τῶύ
3506 3114 3808 3184 ἀλλογενῶν

557 3211 731 3280 ligura
759 3211 1006 3280 quaedam
1037 3220 1121 3267 est
1151 3228 1257 3283 qua
1297 3213 1637 3270 interminari
1678 3216 1915 3282 videtur,
1947 3217 2133 3288 gratiae

2235 3204 2553 3268 σπουδάζειν
2586 3204 2743 3267 ἱέναι,
2773 3203 2861 3257 διὰ
2905 3203 3005 3274 τὴν
3048 3203 3157 3256 τῶν
3186 3201 3490 3257 διωκόντων
3520 3204 3809 3277 ἀπανθρω-

549 3299 825 3370 iacturam
866 3304 1087 3373 penitus
1146 3306 1411 3373 facturos,
1456 3317 1510 3361 et
1553 3322 1715 3363 suum
1750 3309 1983 3373 bonum,
2028 3310 2132 3366 hoc

2232 3293 2385 3357 πίαν,
2409 3294 2606 3364 ἀπειλή
2631 3310 2714 3356 τις
2727 3290 2818 3365 ἦν,
2844 3293 3097 3365 καθάπερ
3115 3295 3172 3346 ἐν
3188 3293 3345 3365 τύπῳ
3372 3293 3806 3365 ζωγραφουμένη

554 3408 641 3449 esr
666 3394 944 3450 Christum
980 3397 1034 3450 in
1066 3397 1203 3452 alios
1247 3399 1599 3455 amandatum
1642 3402 1739 3467 iri,
1774 3402 1878 3459 nisi
1911 3418 1940 3457 a
1972 3412 2131 3473 petu-

2231 3386 2297 3454 τῇ
2324 3383 2419 3437 τοῦ
2459 3385 2784 3455 πράγματος
2810 3383 2989 3453 φύσει,
3020 3384 3095 3447 ὡς
3122 3382 3416 3455 ὀλόκληρον
3445 3385 3547 3455 ἢδη
3574 3384 3674 3455 τῆς
3704 3385 3804 3455 χά-

558 3485 723 3538 lantia
760 3501 857 3538 sua
894 3486 947 3539 in
984 3489 1161 3555 ipsum
1195 3489 1529 3545 abstineant.

2232 3492 2380 3546 ριτος
2422 3475 2752 3544 ὑπομενοῦσι
2777 3474 3019 3545 ζημίαν,
3061 3476 3156 3529 καὶ
3209 3476 3672 3547 παραπέμψουσιν
3725 3478 3806 3541 είς

2231 3566 2450 3635 ἑτέρους
2490 3566 2550 3619 τὺ
2579 3567 2775 3618 οἰκεῖον
2821 3566 3049 3634 ἀγαθὸν,
3096 3566 3240 3619 τοῦτ’
3275 3566 3389 3620 ἔστι
3426 3568 3519 3623 τὸν
3548 3569 3803 3639 Χριστὸν,

2232 3657 2280 3707 εἱ
2307 3655 2382 3726 μὴ
2406 3657 2505 3726 τῆς
2538 3657 2618 3720 είς
2641 3658 2802 3711 αὑτὸν
2835 3657 3119 3728 παροινίας
3133 3658 3473 3728 ἀπόσχοιντο.

631 3749 719 3813 lV,
743 3750 796 3804 6.
842 3748 973 3803 Erat
1005 3761 1179 3805 autent
1214 3752 1289 3804 ibi
1315 3751 1434 3821 [ous
1464 3750 1668 3816 Iacob;
1700 3750 1858 3805 Iesus
1890 3768 2013 3823 ergo
2041 3754 2127 3823 {a-

2299 3742 2415 3821 Ἦνη
2438 3747 2510 3800 δὲ
2545 3748 2675 3802 ἐκεῖ
2697 3748 2858 3818 πηγὴ
2905 3748 3013 3802 τοῦ
3072 3750 3310 3805 Ἰακώϐ·
3341 3756 3375 3807 ό
3403 3748 3518 3807 οὖν
3564 3751 3807 3819 Ἰησοῦς

559 3842 758 3911 ligatus
794 3855 859 3894 ea:
888 3842 1097 3908 itinere,
1125 3842 1335 3897 sedebat
1367 3845 1444 3896 sic
1472 3855 1637 3908 supra
1667 3841 1882 3908 (autem.

2229 3838 2595 3905 κεκοπιακὼς
2618 3839 2686 3893 ἐκ
2728 3840 2841 3908 τῆς
2886 3839 3247 3911 ὁδοιπορίας.
3273 3842 3578 3904 ἐκαθέζετο
3619 3844 3806 3907 οὕτως

2227 3928 2327 3989 ἐπὶ
2361 3929 2438 3999 τῆ
2475 3929 2661 3999 πηγῇ-

630 4019 896 4091 Egressus
925 4035 992 4079 ex
1014 4018 1216 4074 Judaaa:
1240 4017 1466 4080 ﬁnibus,
1498 4030 1735 4086 cumque
1763 4018 1904 4088 apud
1938 4019 2130 4074 alieni.

2297 4022 2436 4084 Τοὺς
2462 4020 2571 4076 τῶν
2623 4021 2888 4076 Ἰουδαίων
2930 4022 3092 4093 ὅρους
3131 4021 3465 4091 ὲκδεϐηκὼς,
3509 4022 3603 4076 καὶ
3654 4021 3802 4090 παρά

560 4111 858 4185 genasjam
906 4118 1053 4166 esset
1098 4108 1368 4173 Salvator,
1413 4116 1783 4162 commoratur
1815 4109 1880 4163 ad
1924 4109 2126 4165 fontem

2227 4115 2338 4176 τοῖς
2374 4112 2715 4183 άλλογενέσιν
2745 4114 2843 4186 ἢδη
2864 4114 3103 4183 γεγονὼς
3134 4116 3163 4167 ό
3188 4116 3397 4186 Σωτὴρ,
3433 4116 3525 4167 ἐπὶ
3556 4117 3621 4186 τῇ
3651 4114 3798 4184 πηγῇ

556 4205 728 4260 Jacob
768 4223 782 4258 :
825 4204 1005 4275 typice
1058 4200 1220 4255 nobis
1266 4206 1324 4254 et
1369 4198 1709 4270 aenigmatice
1760 4200 2125 4266 subinnuens,

2228 4204 2485 4257 καταλύει
2511 4202 2604 4258 τοῦ
2646 4203 2838 4258 Ἰακώϐ
2861 4222 2875 4235 ο
2904 4205 2978 4268 ὡς
3007 4206 3067 4259 ὲν
3094 4205 3248 4274 τύπῳ
3280 4205 3442 4259 πάλιν
3467 4206 3602 4275 ἡμῖν
3621 4206 3715 4257 καὶ
3736 4203 3801 4256 δι’

560 4276 689 4351 licet
724 4294 1040 4364 evangelica
1081 4289 1395 4361 praedicatio
1424 4304 1725 4345 excessum
1754 4298 1901 4346 esset
1933 4289 2127 4345 Hieru—

2227 4292 2547 4362 αἰνίγματος
2578 4291 2916 4358 ὑποδεικνὺς,
2945 4294 3026 4346 ὅτι
3063 4292 3167 4346 κᾶν
3206 4294 3307 4363 τῆς
3356 4293 3713 4363 Ἰερουσαλὴμ
3743 4292 3802 4344 τὸ

561 4387 809 4458 solymis,
832 4393 887 4450 et
914 4386 981 4439 ad
1000 4391 1189 4454 gentes
1209 4397 1390 4438 sermo
1412 4382 1629 4438 divinus
1652 4382 1911 4450 deinceps
1931 4383 2124 4447 abiret,
2158 4419 2176 4475 1

2187 4423 2203 4472 ι
2230 4382 2585 4475 εὑαγγελικδν
2622 4385 2922 4475 εκφοιτήσῃ
2966 4385 3227 4455 κήρυγμα
3246 4423 3263 4450 ,
3286 4384 3380 4437 καὶ
3427 4386 3508 4447 είς
3537 4385 3665 4454 ἔθνη
3695 4386 3802 4475 lor-

561 4493 671 4531 nou
700 4487 885 4531 tamen
916 4488 1023 4542 una
1062 4487 1186 4527 cum
1218 4471 1423 4528 lsraele
1471 4471 1773 4541 perituram
1802 4486 1926 4527 esse
1976 4473 2126 4526 illam
2161 4471 2176 4475 “

2186 4471 2188 4473 ⁷
2231 4474 2331 4528 πὸν
2353 4474 2381 4525 ὁ
2408 4474 2548 4537 θεῖος
2568 4474 2829 4545 ὲκδράμοι
2861 4475 3037 4543 λόγος,
3069 4476 3130 4528 οὑ
3167 4474 3703 4547 συναπώληθήσεται
3726 4474 3801 4544 τῷ

562 4572 616 4622 in
642 4569 835 4622 Patres
877 4552 1249 4631 dilectionem,
1279 4563 1376 4620 sed
1421 4578 1516 4617 eos
1550 4576 1769 4617 rursum
1806 4562 1863 4616 in
1901 4563 2129 4633 gratiam

2242 4565 2455 4636 Ἰσραὴλ
2492 4567 2526 4637 ἡ
2562 4566 2641 4627 εἰς
2668 4565 2790 4627 τοὺς
2833 4566 3075 4636 πατέρας
3097 4564 3306 4635 ἀγάπη,
3335 4563 3479 4618 ἀλλά
3516 4564 3679 4617 πάλιν
3706 4565 3802 4616 αό-

558 4658 844 4714 Christum
905 4664 1283 4726 recepturum,
1345 4661 1400 4708 et
1456 4654 1599 4723 apud
1650 4669 1744 4708 eos
1795 4663 1855 4708 ut
1908 4665 2131 4711 sanctos

2218 4657 2337 4710 ιτῶν
2400 4657 2679 4724 ἀνθέξεται
2728 4658 2998 4727 Χριστὸς,
3036 4659 3129 4712 καὶ
3183 4658 3660 4722 ὲπαναπαύσεται,
3711 4658 3804 4711 καὶ

564 4750 824 4802 nimirum
851 4762 1050 4803 rursus
1077 4753 1549 4802 commoraturum
1579 4743 1807 4814 pristina
1840 4744 1928 4799 illa
1959 4746 2128 4816 gratia

2230 4747 2524 4800 καταλύσει
2575 4746 2737 4802 πάλιν
2781 4749 2856 4811 ὡς
2896 4750 2954 4801 ὲν
2999 4749 3209 4816 άγίοιςο,
3259 4750 3573 4819 ἀμάραντον
3623 4750 3804 4812 αὑτοῖς

563 4838 1095 4895 immarcescibiliter
1122 4838 1206 4894 eis
1242 4845 1477 4894 servata.
1508 4837 1762 4895 Libenter
1793 4849 1975 4894 autem
2009 4855 2130 4894 ver-

2229 4839 2327 4909 τὴν
2350 4839 2407 4894 ἐν
2430 4839 2626 4909 ἀρχαῖς
2651 4839 2950 4903 ὰ-ποσώζων
2972 4841 3150 4911 χάριν.
3187 4842 3659 4914 Ἐμφιλοχωρεῖδὲ
3684 4845 3803 4905 ταῖς

564 4938 718 4984 satur
739 4931 795 4984 in
819 4940 1135 4985 sanctorum
1152 4931 1433 4995 memoria,
1456 4941 1515 4985 ut
1529 4931 1769 5001 seipsum
1790 4931 1949 4987 nobis
1963 4933 2129 4987 etiam

2241 4931 2338 4986 τῶν
2359 4932 2529 4998 ἁγίων
2560 4933 2822 5002 μνήμαις,
2841 4933 2927 4985 ἴνα
2947 4932 3116 4986 τύπον
3139 4935 3269 5003 ἡμῖν
3297 4934 3489 4988 ἑαυτὸν
3512 4935 3613 4987 κάν
3627 4935 3802 5006 τούτῳ
3852 4988 3856 4993 ,

563 5021 669 5074 hac
716 5021 927 5076 ratione
962 5024 1271 5093 exemplum
1310 5024 1580 5094 praebeat,
1609 5033 1663 5080 et
1696 5026 1769 5081 sit
1805 5026 2022 5081 initium
2061 5041 2127 5081 ac

2230 5022 2525 5093 παράσχοι,
2552 5022 2645 5076 καὶ
2676 5023 2817 5094 ἀρχὴ
2867 5025 2959 5077 καὶ
2985 5023 3127 5097 θύρα
3153 5027 3252 5097 τῆς
3286 5027 3368 5089 είς
3405 5028 3532 5091 τοὺς
3566 5029 3807 5097 πατέρας

559 5110 731 5180 ianua
756 5109 980 5166 honoris
1010 5115 1327 5182 parentibus
1352 5114 1662 5169 exhibendi.
1697 5113 1921 5169 Resedit
1948 5127 2129 5170 autem

2231 5114 2441 5181 γένοιτο
2468 5117 2654 5185 τιμῆς.
2684 5114 2958 5169 Καταλύει
2987 5115 3044 5167 δὲ
3079 5118 3427 5181 κεκοπιακὼς
3454 5120 3521 5173 ἑκ
3547 5118 3649 5190 τῆς
3671 5120 3809 5173 669:-

568 5204 759 5258 lassns
785 5200 854 5257 de
870 5203 979 5268 via,
997 5212 1057 5259 ut
1079 5205 1342 5274 scriptum
1374 5215 1481 5270 est,
1508 5212 1565 5259 ut
1581 5205 1669 5260 hic
1693 5221 1912 5275 quoque
1940 5206 2132 5276 impie-

2232 5206 2449 5277 πορίας,
2480 5206 2554 5268 ὡς
2577 5207 2905 5276 γέγραπται,
2944 5207 3031 5260 ἵνα
3066 5208 3168 5261 κάν
3196 5208 3372 5280 τούτῳ
3401 5210 3499 5280 τῆς
3530 5210 3634 5263 τῶν
3656 5210 3798 5263 ὲλαιι

564 5303 732 5351 tatem
765 5309 1017 5367 eorumga
1045 5311 1153 5365 quo
1196 5298 1389 5366 pulsus
1433 5306 1517 5352 est
1565 5299 1932 5367 redargueret.
1993 5298 2128 5355 Nam

2233 5299 2429 5351 νόντων
2457 5298 2618 5351 αὑτὸν
2656 5298 2906 5361 ἀσεϐείας
2935 5301 3238 5372 κατηγορῇ.
3277 5301 3407 5354 Δέον
3433 5301 3543 5371 γὰρ
3573 5307 3692 5365 ταῖς
3720 5303 3806 5354 εὑ·

562 5403 690 5443 cum
742 5387 903 5458 178
935 5387 1105 5457 iustis
1156 5388 1460 5443 honoribus
1504 5404 1629 5444 eum
1687 5391 1790 5443 sibi
1837 5390 2131 5451 conciliare

2232 5387 2505 5458 γνώμοσιν
2550 5388 2884 5443 ἀνακτᾶσθαι
2926 5392 3153 5458 τιμαῖς,
3206 5391 3345 5444 αίδοῖ
3392 5409 3453 5445 τε
3500 5392 3595 5446 καὶ
3657 5391 3806 5462 φόϐῳ

563 5465 861 5544 deberent,
884 5486 940 5533 et
981 5478 1280 5535 reverentia
1310 5492 1375 5531 ac
1409 5489 1555 5533 metu
1587 5494 1686 5533 ceu
1726 5480 2129 5537 benefactorem

2234 5480 2608 5551 περιθάλπειν,
2634 5481 2711 5543 ὡς
2753 5482 3070 5552 εὐεργέτην,
3105 5482 3288 5553 ἱδρῶτι
3319 5483 3413 5536 καὶ
3440 5484 3626 5548 πόνοις
3675 5499 3801 5538 κατι

565 5584 726 5624 suum
753 5570 956 5634 fovere,
998 5570 1197 5625 sudore
1237 5577 1289 5622 et
1338 5569 1615 5624 laboribus
1666 5571 1954 5626 Dominum
2007 5589 2133 5628 cru-

2235 5571 2530 5635 αικίζονται
2556 5573 2646 5625 τὸν
2684 5573 2908 5643 Κύριον,
2943 5576 3031 5627 ἵνα
3064 5574 3157 5627 καὶ
3190 5574 3429 5646 ἀληθεύῃ
3467 5576 3641 5643 λέγων
3682 5576 3806 5647 περὶ

564 5658 735 5725 ciant,
771 5669 830 5716 ut
861 5678 1045 5717 verum
1102 5664 1171 5718 sit
1210 5661 1353 5729 quod
1390 5660 1455 5714 de
1492 5662 1622 5730 ipsis
1652 5663 1853 5719 dicitur
1892 5666 1949 5720 in
1990 5665 2133 5721 libro

2237 5662 2414 5716 αὑτῶν
2437 5666 2496 5715 ἐν
2526 5662 2689 5733 βίϐλῳ
2729 5665 3002 5734 Ψαλμῶν·
3040 5688 3058 5718 ι
3098 5670 3204 5722 Καὶ
3244 5669 3663 5724 ἀνταπεδίδοσάν
3718 5686 3808 5738 μοι
