  <div class='ocr_page' id='page_1' title='image "/cluster/home/n/w/nwhite01/storage/ocr_20150623/73/mdp.39015078384479/154.png"; bbox 0 0 4090 6266; ppageno 0'>
   <div class='ocr_carea' id='block_1_1' title="bbox 324 219 428 276">
    <p class='ocr_par' dir='ltr' id='par_1_1' title="bbox 324 219 428 276">
     <span class='ocr_line' id='line_1_1' title="bbox 324 219 428 276; baseline -0.019 0"><span class='ocrx_word' id='word_1_1' title='bbox 324 219 428 276; x_wconf 72' lang='grc'><strong>295</strong></span> 
     </span>
    </p>
   </div>
   <div class='ocr_carea' id='block_1_2' title="bbox 320 414 1914 496">
    <p class='ocr_par' dir='ltr' id='par_1_2' title="bbox 320 414 1914 496">
     <span class='ocr_line' id='line_1_2' title="bbox 320 414 1914 496; baseline -0.008 -19"><span class='ocrx_word' id='word_1_2' title='bbox 320 425 517 496; x_wconf 79' lang='grc' dir='ltr'><strong>ὁρᾶται</strong></span> <span class='ocrx_word' id='word_1_3' title='bbox 565 421 628 476; x_wconf 76' lang='grc' dir='ltr'><strong>τδ</strong></span> <span class='ocrx_word' id='word_1_4' title='bbox 669 419 891 491; x_wconf 88' lang='grc' dir='ltr'><strong>θράσος.</strong></span> <span class='ocrx_word' id='word_1_5' title='bbox 934 418 1003 471; x_wconf 81' lang='grc' dir='ltr'><strong>Τί</strong></span> <span class='ocrx_word' id='word_1_6' title='bbox 1040 417 1099 471; x_wconf 78' lang='grc' dir='ltr'><strong>δὲ</strong></span> <span class='ocrx_word' id='word_1_7' title='bbox 1142 415 1251 487; x_wconf 75' lang='grc' dir='ltr'><strong>ἄρα</strong></span> <span class='ocrx_word' id='word_1_8' title='bbox 1295 417 1528 486; x_wconf 79' lang='grc' dir='ltr'><strong>φήσουσι</strong></span> <span class='ocrx_word' id='word_1_9' title='bbox 1577 414 1714 484; x_wconf 77' lang='grc' dir='ltr'><strong>πρὸς</strong></span> <span class='ocrx_word' id='word_1_10' title='bbox 1757 414 1914 466; x_wconf 86' lang='grc' dir='ltr'><strong>τοῦτο</strong></span> 
     </span>
    </p>
   </div>
   <div class='ocr_carea' id='block_1_3' title="bbox 324 504 1915 584">
    <p class='ocr_par' dir='ltr' id='par_1_3' title="bbox 324 504 1915 584">
     <span class='ocr_line' id='line_1_3' title="bbox 324 504 1915 584; baseline -0.008 -16"><span class='ocrx_word' id='word_1_11' title='bbox 324 516 492 573; x_wconf 81' lang='grc' dir='ltr'><strong>πάλιν</strong></span> <span class='ocrx_word' id='word_1_12' title='bbox 541 513 701 584; x_wconf 80' lang='grc' dir='ltr'><strong>ἡμῖν,</strong></span> <span class='ocrx_word' id='word_1_13' title='bbox 733 512 830 564; x_wconf 77' lang='grc' dir='ltr'><strong>καὶ</strong></span> <span class='ocrx_word' id='word_1_14' title='bbox 860 512 910 563; x_wconf 88' lang='grc' dir='ltr'><strong>οἰ</strong></span> <span class='ocrx_word' id='word_1_15' title='bbox 951 510 1047 580; x_wconf 78' lang='grc' dir='ltr'><strong>τῆς</strong></span> <span class='ocrx_word' id='word_1_16' title='bbox 1097 509 1321 561; x_wconf 73' lang='grc' dir='ltr'><strong>ἐκείνων</strong></span> <span class='ocrx_word' id='word_1_17' title='bbox 1372 505 1629 569; x_wconf 77' lang='grc' dir='ltr'><strong>ἀπονοίας</strong></span> <span class='ocrx_word' id='word_1_18' title='bbox 1677 504 1915 573; x_wconf 82' lang='grc' dir='ltr'><strong>γείτονες</strong></span> 
     </span>
    </p>
   </div>
   <div class='ocr_carea' id='block_1_4' title="bbox 338 592 1909 678">
    <p class='ocr_par' dir='ltr' id='par_1_4' title="bbox 338 592 1909 678">
     <span class='ocr_line' id='line_1_4' title="bbox 338 592 1909 678; baseline -0.009 -17"><span class='ocrx_word' id='word_1_19' title='bbox 338 605 637 678; x_wconf 68' lang='grc' dir='ltr'><strong>Ἀρειανοὶ,</strong></span> <span class='ocrx_word' id='word_1_20' title='bbox 677 604 875 675; x_wconf 78' lang='grc' dir='ltr'><strong>μᾶλλον</strong></span> <span class='ocrx_word' id='word_1_21' title='bbox 919 602 977 656; x_wconf 77' lang='grc' dir='ltr'><strong>δὲ</strong></span> <span class='ocrx_word' id='word_1_22' title='bbox 1008 600 1146 672; x_wconf 83' lang='grc' dir='ltr'><strong>πρὸς</strong></span> <span class='ocrx_word' id='word_1_23' title='bbox 1196 600 1290 663; x_wconf 84' lang='grc' dir='ltr'><strong>οὓς</strong></span> <span class='ocrx_word' id='word_1_24' title='bbox 1318 596 1386 653; x_wconf 77' lang='grc' dir='ltr'><strong>ἂν</strong></span> <span class='ocrx_word' id='word_1_25' title='bbox 1413 597 1625 666; x_wconf 78' lang='grc' dir='ltr'><strong>λέγοιτο</strong></span> <span class='ocrx_word' id='word_1_26' title='bbox 1656 592 1909 658; x_wconf 83' lang='grc' dir='ltr'><strong>δικαίως,</strong></span> 
     </span>
    </p>
   </div>
   <div class='ocr_carea' id='block_1_5' title="bbox 342 680 1913 766">
    <p class='ocr_par' dir='ltr' id='par_1_5' title="bbox 342 680 1913 766">
     <span class='ocr_line' id='line_1_5' title="bbox 342 680 1913 766; baseline -0.008 -12"><span class='ocrx_word' id='word_1_27' title='bbox 342 680 667 766; x_wconf 78' lang='grc' dir='ltr'><strong>Ἐδικαιῶθη</strong></span> <span class='ocrx_word' id='word_1_28' title='bbox 694 696 900 766; x_wconf 84' lang='grc' dir='ltr'><strong>Σόδομα</strong></span> <span class='ocrx_word' id='word_1_29' title='bbox 927 695 990 747; x_wconf 76' lang='grc' dir='ltr'><strong>ἐκ</strong></span> <span class='ocrx_word' id='word_1_30' title='bbox 1013 692 1108 747; x_wconf 90' lang='grc' dir='ltr'><strong>σοῦ</strong></span> <span class='ocrx_word' id='word_1_31' title='bbox 1133 710 1148 759; x_wconf 89' lang='grc'>;</span> <span class='ocrx_word' id='word_1_32' title='bbox 1182 696 1247 746; x_wconf 75' lang='lat' dir='ltr'><strong>Oi</strong></span> <span class='ocrx_word' id='word_1_33' title='bbox 1288 693 1388 762; x_wconf 84' lang='grc' dir='ltr'><strong>μὲν</strong></span> <span class='ocrx_word' id='word_1_34' title='bbox 1411 691 1519 763; x_wconf 83' lang='grc' dir='ltr'><strong>γὰρ</strong></span> <span class='ocrx_word' id='word_1_35' title='bbox 1556 689 1698 743; x_wconf 86' lang='grc' dir='ltr'><strong>κατά</strong></span> <span class='ocrx_word' id='word_1_36' title='bbox 1734 688 1913 761; x_wconf 84' lang='grc' dir='ltr'><strong>σάρκα</strong></span> 
     </span>
    </p>
   </div>
   <div class='ocr_carea' id='block_1_6' title="bbox 334 780 1913 863">
    <p class='ocr_par' dir='ltr' id='par_1_6' title="bbox 334 780 1913 863">
     <span class='ocr_line' id='line_1_6' title="bbox 334 780 1913 863; baseline -0.009 -16"><span class='ocrx_word' id='word_1_37' title='bbox 334 792 628 863; x_wconf 84' lang='grc' dir='ltr'><strong>σταυροῦσι</strong></span> <span class='ocrx_word' id='word_1_38' title='bbox 656 787 905 861; x_wconf 76' lang='grc' dir='ltr'><strong>Χριστὸν,</strong></span> <span class='ocrx_word' id='word_1_39' title='bbox 920 788 970 840; x_wconf 94' lang='grc' dir='ltr'><strong>οἰ</strong></span> <span class='ocrx_word' id='word_1_40' title='bbox 992 787 1050 840; x_wconf 79' lang='grc' dir='ltr'><strong>δὲ</strong></span> <span class='ocrx_word' id='word_1_41' title='bbox 1091 788 1170 850; x_wconf 92' lang='grc' dir='ltr'><strong>εἰς</strong></span> <span class='ocrx_word' id='word_1_42' title='bbox 1192 784 1362 857; x_wconf 80' lang='grc' dir='ltr'><strong>αὐτὴν</strong></span> <span class='ocrx_word' id='word_1_43' title='bbox 1393 781 1784 855; x_wconf 65' lang='grc' dir='ltr'><strong>ἐμπαροινοῦσι</strong></span> <span class='ocrx_word' id='word_1_44' title='bbox 1812 780 1913 852; x_wconf 77' lang='grc' dir='ltr'><strong>τὴν</strong></span> 
     </span>
    </p>
   </div>
   <div class='ocr_carea' id='block_1_7' title="bbox 335 872 1915 955">
    <p class='ocr_par' dir='ltr' id='par_1_7' title="bbox 335 872 1915 955">
     <span class='ocr_line' id='line_1_7' title="bbox 335 872 1915 955; baseline -0.008 -17"><span class='ocrx_word' id='word_1_45' title='bbox 335 884 570 955; x_wconf 68' lang='grc' dir='ltr'><strong>ἄρρητον</strong></span> <span class='ocrx_word' id='word_1_46' title='bbox 607 879 698 935; x_wconf 85' lang='grc' dir='ltr'><strong>τοῦ</strong></span> <span class='ocrx_word' id='word_1_47' title='bbox 730 879 906 947; x_wconf 91' lang='grc' dir='ltr'><strong>Λόγου</strong></span> <span class='ocrx_word' id='word_1_48' title='bbox 952 876 1135 948; x_wconf 81' lang='grc' dir='ltr'><strong>φύσιν.</strong></span> <span class='ocrx_word' id='word_1_49' title='bbox 1168 877 1300 931; x_wconf 78' lang='grc' dir='ltr'><strong>Ἰδοὺ</strong></span> <span class='ocrx_word' id='word_1_50' title='bbox 1349 874 1677 929; x_wconf 85' lang='grc' dir='ltr'><strong>κεκοπίακεν</strong></span> <span class='ocrx_word' id='word_1_51' title='bbox 1720 877 1786 928; x_wconf 75' lang='grc' dir='ltr'><strong>ὲκ</strong></span> <span class='ocrx_word' id='word_1_52' title='bbox 1814 872 1915 943; x_wconf 83' lang='grc' dir='ltr'><strong>τῆς</strong></span> 
     </span>
    </p>
   </div>
   <div class='ocr_carea' id='block_1_8' title="bbox 336 959 1914 1043">
    <p class='ocr_par' dir='ltr' id='par_1_8' title="bbox 336 959 1914 1043">
     <span class='ocr_line' id='line_1_8' title="bbox 336 959 1914 1043; baseline -0.009 -15"><span class='ocrx_word' id='word_1_53' title='bbox 336 972 655 1043; x_wconf 79' lang='grc' dir='ltr'><strong>ὁδοιπορίας,</strong></span> <span class='ocrx_word' id='word_1_54' title='bbox 699 971 785 1034; x_wconf 88' lang='grc' dir='ltr'><strong>τίς</strong></span> <span class='ocrx_word' id='word_1_55' title='bbox 835 968 865 1021; x_wconf 86' lang='grc' dir='ltr'>ὁ</span> <span class='ocrx_word' id='word_1_56' title='bbox 908 967 1070 1021; x_wconf 86' lang='grc' dir='ltr'><strong>τοῦτο</strong></span> <span class='ocrx_word' id='word_1_57' title='bbox 1115 966 1331 1031; x_wconf 83' lang='grc' dir='ltr'><strong>παθὼν;</strong></span> <span class='ocrx_word' id='word_1_58' title='bbox 1381 959 1529 1035; x_wconf 61' lang='grc' dir='ltr'><strong>*Δρα</strong></span> <span class='ocrx_word' id='word_1_59' title='bbox 1586 964 1681 1018; x_wconf 73' lang='grc' dir='ltr'><strong>καὶ</strong></span> <span class='ocrx_word' id='word_1_60' title='bbox 1728 960 1914 1030; x_wconf 85' lang='grc' dir='ltr'><strong>ἰσχύος</strong></span> 
     </span>
    </p>
   </div>
   <div class='ocr_carea' id='block_1_9' title="bbox 334 1052 1914 1135">
    <p class='ocr_par' dir='ltr' id='par_1_9' title="bbox 334 1052 1914 1135">
     <span class='ocr_line' id='line_1_9' title="bbox 334 1052 1914 1135; baseline -0.008 -18"><span class='ocrx_word' id='word_1_61' title='bbox 334 1067 461 1135; x_wconf 75' lang='grc' dir='ltr'><strong>ἡμῖν</strong></span> <span class='ocrx_word' id='word_1_62' title='bbox 484 1062 675 1116; x_wconf 81' lang='grc' dir='ltr'><strong>ἐπιδεᾶ</strong></span> <span class='ocrx_word' id='word_1_63' title='bbox 699 1061 793 1115; x_wconf 84' lang='grc' dir='ltr'><strong>τὸν</strong></span> <span class='ocrx_word' id='word_1_64' title='bbox 816 1059 925 1114; x_wconf 88' lang='grc' dir='ltr'><strong>τῶν</strong></span> <span class='ocrx_word' id='word_1_65' title='bbox 950 1059 1237 1129; x_wconf 86' lang='grc' dir='ltr'><strong>δυνάμεων</strong></span> <span class='ocrx_word' id='word_1_66' title='bbox 1264 1057 1529 1110; x_wconf 72' lang='grc' dir='ltr'><strong>εἰσοίσετε</strong></span> <span class='ocrx_word' id='word_1_67' title='bbox 1559 1053 1791 1124; x_wconf 81' lang='grc' dir='ltr'><strong>Κύριον,</strong></span> <span class='ocrx_word' id='word_1_68' title='bbox 1817 1052 1914 1107; x_wconf 75' lang='grc' dir='ltr'><strong>καὶ</strong></span> 
     </span>
    </p>
   </div>
   <div class='ocr_carea' id='block_1_10' title="bbox 329 1144 1912 1225">
    <p class='ocr_par' dir='ltr' id='par_1_10' title="bbox 329 1144 1912 1225">
     <span class='ocr_line' id='line_1_10' title="bbox 329 1144 1912 1225; baseline -0.007 -17"><span class='ocrx_word' id='word_1_69' title='bbox 329 1154 477 1224; x_wconf 85' lang='grc' dir='ltr'><strong>αύτῷ</strong></span> <span class='ocrx_word' id='word_1_70' title='bbox 497 1152 576 1225; x_wconf 82' lang='grc' dir='ltr'><strong>τῷ</strong></span> <span class='ocrx_word' id='word_1_71' title='bbox 606 1155 673 1207; x_wconf 81' lang='grc' dir='ltr'><strong>ὲκ</strong></span> <span class='ocrx_word' id='word_1_72' title='bbox 698 1152 914 1223; x_wconf 71' lang='grc' dir='ltr'><strong>Πατρός</strong></span> <span class='ocrx_word' id='word_1_73' title='bbox 937 1151 1235 1218; x_wconf 79' lang='grc' dir='ltr'><strong>Μονογενεῖ</strong></span> <span class='ocrx_word' id='word_1_74' title='bbox 1260 1148 1352 1202; x_wconf 85' lang='grc' dir='ltr'><strong>τὸν</strong></span> <span class='ocrx_word' id='word_1_75' title='bbox 1382 1151 1448 1202; x_wconf 76' lang='grc' dir='ltr'><strong>ἐκ</strong></span> <span class='ocrx_word' id='word_1_76' title='bbox 1472 1146 1573 1215; x_wconf 85' lang='grc' dir='ltr'><strong>τῆς</strong></span> <span class='ocrx_word' id='word_1_77' title='bbox 1603 1144 1912 1215; x_wconf 81' lang='grc' dir='ltr'><strong>ὁδοιπορίας</strong></span> 
     </span>
    </p>
   </div>
   <div class='ocr_carea' id='block_1_11' title="bbox 326 1236 1914 1317">
    <p class='ocr_par' dir='ltr' id='par_1_11' title="bbox 326 1236 1914 1317">
     <span class='ocr_line' id='line_1_11' title="bbox 326 1236 1914 1317; baseline -0.006 -19"><span class='ocrx_word' id='word_1_78' title='bbox 326 1246 626 1317; x_wconf 82' lang='grc' dir='ltr'><strong>ἀναθήσετε</strong></span> <span class='ocrx_word' id='word_1_79' title='bbox 662 1244 826 1298; x_wconf 84' lang='grc' dir='ltr'>πόνον</span> <span class='ocrx_word' id='word_1_80' title='bbox 849 1285 863 1309; x_wconf 91' lang='grc'><strong>,</strong></span> <span class='ocrx_word' id='word_1_81' title='bbox 897 1242 986 1297; x_wconf 81' lang='grc' dir='ltr'><strong>ἵνα</strong></span> <span class='ocrx_word' id='word_1_82' title='bbox 1035 1241 1129 1294; x_wconf 83' lang='grc' dir='ltr'><strong>καὶ</strong></span> <span class='ocrx_word' id='word_1_83' title='bbox 1162 1239 1406 1312; x_wconf 79' lang='grc' dir='ltr'><strong>παθητὸς</strong></span> <span class='ocrx_word' id='word_1_84' title='bbox 1445 1238 1636 1308; x_wconf 79' lang='grc' dir='ltr'><strong>νοῆται</strong></span> <span class='ocrx_word' id='word_1_85' title='bbox 1674 1236 1860 1290; x_wconf 80' lang='grc' dir='ltr'><strong>λοιπὸν</strong></span> <span class='ocrx_word' id='word_1_86' title='bbox 1885 1237 1914 1289; x_wconf 83' lang='grc' dir='ltr'>ὁ</span> 
     </span>
    </p>
   </div>
   <div class='ocr_carea' id='block_1_12' title="bbox 327 1328 1914 1404">
    <p class='ocr_par' dir='ltr' id='par_1_12' title="bbox 327 1328 1914 1404">
     <span class='ocr_line' id='line_1_12' title="bbox 327 1328 1914 1404; baseline -0.006 -14"><span class='ocrx_word' id='word_1_87' title='bbox 327 1337 521 1392; x_wconf 79' lang='grc' dir='ltr'><strong>παθεῖν</strong></span> <span class='ocrx_word' id='word_1_88' title='bbox 558 1338 660 1391; x_wconf 78' lang='grc' dir='ltr'><strong>οὐκ</strong></span> <span class='ocrx_word' id='word_1_89' title='bbox 689 1334 880 1401; x_wconf 83' lang='grc' dir='ltr'><strong>εἰδώς;</strong></span> <span class='ocrx_word' id='word_1_90' title='bbox 915 1335 987 1388; x_wconf 88' lang='grc' dir='ltr'><em>Ἢ</em></span> <span class='ocrx_word' id='word_1_91' title='bbox 1027 1334 1244 1404; x_wconf 83' lang='grc' dir='ltr'><strong>φρονεῖν</strong></span> <span class='ocrx_word' id='word_1_92' title='bbox 1283 1331 1381 1402; x_wconf 85' lang='grc' dir='ltr'><strong>μὲν</strong></span> <span class='ocrx_word' id='word_1_93' title='bbox 1405 1329 1549 1384; x_wconf 82' lang='grc' dir='ltr'><strong>οὓτω</strong></span> <span class='ocrx_word' id='word_1_94' title='bbox 1573 1328 1914 1401; x_wconf 78' lang='grc' dir='ltr'><strong>παραιτήσε-</strong></span> 
     </span>
    </p>
   </div>
   <div class='ocr_carea' id='block_1_13' title="bbox 328 1418 1912 1497">
    <p class='ocr_par' dir='ltr' id='par_1_13' title="bbox 328 1418 1912 1497">
     <span class='ocr_line' id='line_1_13' title="bbox 328 1418 1912 1497; baseline -0.008 -15"><span class='ocrx_word' id='word_1_95' title='bbox 328 1429 420 1482; x_wconf 89' lang='grc' dir='ltr'><strong>σθε</strong></span> <span class='ocrx_word' id='word_1_96' title='bbox 459 1428 746 1497; x_wconf 77' lang='grc' dir='ltr'><strong>ποιοῦντες</strong></span> <span class='ocrx_word' id='word_1_97' title='bbox 774 1425 972 1497; x_wconf 84' lang='grc' dir='ltr'><strong>ὀρθῶς,</strong></span> <span class='ocrx_word' id='word_1_98' title='bbox 1003 1424 1139 1495; x_wconf 80' lang='grc' dir='ltr'><strong>μόνῃ</strong></span> <span class='ocrx_word' id='word_1_99' title='bbox 1173 1422 1231 1475; x_wconf 82' lang='grc' dir='ltr'><strong>δὲ</strong></span> <span class='ocrx_word' id='word_1_100' title='bbox 1257 1424 1323 1492; x_wconf 78' lang='grc' dir='ltr'><strong>τῇ</strong></span> <span class='ocrx_word' id='word_1_101' title='bbox 1347 1419 1441 1474; x_wconf 90' lang='grc' dir='ltr'><strong>τοῦ</strong></span> <span class='ocrx_word' id='word_1_102' title='bbox 1471 1418 1724 1490; x_wconf 84' lang='grc' dir='ltr'><strong>σώματος</strong></span> <span class='ocrx_word' id='word_1_103' title='bbox 1753 1418 1912 1486; x_wconf 82' lang='grc' dir='ltr'><strong>φύσει</strong></span> 
     </span>
    </p>
   </div>
   <div class='ocr_carea' id='block_1_14' title="bbox 325 1510 1912 1591">
    <p class='ocr_par' dir='ltr' id='par_1_14' title="bbox 325 1510 1912 1591">
     <span class='ocr_line' id='line_1_14' title="bbox 325 1510 1912 1591; baseline -0.008 -16"><span class='ocrx_word' id='word_1_104' title='bbox 325 1521 660 1591; x_wconf 83' lang='grc' dir='ltr'><strong>περιθήσετε</strong></span> <span class='ocrx_word' id='word_1_105' title='bbox 694 1518 766 1574; x_wconf 82' lang='grc' dir='ltr'><strong>τὰ</strong></span> <span class='ocrx_word' id='word_1_106' title='bbox 793 1519 888 1573; x_wconf 69' lang='grc' dir='ltr'><strong>ἐπὶ</strong></span> <span class='ocrx_word' id='word_1_107' title='bbox 916 1516 1124 1581; x_wconf 78' lang='grc' dir='ltr'><strong>τούτοις</strong></span> <span class='ocrx_word' id='word_1_108' title='bbox 1152 1514 1493 1584; x_wconf 74' lang='grc' dir='ltr'><strong>ἐγκλήματα,</strong></span> <span class='ocrx_word' id='word_1_109' title='bbox 1529 1510 1732 1582; x_wconf 78' lang='grc' dir='ltr'><strong>μᾶλλον</strong></span> <span class='ocrx_word' id='word_1_110' title='bbox 1762 1510 1819 1564; x_wconf 86' lang='grc' dir='ltr'><strong>δὲ</strong></span> <span class='ocrx_word' id='word_1_111' title='bbox 1843 1511 1912 1580; x_wconf 78' lang='grc' dir='ltr'><strong>τῇ</strong></span> 
     </span>
    </p>
   </div>
   <div class='ocr_carea' id='block_1_15' title="bbox 326 1601 1913 1684">
    <p class='ocr_par' dir='ltr' id='par_1_15' title="bbox 326 1601 1913 1684">
     <span class='ocr_line' id='line_1_15' title="bbox 326 1601 1913 1684; baseline -0.009 -16"><span class='ocrx_word' id='word_1_112' title='bbox 326 1613 425 1669; x_wconf 88' lang='grc' dir='ltr'><strong>ἀνθ</strong></span> <span class='ocrx_word' id='word_1_113' title='bbox 433 1612 717 1684; x_wconf 77' lang='grc' dir='ltr'><strong>ρωπότητι</strong></span> <span class='ocrx_word' id='word_1_114' title='bbox 736 1610 969 1682; x_wconf 77' lang='grc' dir='ltr'><strong>πρέπειν</strong></span> <span class='ocrx_word' id='word_1_115' title='bbox 993 1610 1167 1681; x_wconf 70' lang='grc' dir='ltr'><strong>ἐρεῖτε</strong></span> <span class='ocrx_word' id='word_1_116' title='bbox 1190 1605 1282 1661; x_wconf 80' lang='grc' dir='ltr'><strong>τὸν</strong></span> <span class='ocrx_word' id='word_1_117' title='bbox 1307 1604 1487 1671; x_wconf 81' lang='grc' dir='ltr'>πόνον,</span> <span class='ocrx_word' id='word_1_118' title='bbox 1502 1603 1650 1675; x_wconf 77' lang='grc' dir='ltr'><strong>ήπερ</strong></span> <span class='ocrx_word' id='word_1_119' title='bbox 1670 1602 1783 1655; x_wconf 75' lang='grc' dir='ltr'><strong>ὄντι</strong></span> <span class='ocrx_word' id='word_1_120' title='bbox 1816 1601 1913 1654; x_wconf 70' lang='grc' dir='ltr'><strong>καὶ</strong></span> 
     </span>
    </p>
   </div>
   <div class='ocr_carea' id='block_1_16' title="bbox 1388 207 2501 267">
    <p class='ocr_par' dir='ltr' id='par_1_16' title="bbox 1388 207 2501 267">
     <span class='ocr_line' id='line_1_16' title="bbox 1388 207 2501 267; baseline 0.002 -5"><span class='ocrx_word' id='word_1_121' title='bbox 1388 208 1453 263; x_wconf 84' lang='grc' dir='ltr'><strong>ΙΝ</strong></span> <span class='ocrx_word' id='word_1_122' title='bbox 1494 207 1784 264; x_wconf 72' lang='lat' dir='ltr'><strong>JOANNIS</strong></span> <span class='ocrx_word' id='word_1_123' title='bbox 1809 207 2263 264; x_wconf 73' lang='lat' dir='ltr'><strong>EVANGELIUM</strong></span> <span class='ocrx_word' id='word_1_124' title='bbox 2298 209 2430 267; x_wconf 78' lang='lat' dir='ltr'><strong>LIB.</strong></span> <span class='ocrx_word' id='word_1_125' title='bbox 2459 209 2501 266; x_wconf 91' lang='lat' dir='ltr'><strong>ll</strong></span> 
     </span>
    </p>
   </div>
   <div class='ocr_carea' id='block_1_17' title="bbox 322 284 2424 403">
    <p class='ocr_par' dir='ltr' id='par_1_17' title="bbox 322 284 2424 403">
     <span class='ocr_line' id='line_1_17' title="bbox 322 284 2424 403; baseline -0.001 -20"><span class='ocrx_word' id='word_1_126' title='bbox 322 330 538 403; x_wconf 76' lang='grc' dir='ltr'><strong>πονηρά</strong></span> <span class='ocrx_word' id='word_1_127' title='bbox 569 329 684 383; x_wconf 82' lang='grc' dir='ltr'><strong>ἀντ’</strong></span> <span class='ocrx_word' id='word_1_128' title='bbox 713 327 954 396; x_wconf 76' lang='grc' dir='ltr'><strong>ἀγαθῶν.</strong></span> <span class='ocrx_word' id='word_1_129' title='bbox 992 345 1010 377; x_wconf 78' lang='grc' dir='ltr'><strong>ι</strong></span> <span class='ocrx_word' id='word_1_130' title='bbox 1052 323 1319 377; x_wconf 84' lang='grc' dir='ltr'><strong>Ἰουδαίων</strong></span> <span class='ocrx_word' id='word_1_131' title='bbox 1356 323 1455 392; x_wconf 85' lang='grc' dir='ltr'><strong>μὲν</strong></span> <span class='ocrx_word' id='word_1_132' title='bbox 1487 319 1580 374; x_wconf 79' lang='grc' dir='ltr'><strong>οὖν</strong></span> <span class='ocrx_word' id='word_1_133' title='bbox 1614 323 1673 374; x_wconf 81' lang='grc' dir='ltr'><strong>ὲν</strong></span> <span class='ocrx_word' id='word_1_134' title='bbox 1704 321 1917 385; x_wconf 85' lang='grc' dir='ltr'><strong>τούτοις</strong></span> <span class='ocrx_word' id='word_1_135' title='bbox 1940 338 1981 397; x_wconf 70' lang='grc' dir='ltr'><strong>Α</strong></span> <span class='ocrx_word' id='word_1_136' title='bbox 2019 284 2364 378; x_wconf 82' lang='lat' dir='ltr'><strong>Psalmoruut</strong></span> <span class='ocrx_word' id='word_1_137' title='bbox 2409 342 2424 380; x_wconf 91' lang='lat'><strong>:</strong></span> 
     </span>
    </p>
   </div>
   <div class='ocr_carea' id='block_1_18' title="bbox 3484 212 3587 267">
    <p class='ocr_par' dir='ltr' id='par_1_18' title="bbox 3484 212 3587 267">
     <span class='ocr_line' id='line_1_18' title="bbox 3484 212 3587 267; baseline 0 -1"><span class='ocrx_word' id='word_1_138' title='bbox 3484 212 3587 267; x_wconf 63' lang='lat'><strong>294</strong></span> 
     </span>
    </p>
   </div>
   <div class='ocr_carea' id='block_1_19' title="bbox 2495 322 3591 395">
    <p class='ocr_par' dir='ltr' id='par_1_19' title="bbox 2495 322 3591 395">
     <span class='ocr_line' id='line_1_19' title="bbox 2495 322 3591 395; baseline 0.003 -19"><span class='ocrx_word' id='word_1_139' title='bbox 2495 342 2513 376; x_wconf 84' lang='grc' dir='ltr'><strong>ι</strong></span> <span class='ocrx_word' id='word_1_140' title='bbox 2563 322 2627 376; x_wconf 86' lang='grc' dir='ltr'><strong>Ει</strong></span> <span class='ocrx_word' id='word_1_141' title='bbox 2691 323 3062 378; x_wconf 83' lang='lat' dir='ltr'><strong>retribuebaut</strong></span> <span class='ocrx_word' id='word_1_142' title='bbox 3106 324 3237 378; x_wconf 86' lang='lat' dir='ltr'><strong>mihi</strong></span> <span class='ocrx_word' id='word_1_143' title='bbox 3292 325 3432 378; x_wconf 88' lang='lat' dir='ltr'><strong>mala</strong></span> <span class='ocrx_word' id='word_1_144' title='bbox 3494 342 3591 395; x_wconf 83' lang='lat' dir='ltr'><strong>pro</strong></span> 
     </span>
    </p>
   </div>
   <div class='ocr_carea' id='block_1_20' title="bbox 2020 413 3592 483">
    <p class='ocr_par' dir='ltr' id='par_1_20' title="bbox 2020 413 3592 483">
     <span class='ocr_line' id='line_1_20' title="bbox 2020 413 3592 483; baseline 0.003 -17"><span class='ocrx_word' id='word_1_145' title='bbox 2020 414 2179 468; x_wconf 90' lang='lat' dir='ltr'><strong>bouis</strong></span> <span class='ocrx_word' id='word_1_146' title='bbox 2219 413 2285 468; x_wconf 76' lang='grc'><strong>⁷⁸.</strong></span> <span class='ocrx_word' id='word_1_147' title='bbox 2337 434 2355 466; x_wconf 81' lang='grc' dir='ltr'><strong>ι</strong></span> <span class='ocrx_word' id='word_1_148' title='bbox 2402 415 2457 469; x_wconf 91' lang='lat' dir='ltr'><strong>In</strong></span> <span class='ocrx_word' id='word_1_149' title='bbox 2513 415 2599 470; x_wconf 88' lang='lat' dir='ltr'><strong>bis</strong></span> <span class='ocrx_word' id='word_1_150' title='bbox 2649 426 2781 483; x_wconf 87' lang='lat' dir='ltr'><strong>ergo</strong></span> <span class='ocrx_word' id='word_1_151' title='bbox 2845 413 3156 469; x_wconf 73' lang='lat' dir='ltr'><strong>Judteortuu</strong></span> <span class='ocrx_word' id='word_1_152' title='bbox 3208 417 3592 471; x_wconf 60' lang='lat' dir='ltr'><strong>manifestatur</strong></span> 
     </span>
    </p>
   </div>
   <div class='ocr_carea' id='block_1_21' title="bbox 2016 505 3590 572">
    <p class='ocr_par' dir='ltr' id='par_1_21' title="bbox 2016 505 3590 572">
     <span class='ocr_line' id='line_1_21' title="bbox 2016 505 3590 572; baseline 0.004 -15"><span class='ocrx_word' id='word_1_153' title='bbox 2016 505 2271 560; x_wconf 78' lang='lat' dir='ltr'><strong>audacia.</strong></span> <span class='ocrx_word' id='word_1_154' title='bbox 2323 506 2467 572; x_wconf 83' lang='lat' dir='ltr'><strong>Quid</strong></span> <span class='ocrx_word' id='word_1_155' title='bbox 2496 521 2627 560; x_wconf 81' lang='lat' dir='ltr'><strong>vero</strong></span> <span class='ocrx_word' id='word_1_156' title='bbox 2654 505 2853 560; x_wconf 88' lang='lat' dir='ltr'><strong>dicturi</strong></span> <span class='ocrx_word' id='word_1_157' title='bbox 2906 518 3037 562; x_wconf 87' lang='lat' dir='ltr'><strong>sunt</strong></span> <span class='ocrx_word' id='word_1_158' title='bbox 3088 507 3152 560; x_wconf 87' lang='lat' dir='ltr'><strong>ad</strong></span> <span class='ocrx_word' id='word_1_159' title='bbox 3204 508 3319 560; x_wconf 71' lang='lat' dir='ltr'><strong>haec</strong></span> <span class='ocrx_word' id='word_1_160' title='bbox 3368 524 3590 563; x_wconf 88' lang='lat' dir='ltr'><strong>rursum</strong></span> 
     </span>
    </p>
   </div>
   <div class='ocr_carea' id='block_1_22' title="bbox 2014 596 3591 669">
    <p class='ocr_par' dir='ltr' id='par_1_22' title="bbox 2014 596 3591 669">
     <span class='ocr_line' id='line_1_22' title="bbox 2014 596 3591 669; baseline 0.003 -18"><span class='ocrx_word' id='word_1_161' title='bbox 2014 596 2176 652; x_wconf 91' lang='lat' dir='ltr'><strong>nobis</strong></span> <span class='ocrx_word' id='word_1_162' title='bbox 2209 598 2423 653; x_wconf 87' lang='lat' dir='ltr'><strong>illorum</strong></span> <span class='ocrx_word' id='word_1_163' title='bbox 2459 599 2746 652; x_wconf 62' lang='lat' dir='ltr'><strong>dementiae</strong></span> <span class='ocrx_word' id='word_1_164' title='bbox 2773 598 2939 653; x_wconf 80' lang='lat' dir='ltr'><strong>vicini</strong></span> <span class='ocrx_word' id='word_1_165' title='bbox 2968 600 3178 660; x_wconf 80' lang='lat' dir='ltr'><strong>Ariani.</strong></span> <span class='ocrx_word' id='word_1_166' title='bbox 3211 601 3264 653; x_wconf 88' lang='lat' dir='ltr'><strong>irt</strong></span> <span class='ocrx_word' id='word_1_167' title='bbox 3289 616 3429 669; x_wconf 88' lang='lat' dir='ltr'><strong>quos</strong></span> <span class='ocrx_word' id='word_1_168' title='bbox 3458 602 3591 655; x_wconf 88' lang='lat' dir='ltr'><strong>illttd</strong></span> 
     </span>
    </p>
   </div>
   <div class='ocr_carea' id='block_1_23' title="bbox 2009 686 3597 759">
    <p class='ocr_par' dir='ltr' id='par_1_23' title="bbox 2009 686 3597 759">
     <span class='ocr_line' id='line_1_23' title="bbox 2009 686 3597 759; baseline 0.004 -18"><span class='ocrx_word' id='word_1_169' title='bbox 2009 686 2136 757; x_wconf 85' lang='lat' dir='ltr'><strong>jure</strong></span> <span class='ocrx_word' id='word_1_170' title='bbox 2184 689 2294 743; x_wconf 85' lang='lat' dir='ltr'><strong>dici</strong></span> <span class='ocrx_word' id='word_1_171' title='bbox 2337 689 2550 759; x_wconf 86' lang='lat' dir='ltr'><strong>possit:</strong></span> <span class='ocrx_word' id='word_1_172' title='bbox 2580 687 2891 744; x_wconf 79' lang='lat' dir='ltr'><strong>Justiﬁeata</strong></span> <span class='ocrx_word' id='word_1_173' title='bbox 2937 698 3023 745; x_wconf 80' lang='lat' dir='ltr'><strong>est</strong></span> <span class='ocrx_word' id='word_1_174' title='bbox 3064 690 3299 746; x_wconf 74' lang='lat' dir='ltr'><strong>Sodoma</strong></span> <span class='ocrx_word' id='word_1_175' title='bbox 3333 708 3397 745; x_wconf 75' lang='lat' dir='ltr'><strong>ex</strong></span> <span class='ocrx_word' id='word_1_176' title='bbox 3433 703 3485 747; x_wconf 88' lang='lat' dir='ltr'><strong>te</strong></span> <span class='ocrx_word' id='word_1_177' title='bbox 3507 693 3597 748; x_wconf 64' lang='lat'><strong>&quot;2</strong></span> 
     </span>
    </p>
   </div>
   <div class='ocr_carea' id='block_1_24' title="bbox 2008 777 3591 854">
    <p class='ocr_par' dir='ltr' id='par_1_24' title="bbox 2008 777 3591 854">
     <span class='ocr_line' id='line_1_24' title="bbox 2008 777 3591 854; baseline 0.004 -21"><span class='ocrx_word' id='word_1_178' title='bbox 2008 777 2100 841; x_wconf 74' lang='grc' dir='ltr'><strong>,ιιιί</strong></span> <span class='ocrx_word' id='word_1_179' title='bbox 2123 781 2272 838; x_wconf 84' lang='lat' dir='ltr'><strong>enim</strong></span> <span class='ocrx_word' id='word_1_180' title='bbox 2302 780 2586 837; x_wconf 77' lang='lat' dir='ltr'><strong>Christum</strong></span> <span class='ocrx_word' id='word_1_181' title='bbox 2613 780 2924 837; x_wconf 80' lang='lat' dir='ltr'><strong>secundum</strong></span> <span class='ocrx_word' id='word_1_182' title='bbox 2961 798 3187 839; x_wconf 87' lang='lat' dir='ltr'><strong>carnem</strong></span> <span class='ocrx_word' id='word_1_183' title='bbox 3215 784 3545 854; x_wconf 80' lang='lat' dir='ltr'><strong>cruciﬁgunt</strong></span> <span class='ocrx_word' id='word_1_184' title='bbox 3578 806 3591 841; x_wconf 88' lang='lat'><strong>:</strong></span> 
     </span>
    </p>
   </div>
   <div class='ocr_carea' id='block_1_25' title="bbox 2016 872 3591 935">
    <p class='ocr_par' dir='ltr' id='par_1_25' title="bbox 2016 872 3591 935">
     <span class='ocr_line' id='line_1_25' title="bbox 2016 872 3591 935; baseline 0.004 -8"><span class='ocrx_word' id='word_1_185' title='bbox 2016 872 2071 927; x_wconf 87' lang='lat' dir='ltr'><strong>bi</strong></span> <span class='ocrx_word' id='word_1_186' title='bbox 2101 882 2294 930; x_wconf 87' lang='lat' dir='ltr'><strong>contra</strong></span> <span class='ocrx_word' id='word_1_187' title='bbox 2322 873 2658 929; x_wconf 70' lang='lat' dir='ltr'><strong>ineffabilem</strong></span> <span class='ocrx_word' id='word_1_188' title='bbox 2682 872 2847 929; x_wconf 77' lang='lat' dir='ltr'><strong>Verbi</strong></span> <span class='ocrx_word' id='word_1_189' title='bbox 2880 882 3131 930; x_wconf 87' lang='lat' dir='ltr'><strong>naturam</strong></span> <span class='ocrx_word' id='word_1_190' title='bbox 3159 875 3591 935; x_wconf 84' lang='lat' dir='ltr'><strong>debacchautur.</strong></span> 
     </span>
    </p>
   </div>
   <div class='ocr_carea' id='block_1_26' title="bbox 2015 966 3594 1041">
    <p class='ocr_par' dir='ltr' id='par_1_26' title="bbox 2015 966 3594 1041">
     <span class='ocr_line' id='line_1_26' title="bbox 2015 966 3594 1041; baseline 0.003 -21"><span class='ocrx_word' id='word_1_191' title='bbox 2015 966 2157 1021; x_wconf 86' lang='lat' dir='ltr'><strong>Ecce</strong></span> <span class='ocrx_word' id='word_1_192' title='bbox 2194 967 2379 1023; x_wconf 90' lang='lat' dir='ltr'><strong>lassus</strong></span> <span class='ocrx_word' id='word_1_193' title='bbox 2416 976 2502 1023; x_wconf 83' lang='lat' dir='ltr'><strong>est</strong></span> <span class='ocrx_word' id='word_1_194' title='bbox 2545 967 2613 1022; x_wconf 88' lang='lat' dir='ltr'><strong>de</strong></span> <span class='ocrx_word' id='word_1_195' title='bbox 2647 968 2754 1023; x_wconf 91' lang='lat' dir='ltr'><strong>via.</strong></span> <span class='ocrx_word' id='word_1_196' title='bbox 2811 968 2951 1036; x_wconf 84' lang='lat' dir='ltr'><strong>Quis</strong></span> <span class='ocrx_word' id='word_1_197' title='bbox 2994 969 3084 1024; x_wconf 90' lang='lat' dir='ltr'><strong>ille</strong></span> <span class='ocrx_word' id='word_1_198' title='bbox 3122 970 3217 1038; x_wconf 87' lang='lat' dir='ltr'><strong>qui</strong></span> <span class='ocrx_word' id='word_1_199' title='bbox 3263 970 3367 1024; x_wconf 88' lang='lat' dir='ltr'><strong>hoc</strong></span> <span class='ocrx_word' id='word_1_200' title='bbox 3398 986 3594 1041; x_wconf 85' lang='lat' dir='ltr'><strong>passus</strong></span> 
     </span>
    </p>
   </div>
   <div class='ocr_carea' id='block_1_27' title="bbox 2012 1057 3595 1118">
    <p class='ocr_par' dir='ltr' id='par_1_27' title="bbox 2012 1057 3595 1118">
     <span class='ocr_line' id='line_1_27' title="bbox 2012 1057 3595 1118; baseline 0.001 -6"><span class='ocrx_word' id='word_1_201' title='bbox 2012 1057 2135 1112; x_wconf 77' lang='lat' dir='ltr'><strong>est?</strong></span> <span class='ocrx_word' id='word_1_202' title='bbox 2161 1057 2246 1112; x_wconf 83' lang='lat' dir='ltr'><strong>An</strong></span> <span class='ocrx_word' id='word_1_203' title='bbox 2296 1060 2557 1113; x_wconf 86' lang='lat' dir='ltr'><strong>virtutum</strong></span> <span class='ocrx_word' id='word_1_204' title='bbox 2590 1059 2881 1114; x_wconf 82' lang='lat' dir='ltr'><strong>Dominum</strong></span> <span class='ocrx_word' id='word_1_205' title='bbox 2914 1060 3125 1117; x_wconf 85' lang='lat' dir='ltr'><strong>viribus</strong></span> <span class='ocrx_word' id='word_1_206' title='bbox 3160 1061 3431 1117; x_wconf 80' lang='lat' dir='ltr'><strong>defectum</strong></span> <span class='ocrx_word' id='word_1_207' title='bbox 3480 1072 3595 1118; x_wconf 76' lang='lat' dir='ltr'><strong>sta-</strong></span> 
     </span>
    </p>
   </div>
   <div class='ocr_carea' id='block_1_28' title="bbox 2012 1148 3591 1224">
    <p class='ocr_par' dir='ltr' id='par_1_28' title="bbox 2012 1148 3591 1224">
     <span class='ocr_line' id='line_1_28' title="bbox 2012 1148 3591 1224; baseline 0.006 -23"><span class='ocrx_word' id='word_1_208' title='bbox 2012 1148 2209 1214; x_wconf 87' lang='lat' dir='ltr'><strong>tueris,</strong></span> <span class='ocrx_word' id='word_1_209' title='bbox 2236 1158 2291 1205; x_wconf 89' lang='lat' dir='ltr'><strong>et</strong></span> <span class='ocrx_word' id='word_1_210' title='bbox 2320 1150 2425 1221; x_wconf 82' lang='lat' dir='ltr'><strong>ipsi</strong></span> <span class='ocrx_word' id='word_1_211' title='bbox 2466 1166 2532 1206; x_wconf 81' lang='lat' dir='ltr'><strong>ex</strong></span> <span class='ocrx_word' id='word_1_212' title='bbox 2576 1150 2737 1207; x_wconf 84' lang='lat' dir='ltr'><strong>Patre</strong></span> <span class='ocrx_word' id='word_1_213' title='bbox 2768 1152 3068 1224; x_wconf 70' lang='lat' dir='ltr'><strong>Unigeuito</strong></span> <span class='ocrx_word' id='word_1_214' title='bbox 3110 1153 3349 1209; x_wconf 83' lang='lat' dir='ltr'><strong>laborem</strong></span> <span class='ocrx_word' id='word_1_215' title='bbox 3378 1154 3591 1211; x_wconf 85' lang='lat' dir='ltr'><strong>itineris</strong></span> 
     </span>
    </p>
   </div>
   <div class='ocr_carea' id='block_1_29' title="bbox 2013 1236 3590 1314">
    <p class='ocr_par' dir='ltr' id='par_1_29' title="bbox 2013 1236 3590 1314">
     <span class='ocr_line' id='line_1_29' title="bbox 2013 1236 3590 1314; baseline 0.004 -22"><span class='ocrx_word' id='word_1_216' title='bbox 2013 1236 2306 1310; x_wconf 79' lang='lat' dir='ltr'><strong>allingetis,</strong></span> <span class='ocrx_word' id='word_1_217' title='bbox 2345 1250 2410 1296; x_wconf 91' lang='lat' dir='ltr'><strong>ut</strong></span> <span class='ocrx_word' id='word_1_218' title='bbox 2446 1252 2502 1298; x_wconf 91' lang='lat' dir='ltr'><strong>et</strong></span> <span class='ocrx_word' id='word_1_219' title='bbox 2554 1242 2802 1314; x_wconf 85' lang='lat' dir='ltr'><strong>patibilis</strong></span> <span class='ocrx_word' id='word_1_220' title='bbox 2832 1252 3128 1298; x_wconf 83' lang='lat' dir='ltr'><strong>censeatur</strong></span> <span class='ocrx_word' id='word_1_221' title='bbox 3177 1259 3301 1298; x_wconf 84' lang='lat' dir='ltr'><strong>esse</strong></span> <span class='ocrx_word' id='word_1_222' title='bbox 3347 1245 3590 1313; x_wconf 85' lang='lat' dir='ltr'><strong>demum,</strong></span> 
     </span>
    </p>
   </div>
   <div class='ocr_carea' id='block_1_30' title="bbox 2012 1332 3593 1406">
    <p class='ocr_par' dir='ltr' id='par_1_30' title="bbox 2012 1332 3593 1406">
     <span class='ocr_line' id='line_1_30' title="bbox 2012 1332 3593 1406; baseline 0.004 -20"><span class='ocrx_word' id='word_1_223' title='bbox 2012 1333 2108 1401; x_wconf 83' lang='lat' dir='ltr'><strong>qui</strong></span> <span class='ocrx_word' id='word_1_224' title='bbox 2140 1332 2252 1402; x_wconf 90' lang='lat' dir='ltr'><strong>pati</strong></span> <span class='ocrx_word' id='word_1_225' title='bbox 2290 1335 2508 1389; x_wconf 84' lang='lat' dir='ltr'><strong>nescit?</strong></span> <span class='ocrx_word' id='word_1_226' title='bbox 2564 1335 2650 1389; x_wconf 72' lang='lat' dir='ltr'><strong>An</strong></span> <span class='ocrx_word' id='word_1_227' title='bbox 2685 1334 2923 1405; x_wconf 84' lang='lat' dir='ltr'><strong>rejecta,</strong></span> <span class='ocrx_word' id='word_1_228' title='bbox 2962 1344 3022 1390; x_wconf 91' lang='lat' dir='ltr'><strong>ut</strong></span> <span class='ocrx_word' id='word_1_229' title='bbox 3060 1352 3161 1406; x_wconf 88' lang='lat' dir='ltr'><strong>par</strong></span> <span class='ocrx_word' id='word_1_230' title='bbox 3186 1345 3305 1402; x_wconf 85' lang='lat' dir='ltr'><strong>est,</strong></span> <span class='ocrx_word' id='word_1_231' title='bbox 3347 1354 3412 1394; x_wconf 91' lang='lat' dir='ltr'><strong>ea</strong></span> <span class='ocrx_word' id='word_1_232' title='bbox 3463 1353 3593 1393; x_wconf 76' lang='lat' dir='ltr'><strong>sen-</strong></span> 
     </span>
    </p>
   </div>
   <div class='ocr_carea' id='block_1_31' title="bbox 2014 1422 3593 1503">
    <p class='ocr_par' dir='ltr' id='par_1_31' title="bbox 2014 1422 3593 1503">
     <span class='ocr_line' id='line_1_31' title="bbox 2014 1422 3593 1503; baseline 0.006 -27"><span class='ocrx_word' id='word_1_233' title='bbox 2014 1422 2221 1488; x_wconf 90' lang='lat' dir='ltr'><strong>tentia,</strong></span> <span class='ocrx_word' id='word_1_234' title='bbox 2294 1423 2395 1478; x_wconf 91' lang='lat' dir='ltr'><strong>soli</strong></span> <span class='ocrx_word' id='word_1_235' title='bbox 2467 1425 2720 1503; x_wconf 79' lang='lat' dir='ltr'><strong>corporis</strong></span> <span class='ocrx_word' id='word_1_236' title='bbox 2786 1434 3003 1481; x_wconf 66' lang='lat' dir='ltr'><strong>naturas</strong></span> <span class='ocrx_word' id='word_1_237' title='bbox 3076 1428 3175 1483; x_wconf 88' lang='lat' dir='ltr'><strong>bas</strong></span> <span class='ocrx_word' id='word_1_238' title='bbox 3246 1426 3593 1486; x_wconf 80' lang='lat' dir='ltr'><strong>inﬁrmitates</strong></span> 
     </span>
    </p>
   </div>
   <div class='ocr_carea' id='block_1_32' title="bbox 2016 1514 3596 1590">
    <p class='ocr_par' dir='ltr' id='par_1_32' title="bbox 2016 1514 3596 1590">
     <span class='ocr_line' id='line_1_32' title="bbox 2016 1514 3596 1590; baseline 0.006 -23"><span class='ocrx_word' id='word_1_239' title='bbox 2016 1514 2291 1578; x_wconf 75' lang='lat' dir='ltr'><strong>tribuetis,</strong></span> <span class='ocrx_word' id='word_1_240' title='bbox 2322 1524 2379 1571; x_wconf 87' lang='lat' dir='ltr'><strong>et</strong></span> <span class='ocrx_word' id='word_1_241' title='bbox 2412 1515 2743 1571; x_wconf 83' lang='lat' dir='ltr'><strong>humanitati</strong></span> <span class='ocrx_word' id='word_1_242' title='bbox 2790 1517 3035 1573; x_wconf 85' lang='lat' dir='ltr'><strong>laborem</strong></span> <span class='ocrx_word' id='word_1_243' title='bbox 3088 1520 3264 1590; x_wconf 83' lang='lat' dir='ltr'><strong>magis</strong></span> <span class='ocrx_word' id='word_1_244' title='bbox 3299 1522 3596 1577; x_wconf 84' lang='lat' dir='ltr'><strong>convenire</strong></span> 
     </span>
    </p>
   </div>
   <div class='ocr_carea' id='block_1_33' title="bbox 2015 1602 3595 1674">
    <p class='ocr_par' dir='ltr' id='par_1_33' title="bbox 2015 1602 3595 1674">
     <span class='ocr_line' id='line_1_33' title="bbox 2015 1602 3595 1674; baseline 0.006 -16"><span class='ocrx_word' id='word_1_245' title='bbox 2015 1602 2211 1660; x_wconf 80' lang='lat' dir='ltr'><strong>dicetis</strong></span> <span class='ocrx_word' id='word_1_246' title='bbox 2253 1620 2418 1674; x_wconf 87' lang='lat' dir='ltr'><strong>quam</strong></span> <span class='ocrx_word' id='word_1_247' title='bbox 2465 1606 2614 1661; x_wconf 89' lang='lat' dir='ltr'><strong>nudo</strong></span> <span class='ocrx_word' id='word_1_248' title='bbox 2643 1615 2699 1662; x_wconf 82' lang='lat' dir='ltr'><strong>et</strong></span> <span class='ocrx_word' id='word_1_249' title='bbox 2737 1608 2791 1662; x_wconf 90' lang='lat' dir='ltr'><strong>in</strong></span> <span class='ocrx_word' id='word_1_250' title='bbox 2829 1623 2891 1664; x_wconf 91' lang='lat' dir='ltr'><strong>se</strong></span> <span class='ocrx_word' id='word_1_251' title='bbox 2919 1608 3207 1665; x_wconf 74' lang='lat' dir='ltr'><strong>exsistenti</strong></span> <span class='ocrx_word' id='word_1_252' title='bbox 3240 1613 3341 1668; x_wconf 90' lang='lat' dir='ltr'><strong>soli</strong></span> <span class='ocrx_word' id='word_1_253' title='bbox 3380 1611 3595 1668; x_wconf 79' lang='lat' dir='ltr'><strong>Verbo?</strong></span> 
     </span>
    </p>
   </div>
   <div class='ocr_carea' id='block_1_34' title="bbox 329 1690 1917 1771">
    <p class='ocr_par' dir='ltr' id='par_1_34' title="bbox 329 1690 1917 1771">
     <span class='ocr_line' id='line_1_34' title="bbox 329 1690 1917 1771; baseline -0.008 -18"><span class='ocrx_word' id='word_1_254' title='bbox 329 1701 615 1771; x_wconf 80' lang='grc' dir='ltr'><strong>νοουμένῳ</strong></span> <span class='ocrx_word' id='word_1_255' title='bbox 644 1698 839 1769; x_wconf 85' lang='grc' dir='ltr'><strong>γυμνῷ</strong></span> <span class='ocrx_word' id='word_1_256' title='bbox 868 1697 961 1753; x_wconf 71' lang='grc' dir='ltr'><strong>καὶ</strong></span> <span class='ocrx_word' id='word_1_257' title='bbox 1001 1695 1124 1751; x_wconf 88' lang='grc' dir='ltr'><strong>καθ’</strong></span> <span class='ocrx_word' id='word_1_258' title='bbox 1155 1693 1346 1748; x_wconf 76' lang='grc' dir='ltr'><strong>ἑαυτὸν</strong></span> <span class='ocrx_word' id='word_1_259' title='bbox 1378 1691 1456 1763; x_wconf 83' lang='grc' dir='ltr'><strong>τῷ</strong></span> <span class='ocrx_word' id='word_1_260' title='bbox 1484 1692 1643 1762; x_wconf 84' lang='grc' dir='ltr'><strong>Λόγῳ</strong></span> <span class='ocrx_word' id='word_1_261' title='bbox 1669 1709 1685 1759; x_wconf 86' lang='lat'><strong>;</strong></span> <span class='ocrx_word' id='word_1_262' title='bbox 1712 1690 1917 1760; x_wconf 79' lang='grc' dir='ltr'><strong>ὐνπερ</strong></span> 
     </span>
    </p>
   </div>
   <div class='ocr_carea' id='block_1_35' title="bbox 2019 1690 3595 1771">
    <p class='ocr_par' dir='ltr' id='par_1_35' title="bbox 2022 1691 3595 1770">
     <span class='ocr_line' id='line_1_35' title="bbox 2022 1691 3595 1770; baseline 0.006 -24"><span class='ocrx_word' id='word_1_263' title='bbox 2022 1691 2493 1758; x_wconf 76' lang='lat' dir='ltr'><strong>Quemadmodum</strong></span> <span class='ocrx_word' id='word_1_264' title='bbox 2521 1710 2655 1766; x_wconf 71' lang='lat' dir='ltr'><strong>ergo</strong></span> <span class='ocrx_word' id='word_1_265' title='bbox 2680 1712 2804 1752; x_wconf 88' lang='lat' dir='ltr'><strong>cum</strong></span> <span class='ocrx_word' id='word_1_266' title='bbox 2837 1706 3035 1753; x_wconf 85' lang='lat' dir='ltr'><strong>natura</strong></span> <span class='ocrx_word' id='word_1_267' title='bbox 3067 1715 3166 1755; x_wconf 87' lang='lat' dir='ltr'><strong>sua</strong></span> <span class='ocrx_word' id='word_1_268' title='bbox 3187 1702 3369 1756; x_wconf 86' lang='lat' dir='ltr'><strong>omnia</strong></span> <span class='ocrx_word' id='word_1_269' title='bbox 3400 1705 3595 1770; x_wconf 74' lang='lat' dir='ltr'><strong>possit,</strong></span> 
     </span>
    </p>
   </div>
   <div class='ocr_carea' id='block_1_36' title="bbox 329 1781 1919 1863">
    <p class='ocr_par' dir='ltr' id='par_1_36' title="bbox 329 1781 1919 1863">
     <span class='ocr_line' id='line_1_36' title="bbox 329 1781 1919 1863; baseline -0.008 -19"><span class='ocrx_word' id='word_1_270' title='bbox 329 1787 426 1846; x_wconf 82' lang='grc' dir='ltr'><strong>οὖν</strong></span> <span class='ocrx_word' id='word_1_271' title='bbox 460 1790 663 1863; x_wconf 81' lang='grc' dir='ltr'><strong>τρόπον</strong></span> <span class='ocrx_word' id='word_1_272' title='bbox 690 1792 748 1844; x_wconf 74' lang='grc' dir='ltr'><strong>ὲν</strong></span> <span class='ocrx_word' id='word_1_273' title='bbox 780 1789 887 1860; x_wconf 74' lang='grc' dir='ltr'><strong>ἰδίᾳ</strong></span> <span class='ocrx_word' id='word_1_274' title='bbox 928 1785 1090 1858; x_wconf 84' lang='grc' dir='ltr'><strong>φύσει</strong></span> <span class='ocrx_word' id='word_1_275' title='bbox 1116 1785 1178 1839; x_wconf 81' lang='grc' dir='ltr'><strong>τὸ</strong></span> <span class='ocrx_word' id='word_1_276' title='bbox 1205 1784 1385 1838; x_wconf 84' lang='grc' dir='ltr'><strong>πάντα</strong></span> <span class='ocrx_word' id='word_1_277' title='bbox 1421 1781 1675 1835; x_wconf 87' lang='grc' dir='ltr'><strong>δύνασθαι</strong></span> <span class='ocrx_word' id='word_1_278' title='bbox 1718 1796 1919 1850; x_wconf 80' lang='grc' dir='ltr'><strong>κεκτη-</strong></span> 
     </span>
    </p>
   </div>
   <div class='ocr_carea' id='block_1_37' title="bbox 336 1873 1918 1953">
    <p class='ocr_par' dir='ltr' id='par_1_37' title="bbox 336 1873 1918 1953">
     <span class='ocr_line' id='line_1_37' title="bbox 336 1873 1918 1953; baseline -0.008 -15"><span class='ocrx_word' id='word_1_279' title='bbox 336 1883 522 1953; x_wconf 84' lang='grc' dir='ltr'><strong>μένος,</strong></span> <span class='ocrx_word' id='word_1_280' title='bbox 555 1882 653 1937; x_wconf 69' lang='lat' dir='ltr'><strong>atat</strong></span> <span class='ocrx_word' id='word_1_281' title='bbox 682 1881 847 1945; x_wconf 82' lang='grc' dir='ltr'><strong>αὐτὸς</strong></span> <span class='ocrx_word' id='word_1_282' title='bbox 878 1880 1135 1950; x_wconf 81' lang='grc' dir='ltr'><strong>ὑπάρχων</strong></span> <span class='ocrx_word' id='word_1_283' title='bbox 1165 1878 1200 1948; x_wconf 79' lang='grc' dir='ltr'><strong>ἡ</strong></span> <span class='ocrx_word' id='word_1_284' title='bbox 1232 1875 1448 1929; x_wconf 87' lang='grc' dir='ltr'><strong>πάντων</strong></span> <span class='ocrx_word' id='word_1_285' title='bbox 1480 1873 1632 1944; x_wconf 79' lang='grc' dir='ltr'><strong>ἰσχὺς</strong></span> <span class='ocrx_word' id='word_1_286' title='bbox 1656 1889 1918 1926; x_wconf 87' lang='grc' dir='ltr'><strong>κεκοπια-</strong></span> 
     </span>
    </p>
   </div>
   <div class='ocr_carea' id='block_1_38' title="bbox 333 1957 1920 2043">
    <p class='ocr_par' dir='ltr' id='par_1_38' title="bbox 333 1957 1920 2043">
     <span class='ocr_line' id='line_1_38' title="bbox 333 1957 1920 2043; baseline -0.011 -11"><span class='ocrx_word' id='word_1_287' title='bbox 333 1979 495 2034; x_wconf 81' lang='grc' dir='ltr'><strong>κέναι</strong></span> <span class='ocrx_word' id='word_1_288' title='bbox 535 1974 757 2043; x_wconf 88' lang='grc' dir='ltr'><strong>λέγεται</strong></span> <span class='ocrx_word' id='word_1_289' title='bbox 808 1970 908 2042; x_wconf 82' lang='grc' dir='ltr'><strong>(μὴ</strong></span> <span class='ocrx_word' id='word_1_290' title='bbox 952 1970 1063 2040; x_wconf 89' lang='grc' dir='ltr'><strong>γάρ</strong></span> <span class='ocrx_word' id='word_1_291' title='bbox 1115 1984 1207 2039; x_wconf 91' lang='grc' dir='ltr'><strong>μοι</strong></span> <span class='ocrx_word' id='word_1_292' title='bbox 1235 1966 1415 2040; x_wconf 76' lang='grc' dir='ltr'><strong>διέλῃς</strong></span> <span class='ocrx_word' id='word_1_293' title='bbox 1457 1965 1536 2027; x_wconf 88' lang='grc' dir='ltr'><strong>εἰς</strong></span> <span class='ocrx_word' id='word_1_294' title='bbox 1576 1962 1704 2019; x_wconf 86' lang='grc' dir='ltr'><strong>υἰῶν</strong></span> <span class='ocrx_word' id='word_1_295' title='bbox 1752 1957 1920 2016; x_wconf 82' lang='grc' dir='ltr'><strong>δυάδα</strong></span> 
     </span>
    </p>
   </div>
   <div class='ocr_carea' id='block_1_39' title="bbox 330 2055 1921 2136">
    <p class='ocr_par' dir='ltr' id='par_1_39' title="bbox 330 2055 1921 2136">
     <span class='ocr_line' id='line_1_39' title="bbox 330 2055 1921 2136; baseline -0.01 -14"><span class='ocrx_word' id='word_1_296' title='bbox 330 2069 424 2123; x_wconf 82' lang='grc' dir='ltr'><strong>τὸν</strong></span> <span class='ocrx_word' id='word_1_297' title='bbox 462 2067 560 2121; x_wconf 78' lang='grc' dir='ltr'><strong>⁴ἐνα</strong></span> <span class='ocrx_word' id='word_1_298' title='bbox 590 2063 873 2136; x_wconf 83' lang='grc' dir='ltr'><strong>Χριστόν),</strong></span> <span class='ocrx_word' id='word_1_299' title='bbox 905 2060 1091 2116; x_wconf 78' lang='grc' dir='ltr'><strong>καὶτὰ</strong></span> <span class='ocrx_word' id='word_1_300' title='bbox 1121 2060 1221 2130; x_wconf 82' lang='grc' dir='ltr'><strong>τῆς</strong></span> <span class='ocrx_word' id='word_1_301' title='bbox 1243 2057 1657 2130; x_wconf 80' lang='grc' dir='ltr'><strong>ἀνθρωπότητος</strong></span> <span class='ocrx_word' id='word_1_302' title='bbox 1683 2057 1763 2118; x_wconf 87' lang='grc' dir='ltr'><strong>εἰς</strong></span> <span class='ocrx_word' id='word_1_303' title='bbox 1796 2055 1921 2107; x_wconf 78' lang='grc' dir='ltr'><strong>ἐαυ-</strong></span> 
     </span>
    </p>
   </div>
   <div class='ocr_carea' id='block_1_40' title="bbox 327 2144 1922 2222">
    <p class='ocr_par' dir='ltr' id='par_1_40' title="bbox 327 2144 1922 2222">
     <span class='ocr_line' id='line_1_40' title="bbox 327 2144 1922 2222; baseline -0.01 -10"><span class='ocrx_word' id='word_1_304' title='bbox 327 2159 422 2213; x_wconf 81' lang='grc' dir='ltr'><strong>τὸν</strong></span> <span class='ocrx_word' id='word_1_305' title='bbox 455 2155 755 2211; x_wconf 70' lang='grc' dir='ltr'><strong>οἰκειοῦται</strong></span> <span class='ocrx_word' id='word_1_306' title='bbox 807 2151 955 2222; x_wconf 85' lang='grc' dir='ltr'><strong>πάθη</strong></span> <span class='ocrx_word' id='word_1_307' title='bbox 975 2191 991 2217; x_wconf 93' lang='grc'><strong>,</strong></span> <span class='ocrx_word' id='word_1_308' title='bbox 1018 2149 1196 2204; x_wconf 85' lang='grc' dir='ltr'><strong>καίτοι</strong></span> <span class='ocrx_word' id='word_1_309' title='bbox 1226 2148 1405 2220; x_wconf 88' lang='grc' dir='ltr'><strong>μένων</strong></span> <span class='ocrx_word' id='word_1_310' title='bbox 1427 2145 1666 2217; x_wconf 78' lang='grc' dir='ltr'><strong>ἀπαθὴς,</strong></span> <span class='ocrx_word' id='word_1_311' title='bbox 1689 2144 1922 2216; x_wconf 74' lang='grc' dir='ltr'><strong>ἐπείπερ</strong></span> 
     </span>
    </p>
   </div>
   <div class='ocr_carea' id='block_1_41' title="bbox 328 2234 1925 2319">
    <p class='ocr_par' dir='ltr' id='par_1_41' title="bbox 328 2234 1925 2319">
     <span class='ocr_line' id='line_1_41' title="bbox 328 2234 1925 2319; baseline -0.011 -15"><span class='ocrx_word' id='word_1_312' title='bbox 328 2248 617 2319; x_wconf 72' lang='grc' dir='ltr'><strong>ἄνθρωπος</strong></span> <span class='ocrx_word' id='word_1_313' title='bbox 641 2246 888 2315; x_wconf 88' lang='grc' dir='ltr'><strong>γέγονεν,</strong></span> <span class='ocrx_word' id='word_1_314' title='bbox 917 2243 945 2296; x_wconf 87' lang='grc' dir='ltr'>ὀ</span> <span class='ocrx_word' id='word_1_315' title='bbox 973 2241 1170 2312; x_wconf 84' lang='grc' dir='ltr'><strong>κοπιᾷν</strong></span> <span class='ocrx_word' id='word_1_316' title='bbox 1217 2239 1295 2311; x_wconf 82' lang='grc' dir='ltr'><strong>μὴ</strong></span> <span class='ocrx_word' id='word_1_317' title='bbox 1325 2237 1604 2308; x_wconf 83' lang='grc' dir='ltr'><strong>πεφυκώς.</strong></span> <span class='ocrx_word' id='word_1_318' title='bbox 1655 2235 1842 2300; x_wconf 79' lang='grc' dir='ltr'><strong>οὕτως</strong></span> <span class='ocrx_word' id='word_1_319' title='bbox 1870 2234 1925 2288; x_wconf 85' lang='grc' dir='ltr'><strong>εἰ</strong></span> 
     </span>
    </p>
   </div>
   <div class='ocr_carea' id='block_1_42' title="bbox 326 2322 1920 2404">
    <p class='ocr_par' dir='ltr' id='par_1_42' title="bbox 326 2322 1920 2404">
     <span class='ocr_line' id='line_1_42' title="bbox 326 2322 1920 2404; baseline -0.009 -11"><span class='ocrx_word' id='word_1_320' title='bbox 326 2358 385 2395; x_wconf 89' lang='grc' dir='ltr'><strong>τι</strong></span> <span class='ocrx_word' id='word_1_321' title='bbox 415 2339 511 2393; x_wconf 75' lang='grc' dir='ltr'><strong>καὶ</strong></span> <span class='ocrx_word' id='word_1_322' title='bbox 543 2337 694 2404; x_wconf 83' lang='grc' dir='ltr'><strong>λέγοι</strong></span> <span class='ocrx_word' id='word_1_323' title='bbox 739 2335 850 2390; x_wconf 86' lang='grc' dir='ltr'><strong>τῶν</strong></span> <span class='ocrx_word' id='word_1_324' title='bbox 884 2334 985 2388; x_wconf 81' lang='grc' dir='ltr'><strong>ὅσα</strong></span> <span class='ocrx_word' id='word_1_325' title='bbox 1021 2333 1086 2404; x_wconf 83' lang='grc' dir='ltr'><strong>δὴ</strong></span> <span class='ocrx_word' id='word_1_326' title='bbox 1126 2332 1360 2404; x_wconf 85' lang='grc' dir='ltr'><strong>πρέπειν</strong></span> <span class='ocrx_word' id='word_1_327' title='bbox 1410 2327 1685 2400; x_wconf 84' lang='grc' dir='ltr'><strong>ἀνθρώπῳ</strong></span> <span class='ocrx_word' id='word_1_328' title='bbox 1720 2322 1920 2399; x_wconf 47' lang='lat' dir='ltr'><strong>parum</strong></span> 
     </span>
    </p>
   </div>
   <div class='ocr_carea' id='block_1_43' title="bbox 328 2418 1921 2502">
    <p class='ocr_par' dir='ltr' id='par_1_43' title="bbox 328 2418 1921 2502">
     <span class='ocr_line' id='line_1_43' title="bbox 328 2418 1921 2502; baseline -0.009 -16"><span class='ocrx_word' id='word_1_329' title='bbox 328 2428 634 2502; x_wconf 75' lang='grc' dir='ltr'><strong>οἰησόμεθα</strong></span> <span class='ocrx_word' id='word_1_330' title='bbox 675 2428 807 2493; x_wconf 84' lang='grc' dir='ltr'><strong>δεῖν,</strong></span> <span class='ocrx_word' id='word_1_331' title='bbox 837 2427 933 2482; x_wconf 80' lang='grc' dir='ltr'><strong>καὶ</strong></span> <span class='ocrx_word' id='word_1_332' title='bbox 981 2427 1082 2479; x_wconf 81' lang='grc' dir='ltr'><strong>οὐκ</strong></span> <span class='ocrx_word' id='word_1_333' title='bbox 1123 2424 1232 2496; x_wconf 78' lang='grc' dir='ltr'><strong>ἄρα</strong></span> <span class='ocrx_word' id='word_1_334' title='bbox 1263 2422 1347 2495; x_wconf 84' lang='grc' dir='ltr'><strong>τῷ</strong></span> <span class='ocrx_word' id='word_1_335' title='bbox 1377 2420 1496 2494; x_wconf 86' lang='grc' dir='ltr'><strong>Θεῷ</strong></span> <span class='ocrx_word' id='word_1_336' title='bbox 1515 2460 1530 2485; x_wconf 85' lang='grc'><strong>,</strong></span> <span class='ocrx_word' id='word_1_337' title='bbox 1566 2420 1642 2492; x_wconf 86' lang='grc' dir='ltr'><strong>μὴ</strong></span> <span class='ocrx_word' id='word_1_338' title='bbox 1674 2418 1921 2489; x_wconf 76' lang='grc' dir='ltr'><strong>λεξειθη-</strong></span> 
     </span>
    </p>
   </div>
   <div class='ocr_carea' id='block_1_44' title="bbox 334 2509 1922 2596">
    <p class='ocr_par' dir='ltr' id='par_1_44' title="bbox 334 2509 1922 2596">
     <span class='ocr_line' id='line_1_44' title="bbox 334 2509 1922 2596; baseline -0.008 -19"><span class='ocrx_word' id='word_1_339' title='bbox 334 2525 519 2596; x_wconf 88' lang='grc' dir='ltr'><strong>ρῶμεν</strong></span> <span class='ocrx_word' id='word_1_340' title='bbox 560 2516 676 2594; x_wconf 80' lang='grc' dir='ltr'><strong>[αι.</strong></span> <span class='ocrx_word' id='word_1_341' title='bbox 722 2513 1121 2589; x_wconf 82' lang='grc' dir='ltr'><strong>λεξιθηρῶμεν]</strong></span> <span class='ocrx_word' id='word_1_342' title='bbox 1150 2514 1346 2579; x_wconf 81' lang='grc' dir='ltr'><strong>εὐθὺς,</strong></span> <span class='ocrx_word' id='word_1_343' title='bbox 1377 2511 1514 2584; x_wconf 82' lang='grc' dir='ltr'><strong>μηδὲ</strong></span> <span class='ocrx_word' id='word_1_344' title='bbox 1551 2512 1641 2565; x_wconf 85' lang='grc' dir='ltr'><strong>ὅτε</strong></span> <span class='ocrx_word' id='word_1_345' title='bbox 1687 2509 1922 2580; x_wconf 81' lang='grc' dir='ltr'><strong>μάλιστα</strong></span> 
     </span>
    </p>
   </div>
   <div class='ocr_carea' id='block_1_45' title="bbox 330 2601 1920 2685">
    <p class='ocr_par' dir='ltr' id='par_1_45' title="bbox 330 2601 1920 2685">
     <span class='ocr_line' id='line_1_45' title="bbox 330 2601 1920 2685; baseline -0.01 -17"><span class='ocrx_word' id='word_1_346' title='bbox 330 2614 526 2685; x_wconf 72' lang='grc' dir='ltr'><strong>τέχνης</strong></span> <span class='ocrx_word' id='word_1_347' title='bbox 556 2614 690 2685; x_wconf 79' lang='grc' dir='ltr'><strong>ἡμῖν</strong></span> <span class='ocrx_word' id='word_1_348' title='bbox 721 2610 824 2682; x_wconf 78' lang='grc' dir='ltr'><strong>τῆς</strong></span> <span class='ocrx_word' id='word_1_349' title='bbox 860 2609 941 2674; x_wconf 85' lang='grc' dir='ltr'><strong>εἰς</strong></span> <span class='ocrx_word' id='word_1_350' title='bbox 990 2606 1273 2661; x_wconf 81' lang='grc' dir='ltr'><strong>εὐσέϐειαν</strong></span> <span class='ocrx_word' id='word_1_351' title='bbox 1306 2606 1421 2670; x_wconf 78' lang='grc' dir='ltr'><strong>δεῖ,</strong></span> <span class='ocrx_word' id='word_1_352' title='bbox 1454 2603 1578 2657; x_wconf 88' lang='grc' dir='ltr'><strong>τότε</strong></span> <span class='ocrx_word' id='word_1_353' title='bbox 1620 2602 1686 2673; x_wconf 86' lang='grc' dir='ltr'><strong>δὴ</strong></span> <span class='ocrx_word' id='word_1_354' title='bbox 1732 2601 1920 2669; x_wconf 79' lang='grc' dir='ltr'><strong>διαφε-</strong></span> 
     </span>
    </p>
   </div>
   <div class='ocr_carea' id='block_1_46' title="bbox 336 2692 1922 2778">
    <p class='ocr_par' dir='ltr' id='par_1_46' title="bbox 336 2692 1922 2778">
     <span class='ocr_line' id='line_1_46' title="bbox 336 2692 1922 2778; baseline -0.008 -19"><span class='ocrx_word' id='word_1_355' title='bbox 336 2708 540 2778; x_wconf 81' lang='grc' dir='ltr'><strong>ρόντως</strong></span> <span class='ocrx_word' id='word_1_356' title='bbox 571 2703 970 2776; x_wconf 84' lang='grc' dir='ltr'><strong>ἀμαθαίνοντες</strong></span> <span class='ocrx_word' id='word_1_357' title='bbox 1005 2697 1382 2771; x_wconf 85' lang='grc' dir='ltr'><strong>ἀλισκώμεθα,</strong></span> <span class='ocrx_word' id='word_1_358' title='bbox 1402 2692 1493 2750; x_wconf 81' lang='grc' dir='ltr'><strong>τὸν</strong></span> <span class='ocrx_word' id='word_1_359' title='bbox 1527 2695 1625 2767; x_wconf 83' lang='grc' dir='ltr'><strong>μὲν</strong></span> <span class='ocrx_word' id='word_1_360' title='bbox 1650 2695 1750 2766; x_wconf 83' lang='grc' dir='ltr'><strong>τῆς</strong></span> <span class='ocrx_word' id='word_1_361' title='bbox 1782 2692 1922 2765; x_wconf 85' lang='grc' dir='ltr'><strong>μετά</strong></span> 
     </span>
    </p>
   </div>
   <div class='ocr_carea' id='block_1_47' title="bbox 337 2784 1918 2869">
    <p class='ocr_par' dir='ltr' id='par_1_47' title="bbox 337 2784 1918 2869">
     <span class='ocr_line' id='line_1_47' title="bbox 337 2784 1918 2869; baseline -0.008 -17"><span class='ocrx_word' id='word_1_362' title='bbox 337 2797 537 2869; x_wconf 75' lang='grc' dir='ltr'><strong>σαρκὸς</strong></span> <span class='ocrx_word' id='word_1_363' title='bbox 564 2794 877 2865; x_wconf 77' lang='grc' dir='ltr'><strong>οἰκονομίας</strong></span> <span class='ocrx_word' id='word_1_364' title='bbox 902 2794 977 2858; x_wconf 86' lang='grc' dir='ltr'><strong>ὡς</strong></span> <span class='ocrx_word' id='word_1_365' title='bbox 1015 2790 1357 2865; x_wconf 75' lang='grc' dir='ltr'><strong>πορρωτάτω</strong></span> <span class='ocrx_word' id='word_1_366' title='bbox 1385 2786 1700 2859; x_wconf 83' lang='grc' dir='ltr'><strong>ποιούμενοι</strong></span> <span class='ocrx_word' id='word_1_367' title='bbox 1738 2784 1918 2854; x_wconf 88' lang='grc' dir='ltr'><strong>λόγον,</strong></span> 
     </span>
    </p>
   </div>
   <div class='ocr_carea' id='block_1_48' title="bbox 340 2882 1919 2964">
    <p class='ocr_par' dir='ltr' id='par_1_48' title="bbox 340 2882 1919 2964">
     <span class='ocr_line' id='line_1_48' title="bbox 340 2882 1919 2964; baseline -0.008 -17"><span class='ocrx_word' id='word_1_368' title='bbox 340 2896 426 2947; x_wconf 70' lang='grc' dir='ltr'><strong>ἐπ’</strong></span> <span class='ocrx_word' id='word_1_369' title='bbox 454 2893 622 2964; x_wconf 77' lang='grc' dir='ltr'><strong>αὐτὴν</strong></span> <span class='ocrx_word' id='word_1_370' title='bbox 672 2886 730 2945; x_wconf 80' lang='grc' dir='ltr'><strong>δὲ</strong></span> <span class='ocrx_word' id='word_1_371' title='bbox 766 2888 983 2961; x_wconf 84' lang='grc' dir='ltr'><strong>θερμῶς</strong></span> <span class='ocrx_word' id='word_1_372' title='bbox 1031 2885 1419 2949; x_wconf 86' lang='grc' dir='ltr'><strong>ἀναϐαίνοντες</strong></span> <span class='ocrx_word' id='word_1_373' title='bbox 1469 2886 1569 2955; x_wconf 83' lang='grc' dir='ltr'><strong>τὴν</strong></span> <span class='ocrx_word' id='word_1_374' title='bbox 1613 2882 1708 2937; x_wconf 90' lang='grc' dir='ltr'><strong>τοῦ</strong></span> <span class='ocrx_word' id='word_1_375' title='bbox 1741 2883 1919 2951; x_wconf 89' lang='grc' dir='ltr'><strong>Λόγου</strong></span> 
     </span>
    </p>
   </div>
   <div class='ocr_carea' id='block_1_49' title="bbox 342 2975 1918 3053">
    <p class='ocr_par' dir='ltr' id='par_1_49' title="bbox 342 2975 1918 3053">
     <span class='ocr_line' id='line_1_49' title="bbox 342 2975 1918 3053; baseline 0.004 -18"><span class='ocrx_word' id='word_1_376' title='bbox 342 2983 587 3053; x_wconf 85' lang='grc' dir='ltr'><strong>θεότητα,</strong></span> <span class='ocrx_word' id='word_1_377' title='bbox 614 2983 707 3037; x_wconf 74' lang='grc' dir='ltr'><strong>καὶ</strong></span> <span class='ocrx_word' id='word_1_378' title='bbox 735 2980 843 3035; x_wconf 81' lang='grc' dir='ltr'><strong>τῶν</strong></span> <span class='ocrx_word' id='word_1_379' title='bbox 876 2980 1019 3050; x_wconf 84' lang='grc' dir='ltr'><strong>ὑπὲρ</strong></span> <span class='ocrx_word' id='word_1_380' title='bbox 1064 2979 1214 3050; x_wconf 80' lang='grc' dir='ltr'><strong>ἡμᾶς</strong></span> <span class='ocrx_word' id='word_1_381' title='bbox 1242 2975 1584 3049; x_wconf 81' lang='grc' dir='ltr'><strong>πραγμάτων</strong></span> <span class='ocrx_word' id='word_1_382' title='bbox 1614 2978 1679 3030; x_wconf 64' lang='grc' dir='ltr'><strong>ἔκ</strong></span> <span class='ocrx_word' id='word_1_383' title='bbox 1716 2976 1918 3049; x_wconf 83' lang='grc' dir='ltr'><strong>πολλῆς</strong></span> 
     </span>
    </p>
   </div>
   <div class='ocr_carea' id='block_1_50' title="bbox 337 3068 1918 3146">
    <p class='ocr_par' dir='ltr' id='par_1_50' title="bbox 337 3068 1918 3146">
     <span class='ocr_line' id='line_1_50' title="bbox 337 3068 1918 3146; baseline -0.005 -18"><span class='ocrx_word' id='word_1_384' title='bbox 337 3075 441 3145; x_wconf 77' lang='grc' dir='ltr'><strong>τῆς</strong></span> <span class='ocrx_word' id='word_1_385' title='bbox 473 3074 707 3146; x_wconf 78' lang='grc' dir='ltr'><strong>ἀμαθίας</strong></span> <span class='ocrx_word' id='word_1_386' title='bbox 739 3072 1055 3144; x_wconf 85' lang='grc' dir='ltr'><strong>ἁπτόμενοι.</strong></span> <span class='ocrx_word' id='word_1_387' title='bbox 1091 3070 1155 3125; x_wconf 85' lang='grc' dir='ltr'><strong>Εἰ</strong></span> <span class='ocrx_word' id='word_1_388' title='bbox 1183 3068 1282 3141; x_wconf 79' lang='grc' dir='ltr'><strong>μὲν</strong></span> <span class='ocrx_word' id='word_1_389' title='bbox 1314 3069 1424 3140; x_wconf 83' lang='grc' dir='ltr'><strong>γὰρ</strong></span> <span class='ocrx_word' id='word_1_390' title='bbox 1457 3068 1593 3133; x_wconf 83' lang='grc' dir='ltr'><strong>ὅλως</strong></span> <span class='ocrx_word' id='word_1_391' title='bbox 1620 3070 1683 3123; x_wconf 82' lang='grc' dir='ltr'><strong>οὐ</strong></span> <span class='ocrx_word' id='word_1_392' title='bbox 1714 3086 1918 3141; x_wconf 83' lang='grc' dir='ltr'><strong>κεχρη-</strong></span> 
     </span>
    </p>
   </div>
   <div class='ocr_carea' id='block_1_51' title="bbox 338 3159 1918 3238">
    <p class='ocr_par' dir='ltr' id='par_1_51' title="bbox 338 3159 1918 3238">
     <span class='ocr_line' id='line_1_51' title="bbox 338 3159 1918 3238; baseline -0.004 -18"><span class='ocrx_word' id='word_1_393' title='bbox 338 3167 567 3236; x_wconf 86' lang='grc' dir='ltr'><strong>μάτικεν</strong></span> <span class='ocrx_word' id='word_1_394' title='bbox 613 3165 924 3238; x_wconf 79' lang='grc' dir='ltr'><strong>ἄνθρωπος,</strong></span> <span class='ocrx_word' id='word_1_395' title='bbox 966 3165 1015 3216; x_wconf 92' lang='grc' dir='ltr'><strong>εἰ</strong></span> <span class='ocrx_word' id='word_1_396' title='bbox 1067 3162 1145 3234; x_wconf 85' lang='grc' dir='ltr'><strong>μὴ</strong></span> <span class='ocrx_word' id='word_1_397' title='bbox 1184 3161 1407 3231; x_wconf 86' lang='grc' dir='ltr'><strong>γέγονεν</strong></span> <span class='ocrx_word' id='word_1_398' title='bbox 1428 3160 1487 3213; x_wconf 78' lang='grc' dir='ltr'><strong>ὲν</strong></span> <span class='ocrx_word' id='word_1_399' title='bbox 1519 3162 1587 3231; x_wconf 79' lang='grc' dir='ltr'><strong>τῇ</strong></span> <span class='ocrx_word' id='word_1_400' title='bbox 1612 3159 1706 3212; x_wconf 86' lang='grc' dir='ltr'><strong>τοῦ</strong></span> <span class='ocrx_word' id='word_1_401' title='bbox 1732 3159 1918 3214; x_wconf 85' lang='grc' dir='ltr'><strong>δούλου</strong></span> 
     </span>
    </p>
   </div>
   <div class='ocr_carea' id='block_1_52' title="bbox 337 3249 1918 3330">
    <p class='ocr_par' dir='ltr' id='par_1_52' title="bbox 337 3249 1918 3330">
     <span class='ocr_line' id='line_1_52' title="bbox 337 3249 1918 3330; baseline -0.006 -18"><span class='ocrx_word' id='word_1_402' title='bbox 337 3261 545 3330; x_wconf 66' lang='grc' dir='ltr'><strong>μορφῇ,</strong></span> <span class='ocrx_word' id='word_1_403' title='bbox 577 3256 923 3329; x_wconf 86' lang='grc' dir='ltr'><strong>θορυϐεῖσθαι</strong></span> <span class='ocrx_word' id='word_1_404' title='bbox 959 3255 1185 3318; x_wconf 82' lang='grc' dir='ltr'><strong>δίκαιον,</strong></span> <span class='ocrx_word' id='word_1_405' title='bbox 1219 3252 1347 3306; x_wconf 82' lang='grc' dir='ltr'><strong>ὅταν</strong></span> <span class='ocrx_word' id='word_1_406' title='bbox 1376 3269 1429 3306; x_wconf 92' lang='grc' dir='ltr'><strong>τι</strong></span> <span class='ocrx_word' id='word_1_407' title='bbox 1464 3250 1598 3321; x_wconf 79' lang='grc' dir='ltr'><strong>λέγῃ</strong></span> <span class='ocrx_word' id='word_1_408' title='bbox 1626 3249 1918 3322; x_wconf 86' lang='grc' dir='ltr'><strong>δουλοπρε-</strong></span> 
     </span>
    </p>
   </div>
   <div class='ocr_carea' id='block_1_53' title="bbox 333 3341 1920 3418">
    <p class='ocr_par' dir='ltr' id='par_1_53' title="bbox 333 3341 1920 3418">
     <span class='ocr_line' id='line_1_53' title="bbox 333 3341 1920 3418; baseline -0.007 -14"><span class='ocrx_word' id='word_1_409' title='bbox 333 3351 433 3415; x_wconf 86' lang='grc' dir='ltr'><strong>πές</strong></span> <span class='ocrx_word' id='word_1_410' title='bbox 455 3367 468 3379; x_wconf 91' lang='grc'><strong>·</strong></span> <span class='ocrx_word' id='word_1_411' title='bbox 493 3348 831 3404; x_wconf 82' lang='grc' dir='ltr'><strong>ἀπαιτείσθω</strong></span> <span class='ocrx_word' id='word_1_412' title='bbox 854 3348 910 3402; x_wconf 80' lang='grc' dir='ltr'><strong>δὲ</strong></span> <span class='ocrx_word' id='word_1_413' title='bbox 933 3346 1132 3418; x_wconf 78' lang='grc' dir='ltr'><strong>μᾶλλον</strong></span> <span class='ocrx_word' id='word_1_414' title='bbox 1157 3343 1334 3398; x_wconf 89' lang='grc' dir='ltr'><strong>πάντα</strong></span> <span class='ocrx_word' id='word_1_415' title='bbox 1362 3342 1504 3396; x_wconf 83' lang='grc' dir='ltr'><strong>κατά</strong></span> <span class='ocrx_word' id='word_1_416' title='bbox 1530 3341 1622 3395; x_wconf 82' lang='grc' dir='ltr'><strong>τὸν</strong></span> <span class='ocrx_word' id='word_1_417' title='bbox 1643 3341 1920 3414; x_wconf 89' lang='grc' dir='ltr'><strong>πρέποντα</strong></span> 
     </span>
    </p>
   </div>
   <div class='ocr_carea' id='block_1_54' title="bbox 332 3430 1922 3512">
    <p class='ocr_par' dir='ltr' id='par_1_54' title="bbox 332 3430 1922 3512">
     <span class='ocr_line' id='line_1_54' title="bbox 332 3430 1922 3512; baseline -0.008 -17"><span class='ocrx_word' id='word_1_418' title='bbox 332 3441 412 3512; x_wconf 79' lang='grc' dir='ltr'><strong>τῷ</strong></span> <span class='ocrx_word' id='word_1_419' title='bbox 437 3440 556 3511; x_wconf 80' lang='grc' dir='ltr'><strong>Θεῷ</strong></span> <span class='ocrx_word' id='word_1_420' title='bbox 579 3440 756 3509; x_wconf 84' lang='grc' dir='ltr'><strong>λόγον.</strong></span> <span class='ocrx_word' id='word_1_421' title='bbox 793 3439 857 3491; x_wconf 88' lang='grc' dir='ltr'><strong>Εἰ</strong></span> <span class='ocrx_word' id='word_1_422' title='bbox 885 3437 940 3490; x_wconf 85' lang='grc' dir='ltr'><strong>δὲ</strong></span> <span class='ocrx_word' id='word_1_423' title='bbox 972 3433 1277 3505; x_wconf 80' lang='grc' dir='ltr'><strong>σωζόμενον</strong></span> <span class='ocrx_word' id='word_1_424' title='bbox 1310 3435 1367 3487; x_wconf 82' lang='grc' dir='ltr'><strong>ὲν</strong></span> <span class='ocrx_word' id='word_1_425' title='bbox 1389 3431 1571 3485; x_wconf 85' lang='grc' dir='ltr'><strong>πίστει</strong></span> <span class='ocrx_word' id='word_1_426' title='bbox 1597 3430 1809 3502; x_wconf 77' lang='grc' dir='ltr'><strong>βεϐαίᾳ,</strong></span> <span class='ocrx_word' id='word_1_427' title='bbox 1826 3431 1922 3485; x_wconf 72' lang='grc' dir='ltr'><strong>καὶ</strong></span> 
     </span>
    </p>
   </div>
   <div class='ocr_carea' id='block_1_55' title="bbox 335 3521 1920 3598">
    <p class='ocr_par' dir='ltr' id='par_1_55' title="bbox 335 3521 1920 3598">
     <span class='ocr_line' id='line_1_55' title="bbox 335 3521 1920 3598; baseline -0.007 -11"><span class='ocrx_word' id='word_1_428' title='bbox 335 3531 724 3593; x_wconf 81' lang='grc' dir='ltr'><strong>ἀνενὸοιάστως</strong></span> <span class='ocrx_word' id='word_1_429' title='bbox 753 3528 1197 3598; x_wconf 78' lang='grc' dir='ltr'><strong>τεθαρσήκαμεν,</strong></span> <span class='ocrx_word' id='word_1_430' title='bbox 1234 3525 1316 3577; x_wconf 86' lang='grc' dir='ltr'><strong>ὅτι</strong></span> <span class='ocrx_word' id='word_1_431' title='bbox 1351 3521 1495 3577; x_wconf 87' lang='grc' dir='ltr'><strong>κατά</strong></span> <span class='ocrx_word' id='word_1_432' title='bbox 1526 3522 1628 3594; x_wconf 80' lang='grc' dir='ltr'><strong>τὴν</strong></span> <span class='ocrx_word' id='word_1_433' title='bbox 1675 3522 1920 3577; x_wconf 83' lang='grc' dir='ltr'>Ἰωάννου</span> 
     </span>
    </p>
   </div>
   <div class='ocr_carea' id='block_1_56' title="bbox 338 3614 1920 3696">
    <p class='ocr_par' dir='ltr' id='par_1_56' title="bbox 338 3614 1920 3696">
     <span class='ocr_line' id='line_1_56' title="bbox 338 3614 1920 3696; baseline -0.008 -17"><span class='ocrx_word' id='word_1_434' title='bbox 338 3624 543 3696; x_wconf 78' lang='grc' dir='ltr'><strong>φωνὴν,</strong></span> <span class='ocrx_word' id='word_1_435' title='bbox 579 3641 599 3673; x_wconf 81' lang='lat' dir='ltr'><strong>t</strong></span> <span class='ocrx_word' id='word_1_436' title='bbox 642 3622 699 3675; x_wconf 92' lang='lat'><strong>&#39;0</strong></span> <span class='ocrx_word' id='word_1_437' title='bbox 731 3621 888 3690; x_wconf 86' lang='grc' dir='ltr'><strong>λόγος</strong></span> <span class='ocrx_word' id='word_1_438' title='bbox 919 3618 1054 3689; x_wconf 82' lang='grc' dir='ltr'><strong>σάρξ</strong></span> <span class='ocrx_word' id='word_1_439' title='bbox 1102 3615 1346 3686; x_wconf 76' lang='grc' dir='ltr'><strong>ἐγένετο,</strong></span> <span class='ocrx_word' id='word_1_440' title='bbox 1372 3614 1467 3668; x_wconf 76' lang='grc' dir='ltr'><strong>καὶ</strong></span> <span class='ocrx_word' id='word_1_441' title='bbox 1507 3614 1818 3684; x_wconf 75' lang='grc' dir='ltr'><strong>ἐσκήνωσεν</strong></span> <span class='ocrx_word' id='word_1_442' title='bbox 1861 3614 1920 3668; x_wconf 82' lang='grc' dir='ltr'><strong>ὲν</strong></span> 
     </span>
    </p>
   </div>
   <div class='ocr_carea' id='block_1_57' title="bbox 337 3704 1919 3787">
    <p class='ocr_par' dir='ltr' id='par_1_57' title="bbox 337 3704 1919 3787">
     <span class='ocr_line' id='line_1_57' title="bbox 337 3704 1919 3787; baseline -0.008 -17"><span class='ocrx_word' id='word_1_443' title='bbox 337 3719 489 3787; x_wconf 72' lang='grc' dir='ltr'><strong>ἡμῖν,</strong></span> <span class='ocrx_word' id='word_1_444' title='bbox 525 3734 542 3766; x_wconf 75' lang='grc' dir='ltr'><strong>ι</strong></span> <span class='ocrx_word' id='word_1_445' title='bbox 575 3715 702 3767; x_wconf 84' lang='grc' dir='ltr'><strong>ὅταν</strong></span> <span class='ocrx_word' id='word_1_446' title='bbox 738 3711 874 3785; x_wconf 75' lang='grc' dir='ltr'><strong>ἴδῃς,</strong></span> <span class='ocrx_word' id='word_1_447' title='bbox 920 3711 995 3773; x_wconf 87' lang='grc' dir='ltr'><strong>ὼς</strong></span> <span class='ocrx_word' id='word_1_448' title='bbox 1029 3708 1207 3780; x_wconf 83' lang='grc' dir='ltr'><strong>σάρκα</strong></span> <span class='ocrx_word' id='word_1_449' title='bbox 1237 3705 1501 3761; x_wconf 82' lang='grc' dir='ltr'><strong>λαλοῦντα</strong></span> <span class='ocrx_word' id='word_1_450' title='bbox 1528 3744 1544 3770; x_wconf 90' lang='grc'><strong>,</strong></span> <span class='ocrx_word' id='word_1_451' title='bbox 1569 3704 1716 3758; x_wconf 79' lang='grc' dir='ltr'><strong>τοῦτ’</strong></span> <span class='ocrx_word' id='word_1_452' title='bbox 1751 3705 1919 3768; x_wconf 73' lang='grc' dir='ltr'><strong>ἔστιν,</strong></span> 
     </span>
    </p>
   </div>
   <div class='ocr_carea' id='block_1_58' title="bbox 335 3796 1923 3877">
    <p class='ocr_par' dir='ltr' id='par_1_58' title="bbox 335 3796 1923 3877">
     <span class='ocr_line' id='line_1_58' title="bbox 335 3796 1923 3877; baseline -0.006 -17"><span class='ocrx_word' id='word_1_453' title='bbox 335 3807 412 3871; x_wconf 81' lang='grc' dir='ltr'><strong>ὡς</strong></span> <span class='ocrx_word' id='word_1_454' title='bbox 458 3806 767 3877; x_wconf 78' lang='grc' dir='ltr'><strong>ἄνθρωπον,</strong></span> <span class='ocrx_word' id='word_1_455' title='bbox 797 3802 954 3873; x_wconf 78' lang='grc' dir='ltr'><strong>δέχου</strong></span> <span class='ocrx_word' id='word_1_456' title='bbox 1002 3801 1139 3873; x_wconf 83' lang='grc' dir='ltr'><strong>πρὸς</strong></span> <span class='ocrx_word' id='word_1_457' title='bbox 1166 3796 1468 3869; x_wconf 84' lang='grc' dir='ltr'><strong>ἀσφάλειαν</strong></span> <span class='ocrx_word' id='word_1_458' title='bbox 1500 3796 1594 3850; x_wconf 92' lang='grc' dir='ltr'><strong>τοῦ</strong></span> <span class='ocrx_word' id='word_1_459' title='bbox 1633 3796 1923 3867; x_wconf 87' lang='grc' dir='ltr'><strong>κηρύγμα-</strong></span> 
     </span>
    </p>
   </div>
   <div class='ocr_carea' id='block_1_59' title="bbox 336 3884 1923 3967">
    <p class='ocr_par' dir='ltr' id='par_1_59' title="bbox 336 3884 1923 3967">
     <span class='ocr_line' id='line_1_59' title="bbox 336 3884 1923 3967; baseline -0.009 -14"><span class='ocrx_word' id='word_1_460' title='bbox 336 3917 428 3963; x_wconf 85' lang='grc' dir='ltr'><strong>τος</strong></span> <span class='ocrx_word' id='word_1_461' title='bbox 454 3898 545 3951; x_wconf 76' lang='grc' dir='ltr'><strong>τὸν</strong></span> <span class='ocrx_word' id='word_1_462' title='bbox 570 3896 843 3967; x_wconf 83' lang='grc' dir='ltr'><strong>ἀνθρώπῳ</strong></span> <span class='ocrx_word' id='word_1_463' title='bbox 869 3894 1148 3966; x_wconf 82' lang='grc' dir='ltr'><strong>πρέποντα</strong></span> <span class='ocrx_word' id='word_1_464' title='bbox 1179 3892 1360 3961; x_wconf 90' lang='grc' dir='ltr'><strong>λόγον.</strong></span> <span class='ocrx_word' id='word_1_465' title='bbox 1392 3889 1468 3943; x_wconf 83' lang='grc' dir='ltr'><strong>Ού</strong></span> <span class='ocrx_word' id='word_1_466' title='bbox 1490 3888 1598 3960; x_wconf 83' lang='grc' dir='ltr'><strong>γὰρ</strong></span> <span class='ocrx_word' id='word_1_467' title='bbox 1619 3884 1686 3960; x_wconf 80' lang='grc' dir='ltr'><strong>ἦν</strong></span> <span class='ocrx_word' id='word_1_468' title='bbox 1720 3888 1923 3960; x_wconf 81' lang='grc' dir='ltr'><strong>ἑτέρως</strong></span> 
     </span>
    </p>
   </div>
   <div class='ocr_carea' id='block_1_60' title="bbox 338 3979 1925 4057">
    <p class='ocr_par' dir='ltr' id='par_1_60' title="bbox 338 3979 1925 4057">
     <span class='ocr_line' id='line_1_60' title="bbox 338 3979 1925 4057; baseline -0.009 -14"><span class='ocrx_word' id='word_1_469' title='bbox 338 3990 637 4057; x_wconf 78' lang='grc' dir='ltr'><strong>ἐπιγνῶναι</strong></span> <span class='ocrx_word' id='word_1_470' title='bbox 687 3987 895 4055; x_wconf 74' lang='grc' dir='ltr'><strong>σαφῶς,</strong></span> <span class='ocrx_word' id='word_1_471' title='bbox 932 3985 1013 4038; x_wconf 83' lang='grc' dir='ltr'><strong>ὅτι</strong></span> <span class='ocrx_word' id='word_1_472' title='bbox 1060 3983 1194 4046; x_wconf 81' lang='grc' dir='ltr'><strong>Θεὸς</strong></span> <span class='ocrx_word' id='word_1_473' title='bbox 1235 3980 1312 4034; x_wconf 86' lang='grc' dir='ltr'><strong>ὢν</strong></span> <span class='ocrx_word' id='word_1_474' title='bbox 1336 3981 1433 4034; x_wconf 69' lang='grc' dir='ltr'><strong>καὶ</strong></span> <span class='ocrx_word' id='word_1_475' title='bbox 1464 3981 1658 4049; x_wconf 84' lang='grc' dir='ltr'><strong>Λόγος,</strong></span> <span class='ocrx_word' id='word_1_476' title='bbox 1701 3979 1925 4047; x_wconf 87' lang='grc' dir='ltr'><strong>γέγονεν</strong></span> 
     </span>
    </p>
   </div>
   <div class='ocr_carea' id='block_1_61' title="bbox 337 4067 1926 4151">
    <p class='ocr_par' dir='ltr' id='par_1_61' title="bbox 337 4067 1926 4151">
     <span class='ocr_line' id='line_1_61' title="bbox 337 4067 1926 4151; baseline -0.009 -17"><span class='ocrx_word' id='word_1_477' title='bbox 337 4082 644 4151; x_wconf 78' lang='grc' dir='ltr'><strong>ἄνθρωπος,</strong></span> <span class='ocrx_word' id='word_1_478' title='bbox 676 4081 723 4132; x_wconf 91' lang='grc' dir='ltr'><strong>εἰ</strong></span> <span class='ocrx_word' id='word_1_479' title='bbox 752 4079 826 4148; x_wconf 82' lang='grc' dir='ltr'><strong>μή</strong></span> <span class='ocrx_word' id='word_1_480' title='bbox 854 4094 906 4131; x_wconf 86' lang='grc' dir='ltr'><strong>τι</strong></span> <span class='ocrx_word' id='word_1_481' title='bbox 940 4076 1035 4129; x_wconf 76' lang='grc' dir='ltr'><strong>καὶ</strong></span> <span class='ocrx_word' id='word_1_482' title='bbox 1078 4073 1271 4127; x_wconf 86' lang='grc' dir='ltr'><strong>παθεῖν</strong></span> <span class='ocrx_word' id='word_1_483' title='bbox 1285 4073 1333 4123; x_wconf 69' lang='grc' dir='ltr'><strong>’ὁ</strong></span> <span class='ocrx_word' id='word_1_484' title='bbox 1362 4068 1600 4141; x_wconf 83' lang='grc' dir='ltr'><strong>ἀπαθὴς,</strong></span> <span class='ocrx_word' id='word_1_485' title='bbox 1641 4070 1733 4123; x_wconf 74' lang='grc' dir='ltr'><strong>καὶ</strong></span> <span class='ocrx_word' id='word_1_486' title='bbox 1762 4067 1926 4138; x_wconf 83' lang='grc' dir='ltr'><strong>λαλῆ-</strong></span> 
     </span>
    </p>
   </div>
   <div class='ocr_carea' id='block_1_62' title="bbox 339 4160 1497 4235">
    <p class='ocr_par' dir='ltr' id='par_1_62' title="bbox 339 4160 1497 4235">
     <span class='ocr_line' id='line_1_62' title="bbox 339 4160 1497 4235; baseline -0.005 -16"><span class='ocrx_word' id='word_1_487' title='bbox 339 4166 429 4219; x_wconf 82' lang='grc' dir='ltr'><strong>σαί</strong></span> <span class='ocrx_word' id='word_1_488' title='bbox 467 4183 521 4219; x_wconf 90' lang='grc' dir='ltr'><strong>τι</strong></span> <span class='ocrx_word' id='word_1_489' title='bbox 545 4165 797 4217; x_wconf 84' lang='grc' dir='ltr'><strong>ταπεινὸν</strong></span> <span class='ocrx_word' id='word_1_490' title='bbox 818 4166 845 4218; x_wconf 86' lang='grc' dir='ltr'>ὁ</span> <span class='ocrx_word' id='word_1_491' title='bbox 874 4163 1083 4235; x_wconf 68' lang='grc' dir='ltr'><strong>ὑψηλὸς</strong></span> <span class='ocrx_word' id='word_1_492' title='bbox 1100 4160 1497 4232; x_wconf 84' lang='grc' dir='ltr'><strong>ἀνεγέγραπτο.</strong></span> 
     </span>
    </p>
   </div>
   <div class='ocr_carea' id='block_1_63' title="bbox 413 4298 1000 4372">
    <p class='ocr_par' dir='ltr' id='par_1_63' title="bbox 413 4298 1000 4372">
     <span class='ocr_line' id='line_1_63' title="bbox 413 4298 1000 4372; baseline -0.002 -17"><span class='ocrx_word' id='word_1_493' title='bbox 413 4302 561 4370; x_wconf 70' lang='grc' dir='ltr'><strong>Ὠιῖα</strong></span> <span class='ocrx_word' id='word_1_494' title='bbox 580 4298 660 4372; x_wconf 75' lang='grc' dir='ltr'><strong>ἦν</strong></span> <span class='ocrx_word' id='word_1_495' title='bbox 679 4300 822 4355; x_wconf 75' lang='grc' dir='ltr'><strong>ὡσεὶ</strong></span> <span class='ocrx_word' id='word_1_496' title='bbox 840 4300 1000 4369; x_wconf 80' lang='grc' dir='ltr'><strong>ἕκτη.</strong></span> 
     </span>
    </p>
   </div>
   <div class='ocr_carea' id='block_1_64' title="bbox 408 4432 1916 4511">
    <p class='ocr_par' dir='ltr' id='par_1_64' title="bbox 408 4432 1916 4511">
     <span class='ocr_line' id='line_1_64' title="bbox 408 4432 1916 4511; baseline -0.004 -20"><span class='ocrx_word' id='word_1_497' title='bbox 408 4438 753 4511; x_wconf 75' lang='grc' dir='ltr'><strong>Εὐαφόρμως</strong></span> <span class='ocrx_word' id='word_1_498' title='bbox 798 4438 889 4491; x_wconf 71' lang='grc' dir='ltr'><strong>ἐπὶ</strong></span> <span class='ocrx_word' id='word_1_499' title='bbox 913 4440 979 4509; x_wconf 85' lang='grc' dir='ltr'><strong>τῇ</strong></span> <span class='ocrx_word' id='word_1_500' title='bbox 1008 4439 1156 4508; x_wconf 80' lang='grc' dir='ltr'><strong>πηγῇ</strong></span> <span class='ocrx_word' id='word_1_501' title='bbox 1208 4434 1545 4490; x_wconf 86' lang='grc' dir='ltr'><strong>καταλύοντα</strong></span> <span class='ocrx_word' id='word_1_502' title='bbox 1570 4432 1802 4487; x_wconf 89' lang='grc' dir='ltr'><strong>δεικνύει</strong></span> <span class='ocrx_word' id='word_1_503' title='bbox 1823 4432 1916 4486; x_wconf 80' lang='grc' dir='ltr'><strong>τὸν</strong></span> 
     </span>
    </p>
   </div>
   <div class='ocr_carea' id='block_1_65' title="bbox 337 4524 1916 4601">
    <p class='ocr_par' dir='ltr' id='par_1_65' title="bbox 337 4524 1916 4601">
     <span class='ocr_line' id='line_1_65' title="bbox 337 4524 1916 4601; baseline -0.004 -17"><span class='ocrx_word' id='word_1_504' title='bbox 337 4531 568 4600; x_wconf 73' lang='grc' dir='ltr'><strong>Ἰησοῦν.</strong></span> <span class='ocrx_word' id='word_1_505' title='bbox 614 4531 797 4584; x_wconf 86' lang='grc' dir='ltr'><strong>Ἠλίου</strong></span> <span class='ocrx_word' id='word_1_506' title='bbox 823 4530 932 4601; x_wconf 80' lang='grc' dir='ltr'><strong>γάρ</strong></span> <span class='ocrx_word' id='word_1_507' title='bbox 953 4527 1330 4599; x_wconf 79' lang='grc' dir='ltr'><strong>ἀκμαιοτάτην</strong></span> <span class='ocrx_word' id='word_1_508' title='bbox 1355 4526 1463 4579; x_wconf 79' lang='grc' dir='ltr'><strong>ἀπὸ</strong></span> <span class='ocrx_word' id='word_1_509' title='bbox 1500 4525 1683 4597; x_wconf 86' lang='grc' dir='ltr'><strong>μέσων</strong></span> <span class='ocrx_word' id='word_1_510' title='bbox 1713 4524 1916 4594; x_wconf 66' lang='grc' dir='ltr'><strong>ἀψίδων</strong></span> 
     </span>
    </p>
   </div>
   <div class='ocr_carea' id='block_1_66' title="bbox 335 4616 1918 4693">
    <p class='ocr_par' dir='ltr' id='par_1_66' title="bbox 335 4616 1918 4693">
     <span class='ocr_line' id='line_1_66' title="bbox 335 4616 1918 4693; baseline -0.004 -16"><span class='ocrx_word' id='word_1_511' title='bbox 335 4628 447 4689; x_wconf 79' lang='grc' dir='ltr'><strong>τοῖς</strong></span> <span class='ocrx_word' id='word_1_512' title='bbox 478 4624 570 4677; x_wconf 73' lang='grc' dir='ltr'><strong>ἐπὶ</strong></span> <span class='ocrx_word' id='word_1_513' title='bbox 608 4624 704 4693; x_wconf 75' lang='grc' dir='ltr'><strong>τῆς</strong></span> <span class='ocrx_word' id='word_1_514' title='bbox 736 4623 839 4693; x_wconf 83' lang='grc' dir='ltr'><strong>γῆς</strong></span> <span class='ocrx_word' id='word_1_515' title='bbox 878 4621 977 4692; x_wconf 77' lang='grc' dir='ltr'><strong>τὴν</strong></span> <span class='ocrx_word' id='word_1_516' title='bbox 997 4622 1191 4673; x_wconf 85' lang='grc' dir='ltr'><strong>ἀκτῖνα</strong></span> <span class='ocrx_word' id='word_1_517' title='bbox 1213 4616 1593 4688; x_wconf 79' lang='grc' dir='ltr'><strong>καταχέοντος,</strong></span> <span class='ocrx_word' id='word_1_518' title='bbox 1630 4616 1724 4668; x_wconf 78' lang='grc' dir='ltr'><strong>καὶ</strong></span> <span class='ocrx_word' id='word_1_519' title='bbox 1747 4617 1918 4687; x_wconf 89' lang='grc' dir='ltr'><strong>ἀκρά-</strong></span> 
     </span>
    </p>
   </div>
   <div class='ocr_carea' id='block_1_67' title="bbox 334 4706 1915 4784">
    <p class='ocr_par' dir='ltr' id='par_1_67' title="bbox 334 4706 1915 4784">
     <span class='ocr_line' id='line_1_67' title="bbox 334 4706 1915 4784; baseline -0.006 -14"><span class='ocrx_word' id='word_1_520' title='bbox 334 4735 448 4781; x_wconf 83' lang='grc' dir='ltr'><strong>τοις</strong></span> <span class='ocrx_word' id='word_1_521' title='bbox 496 4715 816 4784; x_wconf 80' lang='grc' dir='ltr'><strong>τὰσώματα</strong></span> <span class='ocrx_word' id='word_1_522' title='bbox 860 4706 1295 4780; x_wconf 80' lang='grc' dir='ltr'><strong>καταφλέγοντος</strong></span> <span class='ocrx_word' id='word_1_523' title='bbox 1341 4708 1540 4779; x_wconf 79' lang='grc' dir='ltr'><strong>βολαῖς,</strong></span> <span class='ocrx_word' id='word_1_524' title='bbox 1574 4706 1635 4760; x_wconf 82' lang='grc' dir='ltr'><strong>τὸ</strong></span> <span class='ocrx_word' id='word_1_525' title='bbox 1687 4707 1785 4778; x_wconf 82' lang='grc' dir='ltr'><strong>μὲν</strong></span> <span class='ocrx_word' id='word_1_526' title='bbox 1835 4707 1915 4761; x_wconf 79' lang='grc' dir='ltr'><strong>ἔτι</strong></span> 
     </span>
    </p>
   </div>
   <div class='ocr_carea' id='block_1_68' title="bbox 332 4794 1914 4880">
    <p class='ocr_par' dir='ltr' id='par_1_68' title="bbox 332 4794 1914 4880">
     <span class='ocr_line' id='line_1_68' title="bbox 332 4794 1914 4880; baseline -0.008 -17"><span class='ocrx_word' id='word_1_527' title='bbox 332 4810 523 4880; x_wconf 84' lang='grc' dir='ltr'><strong>πρόσω</strong></span> <span class='ocrx_word' id='word_1_528' title='bbox 544 4809 774 4879; x_wconf 75' lang='grc' dir='ltr'><strong>βαδίζειν</strong></span> <span class='ocrx_word' id='word_1_529' title='bbox 797 4808 896 4860; x_wconf 77' lang='grc' dir='ltr'><strong>οὐκ</strong></span> <span class='ocrx_word' id='word_1_530' title='bbox 923 4805 1178 4874; x_wconf 78' lang='grc' dir='ltr'><strong>ἀζήμιον,</strong></span> <span class='ocrx_word' id='word_1_531' title='bbox 1197 4800 1258 4854; x_wconf 77' lang='grc' dir='ltr'><strong>τὸ</strong></span> <span class='ocrx_word' id='word_1_532' title='bbox 1286 4800 1342 4853; x_wconf 79' lang='grc' dir='ltr'><strong>δὲ</strong></span> <span class='ocrx_word' id='word_1_533' title='bbox 1363 4794 1698 4853; x_wconf 88' lang='grc' dir='ltr'><strong>ἀναπνεῦσαι</strong></span> <span class='ocrx_word' id='word_1_534' title='bbox 1717 4798 1914 4870; x_wconf 79' lang='grc' dir='ltr'><strong>βραχὺ,</strong></span> 
     </span>
    </p>
   </div>
   <div class='ocr_carea' id='block_1_69' title="bbox 336 4890 1917 4972">
    <p class='ocr_par' dir='ltr' id='par_1_69' title="bbox 336 4890 1917 4972">
     <span class='ocr_line' id='line_1_69' title="bbox 336 4890 1917 4972; baseline -0.007 -20"><span class='ocrx_word' id='word_1_535' title='bbox 336 4902 541 4972; x_wconf 81' lang='grc' dir='ltr'><strong>μᾶλλον</strong></span> <span class='ocrx_word' id='word_1_536' title='bbox 585 4896 653 4971; x_wconf 76' lang='grc' dir='ltr'><strong>ἦν</strong></span> <span class='ocrx_word' id='word_1_537' title='bbox 683 4898 1136 4965; x_wconf 78' lang='grc' dir='ltr'><strong>ἁκολουθότερον,</strong></span> <span class='ocrx_word' id='word_1_538' title='bbox 1177 4894 1268 4946; x_wconf 81' lang='grc' dir='ltr'><strong>ὅτε</strong></span> <span class='ocrx_word' id='word_1_539' title='bbox 1315 4892 1380 4961; x_wconf 83' lang='grc' dir='ltr'><strong>δὴ</strong></span> <span class='ocrx_word' id='word_1_540' title='bbox 1429 4891 1660 4962; x_wconf 84' lang='grc' dir='ltr'><strong>μάλιστα</strong></span> <span class='ocrx_word' id='word_1_541' title='bbox 1691 4892 1786 4944; x_wconf 70' lang='grc' dir='ltr'><strong>καὶ</strong></span> <span class='ocrx_word' id='word_1_542' title='bbox 1820 4890 1917 4959; x_wconf 70' lang='grc' dir='ltr'><strong>τὴν</strong></span> 
     </span>
    </p>
   </div>
   <div class='ocr_carea' id='block_1_70' title="bbox 328 4978 1914 5061">
    <p class='ocr_par' dir='ltr' id='par_1_70' title="bbox 328 4978 1914 5061">
     <span class='ocr_line' id='line_1_70' title="bbox 328 4978 1914 5061; baseline -0.009 -15"><span class='ocrx_word' id='word_1_543' title='bbox 328 4995 428 5046; x_wconf 78' lang='grc' dir='ltr'><strong>ἐπὶ</strong></span> <span class='ocrx_word' id='word_1_544' title='bbox 459 4992 692 5061; x_wconf 71' lang='grc' dir='ltr'><strong>τρυφαῖς</strong></span> <span class='ocrx_word' id='word_1_545' title='bbox 716 4989 891 5042; x_wconf 79' lang='grc' dir='ltr'><strong>αἰτίαν</strong></span> <span class='ocrx_word' id='word_1_546' title='bbox 928 4987 1126 5059; x_wconf 67' lang='grc' dir='ltr'><strong>ῥᾳδίως</strong></span> <span class='ocrx_word' id='word_1_547' title='bbox 1169 4984 1234 5037; x_wconf 83' lang='grc' dir='ltr'><strong>ἂν</strong></span> <span class='ocrx_word' id='word_1_548' title='bbox 1265 4981 1667 5053; x_wconf 85' lang='grc' dir='ltr'><strong>ἀπεκρούσατο,</strong></span> <span class='ocrx_word' id='word_1_549' title='bbox 1720 4978 1914 5052; x_wconf 85' lang='grc' dir='ltr'><strong>καιροῦ</strong></span> 
     </span>
    </p>
   </div>
   <div class='ocr_carea' id='block_1_71' title="bbox 328 5071 1915 5152">
    <p class='ocr_par' dir='ltr' id='par_1_71' title="bbox 328 5071 1915 5152">
     <span class='ocr_line' id='line_1_71' title="bbox 328 5071 1915 5152; baseline -0.009 -14"><span class='ocrx_word' id='word_1_550' title='bbox 328 5084 429 5138; x_wconf 89' lang='grc' dir='ltr'><strong>τοῦ</strong></span> <span class='ocrx_word' id='word_1_551' title='bbox 466 5080 767 5152; x_wconf 81' lang='grc' dir='ltr'><strong>πρέποντος</strong></span> <span class='ocrx_word' id='word_1_552' title='bbox 797 5073 1222 5147; x_wconf 81' lang='grc' dir='ltr'><strong>συνηγοροῦντος</strong></span> <span class='ocrx_word' id='word_1_553' title='bbox 1241 5071 1319 5145; x_wconf 82' lang='grc' dir='ltr'><strong>τῷ</strong></span> <span class='ocrx_word' id='word_1_554' title='bbox 1354 5072 1666 5145; x_wconf 75' lang='grc' dir='ltr'><strong>πράγματι.</strong></span> <span class='ocrx_word' id='word_1_555' title='bbox 1711 5071 1915 5140; x_wconf 78' lang='grc' dir='ltr'><strong>Ἕκτην</strong></span> 
     </span>
    </p>
   </div>
   <div class='ocr_carea' id='block_1_72' title="bbox 330 5159 1916 5239">
    <p class='ocr_par' dir='ltr' id='par_1_72' title="bbox 330 5159 1916 5239">
     <span class='ocr_line' id='line_1_72' title="bbox 330 5159 1916 5239; baseline -0.011 -11"><span class='ocrx_word' id='word_1_556' title='bbox 330 5175 377 5229; x_wconf 80' lang='grc' dir='ltr'><strong>δ’</strong></span> <span class='ocrx_word' id='word_1_557' title='bbox 417 5172 520 5226; x_wconf 82' lang='grc' dir='ltr'><strong>οὐκ</strong></span> <span class='ocrx_word' id='word_1_558' title='bbox 554 5162 818 5239; x_wconf 68' lang='grc' dir='ltr'><strong>ἀκριϐῶς,</strong></span> <span class='ocrx_word' id='word_1_559' title='bbox 854 5165 964 5218; x_wconf 80' lang='grc' dir='ltr'><strong>ἀλλ’</strong></span> <span class='ocrx_word' id='word_1_560' title='bbox 998 5166 1072 5227; x_wconf 85' lang='grc' dir='ltr'><strong>ὡς</strong></span> <span class='ocrx_word' id='word_1_561' title='bbox 1099 5165 1266 5236; x_wconf 76' lang='grc' dir='ltr'><strong>ἕκτην</strong></span> <span class='ocrx_word' id='word_1_562' title='bbox 1306 5161 1444 5216; x_wconf 79' lang='grc' dir='ltr'><strong>εἶναι</strong></span> <span class='ocrx_word' id='word_1_563' title='bbox 1479 5161 1578 5231; x_wconf 84' lang='grc' dir='ltr'><strong>τὴν</strong></span> <span class='ocrx_word' id='word_1_564' title='bbox 1616 5159 1765 5231; x_wconf 82' lang='grc' dir='ltr'><strong>ὥραν</strong></span> <span class='ocrx_word' id='word_1_565' title='bbox 1815 5178 1916 5230; x_wconf 78' lang='grc' dir='ltr'><strong>φη-</strong></span> 
     </span>
    </p>
   </div>
   <div class='ocr_carea' id='block_1_73' title="bbox 335 5249 1917 5329">
    <p class='ocr_par' dir='ltr' id='par_1_73' title="bbox 335 5249 1917 5329">
     <span class='ocr_line' id='line_1_73' title="bbox 335 5249 1917 5329; baseline -0.013 -9"><span class='ocrx_word' id='word_1_566' title='bbox 335 5269 442 5329; x_wconf 68' lang='grc' dir='ltr'><strong>σιν,</strong></span> <span class='ocrx_word' id='word_1_567' title='bbox 471 5265 560 5317; x_wconf 78' lang='grc' dir='ltr'><strong>ἵνα</strong></span> <span class='ocrx_word' id='word_1_568' title='bbox 595 5260 693 5315; x_wconf 74' lang='grc' dir='ltr'><strong>καὶ</strong></span> <span class='ocrx_word' id='word_1_569' title='bbox 717 5260 876 5329; x_wconf 78' lang='grc' dir='ltr'><strong>ἡμεῖς</strong></span> <span class='ocrx_word' id='word_1_570' title='bbox 922 5254 1272 5327; x_wconf 72' lang='grc' dir='ltr'><strong>μανθάνωμεν</strong></span> <span class='ocrx_word' id='word_1_571' title='bbox 1312 5254 1444 5326; x_wconf 73' lang='grc' dir='ltr'><strong>μηδὲ</strong></span> <span class='ocrx_word' id='word_1_572' title='bbox 1472 5254 1529 5307; x_wconf 78' lang='grc' dir='ltr'><strong>ὲν</strong></span> <span class='ocrx_word' id='word_1_573' title='bbox 1572 5254 1687 5315; x_wconf 83' lang='grc' dir='ltr'><strong>τοῖς</strong></span> <span class='ocrx_word' id='word_1_574' title='bbox 1736 5249 1917 5320; x_wconf 77' lang='grc' dir='ltr'><strong>ἐλαχί-</strong></span> 
     </span>
    </p>
   </div>
   <div class='ocr_carea' id='block_1_74' title="bbox 336 5339 1915 5421">
    <p class='ocr_par' dir='ltr' id='par_1_74' title="bbox 336 5339 1915 5421">
     <span class='ocr_line' id='line_1_74' title="bbox 336 5339 1915 5421; baseline -0.013 -11"><span class='ocrx_word' id='word_1_575' title='bbox 336 5373 483 5418; x_wconf 85' lang='grc' dir='ltr'><strong>στοις</strong></span> <span class='ocrx_word' id='word_1_576' title='bbox 514 5351 854 5421; x_wconf 83' lang='grc' dir='ltr'><strong>ἁδιαφορεῖν,</strong></span> <span class='ocrx_word' id='word_1_577' title='bbox 906 5344 1197 5415; x_wconf 82' lang='grc' dir='ltr'><strong>πειρᾶσθαι</strong></span> <span class='ocrx_word' id='word_1_578' title='bbox 1243 5346 1296 5396; x_wconf 77' lang='grc' dir='ltr'><strong>δὲ</strong></span> <span class='ocrx_word' id='word_1_579' title='bbox 1346 5343 1544 5415; x_wconf 77' lang='grc' dir='ltr'><strong>μᾶλλον</strong></span> <span class='ocrx_word' id='word_1_580' title='bbox 1580 5342 1674 5396; x_wconf 71' lang='grc' dir='ltr'><strong>καὶ</strong></span> <span class='ocrx_word' id='word_1_581' title='bbox 1716 5339 1813 5412; x_wconf 80' lang='grc' dir='ltr'><strong>τὴν</strong></span> <span class='ocrx_word' id='word_1_582' title='bbox 1860 5342 1915 5393; x_wconf 81' lang='grc' dir='ltr'><strong>ὲν</strong></span> 
     </span>
    </p>
   </div>
   <div class='ocr_carea' id='block_1_75' title="bbox 333 5433 1402 5516">
    <p class='ocr_par' dir='ltr' id='par_1_75' title="bbox 333 5433 1402 5516">
     <span class='ocr_line' id='line_1_75' title="bbox 333 5433 1402 5516; baseline -0.013 -16"><span class='ocrx_word' id='word_1_583' title='bbox 333 5449 445 5509; x_wconf 82' lang='grc' dir='ltr'><strong>τοῖς</strong></span> <span class='ocrx_word' id='word_1_584' title='bbox 474 5442 728 5516; x_wconf 80' lang='grc' dir='ltr'><strong>τυχοῦσιν</strong></span> <span class='ocrx_word' id='word_1_585' title='bbox 758 5436 1099 5508; x_wconf 76' lang='grc' dir='ltr'><strong>ἐπιτηδεύειν</strong></span> <span class='ocrx_word' id='word_1_586' title='bbox 1128 5433 1402 5503; x_wconf 75' lang='grc' dir='ltr'><strong>ἀλήθειαν.</strong></span> 
     </span>
    </p>
   </div>
   <div class='ocr_carea' id='block_1_76' title="bbox 407 5617 1005 5687">
    <p class='ocr_par' dir='ltr' id='par_1_76' title="bbox 407 5617 1005 5687">
     <span class='ocr_line' id='line_1_76' title="bbox 407 5617 1005 5687; baseline -0.018 -6"><span class='ocrx_word' id='word_1_587' title='bbox 407 5626 457 5662; x_wconf 75' lang='grc' dir='ltr'><strong>τ’</strong></span> <span class='ocrx_word' id='word_1_588' title='bbox 488 5624 633 5681; x_wconf 82' lang='lat' dir='ltr'><strong>Psal.</strong></span> <span class='ocrx_word' id='word_1_589' title='bbox 676 5635 888 5687; x_wconf 78' lang='lat' dir='ltr'><strong>xxxv&quot;,</strong></span> <span class='ocrx_word' id='word_1_590' title='bbox 914 5617 1005 5672; x_wconf 70' lang='grc' dir='ltr'><strong>ει.</strong></span> 
     </span>
    </p>
   </div>
   <div class='ocr_carea' id='block_1_77' title="bbox 1951 4389 1998 4446">
    <p class='ocr_par' dir='ltr' id='par_1_77' title="bbox 1951 4389 1998 4446">
     <span class='ocr_line' id='line_1_77' title="bbox 1951 4389 1998 4446; baseline 0 0"><span class='ocrx_word' id='word_1_591' title='bbox 1951 4389 1998 4446; x_wconf 86' lang='grc' dir='ltr'><strong>ῐ)</strong></span> 
     </span>
    </p>
   </div>
   <div class='ocr_carea' id='block_1_78' title="bbox 2019 1781 3590 1861">
    <p class='ocr_par' dir='ltr' id='par_1_78' title="bbox 2019 1781 3590 1861">
     <span class='ocr_line' id='line_1_78' title="bbox 2019 1781 3590 1861; baseline 0.007 -25"><span class='ocrx_word' id='word_1_592' title='bbox 2019 1792 2075 1836; x_wconf 85' lang='lat' dir='ltr'><strong>et</strong></span> <span class='ocrx_word' id='word_1_593' title='bbox 2101 1781 2218 1851; x_wconf 87' lang='lat' dir='ltr'><strong>ipse</strong></span> <span class='ocrx_word' id='word_1_594' title='bbox 2254 1784 2498 1838; x_wconf 92' lang='lat' dir='ltr'><strong>omnium</strong></span> <span class='ocrx_word' id='word_1_595' title='bbox 2537 1784 2612 1841; x_wconf 85' lang='lat' dir='ltr'><strong>sit</strong></span> <span class='ocrx_word' id='word_1_596' title='bbox 2640 1787 2840 1854; x_wconf 84' lang='lat' dir='ltr'><strong>virtus,</strong></span> <span class='ocrx_word' id='word_1_597' title='bbox 2874 1788 3207 1861; x_wconf 71' lang='lat' dir='ltr'><strong>defatigatus</strong></span> <span class='ocrx_word' id='word_1_598' title='bbox 3235 1806 3362 1848; x_wconf 88' lang='lat' dir='ltr'><strong>esse</strong></span> <span class='ocrx_word' id='word_1_599' title='bbox 3391 1792 3590 1848; x_wconf 87' lang='lat' dir='ltr'><strong>dicitur</strong></span> 
     </span>
    </p>
   </div>
   <div class='ocr_carea' id='block_1_79' title="bbox 2020 1872 3593 1956">
    <p class='ocr_par' dir='ltr' id='par_1_79' title="bbox 2020 1872 3593 1956">
     <span class='ocr_line' id='line_1_79' title="bbox 2020 1872 3593 1956; baseline 0.007 -26"><span class='ocrx_word' id='word_1_600' title='bbox 2020 1872 2188 1945; x_wconf 85' lang='lat' dir='ltr'><strong>(cave</strong></span> <span class='ocrx_word' id='word_1_601' title='bbox 2200 1875 2348 1931; x_wconf 83' lang='lat' dir='ltr'><strong>enim</strong></span> <span class='ocrx_word' id='word_1_602' title='bbox 2376 1875 2431 1930; x_wconf 90' lang='lat' dir='ltr'><strong>in</strong></span> <span class='ocrx_word' id='word_1_603' title='bbox 2454 1878 2591 1933; x_wconf 88' lang='lat' dir='ltr'><strong>duos</strong></span> <span class='ocrx_word' id='word_1_604' title='bbox 2613 1878 2755 1935; x_wconf 82' lang='lat' dir='ltr'><strong>ﬁlios</strong></span> <span class='ocrx_word' id='word_1_605' title='bbox 2780 1896 2948 1936; x_wconf 89' lang='lat' dir='ltr'><strong>unum</strong></span> <span class='ocrx_word' id='word_1_606' title='bbox 2973 1881 3256 1939; x_wconf 86' lang='lat' dir='ltr'><strong>Christum</strong></span> <span class='ocrx_word' id='word_1_607' title='bbox 3280 1884 3593 1956; x_wconf 83' lang='lat' dir='ltr'><strong>dividere),</strong></span> 
     </span>
    </p>
   </div>
   <div class='ocr_carea' id='block_1_80' title="bbox 2020 1965 3597 2044">
    <p class='ocr_par' dir='ltr' id='par_1_80' title="bbox 2020 1965 3597 2044">
     <span class='ocr_line' id='line_1_80' title="bbox 2020 1965 3597 2044; baseline 0.008 -26"><span class='ocrx_word' id='word_1_608' title='bbox 2020 1971 2073 2019; x_wconf 90' lang='lat' dir='ltr'><strong>ct</strong></span> <span class='ocrx_word' id='word_1_609' title='bbox 2101 1965 2389 2034; x_wconf 80' lang='lat' dir='ltr'><strong>passiones</strong></span> <span class='ocrx_word' id='word_1_610' title='bbox 2430 1966 2792 2027; x_wconf 86' lang='lat' dir='ltr'><strong>humanitatis</strong></span> <span class='ocrx_word' id='word_1_611' title='bbox 2835 1970 2893 2025; x_wconf 78' lang='lat' dir='ltr'><strong>in</strong></span> <span class='ocrx_word' id='word_1_612' title='bbox 2941 1987 3003 2028; x_wconf 86' lang='lat' dir='ltr'><strong>se</strong></span> <span class='ocrx_word' id='word_1_613' title='bbox 3053 1972 3311 2043; x_wconf 85' lang='lat' dir='ltr'><strong>suscipit,</strong></span> <span class='ocrx_word' id='word_1_614' title='bbox 3342 1976 3597 2044; x_wconf 77' lang='lat' dir='ltr'><strong>quamvis</strong></span> 
     </span>
    </p>
   </div>
   <div class='ocr_carea' id='block_1_81' title="bbox 2019 2057 3599 2133">
    <p class='ocr_par' dir='ltr' id='par_1_81' title="bbox 2019 2057 3599 2133">
     <span class='ocr_line' id='line_1_81' title="bbox 2019 2057 3599 2133; baseline 0.008 -24"><span class='ocrx_word' id='word_1_615' title='bbox 2019 2066 2302 2111; x_wconf 87' lang='lat' dir='ltr'><strong>remaneat</strong></span> <span class='ocrx_word' id='word_1_616' title='bbox 2364 2057 2717 2128; x_wconf 84' lang='lat' dir='ltr'><strong>impatibilis,</strong></span> <span class='ocrx_word' id='word_1_617' title='bbox 2771 2064 3216 2133; x_wconf 86' lang='lat' dir='ltr'><strong>quandoquidem</strong></span> <span class='ocrx_word' id='word_1_618' title='bbox 3277 2065 3456 2123; x_wconf 83' lang='lat' dir='ltr'><strong>factus</strong></span> <span class='ocrx_word' id='word_1_619' title='bbox 3511 2076 3599 2123; x_wconf 90' lang='lat' dir='ltr'><strong>est</strong></span> 
     </span>
    </p>
   </div>
   <div class='ocr_carea' id='block_1_82' title="bbox 2018 2147 3595 2229">
    <p class='ocr_par' dir='ltr' id='par_1_82' title="bbox 2018 2147 3595 2229">
     <span class='ocr_line' id='line_1_82' title="bbox 2018 2147 3595 2229; baseline 0.008 -27"><span class='ocrx_word' id='word_1_620' title='bbox 2018 2147 2188 2203; x_wconf 88' lang='lat' dir='ltr'><strong>homo</strong></span> <span class='ocrx_word' id='word_1_621' title='bbox 2215 2149 2310 2219; x_wconf 89' lang='lat' dir='ltr'><strong>qui</strong></span> <span class='ocrx_word' id='word_1_622' title='bbox 2347 2149 2599 2207; x_wconf 86' lang='lat' dir='ltr'><strong>laborare</strong></span> <span class='ocrx_word' id='word_1_623' title='bbox 2645 2157 2823 2208; x_wconf 83' lang='lat' dir='ltr'><strong>nescit</strong></span> <span class='ocrx_word' id='word_1_624' title='bbox 2853 2173 2867 2209; x_wconf 93' lang='lat'><strong>:</strong></span> <span class='ocrx_word' id='word_1_625' title='bbox 2897 2156 2973 2209; x_wconf 86' lang='lat' dir='ltr'><strong>ita</strong></span> <span class='ocrx_word' id='word_1_626' title='bbox 3003 2155 3132 2212; x_wconf 87' lang='lat' dir='ltr'><strong>licet</strong></span> <span class='ocrx_word' id='word_1_627' title='bbox 3168 2156 3375 2229; x_wconf 87' lang='lat' dir='ltr'><strong>aliquid</strong></span> <span class='ocrx_word' id='word_1_628' title='bbox 3425 2158 3595 2225; x_wconf 89' lang='lat' dir='ltr'><strong>dicat,</strong></span> 
     </span>
    </p>
   </div>
   <div class='ocr_carea' id='block_1_83' title="bbox 2021 2240 3595 2320">
    <p class='ocr_par' dir='ltr' id='par_1_83' title="bbox 2021 2240 3595 2320">
     <span class='ocr_line' id='line_1_83' title="bbox 2021 2240 3595 2320; baseline 0.01 -27"><span class='ocrx_word' id='word_1_629' title='bbox 2021 2240 2166 2310; x_wconf 82' lang='lat' dir='ltr'><strong>quod</strong></span> <span class='ocrx_word' id='word_1_630' title='bbox 2200 2240 2409 2295; x_wconf 91' lang='lat' dir='ltr'><strong>homini</strong></span> <span class='ocrx_word' id='word_1_631' title='bbox 2432 2245 2724 2301; x_wconf 86' lang='lat' dir='ltr'><strong>convenire</strong></span> <span class='ocrx_word' id='word_1_632' title='bbox 2741 2247 2924 2316; x_wconf 78' lang='lat' dir='ltr'><strong>potius</strong></span> <span class='ocrx_word' id='word_1_633' title='bbox 2944 2261 3106 2318; x_wconf 84' lang='lat' dir='ltr'><strong>quam</strong></span> <span class='ocrx_word' id='word_1_634' title='bbox 3134 2244 3246 2305; x_wconf 88' lang='lat' dir='ltr'><strong>Deo</strong></span> <span class='ocrx_word' id='word_1_635' title='bbox 3262 2251 3595 2320; x_wconf 87' lang='lat' dir='ltr'><strong>putabimus,</strong></span> 
     </span>
    </p>
   </div>
   <div class='ocr_carea' id='block_1_84' title="bbox 2020 2336 3597 2401">
    <p class='ocr_par' dir='ltr' id='par_1_84' title="bbox 2020 2336 3597 2401">
     <span class='ocr_line' id='line_1_84' title="bbox 2020 2336 3597 2401; baseline 0.006 -11"><span class='ocrx_word' id='word_1_636' title='bbox 2020 2350 2094 2390; x_wconf 90' lang='lat' dir='ltr'><strong>ne</strong></span> <span class='ocrx_word' id='word_1_637' title='bbox 2119 2336 2384 2391; x_wconf 86' lang='lat' dir='ltr'><strong>continuo</strong></span> <span class='ocrx_word' id='word_1_638' title='bbox 2409 2352 2476 2393; x_wconf 78' lang='lat' dir='ltr'><strong>ex</strong></span> <span class='ocrx_word' id='word_1_639' title='bbox 2496 2339 2726 2395; x_wconf 79' lang='lat' dir='ltr'><strong>vocibus</strong></span> <span class='ocrx_word' id='word_1_640' title='bbox 2759 2341 2900 2397; x_wconf 81' lang='lat' dir='ltr'><strong>male</strong></span> <span class='ocrx_word' id='word_1_641' title='bbox 2922 2342 3218 2399; x_wconf 88' lang='lat' dir='ltr'><strong>intellectis</strong></span> <span class='ocrx_word' id='word_1_642' title='bbox 3252 2346 3597 2401; x_wconf 84' lang='lat' dir='ltr'><strong>occasionem</strong></span> 
     </span>
    </p>
   </div>
   <div class='ocr_carea' id='block_1_85' title="bbox 2021 2427 3601 2502">
    <p class='ocr_par' dir='ltr' id='par_1_85' title="bbox 2021 2427 3601 2502">
     <span class='ocr_line' id='line_1_85' title="bbox 2021 2427 3601 2502; baseline 0.008 -24"><span class='ocrx_word' id='word_1_643' title='bbox 2021 2435 2308 2495; x_wconf 85' lang='lat' dir='ltr'><strong>captemus</strong></span> <span class='ocrx_word' id='word_1_644' title='bbox 2368 2427 2513 2482; x_wconf 82' lang='lat' dir='ltr'><strong>male</strong></span> <span class='ocrx_word' id='word_1_645' title='bbox 2569 2429 2878 2495; x_wconf 83' lang='lat' dir='ltr'><strong>sentiendi,</strong></span> <span class='ocrx_word' id='word_1_646' title='bbox 2928 2447 3111 2502; x_wconf 84' lang='lat' dir='ltr'><strong>neque</strong></span> <span class='ocrx_word' id='word_1_647' title='bbox 3176 2448 3303 2488; x_wconf 91' lang='lat' dir='ltr'><strong>cum</strong></span> <span class='ocrx_word' id='word_1_648' title='bbox 3363 2435 3601 2492; x_wconf 81' lang='lat' dir='ltr'><strong>maxime</strong></span> 
     </span>
    </p>
   </div>
   <div class='ocr_carea' id='block_1_86' title="bbox 2020 2514 3601 2593">
    <p class='ocr_par' dir='ltr' id='par_1_86' title="bbox 2020 2514 3601 2593">
     <span class='ocr_line' id='line_1_86' title="bbox 2020 2514 3601 2593; baseline 0.004 -23"><span class='ocrx_word' id='word_1_649' title='bbox 2020 2514 2315 2587; x_wconf 84' lang='lat' dir='ltr'><strong>disciplina</strong></span> <span class='ocrx_word' id='word_1_650' title='bbox 2348 2517 2570 2587; x_wconf 88' lang='lat' dir='ltr'><strong>pietatis</strong></span> <span class='ocrx_word' id='word_1_651' title='bbox 2599 2519 2928 2592; x_wconf 75' lang='lat' dir='ltr'><strong>indigemus,</strong></span> <span class='ocrx_word' id='word_1_652' title='bbox 2961 2532 3096 2578; x_wconf 85' lang='lat' dir='ltr'><strong>tunc</strong></span> <span class='ocrx_word' id='word_1_653' title='bbox 3125 2522 3601 2593; x_wconf 87' lang='lat' dir='ltr'><strong>deprehendamur</strong></span> 
     </span>
    </p>
   </div>
   <div class='ocr_carea' id='block_1_87' title="bbox 2022 2607 3600 2687">
    <p class='ocr_par' dir='ltr' id='par_1_87' title="bbox 2022 2607 3600 2687">
     <span class='ocr_line' id='line_1_87' title="bbox 2022 2607 3600 2687; baseline 0.006 -25"><span class='ocrx_word' id='word_1_654' title='bbox 2022 2607 2316 2680; x_wconf 72' lang='lat' dir='ltr'><strong>insigniter</strong></span> <span class='ocrx_word' id='word_1_655' title='bbox 2340 2610 2603 2681; x_wconf 79' lang='lat' dir='ltr'><strong>imperiti,</strong></span> <span class='ocrx_word' id='word_1_656' title='bbox 2626 2614 2723 2682; x_wconf 87' lang='lat' dir='ltr'><strong>qui</strong></span> <span class='ocrx_word' id='word_1_657' title='bbox 2753 2614 3153 2672; x_wconf 84' lang='lat' dir='ltr'><strong>incarnationis</strong></span> <span class='ocrx_word' id='word_1_658' title='bbox 3176 2618 3387 2673; x_wconf 87' lang='lat' dir='ltr'><strong>ratione</strong></span> <span class='ocrx_word' id='word_1_659' title='bbox 3410 2617 3600 2687; x_wconf 89' lang='lat' dir='ltr'><strong>procul</strong></span> 
     </span>
    </p>
   </div>
   <div class='ocr_carea' id='block_1_88' title="bbox 2021 2701 3602 2773">
    <p class='ocr_par' dir='ltr' id='par_1_88' title="bbox 2021 2701 3602 2773">
     <span class='ocr_line' id='line_1_88' title="bbox 2021 2701 3602 2773; baseline 0.006 -20"><span class='ocrx_word' id='word_1_660' title='bbox 2021 2701 2337 2766; x_wconf 89' lang='lat' dir='ltr'><strong>amandata,</strong></span> <span class='ocrx_word' id='word_1_661' title='bbox 2356 2701 2422 2757; x_wconf 88' lang='lat' dir='ltr'><strong>ad</strong></span> <span class='ocrx_word' id='word_1_662' title='bbox 2447 2704 2624 2773; x_wconf 88' lang='lat' dir='ltr'><strong>ipsam</strong></span> <span class='ocrx_word' id='word_1_663' title='bbox 2647 2706 2911 2761; x_wconf 88' lang='lat' dir='ltr'><strong>continuo</strong></span> <span class='ocrx_word' id='word_1_664' title='bbox 2932 2701 3098 2763; x_wconf 81' lang='lat' dir='ltr'><strong>Verbi</strong></span> <span class='ocrx_word' id='word_1_665' title='bbox 3127 2707 3381 2763; x_wconf 86' lang='lat' dir='ltr'><strong>deitatem</strong></span> <span class='ocrx_word' id='word_1_666' title='bbox 3413 2722 3602 2765; x_wconf 86' lang='lat' dir='ltr'><strong>ascen-</strong></span> 
     </span>
    </p>
   </div>
   <div class='ocr_carea' id='block_1_89' title="bbox 2022 2788 3601 2865">
    <p class='ocr_par' dir='ltr' id='par_1_89' title="bbox 2022 2788 3601 2865">
     <span class='ocr_line' id='line_1_89' title="bbox 2022 2788 3601 2865; baseline 0.006 -22"><span class='ocrx_word' id='word_1_667' title='bbox 2022 2788 2240 2857; x_wconf 88' lang='lat' dir='ltr'><strong>damus,</strong></span> <span class='ocrx_word' id='word_1_668' title='bbox 2281 2798 2338 2847; x_wconf 89' lang='lat' dir='ltr'><strong>et</strong></span> <span class='ocrx_word' id='word_1_669' title='bbox 2370 2804 2469 2862; x_wconf 85' lang='lat' dir='ltr'><strong>per</strong></span> <span class='ocrx_word' id='word_1_670' title='bbox 2515 2806 2788 2848; x_wconf 88' lang='lat' dir='ltr'><strong>summam</strong></span> <span class='ocrx_word' id='word_1_671' title='bbox 2838 2794 3111 2850; x_wconf 85' lang='lat' dir='ltr'><strong>inscitiam</strong></span> <span class='ocrx_word' id='word_1_672' title='bbox 3158 2809 3249 2851; x_wconf 85' lang='lat' dir='ltr'><strong>res</strong></span> <span class='ocrx_word' id='word_1_673' title='bbox 3293 2810 3461 2865; x_wconf 84' lang='lat' dir='ltr'><strong>supra</strong></span> <span class='ocrx_word' id='word_1_674' title='bbox 3498 2811 3601 2852; x_wconf 90' lang='lat' dir='ltr'><strong>nos</strong></span> 
     </span>
    </p>
   </div>
   <div class='ocr_carea' id='block_1_90' title="bbox 2021 2883 3604 2958">
    <p class='ocr_par' dir='ltr' id='par_1_90' title="bbox 2021 2883 3604 2958">
     <span class='ocr_line' id='line_1_90' title="bbox 2021 2883 3604 2958; baseline 0.001 -18"><span class='ocrx_word' id='word_1_675' title='bbox 2021 2885 2231 2955; x_wconf 86' lang='lat' dir='ltr'><strong>positas</strong></span> <span class='ocrx_word' id='word_1_676' title='bbox 2253 2885 2607 2956; x_wconf 73' lang='lat' dir='ltr'><strong>attingamus.</strong></span> <span class='ocrx_word' id='word_1_677' title='bbox 2632 2883 2689 2939; x_wconf 91' lang='lat' dir='ltr'><strong>Si</strong></span> <span class='ocrx_word' id='word_1_678' title='bbox 2707 2887 2856 2939; x_wconf 89' lang='lat' dir='ltr'><strong>enim</strong></span> <span class='ocrx_word' id='word_1_679' title='bbox 2882 2886 3050 2940; x_wconf 89' lang='lat' dir='ltr'><strong>homo</strong></span> <span class='ocrx_word' id='word_1_680' title='bbox 3072 2894 3423 2957; x_wconf 82' lang='lat' dir='ltr'><strong>nuncupatus</strong></span> <span class='ocrx_word' id='word_1_681' title='bbox 3442 2887 3604 2958; x_wconf 90' lang='lat' dir='ltr'><strong>plane</strong></span> 
     </span>
    </p>
   </div>
   <div class='ocr_carea' id='block_1_91' title="bbox 2023 2976 3605 3045">
    <p class='ocr_par' dir='ltr' id='par_1_91' title="bbox 2023 2976 3605 3045">
     <span class='ocr_line' id='line_1_91' title="bbox 2023 2976 3605 3045; baseline 0.001 -14"><span class='ocrx_word' id='word_1_682' title='bbox 2023 2990 2134 3032; x_wconf 90' lang='lat' dir='ltr'><strong>non</strong></span> <span class='ocrx_word' id='word_1_683' title='bbox 2160 2984 2281 3042; x_wconf 87' lang='lat' dir='ltr'><strong>est,</strong></span> <span class='ocrx_word' id='word_1_684' title='bbox 2307 2977 2354 3034; x_wconf 88' lang='lat' dir='ltr'><strong>si</strong></span> <span class='ocrx_word' id='word_1_685' title='bbox 2387 2993 2497 3033; x_wconf 89' lang='lat' dir='ltr'><strong>non</strong></span> <span class='ocrx_word' id='word_1_686' title='bbox 2541 2976 2723 3033; x_wconf 82' lang='lat' dir='ltr'><strong>factus</strong></span> <span class='ocrx_word' id='word_1_687' title='bbox 2749 2986 2833 3033; x_wconf 84' lang='lat' dir='ltr'><strong>est</strong></span> <span class='ocrx_word' id='word_1_688' title='bbox 2862 2977 2916 3032; x_wconf 90' lang='lat' dir='ltr'><strong>in</strong></span> <span class='ocrx_word' id='word_1_689' title='bbox 2944 2977 3125 3033; x_wconf 78' lang='lat' dir='ltr'><strong>forma</strong></span> <span class='ocrx_word' id='word_1_690' title='bbox 3163 2979 3310 3036; x_wconf 82' lang='lat' dir='ltr'><strong>servi</strong></span> <span class='ocrx_word' id='word_1_691' title='bbox 3336 3021 3352 3045; x_wconf 96' lang='lat'><strong>,</strong></span> <span class='ocrx_word' id='word_1_692' title='bbox 3383 2986 3469 3035; x_wconf 87' lang='lat' dir='ltr'><strong>est</strong></span> <span class='ocrx_word' id='word_1_693' title='bbox 3501 2994 3605 3035; x_wconf 89' lang='lat' dir='ltr'><strong>cur</strong></span> 
     </span>
    </p>
   </div>
   <div class='ocr_carea' id='block_1_92' title="bbox 2020 3068 3627 3140">
    <p class='ocr_par' dir='ltr' id='par_1_92' title="bbox 2020 3068 3627 3140">
     <span class='ocr_line' id='line_1_92' title="bbox 2020 3068 3627 3140; baseline 0.002 -17"><span class='ocrx_word' id='word_1_694' title='bbox 2020 3068 2145 3139; x_wconf 87' lang='lat' dir='ltr'><strong>jure</strong></span> <span class='ocrx_word' id='word_1_695' title='bbox 2170 3069 2475 3134; x_wconf 89' lang='lat' dir='ltr'><strong>turbcmur,</strong></span> <span class='ocrx_word' id='word_1_696' title='bbox 2501 3084 2626 3124; x_wconf 90' lang='lat' dir='ltr'><strong>cum</strong></span> <span class='ocrx_word' id='word_1_697' title='bbox 2657 3070 2793 3125; x_wconf 86' lang='lat' dir='ltr'><strong>dicit</strong></span> <span class='ocrx_word' id='word_1_698' title='bbox 2824 3070 3033 3140; x_wconf 84' lang='lat' dir='ltr'><strong>aliquid</strong></span> <span class='ocrx_word' id='word_1_699' title='bbox 3059 3086 3220 3129; x_wconf 75' lang='lat' dir='ltr'><strong>servo</strong></span> <span class='ocrx_word' id='word_1_700' title='bbox 3245 3070 3627 3136; x_wconf 53' lang='lat' dir='ltr'><strong>conveniens;</strong></span> 
     </span>
    </p>
   </div>
   <div class='ocr_carea' id='block_1_93' title="bbox 2023 3160 3601 3234">
    <p class='ocr_par' dir='ltr' id='par_1_93' title="bbox 2023 3160 3601 3234">
     <span class='ocr_line' id='line_1_93' title="bbox 2023 3160 3601 3234; baseline 0.002 -20"><span class='ocrx_word' id='word_1_701' title='bbox 2023 3160 2318 3231; x_wconf 89' lang='lat' dir='ltr'><strong>omniaque</strong></span> <span class='ocrx_word' id='word_1_702' title='bbox 2344 3162 2676 3232; x_wconf 90' lang='lat' dir='ltr'><strong>requirenda</strong></span> <span class='ocrx_word' id='word_1_703' title='bbox 2707 3170 2837 3217; x_wconf 89' lang='lat' dir='ltr'><strong>sunt</strong></span> <span class='ocrx_word' id='word_1_704' title='bbox 2859 3161 2970 3218; x_wconf 85' lang='lat' dir='ltr'><strong>Deo</strong></span> <span class='ocrx_word' id='word_1_705' title='bbox 2997 3179 3262 3234; x_wconf 87' lang='lat' dir='ltr'><strong>congrua.</strong></span> <span class='ocrx_word' id='word_1_706' title='bbox 3296 3161 3392 3218; x_wconf 85' lang='lat' dir='ltr'><strong>Sin</strong></span> <span class='ocrx_word' id='word_1_707' title='bbox 3418 3172 3601 3220; x_wconf 82' lang='lat' dir='ltr'><strong>autem</strong></span> 
     </span>
    </p>
   </div>
   <div class='ocr_carea' id='block_1_94' title="bbox 2020 3251 3602 3325">
    <p class='ocr_par' dir='ltr' id='par_1_94' title="bbox 2020 3251 3602 3325">
     <span class='ocr_line' id='line_1_94' title="bbox 2020 3251 3602 3325; baseline 0.001 -19"><span class='ocrx_word' id='word_1_708' title='bbox 2020 3251 2178 3306; x_wconf 83' lang='lat' dir='ltr'><strong>ﬁrma</strong></span> <span class='ocrx_word' id='word_1_709' title='bbox 2207 3259 2263 3307; x_wconf 88' lang='lat' dir='ltr'><strong>et</strong></span> <span class='ocrx_word' id='word_1_710' title='bbox 2292 3252 2603 3308; x_wconf 86' lang='lat' dir='ltr'><strong>indubitata</strong></span> <span class='ocrx_word' id='word_1_711' title='bbox 2627 3253 2731 3309; x_wconf 84' lang='lat' dir='ltr'><strong>ﬁde</strong></span> <span class='ocrx_word' id='word_1_712' title='bbox 2754 3254 3032 3309; x_wconf 89' lang='lat' dir='ltr'><strong>credimus</strong></span> <span class='ocrx_word' id='word_1_713' title='bbox 3053 3253 3226 3325; x_wconf 83' lang='lat' dir='ltr'><strong>quod,</strong></span> <span class='ocrx_word' id='word_1_714' title='bbox 3252 3255 3409 3324; x_wconf 78' lang='lat' dir='ltr'><strong>juxta</strong></span> <span class='ocrx_word' id='word_1_715' title='bbox 3435 3252 3602 3308; x_wconf 84' lang='lat' dir='ltr'><strong>Joan-</strong></span> 
     </span>
    </p>
   </div>
   <div class='ocr_carea' id='block_1_95' title="bbox 2021 3344 3603 3410">
    <p class='ocr_par' dir='ltr' id='par_1_95' title="bbox 2021 3344 3603 3410">
     <span class='ocr_line' id='line_1_95' title="bbox 2021 3344 3603 3410; baseline -0.001 -10"><span class='ocrx_word' id='word_1_716' title='bbox 2021 3346 2111 3401; x_wconf 88' lang='lat' dir='ltr'><strong>nis</strong></span> <span class='ocrx_word' id='word_1_717' title='bbox 2153 3360 2367 3410; x_wconf 88' lang='lat' dir='ltr'><strong>vocem,</strong></span> <span class='ocrx_word' id='word_1_718' title='bbox 2399 3344 2671 3401; x_wconf 70' lang='lat' dir='ltr'><strong>«Verbum</strong></span> <span class='ocrx_word' id='word_1_719' title='bbox 2701 3358 2830 3399; x_wconf 83' lang='lat' dir='ltr'><strong>caro</strong></span> <span class='ocrx_word' id='word_1_720' title='bbox 2866 3345 3068 3400; x_wconf 81' lang='lat' dir='ltr'><strong>factum</strong></span> <span class='ocrx_word' id='word_1_721' title='bbox 3099 3354 3208 3407; x_wconf 85' lang='lat' dir='ltr'><strong>est,</strong></span> <span class='ocrx_word' id='word_1_722' title='bbox 3247 3352 3304 3400; x_wconf 88' lang='lat' dir='ltr'><strong>et</strong></span> <span class='ocrx_word' id='word_1_723' title='bbox 3340 3345 3603 3399; x_wconf 71' lang='lat' dir='ltr'><strong>habitat-it</strong></span> 
     </span>
    </p>
   </div>
   <div class='ocr_carea' id='block_1_96' title="bbox 2024 3435 3601 3507">
    <p class='ocr_par' dir='ltr' id='par_1_96' title="bbox 2024 3435 3601 3507">
     <span class='ocr_line' id='line_1_96' title="bbox 2024 3435 3601 3507; baseline -0.002 -16"><span class='ocrx_word' id='word_1_724' title='bbox 2024 3437 2079 3491; x_wconf 90' lang='lat' dir='ltr'><strong>in</strong></span> <span class='ocrx_word' id='word_1_725' title='bbox 2122 3437 2283 3494; x_wconf 89' lang='lat' dir='ltr'><strong>nobis</strong></span> <span class='ocrx_word' id='word_1_726' title='bbox 2305 3435 2378 3504; x_wconf 79' lang='grc' dir='ltr'><strong>⁸ο,</strong></span> <span class='ocrx_word' id='word_1_727' title='bbox 2418 3456 2436 3489; x_wconf 83' lang='grc' dir='ltr'><strong>ι</strong></span> <span class='ocrx_word' id='word_1_728' title='bbox 2466 3451 2592 3492; x_wconf 91' lang='lat' dir='ltr'><strong>cum</strong></span> <span class='ocrx_word' id='word_1_729' title='bbox 2628 3436 2837 3492; x_wconf 83' lang='lat' dir='ltr'><strong>videris</strong></span> <span class='ocrx_word' id='word_1_730' title='bbox 2870 3437 3049 3507; x_wconf 86' lang='lat' dir='ltr'><strong>ipsum</strong></span> <span class='ocrx_word' id='word_1_731' title='bbox 3079 3437 3230 3507; x_wconf 92' lang='lat' dir='ltr'><strong>loqui</strong></span> <span class='ocrx_word' id='word_1_732' title='bbox 3264 3445 3325 3491; x_wconf 90' lang='lat' dir='ltr'><strong>ut</strong></span> <span class='ocrx_word' id='word_1_733' title='bbox 3354 3451 3601 3500; x_wconf 83' lang='lat' dir='ltr'><strong>carnem,</strong></span> 
     </span>
    </p>
   </div>
   <div class='ocr_carea' id='block_1_97' title="bbox 2024 3528 3604 3596">
    <p class='ocr_par' dir='ltr' id='par_1_97' title="bbox 2024 3528 3604 3596">
     <span class='ocr_line' id='line_1_97' title="bbox 2024 3528 3604 3596; baseline -0.004 -9"><span class='ocrx_word' id='word_1_734' title='bbox 2024 3531 2080 3587; x_wconf 90' lang='lat' dir='ltr'><strong>id</strong></span> <span class='ocrx_word' id='word_1_735' title='bbox 2103 3539 2214 3596; x_wconf 88' lang='lat' dir='ltr'><strong>est,</strong></span> <span class='ocrx_word' id='word_1_736' title='bbox 2249 3539 2311 3585; x_wconf 91' lang='lat' dir='ltr'><strong>ut</strong></span> <span class='ocrx_word' id='word_1_737' title='bbox 2343 3529 2647 3593; x_wconf 86' lang='lat' dir='ltr'><strong>hominem,</strong></span> <span class='ocrx_word' id='word_1_738' title='bbox 2678 3543 2988 3584; x_wconf 83' lang='lat' dir='ltr'><strong>sermonem</strong></span> <span class='ocrx_word' id='word_1_739' title='bbox 3033 3529 3241 3583; x_wconf 82' lang='lat' dir='ltr'><strong>homini</strong></span> <span class='ocrx_word' id='word_1_740' title='bbox 3271 3528 3604 3584; x_wconf 77' lang='lat' dir='ltr'><strong>convenit-u-</strong></span> 
     </span>
    </p>
   </div>
   <div class='ocr_carea' id='block_1_98' title="bbox 2023 3619 3597 3692">
    <p class='ocr_par' dir='ltr' id='par_1_98' title="bbox 2023 3619 3597 3692">
     <span class='ocr_line' id='line_1_98' title="bbox 2023 3619 3597 3692; baseline -0.003 -13"><span class='ocrx_word' id='word_1_741' title='bbox 2023 3632 2134 3680; x_wconf 88' lang='lat' dir='ltr'><strong>tem</strong></span> <span class='ocrx_word' id='word_1_742' title='bbox 2159 3623 2229 3679; x_wconf 88' lang='lat' dir='ltr'><strong>ad</strong></span> <span class='ocrx_word' id='word_1_743' title='bbox 2249 3621 2602 3679; x_wconf 88' lang='lat' dir='ltr'><strong>asserendam</strong></span> <span class='ocrx_word' id='word_1_744' title='bbox 2626 3620 3072 3692; x_wconf 68' lang='lat' dir='ltr'><strong>praedicationem</strong></span> <span class='ocrx_word' id='word_1_745' title='bbox 3102 3619 3304 3675; x_wconf 80' lang='lat' dir='ltr'><strong>factum</strong></span> <span class='ocrx_word' id='word_1_746' title='bbox 3336 3620 3597 3691; x_wconf 73' lang='lat' dir='ltr'><strong>intellige.</strong></span> 
     </span>
    </p>
   </div>
   <div class='ocr_carea' id='block_1_99' title="bbox 2023 3710 3600 3784">
    <p class='ocr_par' dir='ltr' id='par_1_99' title="bbox 2023 3710 3600 3784">
     <span class='ocr_line' id='line_1_99' title="bbox 2023 3710 3600 3784; baseline -0.002 -16"><span class='ocrx_word' id='word_1_747' title='bbox 2023 3714 2143 3771; x_wconf 87' lang='lat' dir='ltr'><strong>Non</strong></span> <span class='ocrx_word' id='word_1_748' title='bbox 2169 3716 2312 3770; x_wconf 87' lang='lat' dir='ltr'><strong>enim</strong></span> <span class='ocrx_word' id='word_1_749' title='bbox 2348 3714 2508 3769; x_wconf 87' lang='lat' dir='ltr'><strong>aliter</strong></span> <span class='ocrx_word' id='word_1_750' title='bbox 2536 3716 2684 3769; x_wconf 87' lang='lat' dir='ltr'><strong>clare</strong></span> <span class='ocrx_word' id='word_1_751' title='bbox 2714 3722 2895 3784; x_wconf 88' lang='lat' dir='ltr'><strong>potest</strong></span> <span class='ocrx_word' id='word_1_752' title='bbox 2916 3712 3144 3783; x_wconf 79' lang='lat' dir='ltr'><strong>intelligi</strong></span> <span class='ocrx_word' id='word_1_753' title='bbox 3178 3710 3447 3776; x_wconf 81' lang='lat' dir='ltr'><strong>Verbum,</strong></span> <span class='ocrx_word' id='word_1_754' title='bbox 3477 3727 3600 3765; x_wconf 87' lang='lat' dir='ltr'><strong>cum</strong></span> 
     </span>
    </p>
   </div>
   <div class='ocr_carea' id='block_1_100' title="bbox 2025 3801 3602 3871">
    <p class='ocr_par' dir='ltr' id='par_1_100' title="bbox 2025 3801 3602 3871">
     <span class='ocr_line' id='line_1_100' title="bbox 2025 3801 3602 3871; baseline -0.003 -13"><span class='ocrx_word' id='word_1_755' title='bbox 2025 3805 2170 3861; x_wconf 86' lang='lat' dir='ltr'><strong>Deus</strong></span> <span class='ocrx_word' id='word_1_756' title='bbox 2222 3806 2295 3861; x_wconf 86' lang='lat' dir='ltr'><strong>sit</strong></span> <span class='ocrx_word' id='word_1_757' title='bbox 2342 3803 2571 3867; x_wconf 81' lang='lat' dir='ltr'><strong>factum.</strong></span> <span class='ocrx_word' id='word_1_758' title='bbox 2603 3819 2730 3859; x_wconf 88' lang='lat' dir='ltr'><strong>esse</strong></span> <span class='ocrx_word' id='word_1_759' title='bbox 2788 3804 3089 3867; x_wconf 89' lang='lat' dir='ltr'><strong>hominem,</strong></span> <span class='ocrx_word' id='word_1_760' title='bbox 3130 3801 3232 3857; x_wconf 90' lang='lat' dir='ltr'><strong>nisi</strong></span> <span class='ocrx_word' id='word_1_761' title='bbox 3277 3811 3333 3857; x_wconf 89' lang='lat' dir='ltr'><strong>et</strong></span> <span class='ocrx_word' id='word_1_762' title='bbox 3376 3815 3602 3871; x_wconf 88' lang='lat' dir='ltr'><strong>passum</strong></span> 
     </span>
    </p>
   </div>
   <div class='ocr_carea' id='block_1_101' title="bbox 2027 3892 3606 3965">
    <p class='ocr_par' dir='ltr' id='par_1_101' title="bbox 2027 3892 3606 3965">
     <span class='ocr_line' id='line_1_101' title="bbox 2027 3892 3606 3965; baseline -0.002 -16"><span class='ocrx_word' id='word_1_763' title='bbox 2027 3895 2231 3965; x_wconf 89' lang='lat' dir='ltr'><strong>aliquid</strong></span> <span class='ocrx_word' id='word_1_764' title='bbox 2271 3910 2396 3951; x_wconf 89' lang='lat' dir='ltr'><strong>eum</strong></span> <span class='ocrx_word' id='word_1_765' title='bbox 2435 3894 2529 3964; x_wconf 89' lang='lat' dir='ltr'><strong>qui</strong></span> <span class='ocrx_word' id='word_1_766' title='bbox 2564 3902 2647 3950; x_wconf 89' lang='lat' dir='ltr'><strong>est</strong></span> <span class='ocrx_word' id='word_1_767' title='bbox 2681 3894 3030 3965; x_wconf 86' lang='lat' dir='ltr'><strong>impatihilis,</strong></span> <span class='ocrx_word' id='word_1_768' title='bbox 3061 3900 3119 3948; x_wconf 88' lang='lat' dir='ltr'><strong>et</strong></span> <span class='ocrx_word' id='word_1_769' title='bbox 3157 3893 3367 3962; x_wconf 90' lang='lat' dir='ltr'><strong>aliquid</strong></span> <span class='ocrx_word' id='word_1_770' title='bbox 3400 3892 3606 3947; x_wconf 88' lang='lat' dir='ltr'><strong>humile</strong></span> 
     </span>
    </p>
   </div>
   <div class='ocr_carea' id='block_1_102' title="bbox 2027 3986 3283 4057">
    <p class='ocr_par' dir='ltr' id='par_1_102' title="bbox 2027 3986 3283 4057">
     <span class='ocr_line' id='line_1_102' title="bbox 2027 3986 3283 4057; baseline -0.003 -16"><span class='ocrx_word' id='word_1_771' title='bbox 2027 3987 2233 4043; x_wconf 81' lang='lat' dir='ltr'><strong>dixisse</strong></span> <span class='ocrx_word' id='word_1_772' title='bbox 2267 3986 2361 4057; x_wconf 87' lang='lat' dir='ltr'><strong>qui</strong></span> <span class='ocrx_word' id='word_1_773' title='bbox 2391 3987 2646 4043; x_wconf 90' lang='lat' dir='ltr'><strong>sublimis</strong></span> <span class='ocrx_word' id='word_1_774' title='bbox 2678 3993 2784 4051; x_wconf 90' lang='lat' dir='ltr'><strong>est,</strong></span> <span class='ocrx_word' id='word_1_775' title='bbox 2817 3986 3085 4055; x_wconf 85' lang='lat' dir='ltr'><strong>scriptum</strong></span> <span class='ocrx_word' id='word_1_776' title='bbox 3117 3992 3283 4040; x_wconf 84' lang='lat' dir='ltr'><strong>esset.</strong></span> 
     </span>
    </p>
   </div>
   <div class='ocr_carea' id='block_1_103' title="bbox 2102 4297 2959 4373">
    <p class='ocr_par' dir='ltr' id='par_1_103' title="bbox 2102 4297 2959 4373">
     <span class='ocr_line' id='line_1_103' title="bbox 2102 4297 2959 4373; baseline -0.015 -12"><span class='ocrx_word' id='word_1_777' title='bbox 2102 4301 2262 4373; x_wconf 78' lang='lat'><strong>179</strong></span> <span class='ocrx_word' id='word_1_778' title='bbox 2294 4301 2439 4355; x_wconf 72' lang='lat' dir='ltr'><strong>liora</strong></span> <span class='ocrx_word' id='word_1_779' title='bbox 2466 4307 2583 4355; x_wconf 84' lang='lat' dir='ltr'><strong>erat</strong></span> <span class='ocrx_word' id='word_1_780' title='bbox 2606 4297 2760 4367; x_wconf 83' lang='lat' dir='ltr'><strong>quasi</strong></span> <span class='ocrx_word' id='word_1_781' title='bbox 2789 4304 2959 4349; x_wconf 73' lang='lat' dir='ltr'><strong>sexta.</strong></span> 
     </span>
    </p>
   </div>
   <div class='ocr_carea' id='block_1_104' title="bbox 2093 4422 3603 4509">
    <p class='ocr_par' dir='ltr' id='par_1_104' title="bbox 2093 4422 3603 4509">
     <span class='ocr_line' id='line_1_104' title="bbox 2093 4422 3603 4509; baseline -0.012 -16"><span class='ocrx_word' id='word_1_782' title='bbox 2093 4438 2411 4509; x_wconf 86' lang='lat' dir='ltr'><strong>Opportune</strong></span> <span class='ocrx_word' id='word_1_783' title='bbox 2458 4435 2647 4490; x_wconf 82' lang='lat' dir='ltr'><strong>Jesum</strong></span> <span class='ocrx_word' id='word_1_784' title='bbox 2697 4430 2766 4487; x_wconf 88' lang='lat' dir='ltr'><strong>ad</strong></span> <span class='ocrx_word' id='word_1_785' title='bbox 2820 4429 3020 4484; x_wconf 85' lang='lat' dir='ltr'><strong>fontem</strong></span> <span class='ocrx_word' id='word_1_786' title='bbox 3055 4424 3303 4484; x_wconf 80' lang='lat' dir='ltr'><strong>residere</strong></span> <span class='ocrx_word' id='word_1_787' title='bbox 3341 4422 3603 4477; x_wconf 82' lang='lat' dir='ltr'><strong>ostendit.</strong></span> 
     </span>
    </p>
   </div>
   <div class='ocr_carea' id='block_1_105' title="bbox 2026 4514 3607 4586">
    <p class='ocr_par' dir='ltr' id='par_1_105' title="bbox 2026 4514 3607 4586">
     <span class='ocr_line' id='line_1_105' title="bbox 2026 4514 3607 4586; baseline -0.011 -1"><span class='ocrx_word' id='word_1_788' title='bbox 2026 4526 2152 4586; x_wconf 86' lang='lat' dir='ltr'><strong>Sole.</strong></span> <span class='ocrx_word' id='word_1_789' title='bbox 2181 4530 2325 4586; x_wconf 88' lang='lat' dir='ltr'><strong>enim</strong></span> <span class='ocrx_word' id='word_1_790' title='bbox 2362 4526 2586 4581; x_wconf 84' lang='lat' dir='ltr'><strong>meridie</strong></span> <span class='ocrx_word' id='word_1_791' title='bbox 2619 4521 3020 4578; x_wconf 81' lang='lat' dir='ltr'><strong>intensissitnos</strong></span> <span class='ocrx_word' id='word_1_792' title='bbox 3052 4517 3236 4572; x_wconf 89' lang='lat' dir='ltr'><strong>radios</strong></span> <span class='ocrx_word' id='word_1_793' title='bbox 3281 4514 3607 4570; x_wconf 89' lang='lat' dir='ltr'><strong>mortalibus</strong></span> 
     </span>
    </p>
   </div>
   <div class='ocr_carea' id='block_1_106' title="bbox 2024 4610 3606 4681">
    <p class='ocr_par' dir='ltr' id='par_1_106' title="bbox 2024 4610 3606 4681">
     <span class='ocr_line' id='line_1_106' title="bbox 2024 4610 3606 4681; baseline -0.012 -6"><span class='ocrx_word' id='word_1_794' title='bbox 2024 4622 2371 4681; x_wconf 86' lang='lat' dir='ltr'><strong>immittente,</strong></span> <span class='ocrx_word' id='word_1_795' title='bbox 2417 4625 2470 4671; x_wconf 88' lang='lat' dir='ltr'><strong>et</strong></span> <span class='ocrx_word' id='word_1_796' title='bbox 2512 4614 2806 4670; x_wconf 84' lang='lat' dir='ltr'><strong>immodico</strong></span> <span class='ocrx_word' id='word_1_797' title='bbox 2844 4620 2981 4666; x_wconf 68' lang='lat' dir='ltr'><strong>aestu</strong></span> <span class='ocrx_word' id='word_1_798' title='bbox 3034 4610 3296 4663; x_wconf 88' lang='lat' dir='ltr'><strong>adurente</strong></span> <span class='ocrx_word' id='word_1_799' title='bbox 3347 4619 3606 4674; x_wconf 86' lang='lat' dir='ltr'><strong>corpora,</strong></span> 
     </span>
    </p>
   </div>
   <div class='ocr_carea' id='block_1_107' title="bbox 2024 4697 3603 4778">
    <p class='ocr_par' dir='ltr' id='par_1_107' title="bbox 2024 4697 3603 4778">
     <span class='ocr_line' id='line_1_107' title="bbox 2024 4697 3603 4778; baseline -0.013 -11"><span class='ocrx_word' id='word_1_800' title='bbox 2024 4714 2143 4767; x_wconf 86' lang='lat' dir='ltr'><strong>sine</strong></span> <span class='ocrx_word' id='word_1_801' title='bbox 2172 4711 2374 4764; x_wconf 88' lang='lat' dir='ltr'><strong>damno</strong></span> <span class='ocrx_word' id='word_1_802' title='bbox 2415 4707 2664 4778; x_wconf 81' lang='lat' dir='ltr'><strong>progredi</strong></span> <span class='ocrx_word' id='word_1_803' title='bbox 2710 4720 2816 4759; x_wconf 89' lang='lat' dir='ltr'><strong>non</strong></span> <span class='ocrx_word' id='word_1_804' title='bbox 2851 4711 3065 4774; x_wconf 82' lang='lat' dir='ltr'><strong>poterat</strong></span> <span class='ocrx_word' id='word_1_805' title='bbox 3096 4699 3346 4762; x_wconf 87' lang='lat' dir='ltr'><strong>ulterius,</strong></span> <span class='ocrx_word' id='word_1_806' title='bbox 3381 4697 3473 4752; x_wconf 89' lang='lat' dir='ltr'><strong>sed</strong></span> <span class='ocrx_word' id='word_1_807' title='bbox 3515 4712 3603 4751; x_wconf 83' lang='lat' dir='ltr'><strong>sa-</strong></span> 
     </span>
    </p>
   </div>
   <div class='ocr_carea' id='block_1_108' title="bbox 2023 4787 3596 4866">
    <p class='ocr_par' dir='ltr' id='par_1_108' title="bbox 2023 4787 3596 4866">
     <span class='ocr_line' id='line_1_108' title="bbox 2023 4787 3596 4866; baseline -0.011 -8"><span class='ocrx_word' id='word_1_808' title='bbox 2023 4805 2132 4859; x_wconf 89' lang='lat' dir='ltr'><strong>tius</strong></span> <span class='ocrx_word' id='word_1_809' title='bbox 2162 4809 2280 4855; x_wconf 83' lang='lat' dir='ltr'><strong>erat</strong></span> <span class='ocrx_word' id='word_1_810' title='bbox 2319 4799 2593 4866; x_wconf 82' lang='lat' dir='ltr'><strong>respirare</strong></span> <span class='ocrx_word' id='word_1_811' title='bbox 2626 4798 2912 4865; x_wconf 81' lang='lat' dir='ltr'><strong>tantisper,</strong></span> <span class='ocrx_word' id='word_1_812' title='bbox 2940 4808 3061 4849; x_wconf 91' lang='lat' dir='ltr'><strong>cum</strong></span> <span class='ocrx_word' id='word_1_813' title='bbox 3094 4787 3394 4861; x_wconf 61' lang='lat' dir='ltr'><strong>prarsertim</strong></span> <span class='ocrx_word' id='word_1_814' title='bbox 3443 4789 3596 4841; x_wconf 78' lang='lat' dir='ltr'><strong>volu-</strong></span> 
     </span>
    </p>
   </div>
   <div class='ocr_carea' id='block_1_109' title="bbox 2024 4883 3600 4964">
    <p class='ocr_par' dir='ltr' id='par_1_109' title="bbox 2024 4883 3600 4964">
     <span class='ocr_line' id='line_1_109' title="bbox 2024 4883 3600 4964; baseline -0.013 -17"><span class='ocrx_word' id='word_1_815' title='bbox 2024 4893 2192 4964; x_wconf 88' lang='lat' dir='ltr'><strong>ptatis</strong></span> <span class='ocrx_word' id='word_1_816' title='bbox 2234 4905 2457 4944; x_wconf 81' lang='lat' dir='ltr'><strong>causam</strong></span> <span class='ocrx_word' id='word_1_817' title='bbox 2497 4904 2525 4940; x_wconf 89' lang='lat' dir='ltr'><strong>a</strong></span> <span class='ocrx_word' id='word_1_818' title='bbox 2560 4904 2617 4942; x_wconf 91' lang='lat' dir='ltr'><strong>se</strong></span> <span class='ocrx_word' id='word_1_819' title='bbox 2651 4886 2807 4941; x_wconf 78' lang='lat' dir='ltr'><strong>facile</strong></span> <span class='ocrx_word' id='word_1_820' title='bbox 2841 4883 3156 4946; x_wconf 86' lang='lat' dir='ltr'><strong>removerit,</strong></span> <span class='ocrx_word' id='word_1_821' title='bbox 3187 4893 3433 4948; x_wconf 81' lang='lat' dir='ltr'><strong>congruo</strong></span> <span class='ocrx_word' id='word_1_822' title='bbox 3464 4884 3600 4932; x_wconf 87' lang='lat' dir='ltr'><strong>tem-</strong></span> 
     </span>
    </p>
   </div>
   <div class='ocr_carea' id='block_1_110' title="bbox 2023 4969 3603 5055">
    <p class='ocr_par' dir='ltr' id='par_1_110' title="bbox 2023 4969 3603 5055">
     <span class='ocr_line' id='line_1_110' title="bbox 2023 4969 3603 5055; baseline -0.015 -15"><span class='ocrx_word' id='word_1_823' title='bbox 2023 4999 2154 5055; x_wconf 89' lang='lat' dir='ltr'><strong>pore</strong></span> <span class='ocrx_word' id='word_1_824' title='bbox 2195 4982 2274 5036; x_wconf 89' lang='lat' dir='ltr'><strong>rei</strong></span> <span class='ocrx_word' id='word_1_825' title='bbox 2311 4978 2664 5047; x_wconf 78' lang='lat' dir='ltr'><strong>suli&#39;raganle.</strong></span> <span class='ocrx_word' id='word_1_826' title='bbox 2702 4974 2924 5031; x_wconf 78' lang='lat' dir='ltr'><strong>Sextum</strong></span> <span class='ocrx_word' id='word_1_827' title='bbox 2957 4988 3087 5027; x_wconf 75' lang='lat' dir='ltr'><strong>vero</strong></span> <span class='ocrx_word' id='word_1_828' title='bbox 3119 4987 3226 5024; x_wconf 85' lang='lat' dir='ltr'><strong>non</strong></span> <span class='ocrx_word' id='word_1_829' title='bbox 3259 4969 3603 5038; x_wconf 82' lang='lat' dir='ltr'><strong>simpliciter,</strong></span> 
     </span>
    </p>
   </div>
   <div class='ocr_carea' id='block_1_111' title="bbox 2024 5057 3603 5143">
    <p class='ocr_par' dir='ltr' id='par_1_111' title="bbox 2024 5057 3603 5143">
     <span class='ocr_line' id='line_1_111' title="bbox 2024 5057 3603 5143; baseline -0.015 -13"><span class='ocrx_word' id='word_1_830' title='bbox 2024 5072 2122 5130; x_wconf 84' lang='lat' dir='ltr'><strong>sed</strong></span> <span class='ocrx_word' id='word_1_831' title='bbox 2165 5070 2325 5143; x_wconf 85' lang='lat' dir='ltr'><strong>quasi</strong></span> <span class='ocrx_word' id='word_1_832' title='bbox 2369 5077 2577 5124; x_wconf 72' lang='lat' dir='ltr'><strong>sextam</strong></span> <span class='ocrx_word' id='word_1_833' title='bbox 2615 5067 2827 5131; x_wconf 84' lang='lat' dir='ltr'><strong>horam,</strong></span> <span class='ocrx_word' id='word_1_834' title='bbox 2856 5080 2977 5121; x_wconf 89' lang='lat' dir='ltr'><strong>esse</strong></span> <span class='ocrx_word' id='word_1_835' title='bbox 3010 5063 3165 5126; x_wconf 82' lang='lat' dir='ltr'><strong>dicit,</strong></span> <span class='ocrx_word' id='word_1_836' title='bbox 3194 5068 3252 5115; x_wconf 92' lang='lat' dir='ltr'><strong>ut</strong></span> <span class='ocrx_word' id='word_1_837' title='bbox 3291 5069 3344 5113; x_wconf 84' lang='lat' dir='ltr'><strong>et</strong></span> <span class='ocrx_word' id='word_1_838' title='bbox 3380 5074 3479 5112; x_wconf 89' lang='lat' dir='ltr'><strong>nos</strong></span> <span class='ocrx_word' id='word_1_839' title='bbox 3519 5057 3603 5108; x_wconf 82' lang='lat' dir='ltr'><strong>di-</strong></span> 
     </span>
    </p>
   </div>
   <div class='ocr_carea' id='block_1_112' title="bbox 2024 5144 3605 5225">
    <p class='ocr_par' dir='ltr' id='par_1_112' title="bbox 2024 5144 3605 5225">
     <span class='ocr_line' id='line_1_112' title="bbox 2024 5144 3605 5225; baseline -0.015 -6"><span class='ocrx_word' id='word_1_840' title='bbox 2024 5177 2243 5219; x_wconf 84' lang='lat' dir='ltr'><strong>scamus</strong></span> <span class='ocrx_word' id='word_1_841' title='bbox 2281 5176 2348 5215; x_wconf 90' lang='lat' dir='ltr'><strong>ne</strong></span> <span class='ocrx_word' id='word_1_842' title='bbox 2402 5175 2490 5214; x_wconf 88' lang='lat' dir='ltr'><strong>res</strong></span> <span class='ocrx_word' id='word_1_843' title='bbox 2527 5159 2780 5212; x_wconf 88' lang='lat' dir='ltr'><strong>minimas</strong></span> <span class='ocrx_word' id='word_1_844' title='bbox 2820 5154 3036 5225; x_wconf 89' lang='lat' dir='ltr'><strong>quidem</strong></span> <span class='ocrx_word' id='word_1_845' title='bbox 3088 5151 3241 5205; x_wconf 85' lang='lat' dir='ltr'><strong>nullo</strong></span> <span class='ocrx_word' id='word_1_846' title='bbox 3282 5144 3605 5201; x_wconf 79' lang='lat' dir='ltr'><strong>discriminc</strong></span> 
     </span>
    </p>
   </div>
   <div class='ocr_carea' id='block_1_113' title="bbox 2025 5237 3489 5320">
    <p class='ocr_par' dir='ltr' id='par_1_113' title="bbox 2025 5237 3489 5320">
     <span class='ocr_line' id='line_1_113' title="bbox 2025 5237 3489 5320; baseline -0.014 -13"><span class='ocrx_word' id='word_1_847' title='bbox 2025 5255 2244 5317; x_wconf 86' lang='lat' dir='ltr'><strong>habere,</strong></span> <span class='ocrx_word' id='word_1_848' title='bbox 2268 5252 2361 5308; x_wconf 88' lang='lat' dir='ltr'><strong>sed</strong></span> <span class='ocrx_word' id='word_1_849' title='bbox 2389 5252 2442 5306; x_wconf 91' lang='lat' dir='ltr'><strong>in</strong></span> <span class='ocrx_word' id='word_1_850' title='bbox 2474 5248 2760 5320; x_wconf 77' lang='lat' dir='ltr'><strong>quibusvis</strong></span> <span class='ocrx_word' id='word_1_851' title='bbox 2790 5247 2951 5300; x_wconf 81' lang='lat' dir='ltr'><strong>rebus</strong></span> <span class='ocrx_word' id='word_1_852' title='bbox 2980 5244 3261 5299; x_wconf 77' lang='lat' dir='ltr'><strong>veritatem</strong></span> <span class='ocrx_word' id='word_1_853' title='bbox 3290 5237 3489 5291; x_wconf 85' lang='lat' dir='ltr'><strong>colere.</strong></span> 
     </span>
    </p>
   </div>
   <div class='ocr_carea' id='block_1_114' title="bbox 1088 5604 2095 5680">
    <p class='ocr_par' dir='ltr' id='par_1_114' title="bbox 1088 5604 2095 5680">
     <span class='ocr_line' id='line_1_114' title="bbox 1088 5604 2095 5680; baseline -0.011 -12"><span class='ocrx_word' id='word_1_854' title='bbox 1088 5614 1132 5647; x_wconf 68' lang='lat'><strong>7’</strong></span> <span class='ocrx_word' id='word_1_855' title='bbox 1160 5612 1348 5668; x_wconf 73' lang='lat' dir='ltr'><strong>Matth.</strong></span> <span class='ocrx_word' id='word_1_856' title='bbox 1383 5629 1457 5680; x_wconf 67' lang='lat' dir='ltr'><strong>xx,</strong></span> <span class='ocrx_word' id='word_1_857' title='bbox 1484 5613 1580 5667; x_wconf 65' lang='lat'><strong>‘34.</strong></span> <span class='ocrx_word' id='word_1_858' title='bbox 1655 5611 1702 5644; x_wconf 67' lang='grc' dir='ltr'><strong>’τ’</strong></span> <span class='ocrx_word' id='word_1_859' title='bbox 1732 5607 1892 5665; x_wconf 81' lang='lat' dir='ltr'><strong>Joan.</strong></span> <span class='ocrx_word' id='word_1_860' title='bbox 1931 5622 1969 5671; x_wconf 87' lang='grc' dir='ltr'><strong>ι,</strong></span> <span class='ocrx_word' id='word_1_861' title='bbox 2008 5604 2095 5659; x_wconf 69' lang='grc'><strong>14.</strong></span> 
     </span>
    </p>
   </div>
  </div>
