4090 6266
526 259 632 315 295

597 371 686 437 IV,
717 372 772 435 7,
793 371 848 427 8.
877 370 1028 426 Venit
1051 370 1243 426 mulier
1266 368 1330 424 de
1360 366 1616 424 Samaria
1638 365 1855 419 haurire
1885 381 2103 436 aquam.
2138 375 2178 431 Α

527 465 670 520 Dicit
721 464 769 516 ei
814 461 974 516 Jesus
1011 477 1029 516 :
1064 460 1152 515 Da
1215 461 1344 514 mihi
1401 458 1596 512 bibere.
1643 455 1934 526 (Discipuli
1969 458 2110 510 enim

527 557 769 610 abierant
807 555 862 608 in
902 554 1194 617 civitatem,
1242 561 1300 605 ut
1348 550 1492 606 cibos
1545 548 1821 619 emerent.)
1863 547 2004 602 Dicit
2063 548 2112 602 ei

526 647 720 701 mulier
747 646 843 700 illa
874 643 1248 700 Samaritana.

600 825 720 879 Non
766 823 1058 896 ignorabat
1103 822 1444 878 mulierculae
1491 821 1789 877 adventum
1841 819 2114 878 Salvator.

529 910 701 970 Recte
729 915 958 984 quippe,
991 910 1203 968 sciebat
1241 926 1367 966 cum
1413 910 1558 966 Deus
1593 925 1760 966 verus
1788 918 1962 977 esset,
2005 919 2118 966 sta-

531 1006 630 1060 tim
661 1021 780 1060 eam
822 1005 1032 1071 adfore,
1067 1014 1128 1058 ut
1165 1018 1196 1058 e
1230 1003 1380 1058 fonte
1422 1003 1676 1074 frigidam
1711 1003 1982 1057 hauriret.
2013 1002 2116 1057 Ubi

531 1115 662 1153 vero
697 1099 891 1164 adluit,
916 1113 1035 1153 eam
1074 1098 1260 1150 statim
1295 1097 1507 1152 retibus
1540 1097 1822 1166 implicare
1856 1097 1958 1148 sibi
1993 1109 2118 1164 pro-

533 1194 737 1262 posuit,
760 1203 813 1246 et
846 1192 1111 1246 doctrinae
1135 1207 1445 1246 sermonem
1478 1191 1833 1260 protemlens,
1855 1208 1964 1246 ere
1992 1199 2120 1245 nata

532 1283 882 1350 colloquendi
929 1297 1119 1338 ausam
1158 1283 1412 1354 arripuit.
1446 1282 1667 1338 Judzeos
1708 1283 1876 1353 igitur
1922 1283 2003 1337 lex
2038 1283 2122 1336 in-

531 1375 750 1445 quinari
777 1375 974 1445 quovis
1017 1376 1181 1430 modo
1230 1375 1474 1436 vetabat,
1512 1375 1748 1444 ideoque
1776 1375 1846 1429 ab
1879 1375 2027 1428 omni
2066 1388 2123 1428 re

533 1467 747 1535 impura
790 1465 1020 1535 jubebat
1057 1467 1336 1534 recedere,
1377 1481 1556 1535 neque
1599 1480 1724 1519 cum
1778 1465 2121 1533 alienigenis,

535 1570 626 1613 aut
667 1559 1070 1615 incircumcisis
1101 1560 1350 1614 misceri.
1381 1558 1446 1614 lli
1476 1574 1606 1613 vero
1635 1558 1795 1628 quasi
1826 1559 1948 1627 plus
1975 1557 2123 1611 face-

1513 246 1571 303 s.
1614 244 1882 303 crtum
1924 244 2397 300 ALEXANDRINI
2441 240 2767 299 ARCHIEP.
2809 219 2812 222 ’

3691 235 3797 291 2'36

2283 365 2557 434 Ἔρχεται
2615 361 2768 432 γυνὴ
2828 359 2896 413 ἐκ
2951 357 3062 428 τῆς
3111 355 3436 425 Σαμαρείαι⁸
3494 353 3797 421 ἀντλῆσαι

2215 455 2390 525 ὕδωρ.
2413 456 2584 525 Λέγει
2605 452 2759 521 αὐτῇ
2783 455 2816 506 ὁ
2847 451 3081 518 Ἰησοῦς
3102 467 3115 481 ·
3135 449 3247 513 Δός
3273 465 3372 516 μοι
3394 445 3555 501 πιεῖν
3581 445 3660 514 (oi
3689 446 3798 515 γὰρ

2209 546 2464 618 μαθηταί
2489 543 2675 598 αὑτοῦ
2700 543 3190 610 ἀπεληλύθεισαν
3219 541 3304 604 είς
3327 538 3444 606 τὴν
3469 540 3677 600 πόλιν,
3699 537 3800 590 ἵνα

2215 639 2439 710 τροφὰς
2475 633 2863 707 ἀγοράσωσι).
2912 633 3082 704 Λέγει
3128 629 3288 698 αὐτῷ
3327 632 3366 700 ἡ
3398 629 3552 703 γυνὴ
3600 629 3639 699 ἠ
3683 631 3798 683 Σα-

2212 730 2499 802 μαρεῗτις.

2289 823 2405 877 Οὑκ
2438 821 2620 892 ἠγνόει
2650 819 2744 874 τοῦ
2775 818 2998 889 γυναίου
3040 818 3140 890 τὴν
3190 819 3374 888 ἄφιξιν
3409 819 3438 872 δ
3466 819 3680 891 Σωτήρ.
3727 815 3798 875 Εὖ

2219 915 2328 986 γὰρ
2347 914 2412 984 δὴ
2455 915 2550 968 καὶ
2583 911 2702 966 λίαν
2734 911 3006 982 ἠπίστατο
3034 911 3167 974 Θεὸς
3216 910 3476 984 ὑπάρχων
3525 911 3799 981 ἀληθινὸς,

2219 1009 2296 1072 ὡς
2324 1007 2521 1060 αὐτίκα
2566 1006 2836 1076 παρέσται
2873 1003 3081 1074 ψυχρὸν
3127 1002 3236 1056 ἀπὸ
3272 1005 3478 1075 κρήνης
3523 1004 3798 1075 ἀρυομένη

2219 1102 2280 1154 τὸ
2306 1104 2456 1170 νᾶμα
2488 1117 2503 1132 ο
2540 1097 2814 1168 ἐπειδὴδὲ
2873 1097 3080 1168 παρῆν,
3137 1095 3268 1149 εἴσω
3305 1095 3512 1167 βρόχων
3566 1097 3802 1149 ἐποιεῖτο

2221 1193 2282 1247 τὸ
2302 1193 2545 1263 θήραμα,
2573 1190 2667 1243 καὶ
2694 1190 2786 1241 τὸν
2812 1189 2908 1258 τῆς
2937 1187 3288 1251 διδασκαλίας
3315 1187 3443 1238 εὑοὺ
3471 1188 3801 1240 κατατείνων

2221 1285 2398 1354 λόγον,
2452 1283 2560 1337 ἀπὸ
2614 1281 2722 1334 τῶν
2772 1283 2828 1333 ἐν
2863 1279 3021 1350 χερσὶ
3068 1279 3412 1350 πραγμάτων
3445 1279 3682 1330 ἐποιεῖτο
3706 1279 3802 1348 τὴν

2222 1375 2475 1441 διάλεξιν.
2513 1374 2588 1426 Τὸ
2615 1373 2715 1444 μὲν
2737 1368 2831 1426 οὖν
2857 1369 3170 1442 μηδαμόθεν
3202 1370 3401 1440 χρῆναι
3437 1367 3802 1438 καταμολύνε-

2228 1468 2374 1534 σθαι,
2397 1469 2512 1529 τοῖς
2550 1463 2823 1526 Ἰουδαίοις
2846 1465 2874 1516 ὁ
2910 1464 3073 1533 νόμος
3103 1459 3554 1533 ἐπραγματεύετο
3581 1475 3596 1489 ο
3632 1458 3721 1512 διά
3747 1475 3803 1510 τε

2223 1559 2384 1612 τοῦτο
2419 1557 2622 1620 παντὸς
2662 1557 2968 1627 ἀναχωρεῖν
2998 1554 3310 1624 ἀκαθάρτου
3345 1550 3598 1604 διετύπου
3629 1552 3805 1620 πρὲιγ-

537 1655 660 1702 rent
685 1664 847 1719 quam
900 1649 1014 1718 lege
1059 1650 1381 1714 cavebatur,
1410 1657 1466 1704 et
1512 1663 1682 1703 vanas
1711 1649 2120 1704 observationes

2231 1669 2432 1722 ματος,
2464 1651 2559 1705 καὶ
2589 1651 2726 1720 μήτε
2764 1648 3127 1717 ἀλλογενέσιν,
3168 1647 3202 1718 ἢ
3245 1645 3644 1717 ἀπεριτμήτοις
3674 1645 3805 1727 ἀνα-

533 1741 718 1811 potius
749 1753 914 1809 quam
955 1741 1091 1810 legis
1125 1741 1396 1796 rationem
1442 1742 1638 1804 secuti,
1677 1750 1805 1795 Cum
1859 1741 2120 1812 alienige-

2233 1740 2542 1813 μίσγεσθαι.
2591 1740 2654 1794 Οί
2687 1740 2764 1803 δὲ,
2800 1739 2876 1802 ὡς
2907 1738 3069 1790 πλέον
3097 1754 3152 1789 τι
3179 1735 3565 1798 πλεονάζοντες
3592 1733 3695 1804 τῆς
3723 1735 3806 1786 ὲν-

537 1846 733 1886 narum
760 1846 982 1885 carnem
1013 1832 1407 1901 propemodum
1436 1843 1659 1903 tangere
1687 1847 1796 1886 non
1831 1833 2119 1898 auderent,

537 1923 592 1986 in
626 1938 842 1977 omnem
878 1937 937 1977 se
967 1922 1344 1993 impurilatem
1375 1922 1628 1994 delapsos
1657 1925 2004 1994 putabant,si
2039 1926 2122 1980 vel

537 2013 822 2067 minimum
858 2013 1078 2082 quidem
1112 2013 1427 2070 consentire
1470 2029 1598 2069 cum
1640 2015 2008 2072 Samaritanis
2038 2016 2122 2072 vi-

537 2105 817 2160 derenlur.
846 2103 1080 2159 Tantum
1117 2113 1299 2160 autem
1345 2105 1747 2162 dissentiebant
1775 2108 1918 2163 inter
1945 2123 2027 2171 se,
2063 2117 2122 2162 ut

539 2211 735 2264 aquam
781 2205 834 2250 et
887 2195 1071 2250 cibum
1122 2205 1347 2266 gustare
1389 2199 1621 2262 nollent,
1657 2200 1752 2268 qui
1801 2200 2121 2271 alienigenae

539 2302 704 2341 manu
749 2295 898 2342 esset
928 2287 1170 2343 oblatus.
1213 2287 1285 2342 Ut
1334 2305 1465 2360 ergo
1512 2291 1834 2346 muliercula
1879 2295 2120 2350 novitate

539 2377 616 2431 rei
643 2384 913 2431 commota
945 2378 1294 2448 peregrinum
1343 2378 1682 2448 alloquatur,
1710 2393 1775 2434 ac
1806 2381 2122 2436 sciscitatur

538 2469 666 2536 quis
714 2479 767 2523 et
830 2468 978 2525 unde
1040 2469 1134 2536 sit,
1180 2477 1274 2522 aut
1316 2470 1480 2523 etiam
1537 2471 1814 2539 quomodo
1855 2470 2118 2528 Judaicos

541 2573 723 2614 mores
756 2569 1096 2627 contemnat,
1147 2568 1314 2631 atque
1367 2561 1442 2615 ita
1494 2561 1714 2616 demum
1770 2563 1838 2616 ad
1891 2577 2116 2634 scopum

541 2665 704 2705 suum
758 2652 1058 2720 perveniat,
1093 2652 1248 2706 sitire
1298 2667 1358 2708 se
1417 2652 1664 2718 simulat,
1694 2653 1888 2710 dicens
1923 2673 1936 2708 :
1983 2675 2002 2708 ι
2042 2655 2119 2711 Da

541 2741 675 2794 mihi
704 2742 908 2797 bibere.
951 2763 969 2793 ι
1007 2742 1102 2797 Illa
1136 2757 1265 2798 vero
1298 2745 1578 2814 respondit
1609 2762 1623 2798 :

2229 1833 2390 1904 τολῆς
2421 1832 2521 1904 τὴν
2565 1832 2818 1903 δύναμιν,
2853 1831 2950 1883 καὶ
2985 1828 3352 1890 είκαιοτάταις
3391 1826 3590 1896 μᾶλλον
3621 1827 3807 1895 ἐπιτη-

2232 1926 2473 1997 ρὴσεσιν,
2509 1923 2543 1994 ἢ
2573 1925 2692 1986 ταῖς
2715 1921 3022 1993 ἀκριϐείαις
3051 1919 3159 1973 τῶν
3188 1920 3497 1988 λεγομένων
3517 1916 3805 1986 ἀκολουθή-

2229 2033 2444 2080 σαντες,
2502 2015 2612 2068 οὐδ’
2664 2015 2788 2068 ὅσον
2842 2012 3124 2081 ἀποθίγειν
3173 2011 3271 2082 τῆς
3323 2010 3434 2063 τῶν
3495 2008 3809 2078 ἀλλοφύλων

2232 2108 2435 2177 σαρκὸς
2465 2105 2901 2176 ἀποτολμῶντες,
2932 2104 3148 2175 ἀπάσης
3169 2103 3301 2156 εἴσω
3346 2106 3532 2155 πεσεῖν
3567 2101 3808 2171 ἀκαθαρ-

2230 2201 2352 2264 σίας
2389 2199 2662 2270 ἐνόμιζον,
2689 2200 2739 2251 εἰ
2773 2197 2915 2252 κατά
2938 2214 2992 2249 τι
3031 2197 3161 2266 γοῦν
3189 2195 3404 2265 ὀφθεῖεν
3439 2195 3577 2256 ὅλως
3625 2194 3808 2263 Σαμα-

2229 2291 2435 2365 ρείταις
2457 2291 2866 2363 συμϐαίνοντες.
2890 2291 2986 2352 Εἰς
3012 2287 3267 2342 τοσοῦτον
3295 2287 3352 2340 δὲ
3375 2287 3559 2348 αὑτοῖς
3599 2285 3666 2339 τά
3706 2285 3807 2354 τῆς

2225 2383 2559 2445 διαστάσεως
2581 2381 2780 2454 ἐχώρει
2818 2382 3025 2446 λοιπὸν,
3080 2381 3156 2444 ὡς
3191 2382 3286 2434 καὶ
3331 2379 3521 2443 ὓδατος
3555 2379 3650 2432 καὶ
3688 2393 3808 2447 τρο-

2227 2477 2333 2546 φῆς
2364 2473 2730 2543 ἀπογεύεσθαι
2763 2475 2993 2546 ναρκᾷν,
3023 2474 3126 2543 τῆς
3153 2473 3243 2526 διὰ
3279 2471 3463 2544 χειρὸς
3490 2469 3804 2540 ἀλλοφύλων

2227 2568 2759 2640 προσκομιζομένης.
2779 2569 2896 2622 Ἵνα
2916 2568 3095 2622 τοίνυν
3115 2566 3461 2638 ξενοφωνήσῃ
3483 2567 3544 2617 τδ
3561 2563 3805 2632 γύναιον,

2227 2651 2321 2712 καὶ
2351 2660 2411 2712 τὸ
2440 2658 2708 2729 ἀσύνηθες
2725 2659 2875 2730 αὑτῴ
2901 2659 3106 2730 καλέσῃ
3141 2657 3276 2728 πρὸς
3314 2655 3562 2727 ζήτησιν,
3600 2656 3683 2717 τίς
3708 2654 3808 2724 μὲν

2231 2749 2340 2822 εἴη,
2387 2753 2481 2805 καὶ
2514 2751 2698 2816 πόθεν,
2748 2751 2783 2822 ἢ
2837 2751 3121 2812 καὶ-ὅπως
3153 2748 3260 2802 τῶν
3300 2746 3606 2801 Ἰουδαϊκῶν
3676 2763 3809 2800 κατ-

539 2831 839 2903 εφρόνησεν
864 2832 1024 2898 ἐθῶν,
1087 2834 1230 2887 οὑτω
1252 2851 1312 2887 τε
1346 2833 1531 2888 λοιπὸν
1555 2836 1584 2888 ό
1620 2834 1779 2904 λόγος
1807 2835 1899 2889 ἐπὶ
1935 2835 2026 2892 τὸν
2069 2839 2268 2894 οἰκεῖον
2299 2841 2492 2913 βαδίζῃ
2531 2842 2753 2908 σκοπὸν,
2821 2845 2916 2897 καὶ⁵
2979 2843 3043 2897 τὸ
3107 2844 3264 2916 διψῇν
3307 2843 3676 2916 ὑποκρίνεται,
3721 2841 3810 2894 λέ-

543 2942 674 2994 γων·
723 2945 741 2978 ι
777 2925 876 2989 Δός
907 2943 996 2997 μοι
1024 2929 1186 2979 πιεῖν.
1225 2945 1244 2978 ι
1288 2927 1352 2980 Ἦ
1377 2927 1433 2980 δὲ
1457 2925 1583 2997 ἔφη’

613 3019 706 3085 lV,
736 3020 790 3076 9.
821 3020 1094 3086 Quomodo
1132 3033 1210 3088 tu,
1238 3019 1462 3077 Judams
1496 3039 1616 3076 cum
1645 3023 1742 3087 sis,
1774 3023 1944 3079 bibere
1970 3043 2002 3080 a
2033 3044 2114 3082 me

2291 3030 2426 3097 Πῶς
2449 3031 2532 3085 σὺ
2562 3029 2852 3097 Ἰουδαῖος
2896 3031 3001 3096 ὢν,
3048 3030 3186 3101 παρ’
3231 3031 3378 3101 ἐμοῦ
3431 3030 3591 3084 πιεῖν
3624 3029 3809 3096 αἰτεῖς

540 3114 738 3182 poscis.
791 3129 910 3183 qua:
967 3130 1084 3167 sum
1138 3115 1330 3168 mulier
1372 3113 1762 3172 Samaritana?
1815 3117 1935 3172 Non
1981 3121 2120 3173 enim

2224 3124 2514 3194 γυναικὸς
2544 3123 2965 3194 Σαμαρείτιδος
2992 3124 3184 3193 οὔσης
3205 3142 3225 3190 ;
3255 3126 3336 3178 Οὐ
3359 3124 3469 3194 γὰρ
3491 3122 3806 3194 συγχρῶν-

548 3205 709 3276 180
723 3204 1202 3260 coutunturludazi
1223 3205 1606 3262 Santaritanis.
1630 3206 1916 3278 Respondit
1942 3209 2119 3277 Iesus,

540 3311 590 3354 et
622 3300 758 3352 dixit
785 3301 855 3354 ei.

614 3391 907 3462 Inquisitio
946 3393 1165 3448 initium
1206 3403 1291 3449 est
1347 3394 1620 3458 discendi,
1669 3402 1726 3452 et
1783 3397 2125 3454 addubitatio

546 3485 701 3538 radix
769 3486 1109 3553 intelligendi
1172 3501 1295 3555 quae
1353 3487 1694 3557 ignoramus.
1743 3488 1856 3544 Hoc
1908 3492 2124 3545 initium

543 3593 728 3631 sermo
779 3579 1020 3646 capessit
1077 3596 1090 3630 :
1147 3577 1488 3648 proindeque
1539 3580 1794 3634 Salvator
1852 3585 2128 3652 sapienter

545 3684 767 3738 quoque
809 3668 1048 3738 ﬁngebat
1077 3683 1137 3722 se
1170 3666 1484 3722 .lndzeorum
1509 3685 1693 3726 mores
1713 3671 1870 3726 nibili
1899 3673 2120 3728 ducere.

617 3837 706 3903 IV,
743 3839 830 3893 10.
877 3837 936 3894 Si
965 3841 1125 3894 scires
1156 3841 1354 3894 donum
1393 3840 1510 3909 Dei,
1537 3853 1588 3898 et
1614 3847 1732 3915 quis
1761 3857 1838 3902 est
1869 3851 1960 3920 qui
1986 3852 2116 3906 dicit

547 3932 682 3985 tibi:
712 3931 796 3984 Da
823 3932 952 3985 mihi
981 3931 1198 3987 bibere:
1233 3944 1290 3986 tu
1325 3935 1554 4002 forsitan
1591 3937 1830 4005 petiisses
1857 3941 1922 3995 ab
1960 3959 2042 4006 eo,
2075 3953 2125 3997 et

545 4021 774 4076 dedisset
807 4021 902 4076 tibi
934 4038 1125 4092 aquam
1155 4023 1342 4079 vivam.
1375 4024 1516 4079 Dicit
1543 4029 1592 4080 ei
1622 4029 1838 4085 mulier.

607 4221 1130 4293 Supramundanam
1197 4233 1252 4278 et
1313 4228 1780 4297 supercmlestem.
1845 4229 2124 4303 Unigeniti

543 4316 910 4369 substantiam
957 4330 1084 4370 cum
1142 4331 1250 4372 non
1302 4329 1513 4384 nosset,
1545 4321 1656 4375 imo
1685 4338 1814 4377 vero
1859 4340 1983 4380 cum
2041 4326 2126 4379 in-

2226 3234 2322 3271 ται
2373 3216 2641 3272 Ἰουδαῖοι
2691 3218 3102 3287 Σαμαρείταις.

2227 3307 2324 3361 καὶ
2361 3301 2534 3360 εἷπεν
2559 3303 2738 3375 αὐτῇ.

3179 3218 3494 3286 Ἀπεκρίθη
3550 3217 3805 3284 Ἰησοῦς.

2309 3399 2476 3471 Ἀρχὴ
2509 3398 2796 3469 μαθήσεως
2827 3396 3074 3468 ζήτησις.
3104 3395 3200 3451 καὶ
3237 3396 3362 3469 ῥίζα
3400 3399 3498 3470 τῆς
3542 3398 3635 3451 ἐπί
3667 3416 3807 3451 τισιν

2227 3489 2612 3559 ἀγνοουμένοις
2661 3488 2948 3551 συνέσεως,
2997 3489 3030 3561 ᾖ
3068 3488 3196 3554 περὶ
3227 3487 3405 3540 αὑτῶν
3439 3488 3802 3558 ἐπαπόρησις.

2227 3580 2494 3650 Ταύτηνὸ
2522 3581 2679 3648 λόγος
2719 3580 2860 3633 ἐλεῖν
2901 3581 3160 3650 ἐπιθυμεῖ
3202 3579 3301 3651 τὴν
3339 3581 3515 3652 ἀρχήν
3541 3599 3554 3612 ·
3604 3581 3692 3634 διά
3723 3599 3805 3634 τοι

2226 3669 2385 3724 τοῦτο
2413 3673 2508 3724 καὶ
2538 3671 2599 3724 τὸ
2625 3670 2802 3724 δοκεῖν
2825 3670 3074 3742 ἡγεῖσθαι
3105 3670 3272 3742 μηδὲν
3303 3671 3370 3724 τὰ
3391 3671 3500 3724 τῶν
3537 3671 3808 3725 Ἰουδαίων

2229 3761 2346 3832 ἔθη,
2380 3763 2559 3831 σοφῶς
2591 3765 2619 3816 ὀ
2647 3765 2840 3835 Σωτὴρ
2873 3763 3273 3817 ὑπεπλάττετο.

2298 3861 2367 3913 El
2396 3858 2563 3928 ᾕδεις
2598 3857 2714 3928 τὴν
2744 3859 2970 3926 δωρεὰν
3010 3859 3117 3912 τοῦ
3145 3858 3314 3925 Θεοῦ,
3350 3857 3453 3911 καί
3504 3857 3596 3923 τίς
3635 3856 3808 3910 ἐστιν

2229 3955 2262 4006 ὀ
2291 3951 2484 4022 λέγων
2512 3966 2644 4017 σοι,
2695 3952 2806 4016 Δός
2835 3969 2936 4021 μοι
2972 3950 3150 4015 πιεῖν,
3184 3951 3266 4005 σὺ
3298 3951 3376 4005 ἂν
3413 3951 3647 4020 ᾔτησας
3697 3951 3805 4002 αὑ-

2227 4043 2375 4107 τὸν,
2423 4043 2520 4098 καὶ
2562 4025 2753 4098 ’ἐδωκέ
2807 4059 2907 4097 σοι
2947 4042 3101 4109 ὕδωρ
3149 4041 3280 4101 ζῶν.
3322 4041 3496 4110 Λέγει
3548 4037 3711 4106 αὐτῷ
3766 4047 3803 4116 ἡ

2228 4135 2406 4204 γυνή.

2299 4227 2410 4298 Τὴν
2437 4225 2804 4298 ὑπερκόσμιόν
2835 4241 2894 4278 τε
2924 4225 3018 4279 καὶ
3059 4225 3453 4297 ὑπερουράνιον
3490 4223 3597 4276 οὑκ
3630 4221 3804 4274 εἰδυῖα

2227 4319 2322 4372 τοῦ
2341 4319 2676 4388 Μονογενοῦς
2697 4317 2906 4382 οὐσίαν,
2937 4317 3137 4388 μᾶλλον
3156 4317 3211 4371 δὲ
3227 4317 3497 4384 ἀγνοοῦσα
3525 4313 3802 4377 παντελῶς

542 4416 829 4462 carnatum
899 4405 1131 4462 Verbum
1203 4412 1424 4480 penitus
1501 4410 1803 4482 ignoraret,
1870 4414 2120 4470 Judarum

2227 4412 2321 4466 τὸν
2357 4411 2860 4482 ἐνανθρωπήσαντα
2895 4411 3088 4478 Λόγον,
3125 4410 3373 4465 Ἰουδαῖον
3397 4409 3559 4463 αὑτὸν
3589 4409 3802 4480 ὠνόμα-

544 4501 720 4570 ipsmn
769 4502 966 4556 mulier
1003 4503 1344 4559 nominabat.
1380 4505 1446 4558 Et
1479 4503 1547 4558 ad
1603 4505 1707 4561 hoc
1734 4507 1956 4576 quidem
1995 4523 2120 4563 cum

2229 4505 2321 4569 ξεν
2377 4505 2410 4576 ἡ
2451 4503 2610 4572 γυνή.
2642 4503 2751 4556 Καὶ
2774 4503 2955 4572 σιωπᾷ
2981 4501 3078 4570 μὲν
3121 4501 3258 4571 πρὸς
3292 4499 3452 4554 τοῦτο
3493 4501 3801 4572 χρησίμως,

544 4589 726 4645 fructu
760 4591 904 4654 silet,
931 4600 990 4645 ut
1039 4593 1296 4662 colloquii
1361 4595 1503 4648 ratio
1545 4609 1765 4650 sursum
1818 4604 2118 4652 constaret.

542 4681 933 4737 Verumtamen
968 4684 1035 4737 ad
1067 4686 1448 4741 sublimiorem
1478 4685 1548 4740 de
1582 4687 1702 4756 ipso
1731 4687 2120 4758 cogitationem

541 4789 662 4828 eam
690 4775 889 4837 evellit,
921 4789 1043 4828 cum
1076 4777 1287 4831 nescire
1316 4777 1491 4846 ipsam
1525 4777 1603 4830 ait
1647 4778 1774 4847 quis
1805 4779 1895 4833 ille
1925 4780 1996 4834 sit
2023 4781 2118 4850 qui

542 4871 731 4930 potum
761 4865 920 4932 pe'tit,
946 4874 1040 4918 aut
1064 4879 1273 4936 quanta
1303 4869 1477 4938 gratia
1507 4870 1733 4939 praedita
1759 4871 1870 4925 sint
1907 4886 1970 4925 ea
1999 4887 2120 4941 quae

541 4954 803 5009 divinitus
859 4959 1244 5012 conceduntur
1281 4977 1296 5012 :
1332 4977 1454 5031 qua:
1502 4963 1548 5016 si
1603 4963 1860 5017 nimirum
1914 4978 2121 5034 cogno-

543 5053 743 5106 sceret.
777 5046 843 5100 iis
865 5060 1057 5102 carere
1099 5067 1158 5104 se
1205 5067 1312 5103 non
1356 5061 1657 5121 pateretur,
1689 5054 1784 5108 sed
1822 5054 2118 5111 Dominum

541 5137 691 5206 prior
720 5137 812 5190 illa
845 5147 1110 5206 rogasset.
1143 5137 1236 5194 llis
1271 5140 1455 5209 itaque
1488 5142 1672 5195 verbis
1705 5159 1825 5196 eam
1864 5144 2116 5215 instigat,

541 5238 600 5284 ut
623 5246 684 5285 ea
717 5228 929 5284 discere
956 5245 1301 5300 summopere
1333 5233 1482 5288 velit.
1513 5229 1756 5287 Observa
1789 5242 1971 5288 autem
2006 5253 2117 5306 quo

539 5331 698 5394 pacto
737 5322 1034 5392 genuinum
1067 5331 1121 5377 et
1149 5323 1336 5392 procul
1369 5323 1438 5378 ab
1458 5323 1607 5378 omni
1632 5322 1775 5379 fastu
1808 5343 2115 5383 scntnonem

540 5415 859 5478 instituens,
883 5401 1124 5482 seipsum
1160 5413 1327 5467 Deum
1361 5428 1487 5468 esse
1516 5413 1670 5479 dicit,
1703 5415 1826 5470 licet
1854 5418 2012 5472 tardo
2047 5419 2119 5474 sit

541 5505 762 5574 ingenio
792 5505 1010 5559 mulier.
1037 5503 1173 5559 Nam
1217 5504 1600 5574 persuadendo
1633 5505 1726 5562 Dei
1777 5507 1979 5563 donum
2017 5512 2115 5564 mi-

541 5595 675 5657 rari,
712 5594 878 5663 hujus
919 5595 1160 5664 seipsum
1193 5595 1515 5667 largitorem
1547 5596 1816 5654 insinuat.
1863 5598 1918 5653 Si
1967 5601 2115 5654 enim

542 5685 690 5742 clare
720 5687 891 5742 scires
929 5687 1134 5743 donum
1169 5687 1284 5758 Dei,
1320 5697 1373 5746 ct
1401 5687 1528 5760 quis
1573 5691 1647 5750 sit
1687 5690 1778 5760 qui
1829 5689 1965 5748 dicit
1995 5693 2114 5758 tibi,

2228 4595 2315 4649 ἵνα
2349 4591 2815 4663 σῶζηταιπάλινή
2845 4590 2938 4643 τοῦ
2976 4590 3110 4659 πρδς
3142 4588 3309 4659 αὐτὴν
3341 4587 3595 4650 ὑπόθεσις
3621 4587 3798 4654 λόγου.

2226 4689 2511 4759 ’Λναφέρει
2539 4688 2584 4740 δ’
2605 4682 2697 4739 οὖν
2725 4686 2872 4755 ὅμως
2898 4686 2976 4747 είς
3022 4683 3360 4755 ὑψηλοτέραν
3389 4684 3488 4753 τὴν
3522 4683 3652 4754 περὶ
3704 4681 3802 4734 αὑ·

2225 4778 2320 4832 τοῦ
2340 4779 2608 4849 διάληψιν,
2643 4777 2743 4830 οὑκ
2775 4777 2970 4830 εἰδέναι
2991 4775 3190 4845 λέγων,
3225 4775 3306 4838 τίς
3332 4777 3358 4827 ὁ
3389 4776 3549 4828 ποτὸν
3571 4773 3800 4842 αἰτήσας

2227 4871 2397 4936 ἐστὶν,
2429 4871 2462 4940 ἢ
2492 4872 2584 4923 καὶ
2615 4871 2745 4940 ὅσην
2777 4870 2886 4941 ἔχει
2920 4870 3020 4939 τὴν
3050 4868 3211 4939 χάριν
3236 4867 3304 4920 τά
3328 4866 3513 4919 θεόθεν
3535 4864 3802 4936 χορηγού-

2231 4978 2388 5031 μενα,
2409 4961 2482 5023 ὡς
2506 4961 2661 5031 εἴπερ
2696 4960 2808 5032 ἔχοι
2834 4961 2931 5031 τὴν
2964 4958 3186 5027 γνῶσιν,
3241 4958 3341 5010 οὑκ
3395 4956 3462 5010 ἂν
3501 4954 3800 5026 ὑστερίζειν

2226 5051 2516 5120 ἠνέσχετο·
2554 5052 2722 5122 ᾔτησε
2771 5053 2877 5122 γὰρ
2931 5052 2997 5105 ἂν
3052 5048 3397 5122 προλαϐοῦσα
3442 5049 3535 5102 τὸν
3571 5048 3796 5118 Κύριον.

2225 5142 2491 5214 Ἐρεθίζει
2519 5144 2619 5213 μὲν
2645 5140 2738 5196 οὖν
2763 5143 2848 5195 διὰ
2882 5142 3104 5206 τούτων,
3133 5143 3210 5206 είς
3247 5142 3306 5194 τὸ
3338 5142 3431 5194 καὶ
3459 5141 3578 5193 λίαν
3605 5141 3801 5192 ἐσπου-

2223 5235 2502 5305 δασμένως
2553 5235 2804 5304 ἐθελῆσαι
2855 5233 3064 5304 μαθεῖν.
3084 5235 3365 5306 Ἐπιτήρει
3404 5232 3462 5286 δέ
3508 5234 3676 5296 ὅπως,
3710 5231 3800 5284 eb—

2224 5327 2338 5394 φυᾶ
2370 5325 2434 5396 δὴ
2472 5326 2564 5380 καὶ
2598 5325 2693 5379 νῦν
2729 5325 2820 5378 καὶ
2862 5326 3075 5394 κόμπου
3116 5327 3322 5396 γυμνὸν
3353 5324 3686 5395 ἐπιτηδεύων
3712 5323 3802 5376 λό-

2223 5434 2342 5486 γον.
2395 5417 2528 5470 Θεὸν
2569 5417 2758 5469 ἑαυτὸν
2797 5410 2938 5470 εἷναί
2969 5435 3154 5487 φησιν,
3188 5419 3236 5469 εἰ
3283 5418 3376 5470 καὶ
3410 5416 3633 5487 βραδεῖα
3667 5415 3802 5485 πρὸς

2221 5511 2282 5563 τὸ
2319 5509 2577 5564 δύνασθαι
2604 5512 2743 5563 νοεῖν
2775 5511 2807 5580 ὴ
2839 5511 2996 5582 γυνή.
3050 5509 3484 5580 Ἀποθαυμάζειν
3529 5509 3638 5579 γὰρ
3673 5508 3804 5560 ἁνα-

2225 5602 2429 5656 πείθων
2450 5601 2548 5672 τὴν
2574 5601 2668 5656 τοῦ
2693 5601 2826 5654 Θεοῦ
2851 5603 3081 5674 δωρεὰν,
3111 5602 3314 5671 ταύτης
3332 5601 3524 5654 ἑαυτὸν
3560 5599 3802 5669 εἰσφέρει

2225 5690 2462 5762 χορηγόν
2496 5706 2507 5719 ·
2535 5691 2582 5743 εί
2608 5690 2713 5761 γὰρ
2755 5691 2898 5761 ᾔδεις
2929 5692 3112 5762 σαφῶς
3136 5691 3234 5761 τὴν
3267 5691 3477 5762 δωρεὰν
3507 5691 3601 5745 τοῦ
3639 5689 3798 5756 Θεοῦ,
