4090 6266
317 283 423 339 297

1320 272 1386 327 ΙΝ
1420 272 1712 329 IOANNIS
1742 271 2203 330 EVANGELIUM
2241 274 2369 330 LIB.
2412 276 2478 331 II.

3465 279 3575 339 Ξθὸ

314 397 413 452 καλ⁸
449 391 536 457 τίς
571 391 721 442 ἐστιν
749 388 777 442 ὁ
803 385 973 454 λέγων
1009 400 1112 449 σοι,
1138 383 1202 437 σὺ
1232 382 1298 437 ἀν
1329 383 1540 455 ᾔτησας
1565 384 1728 438 αὐτόν
1757 400 1769 413 ·
1800 384 1903 439 τίνι

2023 400 2066 440 ,ιι
2098 386 2333 455 petisses
2360 386 2530 440 abeo.
2556 386 2655 441 Cui
2674 386 2821 440 enim
2852 386 3110 449 convenit
3136 401 3200 443 ea
3228 387 3412 461 largiri
3451 409 3577 464 quae

317 487 362 541 δ’
400 485 468 540 ἂν
516 482 616 535 καλ⁹
667 477 868 550 πρέποι
906 475 964 527 τὸ
1009 472 1330 544 χαρίζεσθαι
1380 473 1449 527 τὰ
1478 472 1571 526 τοῦ
1608 472 1779 539 Θεοῦ;
1808 473 1901 544 Μὴ

320 579 446 648 οὐχὶ
470 573 618 629 κατὰ
654 570 815 641 φύσιν
845 567 955 621 ὄντι
971 565 1089 636 Θεῷ
1118 583 1132 631 ;
1171 565 1356 637 ’Ύδωρ
1400 565 1458 618 δὲ
1484 564 1592 629 ζῶν
1636 565 1904 620 ἀποκαλεῖ

324 664 429 734 τὴν
458 658 723 727 ζωοποιὸν
749 654 839 709 τοῦ
861 654 1174 723 Πνεύματος
1199 653 1371 720 δόσιν,
1396 653 1469 706 δι’
1511 649 1581 724 ἦς
1609 654 1702 707 καὶ
1736 654 1904 725 μόνης

333 757 365 826 η
396 748 771 824 ἀνθρωπότης,
807 745 984 798 καίτοι
1004 745 1117 806 τοῖς
1137 744 1194 796 ὲν
1218 742 1372 814 δρεσι
1406 742 1672 815 πρέμνοις
1696 744 1907 799 ἀναινο-

337 846 475 917 μένη
509 836 919 911 παραπλησίως,
946 834 1089 906 ξηρά
1113 852 1171 888 τε
1196 834 1321 906 ἤδη,
1354 836 1450 888 καὶ
1491 834 1671 906 πάσης
1714 836 1907 903 ἄγονος

337 936 532 1008 ἀρετῆς
599 933 718 992 ταῖς
778 926 872 981 τοῦ
919 925 1163 980 διαϐόλου
1199 925 1555 997 κακουργίαις
1611 925 1909 996 ἀναδεδειγ.

338 1027 494 1098 μένη,
522 1021 659 1095 πρὸς
691 1019 751 1074 τὸ
779 1019 1006 1090 ἀρχαῖον
1039 1016 1325 1087 ἀνατρέχει
1376 1016 1473 1086 τῆς
1515 1015 1732 1085 φύσεως
1780 1014 1910 1070 κάλ-

333 1114 439 1177 λος,
470 1111 563 1165 καὶ
610 1108 708 1178 τὴν
758 1104 1023 1171 ζωοποιδν
1071 1104 1369 1158 ἐκτείνουσα
1424 1104 1604 1176 χάριν,
1641 1103 1910 1176 πολυτρό-

331 1220 453 1267 ποις
505 1200 725 1270 ἀγαθῶν
787 1195 1446 1266 ἰδέαιςπεριανθίζεται,
1512 1195 1608 1250 καὶ
1671 1199 1751 1259 εἰς
1796 1192 1910 1259 ἕξιν

333 1292 726 1349 ἀναδλαστῶσα
748 1291 848 1361 τὴν
878 1290 1189 1360 φιλάρετον,
1212 1289 1680 1360 εὐτραφεστάτους
1703 1288 1804 1358 τῆς
1832 1289 1912 1353 εἰς

332 1384 465 1438 Θεὸν
502 1384 727 1453 ἀγάπης
742 1381 925 1451 ἀνίησι
954 1379 1186 1443 κλῶνας.
1222 1378 1474 1432 Τοιοῦτον
1506 1379 1562 1432 δέ
1594 1397 1668 1446 τι,
1701 1381 1797 1433 καὶ
1822 1378 1912 1432 διὰ

332 1473 426 1527 τοῦ
487 1475 772 1545 προφήτου
828 1471 992 1541 φησὶν
1037 1470 1257 1524 Ἡσαΐου
1308 1469 1445 1541 πρὸς
1494 1470 1714 1541 quam
1755 1469 1909 1533 Θεός·

341 1584 360 1616 ι
393 1563 697 1634 Εὐλογήσει
733 1578 802 1632 με
827 1560 895 1613 τὰ
921 1558 1085 1631 θηρία
1121 1559 1215 1612 τοῦ
1252 1558 1448 1630 ἀγροῦ,
1501 1560 1774 1631 σειρῆνες,
1814 1559 1914 1614 καὶ

337 1654 645 1724 θυγατέρες
680 1650 976 1721 στρουθῶν,
1003 1650 1087 1704 ὅτι
1124 1649 1303 1704 ἔδωκα
1339 1651 1399 1704 ὲν
1434 1652 1501 1722 τῇ
1532 1651 1723 1721 ἐρήμῳ
1746 1649 1912 1721 ὕδωρ,

2007 474 2103 530 Dei
2137 477 2306 530 sunt?
2333 476 2416 532 An
2449 491 2561 531 non
2588 478 2639 530 ei
2670 476 2766 544 qui
2806 477 3105 553 secundum
3137 487 3389 533 naturam
3428 480 3575 537 Deus

2006 566 2129 621 est?
2156 565 2369 635 Aquam
2412 573 2594 621 autem
2623 567 2800 621 vivam
2832 568 3069 638 appellat
3118 569 3395 625 vivificum
3438 571 3574 627 illttd

2010 657 2252 727 Spiritus
2274 657 2500 723 donum,
2525 673 2623 728 per
2652 658 2799 728 quod
2828 661 3006 715 solum
3036 661 3351 719 humanitas
3381 678 3579 734 quam-

2007 749 2094 805 vis
2133 747 2360 821 perinde
2408 763 2474 803 ae
2521 750 2768 804 montani
2801 750 3019 820 stipites
3056 767 3288 822 prorsus
3335 755 3578 811 arefacta

2008 846 2063 893 et
2084 839 2264 893 omnis
2294 836 2507 894 fructus
2554 853 2750 909 expers
2792 839 2997 896 diaboli
3029 841 3226 900 fraude
3266 845 3482 902 reddita
3509 847 3580 902 ad

2009 936 2252 986 veterem
2282 939 2496 986 naturae
2525 932 2990 1002 pulchritudinem
3024 943 3336 1004 revocatur,
3361 948 3415 994 et
3443 938 3581 995 vivi-

2012 1019 2170 1073 ticam
2219 1021 2453 1089 gratiam
2493 1022 2721 1079 ebibens
2763 1023 2934 1080 variis
2976 1024 3243 1081 bonorum
3285 1030 3581 1099 generibus

2010 1110 2324 1179 redimitur,
2347 1120 2402 1167 et
2433 1111 2503 1168 ad
2528 1113 2747 1171 virtutis
2776 1116 3021 1171 studium
3048 1119 3387 1187 repullulans
3422 1121 3584 1178 uber-

2012 1201 2186 1257 rimos
2216 1201 2527 1258 dilectionis
2558 1202 2653 1260 Dei
2702 1220 2887 1262 ramos
2916 1206 3046 1261 edit.
3079 1206 3212 1263 Tale
3262 1225 3390 1264 vero
3422 1210 3584 1280 quid-

2013 1289 2138 1344 dam
2190 1292 2352 1347 nobis
2399 1308 2621 1363 quoque
2668 1292 2817 1350 Deus
2864 1310 2961 1365 per
3012 1295 3211 1352 Isaiam
3264 1298 3583 1368 prophetam

2014 1379 2093 1433 ait
2130 1398 2142 1433 :
2186 1397 2206 1431 ι
2246 1377 2647 1436 Glorificabunt
2701 1397 2788 1439 me
2824 1383 3017 1440 bestiae
3062 1386 3199 1456 agri,
3251 1387 3488 1452 sirenes,
3533 1400 3589 1443 et

2014 1468 2139 1524 ﬁliae
2169 1471 2571 1537 struthionum,
2603 1472 2732 1543 quia
2794 1473 2918 1530 dedi
2966 1475 3022 1528 in
3069 1476 3288 1533 deserto
3335 1493 3507 1550 aquas
3534 1487 3591 1534 et

2013 1559 2243 1615 flumina
2273 1562 2328 1617 in
2356 1562 2650 1633 inaquoso,
2668 1574 2729 1619 ut
2753 1564 2946 1622 bibere
2976 1565 3175 1621 faciam
3202 1584 3376 1639 genus
3407 1586 3588 1627 meum

2015 1654 2285 1724 electum;
2329 1655 2590 1725 populum
2625 1670 2809 1712 meum
2848 1672 3012 1728 quem
3059 1661 3351 1729 acquisivi,
3377 1669 3436 1715 ut
3472 1662 3589 1716 vir-

341 1746 439 1799 καὶ
471 1742 748 1813 ποταμοὺς
779 1743 836 1796 έν
863 1743 929 1812 τῇ
975 1740 1210 1812 ἀνύδρῳ,
1242 1740 1572 1823 ποτίσαιντδ
1611 1740 1765 1809 γένος
1814 1758 1913 1811 μου

2023 1751 2162 1800 tutes
2197 1760 2347 1801 meas
2397 1754 2587 1801 narret
2617 1747 2685 1802 ".
2726 1765 2745 1799 ι
2780 1745 2922 1805 Iusti
2964 1764 3130 1819 porro
3182 1752 3422 1806 animam
3473 1753 3592 1808 fore

342 1836 406 1889 τδ
420 1834 694 1896 ἐκλεκτὸν,
719 1832 844 1886 λαόν
872 1849 971 1903 μου
1006 1831 1065 1885 δν
1087 1831 1563 1904 περιεποιησάμην
1587 1832 1688 1894 τὰς
1716 1832 1917 1903 ἀρετάς

350 1943 452 1998 μου
480 1924 803 1996 διηγεῖσθαι.
840 1943 859 1975 ›
897 1923 1156 1977 Ἔσεσθαι
1178 1924 1236 1978 δὲ
1287 1923 1381 1978 καὶ
1419 1924 1518 1994 τὴν
1568 1923 1663 1977 τοῦ
1704 1922 1914 1977 δικαίου

346 2017 546 2088 ψυχὴν,
579 2015 655 2078 ὡς
688 2014 843 2081 ξύλον
868 2013 1167 2085 ἔγκαρπον,
1194 2014 1381 2085 ἕτερός
1406 2030 1541 2085 φησι
1585 2015 1695 2067 τῶν
1725 2013 1914 2082 ἁγίων,

343 2108 438 2160 καὶ
482 2105 760 2158 ἀνατελεῖν
809 2105 926 2175 μὲν,
975 2104 1107 2157 ὡσεὶ
1143 2105 1338 2176 χόρτον
1383 2105 1659 2175 ἀναμέσον
1703 2104 1914 2171 ὕδατος,

341 2195 677 2267 ὀφθήσεσθαι
717 2195 772 2249 δὲ
798 2195 873 2258 ὡς
910 2194 1057 2248 ἰτέαν
1089 2196 1183 2248 ἐπὶ
1211 2194 1526 2268 παραρρέον
1547 2194 1716 2266 ὕδωρ.
1747 2197 1920 2251 Δυνα-

341 2289 433 2343 τδν
464 2289 565 2359 μὲν
590 2283 683 2341 οὖν
724 2289 837 2351 τοῖς
871 2286 1183 2358 εἰρημένοις
1236 2287 1330 2340 καὶ
1371 2287 1564 2360 ἐτέρας
1606 2288 1757 2359 ἡμᾶς
1795 2290 1916 2341 ἐπι-

344 2379 605 2450 σωρεύειν
632 2378 731 2441 τὰς
751 2377 858 2432 ἀπὸ
878 2377 980 2447 τῆς
1025 2377 1176 2441 θείας
1217 2379 1439 2451 Γραφῆς
1480 2378 1813 2449 μαρτυρίας,
1852 2378 1919 2432 δι’

343 2464 419 2525 ὧν
459 2466 529 2541 ἦν
578 2470 673 2524 καὶ
713 2470 861 2539 μάλα
879 2470 1071 2542 ῥᾳδίως
1117 2469 1499 2534 ἐπιδεικνύειν,
1531 2468 1605 2532 ὡς
1637 2469 1700 2523 ὲν
1727 2466 1923 2535 ὕδατος

345 2561 685 2634 προσηγορία
710 2561 772 2614 τὸ
797 2560 938 2615 θεῖον
980 2559 1239 2623 πολλάκις
1289 2560 1713 2631 κατωνόμασται
1754 2560 1924 2615 πνεῦ-

2017 1842 2278 1905 tanquam
2339 1835 2548 1906 lignum
2609 1835 2956 1893 fructiferum
3013 1839 3153 1895 alter
3217 1840 3379 1897 nobis
3428 1842 3587 1912 18],

2016 1933 2244 1982 sanctus
2280 1927 2449 1992 canit,
2491 1935 2547 1982 et
2578 1928 2842 1984 orituram
2889 1929 3034 1986 sicut
3085 1930 3270 1985 fenum
3320 1931 3377 1986 in
3410 1934 3592 1988 medio

2018 2031 2209 2087 aquae,
2256 2026 2314 2073 et
2383 2018 2531 2074 sicut
2605 2021 2828 2076 salicem
2889 2038 3057 2093 super
3133 2022 3593 2094 praeterﬂuentem

2020 2123 2217 2179 aquam
2235 2107 2302 2165 ⁸³.
2318 2109 2542 2165 Possem
2561 2111 2648 2167 his
2672 2113 2775 2166 alia
2798 2114 3083 2183 complura
3106 2114 3420 2170 testimonia
3443 2114 3595 2170 Scri-

2021 2207 2197 2271 plura:
2217 2202 2536 2274 adjttngere,
2562 2206 2765 2273 quibus
2786 2204 3106 2260 facillimum
3137 2217 3284 2263 esset
3302 2208 3597 2264 ostendere

2016 2302 2170 2360 aqua:
2204 2291 2470 2347 vocabulo
2497 2292 2820 2362 plerumque
2866 2291 3114 2348 divinum
3164 2294 3420 2363 spiritum
3452 2308 3595 2348 nun-

2015 2381 2222 2451 cupari.
2267 2380 2371 2439 Sed
2423 2392 2640 2454 tempus
2688 2399 2798 2439 non
2846 2391 2932 2440 est
2984 2384 3040 2439 in
3081 2385 3167 2439 his
3208 2385 3590 2439 immoraudi:

2017 2472 2248 2543 proinde
2291 2490 2513 2532 rursum
2561 2477 2619 2531 in
2663 2484 2879 2531 vastum
2909 2475 3044 2531 illud
3072 2466 3146 2531 'et
3172 2478 3415 2547 amplum
3455 2476 3596 2531 divi-

2018 2579 2214 2620 narum
2243 2568 2768 2637 eontemplationum
2800 2569 3024 2638 pelagus
3051 2568 3419 2624 enatabimus.

350 2674 444 2727 μα.
467 2654 572 2709 Τοῦ
600 2652 910 2717 δὲ.τούτοις
950 2655 1099 2725 ἡμᾶς
1142 2652 1535 2724 ὲμφιλοχωρείν
1579 2654 1639 2707 ού
1677 2655 1907 2726 καιρός·
1947 2654 2027 2709 διὸ
2073 2657 2137 2729 δὴ
2185 2659 2345 2714 πάλιν
2399 2661 2605 2732 ἑτέροις
2631 2659 2996 2732 ὲπινηξόμεθα
3033 2661 3168 2731 πρὸς
3205 2660 3266 2713 τὸ
3311 2661 3457 2732 μέγα
3503 2663 3599 2718 καὶ

348 2753 518 2808 πλατὺ
544 2751 654 2805 τῶν
689 2749 848 2805 θείων
880 2749 1247 2820 θεωρημάτων
1288 2750 1631 2820 ἐπειγόμενοι
1659 2750 1915 2819 πέλαγος.

419 2844 611 2911 Κύριε,
644 2841 782 2894 οὔτε
815 2840 1090 2909 ἄντλημα
1124 2838 1306 2907 ἔχεις,
1346 2839 1537 2893 καὶτὸ
1561 2838 1747 2908 φρέαρ
1783 2839 1915 2894 ἐστὶ

356 2934 506 3001 βαθύ
536 2950 549 2964 ·
579 2934 765 2988 πόθεν
785 2928 900 2987 οὗν
930 2930 1090 3000 ἔχεις
1108 2928 1176 2983 τὸ
1198 2929 1358 2998 ὕδωρ
1386 2930 1451 2983 τὸ
1469 2929 1615 2993 (dir;

2070 2823 2187 2902 Ἰν,
2233 2838 2321 2891 Ii.
2363 2836 2608 2900 Domine,
2648 2851 2809 2905 neque
2837 2837 2893 2889 in
2927 2852 3029 2906 quo
3064 2838 3286 2891 haurias
3332 2838 3514 2903 habes,
3548 2808 3600 2894 et

2021 2939 2207 2996 puteus
2234 2928 2374 2983 altus
2400 2937 2477 2981 est
2509 2942 2529 2982 :
2556 2927 2693 2980 unde
2718 2943 2839 2996 ergo
2863 2926 3022 2981 habes
3054 2944 3247 2997 aquam
3285 2929 3455 2983 vivam
3472 2930 3499 2984 3

424 3025 585 3078 Οὐδὲν
614 3023 721 3077 τῶν
755 3027 813 3078 ὲν
840 3022 1097 3094 συνηθείᾳ
1129 3020 1290 3074 πλέον
1330 3021 1365 3092 ἡ
1395 3021 1531 3093 γυνὴ
1568 3021 1917 3091 φαντάζεται,

2093 3020 2240 3076 Nihil
2288 3020 2395 3076 nisi
2443 3021 2669 3090 vulgare
2709 3020 2905 3075 mulier
2945 3020 3049 3092 sibi
3090 3020 3372 3091 proponit,
3424 3036 3603 3092 neque

354 3117 447 3171 καὶ
481 3116 694 3186 συνίησι
732 3113 830 3185 μὲν
856 3112 1105 3183 οὐδαμῶς
1137 3111 1246 3165 τῶν
1265 3111 1573 3183 εἰρημένων
1616 3110 1713 3181 τὴν
1761 3109 1921 3164 δύνα-

357 3224 470 3279 μιν,
502 3206 672 3259 οῐεται
710 3205 768 3258 δὲ
794 3205 876 3257 ὅτι
901 3202 1043 3256 κατά
1083 3218 1235 3265 τινας
1271 3200 1380 3255 τῶν
1422 3201 1484 3266 ἐξ
1538 3202 1776 3272 ἐπῳδῆς,
1829 3199 1926 3253 καὶ

353 3295 735 3369 δαιμονιώδους
766 3294 982 3363 ἀπάτης
1009 3292 1445 3365 θαυματουργεῖν
1474 3293 1762 3357 εἰωθότων,
1782 3309 1927 3362 σχοι-

354 3389 467 3442 νίου
496 3405 556 3441 τε
577 3386 718 3457 δίχα,
772 3385 865 3438 καί
887 3402 1027 3448 τινος
1066 3383 1257 3456 ἐτέρας
1300 3384 1567 3456 μηχανῆς,
1626 3385 1926 3456 αὐτόματον

355 3480 494 3552 αὐτῇ
519 3479 580 3532 τὸ
601 3468 747 3550 ὕδωρ
779 3479 844 3531 ὲκ
874 3476 983 3530 τῶν
1018 3477 1321 3548 φρεατείων
1362 3478 1565 3531 ἀνοίσει
1598 3475 1889 3547 πυθμένων
1909 3489 1922 3503 ·

358 3569 501 3641 ῦδωρ
523 3570 579 3622 δὲ
612 3568 742 3635 ζῶν,
766 3568 841 3632 ὡς
867 3567 1003 3640 πρὸς
1031 3567 1122 3620 τὸν
1147 3568 1349 3621 οἰκεῖον
1391 3566 1644 3639 ὀνομάζει
1702 3566 1924 3634 σκοπὸν,

357 3663 418 3716 τὸ
436 3661 634 3715 νεωστὶ
665 3659 773 3713 τῶν
836 3658 1089 3729 πηγαίων
1114 3658 1467 3729 ἀνομὸρῆσαν
1509 3657 1746 3729 μαστῶν.

425 3751 523 3820 Μὴ
558 3750 639 3804 σὺ
656 3748 869 3820 μείζων
900 3745 955 3802 εἷ
974 3748 1080 3802 τοῦ
1126 3748 1354 3816 πατρὸς
1393 3746 1562 3817 ἡμῶν
1596 3748 1820 3814 Ἰακὼϐ,
1860 3749 1929 3816 ὃς

358 3841 581 3897 ἔδωκεν
610 3841 754 3911 ἡμῖν
778 3840 845 3893 τὸ
873 3839 1058 3909 φρέαρ
1078 3840 1276 3906 τοῦτο,
1306 3839 1405 3894 καί
1432 3840 1614 3906 αὐτὸς
1650 3841 1717 3905 ἐξ
1743 3841 1928 3896 αὑτοῦ

360 3934 508 3998 ἔπιε,
539 3931 640 3985 καί
672 3934 724 3983 οἰ
745 3929 863 3983 υἱοί
903 3928 1109 3995 αὑτοῦ,
1137 3928 1238 3982 καὶ
1269 3929 1342 3982 τὰ
1365 3927 1663 3998 θρέμματα
1698 3931 1883 3985 αὑτοῦ
1909 3946 1929 3994 ,°

362 4023 671 4092 Ἀπεκρίθη
711 4020 961 4086 Ἰησοῦς,
983 4018 1082 4072 καὶ
1107 4015 1276 4072 εἶπεν
1300 4018 1475 4086 αὐτῇ.

436 4113 670 4181 Ἐαυτῆς
692 4109 1138 4179 ἐπιλαμϐάνεται,
1169 4110 1263 4162 καὶ
1313 4108 1517 4178 σφόδρα
1542 4109 1639 4178 τὴν
1672 4110 1934 4180 ταχίστην

362 4207 396 4275 ἡ
430 4203 593 4271 γυνὴ,
633 4201 830 4270 συνορᾷ
862 4200 919 4252 δὲ
948 4200 1047 4270 οὐχ
1071 4199 1253 4263 ὁσίως,
1292 4199 1412 4252 οὐδὲ
1452 4199 1669 4263 πάντως
1716 4200 1936 4271 ἀληθεῖς

361 4292 605 4347 λαϐοῦσα
647 4289 747 4352 τὰς
804 4289 1054 4353 ὑπονοίας
1102 4291 1228 4360 περὶ
1265 4289 1470 4343 αὐτοῦ’
1520 4292 1579 4343 ού
1626 4292 1734 4360 γὰρ
1765 4288 1831 4361 ἦν
1860 4291 1934 4362 μὴ

2026 3115 2298 3170 dictorum
2325 3114 2432 3168 vim
2461 3114 2631 3183 capit,
2665 3112 2761 3168 sed
2796 3112 3076 3168 existimat
3108 3120 3331 3183 repente
3364 3113 3544 3184 ipsum
3569 3130 3603 3170 e

2026 3206 2176 3276 putei
2199 3205 2371 3259 fundo
2389 3218 2585 3274 aquam
2619 3203 3008 3269 deducturum,
3028 3218 3139 3257 non
3173 3218 3333 3259 secus
3356 3219 3420 3258 ac
3440 3205 3475 3259 ii
3507 3205 3604 3275 qui

2028 3297 2258 3367 magicis
2284 3296 2627 3351 carminibus
2656 3308 2720 3348 ac
2760 3295 3070 3349 daemonum
3105 3293 3296 3350 fraude
3328 3295 3604 3350 mirabilia

2028 3396 2248 3460 patrare
2290 3387 2494 3443 solent.
2529 3386 2740 3455 Aquam
2777 3385 2981 3452 vivam,
3013 3400 3079 3440 ex
3122 3401 3223 3442 sua
3272 3392 3459 3441 mente
3498 3401 3603 3441 no-

2028 3479 2225 3546 minat,
2272 3492 2469 3547 nempe
2499 3491 2622 3548 quae
2671 3491 2737 3533 ex
2769 3475 2937 3532 fontis
2977 3477 3244 3534 uberibus
3281 3491 3476 3533 recens
3518 3475 3603 3534 ef-

2026 3567 2201 3623 ﬂuxit.

2100 3744 2191 3810 IV,
2215 3745 2303 3800 12.
2349 3734 2625 3816 Numquid
2657 3755 2713 3799 tu
2745 3745 2919 3814 major
2946 3761 2999 3799 es
3022 3754 3172 3814 patre
3202 3755 3382 3801 nostra
3410 3744 3603 3813 Iacob,

2031 3839 2122 3908 qui
2141 3838 2285 3892 dedit
2319 3838 2470 3892 nobis
2501 3847 2715 3908 puteum
2767 3838 2925 3903 hunc,
2948 3848 2997 3892 et
3024 3838 3134 3907 ipse
3165 3852 3231 3892 ex
3259 3854 3318 3892 eo
3355 3838 3507 3904 bibit,
3553 3846 3604 3893 et

2033 3924 2135 3993 ﬁlii
2184 3925 2331 3994 ejus,
2376 3933 2427 3979 et
2487 3942 2678 3995 pecora
2745 3925 2900 3996 ejus?
2956 3925 3242 3995 Respondit
3305 3925 3499 3994 Iesus,
3553 3936 3603 3983 et

2032 4017 2169 4070 dixit
2198 4018 2267 4071 ei.

2102 4108 2300 4164 Mulier
2335 4109 2447 4165 cito
2488 4110 2730 4180 seipsam
2758 4109 3016 4178 castigat,
3047 4109 3322 4180 simulque
3357 4110 3606 4164 animad-

2034 4204 2198 4257 vertit
2235 4217 2294 4258 se
2322 4218 2433 4259 non
2463 4202 2551 4272 pie
2588 4208 2643 4255 et
2670 4216 2797 4256 vere
2830 4200 2897 4255 de
2941 4200 3034 4255 illo
3066 4201 3288 4256 sentire.
3317 4199 3425 4255 Nec
3459 4200 3607 4255 enim

2037 4288 2087 4341 ei
2117 4288 2278 4357 plane
2308 4288 2501 4344 deesse
2529 4296 2745 4359 poterat
2777 4288 3040 4342 auxilium
3076 4287 3144 4343 ad
3170 4288 3604 4360 intelligendum,

365 4383 585 4444 πάντως
614 4378 939 4449 ὠφελεῖσθαι
964 4378 1098 4448 πρὸς
1130 4378 1312 4448 νῆψιν,
1342 4379 1441 4449 τὴν
1478 4380 1613 4444 ὅλως
1632 4380 1742 4433 τῶν
1773 4379 1921 4433 θείων

2038 4380 2239 4449 quippe
2283 4394 2403 4448 qua:
2446 4379 2650 4434 divinis
2702 4378 3049 4434 sermonibus
3107 4377 3404 4439 frueretur.
3436 4378 3608 4445 Quasi

363 4471 741 4528 ἀπολαύουσαν
766 4467 960 4537 λόγων.
997 4469 1085 4531 Ὠς
1102 4469 1445 4539 ἐνδεχομένου
1462 4472 1748 4541 τοιγαροῦν
1783 4473 1931 4541 ἐπῳ-

362 4567 450 4620 δὸν
483 4564 583 4636 μὲν
616 4561 716 4617 οὐκ
735 4554 874 4613 εἶναι
900 4558 992 4611 τὸν
1017 4556 1245 4626 λέγοντα
1262 4599 1276 4625 ,
1306 4560 1589 4629 προφήτην
1617 4560 1675 4613 δὲ
1735 4561 1931 4630 μᾶλλον

364 4659 456 4713 καὶ
492 4655 601 4710 τῶν
640 4655 699 4707 ὲν
730 4649 988 4723 ἁγιασμῷ
1013 4649 1327 4722 διαπρέπων
1351 4649 1459 4723 [Im
1478 4650 1930 4725 διαπρεπόντων],

364 4750 450 4804 διά
492 4766 551 4802 τε
603 4746 762 4799 τοῦτο
817 4742 1074 4817 παρέξειν
1116 4742 1253 4813 αὐτῇ
1283 4745 1345 4794 τὸ
1393 4741 1533 4815 ὕδωρ
1557 4745 1617 4797 τὸ
1657 4744 1765 4808 ζῶν
1797 4763 1932 4799 κατ-

366 4836 814 4909 επαγγέλλεσθαι,
850 4835 943 4888 καὶ
969 4834 1091 4905 δίχα
1126 4832 1234 4886 τῶν
1259 4833 1399 4886 κατά
1431 4835 1711 4905 συνήθειαν
1740 4837 1935 4908 ἀντλη-

368 4932 573 5003 μάτων,
609 4928 644 4999 ἢ
692 4914 824 4980 πολὺ
874 4927 1009 4998 πρὸς
1062 4926 1261 4996 χρῆσιν
1306 4925 1364 4978 τὸ
1403 4927 1621 4996 ἄμεινον
1650 4928 1709 4993 ἐξ
1741 4930 1934 5001 ἐτέρας

363 5021 755 5089 ἀνευρίσκοντα
819 5018 1025 5087 πηγῆς,
1085 5016 1406 5086 μετατίθησι
1451 5017 1543 5071 τὸν
1581 5018 1737 5089 λόγον
1772 5022 1935 5086 εὐθὺς

362 5112 456 5165 ἐπὶ
489 5109 550 5161 τὸ
580 5108 1029 5178 σωφρονέστερον,
1070 5109 1164 5161 καὶ
1186 5108 1261 5172 ὠς
1290 5107 1445 5177 ἅγιον
1482 5110 1623 5183 ἁγίῳ
1653 5113 1933 5184 συγκρίνει

363 5200 616 5270 λέγουσα,
651 5217 669 5249 ι
707 5199 796 5266 Μὴ
816 5200 879 5250 σὺ
907 5199 1102 5268 μείζων
1123 5195 1280 5253 εἰτοῦ
1313 5202 1517 5274 πατρὸς
1535 5203 1690 5275 ἡμῶν
1722 5204 1935 5270 Ἰακὼϐ,

362 5292 420 5356 ὃς
449 5291 649 5344 ἔδωκεν
678 5290 811 5359 ἡμῖν
840 5288 899 5340 τὸ
932 5288 1109 5360 φρέαρ
1138 5290 1329 5357 τοῦτο;
1358 5312 1378 5345 ι
1406 5296 1575 5364 Δέχου
1608 5295 1701 5347 τοῦ
1733 5297 1825 5365 νοή
1837 5314 1938 5365 μα·

364 5398 454 5445 τος
476 5382 573 5453 τὴν
598 5378 898 5451 περίνοιαν,
934 5380 998 5431 ὲκ
1039 5379 1131 5432 τοῦ
1178 5383 1375 5452 μηκέτι
1405 5384 1706 5454 θαυμάζειν
1745 5387 1934 5459 αὐτὴν,

365 5473 414 5525 εἰ
449 5470 676 5541 σχοινίον
703 5469 802 5520 οὐκ
830 5465 973 5537 ἔχων
998 5466 1059 5519 τὸ
1091 5465 1234 5538 ὓδωρ
1282 5469 1694 5539 ἐπαγγέλλεται,
1738 5471 1839 5544 τῆς
1880 5474 1938 5529 δὲ

439 5631 478 5661 ⁸⁸
518 5642 620 5698 lsa.
654 5655 806 5703 thtt,
839 5639 929 5704 ‘20,
954 5639 1044 5693 ει.
1125 5639 1169 5670 ⁸²
1200 5637 1302 5693 lsa.
1342 5657 1485 5707 κων,
1518 5644 1571 5699 4.

693 5735 961 5796 Persea.
1002 5734 1118 5795 Gtt.
1151 5735 1425 5798 LXXIII.

2038 4483 2167 4539 ergo
2200 4468 2318 4524 ﬁeri
2351 4485 2462 4524 non
2506 4477 2692 4540 posset
2733 4477 2795 4523 ut
2836 4468 2885 4524 is
2914 4469 3009 4539 qui
3060 4469 3388 4540 loquebatur
3418 4470 3609 4525 incan-

2040 4568 2186 4615 tator
2210 4569 2378 4628 esset,
2408 4562 2504 4617 sed
2552 4562 2818 4632 propheta
2846 4562 3050 4631 potius,
3082 4572 3135 4617 et
3180 4577 3247 4618 ex
3287 4577 3476 4616 eorum
3503 4578 3607 4616 nu-

2043 4667 2192 4707 mero
2241 4652 2338 4722 qui
2384 4653 2675 4708 sanctitate
2729 4654 3015 4724 conspicui
3073 4661 3224 4719 sunt,
3271 4659 3327 4707 et
3379 4653 3608 4722 proinde

2041 4741 2399 4810 praebiturum
2431 4756 2489 4796 se
2517 4743 2567 4797 ei
2591 4758 2784 4812 aquam
2821 4743 2996 4797 vivam
3030 4743 3404 4813 polliceretur,
3443 4743 3608 4814 idque

2040 4832 2159 4886 sine
2196 4831 2513 4901 vulgaribus
2562 4832 2821 4899 haustris,
2851 4843 2944 4888 aut
2993 4833 3061 4888 ad
3089 4849 3250 4888 usum
3303 4833 3462 4905 longe
3491 4850 3609 4888 me-

2040 4924 2258 4992 liorem,
2290 4939 2353 4977 ex
2392 4924 2500 4978 alio
2538 4925 2799 4979 nimirum
2832 4925 2979 4981 fonte
3022 4934 3319 4996 repertam,
3351 4928 3607 4981 emendat

2041 5016 2226 5070 statim
2258 5015 2402 5084 quod
2434 5014 2669 5080 dixerat,
2697 5025 2751 5070 et
2780 5018 2934 5086 quasi
2978 5024 3232 5071 sanctum
3262 5031 3383 5070 cum
3414 5023 3605 5069 sancto

2039 5117 2334 5178 comparat,
2376 5106 2609 5163 dicens:
2645 5128 2662 5158 ι
2700 5108 2968 5179 Numquid
3013 5116 3071 5162 tu
3120 5108 3296 5177 major
3338 5123 3398 5161 es
3457 5113 3608 5173 patre

2036 5207 2227 5253 nostro
2263 5195 2455 5263 Iacob,
2480 5200 2574 5268 qui
2607 5199 2756 5254 dedit
2782 5199 2945 5255 nobis
2972 5208 3196 5269 puteum
3230 5196 3408 5250 hunc?
3437 5213 3455 5244 ι
3489 5192 3606 5244 Vim

2037 5291 2201 5361 hujus
2239 5291 2372 5345 dicti
2416 5292 2606 5361 accipe
2654 5306 2723 5345 ex
2775 5306 2839 5345 eo
2869 5292 3014 5361 quod
3069 5293 3186 5360 ipsa
3223 5302 3331 5342 non
3368 5283 3606 5351 amplius

2036 5381 2264 5434 miratur
2293 5380 2438 5449 quod
2473 5379 2604 5435 fune
2652 5379 2948 5434 destitutus
2999 5390 3194 5446 aquam
3248 5367 3608 5424 nihilominus

2036 5470 2378 5541 Polliceatur,
2414 5470 2510 5528 sed
2570 5470 2639 5528 de
2686 5471 2806 5543 ejus
2858 5468 3124 5541 qualitate
3171 5458 3427 5534 gustabili
3466 5458 3609 5515 du.“

3216 5714 3283 5776 10
