4090 6266
533 357 636 414 ‘299

1488 343 1542 400 S.
1573 342 1855 400 CYRlLlJ
1889 343 2363 397 ALEXANDRIM
2401 341 2722 398 ARCHIEP.

3684 347 3788 406 500

531 474 686 524 taxat
755 460 1026 531 loqui-tur.
1091 457 1426 514 Samaritani
1493 461 1678 530 itaque
1752 457 2097 528 alienigenae,

2213 456 2354 512 κατὰ
2380 455 2569 526 γεῦσιν
2600 457 2887 528 ποιότητος
2914 457 3040 529 πέρι
3075 456 3418 525 διαλέγεσθαι
3469 459 3659 531 μόνης,
3696 465 3792 519 Σα.

531 561 732 633 quippe
780 555 875 626 qui
928 552 1350 625 Babyloniorum
1398 553 1617 608 colonia
1669 558 1847 608 erant.
1888 549 2104 605 Patrem

532 661 712 707 autem
762 647 866 719 ipsi
923 660 1144 716 quoque
1200 643 1374 700 Jacob
1421 645 1728 707 venditant,
1763 643 1972 714 duplici
2014 657 2106 697 ra-

531 746 682 798 tione
719 759 733 796 :
768 754 893 796 cum
919 739 1069 794 enim
1102 737 1392 792 ﬁnitimam
1419 744 1475 793 et
1513 739 1750 792 vicinam
1791 735 2104 791 Judaeorum

409 829 420 839 “
532 836 809 905 regionem
843 831 1181 894 habitarent,
1223 829 1382 899 182
1418 829 1670 883 nonnihil
1706 829 1763 882 in
1811 843 1872 883 se
1905 842 1973 882 ex
2015 839 2107 880 eo-

533 942 654 980 rum
683 925 834 979 cultu
862 923 1260 993 exprimebant,
1285 929 1340 977 et
1370 920 1577 975 ludatis
1602 919 1855 991 patribus
1882 917 2106 988 gloriari

533 1018 874 1073 nitebantur.
917 1014 1041 1070 Alia
1089 1014 1476 1083 ratio,.eaque
1518 1012 1809 1069 verissima
1842 1010 1958 1066 haec
1999 1017 2103 1075 est,

531 1109 675 1181 quod
707 1109 956 1180 plerique
993 1122 1184 1162 eorum
1226 1107 1318 1177 qui
1357 1105 1665 1162 Samariam
1699 1104 2016 1160 incolebant
2075 1115 2105 1156 a

529 1199 702 1255 Iacob
735 1214 908 1270 genus
940 1198 1239 1254 ducebant.
1270 1195 1565 1252 Jeroboam
1600 1198 1805 1267 quippe
1834 1196 1980 1252 [ilius
2015 1195 2108 1250 ille

531 1289 729 1354 Nabal,
761 1291 1108 1359 congregatis
1140 1289 1331 1343 decem
1386 1288 1610 1343 lsraelis
1638 1288 1895 1343 tribubus
1926 1296 1981 1342 et
2017 1285 2104 1340 di-

531 1380 700 1438 midia
721 1387 874 1450 parte
899 1379 1082 1434 tribus
1103 1377 1386 1448 Ephraim,
1405 1377 1685 1448 profectus
1712 1375 2106 1447 Hierosolymis

530 1479 792 1545 regnante
826 1471 1072 1526 Roboam
1122 1470 1232 1525 ﬁlio
1284 1469 1617 1536 Salomonis,
1647 1468 1955 1524 Samariam
2011 1482 2106 1524 oc-

529 1563 769 1634 cupavit,
800 1561 856 1616 in
887 1575 1061 1631 eaque
1093 1561 1290 1617 domos
1323 1569 1378 1615 et
1401 1559 1570 1617 urbes
1597 1559 1890 1616 exstruxit.

594 1737 687 1804 IV,
731 1737 917 1793 15-14.
961 1736 1146 1792 Omnis
1193 1737 1284 1807 qui
1326 1736 1454 1790 bibit
1502 1753 1566 1791 ea:
1619 1754 1760 1804 aqua
1807 1737 1927 1804 hac,
1961 1739 2104 1792 sitiet

2212 553 2467 622 μαρεῖται
2499 551 2599 622 μὲν
2632 545 2725 605 οὖν
2750 549 3078 620 ἁλλογενεῖς,
3108 550 3468 605 Βαϐυλωνίων
3493 555 3602 626 γὰρ
3632 556 3790 612 ἄποισ

2208 659 2313 696 κοι.
2353 643 2572 714 Πατέρα
2600 643 2656 695 δὲ
2699 643 2793 696 καὶ
2819 643 2974 696 αὐτοὶ
3018 641 3106 697 τὸν
3157 641 3352 696 Ἰακὼϐ
3394 645 3786 717 ἐπιγράφονται

2209 732 2352 786 κατὰ
2403 733 2496 786 δύο
2546 733 2818 805 τρόπους·
2847 733 2922 797 ὡς
2979 733 3085 804 γὰρ
3116 733 3315 804 ὅμορόν
3354 753 3412 787 τε
3447 737 3541 790 καὶ
3577 741 3792 807 γείτονα

2207 823 2305 894 τὴν
2351 825 2618 878 Ἰουδαίων
2666 823 2940 888 οἰκοῦντες
2991 824 3196 895 χώραν,
3249 825 3406 895 ὀλίγα
3431 831 3530 900 τῆς
3568 831 3791 886 ἐκείνων

2209 914 2463 986 λατρείας
2498 917 2578 979 είς
2605 917 2830 981 ἑαυτοὺς
2856 917 3243 988 ἀνεμάττοντο,
3270 918 3494 984 καὶτοῖς
3527 921 3792 977 Ἰουδαίων

2209 1005 2482 1076 πατράσιν
2515 1007 2773 1076 ἐπαυχεῖν
2807 1005 3100 1077 ἐμελέτων.
3125 1007 3335 1073 Ἄλλως
3373 1026 3454 1074 τε,
3491 1011 3585 1064 καὶ
3613 1007 3681 1084 ἦν
3702 1013 3791 1066 δν-

2207 1113 2315 1160 τως
2351 1097 2570 1167 ἀληθές,
2627 1099 2711 1152 ὅτι
2765 1099 2866 1168 τῆς
2916 1099 3112 1153 Ἰακὼϐ
3173 1101 3441 1172 ἐξέφυσαν
3494 1103 3652 1175 ῥίζης
3682 1105 3791 1159 τῶν

2207 1189 2308 1260 τὴν
2367 1190 2682 1261 Σαμάρειαν
2723 1191 3016 1244 οἰκούντων
3070 1192 3121 1244 oi
3172 1191 3409 1256 πλείους.
3452 1193 3511 1246 '0
3553 1195 3663 1264 γὰρ
3693 1196 3788 1249 τοῦ

2209 1279 2400 1332 Ναὸἀτ
2440 1279 2744 1351 Ἰεροσοὰμ,
2778 1281 2914 1334 δέκα
2949 1281 3043 1335 τοῦ
3088 1281 3302 1355 Ἰσραὴλ
3338 1286 3664 1357 συναγείρας
3685 1305 3787 1357 φυ-

2208 1371 2327 1437 λὰς,
2362 1374 2456 1425 καὶ
2487 1373 2548 1424 τὸ
2573 1373 2745 1444 ῆμισυ
2771 1373 2945 1444 φυλῆς
2989 1374 3248 1446 Ἐφραῒμ,
3308 1378 3532 1450 ἀπαίρει
3568 1379 3667 1450 μὲν
3692 1381 3788 1450 τῆς

2219 1461 2572 1533 Ἰερουσαλὴμ
2627 1461 2767 1516 κατὰ
2826 1463 3019 1534 καιρὸν
3066 1464 3166 1534 τῆς
3220 1465 3455 1537 Ῥοϐοάμ
3488 1467 3786 1537 βασιλείας,

2208 1552 2326 1606 υἱοῦ
2365 1553 2697 1623 Σολομῶνος,
2728 1553 3050 1608 καταλαϐὼν
3086 1556 3144 1609 δὲ
3185 1556 3284 1628 τὴν
3332 1559 3665 1630 Σαμάρειαν,
3695 1560 3788 1614 καὶ

2206 1638 2388 1703 οἴκους
2412 1643 2468 1694 ἐν
2491 1642 2650 1712 αὐτῇ,
2679 1643 2773 1695 καὶ
2804 1643 2987 1706 πόλεις
3021 1644 3295 1716 ἐδείματο.

2278 1728 2404 1797 Πᾶς
2437 1734 2471 1786 ὀ
2514 1732 2707 1786 πίνων
2752 1732 2821 1786 ἐκ
2858 1732 2965 1788 τοῦ
3009 1735 3230 1803 ὕδατος
3258 1740 3494 1805 τούτου,
3536 1741 3786 1811 διψήσει

526 1832 715 1885 iterum
747 1845 764 1884 :
796 1830 885 1899 qui
929 1837 1104 1882 autent
1136 1827 1325 1881 biberit
1359 1843 1424 1882 ea:
1456 1845 1594 1900 aqua
1630 1845 1788 1899 quam
1837 1845 1929 1896 ego
1963 1829 2097 1885 dabo

2205 1821 2413 1875 πάλιν⁸
2447 1822 2514 1890 ὃς
2543 1822 2596 1876 δ’
2635 1823 2711 1878 ἂν
2749 1825 2855 1894 πίῃ
2877 1825 2945 1878 ἐκ
2978 1826 3084 1880 τοῦ
3108 1827 3347 1896 ὕδατος,
3378 1826 3450 1885 οὗ
3469 1831 3584 1900 ἐγὼ
3616 1831 3787 1888 δώσω

523 1923 594 1989 ei,
621 1939 725 1976 non
758 1922 898 1975 sitiet
933 1921 986 1974 in
1029 1930 1308 1986 «sternunt,
1335 1919 1425 1975 sed
1463 1937 1602 1991 aqua
1652 1938 1810 1991 quam
1842 1938 1934 1992 ego
1967 1921 2102 1975 dabo

523 2013 594 2075 ei,
630 2012 719 2081 ﬁet
751 2012 806 2066 in
834 2028 892 2066 eo
923 2011 1042 2080 fons
1086 2026 1236 2081 aqua:
1275 2011 1519 2064 salientis
1547 2011 1601 2064 in
1633 2012 1794 2066 vitam
1826 2021 2100 2066 (sternam.

529 2101 667 2156 Dicit
698 2101 770 2155 ad
789 2117 908 2154 eum
938 2099 1147 2154 mulier.

593 2289 941 2345 Samaritana
973 2286 1230 2344 eximiam
1279 2285 1449 2342 veluti
1496 2284 1791 2356 quamdam
1830 2292 1886 2342 et
1930 2301 2101 2356 expu-

521 2389 692 2451 gnatu
739 2379 1014 2436 diﬁicilem
1050 2375 1420 2447 objectionem
1467 2383 1849 2448 proponente:
1885 2393 1906 2429 ι
1934 2375 2103 2432 Num-

520 2469 651 2539 quid
703 2476 763 2523 tu
795 2468 972 2538 major
999 2481 1059 2522 es
1102 2474 1257 2536 patre
1290 2471 1488 2521 nostro
1527 2463 1722 2531 Jacob,
1762 2484 1781 2519 ι
1817 2466 1955 2523 scite
2004 2466 2102 2522 ad-

520 2559 746 2613 modum
789 2572 987 2614 rursus
1019 2555 1273 2612 Salvator
1301 2555 1731 2612 ostentationem
1773 2556 1935 2628 fugit,
1968 2558 2098 2614 dum

520 2667 580 2708 se
605 2666 713 2718 non
744 2648 1010 2721 majorem
1044 2649 1265 2720 quidem
1293 2663 1417 2705 esse
1452 2658 1640 2720 aperte
1662 2650 1971 2719 proﬁtetur,
2004 2651 2099 2708 sed

517 2758 585 2798 ex
616 2742 782 2797 rebus
828 2740 966 2811 ipsis
1023 2739 1224 2796 suadet
1251 2739 1586 2809 expendere,
1616 2747 1739 2794 uter
1783 2741 2096 2796 antecellat.

518 2835 734 2891 Idcirco
781 2831 1271 2903 incomparabilem
1326 2831 1472 2886 inter
1509 2831 1790 2902 spiritales
1825 2846 2000 2902 aquas
2045 2839 2100 2888 et

519 2924 810 2981 sensibiles
851 2936 914 2977 ac
945 2930 1196 2978 terrenas
1231 2918 1575 2994 intercedere
1608 2918 1971 2977 diﬁerentiam
2005 2937 2098 2979 os-

516 3017 692 3072 tendit
737 3014 927 3070 dicens
971 3031 984 3067 :
1038 3031 1056 3064 ι
1097 3009 1292 3067 Omnis
1339 3010 1434 3082 qui
1476 3010 1615 3066 bibit
1671 3025 1738 3069 ex
1786 3013 1889 3068 hac
1927 3027 2094 3085 aqua,

518 3109 670 3165 sitiet
703 3108 924 3163 iterum.
968 3123 987 3158 ›
1024 3103 1130 3171 Qui
1158 3117 1314 3169 vero,
1363 3103 1562 3173 inquit,
1595 3102 1732 3159 meis
1779 3104 1941 3174 aquis
1987 3107 2090 3159 im-

516 3205 697 3272 pletus
733 3199 918 3264 fuerit,
951 3210 1062 3252 non
1097 3195 1260 3251 modo
1309 3209 1594 3266 nunquam
1639 3197 1807 3264 sitiet,
1837 3199 1934 3253 sed
1971 3197 2096 3252 l‘on-

517 3304 624 3350 tem
671 3293 728 3347 in
779 3292 963 3364 seipso
1004 3288 1252 3356 habebit,
1285 3287 1378 3359 qui
1432 3288 1609 3358 possit
1661 3303 1787 3344 eum
1827 3290 1892 3345 ad
1925 3290 2094 3346 vitam

515 3388 756 3441 educare
788 3383 1197 3453 sempiternam.
1230 3380 1404 3452 Igitur
1444 3380 1539 3451 qui
1592 3381 1804 3452 majora
1843 3381 2092 3454 largitur,

517 3473 689 3543 major
713 3474 902 3544 utique
925 3473 1030 3528 erit
1058 3488 1124 3528 eo
1147 3472 1241 3543 qui
1274 3473 1458 3528 minus
1491 3473 1678 3539 habet,
1711 3489 1890 3545 neque
1913 3476 2094 3529 victus

515 3565 765 3621 eamdem
805 3577 970 3634 quam
1029 3564 1208 3618 victor
1257 3565 1492 3634 gloriam
1547 3573 1932 3636 reportaturus
1987 3573 2090 3621 est.

517 3653 817 3710 Sciendum
857 3653 946 3706 hic
989 3652 1172 3708 denuo
1216 3652 1558 3708 Salvatorem
1599 3669 1817 3724 aquam,
1850 3655 2092 3726 Spiritus

517 3745 694 3801 sancti
741 3744 974 3815 gratiam
1012 3743 1305 3815 appellare,
1345 3745 1508 3814 cujus
1555 3745 1779 3818 si.quis
1814 3749 2090 3820 particeps

515 3836 812 3902 exstiterit,
833 3835 1222 3891 scaturientem
1246 3836 1465 3892 habebit
1491 3837 1545 3892 in
1573 3838 1756 3909 seipso
1780 3840 2088 3896 divinarum

515 3927 892 3984 doctrinarum
925 3926 1034 3982 vim
1070 3935 1130 3982 ut
1159 3927 1272 3998 jam
1312 3929 1544 3984 aliorum
1572 3930 1796 3986 monitis
1812 3946 1923 3986 non
1943 3931 2088 3987 indi-

517 4026 663 4090 geat,
683 4015 780 4074 sed
801 4015 960 4074 facile
980 4018 1156 4088 possit
1175 4033 1272 4074 eos
1300 4019 1510 4075 hortari
1527 4021 1730 4092 quibus
1754 4021 2000 4077 divinum
2025 4037 2088 4077 ac

515 4112 740 4168 cmleste
772 4110 1001 4167 verbum
1052 4109 1207 4166 sitire
1252 4111 1481 4184 contigit
1515 4131 1528 4168 :
1567 4113 1878 4183 cujnsmodi
1931 4121 2090 4170 erant

516 4202 572 4255 in
603 4201 702 4256 liae
729 4200 842 4256 vita
871 4209 924 4256 et
956 4199 1012 4254 in
1036 4199 1199 4258 terr-is
1226 4201 1409 4256 adhuc
1435 4201 1694 4274 degentes
1737 4204 1912 4261 sancti
1961 4219 2088 4275 pro-

2207 1912 2387 1979 αὐτῷ,
2423 1918 2495 1970 οὐ
2518 1915 2606 1985 μὴ
2620 1914 2870 1986 διψήσει
2899 1917 2987 1983 εις
3009 1917 3113 1970 τὸν
3133 1916 3336 1982 αἰῶνα,
3361 1920 3524 1975 ἀλλὰ
3548 1922 3609 1975 τὸ
3632 1923 3789 1993 ὕδωρ

2205 2006 2237 2060 ὃ
2262 2005 2434 2060 δώσω
2489 2007 2672 2074 αὐτῷ,
2725 2007 3045 2078 γενήσεται
3086 2009 3156 2064 ἐν
3182 2010 3342 2078 αὐτῷ
3381 2013 3544 2083 πηγὴ
3572 2014 3788 2083 ὕδατος

2205 2093 2544 2163 ἁλλομένου
2589 2097 2678 2162 εις
2721 2094 2874 2165 ζωὴν
2906 2096 3163 2153 αἰώνιον.
3214 2100 3382 2172 Λέγει
3423 2103 3573 2172 πρὸς
3599 2107 3788 2161 αὐτὸν

2203 2183 2242 2251 ἠ
2275 2183 2453 2255 γυνή.

2281 2295 2300 2329 ι
2339 2278 2431 2349 Μὴ
2460 2277 2525 2330 σὺ
2559 2277 2762 2349 μείζων
2807 2275 2858 2333 εἴ
2907 2279 3002 2334 τοῦ
3067 2282 3271 2351 πατρὸς
3305 2283 3461 2355 ἡμῶν
3508 2285 3724 2353 Ἰακὼϐ,
3762 2308 3783 2342 ο

2205 2366 2394 2441 ὥσπερ
2453 2386 2505 2422 τι
2555 2368 2720 2440 μέγα,
2769 2371 2865 2425 καὶ
2920 2371 3426 2442 δυσκαταγώνιστον
3495 2377 3788 2450 πρόϐλημα

2203 2459 2593 2531 προτεινούσης
2645 2460 2744 2530 τῆς
2781 2462 3194 2534 Σαμαρείτιδος,
3245 2465 3588 2534 εὐφυέστατα
3628 2468 3787 2522 πάλιν

2202 2554 2231 2606 ό
2263 2551 2453 2624 Σωτὴρ
2485 2555 2833 2624 παραιτεῖται
2863 2555 2960 2623 μέν
2992 2553 3082 2608 τὸν
3111 2555 3170 2608 ἐν
3204 2557 3412 2627 ῥήμασι
3446 2556 3681 2627 κόμπον,
3701 2559 3785 2614 ὅτι

2203 2643 2406 2714 μείζων
2433 2643 2691 2715 ὑπάρχει,
2739 2644 2928 2715 σαφῶς
2977 2646 3076 2699 οὐκ
3104 2645 3295 2712 εἰπὼν,
3321 2648 3429 2702 ἀπὸ
3467 2648 3523 2702 δὲ
3546 2650 3648 2720 τῆς
3676 2650 3785 2705 τῶν

2201 2736 2543 2807 πραγμάτων
2603 2737 2888 2808 ποιότητος
2945 2736 3261 2808 δοκιμάζειν
3334 2741 3618 2795 ἀναπείθει
3694 2743 3787 2797 τδν

2201 2827 2530 2899 προύχοντα.
2568 2827 2751 2882 Διάτοι
2784 2827 2963 2896 τοῦτο,
2998 2831 3094 2883 καὶ
3132 2829 3463 2904 ἀσύγκριτον
3491 2830 3655 2888 οὖσαν
3676 2834 3786 2889 τῶν

2199 2919 2405 2990 νοητῶν
2423 2919 2630 2973 ὑδάτων
2653 2919 2788 2990 πρὸς
2815 2919 2884 2973 τὰ
2917 2922 2974 2974 ἐν
3019 2921 3269 2992 αἰσθήσει
3316 2923 3407 2976 καὶ
3445 2925 3786 2998 γεωδέστερα

2197 3010 2297 3082 τὴν
2340 3011 2603 3082 διαφορὰν
2638 3011 2966 3066 ἐπιδεικνύει
3013 3013 3186 3084 λέγων
3208 3031 3221 3046 ·
3252 3035 3270 3068 ι
3303 3017 3419 3078 Πᾶς
3451 3019 3480 3071 ὁ
3521 3020 3694 3074 πίνων
3719 3022 3782 3075 ἐκ
3823 3085 3842 3096 ξ

2171 3101 2292 3154 ’τοῦ
2323 3100 2513 3165 ὓδατος
2567 3103 2786 3170 τούτου,
2806 3104 3022 3175 διψήσει
3077 3106 3258 3172 πάλιν,
3291 3127 3310 3160 t
3337 3107 3364 3159 ὁ
3401 3107 3457 3162 δέ
3477 3112 3588 3165 τῶν
3612 3111 3781 3182 ἐμῶν⁹

2191 3197 2386 3272 φησιν,
2424 3193 2631 3249 ὑδάτων
2661 3196 3138 3267 ἐμφορησάμενος,
3173 3199 3271 3269 οὐχ
3301 3199 3451 3265 ὅπως
3484 3202 3576 3256 τοῦ
3621 3203 3780 3276 διψῇν

2200 3285 2280 3338 ἔτι
2345 3285 2607 3356 κρείττων
2663 3285 3128 3358 ἀποφανθήσεται,
3198 3287 3314 3342 ἀλλ’
3346 3290 3454 3354 ἔξει
3511 3293 3694 3364 πηγὴν
3724 3295 3780 3347 ἐν

2197 3375 2376 3446 ἐαυτῷ
2395 3376 2531 3445 πρὸς
2553 3375 2697 3449 ζωὴν
2726 3377 2942 3432 αἰώνιον
2967 3379 3294 3450 άποτρέφειν
3316 3381 3622 3453 ἰσχύουσαν.
3641 3388 3780 3441 Ούκο

2196 3467 2290 3520 οὖν
2323 3470 2351 3521 ὁ
2386 3469 2455 3522 τὰ
2498 3467 2671 3540 μείζω
2712 3470 3054 3542 δωρούμενος
3088 3473 3146 3525 ἐν
3171 3474 3413 3544 μείζοσιν
3430 3475 3602 3546 ἔσται,
3621 3481 3775 3552 φησὶ,

2196 3557 2290 3612 τοῦ
2323 3559 2382 3612 τὸ
2414 3559 2632 3613 ἔλαττον
2655 3559 2871 3631 ἔχοντος
2911 3565 3006 3618 καὶ
3034 3564 3135 3634 τὴν
3161 3564 3328 3637 αὐτὴν
3361 3567 3460 3620 ούκ
3493 3569 3775 3628 ἀποίσεται

2194 3650 2351 3716 δόξαν
2387 3649 2463 3720 τῷ
2494 3651 2713 3706 νικῶντι
2767 3653 2829 3707 τὸ
2876 3655 3218 3726 ἡττώμενον·
3278 3658 3450 3712 ίστέον
3495 3660 3551 3715 δὲ
3590 3664 3776 3733 πάλιν,

2195 3742 2270 3806 ὡς
2294 3743 2434 3815 ὕδωρ
2456 3745 2514 3797 ἐν
2545 3745 2754 3808 τούτοις
2782 3747 2880 3818 τὴν
2907 3746 3002 3800 τοῦ
3031 3748 3189 3815 ἁγίου
3217 3749 3538 3821 Πνεύματος
3567 3755 3726 3828 χάριν
3748 3759 3776 3810 ὁ

2195 3833 2385 3904 Σωτὴρ
2414 3835 2696 3900 ἀποκαλεῖ,
2731 3832 2798 3908 ἦς
2834 3838 2990 3908 εἴπερ
3016 3855 3099 3902 τις
3134 3837 3344 3906 γένοιτο
3370 3843 3615 3914 μέτοχος,
3647 3847 3778 3900 ἀνα-

2194 3926 2542 3997 πηγάζουσαν
2574 3927 2684 3992 ἔξει
2717 3927 2899 3982 λοιπὸν
2935 3931 2993 3982 ἐν
3021 3929 3198 4001 ἐαυτῷ
3236 3930 3345 3985 τῶν
3389 3931 3549 3988 θείων
3596 3936 3773 4007 μαθη-

2196 4019 2381 4089 μάτων
2413 4019 2510 4090 τὴν
2539 4020 2823 4090 χορηγίαν,
2846 4020 2921 4084 ὡς
2955 4021 3152 4092 μηκέτι
3187 4022 3286 4093 μὲν
3337 4024 3482 4095 αὐτῷ
3518 4026 3619 4099 τῆς
3645 4029 3774 4102 παρ’

2191 4110 2391 4181 ἐτέρων
2407 4110 2686 4176 νουθεσίας
2730 4111 2920 4176 ἐνδεῖν,
2967 4111 3219 4186 ἐξαρκεῖν
3254 4117 3312 4170 δὲ
3363 4119 3564 4188 μᾶλλον
3603 4123 3683 4186 είς
3711 4124 3772 4177 τὸ

2190 4199 2449 4255 δύνασθαι
2477 4202 2672 4274 ῥᾳδίως
2705 4205 3064 4276 παρακαλεῖν,
3089 4208 3215 4270 τοὺς
3237 4203 3433 4282 οἷσπερ
3464 4211 3529 4264 ἂν
3557 4211 3771 4281 γένοιτο

511 4289 708 4360 pheta.
762 4297 927 4361 atque
979 4291 1232 4360 apostoli,
1283 4301 1338 4346 et
1400 4293 1491 4362 qui
1550 4309 1903 4350 successores
1959 4302 2085 4351 sunt

2201 4292 2350 4364 Βιψῇν
2377 4293 2467 4347 τὸν
2505 4293 2645 4348 θεῖόν
2700 4312 2758 4347 τε
2790 4297 2883 4349 καὶ
2921 4297 3172 4368 οὐράνιον
3198 4299 3377 4368 λόγον,
3411 4303 3584 4356 ὁποῖοί
3626 4321 3768 4368 τινες

509 4395 707 4437 eorum
759 4381 1074 4449 ministerii,
1102 4381 1172 4438 de
1210 4383 1414 4452 quibus
1473 4384 1741 4455 scriptum
1777 4394 1861 4441 est
1905 4404 1918 4440 :
1963 4403 1981 4437 ι
2022 4385 2087 4439 Ει

2201 4379 2329 4454 ἦσαν
2359 4385 2500 4438 κατὰ
2529 4385 2622 4438 τὸν
2670 4386 2914 4454 παρόντα
2957 4388 3092 4459 βίον,
3123 4391 3217 4445 καὶ
3261 4393 3355 4446 ἐπὶ
3383 4394 3483 4464 γῆς
3515 4395 3595 4448 ἔτι
3618 4395 3766 4450 πολι-

515 4472 782 4528 itauriatis
829 4487 1001 4543 aquas
1032 4488 1156 4528 cum
1207 4475 1409 4546 gaudio
1454 4476 1522 4531 de
1584 4476 1829 4534 fontibus
1880 4477 2088 4534 saluta-

2201 4477 2490 4547 τευόμενοι,
2520 4475 2663 4545 ἆγιοί
2699 4495 2756 4531 τε
2788 4480 3086 4551 προφῆται,
3125 4484 3218 4536 καὶ
3257 4485 3563 4550 ἀπόστολοι,
3593 4490 3686 4542 καὶ
3718 4491 3765 4544 oi

516 4565 594 4622 ris
622 4565 690 4618 ⁸⁸.
741 4583 760 4616 ι
2194 4570 2295 4641 τῆς
2317 4569 2542 4622 ἐκείνων
2569 4567 2893 4640 κληρονόμοι
2920 4570 3281 4645 λειτουργίας,
3318 4579 3445 4649 περὶ
3469 4571 3544 4632 ὧν
3573 4580 3767 4652 γέγραο

1789 4694 1822 4736 χ
2196 4679 2326 4715 πται
2354 4679 2367 4693 ο
2405 4680 2422 4712 ι
2447 4661 2556 4715 Καὶ
2584 4662 2884 4733 ἀντλήσατε
2910 4663 3055 4736 ὕδωρ
3075 4669 3190 4738 μετ’
3214 4669 3551 4742 εὐφροσύνης
3567 4675 3631 4728 ἐκ
3658 4675 3765 4728 τῶν

2195 4752 2389 4822 πηγῶν
2413 4751 2507 4804 τοῦ
2537 4752 2834 4823 Σωτηρίου.
2862 4774 2880 4805 t

582 4825 678 4892 ιν,
719 4828 804 4884 15.
840 4827 925 4884 Da
951 4831 1079 4885 mihi
1098 4830 1236 4885 hanc
1256 4846 1472 4902 aquam,
1497 4840 1552 4885 ut
1576 4847 1679 4886 non
1703 4831 1906 4896 sitiam,
1929 4846 2088 4900 neque

2264 4843 2374 4909 Δός
2400 4859 2504 4912 μοι
2531 4843 2707 4897 τοῦτο
2734 4845 2799 4897 τὸ
2828 4843 3004 4913 ὕδωρ,
3034 4845 3238 4917 ἵναμὴ
3275 4847 3451 4919 διψῶ,
3493 4851 3651 4921 μηδέ
3675 4853 3766 4921 ἕρ-

509 4917 716 4970 ueniam
744 4918 844 4972 huc
865 4919 1099 4978 haurire.
1131 4921 1278 4976 Dicit
1305 4923 1354 4976 ei
1379 4920 1559 4979 Iesus.

2201 4951 2384 5004 χωμαι
2438 4931 2651 4987 ἐνθάδε
2707 4934 2973 4989 ἀντλεῖν.
3037 4936 3207 5007 Λέγει
3237 4917 3392 5007 αὐτῇ
3421 4943 3453 4994 ὀ
3495 4917 3760 5006 Ἰησοῦς.

585 5007 745 5078 183
769 5007 1046 5066 Consueta
1083 5028 1279 5069 rursus
1306 5021 1518 5069 tantum
1565 5014 1808 5085 loquitur
1857 5021 1912 5069 et
1941 5013 2083 5069 ima-

2263 5023 2416 5079 Μόνα
2447 5023 2605 5078 πάλιν
2631 5023 2701 5078 τὰ
2733 5025 2935 5096 συνήθη
2971 5026 3065 5079 καὶ
3094 5026 3246 5081 λαλεῖ
3277 5029 3370 5083 καὶ
3410 5030 3762 5098 φαντάζεται,

509 5099 753 5171 ginatur,
793 5099 933 5170 nihil.
962 5109 1143 5157 autem
1179 5117 1368 5158 eorum
1402 5119 1524 5174 quae
1555 5104 1816 5158 dicuntur
1856 5119 2084 5173 prorsus

2201 5117 2406 5186 συνίησι
2457 5117 2513 5170 δὲ
2557 5117 2691 5181 ὅλως
2739 5116 2849 5169 τῶν
2899 5118 3204 5188 λεγομένων
3249 5121 3436 5174 οὐδέν’
3491 5125 3549 5176 ἐν
3589 5122 3646 5176 δέ
3687 5121 3763 5194 τῷ

511 5192 791 5265 intelligit,
823 5191 918 5247 sed
947 5194 1132 5265 exigui
1167 5193 1375 5250 laboris
1409 5195 1773 5251 allevamento
1807 5195 2086 5250 existimat

2201 5209 2405 5281 μικρῶν
2431 5207 2870 5262 ἀπαλλάττεσθαι
2906 5208 3105 5275 πόνων,
3132 5209 3259 5280 ὃλην
3303 5211 3442 5276 ἕξειν
3472 5212 3643 5266 οἴεται
3667 5210 3759 5266 τοῦ

507 5301 570 5341 se
599 5294 768 5341 totam
807 5281 1110 5341 Salvatoris
1133 5284 1517 5341 liberalitatem
1546 5285 1980 5357 complexuram,
2030 5295 2085 5343 et

2201 5303 2437 5374 Σωτῆρος
2478 5300 2575 5371 τὴν
2623 5299 2958 5370 φιλοτιμίαν,
3014 5302 3108 5355 καὶ
3153 5303 3208 5356 ἐν
3253 5303 3330 5373 τῷ
3366 5303 3562 5374 μηκέτι
3603 5304 3760 5374 διψῇν

510 5377 635 5434 sitis
667 5375 1037 5434 exstinctione
1095 5376 1286 5448 gratia
1333 5374 1532 5432 divinae
1561 5378 1786 5432 modum
1841 5376 2082 5432 circum—

2201 5398 2283 5468 τῆς
2343 5394 2438 5449 τοῦ
2477 5393 2611 5448 Θεοῦ
2654 5393 2876 5466 χάριτος
2920 5394 3091 5466 ὁρίζει
3133 5393 3194 5446 τὸ
3238 5393 3456 5465 μέτρον,
3495 5395 3603 5450 οὐδ’
3638 5395 3760 5450 ὅσον

506 5470 737 5536 scribit;
786 5477 1002 5525 tantum
1056 5469 1210 5526 abest
1267 5476 1326 5526 ut
1372 5471 1560 5529 subtili
1613 5470 1945 5545 cogitatione
1994 5488 2082 5532 res

2201 5488 2412 5552 molat;
2440 5485 2622 5557 ψιλαῖς
2651 5485 2914 5558 δεχομένη
2947 5486 3016 5541 τὰ
3054 5486 3420 5558 ύπερκόσμια.

505 5562 986 5631 supramundanas
1022 5563 1224 5634 capiat.

581 5735 627 5769 “
660 5738 761 5792 lsa.
802 5753 900 5803 ut,
931 5741 984 5793 5.
