4090 6266
351 314 449 372 3M

1343 301 1408 356 IN
1453 299 1737 359 .IOANNIS
1764 297 2217 356 EVANGELIUM
2255 296 2382 352 LIB.
2421 295 2484 350 II.

3504 290 3608 345 τιοἱ

426 423 692 490 ’Υπαγ-ε,
738 415 1023 486 ερώνησον
1071 408 1176 464 τόν
1222 411 1410 480 ἄνδρα
1461 426 1612 476 σου,
1658 411 1755 463 καὶ
1793 408 1933 463 ἐλθὲ

2108 405 2199 471 IV,
2234 405 2320 460 16.
2361 404 2525 470 Vade,
2562 417 2687 456 voca
2723 403 3074 476 virumtuum,
3097 409 3146 454 et
3183 401 3294 454 veni
3323 400 3441 454 huc.

353 514 593 570 ἐνθάδε.

425 601 540 660 τΗν
564 603 675 675 ἄρα
702 598 877 662 καλῶς
909 615 968 651 τε
998 597 1093 650 καί⁵
1118 597 1218 649 οὐκ
1249 595 1595 666 ἐψευσμένως
1626 597 1822 658 εἰπεῖν,
1852 593 1935 645 ὅτι

360 697 576 771 θήλειαί
621 693 736 756 πῶς
779 693 884 744 είσι
929 688 1159 754 θηλειῶν
1192 689 1247 742 αί
1297 687 1512 760 φρένες,
1558 687 1654 741 καὶ
1699 685 1936 758 μαλακὸς

364 787 650 860 ὲνῲκισται
677 783 798 845 νοῦς
827 780 1092 848 γυναιξὶν,
1116 779 1411 849 οὐδαμόθεν
1437 779 1576 850 ἔχων
1596 779 1657 832 τὸ
1679 775 1937 831 δύνασθαί

366 897 420 933 τι
452 879 678 932 συνιέναι
717 874 953 944 γοργῶς.
989 871 1378 941 Εὐμαθεστέρα
1423 870 1481 923 δέ
1517 887 1634 932 πως
1662 871 1696 939 ἡ
1729 867 1939 940 ἀνδρῶν

366 973 480 1024 ἐστι
507 969 682 1039 φύσις,
714 967 808 1019 καὶ
837 965 973 1017 πολὺ
1019 963 1156 1032 πρὸς
1202 963 1394 1030 λόγους
1448 961 1771 1031 ὲτοιμοτέρα
1794 1001 1808 1026 ,
1861 959 1941 1011 δι-

364 1059 732 1131 εγηγερμένον
761 1058 841 1120 είς
871 1057 1057 1126 νῆψιν,
1084 1057 1200 1119 καὶ,
1243 1054 1311 1107 ἵν’
1340 1053 1516 1116 οὕτως
1548 1053 1706 1114 είπω,
1738 1050 1941 1120 θερμόν

359 1170 418 1206 τε
443 1153 535 1206 καὶ
563 1147 1028 1220 ἀπηρσενωμένον
1057 1145 1258 1214 ἔχουσα
1283 1145 1376 1198 τὸν
1399 1143 1542 1198 νοῦν.
1575 1144 1673 1196 Διὰ
1711 1141 1939 1209 ταύτην,

358 1239 543 1314 οἶμαι,
589 1239 690 1311 τὴν
742 1239 963 1303 αίτίαν,
1015 1239 1106 1290 τὸν
1167 1236 1334 1307 ἄνδρα
1381 1235 1569 1289 καλεῖν
1615 1233 1692 1304 τῷ
1737 1230 1943 1301 γυναίῳ

360 1330 756 1403 παρεκελεύετο
796 1327 1102 1398 λεληθότως
1147 1326 1406 1396 ἐλέγχων,
1439 1325 1514 1389 ὡς
1558 1322 1943 1394 ἀμαθεστάτην

361 1421 459 1494 μὲν
510 1422 621 1492 ἔχοι
664 1421 765 1493 τὴν
802 1418 1064 1489 καρδίαν,
1123 1419 1236 1480 τοῖς
1285 1417 1340 1469 δὲ
1395 1418 1475 1481 είς
1525 1414 1714 1485 σοφίαν
1765 1413 1944 1481 λόγοις

359 1513 834 1585 ἅμεταχείριστον,
886 1507 1020 1579 ὁμοῦ
1066 1507 1124 1561 δέ
1173 1524 1228 1560 τι
1274 1507 1370 1560 καὶ
1411 1507 1595 1577 ἕτερον
1642 1505 1734 1557 ἐπὶ
1771 1502 1945 1572 τούτῳ

360 1606 649 1669 κάλλιστον
675 1600 995 1669 οἰκονομῶν.

305 1675 310 1680 ’
431 1664 608 1744 Λέγει
647 1670 810 1736 αὐτῷ
845 1664 882 1736 ἡ
921 1668 1076 1739 γυνή
1102 1686 1115 1700 ·
1166 1667 1390 1736 Ἄνδρα
1435 1669 1546 1720 οὐκ
1581 1667 1717 1735 ἔχω.
1773 1664 1944 1733 Λέγει

2107 579 2253 636 Bene
2283 580 2473 650 utique
2508 593 2609 633 nec
2639 576 2783 632 falso
2823 575 2932 631 dici
2969 581 3168 645 potest,
3203 574 3610 643 quodammodo

2039 671 2304 728 femineos
2341 684 2467 725 esse
2499 667 2829 724 feminarum
2861 666 3094 730 animos,
3131 665 3464 736 mollemque
3489 679 3609 736 mn-

2038 764 2270 820 lieribus
2323 763 2507 818 inesse
2564 767 2824 824 mentem,
2874 775 2996 829 quae
3029 759 3181 814 nullo
3230 757 3392 813 modo
3437 757 3612 828 possit

2041 855 2248 927 aliquid
2319 861 2482 910 acute
2537 853 2920 923 sagaciterque
2985 851 3298 920 concipere.
3369 847 3611 903 Docilior

2042 955 2224 1002 autem
2252 954 2337 1000 est
2366 946 2610 999 virorum
2638 956 2856 1006 natura,
2881 952 2937 998 et
2973 940 3041 995 ad
3087 955 3306 996 omnem
3338 940 3608 994 rationem

2043 1038 2322 1100 solertior,
2359 1036 2598 1091 excitata
2638 1035 2705 1089 ad
2745 1033 3180 1104 intelligendum,
3219 1040 3294 1096 et,
3330 1039 3392 1086 ut
3415 1032 3497 1086 ita
3530 1031 3612 1085 di-

2042 1145 2184 1194 cam,
2235 1129 2480 1183 mascula
2539 1134 2724 1183 mente
2772 1126 3018 1196 praedita.
3057 1123 3234 1189 lianc,
3283 1124 3499 1194 opinor,
3528 1125 3612 1177 .ob

2043 1236 2290 1286 causam,
2319 1221 2498 1274 virum
2535 1234 2696 1275 suum
2759 1231 3042 1273 arcessere
3093 1215 3260 1286 jussit
3303 1215 3611 1279 mulierem,

2043 1314 2280 1368 obscure
2312 1311 2714 1384 quodammodo
2744 1325 2864 1366 eam
2893 1316 2955 1364 ut
2985 1308 3175 1365 rudem
3210 1308 3528 1377 increpans,
3560 1313 3614 1361 et

2046 1409 2113 1463 ad
2178 1409 2574 1479 capessendam
2631 1408 2917 1478 sapientiae
2972 1407 3281 1462 doctrinam
3343 1404 3612 1468 hebetem,

2046 1501 2321 1571 simulque
2352 1502 2497 1556 aliud
2528 1499 2786 1571 quiddam
2828 1498 3260 1569 pulcherrimum
3295 1496 3612 1552 instituens.

2118 1675 2209 1738 IV,
2251 1677 2336 1740 I7,
2375 1677 2462 1732 18.
2503 1674 2642 1727 Dicit
2667 1675 2714 1728 ei
2751 1674 2982 1728 mulier:
3019 1672 3210 1726 Virum
3265 1689 3369 1725 non
3425 1672 3616 1726 habeo.

363 1763 524 1832 αὐτῇ
570 1766 618 1819 ό,
665 1760 924 1829 Ἰησοῦς·
955 1758 1170 1826 Καλῶς
1221 1756 1419 1823 εἶπες,
1471 1758 1560 1810 ὅτι
1611 1756 1797 1824 ἄνδρα
1829 1757 1941 1808 οὐκ

2054 1768 2190 1822 Dicit
2223 1769 2272 1822 ei
2303 1766 2500 1822 Iesus:
2529 1767 2664 1822 Bene
2684 1766 2894 1829 dixisti,
2930 1766 3054 1836 quia
3087 1781 3190 1817 non
3222 1764 3387 1818 habeo
3412 1766 3610 1821 virum:

365 1857 487 1924 ἔχω
512 1870 528 1886 ·
587 1853 766 1907 πέντε
806 1851 916 1923 γὰρ
964 1851 1168 1921 ἔσχες,
1212 1851 1310 1904 καὶ
1351 1850 1469 1902 νῦν
1507 1847 1581 1900 ὃν
1619 1846 1800 1916 ἔχεις,
1835 1845 1946 1898 οὐκ

368 1950 500 2002 ἐστι
551 1960 669 2000 σου
721 1944 894 2013 ἀνήρ.
956 1943 1139 1998 Τοῦτο
1191 1941 1414 2018 ὼζηθές
1471 1939 1737 2008 εἴρηκας,
1788 1933 1948 2004 λέγει

367 2036 530 2102 αὐτῷ
565 2039 604 2105 ἡ
641 2034 816 2105 γυνή.

435 2131 550 2184 Καὶ
584 2129 692 2182 τίνι
737 2126 920 2180 λοιπὸν
971 2126 1072 2179 οὐκ
1123 2123 1188 2179 ἂν
1232 2123 1318 2194 εῐη
1361 2119 1690 2188 καταφανὲς,
1741 2117 1817 2181 ὡς
1847 2117 1951 2170 οὐκ

364 2221 549 2290 ἠγνόει
601 2220 704 2290 μὲν
751 2221 780 2272 ό
808 2216 995 2288 Σωτὴρ
1034 2215 1130 2271 τοῦ
1164 2215 1309 2270 κατὰ
1354 2213 1517 2283 νόμον
1565 2208 1952 2280 κατῳκηκότος

365 2313 572 2384 ἔρημον
595 2311 864 2381 ὑπάρχειν
882 2309 1074 2379 αὐτὴν,
1105 2307 1380 2377 πρόφασιν
1402 2304 1459 2357 δὲ
1487 2302 1584 2356 τοῦ
1606 2298 1952 2369 ἁνακαλύψαι

367 2405 435 2457 τὰ
479 2402 850 2473 κεκρυμμένα
886 2400 986 2471 τὴν
1014 2398 1108 2453 τοῦ
1143 2399 1335 2471 ἀνδρὸς
1360 2397 1654 2467 ἐποιήσατο
1683 2393 1952 2465 ζήτησινς

368 2493 476 2551 Ἦν
506 2495 618 2567 γὰρ
647 2493 792 2549 οὓτω
834 2493 988 2565 μόλις
1036 2492 1318 2561 ὠφελῆσαι
1353 2487 1738 2559 θαυμάζουσαν
1771 2485 1953 2541 οὐκέτι

370 2589 555 2642 λοιπὸν
600 2589 676 2650 ὡς
725 2587 820 2640 ἕνα
870 2585 981 2639 τῶν
1037 2582 1159 2638 καθ’
1191 2584 1358 2654 ἡμᾶς,
1403 2580 1517 2635 ἀλλ’
1573 2580 1650 2644 ὼς
1692 2577 1832 2650 ὑπὲρ
1862 2578 1955 2632 ἄν·

373 2679 589 2752 θρωπον
619 2678 720 2747 ήδη
753 2675 841 2730 διὰ
867 2676 961 2730 τοῦ
1005 2673 1324 2745 παραδόξως
1352 2673 1552 2726 εἰδέναι
1594 2669 1664 2724 τὰ
1701 2672 1760 2723 ὲν
1792 2669 1950 2739 αὐτῇ,

375 2769 701 2839 ἀποδέχεται
731 2767 786 2820 δὲ
834 2766 1119 2838 χρησίμως
1154 2764 1322 2836 ἄνδρα
1365 2762 1628 2831 λέγουσαν
1660 2763 1762 2815 οὐκ
1789 2759 1952 2830 ἔχειν,

377 2859 552 2914 καίτοι
580 2859 858 2922 τοσούτοις
892 2856 1365 2928 συνεφθαρμένην.
1404 2855 1478 2907 Οὐ
1506 2856 1615 2924 γὰρ
1646 2852 1863 2916 σύνοδος
1890 2853 1954 2906 ἐκ

381 2950 703 3023 φιληδονίας,
752 2949 864 3002 ἀλλ’
897 2949 1097 3020 ήκατὰ
1130 2948 1295 3018 νόμον
1343 2947 1670 3009 συναίνεσις,
1707 2945 1800 2998 καὶ
1830 2943 1955 2997 σύν-

2049 1861 2274 1931 quinque
2317 1861 2456 1914 enim
2501 1862 2639 1915 uiros
2689 1861 2944 1924 habuisti,
2980 1868 3029 1913 et
3065 1875 3205 1928 nunc
3240 1875 3393 1929 quem
3435 1859 3615 1922 habes,

2049 1968 2152 2005 non
2175 1961 2252 2006 est
2277 1961 2398 2006 tuus
2426 1951 2526 2008 vir.
2567 1951 2684 2006 Hoc
2711 1968 2825 2007 vere
2845 1951 3054 2017 dixisti,
3083 1951 3214 2004 dicit
3242 1952 3290 2005 ei
3318 1951 3525 2004 mulier.

2120 2122 2222 2180 Cui
2251 2140 2382 2180 vero
2409 2140 2519 2180 non
2555 2125 2909 2181 manifestum
2943 2127 3013 2180 sit
3039 2125 3258 2181 demum
3282 2124 3618 2182 Salvatorem

2052 2230 2163 2270 non
2213 2216 2496 2285 ignorasse
2556 2216 2801 2286 legitimo
2853 2231 2974 2270 eam
3008 2216 3210 2271 marito
3259 2230 3468 2282 carere,
3525 2218 3620 2272 sed

2053 2307 2428 2378 percontando
2462 2308 2531 2363 de
2563 2309 2703 2374 viro,
2747 2309 3103 2365 occasionem
3140 2310 3357 2381 cepisse
3403 2311 3620 2366 occulta

2053 2399 2375 2456 revelandi?
2405 2399 2533 2456 Haec
2566 2401 2713 2456 cnim
2738 2382 2871 2455 una.
2893 2402 3039 2456 ratio
3068 2400 3466 2472 propemodum
3505 2412 3622 2457 erat

2055 2492 2202 2550 illius
2233 2495 2510 2564 iuvandae,
2537 2496 2583 2550 si
2618 2509 2730 2550 non
2756 2497 2868 2566 jam
2925 2512 3050 2552 eum
3078 2507 3148 2552 ut
3191 2513 3399 2553 merum
3446 2497 3622 2553 homi-

2054 2599 2200 2649 nem,
2232 2583 2329 2638 sed
2362 2595 2420 2638 ut
2452 2584 2672 2641 homine
2689 2587 3028 2657 superiorem
3075 2587 3462 2652 admiraretur,
3495 2599 3623 2658 puta

2055 2676 2144 2729 cui
2176 2674 2424 2728 inaudito
2464 2675 2629 2730 modo
2687 2692 2786 2732 sua
2843 2693 3047 2732 arcana
3100 2687 3371 2748 paterent;
3419 2681 3624 2734 utiliter

2057 2776 2241 2821 autem
2270 2782 2602 2836 responsum
2634 2770 2757 2838 ejus
2786 2769 2982 2838 probat
3045 2785 3154 2838 quo
3193 2771 3331 2824 dixit
3357 2773 3534 2826 virum
3568 2787 3626 2827 se

2057 2875 2167 2914 non
2201 2859 2423 2924 habere,
2453 2859 2667 2915 tametsi
2701 2875 2731 2914 a
2761 2868 2870 2914 tam
2905 2862 3091 2916 multis
3124 2861 3300 2917 fuerat
3349 2870 3624 2932 corrupta;

2056 2966 2164 3006 non
2181 2952 2326 3005 enim
2344 2952 2515 3020 quies
2540 2951 2818 3020 voluptate
2832 2951 2886 3004 lit
2899 2952 3099 3017 coitus,
3114 2952 3205 3006 sed
3221 2952 3312 3019 qui
3328 2952 3626 3007 secundum

376 3043 568 3113 δεσμος
593 3043 654 3106 ὲξ
685 3041 906 3112 ἀγάπης
930 3040 1178 3111 καθαρᾶς
1201 3040 1291 3093 τὸν
1318 3039 1731 3109 ἀκατηγόρητον
1756 3039 1952 3092 ἀποτε-

2058 3043 2229 3114 legem
2260 3051 2345 3098 est
2373 3057 2705 3106 consensus,
2735 3051 2788 3096 et
2813 3057 2934 3112 qua:
2981 3059 3047 3097 ex
3078 3053 3234 3097 casto
3278 3057 3470 3100 amore
3498 3059 3625 3100 con-

373 3132 526 3186 λοῦσι
549 3133 750 3202 γάμον.

442 3227 640 3293 Κύριε,
674 3222 866 3292 θεωρῶ
893 3222 984 3276 ὅτι
1015 3220 1329 3291 προφήτης
1358 3217 1413 3274 εἴ
1450 3220 1552 3274 σύ.
1866 3257 1868 3260 -

441 3317 615 3382 Μόλις
664 3316 976 3386 ἀναλάμπει
1026 3314 1163 3385 πρὸς
1211 3314 1405 3382 νῆψιν,
1453 3311 1548 3364 καὶ
1599 3308 1760 3363 πάλιν
1803 3303 1957 3358 οὔπω

374 3410 606 3465 τελείαν.
672 3409 965 3479 Προφήτην
1013 3406 1122 3476 γὰρ
1170 3404 1251 3457 ἔτι
1309 3403 1466 3457 καλεῖ
1518 3401 1610 3455 τὸν
1664 3395 1957 3471 προφητῶν

376 3501 652 3572 Δεσπότην
677 3517 689 3528 ·
720 3499 859 3569 πλὴν
882 3498 1120 3568 ἀμείνων
1154 3495 1189 3567 ή
1226 3497 1490 3566 πρότερον
1513 3489 1795 3560 ἀνεδείχθη
1819 3487 1959 3540 κατὰ

380 3593 574 3665 βραχὺ,
609 3593 728 3645 κατ’
756 3590 947 3644 οὐδένα
984 3589 1083 3660 μὲν
1110 3589 1310 3658 τρόπον
1359 3586 1497 3657 πρὸς
1535 3585 1662 3647 τοὺς
1707 3581 1958 3650 ἐλέγχους

382 3685 740 3757 ἁσχάλλουσα,
786 3683 886 3752 τὴν
934 3681 990 3734 δὲ
1040 3680 1147 3735 ἀπὸ
1196 3679 1290 3734 τοῦ
1346 3677 1571 3748 σημείου
1612 3675 1842 3744 δύναμιν
1879 3673 1960 3733 είς

378 3777 642 3847 ὠφέλειαν
677 3775 1024 3846 ἀρπάζουσα,
1056 3774 1152 3827 καὶ
1207 3769 1455 3842 μαλακῆς
1509 3767 1608 3837 μὲν
1649 3765 1821 3828 οὓτως
1863 3764 1958 3814 ὲκ-

375 3867 640 3920 6αίνουσα
672 3864 888 3935 φρενὸς,
925 3862 1162 3933 μετρίως
1193 3878 1257 3928 γε
1295 3859 1400 3930 μὴν
1435 3859 1512 3920 είς
1551 3854 1798 3910 νεανικὸν
1824 3854 1958 3907 ἀνα-

375 3956 636 4010 ϐαίνουσα
683 3954 828 4020 νοῦν,
876 3952 1103 4021 καὶτῆς
1153 3948 1382 4021 καρδίας
1427 3946 1516 3999 τὸν
1567 3942 1841 4014 ὀφθαλμὸν
1881 3941 1962 4003 είς

373 4047 521 4120 ἀήθη
574 4045 916 4118 πραγμάτων
970 4041 1202 4112 θεωρίαν
1256 4038 1588 4092 ἐκτείνουσα.
1651 4035 1767 4103 Ἐφ’
1809 4027 1854 4100 ᾧ
1896 4032 1962 4100 δὴ

378 4140 617 4212 μάλιστα
677 4136 978 4206 θαυμάζειν
1035 4132 1325 4187 ἀκόλουθον
1387 4129 1486 4200 τὴν
1545 4128 1642 4182 τοῦ
1710 4124 1960 4196 Σωτῆρος

376 4228 541 4300 ἡμῶν
589 4225 940 4290 ἀνεξικακίαν
987 4241 1048 4276 τε
1089 4222 1249 4294 ὁμοῦ,
1298 4221 1392 4275 καὶ
1434 4219 1683 4290 δύναμιν,
1735 4214 1962 4276 καὶτὰς

378 4319 742 4382 ἀπαιδεύτους
785 4316 1020 4380 διανοίας
1068 4317 1147 4378 είς
1195 4315 1520 4384 ὰξιάγαστον
1561 4309 1678 4378 ἕξιν
1722 4307 1960 4370 εὐκόλως

381 4409 899 4483 μεταρυθμίζοντος.

457 4505 522 4557 οι
549 4498 804 4568 πατέρες
825 4497 993 4568 ἡμῶν
1012 4499 1082 4554 ἐν
1109 4497 1189 4564 τῷ
1218 4498 1339 4566 ὄρει
1366 4497 1554 4561 τούτῳ
1581 4490 1958 4562 προσεκύνη-

378 4610 531 4650 σαν·
566 4593 665 4647 καὶ
695 4590 864 4662 ὑμεῖς
887 4590 1094 4661 λέγετε
1119 4589 1205 4642 ὅτι
1229 4589 1298 4641 ἐν
1332 4585 1769 4654 Ἰεροσολύμοις
1791 4579 1962 4634 ἐστίν

381 4690 416 4739 ὀ
461 4687 682 4753 τόπος,
735 4683 890 4737 ὅπου
942 4679 1310 4751 προσκυνεῖν
1358 4677 1466 4732 δεῖ.
1513 4676 1681 4746 Λέγει
1725 4671 1879 4742 αὐτῇ
1929 4674 1963 4726 ὁ

395 4775 645 4844 Ἰησοῦς.

452 4867 743 4938 Προφήτην
769 4865 940 4927 ὅντως
967 4863 1257 4933 ὑπάρχειν,
1296 4859 1389 4914 καὶ
1431 4858 1682 4914 Ἰουδαῖον
1714 4854 1958 4926 οίηθεῖσα

380 4959 473 5012 τὸν
524 4958 757 5030 Κύριον,
805 4960 916 5020 τοῖς
966 4955 1282 5024 ἐπιχωρίοις
1331 4951 1477 5005 ἔθεσι
1539 4950 1672 5004 πολύ
1722 4947 1789 5019 δὴ
1837 4946 1959 4999 λίαν

383 5048 774 5119 ἐναϐρύνεται,
829 5048 920 5101 καὶ
968 5049 1066 5119 τῆς
1121 5044 1391 5099 Ἰουδαίων
1449 5041 1704 5118 ὑπονοίας
1766 5038 1958 5109 βεϐου-

379 5116 606 5191 λεῦσθαι
645 5137 714 5188 τὰ
747 5137 976 5206 κρείττω
1006 5116 1128 5200 τοὺς
1163 5116 1511 5207 Σαμαρείτας
1543 5129 1956 5201 διῖσχυρίξεται.

389 5223 638 5286 ἰουδαῖοι
670 5230 770 5300 μὲν
796 5229 901 5299 γὰρ
929 5229 1238 5299 παχυτέρας
1264 5228 1343 5282 ἔτι
1377 5227 1475 5290 τὰς
1511 5227 1637 5297 περὶ
1672 5224 1773 5294 τῆς
1809 5222 1959 5286 θείας

381 5341 440 5379 τε
481 5326 573 5379 καὶ
606 5323 902 5393 ἀσωμάτου
948 5304 1159 5388 φύσεως
1208 5320 1492 5392 διαλήψεις
1535 5317 1852 5388 δεχόμενοι,
1899 5317 1956 5368 ὲν

386 5415 562 5484 μόνοις
610 5418 724 5477 τοῖς
764 5411 1188 5484 Ἱεροσολύμοις,
1242 5413 1365 5482 ἦτοι
1420 5409 1557 5462 Σιὼν
1613 5411 1680 5478 τῇ
1735 5407 1956 5475 γείτονι,

382 5504 578 5576 χρῆναι
626 5503 1044 5574 προσκυνεῖσθαι
1089 5502 1179 5554 τὸν
1223 5501 1313 5553 ἐπὶ
1357 5501 1559 5562 πάντας
1601 5497 1733 5551 Θεὸν
1765 5495 1958 5549 διετεί-

383 5608 552 5655 νοντο,
584 5594 658 5656 ὡς
689 5593 815 5662 ὅλης
852 5593 995 5658 ἅπαξ
1030 5592 1129 5662 τῆς
1162 5592 1396 5663 ἀρρήτου
1447 5590 1539 5642 καὶ
1571 5588 1956 5657 ἀκαταλήπτου

384 5684 596 5754 φύσεως
625 5684 996 5754 καταλυούσης
1039 5685 1235 5745 ἐκεῖσε,
1272 5682 1361 5735 καὶ
1419 5681 1815 5752 χειροποιήτοις
1867 5681 1957 5730 ὲν-

2054 3137 2272 3208 junctio
2299 3137 2539 3195 exsistit,
2576 3135 2889 3204 inculpatas
2923 3135 3146 3204 nuptias
3174 3135 3434 3190 efﬁciunt.

2127 3226 2218 3290 IV,
2251 3227 2338 3281 l9.
2382 3227 2626 3291 Domine,
2661 3226 2808 3279 video
2835 3228 2961 3296 quia
2984 3227 3231 3294 propheta
3251 3243 3304 3281 es
3328 3237 3403 3282 tu.

2127 3317 2371 3374 Tandem
2408 3320 2475 3374 ad
2507 3319 2877 3389 cognitionem
2935 3319 3158 3384 emicat,
3193 3318 3289 3373 sed
3320 3333 3440 3373 eam
3495 3333 3622 3374 non-

2058 3412 2188 3466 dum
2227 3410 2542 3482 perfectam.
2579 3409 2909 3481 PrOphetam
2941 3408 3143 3464 etenim
3186 3408 3369 3464 adhuc
3398 3411 3628 3480 appellat

2059 3502 2454 3572 prophetarum
2483 3499 2808 3555 Dominum:
2835 3501 3028 3555 melior
3051 3508 3232 3554 tamen
3264 3500 3467 3554 sensim
3492 3499 3632 3554 iacta

2059 3599 2143 3647 est
2178 3605 2340 3661 quam
2371 3591 2548 3660 prius‘,
2573 3589 2728 3643 nullo
2747 3588 2964 3658 quidem
2990 3588 3153 3642 ulodo
3175 3587 3630 3657 reprehensiones

2058 3698 2202 3754 aegre
2231 3681 2435 3744 ferens,
2468 3680 2562 3735 sed
2594 3679 2844 3734 miraculi
2879 3680 2986 3733 vim
3017 3679 3225 3733 utiliter
3254 3679 3549 3748 arripiens,
3580 3688 3630 3734 et

2061 3788 2184 3828 cum
2224 3772 2326 3826 hac
2354 3771 2569 3824 ratione
2615 3769 2832 3822 mollem
2868 3769 3112 3823 animum
3160 3769 3428 3832 excutiat,
3479 3769 3636 3824 tardo

2061 3863 2421 3919 nihilominus
2454 3859 2616 3933 184
2642 3859 2708 3914 ad
2755 3861 3014 3916 virtutem
3041 3853 3324 3927 "ascendit,
3357 3872 3410 3917 et
3447 3861 3634 3918 cordis

2059 3959 2279 4013 oculum
2312 3955 2376 4011 ad
2403 3955 2729 4010 inusitatum
2761 3969 2944 4008 rerum
2970 3956 3348 4024 spectaculum
3373 3955 3629 4011 intendit.

2061 4048 2118 4102 In
2157 4062 2266 4117 quo
2303 4045 2493 4100 mirari
2532 4045 2722 4114 utique
2765 4044 2924 4098 decet
2962 4043 3264 4100 Salvatoris
3296 4045 3473 4100 nostri
3519 4046 3631 4101 cle-

2060 4139 2317 4194 mentiam
2350 4136 2513 4191 simul
2557 4144 2611 4190 et
2643 4136 2922 4196 virtutem,
2959 4133 3052 4202 qui
3113 4134 3279 4189 rudes
3312 4139 3527 4190 animos
3575 4138 3632 4190 in

2060 4230 2433 4286 admirabilem
2477 4236 2680 4284 statum
2710 4225 2869 4280 facile
2894 4223 3270 4282 transformat.

2132 4494 2226 4560 IV,
2249 4493 2340 4550 20.
2373 4491 2564 4546 Patres
2603 4490 2774 4544 nostri
2812 4489 2865 4542 in
2900 4495 3076 4542 monte
3120 4487 3218 4542 hoc
3254 4487 3629 4558 adornarunt,

2063 4597 2112 4641 et
2160 4602 2248 4641 vos
2292 4584 2509 4647 dicitis,
2565 4583 2690 4652 quia
2739 4579 3128 4651 Hierosolymis
3191 4588 3271 4635 est
3320 4580 3500 4651 locus,
3546 4587 3634 4642 ubi

2064 4680 2289 4736 adorare
2313 4685 2533 4746 oportet.
2560 4675 2703 4728 Dicit
2735 4673 2784 4728 ei
2821 4671 2999 4729 Iesus.

2132 4854 2270 4909 Cum
2312 4851 2602 4905 Dominum
2643 4865 2834 4905 revera
2863 4849 3190 4919 prophetam
3223 4865 3367 4915 esse,
3397 4865 3637 4924 eumque

2061 4939 2316 4996 Judaeum
2355 4937 2652 5003 existimet,
2684 4937 2879 5005 patriis
2912 4937 3110 4994 ritibus
3137 4938 3338 4994 mirum
3369 4952 3636 5013 quantum

2065 5033 2352 5106 gloriatur,
2401 5038 2456 5085 et
2521 5028 2900 5086 Samaritanos
2950 5033 3151 5086 asserit
3204 5033 3368 5105 longe
3423 5039 3635 5105 potiora

2067 5126 2328 5182 statuisse
2352 5137 2516 5193 quam
2556 5120 2801 5178 Iudaeos.
2832 5121 3006 5178 Judaei
3039 5125 3243 5195 quippe
3271 5128 3635 5181 crassioribus

2065 5216 2133 5271 de
2158 5215 2340 5269 divina
2375 5214 2732 5282 corporisque
2785 5222 3006 5282 experte
3059 5225 3256 5270 natura
3287 5216 3634 5279 opinionibus

2062 5309 2260 5364 imbuti
2294 5305 2689 5374 Hierosolymis
2719 5304 3008 5366 duntaxat,
3045 5314 3139 5358 aut
3198 5308 3254 5360 in
3290 5305 3467 5356 vicina
3501 5305 3631 5358 Sion

2063 5399 2404 5456 adorandum
2451 5413 2575 5451 esse
2631 5411 2953 5465 supremum
2997 5397 3236 5450 universi
3275 5395 3446 5447 Deum
3499 5407 3635 5447 con-

2064 5493 2378 5568 tendebant,
2402 5489 2564 5560 quasi
2599 5497 2711 5541 tota
2748 5503 2975 5556 prorsus
3004 5487 3076 5540 ibi
3111 5485 3405 5539 inelfabilis
3451 5491 3504 5536 et
3552 5485 3635 5537 in-

2067 5583 2576 5655 comprehensibilis
2613 5587 2810 5634 natura
2855 5579 3148 5639 habitaret,
3185 5585 3239 5631 et
3300 5573 3636 5630 manulactis

2067 5679 2283 5746 templis
2343 5675 2553 5730 inclusa
2595 5671 2754 5725 foret.
2821 5669 3188 5736 Quamobrem
3249 5683 3384 5725 voco
3419 5655 3635 5734 quoque
