4090 6266
476 305 580 360 305

1460 305 1516 361 S.
1541 305 1816 363 CYRILLI
1853 301 2319 370 ALEXANDRINI
2347 315 2665 374 ARCHIEP.

3605 318 3710 374 3οι

477 417 862 488 prophetarum
883 416 1096 491 supinae
1116 417 1216 472 hac
1242 418 1294 472 in
1319 432 1377 473 re
1401 419 1632 476 inscitiae
1652 423 2027 493 arguebantur

2146 429 2597 501 αποκλεισθείσης
2631 429 2794 494 ναοῖς.
2831 429 2922 483 Διὸ
2949 429 3033 502 δὴ,
3063 429 3157 484 καὶ
3181 429 3301 484 λίαν
3326 430 3711 496 ἀσυνετοῦντες

475 509 688 566 (licente
716 509 864 565 Deo:
897 527 914 560 ι
953 509 1166 564 Caelum
1202 510 1432 565 thronus
1463 527 1637 578 meus,
1677 523 1818 567 terra
1859 522 2038 569 autem

473 602 774 658 scabellum
803 601 999 671 pedum
1055 617 1325 657 meorum.
1361 602 1586 668 Qualem
1617 603 1837 658 domum
1871 605 2039 659 aediﬁ-

472 693 669 747 cabitis
704 692 858 754 mihi,
887 692 1021 746 dicit
1043 691 1349 747 Dominus?
1383 694 1464 748 vel
1488 695 1614 763 quis
1644 695 1799 751 locus
1829 697 2040 766 requie-

471 783 544 838 tis
575 797 705 837 meae
724 781 813 836 ⁸⁸⁸1
866 801 886 834 ι
929 780 1258 837 Samaritani
1287 799 1418 838 vero
1459 799 1672 848 rursus,
1698 786 1776 839 uti
1811 788 1934 841 loco
1986 797 2040 843 et

469 872 716 942 regione,
750 872 830 927 sic
855 873 1022 947 etiam
1053 873 1274 928 inscitia
1301 881 1356 928 et
1385 874 1660 943 imperitia
1681 875 1884 932 Judmis
1919 877 2037 932 ﬁni-

469 964 610 1028 timi,
653 963 709 1017 in
751 970 956 1028 monte,
1020 964 1114 1034 qui
1176 963 1400 1018 Garizin
1437 965 1744 1030 dicebatur,
1799 981 1923 1022 cum
1983 975 2038 1023 et

466 1054 736 1107 orandum
782 1062 837 1109 et
892 1053 1228 1108 adorandum
1285 1063 1562 1124 putarent,
1614 1058 1813 1112 merito
1859 1059 2032 1114 risum

465 1159 574 1198 non
601 1143 891 1214 eﬂugiunt.
923 1143 986 1197 Ei
1018 1151 1199 1199 autem
1233 1145 1484 1199 stultitiae
1516 1147 1862 1202 occasionem
1900 1164 2037 1218 pra:-

462 1235 583 1289 buit
614 1236 701 1289 illa
732 1236 1064 1299 benedictio,
1095 1250 1257 1306 quam
1282 1236 1338 1289 in
1370 1245 1557 1292 monte
1586 1236 1811 1293 Garizin
1834 1239 2034 1295 iactam

459 1329 515 1381 in
550 1326 977 1382 Deuteronomio
1023 1327 1277 1398 legimus.
1326 1327 1480 1384 Hanc
1523 1332 1721 1386 mulier
1759 1331 2035 1388 Salvatori

458 1417 814 1489 quaestionem
853 1432 955 1472 ceu
989 1432 1239 1488 magnam
1270 1418 1560 1488 quamdam
1584 1429 1637 1474 et
1664 1421 2032 1478 diﬂicillimam

459 1510 827 1579 ohjectionem
865 1509 1149 1580 proponit,
1182 1509 1406 1566 dicens:
1449 1530 1466 1562 ι
1525 1509 1719 1568 Patres
1747 1514 1921 1570 nostri
1977 1515 2032 1569 in

459 1610 644 1657 monte
685 1601 787 1658 hoc
818 1601 1210 1668 adoravernnt,
1252 1620 1269 1652 ι
1307 1609 1414 1658 etc.

527 1882 616 1948 IV,
644 1882 733 1936 2L
764 1883 930 1938 Crede
951 1883 1101 1965 mihi,
1135 1885 1343 1948 mulier,
1376 1885 1502 1953 quia
1528 1886 1661 1939 venit
1689 1886 1839 1952 hora,
1862 1905 2028 1958 quan-

454 1979 522 2029 do
556 1990 717 2045 neque
753 1975 808 2028 in
835 1973 1222 2045 Hierosolymis
1245 2016 1259 2042 ,
1291 1992 1453 2045 neque
1484 1977 1539 2030 in
1567 1988 1742 2033 monte
1776 1979 1870 2034 hoc
1894 1981 2028 2036 ado-

456 2066 649 2120 rabitis
684 2065 925 2120 Patrem.

510 2150 778 2207 Omnium
807 2153 1081 2210 inscitiam
1111 2154 1276 2210 simul
1320 2157 1674 2226 condemnat,
1709 2175 1835 2215 cum
1893 2162 2024 2217 ado-

454 2242 611 2297 randi
656 2243 900 2309 modum,
937 2245 1030 2314 qui
1061 2246 1208 2314 apud
1253 2255 1520 2318 utrosque
1556 2249 1895 2315 obtinuerat,
1959 2253 2027 2308 ad

454 2334 722 2391 veriorem
759 2336 1086 2393 translatum
1121 2338 1191 2391 iri
1241 2338 1341 2392 ait.
1400 2338 1522 2395 Non
1577 2343 1722 2396 enim
1754 2353 2026 2413 quaeretur

452 2427 691 2497 amplius
716 2415 892 2493 locus,
935 2429 1136 2499 inquit,
1173 2429 1228 2484 in
1261 2445 1372 2501 quo
1415 2433 1639 2502 proprie
1667 2433 1839 2490 Deum
1867 2437 2026 2493 habi-

451 2526 570 2570 tare
621 2516 958 2581 existiment,
993 2517 1088 2572 sed
1138 2527 1198 2574 ut
1235 2521 1332 2590 qui
1387 2521 1642 2579 universa
1694 2524 1916 2595 impleat
1971 2535 2025 2583 et

451 2605 738 2662 continere
766 2607 944 2662 valeat
979 2606 1293 2677 Dominum,
1335 2610 1493 2682 185
1519 2613 1828 2672 adorabunt
1852 2633 2024 2675 unus-
2074 2665 2076 2667 μ

451 2697 684 2766 quisque
733 2697 801 2752 de
857 2698 978 2754 loco
1031 2715 1152 2765 suo,
1211 2701 1357 2757 sicut
1416 2702 1638 2773 quidam
1704 2715 2021 2766 sanctorum

451 2788 842 2857 prophetarum
877 2789 976 2842 ait.
1012 2788 1212 2844 Horam
1255 2800 1439 2848 autem
1474 2802 1527 2848 et
1555 2802 1774 2866 tempus
1810 2797 2024 2868 ejusce—

450 2876 599 2931 modi
632 2877 834 2934 rituum
892 2879 1335 2951 abrogandorum
1400 2899 1559 2940 suum
1596 2884 1652 2939 in
1689 2886 1835 2943 hunc
1867 2904 2026 2944 mun-

449 2968 578 3022 dum
606 2984 732 3024 cum
767 2983 997 3039 corpore
1057 2970 1350 3027 adventum
1411 2975 1505 3030 ait.
1537 2975 1782 3032 Observa
1843 2989 2022 3036 autem

449 3074 558 3128 quo
607 3068 768 3130 pacto
824 3060 1060 3131 eleganti
1120 3078 1352 3132 prorsus
1410 3065 1624 3122 ratione
1683 3068 2022 3126 mulierculae

447 3155 686 3204 mentem
732 3149 801 3204 ad
855 3150 1278 3222 intelligentiam
1332 3153 1452 3208 Filii
1506 3155 1764 3223 deducat,
1801 3157 2013 3216 Patrem

450 3236 615 3292 Deum
655 3237 1227 3309 vocando:quomodo
1260 3242 1426 3306 enim,
1461 3259 1663 3314 quaeso,
1691 3246 2022 3320 intelligere-

447 3335 538 3382 tur
570 3326 750 3394 Patcr,
783 3343 893 3384 non
917 3331 1215 3387 exsistente
1239 3330 1378 3389 Filio
1403 3333 1425 3386 ?

1097 3443 1254 3500 CAP.
1292 3444 1356 3498 V.

447 3531 601 3609 Quod
635 3531 812 3586 Filius
845 3535 1043 3609 ngn'sit
1071 3536 1209 3609 inter
1233 3536 1514 3609 adorantes
1548 3551 1805 3609 quatenus
1886 3542 2018 3597 Ver-

517 3601 639 3653 bum
662 3611 740 3655 est
777 3617 839 3655 ac
877 3602 1038 3667 Deus,
1071 3604 1160 3656 sed
1195 3621 1314 3658 cum
1344 3606 1504 3662 Patre
1532 3601 1706 3676 potius
1751 3611 2018 3670 adoretur.

517 3772 608 3839 ιν,
639 3773 730 3828 23.
779 3775 878 3829 Vos
912 3775 1150 3831 adoratis
1171 3778 1307 3847 quod
1338 3781 1581 3837 nescitis:
1611 3801 1703 3839 nos
1737 3787 2020 3846 adoramus
2080 3823 2087 3829 -

444 3867 582 3940 quod
614 3868 832 3932 scimus,
865 3867 988 3936 quia
1011 3868 1158 3923 salus
1182 3885 1246 3924 ea:
1268 3868 1474 3926 Judais
1500 3883 1599 3930 est.

515 4042 784 4114 Loquitur
811 4042 991 4099 denuo
1016 4051 1074 4097 ut
1100 4042 1324 4100 Judaeus
1371 4055 1426 4101 et
1473 4048 1659 4115 homo,
1710 4053 1789 4107 rei
1827 4055 2018 4111 ordine

446 4137 590 4191 hunc
615 4135 776 4192 etiam
808 4125 1064 4207 loquendi
1100 4137 1321 4192 modum
1355 4141 1692 4210 postulante;
1745 4159 1847 4201 nec
1872 4148 2016 4203 enim

443 4229 695 4286 Christus
755 4244 786 4284 a
841 4229 1043 4286 decoro
1103 4237 1156 4285 et
1217 4234 1624 4301 opportunitate
1661 4236 2016 4296 aberraverit.

443 4320 658 4378 Tribuit
703 4331 884 4378 autem
934 4323 1057 4394 plus
1091 4323 1296 4394 aliquid
1337 4325 1671 4396 cognitionis
1702 4326 2015 4386 Judmorum

2141 520 2233 573 ἐπὶ
2261 520 2432 593 τούτῳ
2465 521 2552 574 διὰ
2595 523 2692 593 τῆς
2719 522 2825 575 τῶν
2854 519 3147 593 προφητῶν
3185 519 3476 590 ἠλέγχοντο
3503 521 3710 592 φωνῆς,

2139 610 2234 664 τοῦ
2261 611 2394 664 Θεοῦ
2421 613 2667 682 λέγοντος
2692 630 2707 645 ·
2762 632 2780 666 ι
2804 614 2860 667 '0
2882 614 3106 684 οὐρανός
3137 629 3225 682 μοι
3257 610 3464 681 θρόνος,
3494 613 3527 681 ἢ
3553 612 3610 665 δὲ
3635 613 3710 681 γῆ

2141 701 2425 755 ὑποπόδιον
2454 703 2560 755 τῶν
2593 703 2770 757 ποδῶν
2814 721 2936 774 μου.
2967 704 3124 755 Ποῖον
3156 697 3301 755 οἷκον
3327 701 3710 772 οἰκοδομήσετέ

2142 808 2252 860 μοι,
2305 793 2451 860 λέγει
2494 794 2718 866 Κύριος,
2758 795 2792 865 ἢ
2831 795 2916 857 τίς
2951 793 3115 857 τόπος
3156 793 3256 863 τῆς
3308 792 3708 856 καταπαύσεώς

2143 899 2243 952 μου
2271 901 2287 950 ;
2317 902 2335 934 ι
2356 885 2690 954 Σαμαρεῖται
2713 885 2769 938 δὲ
2797 885 2977 949 πάλιν,
3009 883 3070 936 οὐ
3107 883 3296 953 πόρρω
3323 882 3421 952 τῆς
3444 880 3709 934 Ἰουδαίων

2138 973 2376 1042 ἀμαθίας
2410 977 2675 1042 κείμενοι,
2710 976 2892 1047 χώραν
2935 993 2994 1028 τε
3038 973 3171 1046 ὁμοῦ
3216 974 3312 1028 καὶ
3351 973 3710 1026 ἀπαιδευσίαν

2135 1065 2334 1136 ὅμορον
2379 1065 2626 1136 ἔχοντες,
2674 1067 2732 1119 ὲν
2779 1066 2896 1137 ὄρει
2942 1065 3020 1136 τῷ
3053 1063 3305 1135 Γαρίζειν
3336 1060 3479 1115 οὕτω
3508 1061 3704 1114 καλου-

2139 1155 2305 1226 μένῳ,
2339 1157 2431 1210 καὶ
2471 1156 2864 1227 προσεύχεσθαι
2913 1156 3041 1219 δεῖν,
3093 1156 3188 1209 καὶ
3233 1158 3557 1226 προσκυνεῖν
3596 1154 3705 1208 οἰό-

2139 1264 2309 1317 μενοι,
2332 1247 2394 1300 τὺ
2413 1248 2673 1316 γελᾶσθαι
2699 1247 2919 1309 δικαίως
2953 1247 3012 1300 οὐ
3037 1246 3408 1315 διαφεύγουσι.
3432 1246 3625 1314 Γέγονε
3649 1246 3705 1298 δὲ

2135 1337 2228 1388 καὶ
2256 1336 2424 1406 αὐτῆς
2456 1337 2555 1407 τῆς
2595 1335 2779 1399 ἀνοίας
2816 1337 2850 1406 ἡ
2879 1335 3175 1406 πρόφασις,
3219 1334 3282 1387 τὸ
3326 1333 3570 1388 δεδόσθαι
3606 1334 3706 1405 τὴν

2135 1426 2382 1495 εὐλογίαν
2403 1429 2460 1480 ἐν
2483 1427 2598 1498 ὄρει
2616 1427 2886 1498 Γαρίζειν,
2903 1425 3084 1488 καθὼς
3115 1427 3173 1478 ὲν
3198 1424 3276 1496 τῷ
3302 1423 3706 1494 Δευτερονομίῳ

2133 1513 2517 1588 γεγραμμένον
2547 1518 2891 1588 εὑρίσκομεν.
2923 1515 3139 1586 Ταύτην
3167 1516 3201 1586 ἡ
3233 1514 3370 1586 γυνὴ
3394 1513 3472 1585 τῷ
3491 1513 3704 1583 Σωτῆρι

2131 1609 2230 1678 τὴν
2263 1608 2506 1678 ζήτησιν,
2557 1607 2632 1672 ῶς
2663 1626 2715 1662 τι
2757 1607 2898 1677 μέγα
2961 1607 3055 1660 καὶ
3088 1605 3535 1674 δυσκατάληπτον
3571 1605 3704 1677 πρό-

2135 1698 2320 1770 ϐλημα
2341 1701 2659 1769 προΐσχεται
2681 1698 2912 1768 λέγουσα
2935 1714 2950 1730 ·
2987 1718 3005 1750 ι
3025 1699 3086 1752 Oi
3109 1697 3344 1768 πατέρες
3367 1696 3524 1768 ἡμῶν
3545 1697 3603 1750 ὲν
3625 1695 3703 1766 τῷ

2061 1773 2104 1833 Β
2133 1789 2246 1860 ὄρει
2275 1789 2449 1860 τούτῳ
2481 1789 2913 1861 προσεκύνησαν,
2946 1808 2965 1840 ι
3002 1789 3096 1842 καὶ
3123 1788 3193 1842 τά
3220 1789 3368 1858 ἑξῆς.

2199 1881 2456 1936 Πίστευέ
2483 1900 2606 1952 μοι,
2637 1883 2833 1951 γύναι,
2865 1881 2956 1934 ὅτι
2983 1881 3217 1949 ἔρχεται
3248 1879 3389 1949 ὥρα,
3432 1881 3532 1936 ὅτε
3563 1882 3704 1937 οὔτε

2126 1972 2196 2025 ἐν
2239 1974 2665 2043 Ἰεροσολύμοις
2687 2013 2702 2037 ,
2748 1972 2885 2026 οὔτε
2932 1971 3001 2025 ἐν
3025 1971 3106 2037 τῷ
3150 1970 3270 2039 ὄρει
3307 1971 3495 2038 τούτῳ
3519 1987 3702 2041 προσ-

2127 2065 2430 2133 κυνήσετε
2457 2065 2537 2132 τῷ
2562 2065 2767 2133 Πατρι.

2222 2159 2417 2230 Ὁμοῦ-
2449 2161 2547 2230 τῆς
2609 2159 2864 2213 ἀπάντων
2923 2155 3162 2226 ἀμαθίας
3233 2154 3697 2226 καταψηφίζεται,

2130 2248 2593 2321 μετατεθήσεσθαι
2629 2247 2802 2315 λέγων
2833 2245 2926 2299 ἐπὶ
2948 2246 3010 2300 τὸ
3042 2244 3406 2316 ἀληθέστερον
3438 2245 3538 2316 τῆς
3569 2246 3699 2316 παρ’

2125 2341 2326 2411 ἀμφοῖν
2350 2339 2603 2410 λατρείας
2636 2337 2696 2390 τὸ
2719 2337 2924 2407 σχῆμα.
2967 2336 3043 2390 Οὺ
3074 2335 3184 2408 γὰρ
3209 2335 3309 2399 ἔτι,
3338 2335 3493 2406 φησι,
3529 2335 3698 2407 ζητη-

2126 2433 2349 2504 θήσεται
2395 2433 2576 2496 τόπος,
2612 2433 2670 2485 ὲν
2696 2424 2740 2498 ᾧ
2779 2431 2845 2500 δὴ
2887 2430 3093 2500 κυρίως
3122 2429 3396 2499 οἰήσονται
3426 2430 3698 2481 κατοικεῖν

2123 2524 2215 2578 τὸν
2239 2523 2391 2586 Θεὸν,
2439 2521 2555 2576 ἀλλ’
2579 2522 2654 2585 ὼς
2677 2519 2748 2574 τὰ
2779 2520 2956 2574 πάντα
2995 2517 3292 2590 πληροῦντι
3329 2519 3424 2572 καὶ
3457 2519 3705 2589 συνέχειν

2128 2614 2364 2686 ἰσχύοντι
2395 2613 2832 2685 προσκυνήσουσι
2880 2611 2959 2682 τῷ
3000 2609 3211 2681 Κυρίῳ,
3259 2609 3485 2672 ἕκαστος
3511 2610 3575 2662 ὲκ
3603 2608 3698 2663 τοῦ

2124 2706 2289 2759 τόπου
2321 2703 2505 2769 αὐτοῦ,
2551 2704 2804 2775 καθάπερ
2830 2705 2916 2766 τίς
2960 2719 3093 2771 φησι
3125 2701 3234 2754 τῶν
3268 2701 3438 2768 ἁγίων
3481 2717 3695 2771 προφη·

2123 2797 2249 2852 τῶν.
2285 2797 2454 2866 Ὥραν
2501 2796 2558 2850 δὲ
2605 2795 2701 2849 καὶ
2749 2794 2940 2866 καιρὸν
2981 2793 3082 2864 τῆς
3123 2792 3231 2846 τῶν
3263 2792 3517 2846 τοιούτων
3559 2791 3697 2845 ἐθῶν

2127 2889 2532 2958 μεταστάσεως,
2581 2886 2680 2956 τὴν
2710 2884 2901 2939 ἑαυτοῦ
2939 2884 3076 2956 μετὰ
3114 2883 3364 2954 σώματος
3405 2882 3696 2953 ἐπιδημίαν

2123 2980 2180 3032 ἐν
2205 2979 2393 3049 κόσμῳ
2423 2977 2607 3049 φησιν.
2665 2977 2943 3048 Ἐπιτήρει
2974 2975 3031 3029 δὲ
3072 2976 3221 3039 ὅπως
3254 2973 3574 3046 ἀστειοτάτῃ
3600 2974 3695 3027 τοῦ

2124 3069 2278 3137 λόγου
2330 3071 2674 3139 χρησάμενος
2727 3069 2914 3138 ἀγωγῇ
2973 3067 3110 3138 πρὸς
3162 3067 3370 3132 ἐννοίας
3413 3065 3512 3130 τὰς
3567 3067 3695 3137 περὶ
3780 3074 3794 3084 ⁹

2123 3161 2252 3214 Υἰοῦ
2300 3161 2524 3232 ποδηγεῖ
2567 3159 2660 3214 τοῦ
2694 3158 2914 3228 γυναίου
2956 3157 3047 3211 τὸν
3090 3157 3235 3222 νοῦν,
3267 3157 3487 3229 Πατέρα
3515 3157 3694 3212 καλῶν

2121 3253 2212 3306 τὸν
2237 3252 2368 3306 Θεόν
2396 3268 2409 3283 ο
2455 3251 2572 3315 πῶς
2603 3250 2711 3323 γὰρ
2737 3250 2802 3303 ἂν
2835 3248 2971 3313 ὅλως
2999 3251 3170 3304 νοοῖτο
3195 3249 3386 3320 Πατὴρ
3411 3249 3510 3304 οὐκ
3543 3248 3694 3314 ὄντος

2123 3343 2251 3397 Υίοῦ
2268 3361 2287 3408 ,'

2712 3453 2966 3508 ΚΕΦΑΛ.
3008 3453 3083 3507 E'.

2125 3547 2253 3599 Ὅτι
2281 3545 2392 3599 οὐκ
2422 3544 2491 3596 ἐν
2525 3542 3154 3615 ξτοῒςλπροσκυνοῦσιν
3195 3542 3439 3615 ἐστιν·Αρ
3485 3543 3618 3615 1’:qu-
3651 3537 3692 3615 ᾖ

2193 3615 2381 3683 Λόγος
2408 3613 2540 3667 ἐστὶ
2584 3611 2682 3667 καὶ
2710 3613 2874 3678 Θεὸς,
2915 3612 3339 3682 προσκυνεῖται
3367 3611 3436 3666 δὲ
3449 3611 3692 3683 μᾶλλοῦ

2189 3683 2336 3753 μετὰ
2373 3683 2622 3751 Πατρός.

2205 3773 2399 3844 Ὑμεῖς
2438 3771 2830 3844 προσκυνεῖτε
2851 3769 2881 3825 ὃ
2902 3772 3012 3826 οὐκ
3047 3769 3266 3839 οἴδατε,
3302 3771 3472 3843 ἡμεῖς
3501 3790 3691 3844 προσ-

2123 3864 2456 3933 κυνοῦμεν,
2503 3863 2534 3917 ὃ
2588 3863 2852 3932 οἴδαμεν,
2925 3862 3014 3914 ὅτι
3063 3862 3100 3930 ἠ
3151 3865 3412 3933 σωτηρία
3455 3865 3526 3920 ἐκ
3573 3864 3691 3920 τῶν

2135 3957 2435 4014 Ἰουδαίων
2457 3957 2648 4010 ἐστίν.

2191 4051 2356 4105 Λαλεῖ
2381 4049 2477 4121 μὲν
2501 4047 2661 4101 πάλιν
2683 4047 2757 4110 ὡς
2789 4046 3036 4109 Ἰουδαῖος
3058 4045 3152 4098 καὶ
3175 4043 3480 4117 ἄνθρωπος,
3503 4045 3689 4102 τοῦτον

2121 4140 2214 4194 καὶ
2243 4139 2338 4193 νῦν
2367 4135 2702 4206 ἀπαιτούσης
2742 4133 2832 4187 τὸν
2862 4133 3060 4205 τρόπον
3101 4133 3200 4204 τῆς
3245 4133 3338 4186 τοῦ
3368 4135 3688 4206 πράγματος

2119 4229 2428 4301 οίκονομίας
2457 4245 2470 4259 ·
2521 4226 2644 4280 οὐδὲ
2683 4224 2791 4296 γὰρ
2829 4221 2895 4277 ἂν
2926 4222 3118 4294 καιροῦ
3160 4239 3218 4275 τε
3251 4223 3347 4279 καὶ
3386 4224 3688 4294 πρέποντος

2119 4321 2406 4391 ἀπεσφάλη
2453 4317 2704 4390 Χριστός.
2759 4313 3042 4384 Ἀπονέμει
3081 4313 3138 4368 δέ
3169 4331 3221 4367 τι
3266 4314 3360 4367 καὶ
3403 4315 3566 4368 πλέον
3609 4317 3687 4379 εἰς

442 4416 634 4470 cultui.
662 4414 990 4470 Samaritani
1025 4415 1293 4486 siquidem
1328 4417 1566 4488 simplici
1603 4426 1658 4474 et
1707 4420 2015 4479 inconsulta

2127 4412 2332 4467 σύνεσιν
2373 4413 2493 4474 ταῖς
2545 4406 2811 4462 Ἰουδαίων
2854 4405 3156 4477 λατρείαις.
3207 4405 3539 4475 Σαμαρεῖται
3590 4405 3686 4476 μὲν

443 4508 654 4562 ratione
678 4504 846 4560 Deum
895 4506 1147 4572 adorant;
1200 4505 1370 4561 Judaei
1402 4521 1532 4562 vero
1585 4524 1681 4578 per
1735 4511 1904 4582 legem
1963 4521 2017 4569 et

2127 4503 2336 4574 γὰρ,ὡς
2366 4505 2423 4556 ὲν
2455 4499 2611 4570 ἁπλῷ
2628 4516 2686 4552 τε
2721 4498 2811 4552 καὶ
2839 4496 3094 4566 ἀζητήτῳ
3125 4495 3288 4566 λόγῳ,
3324 4497 3685 4567 προσκυνοῦσι

440 4599 735 4668 pr0phetas
782 4596 896 4651 veri
933 4595 1028 4650 Dei
1070 4597 1387 4667 cognitione
1429 4607 1695 4669 quantum
1731 4601 1784 4654 in
1829 4617 1887 4656 se
1936 4611 2021 4657 est

2127 4594 2206 4648 τὸν
2234 4594 2365 4647 Θεόν
2386 4609 2402 4626 ο
2433 4592 2674 4646 Ἰουδαῖοι
2705 4589 2783 4651 δὲ,
2816 4589 2904 4642 διὰ
2931 4587 3096 4658 νόμου
3128 4587 3221 4640 καὶ
3246 4588 3560 4658 προφητῶν,
3589 4588 3685 4658 τὴν

441 4696 680 4758 accepta.
702 4686 936 4757 Ideoque
957 4686 1172 4741 nescire
1187 4687 1560 4744 Samaritanos
1573 4689 1667 4755 ait,
1692 4690 1784 4745 sed
1795 4688 1830 4744 J
1838 4690 2016 4747 udmos

2127 4685 2206 4738 τοῦ
2233 4685 2382 4748 ὄντος
2414 4683 2612 4752 γνῶσιν
2659 4682 2798 4736 κατά
2838 4681 2899 4734 τὸ
2929 4678 3200 4750 ἐγχωροῦν
3241 4678 3536 4749 δεχόμενοι.
3589 4681 3686 4734 Διά

441 4776 582 4831 scire
619 4775 1042 4846 quodammodo,
1074 4793 1142 4832 ex
1185 4778 1387 4847 quibus
1426 4780 1590 4834 etiam
1626 4781 1890 4836 orituram
1927 4797 2015 4838 sa-

2127 4776 2270 4830 ιοῦτο
2317 4774 2659 4843 Σαμαρείτας
2711 4773 2808 4842 μὲν
2852 4771 2951 4824 οὑκ
2998 4770 3195 4824 εἰδέναι
3252 4770 3448 4840 φησιν,
3501 4769 3686 4836 ἐξεπί-

442 4866 608 4920 intem
635 4865 884 4932 aﬂirmat,
915 4877 1162 4922 nostram
1221 4868 1493 4925 videlicet.
1551 4869 1810 4927 Christus
1865 4873 2010 4927 cnim

2127 4865 2345 4918 στασθαι
2373 4864 2431 4916 δέ
2465 4881 2581 4926 πως
2613 4864 2738 4926 τοὺς
2784 4862 3086 4925 Ἰουδαίους,
3116 4861 3175 4926 ἐξ
3203 4854 3277 4916 ὧν
3318 4863 3412 4915 καὶ
3437 4862 3684 4932 ἀναδειχ-

439 4964 524 5013 est
550 4973 618 5012 ex
669 4959 875 5013 semine
906 4958 1148 5023 Davidis,
1183 4959 1331 5028 quod
1369 4961 1437 5015 ad
1501 4976 1724 5016 carnem
1779 4964 2010 5019 attinet:

2127 4953 2374 5026 θήσεσθαι
2415 4952 2514 5023 τὴν
2567 4952 2861 5023 σωτηρίαν,
2910 4950 3118 5005 ἑαυτῶν
3159 4951 3400 5021 δηλονότι
3429 4951 3682 5023 διῖσχυρί-

440 5046 608 5102 David
625 5053 804 5101 autem
835 5063 903 5102 ex
938 5049 1084 5104 tribu
1123 5048 1267 5103 Juda
1302 5051 1570 5106 oriundus
1621 5064 1723 5107 est.
1760 5051 2009 5123 Seipsum

2127 5045 2286 5110 ζεται.
2350 5044 2480 5097 Ἀπὸ
2527 5044 2635 5114 γὰρ
2685 5043 2995 5113 σπέρματος
3035 5042 3197 5096 Δαδιδ
3239 5042 3299 5094 τὸ
3333 5041 3472 5095 κατά
3512 5043 3686 5115 σάρκα

437 5153 600 5209 porro
638 5140 779 5193 inter
826 5138 1146 5195 adoratores
1204 5142 1474 5205 collocat,
1509 5150 1568 5196 ut
1593 5141 1778 5206 homo,
1825 5144 1871 5199 is
1918 5145 2011 5214 qui

433 5246 557 5286 cum
593 5227 702 5284 Deo
734 5235 787 5283 et
819 5226 1001 5294 Patre,
1035 5244 1158 5281 cum
1183 5242 1212 5281 a
1242 5229 1424 5296 nobis,
1459 5239 1573 5282 tum
1603 5244 1633 5283 a
1664 5230 1872 5285 sanctis
1908 5247 2007 5284 an-

433 5322 568 5392 gelis
597 5320 880 5376 adoratur.
913 5317 1144 5385 Quando
1173 5319 1318 5374 enim
1358 5319 1610 5376 servilem
1653 5319 1882 5376 formam
1920 5336 2009 5376 as-

433 5415 683 5486 sumpsit,
751 5412 1084 5469 conveniens
1151 5427 1368 5484 quoque
1425 5427 1584 5468 servo
1638 5412 2003 5468 ministerium

431 5503 630 5571 explet,
653 5517 998 5574 nequaquam
1021 5501 1276 5559 desinens
1301 5517 1424 5558 esse
1448 5500 1610 5569 Deus,
1635 5518 1699 5557 ac
1722 5503 2001 5570 Dominus,

431 5601 486 5646 ct
518 5592 849 5650 adorandus.
891 5593 1074 5651 Manet
1105 5595 1248 5652 enim
1300 5593 1467 5661 idem,
1525 5593 1651 5650 licet
1702 5593 1879 5650 factus
1933 5595 2004 5650 sit

503 5768 548 5799 "
580 5767 685 5822 isa.
715 5783 868 5836 LXVI,
902 5770 953 5824 l.

2115 5134 2369 5207 Χριστὸς,
2401 5135 2570 5205 φυλῆς
2597 5135 2654 5187 δὲ
2682 5134 2778 5204 τῆς
2827 5133 2995 5185 Ἰούδα
3039 5133 3265 5200 γέγονεν
3301 5135 3329 5186 ὁ
3374 5133 3556 5187 Δαϐίδ.
3601 5135 3684 5186 Ἐν

2115 5229 2171 5281 δὲ
2203 5230 2314 5290 τοῖς
2363 5223 2760 5297 προσκυνοῦσιν
2801 5223 2990 5277 ἑαυτὸν
3037 5223 3362 5278 κατατάττει
3408 5223 3569 5278 πάλιν
3611 5224 3684 5284 ὡς

2114 5319 2417 5391 ἄνθρωπος,
2465 5319 2494 5369 ὁ
2529 5317 2667 5388 μετὰ
2694 5316 2827 5370 Θεοῦ
2860 5317 2955 5370 καὶ
2995 5317 3230 5387 Πατρὸς,
3267 5316 3405 5386 πρὸς
3443 5333 3501 5369 τε
3530 5315 3684 5387 ήμῶν

2113 5414 2206 5466 καὶ
2247 5409 2353 5464 τῶν
2403 5409 2572 5478 ἁγίων
2618 5408 2863 5476 ἀγγέλων
2913 5407 3402 5479 προσκυνούμενος.
3467 5406 3682 5478 Ἐπειδὴ

2113 5503 2220 5572 γὰρ
2269 5499 2330 5552 τὸ
2371 5498 2638 5552 οἰκετικὸν
2699 5497 3082 5570 περιεϐάλλετο
3126 5499 3309 5567 σχῆμα
3346 5499 3448 5567 τὴν
3499 5497 3682 5567 οἰκέτῃ

2111 5595 2422 5664 πρέπουσαν
2450 5591 2777 5662 ἀποπληροῖ
2825 5592 3188 5663 λειτουργίαν,
3265 5590 3366 5644 οὐκ
3415 5589 3684 5652 ἀπολέσας
