4090 6266
375 324 480 380 505

1417 327 1485 382 lN
1517 327 1801 384 JOANNIS
1840 328 2287 388 EVANCELIUM
2333 331 2462 389 LIB.
2495 335 2556 389 ll.

3520 335 3623 392 5οῦ

373 447 435 500 τὺ
473 436 614 500 εἷναι
647 445 802 508 Θεὸς,
847 445 934 498 καὶ
972 445 1194 518 Κύριος,
1234 447 1327 502 καὶ
1361 450 1750 521 προσκυνητός.
1788 451 1953 506 Μένει

2057 453 2241 519 homo,
2269 461 2323 511 et
2353 456 2557 526 ubique
2580 456 3010 527 dispensationis
3043 469 3168 512 cum
3198 471 3363 512 carne
3400 473 3622 514 servans

373 536 486 608 γὰρ
516 538 545 590 6
569 535 732 599 αὐτὸς
765 537 814 589 εί
843 537 936 589 καὶ
964 538 1184 606 γέγονεν
1229 538 1534 610 ἄνθρωπος,
1569 541 1866 605 άποσώζων
1895 542 1952 596 δὲ

379 625 633 695 πανταχῆ
657 625 758 695 τῆς
781 625 927 696 μετὰ
941 627 1140 696 σαρκὸς
1165 629 1477 699 οἰκονομίας
1501 629 1592 683 τὸν
1625 631 1780 699 λόγον
1800 649 1813 661 ·
1851 631 1954 686 κᾶν

387 714 630 785 μεγάλην
664 715 794 788 ἴδῃς,
831 717 924 770 καὶ
952 716 1207 788 ὑπερφυᾶ
1237 719 1335 790 τήν
1365 721 1710 788 ταπείνωσιν,
1740 723 1951 794 θαυμαη

387 806 517 876 στὴς
563 806 836 876 είσέρχου,
899 809 974 879 μὴ
1029 810 1361 884 κατήγορος,
1418 814 1494 882 μὴ
1544 813 1950 886 φιλεγκλήμων,

392 897 585 967 μᾶλλον
641 897 695 950 δὲ
756 899 1016 968 μιμητής.
1099 899 1386 964 Τοιούτους
1453 904 1482 954 6
1535 903 1746 966 Παῦλος
1808 907 1953 975 ἡμᾶς

387 986 607 1058 ὁρᾶσθαι
651 986 898 1057 βούλεται
936 988 1110 1058 λέγων
1154 1006 1167 1020 ⁸
1240 1010 1258 1042 ι
1293 992 1480 1064 Τούτῳ
1529 996 1792 1063 φρονείτω
1837 996 1950 1068 [αι.

381 1074 533 1128 τοῦτο
557 1078 823 1148 φρονεῖτε]
871 1078 1100 1144 ἕκαστος
1148 1081 1206 1134 ὲν
1250 1083 1376 1154 ὑμῖν
1432 1085 1634 1151 αὐτοῖς,
1681 1086 1709 1138 6
1753 1088 1847 1141 καὶ
1895 1089 1953 1142 ὲν

377 1165 597 1236 Χριστῷ
660 1165 869 1236 Ἰησοῦ,
918 1167 977 1232 ὃς
1025 1172 1082 1223 ὲν
1130 1174 1308 1242 μορφῇ
1357 1172 1493 1226 Θεοῦ
1553 1176 1814 1246 ὑπάρχων
1855 1179 1953 1249 οὐχ

376 1253 670 1324 ἁρπαγμὸν
710 1257 955 1326 ἡγήσατο
994 1257 1056 1311 τὸ
1101 1257 1239 1314 εἶναι
1282 1261 1372 1316 ῐσα
1411 1263 1561 1334 Θεῷ,
1608 1265 1726 1319 ἀλλ’
1762 1268 1953 1322 ἑαυτὸν

375 1341 612 1396 ὲκένωσε
659 1345 871 1416 μορφὴν
903 1346 1092 1400 δούλου
1134 1349 1340 1417 λαϐὼν,
1397 1355 1456 1406 ὲν
1497 1353 1808 1424 ὁμοιώματι
1855 1359 1951 1412 ἀνο

375 1430 612 1500 θρώπων
639 1430 948 1505 γενόμενος,
982 1439 1072 1492 καὶ
1100 1441 1334 1511 σχήματι
1363 1444 1607 1514 εὑρεθεὶς
1632 1445 1708 1510 ὡς
1740 1445 1950 1518 ἄνθρω-

376 1539 515 1586 πος,
563 1525 928 1582 ἐταπείνωσεν
969 1531 1179 1588 ἑαυτόν.
1221 1552 1239 1586 ι
1315 1534 1475 1605 Ὁρᾷς
1516 1537 1663 1600 ὅπως
1703 1554 1952 1592 ταπεινο⁴

376 1609 655 1686 φροσῦνης
681 1618 983 1690 ὑπόδειγμα
1011 1623 1230 1692 γέγονεν
1268 1627 1402 1696 ἡμῖν
1429 1627 1457 1680 6
1489 1628 1614 1692 Υἱδς
1654 1628 1712 1681 ὲν
1747 1629 1952 1700 ἰσότητι

383 1705 484 1772 μὲν
526 1706 785 1778 ὑπάρχων
817 1710 908 1762 τοῦ
945 1713 1178 1781 Πατρὺς,
1225 1715 1321 1768 καὶ
1361 1717 1418 1768 ὲν
1452 1720 1632 1790 μορφῇ
1677 1718 1819 1772 καθὰ
1859 1718 1952 1788 γέ·

381 1811 664 1865 γραπται,
717 1801 1109 1872 καταϐεϐηκὼς
1157 1803 1212 1857 δὲ
1255 1804 1321 1857 δι’
1381 1808 1526 1878 ἡμᾶς
1579 1811 1658 1873 είς
1708 1810 1951 1866 ἑκούσιον

384 1885 664 1956 ὑπακοὴν,
711 1891 802 1942 καὶ
843 1891 1211 1959 ταπείνωσιν;
1277 1894 1404 1960 Πῶς
1458 1891 1549 1950 οῦν
1601 1899 1705 1971 ἄρα
1750 1900 1812 1953 τὸ
1854 1901 1952 1972 τῆς

385 1975 654 2047 ὑπακοῆς,
675 1978 790 2044 πῶς
822 1980 876 2034 δὲ
907 1981 968 2034 τὸ
993 1983 1094 2053 τῆς
1121 1984 1502 2050 ταπεινώσεως
1532 1987 1638 2040 ἔδει
1672 1989 1952 2058 φαίνεσθαι

383 2065 591 2135 σχῆμα,
625 2067 657 2136 ἢ
691 2069 928 2140 δηλονότι
952 2074 980 2125 6
1007 2073 1096 2127 διὰ
1119 2073 1227 2128 τῶν
1260 2078 1621 2148 πραγμάτων,
1659 2081 1751 2134 καὶ
1781 2080 1955 2150 λόγων

377 2156 476 2226 τῆς
505 2157 839 2229 θεοπρεποῦς
871 2164 1026 2230 ἀξίας
1069 2166 1516 2238 ὐποϐεϐηκότων,
1566 2169 1658 2224 καὶ
1709 2169 1843 2224 πολὺ
1894 2171 1956 2225 τὸ

375 2247 599 2302 ἔλαττον
628 2251 880 2320 ἐχόντων,
921 2255 954 2326 ἢ
987 2256 1047 2308 ἐν
1089 2255 1284 2329 οἷσπερ
1328 2253 1397 2329 ἦν
1426 2261 1632 2331 γυμνὸς
1677 2261 1758 2314 ἔτι
1798 2264 1952 2334 παρὰ

377 2338 552 2410 Πατρὶ
583 2341 774 2409 Λόγος,
804 2345 896 2396 καὶ
926 2345 1274 2415 άσύμπλοκος
1311 2349 1412 2418 τῆς
1451 2349 1546 2404 τοῦ
1587 2351 1777 2405 δούλου
1818 2369 1952 2424 μορ-

377 2432 520 2500 φῆςς
569 2431 681 2485 Ποῦ
710 2434 820 2504 γὰρ
843 2435 982 2500 ὅλως
1013 2437 1176 2490 αὐτὸν
1217 2438 1654 2510 καταϐεϐηκὲναι
1684 2443 1952 2513 φήσομεν,

378 2523 426 2575 εί
455 2523 528 2594 μή
579 2541 632 2576 τι
667 2525 764 2578 καὶ
812 2525 920 2582 τῶν
963 2529 1092 2599 παρ’
1123 2527 1280 2594 ἀξίαν
1334 2531 1622 2601 ὑπομεῖναι
1669 2531 1954 2604 δώσομεν;

381 2615 575 2682 Γέγονε
620 2615 740 2680 πῶς
771 2617 830 2670 ὲν
863 2618 1162 2690 ἀνθρώπων
1204 2623 1512 2692 ὁμοιώματι
1558 2625 1700 2678 κατὰ
1731 2626 1828 2697 τὴν
1859 2627 1954 2682 τοῦ

385 2705 594 2759 Παύλου
625 2708 828 2780 φωνὴν,
864 2711 912 2764 εί
947 2711 1022 2783 μὴ
1068 2712 1128 2765 τὸ
1164 2713 1471 2783 ἀνθρώποις
1497 2716 1708 2787 πρέπον
1749 2720 1956 2790 ἐμιμή-

385 2813 550 2864 σατο;
616 2798 855 2870 Πρᾶγμα
923 2801 986 2856 δὲ
1044 2803 1353 2876 ἀνθρώποις
1408 2809 1858 2878 πρεπωδέστατον
1918 2813 1952 2882 ή

386 2887 768 2962 προσκύνησις,
799 2890 876 2955 ὡς
903 2893 962 2946 ὲν
989 2893 1300 2966 ὀφλήματος
1319 2896 1470 2964 τάξει
1502 2899 1864 2973 κατατιομένη
1894 2917 1955 2955 τε

387 2980 498 3061 καὶ.
529 2983 919 3053 προσαγομένη
985 2985 1119 3057 παρ’
1169 2987 1327 3058 ήμῶν
1391 2987 1472 3059 τῷ
1532 2988 1672 3061 Θεῷ.
1743 2991 1953 3047 Οὐκοῦν

2056 547 2322 600 rationem
2359 567 2372 601 :
2409 556 2496 615 at,
2556 550 2602 605 si
2671 556 2729 604 tu
2770 550 3026 605 eximiam
3071 556 3126 604 et
3156 548 3622 619 supernaturalem

2055 637 2418 693 humilitatem
2469 637 2691 702 videris,
2735 640 3170 696 admirabundus
3209 641 3354 701 subi.
3389 655 3497 694 non
3532 655 3626 693 ac-

2053 735 2296 793 cusator,
2322 743 2430 782 non
2451 729 2840 795 calumniator,
2878 732 2975 786 sed
3017 733 3284 786 imitator.
3328 732 3489 786 Tales
3525 746 3626 785 nos

2054 818 2227 874 videri
2273 819 2390 873 vult
2427 819 2652 886 Paulus,
2692 820 2920 876 dicens:
2971 841 2992 874 ‹
3057 821 3173 878 Hoc
3219 823 3366 877 enim
3430 822 3626 879 sentite

2056 910 2432 979 unusquisque
2466 909 2522 964 in
2549 909 2732 976 vobis,
2756 911 2905 980 quod
2922 919 2974 964 et
2993 912 3048 964 in
3075 909 3297 966 Christo
3330 911 3458 968 Jesu
3482 930 3495 966 ε
3530 913 3626 980 qui

2054 1017 2176 1057 cum
2209 1001 2385 1056 forma
2416 1001 2507 1056 Dei
2550 1009 2717 1067 esset,
2760 1016 2869 1056 non
2901 1001 3150 1072 rapinam
3198 1002 3499 1057 arbitratus
3543 1012 3628 1057 est

2054 1107 2178 1148 esse
2205 1093 2547 1163 seaequalem
2591 1093 2724 1158 Deo,
2777 1094 2870 1150 sed
2907 1095 3261 1164 semetipsum
3302 1094 3624 1155 exinanivit,

2054 1184 2285 1240 formam
2319 1186 2462 1241 servi
2487 1185 2788 1255 accipiens,
2809 1186 2863 1240 in
2895 1185 3310 1241 similitudinem
3342 1185 3630 1241 hominum

2054 1273 2256 1340 factus,
2294 1283 2348 1331 et
2389 1275 2609 1331 habitus
2636 1277 2888 1332 inventus
2950 1284 3010 1331 ut
3059 1277 3256 1343 homo,
3315 1277 3630 1331 bumiliavit

2055 1364 2411 1435 semetipsum
2435 1367 2500 1420 ⁸⁸.
2541 1385 2560 1418 ι
2599 1368 2761 1438 186
2793 1366 2954 1423 Vides
2979 1374 3039 1422 ut
3080 1368 3409 1424 humilitatis
3439 1383 3626 1424 exem~

2053 1455 2202 1523 plum
2227 1455 2387 1511 nobis
2407 1455 2590 1512 factus
2619 1458 2688 1512 sit
2722 1456 2917 1522 Filius,
2950 1459 3200 1530 quamvis
3231 1458 3284 1512 in
3317 1459 3628 1529 aequalitate

2055 1544 2126 1598 sit
2160 1543 2362 1609 Patris,
2396 1555 2449 1601 et
2481 1545 2676 1611 forma,
2726 1556 2787 1602 ut
2820 1549 3087 1618 scriptum
3119 1556 3226 1615 est,
3277 1550 3371 1604 sed
3407 1560 3630 1619 propter

2054 1649 2156 1690 nos
2208 1633 2264 1688 in
2319 1636 2686 1690 voluntariam
2739 1638 3105 1692 obedientiam
3153 1649 3209 1694 et
3264 1639 3628 1695 humilitatem

2053 1723 2437 1779 descenderit?
2458 1725 2746 1791 Quomodo
2775 1727 2945 1797 igitur
2967 1726 3294 1783 obedientia:
3327 1734 3422 1783 aut
3451 1727 3631 1783 humi-

2055 1813 2227 1870 litatis
2257 1814 2477 1872 habitus
2509 1815 2667 1871 aliter
2697 1827 3017 1886 appareret,
3053 1833 3217 1888 quam
3246 1835 3312 1874 ex
3354 1819 3522 1875 rebus
3566 1835 3629 1873 ac

2056 1907 2401 1963 sermonibus
2430 1907 2614 1962 divina
2642 1907 2910 1979 dignitate
2938 1909 3316 1975 inferioribus,
3363 1911 3629 1981 longeque

2055 1997 2363 2052 minoribus
2395 2011 2561 2067 quam
2593 1995 2774 2053 Verbo
2800 1999 2948 2054 nudo
2984 1999 3164 2054 adhuc
3215 2000 3448 2056 necdum
3485 2004 3628 2057 servi

2056 2086 2245 2142 forma:
2295 2088 2593 2158 conjuncto
2623 2091 2994 2146 conveniant?
3031 2091 3318 2158 Quomodo
3351 2095 3497 2149 enim
3535 2095 3630 2150 de-

2055 2177 2338 2234 scendisse
2364 2193 2490 2234 eum
2519 2179 2788 2244 dicemus,
2825 2181 2932 2236 nisi
2982 2183 3243 2252 quiddam
3294 2200 3420 2240 eum
3447 2202 3478 2240 a
3529 2202 3626 2242 sua

2055 2265 2319 2336 dignitate
2375 2266 2614 2322 alienum
2669 2269 2782 2338 pati
2835 2271 3173 2326 fatebimur?
3227 2271 3516 2338 Quomodo
3574 2278 3627 2330 in

2054 2356 2472 2415 similitudinem
2526 2358 2810 2416 hominum
2869 2361 3053 2419 factus
3091 2373 3199 2431 est,
3255 2366 3416 2436 juxta
3471 2367 3628 2422 Pauli

2055 2451 2402 2515 sententiam,
2455 2449 2503 2505 si
2536 2452 2684 2520 quod
2733 2451 3050 2510 hominibus
3093 2457 3351 2525 congruit
3389 2472 3500 2512 non
3557 2460 3628 2513 sit

2056 2539 2301 2595 imitatus
2323 2541 2348 2593 ‘I
2393 2540 2931 2600 Convenientissima
2965 2559 3098 2600 vero
3131 2561 3222 2600 res
3253 2557 3339 2604 est
3390 2547 3629 2603 homini-

2055 2629 2180 2694 bus,
2223 2631 2492 2696 adoratio,
2550 2649 2710 2704 quam
2750 2650 2852 2690 nos
2909 2633 3019 2691 Deo
3073 2645 3332 2709 tanquam
3386 2639 3626 2696 debitam

2055 2718 2354 2776 deferimus
2380 2733 2542 2793 atque
2567 2725 2944 2794 rependimus.
2969 2726 3156 2798 Itaque
3184 2731 3380 2786 adorat
3409 2732 3628 2802 quidem

2055 2817 2117 2864 ut
2146 2811 2330 2879 homo,
2359 2814 2796 2884 quandoquidem
2832 2817 3006 2874 factus
3027 2831 3110 2874 est
3137 2821 3338 2887 homo;
3365 2824 3628 2878 adoratur

2056 2915 2188 2956 vero
2241 2916 2460 2974 semper
2497 2919 2620 2959 eum
2654 2903 2840 2973 Patre,
2902 2908 3031 2978 quia
3087 2908 3231 2966 Deus
3270 2919 3352 2966 est
3413 2914 3631 2983 eritque

2057 2995 2360 3050 secundum
2419 3003 2697 3063 naturam,
2731 3011 2795 3052 ac
2827 3014 3014 3054 verus.
3069 2998 3178 3055 Sed
3242 3017 3350 3056 non
3407 3004 3459 3058 id
3492 3005 3630 3059 feret

387 3059 679 3140 προσκυνεῖ
705 3075 803 3144 μὲν
829 3074 905 3139 ὡς
943 3076 1039 3130 άνθ
1049 3095 1246 3148 ρωπος,
1281 3080 1370 3133 ὅτε
1395 3059 1632 3149 γέγονεν
1648 3081 1742 3137 ἄνθ
1750 3101 1952 3154 ρωπος,

2058 3083 2240 3139 denuo
2273 3085 2642 3150 adversarius,
2667 3102 2858 3142 verum
2891 3087 2946 3142 in
2978 3103 3079 3144 nos
3110 3089 3195 3144 his
3227 3090 3412 3146 verbis
3444 3092 3631 3147 insur-

383 3165 765 3232 προσκυνεῖται
797 3163 854 3218 δὲ
875 3165 962 3232 ἀεὶ
992 3167 1130 3236 μετὰ
1161 3169 1391 3240 Πατρὸς,
1424 3171 1549 3224 ἐπεὶ
1575 3171 1706 3235 Θεός
1741 3174 1858 3226 ὲστί
1893 3192 1952 3226 τε

381 3253 473 3305 καὶ
531 3252 684 3308 ἔσται
737 3257 879 3310 κατὰ
937 3258 1132 3327 φύσιν,
1178 3259 1274 3313 καὶ
1319 3261 1590 3333 ἀληθινός.
1670 3265 1809 3318 ’Δλλ’
1856 3266 1955 3320 οὐκ

380 3341 627 3408 ἀνέξεται
665 3347 826 3402 πάλιν
855 3350 884 3403 6
914 3349 981 3402 δι’
1013 3351 1280 3416 ἐναντίας,
1323 3353 1496 3407 ἐκεῖνο
1522 3355 1579 3408 δὲ
1607 3355 1781 3425 λέγων
1821 3357 1955 3412 ἀνα-

385 3436 638 3504 στήσεται
667 3455 682 3470 ·
733 3440 826 3512 Μὴ
874 3440 1078 3507 ξενίζου
1126 3447 1452 3515 προσκυνεῖν
1498 3447 1588 3500 ὅτε
1635 3448 1819 3520 φαμὲν
1865 3449 1955 3504 τὸν

383 3527 530 3582 Υἱόν.
574 3530 649 3584 Οὐ
682 3531 791 3604 γὰρ
815 3532 986 3600 οὕτως
1015 3536 1239 3607 οἰόμεθα
1267 3539 1464 3610 χρῆναι
1494 3544 1820 3613 προσκυνεῖν
1853 3543 1948 3596 αὑ-

379 3617 468 3672 τὸν
511 3619 591 3692 τῷ
639 3623 834 3694 Πατρὶ,
879 3625 1066 3698 ὥσπερ
1103 3623 1195 3682 οὖν
1227 3629 1418 3699 ἀμέλει
1461 3631 1556 3684 καὶ
1583 3633 1750 3703 ἡμᾶς,
1788 3632 1822 3703 ἢ
1863 3635 1956 3688 καὶ

381 3706 642 3774 ἀγγέλους
660 3710 840 3780 τυχὸν,
865 3712 979 3766 ἀλλ’
1001 3711 1274 3787 ἐξαίρετός
1297 3715 1380 3779 τίς
1408 3716 1554 3770 ἐστιν
1579 3720 1612 3788 ἡ
1646 3721 1956 3791 προσκύνη-

382 3809 484 3858 σις,
534 3795 628 3849 καὶ
673 3796 808 3852 πολὺ
838 3799 939 3870 τῆς
972 3804 1104 3873 παρ’
1146 3803 1304 3874 ήμῶν
1345 3805 1403 3858 ἑν
1432 3805 1700 3876 ἀμείνοσι.
1752 3808 1817 3862 Τί
1862 3804 1956 3863 οῦν

379 3881 513 3952 πρὸς
535 3880 706 3936 ταῦτα
729 3885 889 3941 πάλιν
910 3888 1142 3960 ἐροῦμεν
1162 3891 1319 3961 ἡμεῖς
1339 3909 1354 3957 ;
1391 3893 1482 3957 Ὠς
1502 3893 1954 3968 ἀξιολογωτάτην,

378 3968 654 4040 ἄνθρωπε,
691 3973 988 4043 περιτιθεὶς
1019 3975 1098 4046 τῷ
1123 3978 1423 4047 Μονογενεί
1449 3981 1548 4053 τὴν
1577 3981 1839 4049 δουλείαν,
1862 3987 1956 4040 καὶ

377 4057 648 4112 οἰκετικὸν
677 4061 896 4132 ἀξίωμα
925 4065 1036 4127 τοῖς
1062 4065 1123 4130 ἐξ
1154 4067 1370 4139 ἀπάτης
1405 4071 1835 4142 καταχρυσώσας
1867 4073 1957 4126 λό-

380 4160 497 4210 γοις
527 4147 690 4212 τισὶν,
724 4149 823 4201 οῐει
854 4153 1348 4224 παρακρουόμενος.
1391 4157 1603 4211 Παῦσαι
1632 4158 1870 4224 δοξάζων
1898 4160 1958 4214 ἐν

382 4233 576 4304 ἀτιμίᾳ
631 4234 721 4287 τὸν
769 4236 930 4300 Υἱδν,
981 4239 1067 4292 ἵνα
1119 4243 1307 4314 μείνῃς
1350 4245 1526 4314 τιμῶν
1568 4245 1659 4298 τὸν
1700 4246 1939 4318 Πατέρα.

388 4336 404 4368 ι
430 4317 621 4406 ’Θγὰρ
648 4319 926 4393 μὴ-τιμῶν
953 4324 1042 4379 τὸν
1069 4327 1214 4392 Υίὺν,
1245 4331 1366 4385 οὐδὲ
1390 4333 1482 4386 τὸν
1511 4332 1731 4403 Πατέρα
1752 4317 1910 4406 τιμᾷ,
1931 4354 1950 4387 ι

382 4405 564 4495 καθὼς
588 4407 917 4495 γέγραπται.
943 4414 1007 4465 Τί
1032 4414 1161 4486 γὰρ,
1192 4419 1311 4472 είπέ
1343 4437 1449 4489 μοι,
1485 4421 1621 4492 πρὸς
1647 4405 1955 4495 ἐλευθερίαν

381 4494 565 4563 ὀνήσει
611 4494 703 4548 τὸν
754 4497 1049 4570 Μονογενῆ,
1098 4503 1158 4555 τὸ
1198 4503 1472 4575 ἐξαίρετον
1504 4499 1774 4562 ποιεῖσθαι
1818 4494 1950 4582 παρ’

381 4582 530 4651 ἡμᾶς
590 4584 691 4653 τὴν
761 4585 1166 4657 προσκύνησιν;
1235 4591 1381 4654 Ἕως
1441 4593 1549 4664 γὰρ
1614 4595 1679 4647 ἂν
1733 4597 1792 4650 ὲν
1842 4601 1952 4662 τοῖς

381 4671 774 4738 προσκυνοῦσιν
858 4673 1214 4745 εὑρίσκηται,
1273 4678 1457 4742 δοῦλος
1513 4681 1664 4736 ἔσται
1714 4684 1950 4752 πάντως,

382 4756 472 4808 καὶ
513 4759 561 4809 εί
590 4761 760 4812 νοοῖτο
783 4762 1163 4834 προσκυνητὴς
1189 4763 1480 4836 ἐξαίρετος,
1525 4769 1711 4824 διοίσει
1749 4772 1806 4825 δὲ
1841 4771 1950 4826 τῶν

381 4845 691 4914 κτισμάτων
748 4847 890 4901 κατὰ
954 4848 1054 4918 μὲν
1108 4849 1168 4902 τὸ
1206 4846 1343 4906 εἶναι
1406 4856 1627 4924 γενητὸς
1679 4857 1950 4929 οὐδαμῶς,

383 4934 672 5004 ὑπεροχαῖς
697 4935 752 4988 δὲ
796 4937 955 5005 μόνον
979 4941 1097 5001 ταῖς
1131 4939 1337 5004 ἄλλαις,
1372 4942 1559 5016 ὥσπερ
1590 4946 1894 5018 ἀνθρώπων
1923 4949 1952 5001 6

383 5020 624 5091 Μιχαὴλ,
665 5022 703 5106 ᾗ
749 5025 840 5076 καὶ
888 5026 1049 5096 ἑτέρα
1092 5044 1176 5092 τις
1228 5028 1334 5082 τῶν
1383 5030 1576 5098 ἁγίων,
1619 5035 1712 5087 καὶ
1760 5035 1952 5106 λογικὴ

383 5106 634 5175 δύναμις,
658 5103 770 5180 ᾗτὺ
794 5112 888 5179 μὲν
911 5113 1112 5184 προῦχε
1123 5133 1169 5169 ιν
1190 5117 1297 5170 τῶν
1319 5119 1410 5171 ἐπὶ
1435 5119 1533 5186 τῆς
1556 5120 1658 5190 γῆς
1681 5103 1952 5186 οὐσιωδῶς

384 5196 578 5266 ὁρᾶται
605 5201 1004 5265 προσπεφυκός,
1027 5204 1059 5272 ἣ
1085 5205 1225 5257 κατὰ
1246 5205 1337 5257 τὸν
1358 5205 1457 5273 τῆς
1479 5206 1760 5275 ἁγιότητος
1781 5208 1936 5276 λόγον
1953 5245 1968 5271 ,

381 5282 414 5352 ἦ
467 5282 560 5336 καί
610 5299 716 5335 τινι
755 5283 907 5354 δόξης
948 5289 1286 5362 πλεονασμῷ,
1335 5291 1492 5356 δόξαν
1521 5293 1666 5346 οὕτω
1710 5294 1786 5364 τῷ
1824 5294 1962 5350 πάν-

383 5387 488 5425 των
535 5372 928 5444 άριστοτέχνῃ,
977 5377 1094 5428 τότε
1151 5379 1258 5447 μὴν
1317 5383 1430 5442 τοῖς
1478 5384 1723 5451 γενητοῖς
1777 5401 1955 5436 συντε-

384 5458 598 5527 τάχθαι,
626 5459 767 5512 κατὰ
786 5460 877 5512 τὸν
901 5461 990 5513 τοῦ
1019 5464 1344 5532 πεποιῆσθαι
1373 5467 1549 5534 λόγον,
1581 5471 1714 5540 πρὸς
1735 5470 1802 5523 τὰ
1826 5471 1958 5525 ἄλλα

387 5549 582 5604 κοινόν.
607 5550 815 5604 Οὐκοῦν
842 5552 1136 5624 οὐδαμόθεν
1168 5556 1225 5608 τὸ
1259 5553 1398 5612 εἶναι
1422 5562 1645 5632 γενητὸς
1685 5563 1739 5617 ἐν
1767 5564 1959 5634 Πλτρὶ,

447 5730 491 5761 ⁸⁶
527 5727 761 5800 Philipp.
795 5747 852 5797 ll,
893 5731 940 5797 7,
969 5735 1018 5787 8.

1099 5737 1135 5765 ‘7
1168 5735 1325 5791 Joau.
1355 5753 1404 5804 γ,
1441 5737 1522 5791 25.

2059 3186 2180 3248 get:
2204 3177 2352 3233 «Noli
2371 3180 2703 3235 commoveri
2717 3195 2842 3234 eum
2859 3179 3060 3235 Filium
3077 3182 3308 3237 adorare
3323 3182 3579 3240 dicimus.
3605 3206 3624 3237 ι

2058 3265 2170 3321 Nec
2213 3267 2361 3322 enim
2407 3267 2742 3322 arbitramur
2772 3267 2951 3337 ipsum
2998 3269 3233 3324 adorare
3274 3267 3492 3325 Patrem
3529 3273 3628 3327 de-

2059 3357 2190 3413 bere
2218 3357 2412 3413 eodem
2445 3357 2609 3412 modo
2643 3373 2751 3428 quo
2780 3366 2874 3413 aut
2900 3359 3066 3415 etiam
3095 3361 3272 3429 angeli
3304 3361 3464 3416 verbi
3505 3377 3631 3432 gra-

2057 3449 2174 3515 tia;
2208 3449 2302 3504 sed
2350 3448 2608 3504 eximiam
2648 3448 2940 3520 quamdam
2987 3449 3364 3505 adorationem
3397 3467 3540 3517 esse,
3577 3464 3636 3509 et

2057 3549 2247 3598 nostra
2280 3542 2438 3612 longe
2471 3540 3100 3612 praestantiorem..Quid
3158 3541 3329 3612 igitur
3385 3542 3451 3597 ad
3512 3545 3626 3600 haec

2057 3648 2277 3689 rursum
2299 3631 2592 3688 dicemus?
2621 3629 2846 3700 Nempe,
2879 3645 2912 3685 ο
2951 3631 3208 3700 quisquis
3234 3646 3316 3697 es,
3374 3631 3632 3704 imposita

2056 3722 2350 3794 Unigenito
2384 3722 2667 3787 servitute,
2706 3729 2762 3777 et
2791 3722 3033 3777 versutis
3061 3722 3415 3779 sermonibus
3449 3724 3630 3796 digni-

2056 3823 2170 3870 tate
2205 3814 2395 3870 famuli
2423 3815 2688 3870 deaurata
2733 3829 2928 3886 speras
2957 3821 3013 3870 te
3065 3829 3166 3870 nos
3196 3813 3625 3871 ludiﬁcaturum.

2057 3906 2256 3963 Desine
2285 3906 2482 3962 Filium
2513 3907 2814 3979 ignominia
2857 3906 3144 3971 decorare,
3186 3912 3246 3959 ut
3276 3904 3499 3960 Patrem
3531 3906 3630 3961 ho-

2059 4015 2254 4056 norare
2283 4014 2514 4072 pergas:
2556 4018 2576 4052 ι
2609 3999 2714 4066 Qui
2741 3999 2887 4054 enim
2912 4014 3024 4053 non
3045 3998 3374 4053 bonorilicat
3403 3998 3627 4062 Filium,

2058 4107 2235 4162 neque
2251 4091 2464 4147 Patrem
2489 4091 2836 4156 honorificat,
2870 4107 2890 4142 ι
2918 4099 2977 4145 ιιι
2999 4091 3262 4159 script-um
3284 4099 3370 4144 est
3389 4089 3457 4144 ³⁷.
3490 4089 3631 4155 Quid

2058 4184 2228 4250 enim,
2257 4198 2464 4253 quarso,
2505 4183 2572 4238 ad
2624 4184 2933 4238 libertatem
2991 4181 3236 4251 proderit
3289 4178 3452 4245 Filio,
3487 4182 3632 4250 quod

2059 4290 2181 4330 eum
2216 4275 2414 4329 eximia
2456 4273 2694 4344 quadam
2729 4272 2947 4326 ratione
2997 4270 3340 4325 adoramus?
3379 4269 3631 4336 Quandiu

2059 4364 2205 4420 enim
2239 4364 2380 4421 inter
2439 4364 2762 4420 adoratores
2813 4362 3141 4432 reperietur,
3194 4362 3386 4432 utique
3440 4377 3633 4418 servus

1986 4467 2034 4525 ι)
2059 4456 2183 4521 erit,
2224 4456 2352 4511 licet
2385 4454 2625 4511 eximius
2683 4453 2943 4508 adorator
2999 4467 3123 4508 esse
3156 4461 3482 4507 censeatur:
3536 4468 3635 4507 nc-

2060 4561 2334 4618 quaquam
2363 4556 2547 4602 autem
2587 4545 2859 4601 creaturis
2905 4545 3190 4615 praestabit
3247 4558 3356 4614 qua
3413 4553 3632 4600 creatus

2059 4648 2159 4703 est,
2201 4640 2296 4694 sed
2327 4640 2433 4692 alia
2475 4639 2744 4694 duntaxat
2798 4638 3144 4703 excellentia,
3174 4636 3631 4706 quemadmodum

2061 4730 2381 4785 hominibus
2410 4729 2660 4793 Michael,
2695 4737 2789 4784 aut
2819 4728 2928 4782 alia
2957 4727 3202 4798 quaedam
3242 4736 3431 4780 sancta
3460 4735 3513 4780 et
3545 4726 3630 4780 in-

2059 4823 2387 4877 tellectualis
2410 4822 2607 4887 virtus,
2640 4837 2762 4890 qua:
2811 4829 3008 4875 natura
3042 4833 3140 4875 sua
3177 4819 3498 4874 mortalibus
3531 4835 3628 4873 au-

2064 4914 2288 4976 tecellit,
2321 4923 2416 4967 aut
2445 4915 2663 4970 ratione
2687 4913 3022 4978 sanctitatis,
3066 4919 3160 4966 aut
3186 4911 3423 4981 quadam
3454 4911 3630 4966 abun-

2060 5006 2243 5060 dantia
2297 5007 2505 5076 gloriaa,
2561 5007 2637 5060 ita
2690 5007 2904 5061 volente
2963 5004 3343 5060 universitatis
3389 5003 3626 5073 upiliee:

2059 5107 2435 5154 verumtamen
2468 5107 2741 5168 quatenus
2800 5105 2982 5152 creata
3023 5105 3137 5162 est,
3188 5095 3241 5150 id
3298 5095 3460 5148 habet
3509 5107 3632 5144 cum

2059 5191 2278 5247 caeteris
2315 5207 2627 5257 commune,
2661 5200 2720 5243 ut
2750 5190 2802 5242 in
2837 5197 3215 5243 creaturarum
3258 5186 3450 5238 ordine
3482 5197 3640 5249 repo-

2063 5281 2431 5352 natur.lgitur
2455 5283 2566 5337 ﬁeri
2591 5299 2694 5335 non
2720 5287 2898 5351 potest
2920 5279 3235 5333 utVerbum
3262 5288 3367 5325 non
3393 5274 3462 5324 sit
3484 5285 3636 5322 crea-

2063 5387 2177 5431 tum
2203 5378 2257 5430 in
2274 5376 2436 5430 Patre
2459 5385 2510 5430 et
2529 5391 2591 5430 ex
2618 5374 2777 5427 Patre
2799 5371 3130 5426 naturaliter
3157 5360 3482 5431 procedens,
3511 5358 3637 5410 Ιίεει

2065 5469 2341 5540 prmcipuo
2387 5469 2534 5538 [87
2580 5464 2815 5536 quodam
2874 5460 3037 5514 modo
3103 5455 3331 5506 adorare
3397 5447 3635 5500 dicatur.

2070 5563 2134 5618 At
2153 5560 2431 5632 quomodo
2463 5575 2550 5615 res
2580 5556 2844 5627 producta
2865 5552 3034 5608 Filius
3065 5558 3182 5600 esse
3203 5545 3400 5609 pol‘JSl.
3424 5543 3512 5592 alii
3534 5551 3644 5604 ‘1“0
