4090 6266
453 324 555 378 507

1420 317 1476 372 S.
1507 313 1787 373 CYRILLI
1817 308 2284 368 ALEXANDRINI
2317 308 2637 367 ARCIIIEP.

3603 317 3710 373 308

454 449 617 511 pacto
650 438 913 496 Dominus
945 436 1054 495 erit
1075 476 1090 500 ,
1139 435 1234 506 qui
1271 449 1468 491 servus
1512 445 1567 490 et
1601 435 1866 490 adorator
1894 430 2026 488 est?

2132 429 2224 482 καὶ
2259 429 2324 482 ἐκ
2365 429 2580 502 Πατρὸς
2620 431 2864 500 φυσικῶς
2901 433 3243 504 διαφεύξεται
3283 437 3313 490 δ
3364 436 3559 506 Λόγος,
3607 439 3711 494 κάν

454 533 588 588 Nam
619 547 740 588 mea
783 531 1010 602 quidem
1055 528 1330 586 sententia
1375 528 1524 599 regis
1573 543 1637 582 ac
1681 525 1892 581 domini
1944 523 2030 577 di-

452 627 632 698 gnitas
677 626 732 680 in
765 639 830 680 eo
863 625 1064 688 elucet,
1113 622 1262 694 quod
1309 623 1438 692 quis
1477 623 1779 685 adorator;
1836 615 2029 672 famuli

455 733 586 774 vero
613 731 678 772 ac
706 717 852 773 servi
888 716 1168 782 conditio,
1204 716 1258 770 in
1297 729 1362 770 eo
1391 713 1540 784 quod
1577 714 1706 784 quis
1743 709 2026 766 adoratio-

454 826 579 867 nem
610 817 666 866 et
697 808 906 864 cultum
939 808 1105 867 alicui
1135 807 1331 862 defert.
1362 797 1801 861 Existimandum
1827 801 2030 871 quippe

456 902 618 958 nobis
659 909 745 956 est
790 915 1063 956 summam
1112 901 1261 954 illam
1307 907 1361 954 et
1416 911 1728 969 supremam
1784 893 2029 948 omnium

458 1002 710 1050 naturam
747 991 971 1050 subdito
1007 993 1242 1047 similem
1278 991 1418 1046 fore.
1442 990 1710 1057 Quocirca
1729 983 1932 1057 Moysis
1966 981 2029 1036 il-

456 1085 564 1142 lius
590 1084 985 1156 sapientissimi
1014 1099 1109 1139 ore
1139 1084 1348 1139 dictum
1378 1090 1464 1138 est
1499 1089 1772 1137 creaturae
1804 1075 2030 1132 univer-

456 1192 573 1234 sae:
606 1195 624 1229 ι
659 1175 954 1231 Dominum
987 1174 1156 1230 Deum
1187 1183 1341 1228 tuum
1373 1173 1634 1229 adorabis
1656 1212 1670 1236 ,
1701 1179 1754 1226 et
1787 1169 1892 1240 ipsi
1925 1165 2029 1223 soli

456 1269 666 1324 servies
713 1267 779 1322 ⁸⁸.
811 1285 831 1319 ›
862 1267 1098 1336 Ideoque
1131 1266 1500 1336 quodcunque
1544 1277 1765 1319 servum
1814 1267 1897 1314 est
1932 1272 2029 1311 na-

455 1372 577 1418 tura
619 1368 676 1414 et
717 1357 942 1415 deitatis
985 1359 1117 1427 jugo
1158 1357 1438 1420 subditur,
1471 1356 1600 1408 huic
1633 1350 1904 1408 adorandi
1934 1347 2028 1402 Dei

456 1452 762 1508 necessitas
792 1449 1099 1513 incumbit,
1135 1454 1189 1501 et
1216 1446 1532 1508 adoratoris
1560 1457 1852 1516 personam
1885 1441 1938 1494 in
1971 1454 2030 1495 se

455 1542 812 1612 suscipiendi.
832 1541 966 1596 Nam
997 1557 1122 1595 cum
1157 1540 1369 1612 Moyses
1402 1538 1692 1594 Dominum
1711 1534 1882 1599 dicit,
1909 1548 2028 1588 ser-

454 1650 580 1690 vum
615 1634 918 1698 discernit,
952 1642 1005 1688 et
1047 1641 1392 1696 creaturam,
1435 1645 1560 1686 cum
1607 1627 1799 1682 Deum.
1855 1623 2030 1680 Simul

452 1725 598 1782 enim
651 1723 1064 1796 quodammodo
1118 1723 1525 1792 intelliguntur,
1569 1719 1804 1774 invicem
1855 1730 2025 1786 oppo-

454 1822 660 1870 nuntur
712 1813 948 1868 naturali
1001 1811 1238 1866 Domino
1283 1811 1509 1882 quidem
1563 1823 1801 1875 servus,
1851 1814 1906 1862 et
1946 1807 2029 1860 in-

454 1913 656 1960 creatae
689 1902 917 1964 deitati,
952 1917 1039 1957 res
1089 1909 1295 1956 creata.
1335 1899 1512 1955 Filius
1546 1907 1729 1954 autem
1751 1938 1766 1964 ,
1800 1911 1927 1952 cum
1960 1895 2030 1949 ab

455 2004 662 2050 aeterno
685 1994 762 2049 sit
786 1993 841 2046 in
866 1991 1050 2056 Patre,
1086 2002 1143 2048 et
1168 1991 1430 2048 Dominus
1460 1991 1716 2057 exsistat,
1750 1998 1811 2044 ut
1850 1989 2026 2050 Deus,

457 2087 734 2142 undenam
766 2084 1002 2139 adorare
1042 2083 1272 2147 debeat,
1320 2098 1424 2153 ego
1469 2083 1686 2152 quidem
1735 2079 2030 2136 ostendere

455 2193 568 2233 non
602 2191 850 2248 possum.
882 2174 988 2229 Sed
1019 2175 1199 2230 denuo
1232 2189 1412 2244 nugas
1449 2189 1580 2229 suas
1616 2172 1696 2226 illi
1724 2171 2026 2243 proferant.

454 2266 722 2322 Adorabit
744 2304 760 2328 ,
791 2263 1084 2333 inquiunt,
1115 2263 1332 2318 Patrem
1361 2263 1693 2334 Unigenitus
1719 2303 1732 2325 ,
1764 2277 1941 2331 neque
1971 2267 2030 2315 ut

454 2372 682 2421 servus,
719 2371 896 2426 neque
928 2362 990 2408 ut
1021 2361 1280 2408 creatura
1311 2372 1325 2408 :
1363 2353 1458 2408 sed
1511 2361 1572 2406 ut
1619 2353 1762 2407 ﬁlius
1816 2350 2030 2422 genito-

451 2463 568 2506 rem
607 2463 792 2505 suum.
823 2445 1010 2503 Posita
1041 2453 1128 2502 est
1161 2446 1332 2515 igitur
1357 2444 1410 2498 in
1445 2445 1708 2499 liliatione
1741 2442 2029 2498 adorantis

459 2541 600 2596 ratio
630 2558 646 2608 ;
688 2538 1030 2608 omninoque
1072 2538 1320 2594 dicemus
1355 2535 1692 2592 adorandum
1721 2549 1846 2591 esse
1887 2533 2028 2588 Filio

429 2695 432 2698 _
459 2630 677 2684 Patrem
700 2669 716 2694 ,
749 2635 808 2683 ut
839 2629 934 2698 qui
975 2629 1032 2682 in
1073 2627 1179 2682 hoc
1213 2642 1337 2682 esse
1379 2636 1573 2681 nactus
1604 2627 1708 2688 sit,
1741 2625 1906 2680 sicuti
1937 2639 2033 2678 no-

455 2722 545 2777 bis
577 2737 797 2792 quoque
827 2719 1172 2775 adorandum
1211 2719 1484 2774 incumbit
1519 2734 1585 2773 ex
1622 2733 1687 2772 eo
1720 2717 1866 2788 quod
1911 2715 2029 2770 ani-

457 2813 618 2867 malia
653 2827 846 2868 sumus
880 2813 1097 2866 ratione
1130 2809 1424 2880 praedicta,
1462 2817 1518 2865 et
1552 2809 1802 2863 mortalia
1826 2848 1840 2872 ,
1874 2822 2028 2861 men-

457 2905 530 2960 tis
558 2910 613 2958 et
643 2902 955 2975 disciplina:
1003 2902 1265 2972 capacia,
1315 2902 1500 2972 potius
1543 2917 1707 2971 quam
1755 2900 1922 2956 animi
1965 2915 2031 2954 ae

458 2994 760 3050 voluntatis
803 3001 979 3048 motu.
1030 2991 1166 3047 Nam
1223 2993 1269 3048 si
1331 3000 1529 3048 natura
1580 2992 1908 3062 Unigenitus
1963 3006 2029 3046 ac

2132 517 2426 591 ἐξαιρέτως
2469 520 2696 593 λέγηται
2745 529 3088 594 προσκυνεῖν.
3142 522 3274 581 Εἶτα
3327 527 3446 591 πῶς
3475 528 3600 591 Υἱὸς
3626 528 3710 583 ἔτι

2129 612 2191 665 τὸ
2216 613 2460 684 ποιηθὲν,
2490 615 2524 686 ἢ
2556 615 2672 679 πῶς
2699 617 2780 670 ἐτι
2816 617 3020 692 Κύριος
3049 623 3078 674 δ
3101 619 3304 685 δοῦλος,
3337 621 3432 674 καὶ
3461 621 3665 693 λάτρης
3690 640 3707 688 ;

2131 699 2300 774 Οἶμαι
2327 705 2436 778 γὰρ
2462 706 2637 776 ἔγωγε
2658 709 2719 762 τὸ
2751 710 2851 782 μὲν
2874 711 3153 782 βασιλικόν
3176 729 3235 768 τε
3273 713 3368 766 καὶ
3389 713 3710 766 δεσποτικὸν

2131 797 2190 848 ὲν
2232 797 2788 869 τῷίπροσκυνεῖσθαι
2848 803 3176 875 διαλάμπειν
3238 804 3488 877 ἀξίωμαο
3539 804 3602 858 τὸ
3653 805 3710 860 δὲ

2129 887 2398 941 οίκετικόν
2450 905 2510 941 τε
2564 892 2658 944 καὶ
2707 891 3106 964 δουλοπρεπὲς,
3164 895 3223 948 ἐν
3253 894 3331 964 τῷ
3383 897 3710 965 προσκυνεῖν

2131 979 2410 1049 ὁρίζεσθαι
2434 983 2654 1054 μέτρον.
2683 984 2776 1054 Τῷ
2798 983 2909 1057 γὰρ
2936 987 3296 1039 ὑποπίπτοντι
3326 987 3475 1056 ημᾶς
3501 985 3711 1040 οἴεσθαι

2130 1071 2212 1124 δεῖ
2241 1071 2340 1144 τὴν
2379 1074 2784 1148 ὑπερκειμένην
2816 1079 2911 1132 καὶ
2942 1079 3129 1133 ἐπάνω
3163 1079 3384 1133 πάντων
3415 1079 3710 1149 ὁμολογου-

2135 1164 2302 1236 μένην
2347 1165 2527 1235 φύσιν.
2569 1167 2856 1240 Τοιγάρτοι
2888 1170 2982 1224 καὶ
3010 1171 3158 1242 πάσῃ
3184 1173 3249 1242 τῇ
3279 1171 3453 1223 κτίσει
3492 1169 3583 1223 διὰ
3611 1167 3707 1224 τοῦ

2132 1257 2409 1325 πανσόφου
2441 1263 2841 1328 προσεφωνεῖτο
2861 1262 3121 1328 Μωσέως,
3159 1282 3177 1315 ι
3211 1262 3418 1333 Κύριον
3448 1261 3542 1314 τὸν
3573 1261 3706 1314 Θεόν

2132 1365 2227 1402 σου
2257 1351 2691 1422 προσκυνήσεις,
2742 1354 2838 1406 καὶ
2880 1354 3030 1425 αὑτῷ
3077 1355 3225 1426 μόνῳ
3282 1354 3639 1426 λατρεύσεις·
3681 1374 3699 1406 ι

2131 1441 2269 1495 ὥστε
2301 1444 2409 1514 ὅτῳ
2443 1443 2584 1497 κατά
2617 1444 2778 1513 φύσιν
2810 1447 2958 1500 ἐστὶν
3006 1448 3040 1517 η
3083 1446 3314 1511 δουλεία,
3349 1447 3446 1500 καὶ
3481 1447 3587 1500 ὑπὸ
3611 1446 3706 1499 τὸν

2129 1537 2229 1604 τῆς
2259 1535 2509 1605 θεότητος
2547 1536 2736 1589 πίπτει
2767 1537 2930 1606 ζυγὸν
2949 1576 2964 1601 ,
3006 1537 3168 1592 τοῦτο
3214 1537 3278 1610 δὴ
3329 1538 3546 1602 πάντως
3565 1579 3580 1602 ,
3612 1539 3707 1591 καὶ

2131 1628 2343 1696 ἀνάγκη
2374 1632 2720 1698 προσκυνεῖν,
2749 1631 2843 1684 καὶ
2865 1630 2943 1700 τῷ
2970 1630 3070 1700 τῆς
3108 1629 3362 1700 λατρείας
3387 1629 3705 1683 ὑποκεῖσθαι

2134 1719 2394 1788 σχήματι.
2443 1719 2531 1772 Ἐν
2559 1719 2658 1792 μὲν
2692 1720 2800 1792 γὰρ
2832 1721 2910 1791 τῷ
2939 1724 3113 1775 εἰπεῖν
3142 1721 3366 1794 Κύριον,
3399 1721 3623 1793 διορίζει
3646 1723 3709 1775 τὸ

2129 1807 2334 1874 δοῦλον,
2366 1810 2424 1862 ὲν
2460 1797 2518 1862 δὲ
2547 1808 2625 1880 τῷ
2659 1809 2812 1875 Θεὸν,
2852 1809 2914 1863 τὸ
2949 1810 3334 1881 πεποιημένον.
3369 1812 3708 1864 Συνεπινοεῖ-

2128 1919 2217 1954 ται
2256 1901 2364 1972 γάρ
2413 1919 2530 1964 πως
2572 1901 2669 1955 καὶ
2723 1901 3252 1966 ἀντιδιαστέλλεται,
3288 1901 3368 1972 τῷ
3412 1901 3512 1972 μὲν
3565 1902 3708 1955 κατά

2131 1986 2292 2056 φύσιν
2326 1988 2518 2059 Κυρίῳ
2557 1989 2620 2041 τὸ
2659 1987 2874 2054 δοῦλον,
2922 1991 2988 2060 τῇ
3023 1989 3080 2042 δὲ
3121 1991 3371 2062 ἀγενήτῳ
3403 1990 3618 2062 θεότητι
3645 1991 3708 2043 τὸ

2131 2079 2411 2149 παραχθὲν
2480 2081 2562 2143 είς
2617 2080 2850 2149 γένεσιν.
2904 2080 2962 2134 '0
3005 2081 3064 2135 δὲ
3108 2082 3237 2147 Υἱὸς
3290 2084 3475 2148 ἀῖδίως
3525 2082 3602 2136 ὣν
3647 2084 3708 2137 ὲν

2129 2172 2322 2241 Πατρὶ,
2364 2171 2456 2225 καὶ
2490 2171 2694 2244 Κύριός
2743 2189 2804 2226 τε
2862 2174 3125 2248 ὑπάρχων
3165 2174 3241 2238 ὠς
3271 2173 3434 2239 Θεὸς,
3489 2174 3611 2229 ὅθεν
3640 2175 3706 2228 ἂν

2129 2257 2372 2326 φαίνοιτο
2407 2258 2468 2312 τὸ
2500 2263 2830 2330 προσκυνεῖν
2856 2262 3178 2331 έποφείλων,
3214 2262 3407 2335 ἀπορῶ
3449 2264 3547 2334 μὲν
3583 2264 3704 2316 ἐπι-

2127 2346 2392 2400 δεικνύειν
2418 2347 2548 2416 ὲγὼ·
2584 2349 2969 2422 φλυαρούντων
3005 2351 3062 2404 δὲ
3088 2352 3250 2405 πάλιν
3283 2352 3500 2405 ἐκεῖνοι.
3525 2352 3702 2422 Προσ-

2128 2439 2391 2510 κυνήσει,
2441 2441 2638 2511 φησὶν,
2678 2443 2706 2494 ὁ
2752 2443 3064 2514 Μονογενὴς
3098 2442 3175 2513 τῷ
3213 2443 3387 2513 Πατρὶ
3411 2482 3428 2506 ,
3471 2441 3596 2495 οὔτε
3628 2441 3705 2506 ὡς

2127 2529 2311 2595 δοῦλος
2334 2570 2348 2597 ,
2393 2530 2518 2585 οὔτε
2547 2531 2624 2596 ὡς
2664 2534 2910 2603 ποίημα,
2960 2535 3077 2588 ἀλλ’
3111 2535 3188 2599 ὡς
3231 2535 3360 2597 Υίὸς
3399 2533 3480 2605 τῷ
3513 2535 3704 2604 γεννή-

2131 2639 2303 2676 σαντι.
2332 2624 2728 2695 Παραληπτέον
2752 2623 2844 2680 οὖν
2875 2627 2985 2698 ἄρα
3011 2627 3110 2697 τὴν
3137 2626 3508 2699 προσκύνησιν
3543 2627 3602 2680 ὲν
3625 2624 3705 2696 τῷ

2126 2715 2227 2785 τῆς
2259 2716 2507 2786 υίότητος
2537 2719 2646 2788 ὅρῳ
2665 2759 2680 2782 ,
2728 2718 2822 2771 καὶ
2869 2718 3062 2790 χρῆναι
3091 2720 3310 2782 πάντως
3337 2717 3571 2790 ἐροῦμεν
3612 2719 3704 2772 τὸν

2127 2807 2259 2861 Υἱὸν
2291 2811 2616 2879 προσκυνεῖν
2647 2808 2726 2879 τῷ
2758 2810 2935 2880 Πατρὶ
2957 2851 2974 2876 ,
3022 2809 3097 2872 ὡς
3147 2812 3205 2884 έν
3254 2809 3429 2881 τούτῳ
3474 2811 3535 2863 τὸ
3568 2807 3705 2864 εἶναι

2129 2899 2382 2969 λαχόντα,
2413 2901 2664 2972 καθάπερ
2689 2896 2782 2954 οὖν
2811 2902 2906 2954 καὶ
2933 2903 3092 2971 ἡμεῖς
3127 2901 3185 2955 ὲν
3205 2900 3284 2972 τῷ
3305 2898 3446 2954 εἶναι
3478 2900 3593 2965 ζῶα
3618 2901 3704 2955 λο-

2129 2993 2282 3061 γικά,
2318 2993 2413 3047 καὶ
2444 2992 2634 3064 θνητὰ,
2665 2992 2758 3046 νοῦ
2793 2993 2886 3046 καὶ
2917 2995 3228 3065 ἐπιστήμης
3257 2993 3500 3059 δεκτικὰ,
3532 2995 3566 3066 ἢ
3592 2997 3706 3058 τοῖς

457 3087 605 3142 velut
639 3101 707 3142 ex
738 3087 1072 3142 necessitate
1118 3085 1353 3154 quadam
1402 3086 1635 3140 adorare
1685 3085 1880 3148 debet,
1925 3084 2027 3139 ita-

2132 3085 2326 3153 ἔξωθεν
2353 3085 2494 3140 κατά
2521 3085 2645 3140 νοῦν
2677 3086 2960 3156 κινήμασι,
3007 3087 3103 3139 καὶ
3143 3089 3261 3150 ταῖς
3291 3089 3355 3140 ἐκ
3383 3087 3705 3158 θελημάτων

456 3190 567 3246 que
627 3175 707 3230 illi
773 3175 1021 3231 sentiunt
1081 3186 1144 3229 ac
1200 3173 1544 3244 praedicant:
1591 3172 1867 3243 quomodo
1916 3187 2027 3225 non

458 3274 646 3338 aperte
701 3268 756 3321 in
823 3267 1034 3337 ipsum.
1065 3265 1284 3320 Patrem
1339 3279 1571 3336 peccare
1619 3263 2031 3334 deprehenden-

459 3357 590 3411 ιιιτῖ
621 3354 858 3412 Omnino
890 3355 1036 3411 enim
1070 3368 1298 3409 necesse
1333 3358 1425 3409 ἐει
1467 3355 1645 3423 ipsum
1690 3367 1911 3423 quoque
1947 3361 2031 3406 ta-

457 3446 564 3502 lem
593 3446 809 3501 censeri
833 3485 848 3510 ,
885 3443 1332 3515 quandoquidem
1375 3442 1498 3511 ejus
1540 3442 1722 3511 imago
1751 3451 1805 3496 et
1833 3441 2031 3495 chara-

460 3545 577 3593 cter
604 3547 688 3592 est
718 3534 894 3590 Filius
936 3535 1003 3599 ⁸³,
1055 3541 1110 3587 et
1138 3547 1482 3603 quaecunque
1530 3533 1782 3588 eamdem
1831 3539 1887 3587 et
1931 3546 2032 3601 per

459 3626 646 3682 omnia
705 3624 975 3694 aequalem
1031 3622 1446 3677 similitudinem
1513 3622 1752 3688 habent,
1801 3636 1865 3677 ea
1927 3622 2034 3676 uti-

459 3733 565 3789 que
599 3717 750 3771 nullo
777 3715 939 3770 modo
966 3713 1248 3768 differunt.
1295 3712 1452 3779 Quod
1495 3711 1543 3767 si
1584 3713 1638 3766 in
1686 3712 1804 3769 sola
1835 3713 2030 3768 volun-

463 3821 572 3864 tate
600 3806 720 3862 Filii
753 3807 994 3877 positum
1029 3820 1155 3860 esse
1197 3805 1425 3870 dicunt,
1469 3803 1617 3874 quod
1674 3803 1890 3858 Patrem
1932 3795 2040 3858 ad!

461 3907 581 3954 oret
602 3939 616 3963 ,
651 3896 988 3967 coniecturis
1022 3905 1308 3950 moventur
1333 3894 1517 3964 potius
1530 3909 1692 3964 quam
1719 3893 2030 3951 rationibus

462 3992 629 4048 veris.
657 3989 727 4044 At
757 3987 890 4061 quid
923 3987 1158 4042 vetuerit
1189 3989 1488 4056 quominus
1522 3986 1616 4041 alii
1654 3985 2030 4042 inconsidera-

461 4098 570 4143 tam
603 4099 716 4155 pm
766 4097 827 4137 se
858 4079 1096 4136 ferentes
1127 4080 1382 4150 pietatem
1425 4079 1644 4145 dicant,
1681 4076 1898 4135 Patrem
1937 4079 2034 4135 ad-

461 4191 620 4234 orare
667 4174 809 4230 velle
839 4171 1069 4234 Filium,
1098 4171 1350 4242 quamvis
1409 4173 1713 4227 secundum
1774 4183 2028 4226 naturam

461 4283 616 4326 suam
653 4282 764 4323 non
799 4267 874 4322 sit
923 4265 1230 4320 adorator?
1281 4262 1386 4320 Sed
1431 4272 1864 4320 consentaneum
1913 4273 2028 4330 est,

461 4361 678 4432 inquit,
717 4366 779 4414 ut
810 4371 1052 4428 persona
1085 4355 1266 4411 Patris
1289 4356 1359 4412 ab
1388 4355 1710 4412 adoratione
1730 4357 2026 4422 eximatur,

460 4431 632 4507 Filios
680 4457 866 4504 autem
897 4449 948 4503 ei
978 4447 1288 4502 adorationi
1324 4447 1397 4502 sit
1430 4447 1700 4504 obnoxius
1729 4447 1889 4519 eique
1921 4464 2027 4503 non
2064 4431 2107 4486 Ῑ)

458 4542 619 4609 juvit.
652 4538 795 4607 Quid
826 4539 908 4593 ais
929 4577 944 4601 ,
974 4552 1008 4592 ο
1033 4537 1217 4592 bone?
1242 4535 1396 4593 Tune
1427 4553 1646 4595 rursum
1674 4539 1835 4596 nobis
1869 4541 2031 4612 188

463 4639 722 4698 tanquam
751 4645 818 4685 ex
852 4628 1030 4699 adytis
1073 4636 1169 4683 aut
1201 4627 1516 4683 Graecorum
1559 4631 1769 4700 tripode
1812 4632 2031 4700 profers

462 4721 722 4783 oracula,
771 4727 867 4774 aut
906 4720 1162 4791 exemplo
1203 4717 1414 4774 Sameaa
1465 4721 1617 4777 illius
1667 4707 1912 4778 Elamitze
1963 4725 2032 4780 de

463 4809 629 4867 corde
662 4818 758 4864 tuo
787 4820 1034 4876 eructas,
1072 4824 1180 4866 non
1214 4825 1279 4866 ex
1311 4826 1406 4866 ore
1442 4809 1694 4866 Domini?
1726 4813 1790 4868 Et
1821 4815 1911 4870 hic
1942 4831 2034 4870 no-

465 4901 551 4957 bis
578 4909 1010 4956 consentaneum
1057 4901 1193 4957 illud
1247 4916 1522 4972 opponere
1565 4904 1714 4959 velut
1765 4905 2028 4962 invictum

465 4990 726 5062 quiddam
754 5004 864 5045 non
889 4991 1213 5048 erubescis?
1236 4992 1510 5063 Numquid
1553 4995 1698 5048 enim
1734 5007 2032 5053 consenta-

465 5095 630 5137 neum
683 5093 806 5135 esse
857 5079 1118 5150 putabis,
1169 5087 1231 5133 ut
1278 5081 1371 5148 qui
1422 5082 1721 5135 secundum
1774 5093 2033 5139 naturam

466 5173 609 5228 Deus
637 5177 758 5239 est,
789 5168 960 5225 Deum
994 5169 1191 5225 habeat
1219 5166 1456 5224 Verbum
1485 5186 1550 5226 ex
1582 5187 1640 5227 se
1669 5173 1911 5242 genitum
1933 5215 1947 5237 ,
1982 5183 2038 5229 et

467 5266 514 5320 is
565 5277 728 5335 quam
773 5260 968 5316 adorat
1010 5261 1194 5316 omnis
1247 5269 1502 5314 creatura
1556 5261 1856 5317 adorabilis
1912 5263 2036 5322 Filii

467 5370 576 5409 non
606 5351 884 5408 adorantis
922 5349 1081 5404 Pater
1111 5357 1341 5404 vocetur
1371 5356 1426 5403 et
1468 5351 1542 5405 sit
1581 5351 1823 5406 natura?
1866 5353 2034 5424 Atqui

469 5452 522 5498 te
559 5443 696 5506 nihil
735 5442 1082 5514 sapientibus
1115 5440 1531 5496 dissentaneum
1563 5441 1839 5498 dicturum
1875 5455 2028 5515 puto.

469 5533 750 5597 Quomodo
779 5548 946 5602 porro
971 5541 1281 5589 statuemus
1313 5541 1743 5590 consentaneum
1776 5552 1900 5594 esse
1920 5578 1933 5603 ,
1974 5551 2034 5594 ut

540 5716 585 5749 "
616 5716 773 5773 Deut.
807 5734 883 5784 vi,
919 5720 1017 5787 l5;
1047 5717 1238 5774 Matth.
1276 5730 1347 5779 Iv,
1392 5714 1479 5776 l0.
1549 5719 1592 5751 ”
1627 5717 1744 5775 Col.
1781 5733 1819 5786 I,
1860 5717 1947 5774 l5.

2132 3180 2324 3248 ῥοπαῖς
2352 3177 2738 3249 ἐπιτρέψομεν.
2784 3179 2847 3230 Ei
2883 3177 2983 3248 μὲν
3025 3177 3135 3248 γάρ
3189 3177 3523 3252 ὲνέσπαρται
3563 3179 3706 3234 κατά

2131 3269 2291 3339 φύσιν
2319 3269 2398 3341 τῷ
2424 3271 2722 3338 Μονογενεῖ
2760 3269 2824 3323 τὸ
2867 3269 3063 3340 χρῆναι
3111 3271 3356 3336 πάντως,
3407 3275 3503 3325 καὶ
3529 3272 3606 3336 ὡς
3647 3271 3707 3338 ἐξ

2130 3359 2374 3429 ἀνάγκης
2406 3360 2730 3428 προσκυνεῖν
2751 3397 2769 3425 ,
2807 3357 2951 3412 οὑτω
2977 3376 3037 3412 τε
3071 3361 3253 3414 νοοῦσι
3313 3363 3409 3414 καὶ
3461 3361 3703 3430 λέγουσι,

2131 3447 2247 3511 πῶς
2288 3449 2349 3502 οὑ
2396 3448 2618 3518 γυμνῶς
2654 3449 2735 3512 είς
2781 3447 2943 3502 αὑτὸν
2979 3449 3365 3514 δυσσεϐοῦντες
3409 3450 3707 3506 ἁλώσονται

2129 3538 2220 3592 τὸν
2255 3539 2511 3609 Πατέρα;
2555 3541 2710 3594 Πᾶσα
2739 3539 2847 3612 γὰρ
2880 3541 2976 3593 καὶ
3018 3539 3180 3593 αὑτὸν
3227 3540 3440 3614 ἀνάγκη
3467 3543 3710 3598 νοεῖσθαι

2129 3629 2398 3694 τοιοῦτον,
2443 3631 2676 3703 ἐπείπερ
2705 3633 2800 3686 καὶ
2842 3631 3007 3686 είκὼν
3043 3631 3242 3698 αὑτοῦ,
3276 3633 3371 3688 καὶ
3416 3636 3707 3708 χαρακτήρ

2132 3721 2277 3774 ἐστιν
2307 3723 2337 3774 ὸ
2369 3721 2520 3786 Υἱὸς,
2547 3723 2644 3776 καὶ
2671 3723 2882 3794 ὅσαπερ
2914 3723 2980 3777 ἂν
3013 3726 3071 3778 ὲν
3108 3725 3551 3795 ἀπαραλλάκτοις
3598 3726 3705 3779 ὑπ-

2132 3813 2288 3884 άρχοι
2316 3816 2426 3877 τοῖς
2454 3814 2780 3886 ὁμοιώμασι,
2829 3816 3000 3870 ταῦτα
3056 3815 3122 3890 δὴ
3154 3819 3366 3882 πάντως
3394 3820 3516 3872 κατ’
3553 3818 3708 3873 οὐδὲν

2131 3903 2340 3959 διοίσει.
2370 3904 2434 3956 Ei
2468 3903 2523 3957 δὲ
2551 3905 2609 3959 έν
2638 3906 2784 3977 μόνῳ
2828 3908 3042 3961 κεῖσθαί
3071 3925 3202 3977 φασι
3245 3909 3323 3981 τῷ
3365 3909 3590 3980 θελῆσαι
3616 3909 3706 3963 τὸν

2133 3993 2260 4046 Υίὸν
2297 3993 2592 4064 προσάγειν
2618 3995 2696 4066 τῷ
2729 3997 2903 4066 Πατρὶ
2935 3999 3036 4063 τὴν
3078 3999 3466 4070 προσκύνησιν,
3511 4017 3700 4072 στοχα-

2133 4083 2254 4136 σταὶ
2281 4083 2480 4154 μᾶλλόν
2507 4085 2674 4150 είσιν,
2707 4085 2740 4155 ἢ
2785 4086 2886 4155 τῆς
2926 4087 3180 4156 ἀληθείας
3223 4091 3600 4159 ἐπιστήμονες.
3636 4089 3701 4142 Τί

2129 4174 2174 4226 δ’
2201 4174 2266 4227 ἀν
2294 4177 2390 4229 καὶ
2429 4175 2648 4248 ἑτέρους
2677 4176 2918 4230 κωλύσαι
2947 4181 3140 4244 εἰπεῖν,
3185 4180 3556 4250 ῥιψοκίνδυνόν
3580 4197 3700 4234 τινα

2131 4265 2533 4336 πλαττομένους
2558 4267 2863 4333 εὐλάϐειαν,
2893 4270 2974 4322 ὅτι
2991 4269 3212 4338 θελητὸν
3238 4271 3314 4341 τῷ
3333 4273 3507 4344 Πατρὶ
3538 4290 3703 4344 προσ-

2133 4361 2315 4411 κυνεῖν
2352 4359 2429 4430 τῷ
2465 4359 2608 4430 Υίῷ,
2652 4360 2829 4414 καίτοι
2870 4362 3019 4429 κατὰ,
3048 4362 3210 4432 φύσιν
3248 4365 3346 4418 οὑκ
3389 4364 3502 4418 δντι
3541 4381 3707 4435 προσ-

2136 4451 2383 4520 κυνητῇ;
2441 4448 2580 4502 Ἀλλ’
2623 4448 2772 4513 αὑτὸ,
2825 4452 2980 4519 φησι,
3005 4451 3066 4504 τὸ
3106 4453 3336 4524 πρέπον,
3381 4454 3442 4507 τὸ
3477 4455 3578 4525 μὲν
3613 4454 3707 4510 τοῦ

2137 4540 2350 4611 Πατρὸς
2409 4539 2752 4604 ὑπεξελεῖται
2814 4541 3143 4608 πρόσωπον,
3197 4544 3462 4614 ὑποθήσει
3518 4546 3574 4598 δὲ
3629 4546 3706 4617 τῷ

2137 4631 2424 4701 πράγματι
2463 4633 2554 4684 τὸν
2578 4632 2726 4698 Υίὸν,
2753 4633 2853 4686 οὑκ
2886 4632 3183 4703 ἀδούλητον
3220 4633 3412 4704 ἔχοντα
3441 4635 3502 4687 τὸ
3535 4653 3702 4707 προσο

2137 4724 2318 4774 κυνεῖν
2364 4721 2442 4792 τῷ
2489 4724 2683 4794 Πατρί.
2729 4724 2794 4777 Τί
2847 4724 2986 4795 φῂς,
3033 4717 3079 4778 ὦ
3125 4719 3304 4789 οὗτοςς
3357 4726 3525 4780 Πάλιν
3576 4728 3706 4796 ἡμῖν

2135 4813 2210 4877 ὡς
2242 4813 2302 4878 ἐξ
2331 4813 2558 4880 ἀδύτων,
2597 4816 2715 4886 ἦτοι
2748 4819 3017 4887 τριπόδων
3055 4817 3385 4889 Ἑλληνικῶν
3415 4817 3706 4888 ἀναφέρεις

2138 4904 2236 4968 τὰς
2278 4905 2634 4978 μαντείας,ἢ
2679 4909 2800 4961 κατ’
2842 4909 3048 4963 ἐκεῖνον
3093 4909 3225 4982 ἔρχῃ
3273 4910 3364 4963 τὸν
3413 4909 3705 4981 Ἐλαμίτην

2137 4995 2358 5066 Σημέαν
2384 4995 2452 5048 τά
2494 4996 2603 5050 ἀπὸ
2642 4999 2865 5069 καρδίας
2891 5000 3278 5071 ὲρευγόμενος,
3319 5003 3414 5055 καὶ
3452 5001 3553 5054 οὑκ
3600 5001 3706 5054 ἀπὸ

2137 5084 2402 5154 στόματος
2421 5086 2656 5157 Κυρίου;
2697 5087 2770 5140 Τὸ
2793 5087 2850 5140 δὲ
2890 5089 3096 5160 πρέπον
3120 5093 3270 5161 ἡμῖν,
3300 5092 3377 5154 ὡς
3415 5091 3704 5160 ἀκαταγω-

2136 5193 2314 5231 νιστον
2339 5178 2396 5230 ὲν
2434 5178 2640 5243 τούτοις
2669 5179 2982 5249 ἀντεξάγων
3013 5181 3114 5235 οὑκ
3157 5182 3448 5254 ὲρυθριᾷς;
3487 5184 3557 5236 ’Ἠ
3599 5181 3706 5252 γὰρ

2138 5271 2237 5325 οὑκ
2273 5273 2431 5344 οἰήσῃ
2461 5273 2690 5344 πρέπειν
2733 5274 2824 5326 τὸν
2863 5274 2992 5329 ὄντα
3024 5275 3166 5328 κατά
3208 5275 3371 5346 φύσιν
3395 5275 3548 5340 Θεὸν,
3575 5274 3706 5328 Θεὸν

2139 5361 2282 5433 ἔχειν
2323 5363 2414 5418 τὸν
2459 5364 2517 5430 ἐξ
2562 5363 2726 5419 αὑτοῦ
2772 5365 3101 5438 γεννηθέντα
3129 5367 3338 5436 Λόγον,
3395 5367 3490 5420 καὶ
3536 5364 3626 5419 τὸν
3662 5358 3707 5432 ᾧ

2140 5456 2432 5523 προσκυνεῖ
2477 5456 2627 5508 πᾶσα
2675 5457 2707 5525 ἠ
2741 5457 2939 5523 κτίσις,
2971 5457 3446 5529 προσκυνουμένου
3483 5456 3704 5526 μᾶλλον,

2139 5544 2634 5615 ἦπροσκυνοῦντος
2683 5549 2901 5620 Πατέρα
2947 5550 3261 5613 καλεῖσθαι,
3319 5547 3414 5603 καὶ
3455 5543 3596 5602 εἶναι
3643 5547 3707 5616 τῇ
