4090 6266
365 301 470 360 309

1422 279 1487 335 IN
1521 275 1812 334 JOANNIS
1835 273 2285 332 EVANGELIUM
2325 273 2452 329 LIB.
2517 270 2582 327 11.

3504 269 3611 324 δίο

367 414 564 484 φύσει;
609 405 748 462 Ἀλλ’
785 398 937 472 οἶμαι
973 400 1083 462 τοῖς
1121 397 1288 459 ὅντως
1311 393 1628 484 σοφοῖςᾲούκ
1668 390 1941 484 ἀπᾴδοντ-α,

2063 406 2073 443 ι
2116 404 2218 444 suo
2261 387 2535 459 genimine
2574 383 2734 438 Pater
2765 381 3048 444 adoretur,
3077 395 3201 436 cum
3237 381 3330 435 illa
3360 381 3427 438 de
3455 393 3610 438 utra-

369 482 574 574 λέγειν.
606 499 732 561 Πῶς
760 495 817 550 δὲ
870 493 961 548 καὶ
1009 488 1241 561 πρέπειν
1272 482 1570 556 ὁριούμεθα
1618 482 1940 574 προσκυνεῖ-

375 569 501 650 σθαι
538 589 690 661 παρά
717 585 810 640 τοῦ
860 584 987 638 ίδίου
1014 580 1350 651 γεννήματος
1379 574 1467 630 τὸν
1487 573 1726 643 Πατέρα,
1755 569 1944 625 τοσαύ-

375 702 478 756 την
501 677 871 752 ὑπομενούσης
897 672 1096 744 ζημίαν
1121 671 1216 739 τῆς
1249 670 1337 721 ἐπ’
1361 667 1562 737 ἀμφοῖν
1588 663 1939 756 ὑπολήψεως

381 753 606 845 Πρῶτον
638 770 736 841 μὲν
761 769 868 837 γὰρ
899 764 1023 819 οὕτε
1057 765 1114 816 ἐν
1150 761 1356 830 ἰσότητι
1392 758 1495 827 τῆς
1525 755 1700 822 ἀξίας,
1734 753 1857 808 οὕτε
1885 755 1943 807 ὲν

386 863 780 938 ἀπαραλλάκτῳ
795 859 892 928 τῆς
922 857 1137 926 φύσεως
1162 849 1424 920 είκόνιτῷ
1447 850 1522 921 μὴ
1552 845 1943 938 προσκυνοῦντι

388 936 637 1010 κείσεται.
671 949 974 1022 Προσκυνεί
1019 946 1129 1016 γὰρ
1166 943 1240 1007 ὡς
1265 942 1524 1006 ὲλάττων,
1556 938 1652 992 καὶ
1695 938 1754 991 ού
1785 936 1947 990 ποσό⁴

383 1061 499 1114 τητι
522 1041 806 1112 μετρητὸς,
835 1040 903 1108 τῇ
948 1035 1094 1090 κατά
1121 1051 1173 1086 τι
1206 1031 1314 1086 τῶν
1355 1027 1819 1102 προσπεφυκότων
1841 1044 1854 1058 ο
1883 1025 1945 1078 οὐ

381 1139 482 1210 γὰρ
535 1137 774 1191 ἐλάττων
808 1133 961 1210 ἔσται
998 1128 1130 1192 Θεὸς
1152 1169 1168 1195 ,
1221 1126 1254 1197 ἥ
1286 1124 1488 1195 Κύριος
1513 1139 1528 1154 ο
1571 1119 1696 1176 ἀλλ”
1720 1121 1796 1184 ὡς
1837 1120 1949 1210 ὅρῳ

379 1205 648 1298 διαφέρων
686 1223 764 1295 τῷ
811 1207 952 1277 κατά
992 1219 1084 1273 τὸν
1117 1217 1211 1272 τοῦ
1250 1215 1370 1279 πῶς
1413 1212 1550 1267 εἶναι
1595 1210 1771 1280 λόγον.
1814 1205 1950 1264 Εἶτα

383 1318 494 1382 πῶς
522 1316 728 1388 ἀληθὴς
757 1313 1112 1382 ἀναφανεῖται
1139 1309 1344 1377 λέγων,
1379 1323 1397 1356 ι
1441 1305 1499 1358 '0
1533 1300 1792 1372 ἑωρακὼς
1825 1299 1947 1368 ἐμὲ,

380 1407 590 1478 ἑώρακε
648 1406 740 1460 τὸν
791 1403 1030 1474 Πατέρα.
1073 1419 1092 1453 ›
1131 1398 1256 1461 Πῶς
1315 1397 1372 1450 δὲ
1430 1398 1626 1466 χρῆναι
1688 1391 1950 1464 τιμᾶσθαί

380 1515 545 1570 φησιν
579 1497 772 1552 ἑαυτὸν
801 1496 902 1548 ούκ
941 1495 999 1546 ὲν
1037 1492 1276 1545 ἐλάττονι
1308 1489 1470 1560 μοίρᾳ.
1511 1486 1605 1575 τού
1641 1483 1855 1557 Πατρὸς
1891 1483 1954 1537 τὸ

381 1586 499 1644 ῐσον
546 1589 648 1642 οὐκ
699 1586 838 1656 ἔχων
885 1586 944 1637 ὲν
975 1581 1100 1654 δόξῃ
1145 1583 1288 1636 κατά
1323 1597 1384 1648 γε
1433 1579 1522 1632 τὸν
1569 1575 1658 1630 τοῦ
1711 1592 1952 1647 προσκυ-

387 1679 603 1742 νοῦντος
633 1679 833 1745 λόγον;
868 1671 1002 1731 Elea.
1038 1675 1173 1745 πρὸς
1199 1673 1392 1741 τούτῳ,
1441 1670 1534 1724 καὶ
1565 1667 1724 1730 αὐτὸς
1759 1668 1892 1736 ἡμῖν
1926 1667 1955 1718 ό

2041 493 2149 548 que
2199 478 2389 549 opinio
2437 484 2648 532 tantum
2691 473 3005 530 detrimenti
3039 474 3326 544 patiatur?
3360 471 3608 530 Primum

2041 570 2185 625 enim
2207 609 2221 634 ,
2253 583 2353 623 nec
2381 567 2649 638 dignitate
2674 566 2900 637 aequalis
2918 605 2932 629 ,
2963 579 3064 620 nec
3094 565 3273 636 imago
3299 579 3398 634 per
3423 565 3612 620 omnia

2044 657 2244 713 similis
2269 657 2375 711 erit
2403 672 2511 710 non
2540 659 2814 711 adoranti.
2839 655 3049 710 Adorat
3073 655 3223 710 enim
3247 694 3262 720 ,
3292 663 3352 708 ut
3387 656 3566 710 minor
3595 675 3608 710 :

2044 748 2209 818 idque
2241 762 2350 802 non
2389 747 2716 818 quantitatis
2753 746 3138 802 accidentariae
3171 761 3431 802 mensura
3470 749 3615 818 (nec

2044 842 2193 894 enim
2225 839 2408 895 minor
2437 853 2560 895 esse
2590 848 2771 910 potest
2819 853 3064 909 unquam
3103 837 3248 894 Deus
3292 848 3390 894 aut
3430 837 3616 895 Domi-

2049 935 2196 1005 nus),
2233 934 2330 990 sed
2362 933 2647 990 essentiali
2679 932 3008 989 dillerentia.
3044 933 3112 986 At
3141 931 3418 1002 quomodo
3447 948 3615 988 verax

2047 1025 2152 1080 erit
2179 1025 2371 1081 dicens
2397 1045 2411 1082 :
2438 1045 2456 1076 ι
2485 1025 2589 1092 Qui
2608 1025 2747 1080 vidit
2780 1040 2885 1090 me,
2915 1024 3054 1079 vidit
3088 1035 3142 1080 et
3169 1023 3387 1078 Patrem
3417 1023 3558 1080 “4‘.
3592 1042 3610 1074 ι

2049 1117 2115 1171 Ει
2163 1117 2440 1187 quomodo
2483 1119 2726 1188 seipsum
2778 1116 3162 1172 honorandum
3211 1131 3334 1172 esse
3363 1115 3475 1180 ait,
3506 1131 3616 1170 non

2051 1209 2231 1263 minus
2261 1223 2424 1278 quam
2456 1208 2678 1263 Patrem
2701 1252 2716 1275 ,
2748 1209 2844 1279 qui
2877 1208 3066 1280 gloria:
3104 1208 3462 1276 aequalitatem
3508 1221 3616 1262 non

2053 1298 2213 1354 habet
2235 1338 2248 1361 ,
2279 1299 2426 1370 quod
2458 1298 2526 1354 ad
2561 1301 2831 1355 rationem
2878 1298 3163 1355 adorantis
3207 1296 3445 1353 attinet?
3474 1295 3623 1352 Prae-

2053 1397 2204 1444 terea
2224 1433 2240 1457 ,
2274 1391 2396 1461 ipse
2437 1390 2602 1448 Pater
2645 1408 2755 1447 non
2801 1393 2918 1448 leve
2950 1389 3190 1447 dedecus
3221 1391 3505 1445 incurrere
3537 1390 3619 1443 vi-

2053 1477 2288 1532 debitur.
2313 1478 2499 1533 Gloria
2523 1479 2724 1549 quippe
2748 1479 2798 1534 ei
2823 1488 2907 1535 est
2933 1478 3094 1534 talem
3123 1482 3378 1550 genuisse
3397 1519 3412 1544 ,
3437 1477 3621 1548 qualis

2055 1567 2126 1622 sit
2156 1567 2272 1638 ipse
2300 1577 2496 1622 natura
2525 1591 2536 1622 :
2572 1577 2766 1623 contra
2799 1584 2932 1624 vero
2962 1569 3197 1625 dedecus
3219 1585 3327 1625 non
3359 1582 3620 1639 parvum,

2055 1659 2288 1715 alterius
2339 1668 2550 1714 naturae
2604 1658 2804 1714 Filium
2862 1661 3097 1726 habere,
3145 1667 3202 1716 et
3253 1662 3361 1716 tale
3413 1659 3622 1730 aliquid

391 1767 580 1838 Πατὴρ
600 1765 660 1818 ού
690 1764 788 1833 τῆς
809 1763 1076 1833 τυχούσης
1099 1758 1366 1829 ἀκοσμίας
1389 1756 1518 1810 εῐσω
1542 1752 1776 1822 γεγονὼς
1795 1751 1957 1820 ὀφθή-

2063 1751 2198 1821 pati,
2233 1750 2396 1820 quale
2447 1767 2515 1805 ne
2557 1751 2678 1821 ipsa
2721 1751 2943 1820 quidem
2992 1758 3377 1806 creaturarum
3427 1759 3624 1806 natura

393 1872 567 1908 σεται.
615 1853 750 1919 Δόξα
804 1853 902 1924 μὲν
937 1852 1046 1923 γὰρ
1095 1849 1243 1919 αύτῷ
1288 1847 1349 1900 τὺ
1396 1845 1652 1916 γεννῆσαι
1699 1843 1953 1904 τοιοῦτον,

392 1947 575 2010 ὁποῖός
607 1962 714 2016 περ
766 1945 832 1998 ἂν
890 1943 1127 2012 ὑπάρχοι
1171 1938 1313 1994 κατὰ
1368 1938 1530 2008 φύσιν
1574 1934 1767 1998 αύτός·
1800 1936 1862 1986 ὲκ
1902 1931 1957 1984 δὲ

393 2034 500 2088 τῶν
539 2033 792 2089 ἐναντίων
844 2028 1032 2101 αἶσχος
1071 2031 1132 2082 ού
1176 2028 1368 2100 μικρὸν
1417 2022 1701 2098 ἑτερογενῆ
1746 2039 1806 2074 τε
1866 2022 1958 2074 καὶ

392 2119 622 2193 ἔκφυλον
649 2123 792 2193 ἔχειν
825 2122 916 2174 τὸν
945 2121 1005 2185 ἐξ
1033 2117 1224 2184 αὐτοῦ,
1261 2118 1353 2171 καὶ
1385 2115 1580 2168 παθεῖν
1613 2131 1666 2166 τι
1697 2111 1954 2176 τοιοῦτον,

388 2213 418 2266 ό
460 2214 554 2266 καὶ
601 2212 738 2282 αύτὴ
788 2211 896 2264 τῶν
947 2208 1189 2280 γενητῶν
1245 2206 1627 2277 ἀπενάρκησεν
1681 2204 1713 2272 ἠ
1774 2201 1954 2271 φύσις.

389 2305 573 2357 Τίκτει
625 2304 733 2373 γὰρ
779 2303 987 2356 ἑαυτῶν
1035 2302 1136 2354 οὐκ
1199 2299 1448 2368 αίσχίονα
1494 2296 1564 2350 τὰ
1601 2295 1697 2349 τοῦ
1754 2295 1959 2348 τίκτειν

388 2390 616 2460 λαχόντα
645 2389 744 2461 τὴν
772 2391 1021 2460 δύναμιν,
1055 2389 1166 2458 ὅρῳ
1196 2386 1290 2442 καὶ
1331 2385 1580 2457 βουλήσει
1617 2383 1714 2437 τοῦ
1743 2385 1960 2438 πάντων

389 2482 754 2553 Δημιουργοῦ.
793 2502 810 2533 ι
860 2480 1227 2550 Ἐξενεγκάτω
1256 2478 1403 2550 γὰρ,
1456 2495 1476 2529 ι
1518 2477 1719 2548 φησὶν,
1769 2495 1788 2528 ι
1823 2478 1855 2546 ἡ
1887 2476 1958 2546 γῆ

392 2573 619 2644 βοτάνην
668 2573 897 2643 χόρτου,
951 2572 1047 2626 καὶ
1096 2571 1207 2624 πᾶν
1259 2569 1415 2634 ξύλον
1466 2568 1745 2638 κάρπιμον
1797 2567 1960 2637 φέρον

393 2663 613 2734 σπέρμα
641 2664 782 2717 κατὰ
806 2663 982 2732 γένος,
1012 2661 1106 2716 καὶ
1135 2660 1258 2714 καθ’
1304 2659 1582 2730 ὁμοίωσιν.
1620 2679 1640 2711 ι
1677 2658 1882 2712 Οὐκοῦν
1904 2660 1962 2712 ὲν

391 2753 664 2825 δευτέροις
711 2755 806 2824 μὲν
844 2753 954 2807 τῶν
1000 2753 1241 2822 γενητῶν
1286 2751 1438 2804 ἔσται
1476 2751 1538 2803 τὸ
1572 2750 1749 2815 θεῖον,
1804 2750 1960 2822 εἴπερ

394 2845 572 2900 ἐκεῖνα
605 2846 702 2916 μὲν
727 2848 787 2899 ἐν
823 2845 1053 2910 τούτοις,
1083 2844 1146 2898 τὸ
1182 2844 1238 2897 δὲ
1279 2842 1531 2913 οὐδαμῶς
1557 2859 1571 2873 ο
1601 2841 1630 2893 ὃ
1653 2841 1709 2894 δὲ
1732 2841 1962 2912 πρέπειν

397 2954 453 2989 τε
488 2936 646 3008 ὁμοῦ,
673 2937 766 2991 καὶ
789 2935 1068 3007 διωρίσθαι
1097 2934 1276 2998 καλῶς
1307 2933 1400 2987 ἐπὶ
1425 2936 1545 2995 ταῖς
1574 2934 1639 2985 ὲκ
1663 2930 1770 2986 τῶν
1795 2931 1960 2985 ὄντων

398 3025 664 3096 διαδοχαῖς
693 3026 1092 3096 ἐπεψηφίζετο,
1137 3022 1328 3076 τούτου
1367 3022 1464 3090 δὴ,
1496 3021 1591 3073 καὶ¹
1626 3018 1783 3089 μόνος
1818 3017 1959 3071 ἀλώ-

399 3134 544 3170 σεται
567 3115 904 3187 διαμαρτών.
931 3115 1029 3178 Τίς
1061 3115 1124 3169 ἂν
1149 3109 1265 3177 οὖν,
1294 3106 1338 3166 ὦ
1376 3111 1661 3182 βέλτιστοι,
1694 3108 1961 3176 λεγόντων

396 3209 715 3278 ἀνάσχοιτο,
756 3209 988 3279 πρέπειν
1030 3206 1109 3276 τῷ
1150 3205 1264 3276 ίδίῳ
1305 3204 1589 3275 γεννήτορι
1640 3201 1963 3273 προσκυνεῖν

395 3300 486 3353 τὸν
513 3300 668 3367 Υίόν;
714 3301 933 3370 Ἐπειδὴ
968 3299 1026 3353 δὲ
1069 3299 1183 3361 τοῖς
1223 3296 1352 3366 παρ’
1381 3293 1534 3366 ὑμῶν
1583 3292 1964 3364 προστέθετται

2058 1840 2215 1896 ferat.
2250 1840 2362 1897 Nec
2392 1843 2537 1897 enim
2573 1843 2852 1898 deteriora
2896 1856 2957 1898 se
2997 1843 3256 1913 pariunt,
3291 1858 3414 1914 quae
3447 1843 3626 1898 facul-

2057 1941 2168 1987 tate
2195 1933 2442 2002 pariendi
2471 1943 2600 1990 sunt
2626 1935 2853 2004 praedita
2875 1974 2890 2001 ,
2917 1935 3000 1990 sic
3023 1935 3237 1990 volente
3263 1950 3326 1989 ac
3350 1943 3630 1991 statuente

2059 2025 2304 2080 universi
2334 2024 2562 2095 Opiﬁce.
2593 2043 2612 2078 ι
2642 2024 2927 2081 Germinet
2971 2027 3118 2081 enim
3171 2035 3353 2091 terra,
3406 2026 3622 2096 inquit,

2059 2116 2284 2170 herbam
2315 2117 2536 2184 pabuli,
2565 2126 2618 2172 et
2651 2118 2858 2188 lignum
2890 2117 3232 2173 fructiferum
3263 2134 3386 2173 cum
3415 2112 3627 2175 habens

2060 2223 2245 2264 semen
2277 2208 2398 2278 ejus
2429 2211 2499 2265 sit
2539 2211 2595 2265 in
2631 2226 2697 2266 eo
2731 2212 3036 2266 secundum
3069 2227 3246 2283 genus
3276 2219 3331 2266 et
3366 2210 3628 2267 similitu-

2059 2299 2241 2353 dinem
2272 2300 2342 2355 °'.
2380 2319 2398 2351 ι
2427 2300 2597 2371 Igitur
2625 2304 2901 2358 creaturis
2940 2303 3084 2360 Deus
3116 2303 3220 2358 erit
3271 2300 3522 2366 inferior,
3555 2304 3629 2358 si-

2058 2391 2280 2462 quidem
2323 2391 2431 2446 illze
2459 2404 2588 2450 sunt
2633 2393 2983 2458 istiusmodi,
3013 2394 3104 2450 hic
3147 2410 3258 2450 non
3309 2395 3487 2449 item:
3531 2393 3628 2450 sed

2059 2481 2206 2552 quod
2251 2483 2318 2538 ad
2361 2497 2544 2539 rerum
2581 2485 2995 2541 vicissitudines
3025 2495 3173 2542 recte
3205 2485 3628 2540 convenienter-

2059 2588 2169 2642 que
2211 2574 2440 2639 statuit,
2475 2589 2541 2629 eo
2585 2584 2734 2632 certe
2764 2577 2917 2632 solus
2952 2577 3071 2648 ipse
3101 2575 3331 2632 carebit.
3365 2575 3500 2642 Quis
3533 2589 3630 2631 vos

2059 2666 2232 2734 igitur
2257 2663 2396 2720 ferat
2423 2664 2708 2732 dicentes,
2754 2681 2786 2722 ο
2831 2667 2994 2733 boni,
3041 2669 3338 2722 convenire
3382 2665 3524 2721 Filio
3569 2673 3632 2720 ut

2060 2754 2251 2808 adoret
2275 2754 2589 2811 Genitorem
2613 2757 2638 2810 Ἰ
2666 2755 2800 2812 Cum
2828 2765 3010 2812 autem
3038 2756 3358 2813 addideritis
3378 2798 3394 2824 ,
3422 2757 3476 2812 id
3506 2755 3634 2813 Uni-

2061 2845 2250 2915 genito
2282 2857 2481 2916 prater
2508 2848 2845 2903 voluntatem
2889 2863 2998 2902 non
3030 2850 3386 2919 contingere,
3432 2855 3486 2904 et
3527 2847 3633 2902 hoc

2061 2936 2222 2991 nobis
2247 2944 2507 3008 tanquam
2531 2937 3019 2995 indemonstrabile
3038 2946 3420 3010 argumentum
3454 2953 3482 2992 a
3512 2937 3635 2992 solo

2061 3025 2264 3081 decoro
2311 3025 2662 3098 desumptum
2723 3029 3044 3098 opponatis,
3093 3029 3324 3100 agedum
3376 3043 3406 3083 e
3461 3028 3635 3082 sacris

2061 3130 2282 3185 quoque
2326 3115 2550 3172 Litteris
2596 3117 2744 3172 istud
2791 3133 2986 3174 rursus
3027 3118 3436 3190 expendamus,
3489 3116 3636 3172 unde

2063 3204 2405 3273 singularum
2439 3221 2624 3262 rerum
2648 3223 2769 3277 quae.
2793 3208 2850 3264 in
2886 3209 3246 3278 quaestionem
3274 3210 3500 3264 veniunt
3537 3207 3633 3262 de-

2069 3297 2522 3352 monstrationem
2555 3299 2742 3352 venari
2773 3299 3122 3368 potissimum
3153 3299 3439 3353 debemus.

395 3391 595 3459 λόγοις,
624 3393 700 3458 ὡς
720 3393 840 3446 οὐδὲ
861 3390 1178 3460 ἀνεθέλητον
1205 3387 1282 3458 τῷ
1318 3387 1614 3456 Μονογενεῖ
1675 3384 1737 3438 τὸ
1805 3385 2036 3456 πρᾶγμά
2069 3387 2210 3452 ἐστι,
2243 3388 2339 3442 καὶ
2360 3387 2564 3459 ταύτην
2587 3389 2718 3460 ⁴ημῖν
2748 3388 3107 3460 ὲπιτειχίζετε
3138 3389 3236 3462 τὴν
3255 3389 3639 3444 ἀναπόδεικτον

396 3481 678 3552 ἀφορμὴν,
710 3481 817 3535 ἀπὸ
848 3480 1009 3550 μόνου
1039 3477 1294 3540 λαϐόντες
1362 3474 1456 3528 τοῦ
1518 3474 1858 3547 πρέποντος,
1897 3474 2030 3545 φέρε
2069 3475 2230 3530 πάλιν
2270 3479 2335 3530 ὲκ
2375 3477 2484 3531 τῶν
2537 3479 2701 3550 ιερῶν
2748 3481 3121 3552 Γραμμάτων,
3169 3481 3266 3534 καὶ⁵
3309 3479 3468 3536 τοῦτο
3536 3500 3637 3537 κα-

396 3573 810 3644 ταπεψὼμεθα.
869 3571 1029 3625 Ὅθεν
1073 3565 1226 3640 οἶμαι
1295 3567 1531 3637 μάλιστα
1595 3565 1892 3637 προσήκειν
1930 3565 2199 3638 θηρᾶσθαι
2239 3567 2560 3633 σπουδάζειν
2591 3569 2691 3648 τῂν
2734 3571 2820 3642 ἐφ’
2868 3571 3084 3642 ἑκάστῳ
3129 3571 3238 3626 τῶν
3291 3571 3642 3643 ζητουμένων

399 3665 694 3730 ἀπόδειξιν.

468 3758 678 3812 Οὐκοῦν
703 3759 732 3810 ό
777 3757 876 3828 μὲν
915 3756 1076 3827 νόμος
1133 3755 1500 3809 συντελεῖσθαι
1559 3753 1688 3823 παρ’
1735 3754 1960 3808 ἑκάστου

2142 3749 2486 3822 ιθθῐείῑυτ
2513 3749 2597 3806 lex
2614 3752 2660 3784 "
2682 3751 2749 3807 ab
2775 3758 3008 3824 utroque
3025 3751 3216 3811 Judazo
3237 3754 3523 3812 dimidium
3554 3757 3640 3813 di-

399 3849 508 3903 τῶν
549 3849 818 3902 Ἰουδαίων
869 3847 948 3918 τῷ
1001 3847 1094 3900 ἐπὶ
1127 3846 1333 3909 πάντας
1379 3845 1494 3898 ὄντι
1525 3843 1644 3915 Θεῷ
1692 3844 1752 3897 τὸ
1794 3844 1960 3914 ἥμισυ

2067 3840 2310 3896 drachmi
2328 3857 2582 3912 supremo
2595 3844 2706 3898 Deo
2720 3845 2958 3914 persolvi
2968 3844 3216 3914 iubebat,
3237 3862 3344 3902 non
3358 3849 3503 3917 quod
3521 3848 3640 3904 exi-

401 3940 496 3993 τοῦ
539 3938 838 4010 διδράχμου
874 3937 1260 4008 προσέταττεν,
1295 3937 1395 3989 οὐκ
1422 3934 1819 4006 ἀργυρολογίας
1851 3935 1971 3986 ὲπι-

401 4032 601 4100 νοήσας
632 4029 869 4100 εὕρεσιν,
909 4029 1030 4082 οὐδὲ
1063 4027 1363 4099 χρημάτων
1408 4027 1611 4080 εἰκαῖον
1653 4025 1967 4096 ὲρανισμδν,

321 4110 329 4118 ”
402 4123 539 4177 ἀλλά
559 4119 835 4174 παίδευσίν
854 4136 975 4172 τινα
1003 4120 1069 4173 δι’
1087 4118 1498 4190 ὲναργεστάτων
1525 4116 1970 4187 ὑπεμφαίνουσαν

404 4213 626 4265 τύπων·
663 4209 880 4282 πρῶτον
915 4211 1049 4280 μὲν,
1100 4210 1182 4263 ὅτι
1237 4211 1424 4280 κύριος
1468 4208 1641 4272 οὐδεὶς
1688 4210 1788 4278 τῆς
1837 4207 1971 4270 ιδίας

406 4306 524 4360 ἐστὶ
563 4303 826 4373 κεφαλῆς,
863 4303 956 4356 ’ἐνα
992 4303 1049 4356 δὲ
1080 4303 1131 4356 οἱ
1169 4302 1369 4365 πάντες
1403 4299 1719 4371 κεκτήμεθα
1757 4301 1823 4369 τῇ
1861 4297 1970 4351 τῶν

405 4396 755 4466 τελεσμάτων
809 4395 1094 4466 καταθήκῃ
1150 4395 1287 4462 πρὸς
1335 4393 1577 4458 δουλείαν
1621 4391 1970 4463 καταγραφό-

2066 3933 2253 4002 senda:
2274 3940 2368 3986 aut
2399 3936 2750 4005 corrogandae
2773 3937 3020 4006 pecuniae
3049 3939 3317 3992 rationem
3346 3939 3639 4009 quamdam

2075 4023 2393 4088 invenisset,
2410 4022 2506 4078 sed
2523 4024 2668 4094 quod
2693 4024 3156 4083 manifestissimis
3175 4028 3365 4097 liguris
3387 4043 3487 4083 nos
3514 4029 3644 4084 cdo-

2075 4121 2243 4178 ceret,
2287 4115 2522 4184 primum
2573 4115 2793 4184 quidem
2835 4117 3109 4171 neminem
3145 4117 3232 4171 sui
3281 4118 3477 4186 capitis
3520 4133 3644 4174 esse

2076 4203 2379 4264 dominum,
2411 4195 2504 4260 sed
2532 4205 2692 4260 nobis
2732 4206 2988 4260 omnibus
3030 4221 3200 4259 unum
3246 4221 3387 4270 esse,
3416 4205 3507 4276 qui
3546 4210 3645 4262 tri-

2078 4293 2330 4349 butorum
2365 4295 2656 4350 collatione
2683 4295 2737 4350 in
2776 4295 3095 4351 servitutem
3146 4298 3368 4366 ascripti
3412 4312 3641 4368 sumus;

2075 4387 2270 4442 deinde
2298 4388 2444 4457 quod
2489 4385 2878 4441 fecunditatem
2921 4387 3343 4442 intellectualem
3372 4403 3436 4443 ac
3484 4391 3642 4459 spiri-

410 4458 597 4558 μενοί·
631 4482 749 4538 εἶτα
781 4485 916 4556 πρὸς
945 4458 1153 4546 τούτοις
1181 4458 1277 4548 τὰς
1304 4487 1368 4538 ὲκ
1389 4485 1480 4538 νοῦ
1506 4502 1566 4538 τε
1599 4484 1695 4538 καὶ
1728 4458 1960 4552 πνευμα-

2077 4479 2237 4533 talem
2259 4479 2404 4534 velut
2433 4481 2488 4534 in
2515 4479 2721 4534 rudiori
2746 4479 2928 4534 tabula
2946 4479 3278 4548 depingeret.
3310 4499 3327 4531 ι
3351 4458 3588 4548 Honora,
3621 4501 3640 4533 ι

405 4577 562 4642 τικάς
599 4576 1007 4648 καρποιρορίας,
1046 4575 1121 4638 ὼς
1157 4576 1215 4628 ἐν
1253 4575 1542 4646 παχυτέρῳ
1571 4575 1732 4629 πάλιν
1763 4574 1974 4644 ζωγρα-

405 4669 610 4738 φοῠσαν
657 4666 946 4738 γράμματι
990 4682 1050 4718 τε
1091 4665 1184 4719 καὶ
1232 4665 1541 4736 πράγματι.
1597 4684 1616 4717 ι
1651 4665 1795 4737 Τίμα
1842 4664 1969 4734 γὰρ,

403 4760 575 4828 φησὶ,
623 4758 716 4811 τὸν
764 4757 968 4827 Κύριον
1011 4756 1120 4810 ἀπὸ
1177 4754 1283 4809 σῶν
1339 4755 1561 4810 δικαίων
1613 4756 1828 4822 πόνων,
1879 4756 1974 4810 καὶ

405 4850 652 4920 ἀπάρχου
683 4849 832 4919 αὐτῷ
863 4847 970 4902 ἀπὸ
1004 4847 1113 4902 σῶν
1165 4848 1392 4919 καρπῶν
1424 4847 1768 4920 δικαιοσύνης
1811 4863 1824 4876 ·
1871 4865 1889 4898 ι
1944 4847 1973 4898 δ

405 4939 471 5010 δὴ
521 4941 616 4994 καὶ⁸
665 4941 917 5009 γενέσθαι
970 4940 1286 5012 συμϐέϐηκε
1334 4941 1420 4996 διὰ
1462 4943 1561 5013 τῆς
1612 4939 1972 5010 εύαγγελικῆς

408 5031 782 5100 διδασκαλίας,
841 5037 940 5106 τῆς
978 5035 1121 5089 κατὰ
1163 5035 1328 5105 νόμον
1374 5034 1478 5105 ἤδη
1535 5033 1788 5105 λατρείας
1851 5049 1976 5084 συν-

411 5122 764 5192 εσταλμένης.
813 5126 887 5178 Οὐ
944 5127 1049 5199 γὰρ
1093 5128 1172 5183 ἔτι
1223 5131 1343 5192 ταῖς
1379 5125 1575 5192 ἔξωθεν
1621 5122 1977 5194 δωροφορίαις

409 5212 736 5284 θεραπεύειν
760 5215 979 5285 οἰόμεθα
1011 5218 1118 5271 δεῖν
1144 5219 1236 5273 τὸν
1275 5217 1531 5272 ἁπάντων
1570 5213 1794 5283 Κύριον,
1825 5211 1887 5264 τὸ
1917 5210 1976 5277 ἐξ

409 5306 541 5377 ὕλης
605 5305 852 5377 φθαρτῆς
922 5309 1193 5362 συντελεῖν
1243 5307 1588 5377 ἐπειγόμενοι
1645 5304 1932 5374 δίδραχμον
1961 5317 1973 5329 ·

409 5396 652 5466 ἀληθινοὶ
707 5396 764 5449 δὲ
813 5396 964 5460 ὄντες
1009 5399 1417 5468 προσκυνηταὶ,
1463 5391 1872 5465 προσκυνοῦμεν
1919 5394 1976 5442 ἐν

412 5489 676 5561 πνεύματι
741 5491 835 5544 καὶ
869 5490 1092 5563 ἀληθείᾳ
1135 5491 1210 5562 τῷ
1246 5490 1366 5561 Θεῷ
1405 5491 1496 5544 καὶ
1530 5486 1724 5560 Πατρί.
1761 5485 1978 5554 Ταύτην

2077 4567 2244 4632 enim,
2283 4568 2482 4639 inquit,
2519 4589 2537 4622 ι
2578 4569 2866 4624 Dominum
2903 4568 2969 4623 de
2997 4569 3108 4623 tuis
3135 4568 3302 4638 justis
3347 4570 3643 4639 laboribus,

2074 4667 2130 4714 et
2163 4660 2436 4730 primitias
2460 4662 2508 4716 ei
2535 4659 2734 4716 oﬂeras
2766 4660 2833 4715 de
2856 4661 2963 4717 tuis
2991 4660 3258 4714 fructibus
3277 4660 3505 4730 justitiae
3525 4663 3590 4716 ".
3623 4682 3640 4713 ι

2079 4751 2233 4816 Quod
2267 4761 2415 4808 certe
2448 4768 2667 4824 quoque
2697 4752 2946 4824 contigit,
2973 4753 3122 4808 cultu
3152 4753 3312 4822 legali
3347 4770 3443 4824 per
3482 4771 3646 4811 evan-

2079 4843 2308 4913 gelicam
2377 4843 2682 4898 doctrinam
2739 4845 2958 4898 tandem
2999 4859 3271 4914 represso.
3324 4845 3444 4902 Non
3502 4847 3649 4902 enim

2079 4934 2322 4990 externis
2351 4936 2668 4991 muneribus
2698 4937 2932 5006 amplius
2987 4937 3274 4991 colendum
3308 4953 3432 4994 esse
3490 4949 3647 5008 puta-

2082 5043 2205 5082 mus
2236 5027 2472 5083 universi
2500 5027 2690 5095 Deum,
2718 5028 3094 5084 didrachmum
3128 5045 3158 5086 c
3180 5031 3518 5102 corruptibili
3538 5045 3648 5084 ma-

2085 5119 2219 5175 teria
2254 5120 2486 5189 pendere
2509 5121 2720 5176 coacti:
2753 5122 2848 5185 sed
2873 5137 2996 5175 cum
3032 5122 3205 5178 simus
3239 5127 3350 5178 veri
3393 5122 3647 5175 adorato-

2085 5228 2194 5278 res,
2222 5213 2518 5268 adoramus
2547 5215 2602 5267 in
2641 5213 2838 5282 spiritu
2883 5223 2935 5268 et
2969 5215 3203 5269 veritate
3235 5214 3403 5268 Dcum
3439 5225 3504 5263 ac
3550 5210 3649 5263 Pa-

2084 5310 2243 5359 trem.
2277 5303 2429 5358 llanc
2469 5305 2524 5358 in
2555 5304 2734 5359 littera
2770 5305 2928 5375 legali
2957 5304 3282 5359 sententiam
3318 5301 3488 5353 latere
3518 5312 3649 5351 cen-

2079 5397 2308 5451 sendum
2338 5404 2440 5452 est.
2472 5395 2608 5451 Cum
2645 5396 2813 5466 igitur
2848 5395 3110 5450 Dominus
3151 5397 3296 5446 esset
3337 5386 3651 5456 Hierosoly-

2083 5488 2206 5552 mis,
2238 5493 2520 5544 exactores
2559 5485 2867 5541 didrachmi
2909 5485 3128 5539 Petrum
3187 5473 3650 5548 percontabantur

482 5661 777 5720 “'"Joan.
817 5681 930 5735 xlv,
963 5665 1016 5720 9.
1095 5665 1138 5696 ”
1170 5665 1306 5722 Gen.
1347 5681 1390 5734 ι,
1433 5664 1516 5720 ll.
1595 5665 1639 5698 ’°
1668 5662 1842 5720 Exod.
1883 5679 2012 5729 xxx,
2044 5662 2264 5733 passim.
2343 5662 2382 5694 "
2420 5656 2582 5713 Prov.
2611 5670 2692 5725 ιιι,
2723 5655 2775 5710 9.
