4090 6266
504 309 598 366 5i!
1071 311 1076 314 ’
1501 318 1559 372 S.
1583 315 1858 371 CYRILLI
1889 314 2359 370 ALEXANDRINI
2383 315 2702 372 ARCHIEP.

3654 324 3757 378 512

505 435 595 495 bis
615 435 834 492 verbis:
866 453 884 486 ι
936 431 1192 505 Magister
1234 439 1418 487 vester
1463 447 1572 487 non
1621 432 1782 488 solvit
1817 431 2076 488 didrach—

2181 431 2555 503 ἐγκεκρύφθαι
2623 432 2701 502 τῷ
2761 432 2972 504 νομικῷ
3037 431 3325 504 γράμματι
3372 433 3473 504 τὴν
3525 433 3757 490 διάνοιαν

503 546 653 586 mum
677 529 742 580 ⁸⁸.
774 546 792 579 ι
823 525 984 582 Josus
1009 532 1185 580 autem
1209 524 1384 594 ipsum
1406 526 1461 580 in
1487 525 1630 581 aedes
1656 524 2072 596 ingredientem,

423 636 426 637 '
505 625 566 672 ut
599 617 866 686 scriptum
897 623 999 678 est,
1030 613 1291 684 praevenit
1317 614 1505 669 dicens
1533 633 1546 669 :
1591 635 1609 666 ‹
1651 617 1828 686 Reges
1860 625 2017 668 terrm
2046 627 2076 667 a

503 711 704 782 quibus
738 708 1017 779 accipiunt
1074 709 1362 771 tributum,
1405 717 1499 762 aut
1549 708 1820 763 censum?
1867 708 1909 760 A
1953 707 2076 762 ﬁliis

459 803 644 866 tsuis,
691 817 758 856 an
801 801 870 855 ab
906 799 1097 855 alienis
1115 800 1208 851 '9?
1245 819 1262 850 ι
1307 799 1444 866 Cum
1479 800 1898 870 respondisset:
1937 819 1955 850 ‹
2007 799 2077 852 ab

469 873 475 890 ’
506 891 723 953 alienis,
751 889 892 944 dixit
918 888 1116 945 Jesus:
1152 888 1340 943 Liberi
1381 905 1512 960 ergo
1547 897 1675 945 sunt
1717 889 1832 944 ﬁlii.
1868 888 1973 943 Sed
2010 904 2077 941 ne

505 979 946 1036 scandalizemus
996 995 1128 1043 eos,
1199 979 1412 1035 vadens
1467 979 1532 1033 ad
1601 995 1752 1034 mare
1803 979 1925 1049 jace
1979 979 2076 1032 ha-

503 1087 676 1136 mum,
710 1080 770 1127 et
819 1073 1057 1142 primum
1099 1073 1190 1143 qui
1240 1073 1550 1146 ascenderit
1589 1065 1793 1142 piscem
1825 1072 1986 1134 tolle;
2025 1081 2078 1126 et

505 1163 759 1232 aperiens
795 1177 858 1218 os
894 1163 1014 1232 ejus
1054 1164 1300 1218 invenies
1334 1172 1617 1227 staterem,
1661 1177 1824 1232 quem
1878 1162 1945 1216 da
1979 1176 2077 1231 pro

505 1268 591 1306 me
620 1261 675 1307 et
714 1260 767 1308 te
791 1255 831 1304 ¹.
866 1272 884 1304 ι
915 1253 1109 1308 Cernis
1138 1252 1337 1307 Filium
1381 1252 1522 1307 ferre
1559 1269 1666 1306 non
1701 1267 1864 1323 posse
1906 1260 1967 1305 ut
2006 1253 2078 1306 sit

503 1342 854 1405 tributarius,
895 1358 1073 1412 neque
1104 1343 1279 1398 instar
1309 1343 1476 1398 unius
1502 1358 1566 1397 ex
1607 1343 1677 1397 iis
1711 1343 1804 1412 qui
1827 1343 2077 1398 servituti

505 1439 634 1486 sunt
657 1431 904 1497 obnoxii,
933 1448 1048 1487 rem
1101 1434 1354 1488 servilem
1417 1434 1732 1489 sustinere?
1785 1433 1919 1488 Nam
1952 1450 2076 1489 cum

504 1538 618 1578 suae
647 1530 857 1578 natura:
884 1524 1112 1580 liberam
1144 1524 1464 1593 dignitatem
1505 1540 1629 1580 esse
1672 1525 1840 1590 norit,
1878 1525 2077 1581 servile

503 1610 642 1665 nihil
673 1625 734 1666 se
772 1611 975 1668 debere
1006 1611 1118 1667 Deo
1153 1622 1208 1667 et
1275 1611 1424 1666 Patri
1480 1612 1713 1666 allirmat
1745 1631 1757 1667 :
1822 1632 1840 1663 (
1895 1612 2079 1668 Liberi

502 1702 647 1756 enim
706 1710 837 1759 sunt
883 1703 1000 1770 ﬁlii,
1038 1722 1057 1755 ι
1099 1703 1298 1774 inquit.
1363 1703 1648 1770 Quomodo
1706 1718 1838 1775 ergo
1883 1704 2079 1758 adorat

2179 524 2564 594 Orto-cormzéov.
2613 526 2698 588 Ὠς
2721 520 2814 578 οὖν
2849 525 2904 578 ἐν
2932 527 3043 587 τοῖς
3091 525 3487 596 Ἰεροσολύμοις
3511 528 3538 579 ὁ
3559 525 3756 596 Κύριος

2176 609 2265 684 ἦν,
2297 617 2347 667 οἱ
2383 615 2477 668 τοῦ
2517 615 2811 686 διδράχμου
2847 619 3164 687 πρακτῆρες
3193 617 3626 670 ἀνεπυνθάνοντο
3666 619 3756 671 τοῦ

2178 704 2384 774 Πέτρου
2415 705 2686 771 λέγοντος·
2725 725 2742 757 ι
2793 707 2851 758 Ὀ
2879 705 3194 770 διδάσκαλος
3227 706 3383 776 ὑμῶν
3425 709 3486 760 οὐ
3526 709 3671 761 τελεῖ
3701 710 3758 763 τὸ

2175 793 2486 864 δίδραχμον.
2528 812 2546 844 ι
2578 793 2900 848 Εἰσελθόντα
2943 795 2998 848 δὲ
3045 797 3123 859 είς
3167 796 3266 865 τὴν
3305 796 3512 860 οὶκίαν,
3553 798 3630 862 ὡς
3669 800 3760 867 γέ-

2177 900 2442 953 γραπται,
2488 884 2832 955 προέφθασεν
2877 885 3040 939 αὐτὸν
3085 889 3114 939 ὁ
3154 886 3365 956 Ἰησοῦς
3395 887 3569 957 λέγων
3594 931 3608 954 ,
3651 909 3669 941 ι
3697 891 3758 943 Ui

2181 975 2422 1045 βασιλεῖς
2462 977 2560 1046 τῆς
2607 977 2710 1047 γῆς
2740 977 2848 1030 ἀπὸ
2888 977 3052 1031 τίνων
3108 978 3444 1048 λαμϐάνουσι
3491 980 3672 1043 τέλος,
3722 982 3755 1052 ἢ

2179 1066 2414 1134 κῆνσον;
2482 1066 2614 1119 Ἀπὸ
2653 1067 2762 1120 τῶν
2811 1067 2943 1120 υίῶν
2975 1068 3185 1135 αὐτῶν,
3237 1070 3270 1139 ἢ
3310 1070 3419 1123 ἀπὸ
3446 1071 3558 1123 τῶν
3601 1073 3757 1124 ἀλλο-

2177 1155 2377 1226 τρίων;
2415 1174 2432 1205 ι
2462 1157 2719 1219 Εἰπόντος
2752 1157 2808 1210 δὲ
2844 1157 3030 1220 αὐτοῦ,
3077 1177 3095 1209 ι
3142 1158 3280 1210 Ἀπὸ
3302 1158 3412 1211 τῶν
3441 1159 3756 1230 ἀλλοτρίων,

2178 1245 2282 1315 ἔφη
2305 1249 2332 1298 ὁ
2370 1245 2598 1315 Ἰησοῦς·
2652 1248 2795 1318 Ἀρα
2835 1247 3112 1319 ἐλεύθεροί
3147 1251 3289 1304 εἰσιν
3318 1252 3368 1302 oi
3398 1251 3525 1306 υἱοί.
3556 1252 3672 1306 Ἵνα
3701 1253 3759 1306 δὲ

2181 1336 2257 1407 μὴ
2288 1337 2730 1409 σκανδαλίσωμεν
2761 1339 2980 1402 αὐτοὺς,
3011 1339 3298 1409 πορευθεὶς
3324 1342 3404 1403 είς
3430 1341 3531 1410 τὴν
3561 1340 3762 1394 θάλασ-

2180 1447 2276 1482 σαν
2333 1429 2463 1498 βάλε
2515 1429 2810 1502 ἄγκιστρον
2833 1473 2848 1497 ,
2889 1432 2981 1485 καὶ
3021 1431 3114 1484 τὸν
3152 1432 3512 1486 ἀναϐαίνοντα
3543 1434 3760 1503 πρῶτον

2183 1520 2333 1590 ἰχθὺν
2365 1518 2496 1592 ἆρον
2524 1563 2538 1587 ,
2593 1523 2687 1574 καὶ
2718 1521 2937 1588 ἀνοίξας
2981 1523 3042 1575 τὸ
3089 1524 3262 1594 στόμα
3303 1525 3466 1577 αὐτοῦ
3507 1526 3760 1597 εὑρήσεις

2179 1613 2424 1682 στατῆρα
2451 1653 2464 1675 ,
2511 1615 2714 1667 ἐκεῖνον
2754 1613 2936 1668 λαϐὼν
2965 1615 3053 1677 δὸς
3091 1617 3274 1679 αὐτοῖς
3320 1617 3440 1670 ἀντὶ
3469 1616 3624 1685 ἐμοῦ,
3669 1618 3763 1673 καὶ

2183 1702 2296 1756 σοῦ.
2331 1723 2348 1753 ι
2399 1703 2561 1774 Ὁρᾷς
2605 1704 2706 1756 οὐκ
2747 1705 3071 1774 ἀνεχόμενον
3109 1706 3342 1776 ὑποτελῆ
3375 1707 3629 1774 γενέσθαι
3669 1707 3763 1760 τὸν

504 1791 646 1845 servi
679 1805 853 1855 more,
875 1806 1053 1861 neque
1088 1790 1142 1844 id
1175 1791 1420 1846 invitus?
1448 1790 1553 1857 Qui
1582 1801 1766 1846 autem
1789 1791 1875 1844 vel
1899 1790 2074 1860 ipsam

2181 1793 2326 1857 Υἱὸν,
2363 1794 2483 1846 οὐδὲ
2512 1795 2588 1857 ὡς
2629 1795 2726 1849 ’ἐνα
2755 1795 2862 1848 τῶν
2899 1795 3004 1849 ὑπὸ
3033 1796 3124 1850 τὸν
3166 1797 3265 1868 τῆς
3295 1797 3538 1862 δουλείας
3573 1797 3762 1866 ζυγὸν,

504 1882 584 1938 rei
641 1882 872 1953 ﬁguram
912 1882 1160 1952 respuit,
1219 1882 1496 1950 quomodo
1557 1883 1843 1937 veritatem
1899 1882 2074 1952 ipsam

505 1974 856 2044 susceperit?
906 1973 1113 2028 Annon‘
1153 1974 1300 2028 enim
1378 1973 1754 2029 adorationem
1805 1973 2072 2029 tributum

505 2069 601 2114 aut
655 2060 988 2115 oblationem
1042 2061 1338 2131 quamdam
1395 2062 1697 2131 spiritalem
1737 2063 2075 2118 existimabi-

505 2165 651 2218 mus,
675 2159 730 2207 et
754 2151 1035 2206 servitutis
1056 2166 1230 2224 genus
1251 2151 1427 2220 ipsam
1449 2166 1572 2207 esse
1592 2152 1880 2208 dicemus?
1900 2151 2073 2217 Quam

503 2241 653 2296 enim
683 2242 754 2297 ob
784 2255 1008 2298 causam
1039 2244 1131 2298 lex
1157 2242 1468 2298 adorationi
1494 2243 1813 2300 servitutem
1840 2243 2075 2314 conjun-

504 2335 606 2398 xit,
649 2331 876 2389 dicens:
918 2352 938 2387 ι
972 2333 1265 2389 Dominum
1294 2333 1461 2389 Deum
1505 2342 1661 2389 tuum
1695 2335 1970 2398 adorabis,
2022 2345 2078 2390 et

503 2426 610 2496 ipsi
663 2426 823 2498 190
876 2427 978 2483 soli
1033 2427 1305 2484 servies'.
1368 2445 1388 2478 ›
1435 2426 1650 2481 Etenim
1696 2427 1866 2497 janua
1908 2427 2077 2483 veluti

504 2519 753 2589 quaedam
792 2529 848 2575 et
876 2519 964 2574 via
986 2519 1237 2590 obsequii
1271 2519 1566 2590 praestandi
1614 2519 1881 2591 a_doratio,
1921 2521 2076 2590 prin-

504 2611 712 2679 cipium
771 2609 981 2666 habens
1034 2611 1354 2666 servitutem
1409 2625 1539 2682 erga
1585 2609 1776 2666 Deum.
1843 2611 2078 2682 Ideoque

503 2699 798 2756 Psalmista
836 2701 1131 2756 nonnullos
1167 2702 1457 2771 compellat
1490 2701 1576 2756 his
1602 2701 1782 2756 verbis
1831 2702 2073 2756 alicubi:

513 2809 533 2842 ι
568 2790 783 2858 Venite,
813 2791 1131 2859 adoremus,
1163 2800 1220 2846 et
1265 2792 1619 2862 procidamus
1661 2799 1787 2846 ante
1840 2806 1988 2855 eum,
2025 2798 2079 2847 et

504 2885 781 2956 ploremus
808 2899 993 2939 coram
1025 2883 1255 2939 Domino
1272 2885 1365 2954 qui
1390 2883 1518 2939 fecit
1541 2884 1698 2939 nos".
1727 2901 1745 2933 ι
1765 2882 1930 2937 Vides
1952 2897 2078 2952 pro-

505 2978 688 3034 cidere
727 2977 882 3047 sequi
918 2987 971 3031 et
1019 2976 1376 3046 conjunctum
1419 2990 1542 3030 esse
1572 2974 1922 3029 adorationi?
1959 2972 2078 3039 Quo

506 3068 638 3140 quid
675 3070 847 3139 magis
881 3081 1040 3123 servo
1073 3069 1363 3122 conveniat
1411 3066 1554 3135 apud
1610 3081 1706 3121 eos
1753 3066 1845 3135 qui
1891 3080 2072 3120 rerum

507 3161 796 3235 qualitates
816 3168 966 3216 recte
985 3159 1280 3223 aestimant,
1307 3158 1490 3214 dicere
1516 3173 1624 3212 non
1654 3173 1903 3229 possum.
1924 3157 2078 3223 Quod

507 3255 553 3312 si
599 3261 953 3324 perseverant
997 3252 1324 3315 adversarii,
1376 3250 1671 3322 praefracta
1737 3250 2080 3320 impudentia

507 3346 678 3412 elati,
709 3354 764 3401 et
793 3346 1008 3405 frivolis
1040 3345 1349 3401 rationibus
1392 3343 1508 3399 haec
1538 3351 1789 3398 astruere
1819 3357 1929 3397 non
1957 3357 2079 3398 ces-

507 3447 651 3501 sant,
693 3439 988 3495 ostendant
1051 3439 1213 3494 nobis
1244 3438 1502 3492 universa
1556 3435 1844 3506 Scriptura
1889 3442 2079 3490 sancta

506 3519 1038 3602 pervoluta,Filium
1076 3529 1246 3584 Deum
1275 3537 1330 3583 et
1371 3526 1586 3584 Patrem
1627 3527 1913 3587 adorasse,
1955 3538 2081 3578 cum

510 3619 716 3673 nudum
772 3618 956 3672 adhuc
1005 3627 1153 3673 esset
1206 3615 1474 3682 Verbum,
1511 3624 1638 3670 ante
1689 3615 2083 3670 incarnationis

507 3719 777 3778 tempora,
803 3717 859 3763 et
897 3708 1046 3762 illam
1087 3708 1236 3762 servi
1285 3706 1540 3761 formam.
1602 3705 1761 3761 Nunc
1793 3706 1940 3764 enim
1975 3720 2082 3774 qua

506 3800 677 3856 homo
701 3800 838 3854 citra
865 3799 1348 3869 reprehensionem
1397 3799 1613 3862 adorat,
1649 3799 1745 3854 sed
1789 3807 1938 3864 tunc,
1971 3812 2081 3852 non

509 3890 661 3957 item.
684 3889 793 3946 Sed
820 3905 888 3945 ex
914 3889 1118 3945 divinis
1148 3889 1432 3960 sacrisque
1453 3888 1678 3944 Litteris
1709 3889 1762 3943 id
1794 3888 2082 3944 ostendere

510 3995 793 4052 nunquam
825 3989 1105 4052 poterunt;
1136 3996 1329 4036 verum
1356 3995 1483 4036 cum
1520 3980 1679 4035 nobis
1708 3980 2079 4050 conjecturas,

509 4080 566 4128 et
612 4073 833 4144 putidas
896 4073 1195 4144 argutiolas
1235 4081 1582 4139 coacervent,
1631 4073 1754 4143 jure
1813 4073 2077 4128 audient:

515 4183 537 4218 ς
574 4158 783 4220 Erratis
842 4165 1148 4219 nescientes
1220 4162 1558 4234 Scripturas,
1591 4178 1768 4234 neque
1823 4163 2082 4218 virtutem

510 4254 604 4312 Dei
629 4254 671 4321 ⁸,
717 4273 737 4308 ι
763 4264 818 4312 et
839 4256 1068 4326 gloriam
1103 4253 1397 4326 Unigeniti.
1425 4251 1582 4320 Quod
1624 4255 1769 4308 enim
1806 4263 2080 4324 quatenus

508 4345 755 4404 Verbum
790 4363 856 4403 ac
885 4346 1030 4403 Deus
1076 4362 1183 4401 non
1237 4347 1448 4411 adoret,
1509 4345 1603 4402 sed
1661 4345 1837 4402 nostri
1882 4345 2082 4402 similis

2181 1886 2472 1955 ὑπομεῖναι
2536 1888 2771 1958 πρᾶγμα
2829 1887 3220 1960 δουλοπρεπές;
3270 1889 3441 1953 Εἰδὼς
3499 1889 3608 1960 γὰρ
3662 1889 3764 1957 τῆς

2178 1977 2372 2030 ἑαυτοῦ
2407 1977 2621 2045 φύσεως
2648 1974 2710 2030 τὸ
2730 1977 3014 2049 ἐλεύθερον
3043 1980 3281 2050 ἀξίωμα,
3308 1982 3578 2034 οἰκετικὸν
3606 1980 3764 2036 οὐδὲν

2177 2066 2482 2136 ἐποφείλειν
2508 2067 2586 2139 τῷ
2603 2068 2719 2139 Θεῷ
2743 2070 2835 2122 καὶ
2864 2070 3040 2141 Πατρὶ
3067 2069 3480 2140 διῖσχυρίζεται.
3518 2089 3537 2121 ι
3579 2069 3766 2123 Ἐλεύη

2179 2158 2326 2228 θεροι
2353 2159 2463 2230 γάρ
2484 2160 2622 2212 εἰσιν
2651 2160 2700 2212 οἱ
2733 2161 2861 2224 υἱοὶ,
2901 2180 2919 2212 ι
2955 2161 3141 2231 φησίν.
3169 2160 3292 2223 Πῶς
3314 2155 3407 2214 οὖν
3433 2161 3533 2214 οὐκ
3564 2161 3760 2215 ἀνεθέ·

2177 2249 2338 2321 λητον
2380 2250 2492 2320 ἔχει
2525 2251 2622 2323 τὴν
2647 2251 2992 2321 δουλοπρεπῆ
3027 2251 3437 2322 προσκύνησινς
3483 2253 3542 2306 '0
3575 2252 3631 2305 δὲ
3663 2268 3766 2309 και

2179 2340 2314 2411 πρὸς
2353 2341 2513 2409 μόνον
2542 2342 2932 2412 ἁποναρκήσας
2961 2343 3051 2394 τὸν
3081 2340 3173 2394 τοῦ
3213 2342 3539 2412 πράγματος
3566 2341 3761 2406 τύπον,

2178 2431 2296 2494 πῶς
2338 2431 2406 2484 ἂν
2453 2431 2622 2503 αὐτὴν
2672 2433 3029 2498 καταδέξαιτο
3069 2432 3169 2503 τὴν
3219 2433 3517 2504 ἀλήθειαν;
3550 2434 3623 2486 Ἢ
3647 2432 3762 2504 γὰρ
3822 2465 3830 2472 -

2177 2522 2273 2590 ούχ
2302 2521 2378 2584 ὡς
2405 2521 2578 2587 τέλος,
2615 2523 2710 2576 καὶ
2740 2522 3118 2594 καρποφορίαν
3145 2521 3522 2592 πνευματικὴν
3550 2521 3768 2590 λογιού-

2181 2612 2320 2679 μεθα
2349 2612 2444 2683 τὴν
2472 2613 2867 2683 προσκύνησιν,
2904 2614 3000 2665 καὶ
3033 2613 3291 2683 λατρείας
3323 2607 3460 2675 εἶδος
3494 2611 3768 2682 ὑπάρχειν·

2177 2702 2410 2773 ἐροῦμεν
2455 2704 2662 2774 αύτήν;
2721 2703 2874 2755 Ἐπεὶ
2913 2701 3002 2755 διὰ
3027 2703 3188 2755 ποίαν
3221 2703 3248 2754 ὁ
3277 2701 3440 2770 νόμος
3469 2701 3648 2752 αἰτίαν
3693 2707 3767 2774 τῇ

2181 2794 2548 2865 προσκυνήσει
2600 2794 2856 2866 συνέδησε
2901 2795 2998 2866 τὴν
3053 2793 3305 2863 λατρείαν
3341 2790 3530 2855 εἰπὼν,
3576 2810 3596 2842 ‹
3656 2791 3774 2845 Κύ-

2183 2900 2296 2954 ριον
2343 2885 2435 2937 τὸν
2485 2885 2617 2937 Θεόν
2661 2902 2753 2937 σου
2805 2885 3236 2955 προσκυνήσεις,
3286 2882 3380 2935 καὶ
3427 2881 3576 2951 αὐτῷ
3616 2880 3773 2950 μόνῳ

2179 2956 2516 3047 λατρεύσεις.
2564 2997 2583 3029 ι
2616 2977 2767 3046 Πύλη
2797 2976 2906 3045 γὰρ
2936 2976 3124 3047 ὥσπερ
3169 2976 3255 3039 τίς
3305 2977 3443 3037 ἐστι,
3502 2974 3597 3027 καὶ
3644 2973 3772 3037 ὁδὸς

2181 3067 2280 3136 τῆς
2311 3069 2366 3120 ἐν
2395 3066 2576 3138 ἔργοις
2603 3067 2857 3137 λατρείας
2882 3069 2915 3137 ἡ
2937 3066 3327 3138 προσκύνησις,
3362 3065 3534 3136 ἀρχὴν
3561 3063 3770 3134 ἔχουσα

2181 3155 2421 3210 δουλείαν
2447 3158 2545 3228 τὴν
2578 3157 2653 3221 ὡς
2700 3159 2836 3226 πρὸς
2864 3158 3015 3210 Θεόν.
3058 3157 3149 3210 Διὸ
3201 3155 3264 3228 δὴ
3313 3156 3409 3209 καὶ
3447 3155 3586 3226 πρός
3612 3171 3770 3216 τινας

2180 3249 2207 3300 ὁ
2241 3247 2491 3319 Μελῳδός
2539 3247 2639 3300 πού
2670 3265 2826 3317 cpnch
2870 3266 2889 3298 ι
2925 3247 3090 3298 Δεῦτε
3134 3246 3622 3316 προσκυνήσωμεν,
3666 3245 3769 3296 καὶ

2181 3339 2581 3411 προσπέσωμεν
2610 3339 2779 3410 αὐτῷ,
2816 3339 2908 3392 καὶ
2936 3338 3259 3408 κλαύσωμεν
3289 3336 3528 3389 ἐναντίον
3553 3335 3767 3404 Κυρίου

2179 3428 2271 3482 τοῦ
2305 3431 2628 3501 ποιήσαντος
2669 3430 2841 3499 ἡμᾶς.
2885 3447 2903 3479 ι
2953 3429 3115 3500 Ὁρᾷς
3161 3429 3543 3499 παρεπόμενόν
3581 3445 3640 3481 τε
3665 3427 3769 3480 καὶ

2183 3521 2610 3590 συνεζευγμένον
2659 3519 2737 3590 τῷ
2791 3524 3116 3590 προσκυνεῖν
3165 3522 3225 3574 τὸ
3273 3522 3471 3592 χρῆναι
3519 3520 3764 3590 προσπί-

2183 3631 2336 3668 πτειν
2364 3633 2378 3680 ;
2413 3609 2487 3668 Ob
2515 3614 2568 3665 τί
2609 3614 2676 3667 ἂν
2698 3614 2908 3682 γένοιτο
2929 3615 3482 3686 δουλοπρεπέστερον,
3516 3613 3669 3684 παρά
3694 3629 3762 3682 γε

2179 3705 2292 3766 τοῖς
2332 3703 2507 3774 ὀρθῶς
2537 3703 2891 3773 δοκιμάζουσι
2938 3705 3037 3768 τὰς
3076 3705 3184 3758 τῶν
3224 3705 3566 3775 πραγμάτων
3607 3704 3762 3755 ποιό-

2180 3816 2386 3869 τητας,
2451 3801 2624 3852 εἰπεῖν
2673 3801 2772 3852 οὐκ
2821 3799 2947 3870 ἔχω.
2997 3800 3059 3852 Εἰ
3100 3800 3157 3852 δὲ
3203 3798 3554 3869 ἐπιμένουσιν
3592 3797 3640 3849 oi
3689 3796 3762 3849 δι’

2181 3888 2429 3952 ἐναντίας
2453 3890 2540 3942 ἐπ’
2562 3888 2626 3942 ἁθ
2637 3888 2888 3959 ραύστοις
2910 3888 2988 3942 ἔτι
3009 3891 3130 3952 ταῖς
3166 3887 3575 3958 ἀναισχυντίαις
3599 3885 3764 3939 σοϐα-

2185 3981 2503 4051 ρευόμενοι,
2557 3981 2650 4034 καὶ
2703 3980 2814 4034 τῶν
2872 3981 2964 4034 ἐπὶ
3018 3982 3229 4043 τούτοις
3293 3977 3637 4034 ἀπαιδεύτων
3697 3977 3760 4030 οὐ

2182 4072 2548 4144 καταλήγουσι
2574 4072 2873 4143 λογισμῶν,
2897 4073 3313 4127 ἐπιδεικνύντων
3343 4074 3474 4142 ἡμῖν
3507 4070 3633 4140 ὅλην
3659 4069 3762 4140 τὴν

2183 4165 2342 4232 ἁγίαν
2393 4164 2836 4234 περινοστοῦντες
2897 4165 3122 4236 Γραφὴν
3179 4165 3635 4239 προσκυνήσαντα
3681 4160 3760 4230 τῷ

2183 4254 2302 4325 Θεῷ
2332 4254 2427 4308 καὶ
2475 4253 2650 4325 Πατρὶ
2677 4254 2769 4307 τὸν
2796 4253 2959 4319 Υίὸν,
2998 4254 3086 4306 ὅτε
3114 4253 3317 4323 γυμνὸς
3348 4247 3416 4324 ἦν
3447 4252 3546 4316 ἔτι,
3567 4251 3759 4316 Λόγος,

2185 4343 2293 4412 πρὸ
2324 4343 2432 4396 τῶν
2465 4345 2564 4412 τῆς
2614 4343 3078 4414 ἐνανθρωπήσεως
3109 4343 3347 4413 χρόνων,
3402 4344 3496 4394 καὶ
3532 4338 3626 4392 τοῦ
3664 4338 3762 4408 τῆς

507 4439 673 4494 etiam
703 4438 946 4493 humano
978 4452 1130 4493 more
1159 4436 1213 4491 id
1244 4437 1569 4508 susceperit,
1606 4445 1830 4508 propter
1854 4437 2078 4507 dispen-

2187 4434 2433 4496 δουλείας
2460 4435 2760 4504 σχήματος.
2801 4432 2916 4486 Νῦν
2954 4433 3053 4504 μὲν
3083 4434 3190 4504 γὰρ
3219 4433 3292 4496 ὼς
3322 4430 3605 4496 ἄνθρωπος
3630 4431 3762 4482 ἀκα-

509 4530 784 4586 sationem
852 4544 975 4584 cum
1035 4543 1222 4594 carne,
1270 4545 1381 4584 non
1439 4528 1658 4583 aliunde
1707 4527 2083 4597 probationem

511 4638 844 4693 quaeremus,
866 4621 959 4678 sed
987 4636 1054 4677 ex
1083 4621 1206 4690 ejus
1235 4620 1421 4676 verbis
1448 4633 1670 4674 rursum
1701 4633 2080 4689 agnoscemus.

512 4714 656 4779 Quid
712 4715 859 4770 enim
906 4713 975 4767 ad
1022 4709 1429 4768 Samaritanam
1487 4709 1772 4764 mulierem
1825 4709 1899 4763 ait
1945 4723 2082 4779 pra:-

512 4811 663 4858 terea
684 4804 708 4857 ἲ

2193 4527 2511 4597 τηγορήτως
2546 4527 2872 4596 προσκυνεῖ,
2919 4525 3041 4578 τότε
3088 4526 3180 4590 δὲ,
3234 4524 3437 4578 οὐκέτι.
3482 4521 3621 4573 Ἀλλ’
3666 4521 3763 4589 οὐχ

2190 4616 2372 4682 ἕξουσι
2397 4616 2495 4686 μὲν
2523 4619 2586 4669 ἐκ
2606 4616 2714 4670 τῶν
2749 4616 2906 4668 θείων
2935 4633 2994 4668 τε
3019 4616 3112 4669 καὶ
3141 4614 3300 4686 ἱερῶν
3315 4601 3588 4676 ’ἐπιδεῖξαι
3608 4610 3763 4663 τοῦτο
3801 4637 3834 4646 --

2191 4709 2567 4779 Γραμμάτων’
2617 4709 2959 4778 στοχασμούς
2991 4707 3046 4760 δὲ
3089 4709 3243 4778 ἡμῖν,
3288 4706 3383 4758 καὶ
3417 4703 3634 4775 σαθρῶν
3680 4703 3764 4754 ἐν-

2191 4800 2529 4870 θυμημάτων
2588 4799 2832 4866 ἐπινοίας
2893 4800 3262 4870 συνείροντες,
3315 4796 3550 4864 εὐλόγως
3603 4791 3764 4847 ἀκού-

516 4913 733 4960 σονται,
769 4914 787 4944 ‹
829 4894 1108 4948 Πλανᾶσθε
1155 4894 1230 4964 μὴ
1277 4893 1474 4956 εἰδότες
1509 4891 1607 4954 τὰς
1649 4892 1902 4962 Γραφάς,
1958 4890 2092 4962 μηδὲ
2129 4891 2227 4960 τὴν
2265 4891 2492 4960 δύναμιν
2531 4890 2624 4943 τοῦ
2689 4890 2847 4958 Θεοῦ,
2891 4909 2908 4941 ι
2956 4890 3051 4949 καὶ
3090 4890 3188 4961 τὴν
3235 4886 3392 4954 δόξαν
3432 4884 3528 4938 τοῦ
3592 4885 3764 4937 Μονο-

513 4984 729 5055 γενοῦς.
755 4986 878 5038 Ὅτι
898 4984 1006 5054 γὰρ
1097 4985 1192 5054 μὲν
1217 4984 1387 5051 Λόγος
1408 4985 1502 5036 καὶ
1526 4983 1656 5046 Θεὸς
1679 4984 1738 5035 οὺ
1771 4984 2085 5055 προσκυνεῖ,
2127 4981 2368 5049 γεγονὼς
2399 4981 2456 5034 δὲ
2492 4981 2613 5034 καθ’
2644 4983 2819 5053 ἡμᾶς,
2865 4983 2958 5034 καὶ
3026 4981 3182 5034 τοῦτο
3247 4979 3437 5033 παθεῖν
3482 4977 3764 5046 ἅνθρωποι

517 5076 745 5149 πρεπῶς
780 5074 1102 5138 κατεδέξατο
1147 5073 1234 5127 διὰ
1281 5074 1378 5144 τὴν
1431 5074 1743 5142 οἰκονομίαν
1795 5076 1893 5144 τὴν
1947 5073 2084 5143 μετὰ
2126 5073 2348 5144 σαρκὸς,
2379 5074 2438 5126 ού
2471 5073 2705 5142 θύραθεν
2731 5076 2914 5145 ἡμῖνὴ
2979 5071 3318 5143 πληροφορία
3381 5069 3762 5139 ζητηθήσεται,

516 5169 603 5223 διὰ
631 5169 688 5223 δὲ
719 5166 827 5220 τῶν
862 5163 1027 5218 αὑτοῦ
1064 5163 1228 5218 πάλιν
1258 5164 1518 5233 εἰσόμεθα
1550 5164 1745 5231 λόγων.
1793 5164 1856 5215 Τί
1887 5163 1995 5234 γὰρ
2022 5163 2084 5234 δὴ
2124 5165 2217 5218 καί
2248 5183 2380 5235 φησι
2406 5165 2540 5235 πρὸς
2564 5165 2662 5236 τὴν
2691 5167 2755 5218 ἐκ
2779 5165 2880 5231 τῆς
2910 5163 3214 5233 Σαμαρείας
3252 5162 3521 5230 γυναῖκα;

599 5261 702 5316 Vos
736 5260 974 5315 adoratis
1017 5256 1154 5329 quod
1187 5257 1437 5311 nescitis:
1484 5274 1578 5312 nos
1630 5259 1917 5311 adoramus
1950 5267 2078 5329 quoa

2276 5260 2470 5329 Ὑμεῖς
2504 5258 2897 5327 προσκυνεῖτε
2918 5256 2948 5309 ὃ
2983 5259 3094 5310 οὐκ
3125 5257 3345 5322 οἴδατε,
3382 5253 3554 5322 ἡμεῖς
3577 5267 3759 5321 προσ-

517 5357 735 5411 scimus.
1789 5381 1798 5389 -

2196 5353 2518 5421 κλινοῦμεν,
2550 5351 2580 5404 ὃ
2610 5350 2872 5419 οἴδαμεν.

587 5447 780 5503 Nonne
805 5446 979 5501 cuivis
1009 5445 1174 5500 etiam
1209 5459 1272 5499 ex
1293 5443 1399 5498 hoc
1436 5441 1785 5498 manifestum
1810 5452 1914 5510 est,
1941 5443 2086 5512 quod

519 5552 644 5594 cum
679 5540 877 5610 plurali
933 5555 1067 5595 usus
1107 5538 1178 5594 sit
1233 5550 1501 5601 numero,
1559 5544 1614 5592 et
1659 5535 1737 5590 sei
1781 5552 1897 5590 sum
1944 5537 2086 5592 inter

581 5706 638 5778 ".
661 5715 855 5772 Matth.
890 5734 1023 5783 xvn,
1051 5718 1141 5772 25.
1229 5721 1272 5752 ν’
1305 5717 1436 5774 ibid.
1473 5716 1559 5771 Ἡ.

1647 5719 1659 5749 ¹
1701 5718 1834 5773 ibid.
1860 5716 1949 5782 ‘25,
1976 5714 2063 5770 9.6.
2141 5716 2159 5746 ¹
2195 5715 2347 5769 Deut.
2383 5731 2458 5776 vr,
2491 5715 2574 5767 15.

2264 5439 2389 5513 'Ap‘
2425 5443 2543 5512 οὐχι
2571 5441 2731 5494 παντί
2764 5458 2839 5509 τῳ
2868 5440 2958 5493 καὶ
2990 5439 3075 5492 διὰ
3098 5439 3284 5492 τούτου
3317 5435 3645 5506 καταφανὲς,
3679 5433 3761 5484 ὅτι

2193 5534 2270 5605 τῷ
2295 5532 2636 5604 πληθυντικῷ
2657 5532 2998 5602 χρησάμενος
3016 5531 3134 5602 apte
3145 5530 3250 5606 μῷ,
3273 5530 3364 5583 καὶ
3388 5533 3500 5591 τοῖς
3527 5528 3585 5593 ἐξ
3608 5524 3770 5590 ἀνάγ.

2686 5714 2703 5745 ⁸
2737 5713 2881 5769 ΡετιΙ.
2916 5728 3056 5778 χειν,
3083 5714 3134 5769 6.
3262 5711 3447 5766 Matth.
3489 5725 3632 5776 xxn,
3665 5702 3756 5758 39-
