  <div class='ocr_page' id='page_1' title='image "/cluster/home/n/w/nwhite01/storage/ocr_20150623/73/mdp.39015078384479/164.png"; bbox 0 0 4090 6266; ppageno 0'>
   <div class='ocr_carea' id='block_1_1' title="bbox 350 323 457 381">
    <p class='ocr_par' dir='ltr' id='par_1_1' title="bbox 350 323 457 381">
     <span class='ocr_line' id='line_1_1' title="bbox 350 323 457 381; baseline -0.019 -1"><span class='ocrx_word' id='word_1_1' title='bbox 350 323 457 381; x_wconf 74' lang='grc'><strong>515</strong></span> 
     </span>
    </p>
   </div>
   <div class='ocr_carea' id='block_1_2' title="bbox 1412 324 2571 398">
    <p class='ocr_par' dir='ltr' id='par_1_2' title="bbox 1412 324 2571 398">
     <span class='ocr_line' id='line_1_2' title="bbox 1412 324 2571 398; baseline 0.014 -16"><span class='ocrx_word' id='word_1_2' title='bbox 1412 327 1475 382; x_wconf 79' lang='grc' dir='ltr'><strong>ΙΝ</strong></span> <span class='ocrx_word' id='word_1_3' title='bbox 1514 324 1800 382; x_wconf 76' lang='lat' dir='ltr'><strong>JOANNIS</strong></span> <span class='ocrx_word' id='word_1_4' title='bbox 1833 325 2288 393; x_wconf 81' lang='lat' dir='ltr'><strong>EVANGELIUM</strong></span> <span class='ocrx_word' id='word_1_5' title='bbox 2331 339 2462 397; x_wconf 87' lang='lat' dir='ltr'><strong>LIB.</strong></span> <span class='ocrx_word' id='word_1_6' title='bbox 2504 342 2571 398; x_wconf 84' lang='lat' dir='ltr'><strong>ll.</strong></span> 
     </span>
    </p>
   </div>
   <div class='ocr_carea' id='block_1_3' title="bbox 3511 359 3614 415">
    <p class='ocr_par' dir='ltr' id='par_1_3' title="bbox 3511 359 3614 415">
     <span class='ocr_line' id='line_1_3' title="bbox 3511 359 3614 415; baseline 0.029 -3"><span class='ocrx_word' id='word_1_7' title='bbox 3511 359 3614 415; x_wconf 74' lang='lat' dir='ltr'><strong>5H</strong></span> 
     </span>
    </p>
   </div>
   <div class='ocr_carea' id='block_1_4' title="bbox 351 439 1926 530">
    <p class='ocr_par' dir='ltr' id='par_1_4' title="bbox 351 439 1919 517">
     <span class='ocr_line' id='line_1_4' title="bbox 351 439 1919 517; baseline 0.005 -25"><span class='ocrx_word' id='word_1_8' title='bbox 351 457 455 509; x_wconf 87' lang='grc' dir='ltr'><strong>κης</strong></span> <span class='ocrx_word' id='word_1_9' title='bbox 502 442 600 494; x_wconf 77' lang='grc' dir='ltr'>καὶ</span> <span class='ocrx_word' id='word_1_10' title='bbox 646 439 889 506; x_wconf 78' lang='grc' dir='ltr'><strong>δουλείας</strong></span> <span class='ocrx_word' id='word_1_11' title='bbox 934 441 1327 512; x_wconf 81' lang='grc' dir='ltr'><strong>προσκυνοῦσιν</strong></span> <span class='ocrx_word' id='word_1_12' title='bbox 1363 444 1554 498; x_wconf 80' lang='grc' dir='ltr'>ἐαυτὸν</span> <span class='ocrx_word' id='word_1_13' title='bbox 1605 446 1919 517; x_wconf 84' lang='grc' dir='ltr'>ὲναριθμῶν</span> 
     </span>
    </p>
   </div>
   <div class='ocr_carea' id='block_1_5' title="bbox 2029 439 3613 530">
    <p class='ocr_par' dir='ltr' id='par_1_5' title="bbox 2045 455 3613 530">
     <span class='ocr_line' id='line_1_5' title="bbox 2045 455 3613 530; baseline 0.018 -28"><span class='ocrx_word' id='word_1_14' title='bbox 2045 464 2141 505; x_wconf 89' lang='lat' dir='ltr'><strong>eos</strong></span> <span class='ocrx_word' id='word_1_15' title='bbox 2170 455 2399 511; x_wconf 89' lang='lat' dir='ltr'><strong>collocet</strong></span> <span class='ocrx_word' id='word_1_16' title='bbox 2437 460 2532 528; x_wconf 90' lang='lat' dir='ltr'><strong>qui</strong></span> <span class='ocrx_word' id='word_1_17' title='bbox 2592 463 2940 519; x_wconf 74' lang='lat' dir='ltr'><strong>necessitatis</strong></span> <span class='ocrx_word' id='word_1_18' title='bbox 2980 472 3034 522; x_wconf 90' lang='lat' dir='ltr'><strong>et</strong></span> <span class='ocrx_word' id='word_1_19' title='bbox 3085 467 3368 525; x_wconf 72' lang='lat' dir='ltr'><strong>servitutis</strong></span> <span class='ocrx_word' id='word_1_20' title='bbox 3401 474 3613 530; x_wconf 84' lang='lat' dir='ltr'><strong>ratione</strong></span> 
     </span>
    </p>
   </div>
   <div class='ocr_carea' id='block_1_6' title="bbox 347 527 1934 605">
    <p class='ocr_par' dir='ltr' id='par_1_6' title="bbox 347 527 1934 605">
     <span class='ocr_line' id='line_1_6' title="bbox 347 527 1934 605; baseline 0.006 -23"><span class='ocrx_word' id='word_1_21' title='bbox 347 527 425 594; x_wconf 85' lang='grc' dir='ltr'>ὡς</span> <span class='ocrx_word' id='word_1_22' title='bbox 471 531 532 584; x_wconf 80' lang='grc' dir='ltr'><strong>ἐν</strong></span> <span class='ocrx_word' id='word_1_23' title='bbox 573 531 738 605; x_wconf 80' lang='grc' dir='ltr'>δούλῃ</span> <span class='ocrx_word' id='word_1_24' title='bbox 781 535 845 602; x_wconf 84' lang='grc' dir='ltr'>τῇ</span> <span class='ocrx_word' id='word_1_25' title='bbox 887 532 1264 603; x_wconf 85' lang='grc' dir='ltr'>ἀνθρωπότητι</span> <span class='ocrx_word' id='word_1_26' title='bbox 1315 534 1554 603; x_wconf 88' lang='grc' dir='ltr'>γεγονὼς</span> <span class='ocrx_word' id='word_1_27' title='bbox 1593 535 1662 589; x_wconf 81' lang='grc' dir='ltr'>τὰ</span> <span class='ocrx_word' id='word_1_28' title='bbox 1707 537 1934 592; x_wconf 88' lang='grc' dir='ltr'>τοιαῦτά</span> 
     </span>
    </p>
   </div>
   <div class='ocr_carea' id='block_1_7' title="bbox 351 620 1933 695">
    <p class='ocr_par' dir='ltr' id='par_1_7' title="bbox 351 620 1933 695">
     <span class='ocr_line' id='line_1_7' title="bbox 351 620 1933 695; baseline 0.003 -17"><span class='ocrx_word' id='word_1_29' title='bbox 351 643 492 695; x_wconf 87' lang='grc' dir='ltr'>φησι</span> <span class='ocrx_word' id='word_1_30' title='bbox 518 642 534 692; x_wconf 90' lang='grc'>;</span> <span class='ocrx_word' id='word_1_31' title='bbox 565 624 632 676; x_wconf 82' lang='grc' dir='ltr'>Τί</span> <span class='ocrx_word' id='word_1_32' title='bbox 675 624 782 694; x_wconf 81' lang='grc' dir='ltr'>γὰρ</span> <span class='ocrx_word' id='word_1_33' title='bbox 821 620 921 694; x_wconf 85' lang='grc' dir='ltr'>ἦν,</span> <span class='ocrx_word' id='word_1_34' title='bbox 957 623 1075 676; x_wconf 77' lang='grc' dir='ltr'>εἰπέ</span> <span class='ocrx_word' id='word_1_35' title='bbox 1116 641 1236 694; x_wconf 85' lang='grc' dir='ltr'>μοι,</span> <span class='ocrx_word' id='word_1_36' title='bbox 1277 626 1337 678; x_wconf 83' lang='grc' dir='ltr'><strong>τὸ</strong></span> <span class='ocrx_word' id='word_1_37' title='bbox 1387 626 1596 680; x_wconf 92' lang='grc' dir='ltr'>κωλύον</span> <span class='ocrx_word' id='word_1_38' title='bbox 1641 628 1804 681; x_wconf 78' lang='grc' dir='ltr'>αὑτὸν</span> <span class='ocrx_word' id='word_1_39' title='bbox 1851 631 1933 693; x_wconf 84' lang='grc' dir='ltr'><strong>είς</strong></span> 
     </span>
    </p>
   </div>
   <div class='ocr_carea' id='block_1_8' title="bbox 350 716 1931 792">
    <p class='ocr_par' dir='ltr' id='par_1_8' title="bbox 350 716 1931 792">
     <span class='ocr_line' id='line_1_8' title="bbox 350 716 1931 792; baseline 0.003 -22"><span class='ocrx_word' id='word_1_40' title='bbox 350 719 557 771; x_wconf 79' lang='grc' dir='ltr'>οἰκεῖον</span> <span class='ocrx_word' id='word_1_41' title='bbox 599 719 885 787; x_wconf 84' lang='grc' dir='ltr'>πρόσωπον</span> <span class='ocrx_word' id='word_1_42' title='bbox 931 716 1152 770; x_wconf 87' lang='grc' dir='ltr'>ἐλκῦσαι</span> <span class='ocrx_word' id='word_1_43' title='bbox 1194 719 1496 787; x_wconf 80' lang='grc' dir='ltr'>μοναδικῶς</span> <span class='ocrx_word' id='word_1_44' title='bbox 1541 719 1639 790; x_wconf 86' lang='grc' dir='ltr'><strong>τὴν</strong></span> <span class='ocrx_word' id='word_1_45' title='bbox 1686 722 1931 792; x_wconf 74' lang='grc' dir='ltr'>προσκύ-</span> 
     </span>
    </p>
   </div>
   <div class='ocr_carea' id='block_1_9' title="bbox 353 809 1928 883">
    <p class='ocr_par' dir='ltr' id='par_1_9' title="bbox 353 809 1928 883">
     <span class='ocr_line' id='line_1_9' title="bbox 353 809 1928 883; baseline 0.002 -22"><span class='ocrx_word' id='word_1_46' title='bbox 353 825 534 878; x_wconf 80' lang='grc' dir='ltr'>νησιν,</span> <span class='ocrx_word' id='word_1_47' title='bbox 559 810 606 862; x_wconf 87' lang='grc' dir='ltr'><strong>εί</strong></span> <span class='ocrx_word' id='word_1_48' title='bbox 630 809 862 862; x_wconf 81' lang='grc' dir='ltr'>νοεῖσθαι</span> <span class='ocrx_word' id='word_1_49' title='bbox 892 811 1022 879; x_wconf 86' lang='grc' dir='ltr'>παρ’</span> <span class='ocrx_word' id='word_1_50' title='bbox 1045 811 1202 879; x_wconf 78' lang='grc' dir='ltr'>ἡμῶν</span> <span class='ocrx_word' id='word_1_51' title='bbox 1226 811 1486 880; x_wconf 78' lang='grc' dir='ltr'>ἐπιθυμεῖ</span> <span class='ocrx_word' id='word_1_52' title='bbox 1511 815 1928 883; x_wconf 87' lang='grc' dir='ltr'>προσκυνητής;</span> 
     </span>
    </p>
   </div>
   <div class='ocr_carea' id='block_1_10' title="bbox 361 899 1922 972">
    <p class='ocr_par' dir='ltr' id='par_1_10' title="bbox 361 899 1922 972">
     <span class='ocr_line' id='line_1_10' title="bbox 361 899 1922 972; baseline 0.003 -20"><span class='ocrx_word' id='word_1_53' title='bbox 361 901 509 953; x_wconf 80' lang='grc' dir='ltr'>Ἔδει</span> <span class='ocrx_word' id='word_1_54' title='bbox 543 901 647 969; x_wconf 73' lang='grc' dir='ltr'>γὰρ</span> <span class='ocrx_word' id='word_1_55' title='bbox 679 900 876 970; x_wconf 73' lang='grc' dir='ltr'>μᾶλλον</span> <span class='ocrx_word' id='word_1_56' title='bbox 899 903 1093 953; x_wconf 78' lang='grc' dir='ltr'>εἰπεῖν’</span> <span class='ocrx_word' id='word_1_57' title='bbox 1130 921 1148 952; x_wconf 80' lang='grc' dir='ltr'><strong>ι</strong></span> <span class='ocrx_word' id='word_1_58' title='bbox 1191 900 1334 970; x_wconf 86' lang='grc' dir='ltr'>Ἐγὼ</span> <span class='ocrx_word' id='word_1_59' title='bbox 1364 903 1657 972; x_wconf 82' lang='grc' dir='ltr'>προσκυνῶ</span> <span class='ocrx_word' id='word_1_60' title='bbox 1685 903 1712 956; x_wconf 85' lang='grc' dir='ltr'><strong>ὃ</strong></span> <span class='ocrx_word' id='word_1_61' title='bbox 1739 899 1873 967; x_wconf 80' lang='grc' dir='ltr'>οἶδα,</span> <span class='ocrx_word' id='word_1_62' title='bbox 1902 923 1922 957; x_wconf 74' lang='grc' dir='ltr'><strong>ι</strong></span> 
     </span>
    </p>
   </div>
   <div class='ocr_carea' id='block_1_11' title="bbox 358 991 1930 1065">
    <p class='ocr_par' dir='ltr' id='par_1_11' title="bbox 358 991 1930 1065">
     <span class='ocr_line' id='line_1_11' title="bbox 358 991 1930 1065; baseline 0.003 -23"><span class='ocrx_word' id='word_1_63' title='bbox 358 991 444 1044; x_wconf 79' lang='grc' dir='ltr'><strong>ἵνα</strong></span> <span class='ocrx_word' id='word_1_64' title='bbox 472 993 586 1054; x_wconf 90' lang='grc' dir='ltr'>τοῖς</span> <span class='ocrx_word' id='word_1_65' title='bbox 621 991 801 1055; x_wconf 77' lang='grc' dir='ltr'>ἄλλοις</span> <span class='ocrx_word' id='word_1_66' title='bbox 833 991 1170 1055; x_wconf 82' lang='grc' dir='ltr'>ἀσύντακτος</span> <span class='ocrx_word' id='word_1_67' title='bbox 1193 993 1291 1056; x_wconf 85' lang='grc' dir='ltr'><strong>ὢν,</strong></span> <span class='ocrx_word' id='word_1_68' title='bbox 1337 995 1420 1061; x_wconf 81' lang='grc' dir='ltr'>ἐφ’</span> <span class='ocrx_word' id='word_1_69' title='bbox 1446 993 1624 1063; x_wconf 81' lang='grc' dir='ltr'>ἐαυτῷ</span> <span class='ocrx_word' id='word_1_70' title='bbox 1657 995 1751 1047; x_wconf 72' lang='grc' dir='ltr'><strong>καὶ</strong></span> <span class='ocrx_word' id='word_1_71' title='bbox 1784 995 1930 1065; x_wconf 84' lang='grc' dir='ltr'>μόνῳ</span> 
     </span>
    </p>
   </div>
   <div class='ocr_carea' id='block_1_12' title="bbox 352 1081 1930 1154">
    <p class='ocr_par' dir='ltr' id='par_1_12' title="bbox 352 1081 1930 1154">
     <span class='ocr_line' id='line_1_12' title="bbox 352 1081 1930 1154; baseline 0.003 -20"><span class='ocrx_word' id='word_1_72' title='bbox 352 1081 448 1150; x_wconf 75' lang='grc' dir='ltr'><strong>τὴν</strong></span> <span class='ocrx_word' id='word_1_73' title='bbox 492 1083 600 1136; x_wconf 86' lang='grc' dir='ltr'><strong>τῶν</strong></span> <span class='ocrx_word' id='word_1_74' title='bbox 653 1084 960 1154; x_wconf 80' lang='grc' dir='ltr'>εἰρημένων</span> <span class='ocrx_word' id='word_1_75' title='bbox 1017 1085 1239 1154; x_wconf 82' lang='grc' dir='ltr'>ἁρπάσῃ</span> <span class='ocrx_word' id='word_1_76' title='bbox 1299 1084 1548 1154; x_wconf 88' lang='grc' dir='ltr'>δύναμιν.</span> <span class='ocrx_word' id='word_1_77' title='bbox 1601 1085 1738 1138; x_wconf 79' lang='grc' dir='ltr'>Νυνὶ</span> <span class='ocrx_word' id='word_1_78' title='bbox 1784 1087 1930 1139; x_wconf 80' lang='grc' dir='ltr'>δὲτὸ</span> 
     </span>
    </p>
   </div>
   <div class='ocr_carea' id='block_1_13' title="bbox 357 1173 1931 1244">
    <p class='ocr_par' dir='ltr' id='par_1_13' title="bbox 357 1173 1931 1244">
     <span class='ocr_line' id='line_1_13' title="bbox 357 1173 1931 1244; baseline 0.006 -23"><span class='ocrx_word' id='word_1_79' title='bbox 357 1190 376 1221; x_wconf 85' lang='grc'><strong><em>‹</em></strong></span> <span class='ocrx_word' id='word_1_80' title='bbox 429 1173 637 1242; x_wconf 83' lang='grc' dir='ltr'>Ἡμεῖς,</span> <span class='ocrx_word' id='word_1_81' title='bbox 680 1193 699 1224; x_wconf 77' lang='grc' dir='ltr'><strong>ι</strong></span> <span class='ocrx_word' id='word_1_82' title='bbox 733 1175 932 1244; x_wconf 78' lang='grc' dir='ltr'>ἄριστά</span> <span class='ocrx_word' id='word_1_83' title='bbox 959 1176 1018 1227; x_wconf 79' lang='grc' dir='ltr'>τέ</span> <span class='ocrx_word' id='word_1_84' title='bbox 1051 1193 1184 1244; x_wconf 88' lang='grc' dir='ltr'>φησι</span> <span class='ocrx_word' id='word_1_85' title='bbox 1227 1176 1321 1228; x_wconf 77' lang='grc' dir='ltr'><strong>καὶ</strong></span> <span class='ocrx_word' id='word_1_86' title='bbox 1363 1176 1485 1228; x_wconf 93' lang='grc' dir='ltr'>λίαν</span> <span class='ocrx_word' id='word_1_87' title='bbox 1531 1175 1812 1243; x_wconf 84' lang='grc' dir='ltr'><strong>ἀσφαλῶς,</strong></span> <span class='ocrx_word' id='word_1_88' title='bbox 1853 1178 1931 1240; x_wconf 87' lang='grc' dir='ltr'>ὡς</span> 
     </span>
    </p>
   </div>
   <div class='ocr_carea' id='block_1_14' title="bbox 347 1262 1928 1336">
    <p class='ocr_par' dir='ltr' id='par_1_14' title="bbox 347 1262 1928 1336">
     <span class='ocr_line' id='line_1_14' title="bbox 347 1262 1928 1336; baseline 0.004 -24"><span class='ocrx_word' id='word_1_89' title='bbox 347 1262 406 1313; x_wconf 81' lang='grc' dir='ltr'><strong>ἐν</strong></span> <span class='ocrx_word' id='word_1_90' title='bbox 447 1262 654 1326; x_wconf 87' lang='grc' dir='ltr'>δούλοις</span> <span class='ocrx_word' id='word_1_91' title='bbox 701 1264 802 1334; x_wconf 67' lang='grc' dir='ltr'>ήδη</span> <span class='ocrx_word' id='word_1_92' title='bbox 842 1267 1320 1336; x_wconf 80' lang='grc' dir='ltr'>κατατεταγμένος</span> <span class='ocrx_word' id='word_1_93' title='bbox 1369 1265 1457 1318; x_wconf 87' lang='grc' dir='ltr'><strong>διά</strong></span> <span class='ocrx_word' id='word_1_94' title='bbox 1497 1267 1596 1336; x_wconf 82' lang='grc' dir='ltr'>τὴν</span> <span class='ocrx_word' id='word_1_95' title='bbox 1641 1265 1928 1336; x_wconf 78' lang='grc' dir='ltr'>ἀνθρωπό-</span> 
     </span>
    </p>
   </div>
   <div class='ocr_carea' id='block_1_15' title="bbox 347 1334 1929 1429">
    <p class='ocr_par' dir='ltr' id='par_1_15' title="bbox 347 1334 1929 1429">
     <span class='ocr_line' id='line_1_15' title="bbox 347 1334 1929 1429; baseline 0 -21"><span class='ocrx_word' id='word_1_96' title='bbox 347 1373 503 1426; x_wconf 86' lang='grc' dir='ltr'>τητα,</span> <span class='ocrx_word' id='word_1_97' title='bbox 527 1356 603 1420; x_wconf 87' lang='grc' dir='ltr'><strong>ὡς</strong></span> <span class='ocrx_word' id='word_1_98' title='bbox 623 1360 736 1420; x_wconf 87' lang='grc' dir='ltr'>τοῖς</span> <span class='ocrx_word' id='word_1_99' title='bbox 760 1356 1158 1429; x_wconf 81' lang='grc' dir='ltr'>προσκυνοῦσιν</span> <span class='ocrx_word' id='word_1_100' title='bbox 1186 1358 1519 1429; x_wconf 89' lang='grc' dir='ltr'>ἐναρίθμιος,</span> <span class='ocrx_word' id='word_1_101' title='bbox 1547 1334 1929 1421; x_wconf 64' lang='grc' dir='ltr'>ὡς’Ίουδαίοις</span> 
     </span>
    </p>
   </div>
   <div class='ocr_carea' id='block_1_16' title="bbox 346 1449 1342 1518">
    <p class='ocr_par' dir='ltr' id='par_1_16' title="bbox 346 1449 1342 1518">
     <span class='ocr_line' id='line_1_16' title="bbox 346 1449 1342 1518; baseline -0.002 -16"><span class='ocrx_word' id='word_1_102' title='bbox 346 1449 433 1502; x_wconf 76' lang='grc' dir='ltr'>διὰ</span> <span class='ocrx_word' id='word_1_103' title='bbox 461 1449 562 1518; x_wconf 72' lang='grc' dir='ltr'>τὴν</span> <span class='ocrx_word' id='word_1_104' title='bbox 594 1449 803 1518; x_wconf 78' lang='grc' dir='ltr'>χώραν.</span> <span class='ocrx_word' id='word_1_105' title='bbox 1339 1497 1342 1500; x_wconf 83' lang='grc'>.</span> 
     </span>
    </p>
   </div>
   <div class='ocr_carea' id='block_1_17' title="bbox 432 1539 1928 1608">
    <p class='ocr_par' dir='ltr' id='par_1_17' title="bbox 432 1539 1928 1608">
     <span class='ocr_line' id='line_1_17' title="bbox 432 1539 1928 1608; baseline 0 -12"><span class='ocrx_word' id='word_1_106' title='bbox 432 1540 585 1596; x_wconf 73' lang='grc' dir='ltr'><strong>Ἀλλ’</strong></span> <span class='ocrx_word' id='word_1_107' title='bbox 633 1541 869 1608; x_wconf 78' lang='grc' dir='ltr'>ἔρχεται</span> <span class='ocrx_word' id='word_1_108' title='bbox 897 1539 1040 1608; x_wconf 85' lang='grc' dir='ltr'>ὥρα,</span> <span class='ocrx_word' id='word_1_109' title='bbox 1068 1541 1166 1595; x_wconf 78' lang='grc' dir='ltr'><strong>καί</strong></span> <span class='ocrx_word' id='word_1_110' title='bbox 1194 1541 1312 1595; x_wconf 82' lang='grc' dir='ltr'><strong>νῦν</strong></span> <span class='ocrx_word' id='word_1_111' title='bbox 1341 1543 1526 1605; x_wconf 87' lang='grc' dir='ltr'>ἐστιν,</span> <span class='ocrx_word' id='word_1_112' title='bbox 1551 1542 1650 1595; x_wconf 86' lang='grc' dir='ltr'>ὅτε</span> <span class='ocrx_word' id='word_1_113' title='bbox 1688 1545 1742 1596; x_wconf 83' lang='grc' dir='ltr'>οἱ</span> <span class='ocrx_word' id='word_1_114' title='bbox 1777 1541 1928 1608; x_wconf 79' lang='grc' dir='ltr'>ἀλη-</span> 
     </span>
    </p>
   </div>
   <div class='ocr_carea' id='block_1_18' title="bbox 348 1631 1929 1701">
    <p class='ocr_par' dir='ltr' id='par_1_18' title="bbox 348 1631 1929 1701">
     <span class='ocr_line' id='line_1_18' title="bbox 348 1631 1929 1701; baseline 0.001 -17"><span class='ocrx_word' id='word_1_115' title='bbox 348 1631 502 1685; x_wconf 77' lang='grc' dir='ltr'>θινοί</span> <span class='ocrx_word' id='word_1_116' title='bbox 540 1632 952 1698; x_wconf 78' lang='grc' dir='ltr'>προσκυνηταὶ</span> <span class='ocrx_word' id='word_1_117' title='bbox 991 1632 1489 1700; x_wconf 77' lang='grc' dir='ltr'>προσκυνήσουσι</span> <span class='ocrx_word' id='word_1_118' title='bbox 1530 1631 1608 1698; x_wconf 84' lang='grc' dir='ltr'>τῷ</span> <span class='ocrx_word' id='word_1_119' title='bbox 1647 1635 1826 1701; x_wconf 79' lang='grc' dir='ltr'>Πατρὶ</span> <span class='ocrx_word' id='word_1_120' title='bbox 1859 1634 1929 1686; x_wconf 89' lang='grc' dir='ltr'>ἐν</span> 
     </span>
    </p>
   </div>
   <div class='ocr_carea' id='block_1_19' title="bbox 351 1723 1927 1796">
    <p class='ocr_par' dir='ltr' id='par_1_19' title="bbox 351 1723 1927 1796">
     <span class='ocr_line' id='line_1_19' title="bbox 351 1723 1927 1796; baseline 0.003 -21"><span class='ocrx_word' id='word_1_121' title='bbox 351 1723 646 1792; x_wconf 81' lang='grc' dir='ltr'>πνεύματι</span> <span class='ocrx_word' id='word_1_122' title='bbox 689 1723 789 1777; x_wconf 78' lang='grc' dir='ltr'>καὶ</span> <span class='ocrx_word' id='word_1_123' title='bbox 823 1725 1094 1791; x_wconf 82' lang='grc' dir='ltr'><strong>ἀληθείᾳ.</strong></span> <span class='ocrx_word' id='word_1_124' title='bbox 1143 1725 1255 1777; x_wconf 80' lang='grc' dir='ltr'><strong>Καὶ</strong></span> <span class='ocrx_word' id='word_1_125' title='bbox 1286 1727 1395 1795; x_wconf 74' lang='grc' dir='ltr'>γὰρ</span> <span class='ocrx_word' id='word_1_126' title='bbox 1440 1730 1472 1780; x_wconf 80' lang='grc' dir='ltr'><em>ὁ</em></span> <span class='ocrx_word' id='word_1_127' title='bbox 1505 1726 1705 1796; x_wconf 81' lang='grc' dir='ltr'>Πατὴρ</span> <span class='ocrx_word' id='word_1_128' title='bbox 1732 1727 1927 1780; x_wconf 89' lang='grc' dir='ltr'>τοιού-</span> 
     </span>
    </p>
   </div>
   <div class='ocr_carea' id='block_1_20' title="bbox 351 1813 1929 1888">
    <p class='ocr_par' dir='ltr' id='par_1_20' title="bbox 351 1813 1929 1888">
     <span class='ocr_line' id='line_1_20' title="bbox 351 1813 1929 1888; baseline 0.003 -21"><span class='ocrx_word' id='word_1_129' title='bbox 351 1832 500 1880; x_wconf 85' lang='grc' dir='ltr'>τους</span> <span class='ocrx_word' id='word_1_130' title='bbox 545 1813 706 1883; x_wconf 80' lang='grc' dir='ltr'>ζητεῖ</span> <span class='ocrx_word' id='word_1_131' title='bbox 735 1816 877 1882; x_wconf 88' lang='grc' dir='ltr'>τοὺς</span> <span class='ocrx_word' id='word_1_132' title='bbox 914 1817 1411 1884; x_wconf 76' lang='grc' dir='ltr'>προσκυνοῦντας</span> <span class='ocrx_word' id='word_1_133' title='bbox 1443 1822 1648 1873; x_wconf 87' lang='grc' dir='ltr'>αὐτόν.</span> <span class='ocrx_word' id='word_1_134' title='bbox 1691 1818 1929 1888; x_wconf 79' lang='grc' dir='ltr'><strong>Πνεῦμα</strong></span> 
     </span>
    </p>
   </div>
   <div class='ocr_carea' id='block_1_21' title="bbox 357 1906 1928 1977">
    <p class='ocr_par' dir='ltr' id='par_1_21' title="bbox 357 1906 1928 1977">
     <span class='ocr_line' id='line_1_21' title="bbox 357 1906 1928 1977; baseline 0.003 -17"><span class='ocrx_word' id='word_1_135' title='bbox 357 1910 390 1960; x_wconf 85' lang='grc' dir='ltr'><strong>ό</strong></span> <span class='ocrx_word' id='word_1_136' title='bbox 427 1906 589 1972; x_wconf 85' lang='grc' dir='ltr'>Θεὸς,</span> <span class='ocrx_word' id='word_1_137' title='bbox 610 1908 705 1962; x_wconf 79' lang='grc' dir='ltr'><strong>καί</strong></span> <span class='ocrx_word' id='word_1_138' title='bbox 748 1909 890 1972; x_wconf 83' lang='grc' dir='ltr'>τοὺς</span> <span class='ocrx_word' id='word_1_139' title='bbox 930 1911 1425 1977; x_wconf 84' lang='grc' dir='ltr'>προσκυνοῦντας</span> <span class='ocrx_word' id='word_1_140' title='bbox 1450 1912 1635 1966; x_wconf 83' lang='grc' dir='ltr'>αὑτὸν</span> <span class='ocrx_word' id='word_1_141' title='bbox 1659 1912 1726 1964; x_wconf 84' lang='grc' dir='ltr'><strong>ἐν</strong></span> <span class='ocrx_word' id='word_1_142' title='bbox 1749 1912 1928 1964; x_wconf 83' lang='grc' dir='ltr'>πνεύ-</span> 
     </span>
    </p>
   </div>
   <div class='ocr_carea' id='block_1_22' title="bbox 345 1998 1927 2074">
    <p class='ocr_par' dir='ltr' id='par_1_22' title="bbox 345 1998 1927 2074">
     <span class='ocr_line' id='line_1_22' title="bbox 345 1998 1927 2074; baseline 0.003 -22"><span class='ocrx_word' id='word_1_143' title='bbox 345 2012 492 2063; x_wconf 78' lang='grc' dir='ltr'>ματι</span> <span class='ocrx_word' id='word_1_144' title='bbox 533 1998 631 2052; x_wconf 75' lang='grc' dir='ltr'><strong>καί</strong></span> <span class='ocrx_word' id='word_1_145' title='bbox 677 1999 925 2068; x_wconf 80' lang='grc' dir='ltr'>ἀληθείᾳ</span> <span class='ocrx_word' id='word_1_146' title='bbox 958 1999 1055 2053; x_wconf 88' lang='grc' dir='ltr'><strong>δεῖ</strong></span> <span class='ocrx_word' id='word_1_147' title='bbox 1078 2002 1460 2070; x_wconf 82' lang='grc' dir='ltr'>προσκυνεῖν.</span> <span class='ocrx_word' id='word_1_148' title='bbox 1489 2003 1657 2074; x_wconf 77' lang='grc' dir='ltr'>Λέγει</span> <span class='ocrx_word' id='word_1_149' title='bbox 1694 2003 1853 2069; x_wconf 86' lang='grc' dir='ltr'>αὐτῷ</span> <span class='ocrx_word' id='word_1_150' title='bbox 1891 2004 1927 2072; x_wconf 82' lang='grc' dir='ltr'><strong><em>ἠ</em></strong></span> 
     </span>
    </p>
   </div>
   <div class='ocr_carea' id='block_1_23' title="bbox 356 2089 531 2158">
    <p class='ocr_par' dir='ltr' id='par_1_23' title="bbox 356 2089 531 2158">
     <span class='ocr_line' id='line_1_23' title="bbox 356 2089 531 2158; baseline 0.017 -17"><span class='ocrx_word' id='word_1_151' title='bbox 356 2089 531 2158; x_wconf 62' lang='grc' dir='ltr'>γυνή.</span> 
     </span>
    </p>
   </div>
   <div class='ocr_carea' id='block_1_24' title="bbox 422 2180 1930 2260">
    <p class='ocr_par' dir='ltr' id='par_1_24' title="bbox 422 2180 1930 2260">
     <span class='ocr_line' id='line_1_24' title="bbox 422 2180 1930 2260; baseline 0.008 -30"><span class='ocrx_word' id='word_1_152' title='bbox 422 2180 682 2249; x_wconf 86' lang='grc' dir='ltr'>Σημαίνει</span> <span class='ocrx_word' id='word_1_153' title='bbox 714 2182 814 2252; x_wconf 88' lang='grc' dir='ltr'><strong>μὲν</strong></span> <span class='ocrx_word' id='word_1_154' title='bbox 839 2184 938 2254; x_wconf 85' lang='grc' dir='ltr'>τῆς</span> <span class='ocrx_word' id='word_1_155' title='bbox 968 2183 1164 2238; x_wconf 90' lang='grc' dir='ltr'>ἐαυτοῦ</span> <span class='ocrx_word' id='word_1_156' title='bbox 1197 2185 1501 2254; x_wconf 83' lang='grc' dir='ltr'>παρουσίας</span> <span class='ocrx_word' id='word_1_157' title='bbox 1534 2186 1621 2240; x_wconf 81' lang='grc' dir='ltr'><strong>τὸν</strong></span> <span class='ocrx_word' id='word_1_158' title='bbox 1655 2188 1753 2258; x_wconf 72' lang='grc' dir='ltr'>ἢδη</span> <span class='ocrx_word' id='word_1_159' title='bbox 1790 2206 1930 2260; x_wconf 86' lang='grc' dir='ltr'>παρ-</span> 
     </span>
    </p>
   </div>
   <div class='ocr_carea' id='block_1_25' title="bbox 347 2274 1930 2348">
    <p class='ocr_par' dir='ltr' id='par_1_25' title="bbox 347 2274 1930 2348">
     <span class='ocr_line' id='line_1_25' title="bbox 347 2274 1930 2348; baseline 0.006 -25"><span class='ocrx_word' id='word_1_160' title='bbox 347 2285 474 2324; x_wconf 65' lang='grc' dir='ltr'>όντα</span> <span class='ocrx_word' id='word_1_161' title='bbox 526 2274 756 2344; x_wconf 83' lang='grc' dir='ltr'>καιρὸν,</span> <span class='ocrx_word' id='word_1_162' title='bbox 794 2277 1408 2348; x_wconf 87' lang='grc' dir='ltr'>μετασκευασθὴσεσθαι</span> <span class='ocrx_word' id='word_1_163' title='bbox 1461 2279 1518 2330; x_wconf 86' lang='grc' dir='ltr'>δὲ</span> <span class='ocrx_word' id='word_1_164' title='bbox 1563 2280 1688 2342; x_wconf 77' lang='grc' dir='ltr'>τοὺς</span> <span class='ocrx_word' id='word_1_165' title='bbox 1726 2279 1930 2344; x_wconf 85' lang='grc' dir='ltr'>τύπους</span> 
     </span>
    </p>
   </div>
   <div class='ocr_carea' id='block_1_26' title="bbox 348 2364 1928 2441">
    <p class='ocr_par' dir='ltr' id='par_1_26' title="bbox 348 2364 1928 2441">
     <span class='ocr_line' id='line_1_26' title="bbox 348 2364 1928 2441; baseline 0.006 -26"><span class='ocrx_word' id='word_1_166' title='bbox 348 2364 514 2433; x_wconf 74' lang='grc' dir='ltr'>φησὶν</span> <span class='ocrx_word' id='word_1_167' title='bbox 541 2367 622 2428; x_wconf 85' lang='grc' dir='ltr'><strong>είς</strong></span> <span class='ocrx_word' id='word_1_168' title='bbox 650 2367 927 2438; x_wconf 86' lang='grc' dir='ltr'>ἀλήθειαν,</span> <span class='ocrx_word' id='word_1_169' title='bbox 955 2370 1051 2422; x_wconf 80' lang='grc' dir='ltr'>καὶ</span> <span class='ocrx_word' id='word_1_170' title='bbox 1091 2369 1190 2441; x_wconf 81' lang='grc' dir='ltr'><strong>τὴν</strong></span> <span class='ocrx_word' id='word_1_171' title='bbox 1225 2371 1317 2423; x_wconf 87' lang='grc' dir='ltr'><strong>τοῦ</strong></span> <span class='ocrx_word' id='word_1_172' title='bbox 1347 2371 1511 2440; x_wconf 90' lang='grc' dir='ltr'>νόμου</span> <span class='ocrx_word' id='word_1_173' title='bbox 1541 2371 1697 2425; x_wconf 81' lang='grc' dir='ltr'>σκιὰν</span> <span class='ocrx_word' id='word_1_174' title='bbox 1719 2374 1798 2435; x_wconf 84' lang='grc' dir='ltr'><strong>είς</strong></span> <span class='ocrx_word' id='word_1_175' title='bbox 1830 2373 1928 2425; x_wconf 90' lang='grc' dir='ltr'>λα-</span> 
     </span>
    </p>
   </div>
   <div class='ocr_carea' id='block_1_27' title="bbox 346 2457 1930 2534">
    <p class='ocr_par' dir='ltr' id='par_1_27' title="bbox 346 2457 1930 2534">
     <span class='ocr_line' id='line_1_27' title="bbox 346 2457 1930 2534; baseline 0.007 -25"><span class='ocrx_word' id='word_1_176' title='bbox 346 2457 536 2527; x_wconf 83' lang='grc' dir='ltr'>τρείαν</span> <span class='ocrx_word' id='word_1_177' title='bbox 585 2461 980 2530; x_wconf 83' lang='grc' dir='ltr'>πνευματικήν.</span> <span class='ocrx_word' id='word_1_178' title='bbox 1012 2461 1111 2514; x_wconf 85' lang='grc' dir='ltr'>Διά</span> <span class='ocrx_word' id='word_1_179' title='bbox 1157 2462 1214 2514; x_wconf 87' lang='grc' dir='ltr'>δὲ</span> <span class='ocrx_word' id='word_1_180' title='bbox 1263 2463 1363 2532; x_wconf 84' lang='grc' dir='ltr'>τῆς</span> <span class='ocrx_word' id='word_1_181' title='bbox 1407 2465 1769 2534; x_wconf 80' lang='grc' dir='ltr'>εύαγγελικῆς</span> <span class='ocrx_word' id='word_1_182' title='bbox 1803 2485 1930 2520; x_wconf 90' lang='grc' dir='ltr'>παι-</span> 
     </span>
    </p>
   </div>
   <div class='ocr_carea' id='block_1_28' title="bbox 345 2546 1929 2627">
    <p class='ocr_par' dir='ltr' id='par_1_28' title="bbox 345 2546 1929 2627">
     <span class='ocr_line' id='line_1_28' title="bbox 345 2546 1929 2627; baseline 0.008 -28"><span class='ocrx_word' id='word_1_183' title='bbox 345 2546 581 2609; x_wconf 86' lang='grc' dir='ltr'>δεύσεως</span> <span class='ocrx_word' id='word_1_184' title='bbox 601 2550 681 2610; x_wconf 83' lang='grc' dir='ltr'><strong>είς</strong></span> <span class='ocrx_word' id='word_1_185' title='bbox 713 2549 1007 2619; x_wconf 87' lang='grc' dir='ltr'>εὐάρεστον</span> <span class='ocrx_word' id='word_1_186' title='bbox 1037 2550 1116 2621; x_wconf 84' lang='grc' dir='ltr'>τῷ</span> <span class='ocrx_word' id='word_1_187' title='bbox 1139 2552 1314 2623; x_wconf 77' lang='grc' dir='ltr'>Πατρὶ</span> <span class='ocrx_word' id='word_1_188' title='bbox 1351 2555 1626 2608; x_wconf 83' lang='grc' dir='ltr'>πολιτείαν</span> <span class='ocrx_word' id='word_1_189' title='bbox 1665 2575 1929 2627; x_wconf 76' lang='grc' dir='ltr'>χειραγω-</span> 
     </span>
    </p>
   </div>
   <div class='ocr_carea' id='block_1_29' title="bbox 347 2637 1928 2716">
    <p class='ocr_par' dir='ltr' id='par_1_29' title="bbox 347 2637 1928 2716">
     <span class='ocr_line' id='line_1_29' title="bbox 347 2637 1928 2716; baseline 0.007 -27"><span class='ocrx_word' id='word_1_190' title='bbox 347 2637 686 2707; x_wconf 82' lang='grc' dir='ltr'>γηθήσεσθαι</span> <span class='ocrx_word' id='word_1_191' title='bbox 737 2639 886 2707; x_wconf 86' lang='grc' dir='ltr'>λέγει</span> <span class='ocrx_word' id='word_1_192' title='bbox 937 2639 1030 2693; x_wconf 83' lang='grc' dir='ltr'><strong>τὸν</strong></span> <span class='ocrx_word' id='word_1_193' title='bbox 1070 2641 1320 2712; x_wconf 85' lang='grc' dir='ltr'>ἀληθινὸν</span> <span class='ocrx_word' id='word_1_194' title='bbox 1376 2647 1793 2716; x_wconf 82' lang='grc' dir='ltr'>προσκυνητὴν,</span> <span class='ocrx_word' id='word_1_195' title='bbox 1836 2647 1928 2700; x_wconf 82' lang='grc' dir='ltr'><strong>τὸν</strong></span> 
     </span>
    </p>
   </div>
   <div class='ocr_carea' id='block_1_30' title="bbox 347 2727 1928 2809">
    <p class='ocr_par' dir='ltr' id='par_1_30' title="bbox 347 2727 1928 2809">
     <span class='ocr_line' id='line_1_30' title="bbox 347 2727 1928 2809; baseline 0.006 -27"><span class='ocrx_word' id='word_1_196' title='bbox 347 2727 633 2800; x_wconf 78' lang='grc' dir='ltr'>ἄνθρωπον</span> <span class='ocrx_word' id='word_1_197' title='bbox 656 2729 898 2800; x_wconf 87' lang='grc' dir='ltr'>δηλονότι</span> <span class='ocrx_word' id='word_1_198' title='bbox 917 2732 1006 2784; x_wconf 85' lang='grc' dir='ltr'><strong>τὸν</strong></span> <span class='ocrx_word' id='word_1_199' title='bbox 1026 2735 1416 2804; x_wconf 80' lang='grc' dir='ltr'>πνευματικὸν,</span> <span class='ocrx_word' id='word_1_200' title='bbox 1448 2737 1789 2809; x_wconf 81' lang='grc' dir='ltr'>ἑτοιμότερόν</span> <span class='ocrx_word' id='word_1_201' title='bbox 1811 2757 1928 2803; x_wconf 91' lang='grc' dir='ltr'><strong>πως</strong></span> 
     </span>
    </p>
   </div>
   <div class='ocr_carea' id='block_1_31' title="bbox 348 2820 1928 2900">
    <p class='ocr_par' dir='ltr' id='par_1_31' title="bbox 348 2820 1928 2900">
     <span class='ocr_line' id='line_1_31' title="bbox 348 2820 1928 2900; baseline 0.007 -28"><span class='ocrx_word' id='word_1_202' title='bbox 348 2820 429 2883; x_wconf 84' lang='grc' dir='ltr'>εἰς</span> <span class='ocrx_word' id='word_1_203' title='bbox 459 2821 766 2892; x_wconf 74' lang='grc' dir='ltr'>οἰκειότητα</span> <span class='ocrx_word' id='word_1_204' title='bbox 786 2824 1045 2893; x_wconf 81' lang='grc' dir='ltr'>τρέχοντά</span> <span class='ocrx_word' id='word_1_205' title='bbox 1073 2842 1189 2888; x_wconf 87' lang='grc' dir='ltr'><strong>πως</strong></span> <span class='ocrx_word' id='word_1_206' title='bbox 1229 2827 1327 2896; x_wconf 82' lang='grc' dir='ltr'>τὴν</span> <span class='ocrx_word' id='word_1_207' title='bbox 1358 2827 1490 2896; x_wconf 79' lang='grc' dir='ltr'>πρὸς</span> <span class='ocrx_word' id='word_1_208' title='bbox 1524 2828 1673 2882; x_wconf 89' lang='grc' dir='ltr'>Θεόν.</span> <span class='ocrx_word' id='word_1_209' title='bbox 1704 2831 1928 2900; x_wconf 84' lang='grc' dir='ltr'>Πνεῦμα</span> 
     </span>
    </p>
   </div>
   <div class='ocr_carea' id='block_1_32' title="bbox 350 2910 1926 2988">
    <p class='ocr_par' dir='ltr' id='par_1_32' title="bbox 350 2910 1926 2988">
     <span class='ocr_line' id='line_1_32' title="bbox 350 2910 1926 2988; baseline 0.007 -25"><span class='ocrx_word' id='word_1_210' title='bbox 350 2910 457 2981; x_wconf 81' lang='grc' dir='ltr'>γὰρ</span> <span class='ocrx_word' id='word_1_211' title='bbox 477 2913 504 2964; x_wconf 86' lang='grc' dir='ltr'><strong>ό</strong></span> <span class='ocrx_word' id='word_1_212' title='bbox 529 2911 681 2978; x_wconf 82' lang='grc' dir='ltr'>Θεὸς,</span> <span class='ocrx_word' id='word_1_213' title='bbox 713 2913 789 2975; x_wconf 87' lang='grc' dir='ltr'>ὡς</span> <span class='ocrx_word' id='word_1_214' title='bbox 831 2914 966 2984; x_wconf 87' lang='grc' dir='ltr'>πρὸς</span> <span class='ocrx_word' id='word_1_215' title='bbox 997 2915 1250 2986; x_wconf 83' lang='grc' dir='ltr'>σώματος</span> <span class='ocrx_word' id='word_1_216' title='bbox 1278 2921 1477 2970; x_wconf 83' lang='grc' dir='ltr'>νοεῖται</span> <span class='ocrx_word' id='word_1_217' title='bbox 1509 2919 1667 2988; x_wconf 85' lang='grc' dir='ltr'>φύσιν</span> <span class='ocrx_word' id='word_1_218' title='bbox 1692 2935 1702 2945; x_wconf 84' lang='grc'><em>”</em></span> <span class='ocrx_word' id='word_1_219' title='bbox 1732 2921 1818 2974; x_wconf 86' lang='grc' dir='ltr'><strong>διά</strong></span> <span class='ocrx_word' id='word_1_220' title='bbox 1845 2938 1926 2974; x_wconf 90' lang='grc' dir='ltr'><strong>τοι</strong></span> 
     </span>
    </p>
   </div>
   <div class='ocr_carea' id='block_1_33' title="bbox 351 2999 1926 3079">
    <p class='ocr_par' dir='ltr' id='par_1_33' title="bbox 351 2999 1926 3079">
     <span class='ocr_line' id='line_1_33' title="bbox 351 2999 1926 3079; baseline 0.006 -27"><span class='ocrx_word' id='word_1_221' title='bbox 351 2999 503 3053; x_wconf 78' lang='grc' dir='ltr'>τοῦτο</span> <span class='ocrx_word' id='word_1_222' title='bbox 532 3001 756 3065; x_wconf 82' lang='grc' dir='ltr'>δικαίως</span> <span class='ocrx_word' id='word_1_223' title='bbox 805 3003 895 3055; x_wconf 86' lang='grc' dir='ltr'><strong>τὸν</strong></span> <span class='ocrx_word' id='word_1_224' title='bbox 941 3005 1306 3074; x_wconf 84' lang='grc' dir='ltr'>πνευματικὸν</span> <span class='ocrx_word' id='word_1_225' title='bbox 1333 3006 1654 3076; x_wconf 82' lang='grc' dir='ltr'>ἀποδέχεται</span> <span class='ocrx_word' id='word_1_226' title='bbox 1694 3027 1926 3079; x_wconf 85' lang='grc' dir='ltr'>προσκυ-</span> 
     </span>
    </p>
   </div>
   <div class='ocr_carea' id='block_1_34' title="bbox 2036 543 3613 627">
    <p class='ocr_par' dir='ltr' id='par_1_34' title="bbox 2036 543 3613 627">
     <span class='ocr_line' id='line_1_34' title="bbox 2036 543 3613 627; baseline 0.015 -32"><span class='ocrx_word' id='word_1_227' title='bbox 2036 543 2289 608; x_wconf 88' lang='lat' dir='ltr'><strong>adorant,</strong></span> <span class='ocrx_word' id='word_1_228' title='bbox 2322 546 2436 603; x_wconf 65' lang='lat' dir='ltr'><strong>haec</strong></span> <span class='ocrx_word' id='word_1_229' title='bbox 2470 550 2563 612; x_wconf 86' lang='lat' dir='ltr'><strong>ait.</strong></span> <span class='ocrx_word' id='word_1_230' title='bbox 2591 562 2849 622; x_wconf 83' lang='lat' dir='ltr'><strong>tanquam</strong></span> <span class='ocrx_word' id='word_1_231' title='bbox 2884 557 2979 627; x_wconf 89' lang='lat' dir='ltr'><strong>qui</strong></span> <span class='ocrx_word' id='word_1_232' title='bbox 3013 558 3066 611; x_wconf 90' lang='lat' dir='ltr'><strong>in</strong></span> <span class='ocrx_word' id='word_1_233' title='bbox 3090 573 3247 613; x_wconf 90' lang='lat' dir='ltr'><strong>serva</strong></span> <span class='ocrx_word' id='word_1_234' title='bbox 3267 561 3613 620; x_wconf 83' lang='lat' dir='ltr'><strong>humanitate</strong></span> 
     </span>
    </p>
   </div>
   <div class='ocr_carea' id='block_1_35' title="bbox 2034 633 3609 722">
    <p class='ocr_par' dir='ltr' id='par_1_35' title="bbox 2034 633 3609 722">
     <span class='ocr_line' id='line_1_35' title="bbox 2034 633 3609 722; baseline 0.013 -35"><span class='ocrx_word' id='word_1_235' title='bbox 2034 633 2309 687; x_wconf 78' lang='lat' dir='ltr'><strong>exsistat?</strong></span> <span class='ocrx_word' id='word_1_236' title='bbox 2369 637 2510 702; x_wconf 85' lang='lat' dir='ltr'><strong>Quid</strong></span> <span class='ocrx_word' id='word_1_237' title='bbox 2561 642 2731 705; x_wconf 88' lang='lat' dir='ltr'><strong>enim,</strong></span> <span class='ocrx_word' id='word_1_238' title='bbox 2789 660 3008 714; x_wconf 69' lang='lat' dir='ltr'><strong>quaeso,</strong></span> <span class='ocrx_word' id='word_1_239' title='bbox 3052 649 3380 718; x_wconf 87' lang='lat' dir='ltr'><strong>impediebat</strong></span> <span class='ocrx_word' id='word_1_240' title='bbox 3423 638 3609 722; x_wconf 77' lang='lat' dir='ltr'><strong>ipsum</strong></span> 
     </span>
    </p>
   </div>
   <div class='ocr_carea' id='block_1_36' title="bbox 2033 725 3612 813">
    <p class='ocr_par' dir='ltr' id='par_1_36' title="bbox 2033 725 3612 813">
     <span class='ocr_line' id='line_1_36' title="bbox 2033 725 3612 813; baseline 0.015 -37"><span class='ocrx_word' id='word_1_241' title='bbox 2033 725 2330 792; x_wconf 89' lang='lat' dir='ltr'><strong>quominus</strong></span> <span class='ocrx_word' id='word_1_242' title='bbox 2382 729 2449 781; x_wconf 89' lang='lat' dir='ltr'><strong>ad</strong></span> <span class='ocrx_word' id='word_1_243' title='bbox 2485 746 2640 786; x_wconf 91' lang='lat' dir='ltr'><strong>suam</strong></span> <span class='ocrx_word' id='word_1_244' title='bbox 2677 749 2970 803; x_wconf 88' lang='lat' dir='ltr'><strong>personam</strong></span> <span class='ocrx_word' id='word_1_245' title='bbox 3008 739 3383 796; x_wconf 86' lang='lat' dir='ltr'><strong>adorationem</strong></span> <span class='ocrx_word' id='word_1_246' title='bbox 3422 745 3612 813; x_wconf 79' lang='lat' dir='ltr'><strong>singu-</strong></span> 
     </span>
    </p>
   </div>
   <div class='ocr_carea' id='block_1_37' title="bbox 2035 815 3607 890">
    <p class='ocr_par' dir='ltr' id='par_1_37' title="bbox 2035 815 3607 890">
     <span class='ocr_line' id='line_1_37' title="bbox 2035 815 3607 890; baseline 0.013 -22"><span class='ocrx_word' id='word_1_247' title='bbox 2035 815 2226 870; x_wconf 89' lang='lat' dir='ltr'><strong>lariter</strong></span> <span class='ocrx_word' id='word_1_248' title='bbox 2258 819 2602 887; x_wconf 78' lang='lat' dir='ltr'><strong>transferret,</strong></span> <span class='ocrx_word' id='word_1_249' title='bbox 2636 825 2680 880; x_wconf 90' lang='lat' dir='ltr'><strong>si</strong></span> <span class='ocrx_word' id='word_1_250' title='bbox 2707 841 2736 879; x_wconf 92' lang='lat' dir='ltr'><strong>a</strong></span> <span class='ocrx_word' id='word_1_251' title='bbox 2768 829 2928 884; x_wconf 90' lang='lat' dir='ltr'><strong>nobis</strong></span> <span class='ocrx_word' id='word_1_252' title='bbox 2961 829 3220 884; x_wconf 84' lang='lat' dir='ltr'><strong>adorator</strong></span> <span class='ocrx_word' id='word_1_253' title='bbox 3249 835 3463 889; x_wconf 90' lang='lat' dir='ltr'><strong>censeri</strong></span> <span class='ocrx_word' id='word_1_254' title='bbox 3492 837 3607 890; x_wconf 91' lang='lat' dir='ltr'><strong>vel-</strong></span> 
     </span>
    </p>
   </div>
   <div class='ocr_carea' id='block_1_38' title="bbox 2032 903 3606 994">
    <p class='ocr_par' dir='ltr' id='par_1_38' title="bbox 2032 903 3606 994">
     <span class='ocr_line' id='line_1_38' title="bbox 2032 903 3606 994; baseline 0.014 -37"><span class='ocrx_word' id='word_1_255' title='bbox 2032 903 2150 959; x_wconf 87' lang='lat' dir='ltr'><strong>let?</strong></span> <span class='ocrx_word' id='word_1_256' title='bbox 2189 905 2490 964; x_wconf 88' lang='lat' dir='ltr'><strong>Dicendum</strong></span> <span class='ocrx_word' id='word_1_257' title='bbox 2521 916 2667 968; x_wconf 92' lang='lat' dir='ltr'><strong>enim</strong></span> <span class='ocrx_word' id='word_1_258' title='bbox 2699 924 2821 970; x_wconf 89' lang='lat' dir='ltr'><strong>erat</strong></span> <span class='ocrx_word' id='word_1_259' title='bbox 2851 920 3056 988; x_wconf 85' lang='lat' dir='ltr'><strong>potius.</strong></span> <span class='ocrx_word' id='word_1_260' title='bbox 3089 939 3107 972; x_wconf 78' lang='grc' dir='ltr'><strong>ι</strong></span> <span class='ocrx_word' id='word_1_261' title='bbox 3138 919 3249 991; x_wconf 74' lang='lat' dir='ltr'><strong>Ego</strong></span> <span class='ocrx_word' id='word_1_262' title='bbox 3268 923 3438 978; x_wconf 90' lang='lat' dir='ltr'><strong>adoro</strong></span> <span class='ocrx_word' id='word_1_263' title='bbox 3461 925 3606 994; x_wconf 89' lang='lat' dir='ltr'><strong>quod</strong></span> 
     </span>
    </p>
   </div>
   <div class='ocr_carea' id='block_1_39' title="bbox 2033 997 3604 1082">
    <p class='ocr_par' dir='ltr' id='par_1_39' title="bbox 2033 997 3604 1082">
     <span class='ocr_line' id='line_1_39' title="bbox 2033 997 3604 1082; baseline 0.011 -31"><span class='ocrx_word' id='word_1_264' title='bbox 2033 997 2170 1061; x_wconf 90' lang='lat' dir='ltr'><strong>scio,</strong></span> <span class='ocrx_word' id='word_1_265' title='bbox 2215 1017 2233 1048; x_wconf 87' lang='grc'><strong>›</strong></span> <span class='ocrx_word' id='word_1_266' title='bbox 2271 1010 2332 1054; x_wconf 86' lang='grc' dir='ltr'><strong>ιιι</strong></span> <span class='ocrx_word' id='word_1_267' title='bbox 2365 1017 2488 1056; x_wconf 86' lang='lat' dir='ltr'><strong>cum</strong></span> <span class='ocrx_word' id='word_1_268' title='bbox 2517 1005 2574 1058; x_wconf 93' lang='lat' dir='ltr'><strong>in</strong></span> <span class='ocrx_word' id='word_1_269' title='bbox 2613 1007 2843 1060; x_wconf 91' lang='lat' dir='ltr'><strong>aliorum</strong></span> <span class='ocrx_word' id='word_1_270' title='bbox 2875 1025 3106 1065; x_wconf 91' lang='lat' dir='ltr'><strong>numero</strong></span> <span class='ocrx_word' id='word_1_271' title='bbox 3144 1027 3253 1067; x_wconf 93' lang='lat' dir='ltr'><strong>non</strong></span> <span class='ocrx_word' id='word_1_272' title='bbox 3288 1022 3452 1082; x_wconf 87' lang='lat' dir='ltr'><strong>esset,</strong></span> <span class='ocrx_word' id='word_1_273' title='bbox 3502 1016 3604 1070; x_wconf 87' lang='lat' dir='ltr'><strong>sibi</strong></span> 
     </span>
    </p>
   </div>
   <div class='ocr_carea' id='block_1_40' title="bbox 2034 1089 3604 1170">
    <p class='ocr_par' dir='ltr' id='par_1_40' title="bbox 2034 1089 3604 1170">
     <span class='ocr_line' id='line_1_40' title="bbox 2034 1089 3604 1170; baseline 0.013 -30"><span class='ocrx_word' id='word_1_274' title='bbox 2034 1089 2126 1142; x_wconf 92' lang='lat' dir='ltr'><strong>uni</strong></span> <span class='ocrx_word' id='word_1_275' title='bbox 2157 1090 2264 1143; x_wconf 89' lang='lat' dir='ltr'><strong>vim</strong></span> <span class='ocrx_word' id='word_1_276' title='bbox 2298 1092 2444 1149; x_wconf 92' lang='lat' dir='ltr'><strong>illius</strong></span> <span class='ocrx_word' id='word_1_277' title='bbox 2495 1094 2630 1150; x_wconf 90' lang='lat' dir='ltr'><strong>dicti</strong></span> <span class='ocrx_word' id='word_1_278' title='bbox 2671 1109 2975 1169; x_wconf 79' lang='lat' dir='ltr'><strong>arrogaret.</strong></span> <span class='ocrx_word' id='word_1_279' title='bbox 3013 1100 3170 1158; x_wconf 78' lang='lat' dir='ltr'><strong>Nunc</strong></span> <span class='ocrx_word' id='word_1_280' title='bbox 3228 1113 3436 1170; x_wconf 88' lang='lat' dir='ltr'><strong>autem,</strong></span> <span class='ocrx_word' id='word_1_281' title='bbox 3486 1122 3604 1160; x_wconf 92' lang='lat' dir='ltr'><strong>eam</strong></span> 
     </span>
    </p>
   </div>
   <div class='ocr_carea' id='block_1_41' title="bbox 2029 1189 3609 1266">
    <p class='ocr_par' dir='ltr' id='par_1_41' title="bbox 2029 1189 3609 1266">
     <span class='ocr_line' id='line_1_41' title="bbox 2029 1189 3609 1266; baseline 0.014 -34"><span class='ocrx_word' id='word_1_282' title='bbox 2029 1193 2222 1234; x_wconf 83' lang='lat' dir='ltr'><strong>vocem</strong></span> <span class='ocrx_word' id='word_1_283' title='bbox 2264 1193 2414 1239; x_wconf 91' lang='lat' dir='ltr'><strong>recte</strong></span> <span class='ocrx_word' id='word_1_284' title='bbox 2444 1194 2498 1240; x_wconf 89' lang='lat' dir='ltr'><strong>et</strong></span> <span class='ocrx_word' id='word_1_285' title='bbox 2547 1189 2848 1257; x_wconf 89' lang='lat' dir='ltr'><strong>prudenter</strong></span> <span class='ocrx_word' id='word_1_286' title='bbox 2896 1203 3148 1263; x_wconf 89' lang='lat' dir='ltr'><strong>usurpat,</strong></span> <span class='ocrx_word' id='word_1_287' title='bbox 3194 1204 3254 1250; x_wconf 89' lang='lat' dir='ltr'><strong>ut</strong></span> <span class='ocrx_word' id='word_1_288' title='bbox 3307 1197 3417 1266; x_wconf 85' lang='lat' dir='ltr'><strong>jam</strong></span> <span class='ocrx_word' id='word_1_289' title='bbox 3466 1198 3609 1253; x_wconf 89' lang='lat' dir='ltr'><strong>inter</strong></span> 
     </span>
    </p>
   </div>
   <div class='ocr_carea' id='block_1_42' title="bbox 2031 1275 3609 1354">
    <p class='ocr_par' dir='ltr' id='par_1_42' title="bbox 2031 1275 3609 1354">
     <span class='ocr_line' id='line_1_42' title="bbox 2031 1275 3609 1354; baseline 0.012 -30"><span class='ocrx_word' id='word_1_290' title='bbox 2031 1285 2222 1326; x_wconf 88' lang='lat' dir='ltr'><strong>servos</strong></span> <span class='ocrx_word' id='word_1_291' title='bbox 2264 1275 2589 1341; x_wconf 81' lang='lat' dir='ltr'><strong>collocatus,</strong></span> <span class='ocrx_word' id='word_1_292' title='bbox 2623 1292 2848 1350; x_wconf 81' lang='lat' dir='ltr'><strong>prepter</strong></span> <span class='ocrx_word' id='word_1_293' title='bbox 2884 1285 3306 1354; x_wconf 87' lang='lat' dir='ltr'><strong>humanitatem,</strong></span> <span class='ocrx_word' id='word_1_294' title='bbox 3351 1297 3406 1341; x_wconf 91' lang='lat' dir='ltr'><strong>ut</strong></span> <span class='ocrx_word' id='word_1_295' title='bbox 3465 1289 3609 1345; x_wconf 88' lang='lat' dir='ltr'><strong>inter</strong></span> 
     </span>
    </p>
   </div>
   <div class='ocr_carea' id='block_1_43' title="bbox 2030 1363 3600 1450">
    <p class='ocr_par' dir='ltr' id='par_1_43' title="bbox 2030 1363 3600 1450">
     <span class='ocr_line' id='line_1_43' title="bbox 2030 1363 3600 1450; baseline 0.013 -33"><span class='ocrx_word' id='word_1_296' title='bbox 2030 1363 2326 1422; x_wconf 88' lang='lat' dir='ltr'><strong>adorantes</strong></span> <span class='ocrx_word' id='word_1_297' title='bbox 2350 1380 2692 1437; x_wconf 87' lang='lat' dir='ltr'><strong>numeratus,</strong></span> <span class='ocrx_word' id='word_1_298' title='bbox 2729 1386 2789 1428; x_wconf 89' lang='lat' dir='ltr'><strong>ut</strong></span> <span class='ocrx_word' id='word_1_299' title='bbox 2820 1377 2964 1432; x_wconf 91' lang='lat' dir='ltr'><strong>inter</strong></span> <span class='ocrx_word' id='word_1_300' title='bbox 2992 1377 3233 1445; x_wconf 69' lang='lat' dir='ltr'><strong>Judzeos,</strong></span> <span class='ocrx_word' id='word_1_301' title='bbox 3261 1388 3484 1450; x_wconf 90' lang='lat' dir='ltr'><strong>propter</strong></span> <span class='ocrx_word' id='word_1_302' title='bbox 3511 1396 3600 1436; x_wconf 91' lang='lat' dir='ltr'><strong>re-</strong></span> 
     </span>
    </p>
   </div>
   <div class='ocr_carea' id='block_1_44' title="bbox 2029 1469 2270 1526">
    <p class='ocr_par' dir='ltr' id='par_1_44' title="bbox 2029 1469 2270 1526">
     <span class='ocr_line' id='line_1_44' title="bbox 2029 1469 2270 1526; baseline 0.012 -19"><span class='ocrx_word' id='word_1_303' title='bbox 2029 1469 2270 1526; x_wconf 88' lang='lat' dir='ltr'><strong>gtonem.</strong></span> 
     </span>
    </p>
   </div>
   <div class='ocr_carea' id='block_1_45' title="bbox 2105 1548 3601 1628">
    <p class='ocr_par' dir='ltr' id='par_1_45' title="bbox 2105 1548 3601 1628">
     <span class='ocr_line' id='line_1_45' title="bbox 2105 1548 3601 1628; baseline 0.009 -25"><span class='ocrx_word' id='word_1_304' title='bbox 2105 1548 2258 1618; x_wconf 77' lang='lat'><strong>191</strong></span> <span class='ocrx_word' id='word_1_305' title='bbox 2296 1549 2386 1615; x_wconf 81' lang='lat' dir='ltr'><strong>IV,</strong></span> <span class='ocrx_word' id='word_1_306' title='bbox 2422 1553 2512 1616; x_wconf 73' lang='lat'><strong>25,</strong></span> <span class='ocrx_word' id='word_1_307' title='bbox 2574 1555 2664 1608; x_wconf 73' lang='grc'><strong>24.</strong></span> <span class='ocrx_word' id='word_1_308' title='bbox 2725 1555 2826 1612; x_wconf 87' lang='lat' dir='ltr'><strong>Sed</strong></span> <span class='ocrx_word' id='word_1_309' title='bbox 2861 1561 2995 1612; x_wconf 82' lang='lat' dir='ltr'><strong>venit</strong></span> <span class='ocrx_word' id='word_1_310' title='bbox 3028 1561 3181 1625; x_wconf 84' lang='lat' dir='ltr'><strong>hora,</strong></span> <span class='ocrx_word' id='word_1_311' title='bbox 3218 1570 3267 1614; x_wconf 86' lang='lat' dir='ltr'><strong>et</strong></span> <span class='ocrx_word' id='word_1_312' title='bbox 3318 1579 3454 1616; x_wconf 85' lang='lat' dir='ltr'><strong>nunc</strong></span> <span class='ocrx_word' id='word_1_313' title='bbox 3500 1573 3601 1628; x_wconf 82' lang='lat' dir='ltr'><strong>est,</strong></span> 
     </span>
    </p>
   </div>
   <div class='ocr_carea' id='block_1_46' title="bbox 2028 1642 3604 1722">
    <p class='ocr_par' dir='ltr' id='par_1_46' title="bbox 2028 1642 3604 1722">
     <span class='ocr_line' id='line_1_46' title="bbox 2028 1642 3604 1722; baseline 0.01 -32"><span class='ocrx_word' id='word_1_314' title='bbox 2028 1642 2239 1707; x_wconf 82' lang='lat' dir='ltr'><strong>quando</strong></span> <span class='ocrx_word' id='word_1_315' title='bbox 2266 1643 2374 1695; x_wconf 81' lang='lat' dir='ltr'><strong>veri</strong></span> <span class='ocrx_word' id='word_1_316' title='bbox 2409 1644 2714 1701; x_wconf 89' lang='lat' dir='ltr'><strong>adoratores</strong></span> <span class='ocrx_word' id='word_1_317' title='bbox 2743 1649 3041 1704; x_wconf 86' lang='lat' dir='ltr'><strong>adorabunt</strong></span> <span class='ocrx_word' id='word_1_318' title='bbox 3077 1651 3297 1706; x_wconf 81' lang='lat' dir='ltr'><strong>Patrem</strong></span> <span class='ocrx_word' id='word_1_319' title='bbox 3325 1655 3380 1706; x_wconf 88' lang='lat' dir='ltr'><strong>in</strong></span> <span class='ocrx_word' id='word_1_320' title='bbox 3412 1655 3604 1722; x_wconf 78' lang='lat' dir='ltr'><strong>spiritu</strong></span> 
     </span>
    </p>
   </div>
   <div class='ocr_carea' id='block_1_47' title="bbox 2029 1731 3604 1812">
    <p class='ocr_par' dir='ltr' id='par_1_47' title="bbox 2029 1731 3604 1812">
     <span class='ocr_line' id='line_1_47' title="bbox 2029 1731 3604 1812; baseline 0.008 -31"><span class='ocrx_word' id='word_1_321' title='bbox 2029 1737 2078 1781; x_wconf 83' lang='lat' dir='ltr'><strong>et</strong></span> <span class='ocrx_word' id='word_1_322' title='bbox 2107 1732 2344 1788; x_wconf 83' lang='lat' dir='ltr'><strong>veritate.</strong></span> <span class='ocrx_word' id='word_1_323' title='bbox 2376 1731 2518 1787; x_wconf 87' lang='lat' dir='ltr'><strong>Nam</strong></span> <span class='ocrx_word' id='word_1_324' title='bbox 2540 1747 2590 1789; x_wconf 83' lang='lat' dir='ltr'><strong>et</strong></span> <span class='ocrx_word' id='word_1_325' title='bbox 2625 1736 2789 1792; x_wconf 87' lang='lat' dir='ltr'><strong>Pater</strong></span> <span class='ocrx_word' id='word_1_326' title='bbox 2821 1741 2952 1794; x_wconf 85' lang='lat' dir='ltr'><strong>tales</strong></span> <span class='ocrx_word' id='word_1_327' title='bbox 2989 1745 3197 1810; x_wconf 63' lang='lat' dir='ltr'><strong>quaerit,</strong></span> <span class='ocrx_word' id='word_1_328' title='bbox 3239 1745 3330 1812; x_wconf 88' lang='lat' dir='ltr'><strong>qui</strong></span> <span class='ocrx_word' id='word_1_329' title='bbox 3382 1744 3604 1798; x_wconf 84' lang='lat' dir='ltr'><strong>adorent</strong></span> 
     </span>
    </p>
   </div>
   <div class='ocr_carea' id='block_1_48' title="bbox 2029 1822 3603 1901">
    <p class='ocr_par' dir='ltr' id='par_1_48' title="bbox 2029 1822 3603 1901">
     <span class='ocr_line' id='line_1_48' title="bbox 2029 1822 3603 1901; baseline 0.012 -30"><span class='ocrx_word' id='word_1_330' title='bbox 2029 1835 2165 1875; x_wconf 87' lang='lat' dir='ltr'><strong>eum.</strong></span> <span class='ocrx_word' id='word_1_331' title='bbox 2198 1822 2429 1892; x_wconf 80' lang='lat' dir='ltr'><strong>Spiritus</strong></span> <span class='ocrx_word' id='word_1_332' title='bbox 2457 1837 2532 1880; x_wconf 84' lang='lat' dir='ltr'><strong>est</strong></span> <span class='ocrx_word' id='word_1_333' title='bbox 2559 1827 2696 1882; x_wconf 88' lang='lat' dir='ltr'><strong>Deus</strong></span> <span class='ocrx_word' id='word_1_334' title='bbox 2718 1842 2738 1882; x_wconf 91' lang='lat'><strong><em>:</em></strong></span> <span class='ocrx_word' id='word_1_335' title='bbox 2766 1840 2814 1883; x_wconf 90' lang='lat' dir='ltr'><strong>et</strong></span> <span class='ocrx_word' id='word_1_336' title='bbox 2845 1848 2934 1885; x_wconf 84' lang='lat' dir='ltr'><strong>eos</strong></span> <span class='ocrx_word' id='word_1_337' title='bbox 2963 1834 3052 1900; x_wconf 92' lang='lat' dir='ltr'><strong>qui</strong></span> <span class='ocrx_word' id='word_1_338' title='bbox 3101 1833 3328 1887; x_wconf 85' lang='lat' dir='ltr'><strong>adorant</strong></span> <span class='ocrx_word' id='word_1_339' title='bbox 3376 1851 3514 1901; x_wconf 89' lang='lat' dir='ltr'><strong>eum,</strong></span> <span class='ocrx_word' id='word_1_340' title='bbox 3547 1838 3603 1890; x_wconf 88' lang='lat' dir='ltr'><strong>in</strong></span> 
     </span>
    </p>
   </div>
   <div class='ocr_carea' id='block_1_49' title="bbox 2029 1913 3526 1989">
    <p class='ocr_par' dir='ltr' id='par_1_49' title="bbox 2029 1913 3526 1989">
     <span class='ocr_line' id='line_1_49' title="bbox 2029 1913 3526 1989; baseline 0.01 -25"><span class='ocrx_word' id='word_1_341' title='bbox 2029 1913 2221 1980; x_wconf 85' lang='lat' dir='ltr'><strong>spiritu</strong></span> <span class='ocrx_word' id='word_1_342' title='bbox 2252 1924 2301 1968; x_wconf 86' lang='lat' dir='ltr'><strong>et</strong></span> <span class='ocrx_word' id='word_1_343' title='bbox 2335 1917 2550 1971; x_wconf 78' lang='lat' dir='ltr'><strong>veritate</strong></span> <span class='ocrx_word' id='word_1_344' title='bbox 2577 1928 2776 1989; x_wconf 87' lang='lat' dir='ltr'><strong>oportet</strong></span> <span class='ocrx_word' id='word_1_345' title='bbox 2807 1921 3055 1977; x_wconf 87' lang='lat' dir='ltr'><strong>adorare.</strong></span> <span class='ocrx_word' id='word_1_346' title='bbox 3079 1923 3220 1978; x_wconf 88' lang='lat' dir='ltr'><strong>Dicit</strong></span> <span class='ocrx_word' id='word_1_347' title='bbox 3245 1925 3293 1978; x_wconf 83' lang='lat' dir='ltr'><strong>ei</strong></span> <span class='ocrx_word' id='word_1_348' title='bbox 3317 1927 3526 1980; x_wconf 88' lang='lat' dir='ltr'><strong>mulier.</strong></span> 
     </span>
    </p>
   </div>
   <div class='ocr_carea' id='block_1_50' title="bbox 2101 2179 3601 2256">
    <p class='ocr_par' dir='ltr' id='par_1_50' title="bbox 2101 2179 3601 2256">
     <span class='ocr_line' id='line_1_50' title="bbox 2101 2179 3601 2256; baseline 0.006 -23"><span class='ocrx_word' id='word_1_349' title='bbox 2101 2179 2385 2250; x_wconf 79' lang='lat' dir='ltr'><strong>Signiﬁcat</strong></span> <span class='ocrx_word' id='word_1_350' title='bbox 2437 2181 2704 2238; x_wconf 86' lang='lat' dir='ltr'><strong>adventus</strong></span> <span class='ocrx_word' id='word_1_351' title='bbox 2761 2183 2982 2253; x_wconf 90' lang='lat' dir='ltr'><strong>quidem</strong></span> <span class='ocrx_word' id='word_1_352' title='bbox 3047 2186 3132 2240; x_wconf 89' lang='lat' dir='ltr'><strong>sui</strong></span> <span class='ocrx_word' id='word_1_353' title='bbox 3182 2185 3294 2254; x_wconf 90' lang='lat' dir='ltr'><strong>jam</strong></span> <span class='ocrx_word' id='word_1_354' title='bbox 3355 2201 3601 2256; x_wconf 73' lang='lat' dir='ltr'><strong>praesens</strong></span> 
     </span>
    </p>
   </div>
   <div class='ocr_carea' id='block_1_51' title="bbox 2029 2269 3597 2344">
    <p class='ocr_par' dir='ltr' id='par_1_51' title="bbox 2029 2269 3597 2344">
     <span class='ocr_line' id='line_1_51' title="bbox 2029 2269 3597 2344; baseline 0.004 -21"><span class='ocrx_word' id='word_1_355' title='bbox 2029 2275 2266 2337; x_wconf 85' lang='lat' dir='ltr'><strong>tempus,</strong></span> <span class='ocrx_word' id='word_1_356' title='bbox 2299 2269 2393 2324; x_wconf 88' lang='lat' dir='ltr'><strong>sed</strong></span> <span class='ocrx_word' id='word_1_357' title='bbox 2422 2279 2690 2325; x_wconf 88' lang='lat' dir='ltr'><strong>mutatum</strong></span> <span class='ocrx_word' id='word_1_358' title='bbox 2722 2272 2790 2325; x_wconf 91' lang='lat' dir='ltr'><strong>iri</strong></span> <span class='ocrx_word' id='word_1_359' title='bbox 2821 2273 2955 2327; x_wconf 88' lang='lat' dir='ltr'><strong>dicit</strong></span> <span class='ocrx_word' id='word_1_360' title='bbox 2981 2272 3183 2344; x_wconf 81' lang='lat' dir='ltr'><strong>ﬁguras</strong></span> <span class='ocrx_word' id='word_1_361' title='bbox 3215 2276 3269 2329; x_wconf 90' lang='lat' dir='ltr'><strong>in</strong></span> <span class='ocrx_word' id='word_1_362' title='bbox 3294 2277 3597 2344; x_wconf 82' lang='lat' dir='ltr'><strong>veritatem,</strong></span> 
     </span>
    </p>
   </div>
   <div class='ocr_carea' id='block_1_52' title="bbox 2029 2361 3600 2434">
    <p class='ocr_par' dir='ltr' id='par_1_52' title="bbox 2029 2361 3600 2434">
     <span class='ocr_line' id='line_1_52' title="bbox 2029 2361 3600 2434; baseline 0.004 -20"><span class='ocrx_word' id='word_1_363' title='bbox 2029 2369 2081 2414; x_wconf 89' lang='lat' dir='ltr'><strong>et</strong></span> <span class='ocrx_word' id='word_1_364' title='bbox 2114 2361 2249 2430; x_wconf 82' lang='lat' dir='ltr'><strong>legis</strong></span> <span class='ocrx_word' id='word_1_365' title='bbox 2277 2363 2525 2417; x_wconf 90' lang='lat' dir='ltr'><strong>umbram</strong></span> <span class='ocrx_word' id='word_1_366' title='bbox 2559 2364 2614 2417; x_wconf 93' lang='lat' dir='ltr'><strong>in</strong></span> <span class='ocrx_word' id='word_1_367' title='bbox 2645 2364 2855 2417; x_wconf 90' lang='lat' dir='ltr'><strong>cultum</strong></span> <span class='ocrx_word' id='word_1_368' title='bbox 2913 2365 3237 2434; x_wconf 90' lang='lat' dir='ltr'><strong>spiritalem.</strong></span> <span class='ocrx_word' id='word_1_369' title='bbox 3292 2365 3393 2420; x_wconf 87' lang='lat' dir='ltr'><strong>Per</strong></span> <span class='ocrx_word' id='word_1_370' title='bbox 3437 2382 3600 2421; x_wconf 88' lang='lat' dir='ltr'><strong>evan-</strong></span> 
     </span>
    </p>
   </div>
   <div class='ocr_carea' id='block_1_53' title="bbox 2027 2453 3598 2523">
    <p class='ocr_par' dir='ltr' id='par_1_53' title="bbox 2027 2453 3598 2523">
     <span class='ocr_line' id='line_1_53' title="bbox 2027 2453 3598 2523; baseline 0.004 -17"><span class='ocrx_word' id='word_1_371' title='bbox 2027 2453 2255 2521; x_wconf 84' lang='lat' dir='ltr'><strong>gclicam</strong></span> <span class='ocrx_word' id='word_1_372' title='bbox 2288 2462 2468 2509; x_wconf 89' lang='lat' dir='ltr'><strong>autem</strong></span> <span class='ocrx_word' id='word_1_373' title='bbox 2500 2455 2850 2523; x_wconf 88' lang='lat' dir='ltr'><strong>disciplinam</strong></span> <span class='ocrx_word' id='word_1_374' title='bbox 2879 2456 3177 2510; x_wconf 91' lang='lat' dir='ltr'><strong>deductum</strong></span> <span class='ocrx_word' id='word_1_375' title='bbox 3211 2456 3277 2509; x_wconf 90' lang='lat' dir='ltr'><strong>iri</strong></span> <span class='ocrx_word' id='word_1_376' title='bbox 3311 2458 3386 2509; x_wconf 88' lang='lat' dir='ltr'><strong>ait</strong></span> <span class='ocrx_word' id='word_1_377' title='bbox 3410 2473 3598 2512; x_wconf 84' lang='lat' dir='ltr'><strong>verum</strong></span> 
     </span>
    </p>
   </div>
   <div class='ocr_carea' id='block_1_54' title="bbox 2028 2544 3597 2618">
    <p class='ocr_par' dir='ltr' id='par_1_54' title="bbox 2028 2544 3597 2618">
     <span class='ocr_line' id='line_1_54' title="bbox 2028 2544 3597 2618; baseline 0.004 -18"><span class='ocrx_word' id='word_1_378' title='bbox 2028 2544 2392 2610; x_wconf 87' lang='lat' dir='ltr'><strong>adoratorem,</strong></span> <span class='ocrx_word' id='word_1_379' title='bbox 2444 2549 2494 2600; x_wconf 88' lang='lat' dir='ltr'><strong>id</strong></span> <span class='ocrx_word' id='word_1_380' title='bbox 2525 2557 2608 2602; x_wconf 91' lang='lat' dir='ltr'><strong>est</strong></span> <span class='ocrx_word' id='word_1_381' title='bbox 2649 2549 2952 2617; x_wconf 88' lang='lat' dir='ltr'><strong>spiritalem</strong></span> <span class='ocrx_word' id='word_1_382' title='bbox 2986 2551 3286 2618; x_wconf 86' lang='lat' dir='ltr'><strong>hominem,</strong></span> <span class='ocrx_word' id='word_1_383' title='bbox 3347 2552 3415 2605; x_wconf 90' lang='lat' dir='ltr'><strong>ad</strong></span> <span class='ocrx_word' id='word_1_384' title='bbox 3466 2568 3597 2606; x_wconf 88' lang='lat' dir='ltr'><strong>con-</strong></span> 
     </span>
    </p>
   </div>
   <div class='ocr_carea' id='block_1_55' title="bbox 2028 2638 3600 2712">
    <p class='ocr_par' dir='ltr' id='par_1_55' title="bbox 2028 2638 3600 2712">
     <span class='ocr_line' id='line_1_55' title="bbox 2028 2638 3600 2712; baseline 0.004 -21"><span class='ocrx_word' id='word_1_385' title='bbox 2028 2638 2392 2692; x_wconf 89' lang='lat' dir='ltr'><strong>versationem</strong></span> <span class='ocrx_word' id='word_1_386' title='bbox 2425 2639 2567 2692; x_wconf 84' lang='lat' dir='ltr'><strong>Patri</strong></span> <span class='ocrx_word' id='word_1_387' title='bbox 2604 2641 2934 2709; x_wconf 85' lang='lat' dir='ltr'><strong>placentem,</strong></span> <span class='ocrx_word' id='word_1_388' title='bbox 2956 2642 3164 2711; x_wconf 87' lang='lat' dir='ltr'><strong>majore</strong></span> <span class='ocrx_word' id='word_1_389' title='bbox 3194 2644 3600 2712; x_wconf 90' lang='lat' dir='ltr'><strong>quodammodo</strong></span> 
     </span>
    </p>
   </div>
   <div class='ocr_carea' id='block_1_56' title="bbox 2029 2729 3596 2796">
    <p class='ocr_par' dir='ltr' id='par_1_56' title="bbox 2029 2729 3596 2796">
     <span class='ocr_line' id='line_1_56' title="bbox 2029 2729 3596 2796; baseline 0.004 -14"><span class='ocrx_word' id='word_1_390' title='bbox 2029 2729 2210 2782; x_wconf 91' lang='lat' dir='ltr'><strong>studio</strong></span> <span class='ocrx_word' id='word_1_391' title='bbox 2250 2729 2314 2782; x_wconf 90' lang='lat' dir='ltr'><strong>ad</strong></span> <span class='ocrx_word' id='word_1_392' title='bbox 2370 2730 2814 2796; x_wconf 74' lang='lat' dir='ltr'><strong>coniunctionem</strong></span> <span class='ocrx_word' id='word_1_393' title='bbox 2865 2747 2989 2784; x_wconf 91' lang='lat' dir='ltr'><strong>cum</strong></span> <span class='ocrx_word' id='word_1_394' title='bbox 3047 2733 3156 2786; x_wconf 91' lang='lat' dir='ltr'><strong>Deo</strong></span> <span class='ocrx_word' id='word_1_395' title='bbox 3219 2733 3596 2789; x_wconf 82' lang='lat' dir='ltr'><strong>festinantem.</strong></span> 
     </span>
    </p>
   </div>
   <div class='ocr_carea' id='block_1_57' title="bbox 2031 2817 3600 2890">
    <p class='ocr_par' dir='ltr' id='par_1_57' title="bbox 2031 2817 3600 2890">
     <span class='ocr_line' id='line_1_57' title="bbox 2031 2817 3600 2890; baseline 0.005 -19"><span class='ocrx_word' id='word_1_396' title='bbox 2031 2817 2268 2887; x_wconf 86' lang='lat' dir='ltr'><strong>Spiritus</strong></span> <span class='ocrx_word' id='word_1_397' title='bbox 2300 2819 2444 2872; x_wconf 90' lang='lat' dir='ltr'><strong>enim</strong></span> <span class='ocrx_word' id='word_1_398' title='bbox 2484 2818 2627 2873; x_wconf 88' lang='lat' dir='ltr'><strong>Deus</strong></span> <span class='ocrx_word' id='word_1_399' title='bbox 2662 2819 2989 2890; x_wconf 87' lang='lat' dir='ltr'><strong>intelligitur</strong></span> <span class='ocrx_word' id='word_1_400' title='bbox 3013 2823 3057 2875; x_wconf 90' lang='lat' dir='ltr'><strong>si</strong></span> <span class='ocrx_word' id='word_1_401' title='bbox 3088 2837 3210 2876; x_wconf 91' lang='lat' dir='ltr'><strong>cum</strong></span> <span class='ocrx_word' id='word_1_402' title='bbox 3243 2835 3440 2878; x_wconf 87' lang='lat' dir='ltr'><strong>natura</strong></span> <span class='ocrx_word' id='word_1_403' title='bbox 3477 2839 3600 2879; x_wconf 89' lang='lat' dir='ltr'><strong>cor-</strong></span> 
     </span>
    </p>
   </div>
   <div class='ocr_carea' id='block_1_58' title="bbox 2027 2911 3597 2981">
    <p class='ocr_par' dir='ltr' id='par_1_58' title="bbox 2027 2911 3597 2981">
     <span class='ocr_line' id='line_1_58' title="bbox 2027 2911 3597 2981; baseline 0.006 -19"><span class='ocrx_word' id='word_1_404' title='bbox 2027 2911 2176 2979; x_wconf 91' lang='lat' dir='ltr'><strong>poris</strong></span> <span class='ocrx_word' id='word_1_405' title='bbox 2204 2919 2572 2980; x_wconf 87' lang='lat' dir='ltr'><strong>comparetur,</strong></span> <span class='ocrx_word' id='word_1_406' title='bbox 2615 2912 2952 2981; x_wconf 85' lang='lat' dir='ltr'><strong>proindeque</strong></span> <span class='ocrx_word' id='word_1_407' title='bbox 2985 2913 3289 2981; x_wconf 88' lang='lat' dir='ltr'><strong>spiritalem</strong></span> <span class='ocrx_word' id='word_1_408' title='bbox 3339 2916 3597 2971; x_wconf 91' lang='lat' dir='ltr'><strong>adorato-</strong></span> 
     </span>
    </p>
   </div>
   <div class='ocr_carea' id='block_1_59' title="bbox 2029 3001 3598 3070">
    <p class='ocr_par' dir='ltr' id='par_1_59' title="bbox 2029 3001 3598 3070">
     <span class='ocr_line' id='line_1_59' title="bbox 2029 3001 3598 3070; baseline 0.006 -17"><span class='ocrx_word' id='word_1_409' title='bbox 2029 3015 2141 3054; x_wconf 90' lang='lat' dir='ltr'><strong>rem</strong></span> <span class='ocrx_word' id='word_1_410' title='bbox 2171 3001 2386 3070; x_wconf 88' lang='lat' dir='ltr'><strong>probat,</strong></span> <span class='ocrx_word' id='word_1_411' title='bbox 2421 3015 2528 3054; x_wconf 90' lang='lat' dir='ltr'><strong>non</strong></span> <span class='ocrx_word' id='word_1_412' title='bbox 2557 3001 2650 3070; x_wconf 91' lang='lat' dir='ltr'><strong>qui</strong></span> <span class='ocrx_word' id='word_1_413' title='bbox 2679 3002 2893 3070; x_wconf 90' lang='lat' dir='ltr'><strong>pietatis</strong></span> <span class='ocrx_word' id='word_1_414' title='bbox 2925 3003 3156 3058; x_wconf 82' lang='lat' dir='ltr'><strong>formam</strong></span> <span class='ocrx_word' id='word_1_415' title='bbox 3183 3003 3414 3061; x_wconf 85' lang='lat' dir='ltr'><strong>Judaico</strong></span> <span class='ocrx_word' id='word_1_416' title='bbox 3445 3023 3598 3061; x_wconf 91' lang='lat' dir='ltr'><strong>more</strong></span> 
     </span>
    </p>
   </div>
   <div class='ocr_carea' id='block_1_60' title="bbox 348 3091 1926 3172">
    <p class='ocr_par' dir='ltr' id='par_1_60' title="bbox 348 3093 1922 3172">
     <span class='ocr_line' id='line_1_60' title="bbox 348 3093 1922 3172; baseline 0.006 -27"><span class='ocrx_word' id='word_1_417' title='bbox 348 3093 514 3164; x_wconf 82' lang='grc' dir='ltr'>νητὴν</span> <span class='ocrx_word' id='word_1_418' title='bbox 537 3135 550 3158; x_wconf 93' lang='grc'><strong>,</strong></span> <span class='ocrx_word' id='word_1_419' title='bbox 579 3095 680 3148; x_wconf 81' lang='grc' dir='ltr'><strong>οὐκ</strong></span> <span class='ocrx_word' id='word_1_420' title='bbox 712 3097 769 3147; x_wconf 92' lang='grc' dir='ltr'><strong>ἐν</strong></span> <span class='ocrx_word' id='word_1_421' title='bbox 825 3097 1102 3166; x_wconf 84' lang='grc' dir='ltr'>μορφώσει</span> <span class='ocrx_word' id='word_1_422' title='bbox 1159 3099 1252 3150; x_wconf 82' lang='grc' dir='ltr'>καὶ</span> <span class='ocrx_word' id='word_1_423' title='bbox 1283 3097 1473 3163; x_wconf 86' lang='grc' dir='ltr'>τύποις</span> <span class='ocrx_word' id='word_1_424' title='bbox 1518 3100 1786 3171; x_wconf 81' lang='grc' dir='ltr'>φοροῦντα</span> <span class='ocrx_word' id='word_1_425' title='bbox 1824 3104 1922 3172; x_wconf 76' lang='grc' dir='ltr'>τῆς</span> 
     </span>
    </p>
   </div>
   <div class='ocr_carea' id='block_1_61' title="bbox 2029 3091 3597 3172">
    <p class='ocr_par' dir='ltr' id='par_1_61' title="bbox 2029 3091 3597 3165">
     <span class='ocr_line' id='line_1_61' title="bbox 2029 3091 3597 3165; baseline 0.006 -22"><span class='ocrx_word' id='word_1_426' title='bbox 2029 3093 2082 3143; x_wconf 91' lang='lat' dir='ltr'><strong>iu</strong></span> <span class='ocrx_word' id='word_1_427' title='bbox 2111 3091 2300 3160; x_wconf 82' lang='lat' dir='ltr'><strong>ﬁguris</strong></span> <span class='ocrx_word' id='word_1_428' title='bbox 2326 3101 2378 3146; x_wconf 87' lang='lat' dir='ltr'><strong>et</strong></span> <span class='ocrx_word' id='word_1_429' title='bbox 2406 3093 2549 3162; x_wconf 83' lang='lat' dir='ltr'><strong>typis</strong></span> <span class='ocrx_word' id='word_1_430' title='bbox 2581 3092 2741 3161; x_wconf 81' lang='lat' dir='ltr'><strong>ferat,</strong></span> <span class='ocrx_word' id='word_1_431' title='bbox 2789 3095 2883 3148; x_wconf 88' lang='lat' dir='ltr'><strong>sed</strong></span> <span class='ocrx_word' id='word_1_432' title='bbox 2912 3096 3004 3165; x_wconf 91' lang='lat' dir='ltr'><strong>qui</strong></span> <span class='ocrx_word' id='word_1_433' title='bbox 3042 3097 3322 3164; x_wconf 64' lang='lat' dir='ltr'><strong>praeclaris</strong></span> <span class='ocrx_word' id='word_1_434' title='bbox 3367 3099 3597 3154; x_wconf 88' lang='lat' dir='ltr'><strong>virtutis</strong></span> 
     </span>
    </p>
   </div>
   <div class='ocr_carea' id='block_1_62' title="bbox 346 3185 1922 3264">
    <p class='ocr_par' dir='ltr' id='par_1_62' title="bbox 346 3185 1922 3264">
     <span class='ocr_line' id='line_1_62' title="bbox 346 3185 1922 3264; baseline 0.008 -28"><span class='ocrx_word' id='word_1_435' title='bbox 346 3185 629 3249; x_wconf 86' lang='grc' dir='ltr'>εὐσεϐείας</span> <span class='ocrx_word' id='word_1_436' title='bbox 681 3186 778 3256; x_wconf 81' lang='grc' dir='ltr'><strong>τὴν</strong></span> <span class='ocrx_word' id='word_1_437' title='bbox 811 3187 1088 3257; x_wconf 76' lang='grc' dir='ltr'>μόρφωσιν</span> <span class='ocrx_word' id='word_1_438' title='bbox 1133 3189 1440 3254; x_wconf 83' lang='grc' dir='ltr'>Ἰουδαϊκῶς</span> <span class='ocrx_word' id='word_1_439' title='bbox 1463 3235 1477 3256; x_wconf 90' lang='grc'><strong>,</strong></span> <span class='ocrx_word' id='word_1_440' title='bbox 1507 3192 1641 3245; x_wconf 85' lang='grc' dir='ltr'><strong>ἀλλά</strong></span> <span class='ocrx_word' id='word_1_441' title='bbox 1671 3197 1782 3255; x_wconf 87' lang='grc' dir='ltr'>τοῖς</span> <span class='ocrx_word' id='word_1_442' title='bbox 1828 3197 1922 3264; x_wconf 79' lang='grc' dir='ltr'><strong>μὲν</strong></span> 
     </span>
    </p>
   </div>
   <div class='ocr_carea' id='block_1_63' title="bbox 345 3274 1922 3350">
    <p class='ocr_par' dir='ltr' id='par_1_63' title="bbox 345 3274 1922 3350">
     <span class='ocr_line' id='line_1_63' title="bbox 345 3274 1922 3350; baseline 0.006 -24"><span class='ocrx_word' id='word_1_443' title='bbox 345 3274 409 3339; x_wconf 77' lang='grc' dir='ltr'><strong>ἐξ</strong></span> <span class='ocrx_word' id='word_1_444' title='bbox 435 3275 635 3346; x_wconf 83' lang='grc' dir='ltr'>ἀρετῆς</span> <span class='ocrx_word' id='word_1_445' title='bbox 667 3277 1085 3348; x_wconf 84' lang='grc' dir='ltr'>κατορθώμασιν</span> <span class='ocrx_word' id='word_1_446' title='bbox 1119 3279 1490 3346; x_wconf 87' lang='grc' dir='ltr'>εύαγγελικῶς</span> <span class='ocrx_word' id='word_1_447' title='bbox 1529 3281 1922 3350; x_wconf 81' lang='grc' dir='ltr'>διαλάμποντα,</span> 
     </span>
    </p>
   </div>
   <div class='ocr_carea' id='block_1_64' title="bbox 345 3368 1924 3444">
    <p class='ocr_par' dir='ltr' id='par_1_64' title="bbox 345 3368 1924 3444">
     <span class='ocr_line' id='line_1_64' title="bbox 345 3368 1924 3444; baseline 0.004 -25"><span class='ocrx_word' id='word_1_448' title='bbox 345 3370 414 3438; x_wconf 83' lang='grc' dir='ltr'>τῇ</span> <span class='ocrx_word' id='word_1_449' title='bbox 449 3368 505 3420; x_wconf 85' lang='grc' dir='ltr'>δὲ</span> <span class='ocrx_word' id='word_1_450' title='bbox 531 3368 639 3420; x_wconf 90' lang='grc' dir='ltr'><strong>τῶν</strong></span> <span class='ocrx_word' id='word_1_451' title='bbox 662 3369 820 3421; x_wconf 84' lang='grc' dir='ltr'>θείων</span> <span class='ocrx_word' id='word_1_452' title='bbox 842 3369 1126 3440; x_wconf 87' lang='grc' dir='ltr'>δογμάτων</span> <span class='ocrx_word' id='word_1_453' title='bbox 1155 3370 1404 3441; x_wconf 84' lang='grc' dir='ltr'>ὀρθότητι</span> <span class='ocrx_word' id='word_1_454' title='bbox 1427 3372 1524 3442; x_wconf 81' lang='grc' dir='ltr'>τὴν</span> <span class='ocrx_word' id='word_1_455' title='bbox 1552 3371 1720 3436; x_wconf 77' lang='grc' dir='ltr'>ὄντως</span> <span class='ocrx_word' id='word_1_456' title='bbox 1749 3373 1924 3444; x_wconf 82' lang='grc' dir='ltr'>ἀληθῆ</span> 
     </span>
    </p>
   </div>
   <div class='ocr_carea' id='block_1_65' title="bbox 347 3458 1083 3530">
    <p class='ocr_par' dir='ltr' id='par_1_65' title="bbox 347 3458 1083 3530">
     <span class='ocr_line' id='line_1_65' title="bbox 347 3458 1083 3530; baseline 0.007 -20"><span class='ocrx_word' id='word_1_457' title='bbox 347 3458 458 3527; x_wconf 85' lang='grc' dir='ltr'><strong>πλη</strong></span> <span class='ocrx_word' id='word_1_458' title='bbox 467 3459 660 3529; x_wconf 91' lang='grc' dir='ltr'>ροῦντα</span> <span class='ocrx_word' id='word_1_459' title='bbox 691 3459 1083 3530; x_wconf 87' lang='grc' dir='ltr'>προσκύνησιν.</span> 
     </span>
    </p>
   </div>
   <div class='ocr_carea' id='block_1_66' title="bbox 414 3552 1924 3627">
    <p class='ocr_par' dir='ltr' id='par_1_66' title="bbox 414 3552 1924 3627">
     <span class='ocr_line' id='line_1_66' title="bbox 414 3552 1924 3627; baseline 0.005 -23"><span class='ocrx_word' id='word_1_460' title='bbox 414 3552 671 3621; x_wconf 80' lang='grc' dir='ltr'>Οἴδαμεν</span> <span class='ocrx_word' id='word_1_461' title='bbox 696 3552 785 3605; x_wconf 88' lang='grc' dir='ltr'>ὅτι</span> <span class='ocrx_word' id='word_1_462' title='bbox 811 3554 1083 3618; x_wconf 84' lang='grc' dir='ltr'>Μεσσίας</span> <span class='ocrx_word' id='word_1_463' title='bbox 1102 3555 1333 3622; x_wconf 79' lang='grc' dir='ltr'>ἔρχεται</span> <span class='ocrx_word' id='word_1_464' title='bbox 1363 3558 1396 3608; x_wconf 82' lang='grc' dir='ltr'><strong>ό</strong></span> <span class='ocrx_word' id='word_1_465' title='bbox 1422 3557 1745 3627; x_wconf 61' lang='grc' dir='ltr'>λεγόμενος</span> <span class='ocrx_word' id='word_1_466' title='bbox 1790 3559 1924 3625; x_wconf 87' lang='grc' dir='ltr'>Χρι-</span> 
     </span>
    </p>
   </div>
   <div class='ocr_carea' id='block_1_67' title="bbox 344 3644 1921 3717">
    <p class='ocr_par' dir='ltr' id='par_1_67' title="bbox 344 3644 1921 3717">
     <span class='ocr_line' id='line_1_67' title="bbox 344 3644 1921 3717; baseline 0.001 -19"><span class='ocrx_word' id='word_1_467' title='bbox 344 3644 514 3710; x_wconf 88' lang='grc' dir='ltr'>στός.</span> <span class='ocrx_word' id='word_1_468' title='bbox 534 3644 719 3698; x_wconf 84' lang='grc' dir='ltr'>Ὅταν</span> <span class='ocrx_word' id='word_1_469' title='bbox 746 3644 894 3715; x_wconf 74' lang='grc' dir='ltr'><strong>ἔλθῃ</strong></span> <span class='ocrx_word' id='word_1_470' title='bbox 918 3645 1168 3711; x_wconf 85' lang='grc' dir='ltr'>ἐκεῖνος,</span> <span class='ocrx_word' id='word_1_471' title='bbox 1191 3647 1513 3717; x_wconf 76' lang='grc' dir='ltr'>ἀναγγελεῖ</span> <span class='ocrx_word' id='word_1_472' title='bbox 1539 3650 1681 3717; x_wconf 71' lang='grc' dir='ltr'>ἡμῖν</span> <span class='ocrx_word' id='word_1_473' title='bbox 1705 3648 1921 3701; x_wconf 78' lang='grc' dir='ltr'>πάντα.</span> 
     </span>
    </p>
   </div>
   <div class='ocr_carea' id='block_1_68' title="bbox 419 3824 1928 3898">
    <p class='ocr_par' dir='ltr' id='par_1_68' title="bbox 419 3824 1928 3898">
     <span class='ocr_line' id='line_1_68' title="bbox 419 3824 1928 3898; baseline 0 -19"><span class='ocrx_word' id='word_1_474' title='bbox 419 3826 592 3896; x_wconf 82' lang='grc' dir='ltr'>Ὥραν</span> <span class='ocrx_word' id='word_1_475' title='bbox 620 3824 904 3892; x_wconf 83' lang='grc' dir='ltr'>ἀφίξεσθαι</span> <span class='ocrx_word' id='word_1_476' title='bbox 936 3825 1029 3879; x_wconf 78' lang='grc' dir='ltr'>καὶ</span> <span class='ocrx_word' id='word_1_477' title='bbox 1067 3825 1278 3896; x_wconf 83' lang='grc' dir='ltr'>καιρὸν.</span> <span class='ocrx_word' id='word_1_478' title='bbox 1314 3825 1515 3892; x_wconf 79' lang='grc' dir='ltr'>μᾶλλον</span> <span class='ocrx_word' id='word_1_479' title='bbox 1541 3825 1597 3878; x_wconf 85' lang='grc' dir='ltr'><strong>δὲ</strong></span> <span class='ocrx_word' id='word_1_480' title='bbox 1645 3827 1743 3897; x_wconf 71' lang='grc' dir='ltr'>ἤδη</span> <span class='ocrx_word' id='word_1_481' title='bbox 1789 3845 1928 3898; x_wconf 90' lang='grc' dir='ltr'>παρ-</span> 
     </span>
    </p>
   </div>
   <div class='ocr_carea' id='block_1_69' title="bbox 2025 3183 3597 3260">
    <p class='ocr_par' dir='ltr' id='par_1_69' title="bbox 2025 3183 3597 3260">
     <span class='ocr_line' id='line_1_69' title="bbox 2025 3183 3597 3260; baseline 0.007 -24"><span class='ocrx_word' id='word_1_482' title='bbox 2025 3183 2280 3248; x_wconf 84' lang='lat' dir='ltr'><strong>Operibus</strong></span> <span class='ocrx_word' id='word_1_483' title='bbox 2303 3185 2458 3252; x_wconf 75' lang='lat' dir='ltr'><strong>juxta</strong></span> <span class='ocrx_word' id='word_1_484' title='bbox 2495 3199 2701 3238; x_wconf 90' lang='lat' dir='ltr'><strong>morem</strong></span> <span class='ocrx_word' id='word_1_485' title='bbox 2733 3188 3108 3257; x_wconf 81' lang='lat' dir='ltr'><strong>evangelicum</strong></span> <span class='ocrx_word' id='word_1_486' title='bbox 3143 3189 3484 3260; x_wconf 66' lang='lat' dir='ltr'><strong>prmiulgeat,</strong></span> <span class='ocrx_word' id='word_1_487' title='bbox 3541 3201 3597 3247; x_wconf 89' lang='lat' dir='ltr'><strong>et</strong></span> 
     </span>
    </p>
   </div>
   <div class='ocr_carea' id='block_1_70' title="bbox 2023 3275 3594 3349">
    <p class='ocr_par' dir='ltr' id='par_1_70' title="bbox 2023 3275 3594 3349">
     <span class='ocr_line' id='line_1_70' title="bbox 2023 3275 3594 3349; baseline 0.006 -21"><span class='ocrx_word' id='word_1_488' title='bbox 2023 3281 2174 3328; x_wconf 89' lang='lat' dir='ltr'><strong>recta</strong></span> <span class='ocrx_word' id='word_1_489' title='bbox 2221 3275 2532 3328; x_wconf 88' lang='lat' dir='ltr'><strong>divinorum</strong></span> <span class='ocrx_word' id='word_1_490' title='bbox 2561 3275 2875 3345; x_wconf 81' lang='lat' dir='ltr'><strong>dogmatum</strong></span> <span class='ocrx_word' id='word_1_491' title='bbox 2930 3278 3143 3333; x_wconf 87' lang='lat' dir='ltr'><strong>ratione</strong></span> <span class='ocrx_word' id='word_1_492' title='bbox 3187 3294 3371 3334; x_wconf 89' lang='lat' dir='ltr'><strong>veram</strong></span> <span class='ocrx_word' id='word_1_493' title='bbox 3407 3283 3594 3349; x_wconf 85' lang='lat' dir='ltr'><strong>utique</strong></span> 
     </span>
    </p>
   </div>
   <div class='ocr_carea' id='block_1_71' title="bbox 2026 3367 2643 3436">
    <p class='ocr_par' dir='ltr' id='par_1_71' title="bbox 2026 3367 2643 3436">
     <span class='ocr_line' id='line_1_71' title="bbox 2026 3367 2643 3436; baseline 0.002 -16"><span class='ocrx_word' id='word_1_494' title='bbox 2026 3367 2398 3420; x_wconf 87' lang='lat' dir='ltr'><strong>adoratiouem</strong></span> <span class='ocrx_word' id='word_1_495' title='bbox 2436 3367 2643 3436; x_wconf 91' lang='lat' dir='ltr'><strong>implet.</strong></span> 
     </span>
    </p>
   </div>
   <div class='ocr_carea' id='block_1_72' title="bbox 2097 3545 3598 3620">
    <p class='ocr_par' dir='ltr' id='par_1_72' title="bbox 2097 3545 3598 3620">
     <span class='ocr_line' id='line_1_72' title="bbox 2097 3545 3598 3620; baseline 0.005 -22"><span class='ocrx_word' id='word_1_496' title='bbox 2097 3545 2184 3611; x_wconf 84' lang='lat' dir='ltr'><strong>IV,</strong></span> <span class='ocrx_word' id='word_1_497' title='bbox 2213 3546 2302 3600; x_wconf 75' lang='lat'><strong>9.5.</strong></span> <span class='ocrx_word' id='word_1_498' title='bbox 2335 3546 2539 3600; x_wconf 85' lang='lat' dir='ltr'><strong>Scimus</strong></span> <span class='ocrx_word' id='word_1_499' title='bbox 2568 3547 2692 3614; x_wconf 91' lang='lat' dir='ltr'><strong>quia</strong></span> <span class='ocrx_word' id='word_1_500' title='bbox 2727 3545 2957 3602; x_wconf 82' lang='lat' dir='ltr'><strong>Messias</strong></span> <span class='ocrx_word' id='word_1_501' title='bbox 2988 3551 3157 3613; x_wconf 75' lang='lat' dir='ltr'><strong>venit,</strong></span> <span class='ocrx_word' id='word_1_502' title='bbox 3217 3553 3307 3620; x_wconf 88' lang='lat' dir='ltr'><strong>qui</strong></span> <span class='ocrx_word' id='word_1_503' title='bbox 3395 3551 3598 3606; x_wconf 74' lang='lat' dir='ltr'><strong>dicitur</strong></span> 
     </span>
    </p>
   </div>
   <div class='ocr_carea' id='block_1_73' title="bbox 2025 3636 3596 3703">
    <p class='ocr_par' dir='ltr' id='par_1_73' title="bbox 2025 3636 3596 3703">
     <span class='ocr_line' id='line_1_73' title="bbox 2025 3636 3596 3703; baseline 0.003 -11"><span class='ocrx_word' id='word_1_504' title='bbox 2025 3638 2289 3692; x_wconf 82' lang='lat' dir='ltr'><strong>Christus.</strong></span> <span class='ocrx_word' id='word_1_505' title='bbox 2359 3636 2493 3692; x_wconf 88' lang='lat' dir='ltr'><strong>Cum</strong></span> <span class='ocrx_word' id='word_1_506' title='bbox 2547 3640 2743 3692; x_wconf 79' lang='lat' dir='ltr'><strong>venerit</strong></span> <span class='ocrx_word' id='word_1_507' title='bbox 2809 3639 2934 3703; x_wconf 86' lang='lat' dir='ltr'><strong>ille,</strong></span> <span class='ocrx_word' id='word_1_508' title='bbox 3012 3642 3354 3696; x_wconf 85' lang='lat' dir='ltr'><strong>annuutiabit</strong></span> <span class='ocrx_word' id='word_1_509' title='bbox 3443 3643 3596 3698; x_wconf 84' lang='lat' dir='ltr'><strong>nobis</strong></span> 
     </span>
    </p>
   </div>
   <div class='ocr_carea' id='block_1_74' title="bbox 2025 3729 2221 3782">
    <p class='ocr_par' dir='ltr' id='par_1_74' title="bbox 2025 3729 2221 3782">
     <span class='ocr_line' id='line_1_74' title="bbox 2025 3729 2221 3782; baseline 0 0"><span class='ocrx_word' id='word_1_510' title='bbox 2025 3729 2221 3782; x_wconf 85' lang='lat' dir='ltr'><strong>omnia.</strong></span> 
     </span>
    </p>
   </div>
   <div class='ocr_carea' id='block_1_75' title="bbox 2095 3817 3598 3893">
    <p class='ocr_par' dir='ltr' id='par_1_75' title="bbox 2095 3817 3598 3893">
     <span class='ocr_line' id='line_1_75' title="bbox 2095 3817 3598 3893; baseline 0.006 -23"><span class='ocrx_word' id='word_1_511' title='bbox 2095 3817 2336 3873; x_wconf 87' lang='lat' dir='ltr'><strong>Docente</strong></span> <span class='ocrx_word' id='word_1_512' title='bbox 2360 3817 2584 3874; x_wconf 89' lang='lat' dir='ltr'><strong>Christo</strong></span> <span class='ocrx_word' id='word_1_513' title='bbox 2617 3819 2806 3874; x_wconf 89' lang='lat' dir='ltr'><strong>horam</strong></span> <span class='ocrx_word' id='word_1_514' title='bbox 2837 3821 3028 3877; x_wconf 82' lang='lat' dir='ltr'><strong>adfore</strong></span> <span class='ocrx_word' id='word_1_515' title='bbox 3082 3830 3137 3876; x_wconf 89' lang='lat' dir='ltr'><strong>et</strong></span> <span class='ocrx_word' id='word_1_516' title='bbox 3193 3831 3433 3893; x_wconf 90' lang='lat' dir='ltr'><strong>tempus,</strong></span> <span class='ocrx_word' id='word_1_517' title='bbox 3486 3825 3598 3878; x_wconf 91' lang='lat' dir='ltr'><strong>imo</strong></span> 
     </span>
    </p>
   </div>
   <div class='ocr_carea' id='block_1_76' title="bbox 346 3913 1926 3988">
    <p class='ocr_par' dir='ltr' id='par_1_76' title="bbox 346 3915 1926 3988">
     <span class='ocr_line' id='line_1_76' title="bbox 346 3915 1926 3988; baseline 0.002 -20"><span class='ocrx_word' id='word_1_518' title='bbox 346 3919 508 3982; x_wconf 88' lang='grc' dir='ltr'>εῖναι,</span> <span class='ocrx_word' id='word_1_519' title='bbox 529 3917 870 3981; x_wconf 81' lang='grc' dir='ltr'>διδάσκοντος</span> <span class='ocrx_word' id='word_1_520' title='bbox 916 3915 1008 3970; x_wconf 88' lang='grc' dir='ltr'><strong>τοῦ</strong></span> <span class='ocrx_word' id='word_1_521' title='bbox 1050 3916 1289 3988; x_wconf 82' lang='grc' dir='ltr'>Χριστοῦ</span> <span class='ocrx_word' id='word_1_522' title='bbox 1312 3957 1327 3982; x_wconf 89' lang='grc'><strong>,</strong></span> <span class='ocrx_word' id='word_1_523' title='bbox 1367 3917 1489 3970; x_wconf 79' lang='grc' dir='ltr'>καθ’</span> <span class='ocrx_word' id='word_1_524' title='bbox 1521 3918 1578 3970; x_wconf 81' lang='grc' dir='ltr'>ὃν</span> <span class='ocrx_word' id='word_1_525' title='bbox 1601 3920 1650 3970; x_wconf 86' lang='grc' dir='ltr'>οἱ</span> <span class='ocrx_word' id='word_1_526' title='bbox 1685 3919 1926 3988; x_wconf 78' lang='grc' dir='ltr'>ἀληθινοὶ</span> 
     </span>
    </p>
   </div>
   <div class='ocr_carea' id='block_1_77' title="bbox 2029 3913 3596 3988">
    <p class='ocr_par' dir='ltr' id='par_1_77' title="bbox 2029 3913 3596 3986">
     <span class='ocr_line' id='line_1_77' title="bbox 2029 3913 3596 3986; baseline 0.004 -20"><span class='ocrx_word' id='word_1_527' title='bbox 2029 3913 2130 3983; x_wconf 88' lang='lat' dir='ltr'><strong>iam</strong></span> <span class='ocrx_word' id='word_1_528' title='bbox 2158 3913 2373 3978; x_wconf 88' lang='lat' dir='ltr'><strong>adesse,</strong></span> <span class='ocrx_word' id='word_1_529' title='bbox 2401 3928 2512 3982; x_wconf 93' lang='lat' dir='ltr'><strong>quo</strong></span> <span class='ocrx_word' id='word_1_530' title='bbox 2538 3913 2650 3968; x_wconf 83' lang='lat' dir='ltr'><strong>veri</strong></span> <span class='ocrx_word' id='word_1_531' title='bbox 2686 3914 3008 3971; x_wconf 89' lang='lat' dir='ltr'><strong>adoratores</strong></span> <span class='ocrx_word' id='word_1_532' title='bbox 3048 3918 3350 3986; x_wconf 91' lang='lat' dir='ltr'><strong>spiritalem</strong></span> <span class='ocrx_word' id='word_1_533' title='bbox 3388 3919 3596 3974; x_wconf 90' lang='lat' dir='ltr'><strong>cultum</strong></span> 
     </span>
    </p>
   </div>
   <div class='ocr_carea' id='block_1_78' title="bbox 347 4006 1924 4078">
    <p class='ocr_par' dir='ltr' id='par_1_78' title="bbox 347 4006 1924 4078">
     <span class='ocr_line' id='line_1_78' title="bbox 347 4006 1924 4078; baseline 0.003 -21"><span class='ocrx_word' id='word_1_534' title='bbox 347 4007 725 4076; x_wconf 75' lang='grc' dir='ltr'>προσκυνηταὶ</span> <span class='ocrx_word' id='word_1_535' title='bbox 759 4007 859 4075; x_wconf 82' lang='grc' dir='ltr'>τὴν</span> <span class='ocrx_word' id='word_1_536' title='bbox 887 4006 945 4057; x_wconf 86' lang='grc' dir='ltr'><strong>ἐν</strong></span> <span class='ocrx_word' id='word_1_537' title='bbox 975 4007 1248 4076; x_wconf 89' lang='grc' dir='ltr'>πνεύματι</span> <span class='ocrx_word' id='word_1_538' title='bbox 1288 4007 1543 4078; x_wconf 86' lang='grc' dir='ltr'>λατρείαν</span> <span class='ocrx_word' id='word_1_539' title='bbox 1575 4008 1924 4078; x_wconf 85' lang='grc' dir='ltr'>προσοίσουσι</span> 
     </span>
    </p>
   </div>
   <div class='ocr_carea' id='block_1_79' title="bbox 2025 4005 3597 4070">
    <p class='ocr_par' dir='ltr' id='par_1_79' title="bbox 2025 4005 3597 4070">
     <span class='ocr_line' id='line_1_79' title="bbox 2025 4005 3597 4070; baseline 0.001 -9"><span class='ocrx_word' id='word_1_540' title='bbox 2025 4006 2266 4062; x_wconf 88' lang='lat' dir='ltr'><strong>oblaturi</strong></span> <span class='ocrx_word' id='word_1_541' title='bbox 2295 4014 2454 4060; x_wconf 90' lang='lat' dir='ltr'><strong>erant</strong></span> <span class='ocrx_word' id='word_1_542' title='bbox 2477 4005 2583 4059; x_wconf 91' lang='lat' dir='ltr'><strong>Deo</strong></span> <span class='ocrx_word' id='word_1_543' title='bbox 2613 4021 2677 4059; x_wconf 92' lang='lat' dir='ltr'><strong>ac</strong></span> <span class='ocrx_word' id='word_1_544' title='bbox 2707 4005 2882 4070; x_wconf 90' lang='lat' dir='ltr'><strong>Patri,</strong></span> <span class='ocrx_word' id='word_1_545' title='bbox 2907 4009 3106 4062; x_wconf 88' lang='lat' dir='ltr'><strong>mulier</strong></span> <span class='ocrx_word' id='word_1_546' title='bbox 3149 4010 3440 4064; x_wconf 79' lang='lat' dir='ltr'><strong>confestim</strong></span> <span class='ocrx_word' id='word_1_547' title='bbox 3497 4025 3597 4063; x_wconf 82' lang='lat' dir='ltr'><strong>co-</strong></span> 
     </span>
    </p>
   </div>
   <div class='ocr_carea' id='block_1_80' title="bbox 346 4092 1926 4169">
    <p class='ocr_par' dir='ltr' id='par_1_80' title="bbox 346 4092 1926 4169">
     <span class='ocr_line' id='line_1_80' title="bbox 346 4092 1926 4169; baseline 0.002 -23"><span class='ocrx_word' id='word_1_548' title='bbox 346 4093 426 4164; x_wconf 84' lang='grc' dir='ltr'>τῷ</span> <span class='ocrx_word' id='word_1_549' title='bbox 464 4092 582 4164; x_wconf 86' lang='grc' dir='ltr'><strong>Θεῷ</strong></span> <span class='ocrx_word' id='word_1_550' title='bbox 622 4094 716 4146; x_wconf 78' lang='grc' dir='ltr'><strong>καὶ</strong></span> <span class='ocrx_word' id='word_1_551' title='bbox 760 4093 954 4163; x_wconf 71' lang='grc' dir='ltr'>Πατρὶ,</span> <span class='ocrx_word' id='word_1_552' title='bbox 989 4094 1332 4167; x_wconf 83' lang='grc' dir='ltr'>παραχρῆμα</span> <span class='ocrx_word' id='word_1_553' title='bbox 1356 4094 1418 4149; x_wconf 79' lang='grc' dir='ltr'><strong>τὸ</strong></span> <span class='ocrx_word' id='word_1_554' title='bbox 1453 4095 1672 4160; x_wconf 82' lang='grc' dir='ltr'>γύναιον</span> <span class='ocrx_word' id='word_1_555' title='bbox 1715 4101 1794 4161; x_wconf 82' lang='grc' dir='ltr'><strong>εἰς</strong></span> <span class='ocrx_word' id='word_1_556' title='bbox 1831 4098 1926 4169; x_wconf 84' lang='grc' dir='ltr'><strong>τὴν</strong></span> 
     </span>
    </p>
   </div>
   <div class='ocr_carea' id='block_1_81' title="bbox 2029 4092 3597 4169">
    <p class='ocr_par' dir='ltr' id='par_1_81' title="bbox 2029 4095 3597 4169">
     <span class='ocr_line' id='line_1_81' title="bbox 2029 4095 3597 4169; baseline -0.002 -18"><span class='ocrx_word' id='word_1_557' title='bbox 2029 4095 2380 4169; x_wconf 82' lang='lat' dir='ltr'><strong>gitationibus</strong></span> <span class='ocrx_word' id='word_1_558' title='bbox 2402 4097 2543 4150; x_wconf 87' lang='lat' dir='ltr'><strong>elata</strong></span> <span class='ocrx_word' id='word_1_559' title='bbox 2573 4095 2794 4164; x_wconf 88' lang='lat' dir='ltr'><strong>ingenio</strong></span> <span class='ocrx_word' id='word_1_560' title='bbox 2826 4110 2929 4150; x_wconf 92' lang='lat' dir='ltr'><strong>suo</strong></span> <span class='ocrx_word' id='word_1_561' title='bbox 2963 4096 3265 4162; x_wconf 85' lang='lat' dir='ltr'><strong>majoribus</strong></span> <span class='ocrx_word' id='word_1_562' title='bbox 3315 4096 3381 4150; x_wconf 88' lang='lat' dir='ltr'><strong>ad</strong></span> <span class='ocrx_word' id='word_1_563' title='bbox 3441 4110 3597 4164; x_wconf 89' lang='lat' dir='ltr'><strong>spem</strong></span> 
     </span>
    </p>
   </div>
   <div class='ocr_carea' id='block_1_82' title="bbox 346 4184 1926 4262">
    <p class='ocr_par' dir='ltr' id='par_1_82' title="bbox 346 4184 1926 4262">
     <span class='ocr_line' id='line_1_82' title="bbox 346 4184 1926 4262; baseline 0.003 -27"><span class='ocrx_word' id='word_1_564' title='bbox 346 4184 688 4256; x_wconf 82' lang='grc' dir='ltr'>λαλουμένην</span> <span class='ocrx_word' id='word_1_565' title='bbox 720 4187 871 4256; x_wconf 76' lang='grc' dir='ltr'>παρὰ</span> <span class='ocrx_word' id='word_1_566' title='bbox 916 4190 1026 4252; x_wconf 87' lang='grc' dir='ltr'>τοῖς</span> <span class='ocrx_word' id='word_1_567' title='bbox 1081 4188 1353 4251; x_wconf 85' lang='grc' dir='ltr'>Ἰουδαίοις</span> <span class='ocrx_word' id='word_1_568' title='bbox 1407 4189 1599 4242; x_wconf 78' lang='grc' dir='ltr'>ἐλπίδα</span> <span class='ocrx_word' id='word_1_569' title='bbox 1641 4191 1753 4252; x_wconf 88' lang='grc' dir='ltr'>τοῖς</span> <span class='ocrx_word' id='word_1_570' title='bbox 1787 4190 1926 4262; x_wconf 84' lang='grc' dir='ltr'>ὑπὲρ</span> 
     </span>
    </p>
   </div>
   <div class='ocr_carea' id='block_1_83' title="bbox 2029 4184 3598 4262">
    <p class='ocr_par' dir='ltr' id='par_1_83' title="bbox 2029 4185 3598 4256">
     <span class='ocr_line' id='line_1_83' title="bbox 2029 4185 3598 4256; baseline -0.001 -11"><span class='ocrx_word' id='word_1_571' title='bbox 2029 4190 2205 4245; x_wconf 86' lang='lat' dir='ltr'><strong>evolat</strong></span> <span class='ocrx_word' id='word_1_572' title='bbox 2241 4188 2446 4243; x_wconf 79' lang='lat' dir='ltr'><strong>Judaeis</strong></span> <span class='ocrx_word' id='word_1_573' title='bbox 2475 4189 2873 4256; x_wconf 81' lang='lat' dir='ltr'><strong>pervulgatam.</strong></span> <span class='ocrx_word' id='word_1_574' title='bbox 2908 4185 3206 4241; x_wconf 81' lang='lat' dir='ltr'><strong>Proﬁtetur</strong></span> <span class='ocrx_word' id='word_1_575' title='bbox 3237 4196 3417 4241; x_wconf 91' lang='lat' dir='ltr'><strong>autem</strong></span> <span class='ocrx_word' id='word_1_576' title='bbox 3455 4189 3598 4243; x_wconf 87' lang='lat' dir='ltr'><strong>scire</strong></span> 
     </span>
    </p>
   </div>
   <div class='ocr_carea' id='block_1_84' title="bbox 352 4273 1926 4350">
    <p class='ocr_par' dir='ltr' id='par_1_84' title="bbox 352 4273 1922 4350">
     <span class='ocr_line' id='line_1_84' title="bbox 352 4273 1922 4350; baseline 0.004 -24"><span class='ocrx_word' id='word_1_577' title='bbox 352 4273 465 4346; x_wconf 75' lang='grc' dir='ltr'>ἕξιν</span> <span class='ocrx_word' id='word_1_578' title='bbox 490 4277 692 4330; x_wconf 84' lang='grc' dir='ltr'>ἀναπτε</span> <span class='ocrx_word' id='word_1_579' title='bbox 704 4278 886 4348; x_wconf 90' lang='grc' dir='ltr'>ροῦται</span> <span class='ocrx_word' id='word_1_580' title='bbox 913 4281 1194 4350; x_wconf 80' lang='grc' dir='ltr'>νοήμασιν.</span> <span class='ocrx_word' id='word_1_581' title='bbox 1224 4280 1436 4335; x_wconf 87' lang='grc' dir='ltr'>Εἰδέναι</span> <span class='ocrx_word' id='word_1_582' title='bbox 1463 4279 1518 4332; x_wconf 82' lang='grc' dir='ltr'>δὲ</span> <span class='ocrx_word' id='word_1_583' title='bbox 1549 4281 1640 4334; x_wconf 82' lang='grc' dir='ltr'><strong>τὸν</strong></span> <span class='ocrx_word' id='word_1_584' title='bbox 1659 4281 1922 4346; x_wconf 86' lang='grc' dir='ltr'>Μεσσίαν,</span> 
     </span>
    </p>
   </div>
   <div class='ocr_carea' id='block_1_85' title="bbox 2029 4273 3597 4350">
    <p class='ocr_par' dir='ltr' id='par_1_85' title="bbox 2029 4279 3597 4350">
     <span class='ocr_line' id='line_1_85' title="bbox 2029 4279 3597 4350; baseline -0.003 -13"><span class='ocrx_word' id='word_1_585' title='bbox 2029 4298 2087 4337; x_wconf 86' lang='lat' dir='ltr'><strong>se</strong></span> <span class='ocrx_word' id='word_1_586' title='bbox 2115 4291 2404 4336; x_wconf 87' lang='lat' dir='ltr'><strong>venturum</strong></span> <span class='ocrx_word' id='word_1_587' title='bbox 2448 4280 2702 4335; x_wconf 85' lang='lat' dir='ltr'><strong>Messiam</strong></span> <span class='ocrx_word' id='word_1_588' title='bbox 2747 4294 2849 4333; x_wconf 93' lang='lat' dir='ltr'><strong>suo</strong></span> <span class='ocrx_word' id='word_1_589' title='bbox 2880 4289 3164 4350; x_wconf 89' lang='lat' dir='ltr'><strong>tempore;</strong></span> <span class='ocrx_word' id='word_1_590' title='bbox 3205 4279 3299 4333; x_wconf 88' lang='lat' dir='ltr'><strong>sed</strong></span> <span class='ocrx_word' id='word_1_591' title='bbox 3355 4294 3493 4348; x_wconf 89' lang='lat' dir='ltr'><strong>quas</strong></span> <span class='ocrx_word' id='word_1_592' title='bbox 3527 4281 3597 4334; x_wconf 92' lang='lat' dir='ltr'><strong>ob</strong></span> 
     </span>
    </p>
   </div>
   <div class='ocr_carea' id='block_1_86' title="bbox 349 4369 1926 4444">
    <p class='ocr_par' dir='ltr' id='par_1_86' title="bbox 349 4369 1924 4444">
     <span class='ocr_line' id='line_1_86' title="bbox 349 4369 1924 4444; baseline 0.001 -21"><span class='ocrx_word' id='word_1_593' title='bbox 349 4375 425 4432; x_wconf 82' lang='grc' dir='ltr'>ὡς</span> <span class='ocrx_word' id='word_1_594' title='bbox 453 4369 574 4440; x_wconf 74' lang='grc' dir='ltr'>ἥξει</span> <span class='ocrx_word' id='word_1_595' title='bbox 619 4369 758 4422; x_wconf 79' lang='grc' dir='ltr'>κατὰ</span> <span class='ocrx_word' id='word_1_596' title='bbox 786 4371 974 4440; x_wconf 78' lang='grc' dir='ltr'>καιρὸν</span> <span class='ocrx_word' id='word_1_597' title='bbox 1019 4373 1214 4424; x_wconf 80' lang='grc' dir='ltr'>οἰκεῖον</span> <span class='ocrx_word' id='word_1_598' title='bbox 1247 4373 1518 4443; x_wconf 85' lang='grc' dir='ltr'>ὁμολογεῖ,</span> <span class='ocrx_word' id='word_1_599' title='bbox 1555 4375 1648 4428; x_wconf 78' lang='grc' dir='ltr'><strong>καὶ</strong></span> <span class='ocrx_word' id='word_1_600' title='bbox 1677 4374 1794 4443; x_wconf 75' lang='grc' dir='ltr'>ἥξει</span> <span class='ocrx_word' id='word_1_601' title='bbox 1829 4373 1924 4444; x_wconf 87' lang='grc' dir='ltr'>μὲν</span> 
     </span>
    </p>
   </div>
   <div class='ocr_carea' id='block_1_87' title="bbox 2029 4369 3599 4444">
    <p class='ocr_par' dir='ltr' id='par_1_87' title="bbox 2029 4369 3599 4438">
     <span class='ocr_line' id='line_1_87' title="bbox 2029 4369 3599 4438; baseline -0.001 -14"><span class='ocrx_word' id='word_1_602' title='bbox 2029 4387 2118 4426; x_wconf 88' lang='lat' dir='ltr'><strong>res</strong></span> <span class='ocrx_word' id='word_1_603' title='bbox 2147 4383 2411 4425; x_wconf 87' lang='lat' dir='ltr'><strong>venturus</strong></span> <span class='ocrx_word' id='word_1_604' title='bbox 2447 4370 2540 4433; x_wconf 88' lang='lat' dir='ltr'><strong>sit,</strong></span> <span class='ocrx_word' id='word_1_605' title='bbox 2587 4369 2778 4438; x_wconf 90' lang='lat' dir='ltr'><strong>utique</strong></span> <span class='ocrx_word' id='word_1_606' title='bbox 2821 4384 2932 4422; x_wconf 85' lang='lat' dir='ltr'><strong>non</strong></span> <span class='ocrx_word' id='word_1_607' title='bbox 2988 4371 3088 4433; x_wconf 93' lang='lat' dir='ltr'><strong>ait,</strong></span> <span class='ocrx_word' id='word_1_608' title='bbox 3147 4385 3269 4423; x_wconf 79' lang='lat' dir='ltr'><strong>eum</strong></span> <span class='ocrx_word' id='word_1_609' title='bbox 3324 4369 3392 4424; x_wconf 93' lang='lat' dir='ltr'><strong>de</strong></span> <span class='ocrx_word' id='word_1_610' title='bbox 3426 4385 3490 4424; x_wconf 91' lang='lat' dir='ltr'><strong>eo</strong></span> <span class='ocrx_word' id='word_1_611' title='bbox 3539 4379 3599 4423; x_wconf 91' lang='lat' dir='ltr'><strong>ut</strong></span> 
     </span>
    </p>
   </div>
   <div class='ocr_carea' id='block_1_88' title="bbox 349 4431 1926 4532">
    <p class='ocr_par' dir='ltr' id='par_1_88' title="bbox 349 4431 1924 4532">
     <span class='ocr_line' id='line_1_88' title="bbox 349 4431 1924 4532; baseline 0 -19"><span class='ocrx_word' id='word_1_612' title='bbox 349 4431 445 4513; x_wconf 77' lang='grc' dir='ltr'><strong>ἐπὶ</strong></span> <span class='ocrx_word' id='word_1_613' title='bbox 479 4431 656 4524; x_wconf 50' lang='grc' dir='ltr'>τίσιν,</span> <span class='ocrx_word' id='word_1_614' title='bbox 686 4431 928 4528; x_wconf 80' lang='grc' dir='ltr'>ἀκριϐῶς</span> <span class='ocrx_word' id='word_1_615' title='bbox 967 4458 1026 4511; x_wconf 80' lang='grc' dir='ltr'><strong>οῦ</strong></span> <span class='ocrx_word' id='word_1_616' title='bbox 1079 4476 1239 4529; x_wconf 86' lang='grc' dir='ltr'>φησιν</span> <span class='ocrx_word' id='word_1_617' title='bbox 1263 4431 1776 4532; x_wconf 41' lang='grc' dir='ltr'>,Ιὰπεριεργάστόύς</span> <span class='ocrx_word' id='word_1_618' title='bbox 1801 4431 1924 4525; x_wconf 26' lang='grc' dir='ltr'><strong>βὼς</strong></span> 
     </span>
    </p>
   </div>
   <div class='ocr_carea' id='block_1_89' title="bbox 2029 4431 3598 4532">
    <p class='ocr_par' dir='ltr' id='par_1_89' title="bbox 2029 4460 3598 4529">
     <span class='ocr_line' id='line_1_89' title="bbox 2029 4460 3598 4529; baseline 0.001 -17"><span class='ocrx_word' id='word_1_619' title='bbox 2029 4462 2262 4525; x_wconf 90' lang='lat' dir='ltr'><strong>videtur,</strong></span> <span class='ocrx_word' id='word_1_620' title='bbox 2300 4475 2554 4515; x_wconf 91' lang='lat' dir='ltr'><strong>rumores</strong></span> <span class='ocrx_word' id='word_1_621' title='bbox 2583 4461 2772 4514; x_wconf 91' lang='lat' dir='ltr'><strong>nescio</strong></span> <span class='ocrx_word' id='word_1_622' title='bbox 2805 4475 2943 4529; x_wconf 90' lang='lat' dir='ltr'><strong>quos</strong></span> <span class='ocrx_word' id='word_1_623' title='bbox 2995 4460 3318 4528; x_wconf 89' lang='lat' dir='ltr'><strong>accepisset,</strong></span> <span class='ocrx_word' id='word_1_624' title='bbox 3367 4461 3598 4513; x_wconf 81' lang='lat' dir='ltr'><strong>maxime</strong></span> 
     </span>
    </p>
   </div>
   <div class='ocr_carea' id='block_1_90' title="bbox 348 4551 1921 4624">
    <p class='ocr_par' dir='ltr' id='par_1_90' title="bbox 348 4551 1921 4624">
     <span class='ocr_line' id='line_1_90' title="bbox 348 4551 1921 4624; baseline -0.001 -18"><span class='ocrx_word' id='word_1_625' title='bbox 348 4553 516 4617; x_wconf 80' lang='grc' dir='ltr'>ἔοικε,</span> <span class='ocrx_word' id='word_1_626' title='bbox 556 4551 680 4614; x_wconf 85' lang='grc' dir='ltr'>τοὺς</span> <span class='ocrx_word' id='word_1_627' title='bbox 713 4551 802 4603; x_wconf 82' lang='grc' dir='ltr'>ἐπ’</span> <span class='ocrx_word' id='word_1_628' title='bbox 834 4551 982 4620; x_wconf 85' lang='grc' dir='ltr'>αύτῷ</span> <span class='ocrx_word' id='word_1_629' title='bbox 1026 4551 1373 4620; x_wconf 89' lang='grc' dir='ltr'>λαμϐάνουσα</span> <span class='ocrx_word' id='word_1_630' title='bbox 1410 4553 1689 4624; x_wconf 86' lang='grc' dir='ltr'>θρύλλους,</span> <span class='ocrx_word' id='word_1_631' title='bbox 1733 4554 1828 4606; x_wconf 80' lang='grc' dir='ltr'>ἆτε</span> <span class='ocrx_word' id='word_1_632' title='bbox 1859 4553 1921 4624; x_wconf 77' lang='grc' dir='ltr'>δὴ</span> 
     </span>
    </p>
   </div>
   <div class='ocr_carea' id='block_1_91' title="bbox 348 4643 1922 4716">
    <p class='ocr_par' dir='ltr' id='par_1_91' title="bbox 348 4643 1922 4716">
     <span class='ocr_line' id='line_1_91' title="bbox 348 4643 1922 4716; baseline -0.002 -15"><span class='ocrx_word' id='word_1_633' title='bbox 348 4644 644 4716; x_wconf 86' lang='grc' dir='ltr'>φιλόγελώς</span> <span class='ocrx_word' id='word_1_634' title='bbox 657 4661 715 4697; x_wconf 89' lang='grc' dir='ltr'><strong>τε</strong></span> <span class='ocrx_word' id='word_1_635' title='bbox 756 4645 849 4698; x_wconf 76' lang='grc' dir='ltr'><strong>καὶ</strong></span> <span class='ocrx_word' id='word_1_636' title='bbox 873 4643 1272 4714; x_wconf 84' lang='grc' dir='ltr'>φιλοσαρκοῦσα</span> <span class='ocrx_word' id='word_1_637' title='bbox 1289 4645 1423 4715; x_wconf 86' lang='grc' dir='ltr'>γυνή</span> <span class='ocrx_word' id='word_1_638' title='bbox 1445 4659 1459 4674; x_wconf 78' lang='grc' dir='ltr'><strong>ο</strong></span> <span class='ocrx_word' id='word_1_639' title='bbox 1480 4645 1540 4697; x_wconf 83' lang='grc' dir='ltr'><strong>οὐ</strong></span> <span class='ocrx_word' id='word_1_640' title='bbox 1565 4645 1668 4716; x_wconf 82' lang='grc' dir='ltr'><strong>μὴν</strong></span> <span class='ocrx_word' id='word_1_641' title='bbox 1689 4646 1922 4716; x_wconf 78' lang='grc' dir='ltr'>ἠγνόησε</span> 
     </span>
    </p>
   </div>
   <div class='ocr_carea' id='block_1_92' title="bbox 348 4735 1924 4816">
    <p class='ocr_par' dir='ltr' id='par_1_92' title="bbox 348 4735 1924 4816">
     <span class='ocr_line' id='line_1_92' title="bbox 348 4735 1924 4816; baseline -0.001 -25"><span class='ocrx_word' id='word_1_642' title='bbox 348 4737 646 4800; x_wconf 88' lang='grc' dir='ltr'>παντελῶς,</span> <span class='ocrx_word' id='word_1_643' title='bbox 693 4736 768 4800; x_wconf 86' lang='grc' dir='ltr'>ὼς</span> <span class='ocrx_word' id='word_1_644' title='bbox 818 4737 1180 4804; x_wconf 82' lang='grc' dir='ltr'>ἀστειοτέρων</span> <span class='ocrx_word' id='word_1_645' title='bbox 1236 4735 1574 4816; x_wconf 85' lang='grc' dir='ltr'>μαθημάτων</span> <span class='ocrx_word' id='word_1_646' title='bbox 1626 4739 1924 4809; x_wconf 73' lang='grc' dir='ltr'>εἰσηγητὴς</span> 
     </span>
    </p>
   </div>
   <div class='ocr_carea' id='block_1_93' title="bbox 349 4827 1922 4900">
    <p class='ocr_par' dir='ltr' id='par_1_93' title="bbox 349 4827 1922 4900">
     <span class='ocr_line' id='line_1_93' title="bbox 349 4827 1922 4900; baseline -0.001 -17"><span class='ocrx_word' id='word_1_647' title='bbox 349 4829 441 4883; x_wconf 73' lang='grc' dir='ltr'><strong>ἐπὶ</strong></span> <span class='ocrx_word' id='word_1_648' title='bbox 464 4829 556 4882; x_wconf 85' lang='grc' dir='ltr'><strong>τὸν</strong></span> <span class='ocrx_word' id='word_1_649' title='bbox 594 4829 806 4900; x_wconf 81' lang='grc' dir='ltr'>Ἰσραὴλ</span> <span class='ocrx_word' id='word_1_650' title='bbox 826 4827 1291 4898; x_wconf 85' lang='grc' dir='ltr'>ἁναδειχθήσεται,</span> <span class='ocrx_word' id='word_1_651' title='bbox 1317 4828 1583 4882; x_wconf 76' lang='grc' dir='ltr'>καὶτοῦτο</span> <span class='ocrx_word' id='word_1_652' title='bbox 1603 4829 1667 4900; x_wconf 85' lang='grc' dir='ltr'>δὴ</span> <span class='ocrx_word' id='word_1_653' title='bbox 1703 4830 1922 4892; x_wconf 87' lang='grc' dir='ltr'>πάντως</span> 
     </span>
    </p>
   </div>
   <div class='ocr_carea' id='block_1_94' title="bbox 349 4919 1470 4989">
    <p class='ocr_par' dir='ltr' id='par_1_94' title="bbox 349 4919 1470 4989">
     <span class='ocr_line' id='line_1_94' title="bbox 349 4919 1470 4989; baseline 0.001 -17"><span class='ocrx_word' id='word_1_654' title='bbox 349 4923 406 4972; x_wconf 90' lang='grc' dir='ltr'><strong>ἐν</strong></span> <span class='ocrx_word' id='word_1_655' title='bbox 433 4922 543 4981; x_wconf 89' lang='grc' dir='ltr'>τοῖς</span> <span class='ocrx_word' id='word_1_656' title='bbox 573 4921 697 4989; x_wconf 72' lang='grc' dir='ltr'>περὶ</span> <span class='ocrx_word' id='word_1_657' title='bbox 721 4919 883 4973; x_wconf 80' lang='grc' dir='ltr'>αὑτοῦ</span> <span class='ocrx_word' id='word_1_658' title='bbox 912 4921 1094 4987; x_wconf 88' lang='grc' dir='ltr'>λόγοις</span> <span class='ocrx_word' id='word_1_659' title='bbox 1123 4919 1470 4989; x_wconf 81' lang='grc' dir='ltr'>εύρίσκουσα.</span> 
     </span>
    </p>
   </div>
   <div class='ocr_carea' id='block_1_95' title="bbox 421 5009 1918 5080">
    <p class='ocr_par' dir='ltr' id='par_1_95' title="bbox 421 5009 1918 5080">
     <span class='ocr_line' id='line_1_95' title="bbox 421 5009 1918 5080; baseline 0.002 -18"><span class='ocrx_word' id='word_1_660' title='bbox 421 5009 590 5077; x_wconf 74' lang='grc' dir='ltr'>Λέγει</span> <span class='ocrx_word' id='word_1_661' title='bbox 612 5009 764 5079; x_wconf 80' lang='grc' dir='ltr'>αὐτῇ</span> <span class='ocrx_word' id='word_1_662' title='bbox 789 5015 822 5065; x_wconf 92' lang='lat' dir='ltr'><strong>o&#39;</strong></span> <span class='ocrx_word' id='word_1_663' title='bbox 871 5011 1111 5079; x_wconf 85' lang='grc' dir='ltr'>Ἰησοῦς</span> <span class='ocrx_word' id='word_1_664' title='bbox 1138 5029 1151 5042; x_wconf 92' lang='grc'><strong>·</strong></span> <span class='ocrx_word' id='word_1_665' title='bbox 1196 5010 1336 5080; x_wconf 76' lang='grc' dir='ltr'><strong>Ἐγώ</strong></span> <span class='ocrx_word' id='word_1_666' title='bbox 1363 5013 1478 5080; x_wconf 73' lang='grc' dir='ltr'>εἰμι</span> <span class='ocrx_word' id='word_1_667' title='bbox 1504 5015 1534 5064; x_wconf 83' lang='grc' dir='ltr'><strong>ό</strong></span> <span class='ocrx_word' id='word_1_668' title='bbox 1567 5011 1771 5066; x_wconf 77' lang='grc' dir='ltr'>λαλῶν</span> <span class='ocrx_word' id='word_1_669' title='bbox 1800 5029 1918 5067; x_wconf 77' lang='grc' dir='ltr'>σοι.</span> 
     </span>
    </p>
   </div>
   <div class='ocr_carea' id='block_1_96' title="bbox 422 5183 1923 5256">
    <p class='ocr_par' dir='ltr' id='par_1_96' title="bbox 422 5183 1923 5256">
     <span class='ocr_line' id='line_1_96' title="bbox 422 5183 1923 5256; baseline 0.002 -19"><span class='ocrx_word' id='word_1_670' title='bbox 422 5183 498 5237; x_wconf 83' lang='grc' dir='ltr'><strong>Οὐ</strong></span> <span class='ocrx_word' id='word_1_671' title='bbox 531 5185 652 5244; x_wconf 77' lang='grc' dir='ltr'>ταῖς</span> <span class='ocrx_word' id='word_1_672' title='bbox 697 5185 1035 5250; x_wconf 86' lang='grc' dir='ltr'>ἀπαιδεύτοις</span> <span class='ocrx_word' id='word_1_673' title='bbox 1069 5187 1289 5256; x_wconf 77' lang='grc' dir='ltr'>ψυχαῖς,</span> <span class='ocrx_word' id='word_1_674' title='bbox 1326 5185 1358 5256; x_wconf 81' lang='grc' dir='ltr'>ἢ</span> <span class='ocrx_word' id='word_1_675' title='bbox 1395 5185 1488 5237; x_wconf 75' lang='grc' dir='ltr'><strong>καὶ</strong></span> <span class='ocrx_word' id='word_1_676' title='bbox 1522 5185 1756 5254; x_wconf 82' lang='grc' dir='ltr'>ἀμαθέσι</span> <span class='ocrx_word' id='word_1_677' title='bbox 1788 5205 1923 5240; x_wconf 85' lang='grc' dir='ltr'>παν-</span> 
     </span>
    </p>
   </div>
   <div class='ocr_carea' id='block_1_97' title="bbox 350 5273 1924 5347">
    <p class='ocr_par' dir='ltr' id='par_1_97' title="bbox 350 5273 1924 5347">
     <span class='ocr_line' id='line_1_97' title="bbox 350 5273 1924 5347; baseline 0.003 -20"><span class='ocrx_word' id='word_1_678' title='bbox 350 5273 519 5336; x_wconf 83' lang='grc' dir='ltr'>τελῶς</span> <span class='ocrx_word' id='word_1_679' title='bbox 567 5273 759 5326; x_wconf 77' lang='grc' dir='ltr'>ἑαυτὸν</span> <span class='ocrx_word' id='word_1_680' title='bbox 812 5276 1174 5330; x_wconf 85' lang='grc' dir='ltr'>ἀνακαλύπτει</span> <span class='ocrx_word' id='word_1_681' title='bbox 1225 5276 1477 5347; x_wconf 81' lang='grc' dir='ltr'>Χριστὸς,</span> <span class='ocrx_word' id='word_1_682' title='bbox 1528 5277 1642 5330; x_wconf 86' lang='grc' dir='ltr'>ἀλλ’</span> <span class='ocrx_word' id='word_1_683' title='bbox 1689 5278 1924 5340; x_wconf 85' lang='grc' dir='ltr'>ἐκείναις</span> 
     </span>
    </p>
   </div>
   <div class='ocr_carea' id='block_1_98' title="bbox 352 5363 1923 5440">
    <p class='ocr_par' dir='ltr' id='par_1_98' title="bbox 352 5363 1923 5440">
     <span class='ocr_line' id='line_1_98' title="bbox 352 5363 1923 5440; baseline -0.001 -19"><span class='ocrx_word' id='word_1_684' title='bbox 352 5368 554 5439; x_wconf 83' lang='grc' dir='ltr'>μᾶλλον</span> <span class='ocrx_word' id='word_1_685' title='bbox 583 5366 884 5437; x_wconf 81' lang='grc' dir='ltr'>ἐπιλάμπει</span> <span class='ocrx_word' id='word_1_686' title='bbox 933 5369 1027 5421; x_wconf 74' lang='grc' dir='ltr'><strong>καὶ</strong></span> <span class='ocrx_word' id='word_1_687' title='bbox 1076 5370 1346 5437; x_wconf 88' lang='grc' dir='ltr'>φαίνεται,</span> <span class='ocrx_word' id='word_1_688' title='bbox 1377 5370 1542 5440; x_wconf 80' lang='grc' dir='ltr'>αἴπερ</span> <span class='ocrx_word' id='word_1_689' title='bbox 1582 5368 1648 5421; x_wconf 84' lang='grc' dir='ltr'><strong>ἂν</strong></span> <span class='ocrx_word' id='word_1_690' title='bbox 1689 5363 1795 5421; x_wconf 76' lang='grc' dir='ltr'>εἷεν</span> <span class='ocrx_word' id='word_1_691' title='bbox 1823 5369 1923 5440; x_wconf 70' lang='grc' dir='ltr'>ἤδη</span> 
     </span>
    </p>
   </div>
   <div class='ocr_carea' id='block_1_99' title="bbox 352 5455 1924 5530">
    <p class='ocr_par' dir='ltr' id='par_1_99' title="bbox 352 5455 1924 5530">
     <span class='ocr_line' id='line_1_99' title="bbox 352 5455 1924 5530; baseline 0.003 -21"><span class='ocrx_word' id='word_1_692' title='bbox 352 5459 485 5528; x_wconf 72' lang='grc' dir='ltr'>πρὸς</span> <span class='ocrx_word' id='word_1_693' title='bbox 517 5457 578 5510; x_wconf 86' lang='grc' dir='ltr'><strong>τὸ</strong></span> <span class='ocrx_word' id='word_1_694' title='bbox 631 5455 913 5526; x_wconf 85' lang='grc' dir='ltr'>βούλεσθαί</span> <span class='ocrx_word' id='word_1_695' title='bbox 956 5476 1009 5510; x_wconf 84' lang='grc' dir='ltr'><strong>τι</strong></span> <span class='ocrx_word' id='word_1_696' title='bbox 1054 5459 1242 5528; x_wconf 83' lang='grc' dir='ltr'>μαθεῖν</span> <span class='ocrx_word' id='word_1_697' title='bbox 1292 5460 1652 5529; x_wconf 87' lang='grc' dir='ltr'>ἐτοιμότεραι,</span> <span class='ocrx_word' id='word_1_698' title='bbox 1689 5461 1782 5513; x_wconf 77' lang='grc' dir='ltr'><strong>καὶ</strong></span> <span class='ocrx_word' id='word_1_699' title='bbox 1825 5461 1924 5530; x_wconf 84' lang='grc' dir='ltr'>τῆς</span> 
     </span>
    </p>
   </div>
   <div class='ocr_carea' id='block_1_100' title="bbox 355 5548 1923 5622">
    <p class='ocr_par' dir='ltr' id='par_1_100' title="bbox 355 5548 1923 5622">
     <span class='ocr_line' id='line_1_100' title="bbox 355 5548 1923 5622; baseline 0.004 -22"><span class='ocrx_word' id='word_1_700' title='bbox 355 5548 586 5611; x_wconf 85' lang='grc' dir='ltr'>πίστεως</span> <span class='ocrx_word' id='word_1_701' title='bbox 608 5548 706 5620; x_wconf 83' lang='grc' dir='ltr'>τὴν</span> <span class='ocrx_word' id='word_1_702' title='bbox 738 5548 913 5620; x_wconf 74' lang='grc' dir='ltr'>ἀρχὴν</span> <span class='ocrx_word' id='word_1_703' title='bbox 943 5550 999 5601; x_wconf 85' lang='grc' dir='ltr'><strong>ἐν</strong></span> <span class='ocrx_word' id='word_1_704' title='bbox 1025 5550 1215 5613; x_wconf 84' lang='grc' dir='ltr'>ἁπλοῖς</span> <span class='ocrx_word' id='word_1_705' title='bbox 1250 5551 1532 5605; x_wconf 76' lang='grc' dir='ltr'>ὠδίνουσαι</span> <span class='ocrx_word' id='word_1_706' title='bbox 1559 5551 1755 5619; x_wconf 78' lang='grc' dir='ltr'>λόγοις,</span> <span class='ocrx_word' id='word_1_707' title='bbox 1787 5553 1923 5622; x_wconf 77' lang='grc' dir='ltr'>πρὸς</span> 
     </span>
    </p>
   </div>
   <div class='ocr_carea' id='block_1_101' title="bbox 351 5639 1924 5715">
    <p class='ocr_par' dir='ltr' id='par_1_101' title="bbox 351 5639 1924 5715">
     <span class='ocr_line' id='line_1_101' title="bbox 351 5639 1924 5715; baseline 0.005 -25"><span class='ocrx_word' id='word_1_708' title='bbox 351 5639 451 5708; x_wconf 83' lang='grc' dir='ltr'><strong>τὴν</strong></span> <span class='ocrx_word' id='word_1_709' title='bbox 475 5641 582 5692; x_wconf 86' lang='grc' dir='ltr'><strong>τῶν</strong></span> <span class='ocrx_word' id='word_1_710' title='bbox 611 5640 956 5711; x_wconf 84' lang='grc' dir='ltr'>τελειοτέρων</span> <span class='ocrx_word' id='word_1_711' title='bbox 997 5642 1300 5710; x_wconf 88' lang='grc' dir='ltr'>ἐπείγονται</span> <span class='ocrx_word' id='word_1_712' title='bbox 1333 5643 1552 5711; x_wconf 85' lang='grc' dir='ltr'>γνῶσιν.</span> <span class='ocrx_word' id='word_1_713' title='bbox 1579 5644 1811 5715; x_wconf 86' lang='grc' dir='ltr'>Τοιαύτη</span> <span class='ocrx_word' id='word_1_714' title='bbox 1839 5663 1924 5708; x_wconf 84' lang='grc' dir='ltr'><strong>τις</strong></span> 
     </span>
    </p>
   </div>
   <div class='ocr_carea' id='block_1_102' title="bbox 356 5733 1920 5810">
    <p class='ocr_par' dir='ltr' id='par_1_102' title="bbox 356 5733 1920 5810">
     <span class='ocr_line' id='line_1_102' title="bbox 356 5733 1920 5810; baseline 0.003 -26"><span class='ocrx_word' id='word_1_715' title='bbox 356 5733 484 5801; x_wconf 68' lang='grc' dir='ltr'>ἡμῖν</span> <span class='ocrx_word' id='word_1_716' title='bbox 518 5733 608 5786; x_wconf 77' lang='grc' dir='ltr'><strong>καὶ</strong></span> <span class='ocrx_word' id='word_1_717' title='bbox 652 5735 1041 5807; x_wconf 83' lang='grc' dir='ltr'>ἡΣαμαρεῖτις</span> <span class='ocrx_word' id='word_1_718' title='bbox 1087 5737 1366 5806; x_wconf 80' lang='grc' dir='ltr'>ἀνεδείχθη</span> <span class='ocrx_word' id='word_1_719' title='bbox 1424 5739 1578 5808; x_wconf 82' lang='grc' dir='ltr'>γυνὴ,</span> <span class='ocrx_word' id='word_1_720' title='bbox 1617 5737 1920 5810; x_wconf 72' lang='grc' dir='ltr'>παχύτερον</span> 
     </span>
    </p>
   </div>
   <div class='ocr_carea' id='block_1_103' title="bbox 2027 4551 3593 4622">
    <p class='ocr_par' dir='ltr' id='par_1_103' title="bbox 2027 4551 3593 4622">
     <span class='ocr_line' id='line_1_103' title="bbox 2027 4551 3593 4622; baseline -0.004 -12"><span class='ocrx_word' id='word_1_721' title='bbox 2027 4570 2152 4610; x_wconf 92' lang='lat' dir='ltr'><strong>cum</strong></span> <span class='ocrx_word' id='word_1_722' title='bbox 2186 4554 2480 4622; x_wconf 88' lang='lat' dir='ltr'><strong>voluptatis</strong></span> <span class='ocrx_word' id='word_1_723' title='bbox 2502 4553 2806 4622; x_wconf 88' lang='lat' dir='ltr'><strong>carnisque</strong></span> <span class='ocrx_word' id='word_1_724' title='bbox 2833 4551 3017 4605; x_wconf 86' lang='lat' dir='ltr'><strong>studio</strong></span> <span class='ocrx_word' id='word_1_725' title='bbox 3042 4552 3334 4606; x_wconf 87' lang='lat' dir='ltr'><strong>duceretur</strong></span> <span class='ocrx_word' id='word_1_726' title='bbox 3359 4552 3554 4604; x_wconf 91' lang='lat' dir='ltr'><strong>mulier</strong></span> <span class='ocrx_word' id='word_1_727' title='bbox 3581 4571 3593 4604; x_wconf 89' lang='lat'>:</span> 
     </span>
    </p>
   </div>
   <div class='ocr_carea' id='block_1_104' title="bbox 2028 4643 3600 4714">
    <p class='ocr_par' dir='ltr' id='par_1_104' title="bbox 2028 4643 3600 4714">
     <span class='ocr_line' id='line_1_104' title="bbox 2028 4643 3600 4714; baseline -0.005 -12"><span class='ocrx_word' id='word_1_728' title='bbox 2028 4663 2136 4702; x_wconf 91' lang='lat' dir='ltr'><strong>non</strong></span> <span class='ocrx_word' id='word_1_729' title='bbox 2177 4655 2359 4700; x_wconf 88' lang='lat' dir='ltr'><strong>tamen</strong></span> <span class='ocrx_word' id='word_1_730' title='bbox 2397 4647 2614 4714; x_wconf 90' lang='lat' dir='ltr'><strong>penitus</strong></span> <span class='ocrx_word' id='word_1_731' title='bbox 2649 4643 2959 4714; x_wconf 88' lang='lat' dir='ltr'><strong>ignoravit:</strong></span> <span class='ocrx_word' id='word_1_732' title='bbox 2996 4654 3129 4712; x_wconf 84' lang='lat' dir='ltr'><strong>puta</strong></span> <span class='ocrx_word' id='word_1_733' title='bbox 3158 4660 3276 4713; x_wconf 85' lang='lat' dir='ltr'><strong>quae</strong></span> <span class='ocrx_word' id='word_1_734' title='bbox 3309 4644 3476 4697; x_wconf 90' lang='lat' dir='ltr'><strong>sciret</strong></span> <span class='ocrx_word' id='word_1_735' title='bbox 3504 4658 3600 4714; x_wconf 87' lang='lat' dir='ltr'><strong>po-</strong></span> 
     </span>
    </p>
   </div>
   <div class='ocr_carea' id='block_1_105' title="bbox 2025 4733 3593 4807">
    <p class='ocr_par' dir='ltr' id='par_1_105' title="bbox 2025 4733 3593 4807">
     <span class='ocr_line' id='line_1_105' title="bbox 2025 4733 3593 4807; baseline -0.003 -15"><span class='ocrx_word' id='word_1_736' title='bbox 2025 4740 2186 4793; x_wconf 88' lang='lat' dir='ltr'><strong>tioris</strong></span> <span class='ocrx_word' id='word_1_737' title='bbox 2207 4738 2469 4792; x_wconf 67' lang='lat' dir='ltr'><strong>doctrina:</strong></span> <span class='ocrx_word' id='word_1_738' title='bbox 2493 4738 2814 4807; x_wconf 89' lang='lat' dir='ltr'><strong>magistrum</strong></span> <span class='ocrx_word' id='word_1_739' title='bbox 2834 4736 3022 4790; x_wconf 88' lang='lat' dir='ltr'><strong>lsraeli</strong></span> <span class='ocrx_word' id='word_1_740' title='bbox 3065 4736 3406 4800; x_wconf 83' lang='lat' dir='ltr'><strong>adfuturum,</strong></span> <span class='ocrx_word' id='word_1_741' title='bbox 3429 4733 3593 4804; x_wconf 87' lang='lat' dir='ltr'><strong>idque</strong></span> 
     </span>
    </p>
   </div>
   <div class='ocr_carea' id='block_1_106' title="bbox 2028 4826 3332 4898">
    <p class='ocr_par' dir='ltr' id='par_1_106' title="bbox 2028 4826 3332 4898">
     <span class='ocr_line' id='line_1_106' title="bbox 2028 4826 3332 4898; baseline -0.005 -13"><span class='ocrx_word' id='word_1_742' title='bbox 2028 4831 2083 4885; x_wconf 92' lang='lat' dir='ltr'><strong>in</strong></span> <span class='ocrx_word' id='word_1_743' title='bbox 2119 4830 2189 4884; x_wconf 90' lang='lat' dir='ltr'><strong>iis</strong></span> <span class='ocrx_word' id='word_1_744' title='bbox 2217 4844 2339 4898; x_wconf 70' lang='lat' dir='ltr'><strong>qua:</strong></span> <span class='ocrx_word' id='word_1_745' title='bbox 2378 4828 2581 4897; x_wconf 88' lang='lat' dir='ltr'><strong>scripta</strong></span> <span class='ocrx_word' id='word_1_746' title='bbox 2612 4833 2770 4882; x_wconf 87' lang='lat' dir='ltr'><strong>erant</strong></span> <span class='ocrx_word' id='word_1_747' title='bbox 2793 4826 2862 4881; x_wconf 89' lang='lat' dir='ltr'><strong>de</strong></span> <span class='ocrx_word' id='word_1_748' title='bbox 2892 4826 3015 4896; x_wconf 92' lang='lat' dir='ltr'><strong>ipso</strong></span> <span class='ocrx_word' id='word_1_749' title='bbox 3043 4826 3332 4880; x_wconf 89' lang='lat' dir='ltr'><strong>inveniret.</strong></span> 
     </span>
    </p>
   </div>
   <div class='ocr_carea' id='block_1_107' title="bbox 2100 5001 2874 5071">
    <p class='ocr_par' dir='ltr' id='par_1_107' title="bbox 2100 5001 2874 5071">
     <span class='ocr_line' id='line_1_107' title="bbox 2100 5001 2874 5071; baseline -0.009 -10"><span class='ocrx_word' id='word_1_750' title='bbox 2100 5006 2194 5071; x_wconf 87' lang='lat' dir='ltr'><strong>lV,</strong></span> <span class='ocrx_word' id='word_1_751' title='bbox 2235 5005 2326 5060; x_wconf 69' lang='lat'><strong>26.</strong></span> <span class='ocrx_word' id='word_1_752' title='bbox 2377 5003 2513 5056; x_wconf 87' lang='lat' dir='ltr'><strong>Dicit</strong></span> <span class='ocrx_word' id='word_1_753' title='bbox 2555 5004 2603 5057; x_wconf 87' lang='lat' dir='ltr'><strong>ei</strong></span> <span class='ocrx_word' id='word_1_754' title='bbox 2659 5001 2816 5057; x_wconf 75' lang='lat' dir='ltr'><strong>Iesus</strong></span> <span class='ocrx_word' id='word_1_755' title='bbox 2856 5018 2874 5054; x_wconf 91' lang='lat'><strong><em>:</em></strong></span> 
     </span>
    </p>
   </div>
   <div class='ocr_carea' id='block_1_108' title="bbox 2032 5108 2222 5152">
    <p class='ocr_par' dir='ltr' id='par_1_108' title="bbox 2032 5108 2222 5152">
     <span class='ocr_line' id='line_1_108' title="bbox 2032 5108 2222 5152; baseline -0.011 -1"><span class='ocrx_word' id='word_1_756' title='bbox 2032 5108 2222 5152; x_wconf 86' lang='lat' dir='ltr'><strong>tecum.</strong></span> 
     </span>
    </p>
   </div>
   <div class='ocr_carea' id='block_1_109' title="bbox 2099 5177 3599 5256">
    <p class='ocr_par' dir='ltr' id='par_1_109' title="bbox 2099 5177 3599 5256">
     <span class='ocr_line' id='line_1_109' title="bbox 2099 5177 3599 5256; baseline -0.009 -12"><span class='ocrx_word' id='word_1_757' title='bbox 2099 5187 2354 5244; x_wconf 88' lang='lat' dir='ltr'><strong>Christus</strong></span> <span class='ocrx_word' id='word_1_758' title='bbox 2396 5187 2638 5256; x_wconf 86' lang='lat' dir='ltr'><strong>seipsum</strong></span> <span class='ocrx_word' id='word_1_759' title='bbox 2679 5185 2908 5239; x_wconf 87' lang='lat' dir='ltr'><strong>rudibus</strong></span> <span class='ocrx_word' id='word_1_760' title='bbox 2963 5194 3018 5239; x_wconf 89' lang='lat' dir='ltr'><strong>et</strong></span> <span class='ocrx_word' id='word_1_761' title='bbox 3077 5183 3346 5254; x_wconf 88' lang='lat' dir='ltr'><strong>imperitis</strong></span> <span class='ocrx_word' id='word_1_762' title='bbox 3401 5177 3599 5233; x_wconf 90' lang='lat' dir='ltr'><strong>animis</strong></span> 
     </span>
    </p>
   </div>
   <div class='ocr_carea' id='block_1_110' title="bbox 2028 5272 3602 5350">
    <p class='ocr_par' dir='ltr' id='par_1_110' title="bbox 2028 5272 3602 5350">
     <span class='ocr_line' id='line_1_110' title="bbox 2028 5272 3602 5350; baseline -0.011 -15"><span class='ocrx_word' id='word_1_763' title='bbox 2028 5281 2176 5335; x_wconf 91' lang='lat' dir='ltr'><strong>haud</strong></span> <span class='ocrx_word' id='word_1_764' title='bbox 2219 5295 2448 5350; x_wconf 90' lang='lat' dir='ltr'><strong>prorsus</strong></span> <span class='ocrx_word' id='word_1_765' title='bbox 2483 5277 2706 5342; x_wconf 90' lang='lat' dir='ltr'><strong>revelat,</strong></span> <span class='ocrx_word' id='word_1_766' title='bbox 2745 5276 2840 5332; x_wconf 88' lang='lat' dir='ltr'><strong>sed</strong></span> <span class='ocrx_word' id='word_1_767' title='bbox 2895 5276 3002 5330; x_wconf 91' lang='lat' dir='ltr'><strong>illis</strong></span> <span class='ocrx_word' id='word_1_768' title='bbox 3052 5274 3292 5328; x_wconf 80' lang='lat' dir='ltr'><strong>maxime</strong></span> <span class='ocrx_word' id='word_1_769' title='bbox 3327 5272 3502 5323; x_wconf 93' lang='lat' dir='ltr'><strong>lucem</strong></span> <span class='ocrx_word' id='word_1_770' title='bbox 3547 5273 3602 5320; x_wconf 88' lang='lat' dir='ltr'><strong>et</strong></span> 
     </span>
    </p>
   </div>
   <div class='ocr_carea' id='block_1_111' title="bbox 2031 5357 3600 5442">
    <p class='ocr_par' dir='ltr' id='par_1_111' title="bbox 2031 5357 3600 5442">
     <span class='ocr_line' id='line_1_111' title="bbox 2031 5357 3600 5442; baseline -0.012 -15"><span class='ocrx_word' id='word_1_771' title='bbox 2031 5373 2396 5442; x_wconf 82' lang='lat' dir='ltr'><strong>cognitionem</strong></span> <span class='ocrx_word' id='word_1_772' title='bbox 2422 5368 2899 5437; x_wconf 67' lang='lat' dir='ltr'><strong>iul”undit,quibus</strong></span> <span class='ocrx_word' id='word_1_773' title='bbox 2921 5365 2988 5420; x_wconf 92' lang='lat' dir='ltr'><strong>ad</strong></span> <span class='ocrx_word' id='word_1_774' title='bbox 3014 5362 3330 5419; x_wconf 90' lang='lat' dir='ltr'><strong>discendum</strong></span> <span class='ocrx_word' id='word_1_775' title='bbox 3358 5357 3600 5412; x_wconf 89' lang='lat' dir='ltr'><strong>studium</strong></span> 
     </span>
    </p>
   </div>
   <div class='ocr_carea' id='block_1_112' title="bbox 2033 5446 3602 5530">
    <p class='ocr_par' dir='ltr' id='par_1_112' title="bbox 2033 5446 3602 5530">
     <span class='ocr_line' id='line_1_112' title="bbox 2033 5446 3602 5530; baseline -0.016 -9"><span class='ocrx_word' id='word_1_776' title='bbox 2033 5471 2118 5520; x_wconf 90' lang='lat' dir='ltr'><strong>est</strong></span> <span class='ocrx_word' id='word_1_777' title='bbox 2157 5463 2418 5524; x_wconf 90' lang='lat' dir='ltr'><strong>alacrius,</strong></span> <span class='ocrx_word' id='word_1_778' title='bbox 2456 5469 2510 5514; x_wconf 87' lang='lat' dir='ltr'><strong>et</strong></span> <span class='ocrx_word' id='word_1_779' title='bbox 2564 5462 2654 5530; x_wconf 90' lang='lat' dir='ltr'><strong>qui</strong></span> <span class='ocrx_word' id='word_1_780' title='bbox 2696 5459 3040 5527; x_wconf 90' lang='lat' dir='ltr'><strong>simplicibus</strong></span> <span class='ocrx_word' id='word_1_781' title='bbox 3099 5448 3453 5507; x_wconf 79' lang='lat' dir='ltr'><strong>sermonibus</strong></span> <span class='ocrx_word' id='word_1_782' title='bbox 3496 5446 3602 5498; x_wconf 90' lang='lat' dir='ltr'><strong>ini-</strong></span> 
     </span>
    </p>
   </div>
   <div class='ocr_carea' id='block_1_113' title="bbox 2033 5537 3657 5622">
    <p class='ocr_par' dir='ltr' id='par_1_113' title="bbox 2033 5537 3657 5622">
     <span class='ocr_line' id='line_1_113' title="bbox 2033 5537 3657 5622; baseline -0.014 -12"><span class='ocrx_word' id='word_1_783' title='bbox 2033 5557 2171 5610; x_wconf 90' lang='lat' dir='ltr'><strong>tium</strong></span> <span class='ocrx_word' id='word_1_784' title='bbox 2206 5555 2328 5609; x_wconf 78' lang='lat' dir='ltr'><strong>iidei</strong></span> <span class='ocrx_word' id='word_1_785' title='bbox 2369 5553 2526 5622; x_wconf 79' lang='lat'><strong>192</strong></span> <span class='ocrx_word' id='word_1_786' title='bbox 2562 5553 2840 5621; x_wconf 86' lang='lat' dir='ltr'><strong>parientes</strong></span> <span class='ocrx_word' id='word_1_787' title='bbox 2869 5548 2935 5602; x_wconf 90' lang='lat' dir='ltr'><strong>ad</strong></span> <span class='ocrx_word' id='word_1_788' title='bbox 2975 5543 3364 5614; x_wconf 83' lang='lat' dir='ltr'><strong>perlectiorum</strong></span> <span class='ocrx_word' id='word_1_789' title='bbox 3416 5537 3605 5605; x_wconf 80' lang='lat' dir='ltr'><strong>cogui—</strong></span> <span class='ocrx_word' id='word_1_790' title='bbox 3652 5550 3657 5555; x_wconf 94' lang='grc'><strong>·</strong></span> 
     </span>
    </p>
   </div>
   <div class='ocr_carea' id='block_1_114' title="bbox 2033 5626 3604 5702">
    <p class='ocr_par' dir='ltr' id='par_1_114' title="bbox 2033 5626 3604 5702">
     <span class='ocr_line' id='line_1_114' title="bbox 2033 5626 3604 5702; baseline -0.018 0"><span class='ocrx_word' id='word_1_791' title='bbox 2033 5649 2236 5702; x_wconf 86' lang='lat' dir='ltr'><strong>tionem</strong></span> <span class='ocrx_word' id='word_1_792' title='bbox 2263 5645 2573 5699; x_wconf 88' lang='lat' dir='ltr'><strong>enituntur.</strong></span> <span class='ocrx_word' id='word_1_793' title='bbox 2607 5640 2792 5692; x_wconf 85' lang='lat' dir='ltr'><strong>Talem</strong></span> <span class='ocrx_word' id='word_1_794' title='bbox 2824 5653 2883 5693; x_wconf 93' lang='lat' dir='ltr'><strong>se</strong></span> <span class='ocrx_word' id='word_1_795' title='bbox 2914 5636 3072 5690; x_wconf 88' lang='lat' dir='ltr'><strong>nobis</strong></span> <span class='ocrx_word' id='word_1_796' title='bbox 3095 5630 3317 5687; x_wconf 81' lang='lat' dir='ltr'><strong>exhibet</strong></span> <span class='ocrx_word' id='word_1_797' title='bbox 3363 5626 3604 5679; x_wconf 82' lang='lat' dir='ltr'><strong>Samari-</strong></span> 
     </span>
    </p>
   </div>
   <div class='ocr_carea' id='block_1_115' title="bbox 2033 5715 3600 5808">
    <p class='ocr_par' dir='ltr' id='par_1_115' title="bbox 2033 5715 3600 5808">
     <span class='ocr_line' id='line_1_115' title="bbox 2033 5715 3600 5808; baseline -0.008 -16"><span class='ocrx_word' id='word_1_798' title='bbox 2033 5748 2179 5806; x_wconf 89' lang='lat' dir='ltr'><strong>tana,</strong></span> <span class='ocrx_word' id='word_1_799' title='bbox 2209 5752 2328 5808; x_wconf 75' lang='lat' dir='ltr'><strong>qua:</strong></span> <span class='ocrx_word' id='word_1_800' title='bbox 2356 5734 2601 5790; x_wconf 80' lang='lat' dir='ltr'><strong>crassius</strong></span> <span class='ocrx_word' id='word_1_801' title='bbox 2628 5731 2845 5798; x_wconf 78' lang='lat' dir='ltr'><strong>quidem</strong></span> <span class='ocrx_word' id='word_1_802' title='bbox 2905 5743 3065 5800; x_wconf 85' lang='lat' dir='ltr'><strong>quam</strong></span> <span class='ocrx_word' id='word_1_803' title='bbox 3119 5740 3215 5793; x_wconf 80' lang='lat' dir='ltr'><strong>par</strong></span> <span class='ocrx_word' id='word_1_804' title='bbox 3253 5726 3372 5775; x_wconf 68' lang='grc' dir='ltr'><strong>ρι’ίδῑ</strong></span> <span class='ocrx_word' id='word_1_805' title='bbox 3417 5715 3600 5770; x_wconf 56' lang='lat' dir='ltr'><strong>milia</strong></span> 
     </span>
    </p>
   </div>
   <div class='ocr_carea' id='block_1_116' title="bbox 2933 5000 3599 5072">
    <p class='ocr_par' dir='ltr' id='par_1_116' title="bbox 2933 5000 3599 5072">
     <span class='ocr_line' id='line_1_116' title="bbox 2933 5000 3599 5072; baseline -0.006 -18"><span class='ocrx_word' id='word_1_806' title='bbox 2933 5000 3045 5072; x_wconf 82' lang='lat' dir='ltr'><strong>Ego</strong></span> <span class='ocrx_word' id='word_1_807' title='bbox 3097 5017 3215 5055; x_wconf 87' lang='lat' dir='ltr'><strong>sum</strong></span> <span class='ocrx_word' id='word_1_808' title='bbox 3271 5002 3361 5070; x_wconf 91' lang='lat' dir='ltr'><strong>qui</strong></span> <span class='ocrx_word' id='word_1_809' title='bbox 3417 5001 3599 5071; x_wconf 86' lang='lat' dir='ltr'><strong>loquor</strong></span> 
     </span>
    </p>
   </div>
  </div>
