4090 6266
459 349 569 408 345
1421 345 1477 404 S.
1510 346 1786 406 CYRILLI
1827 343 2293 400 ALEXANDRINI
2333 341 2654 398 ARCHIEP.
3611 344 3720 404 116

466 470 801 522 theoremata
841 463 1173 529 consideret,
1207 464 1257 520 ei
1281 471 1463 520 tamen
1499 466 1752 520 voluntas
1800 479 1909 519 non
1944 463 2036 516 de-
2065 477 2081 522 Α

2102 495 2112 521 ι
2143 460 2260 531 μὲν,
2279 462 2422 532 ήπερ
2447 461 2635 532 ἐχρῆν,
2662 463 2768 525 τοῖς
2799 460 2967 522 ὅντως
2989 460 3156 526 θείοις
3182 461 3563 536 προσϐαλοῦσα
3589 465 3717 521 θεω-

374 545 390 558 ’
468 557 593 623 fuit,
641 571 742 610 nec
782 554 1118 626 intelligendi
1163 555 1346 611 studio
1374 555 1534 626 plane
1569 557 1769 611 caruit.
1796 555 1989 609 Primul

2142 554 2402 624 ρήμασιν,
2436 551 2496 604 οὑ
2541 553 2647 622 μὴν
2677 551 2771 606 τοῦ
2820 551 3101 622 βούλεσθαί
3129 570 3182 606 τι
3223 554 3318 607 καὶ
3357 547 3500 608 νοεῖν
3529 555 3717 625 ἐξῳκι-

465 648 616 704 enim
650 646 872 702 Christo
904 657 1092 716 potum
1125 649 1329 717 petenti
1364 662 1473 702 non
1500 648 1764 703 continuo
1798 647 2034 717 praebet:

2143 641 2315 711 σμένη
2351 639 2646 704 παντελῶς.
2670 641 2894 712 Πρῶτον
2928 641 3028 713 μὲν
3051 643 3160 714 γὰρ
3181 643 3465 715 αίτήσαντι
3498 646 3575 717 τῷ
3591 649 3719 720 Χρι-

471 740 568 796 sed
606 753 731 794 cum
796 738 1040 803 videret,
1095 750 1359 809 quantum
1427 739 1669 795 humano
1727 755 1879 794 more
1932 738 2041 794 dici

2144 729 2254 799 στῷ
2279 729 2340 782 τὸ
2391 731 2574 795 ποτὸν,
2611 731 2918 802 προχείρως
2943 733 3005 785 οὑ
3047 732 3266 787 δίδωσι·
3295 735 3644 806 παραλύοντα
3662 738 3718 792 δέ

471 840 672 902 potest,
730 847 853 886 eum
910 832 1118 901 patrias
1173 840 1507 887 evertentem
1569 831 2037 896 consuetudines,

2140 835 2280 882 πως,
2312 821 2434 873 ὅσον
2463 815 2597 890 ἦκεν
2640 821 2996 892 ἀνθρωπίνως
3025 825 3198 877 εἰπεῖν
3217 864 3231 888 ,
3263 824 3362 889 τὰς
3395 828 3721 900 ἐπιχωρίως

473 924 929 992 transgressionis
968 924 1121 993 prius
1145 925 1400 994 quaesivit
1431 925 1723 986 rationem,
1761 923 1865 977 hac
1893 924 2044 976 vclut

2142 908 2251 961 τῶν
2313 908 2578 963 Ἰουδαίων
2639 912 2926 979 συνηθείας
2976 913 3392 987 καταθεωμένη,
3439 918 3566 981 τοὺς
3623 917 3722 988 τῆς

473 1015 844 1068 admonitione
865 1013 1155 1070 Dominum
1187 1015 1255 1068 ad
1282 1015 1333 1070 id
1357 1014 1744 1082 explicandum
1775 1013 2040 1067 invitans.

2145 1001 2510 1073 παραϐάσεως
2537 1003 2932 1076 προσανεζήτει
2952 1005 3161 1072 λόγους,
3198 1010 3479 1079 μονονουχὶ
3510 1010 3598 1065 διὰ
3624 1012 3723 1082 τῆς

473 1105 578 1172 Qui
613 1107 671 1161 lit
702 1108 871 1171 enim,
909 1107 1105 1176 inquit,
1133 1114 1192 1160 ut
1225 1117 1304 1171 tu,
1337 1105 1561 1162 Judzeus
1592 1122 1716 1161 cum
1753 1106 1853 1169 sis,
1888 1119 1918 1158 a
1959 1119 2043 1160 me

2145 1092 2506 1166 ὑπομνήσεως
2536 1096 2616 1159 είς
2641 1095 2900 1166 ἐξήγησιν
2931 1098 3169 1152 καλοῦσα
3215 1100 3308 1152 τὸν
3350 1101 3574 1172 Κύριον.
3599 1103 3723 1166 Πῶς

473 1209 661 1270 potum
687 1213 902 1270 quaeras
936 1197 1284 1252 Samaritana
1323 1199 1593 1254 muliere?
1615 1197 1750 1252 Cum
1776 1204 1955 1251 autem
1988 1196 2044 1250 in

2145 1190 2254 1257 γὰρ
2272 1188 2356 1252 σὺ,
2393 1186 2576 1255 φησὶν,
2626 1187 2880 1252 Ἰουδαῖος
2911 1188 2987 1242 ὢν
3014 1190 3146 1261 παρ’
3177 1190 3313 1259 ἐμοῦ
3353 1193 3498 1245 πιεῖν
3533 1194 3723 1257 αίτεῖς,

474 1291 746 1346 sermonis
777 1305 1068 1359 progressu
1099 1290 1419 1358 prophetam
1457 1305 1580 1346 esse
1613 1304 1834 1360 quoque
1873 1287 2046 1343 conii-

2145 1275 2403 1345 γυναικὸς
2452 1275 2836 1347 Σαμαρείτιδος
2888 1275 3090 1351 οὕσηςς
3130 1279 3348 1350 Ἐπειδὴ
3398 1279 3456 1332 δὲ
3487 1281 3581 1333 ’τοὖ
3625 1281 3725 1352 τῆς

474 1387 702 1443 teretur,
733 1382 978 1434 salutare
1025 1379 1130 1433 sibi
1169 1380 1526 1449 pbarmacum
1580 1379 1858 1449 arguendo
1891 1393 2044 1433 com-

2147 1368 2501 1439 κατηχήσεως
2526 1369 2806 1440 προῖόντος
2827 1370 3014 1439 λόγου,
3035 1372 3132 1425 καὶ
3152 1375 3438 1444 προφήτην
3459 1373 3725 1444 ὡμολόγει

473 1483 706 1538 parans,
750 1469 896 1523 aliud
928 1468 1243 1524 sciscitatur
1299 1468 1547 1523 discendi
1601 1469 1895 1532 desiderio,
1958 1467 2046 1524 bis

2148 1454 2286 1511 εἶναι
2321 1459 2538 1523 λοιπὸν,
2570 1460 2861 1531 φάρμακον
2909 1463 2988 1524 είς
3040 1462 3314 1533 σωτηρίαν
3363 1462 3605 1517 λαϐοῦσα
3636 1463 3727 1516 τὸν

477 1559 657 1614 verbis
691 1576 706 1613 :
745 1579 764 1610 ι
808 1558 1000 1614 Patres
1048 1561 1222 1614 nostri
1264 1560 1536 1615 in-monte
1585 1561 1688 1615 boc
1720 1559 2043 1626 adorarunt,

2149 1547 2390 1618 ἔλεγχον,
2423 1549 2617 1619 ἑτέραν
2662 1550 2812 1620 αὑτῷ
2860 1552 3104 1622 προσῆγε
3141 1553 3240 1622 τὴν
3275 1551 3467 1606 πεῦσιν
3497 1553 3729 1620 λέγουσα

475 1660 530 1705 et
554 1665 653 1704 vos
695 1650 882 1706 dicitis
921 1665 1045 1706 esse
1089 1652 1266 1704 locum
1294 1649 1674 1720 Jerosolymis,
1715 1652 1769 1705 in
1804 1665 1913 1720 quo
1953 1649 2050 1705 ad-

2152 1639 2493 1709 φιλομαθῶς·
2537 1659 2555 1691 ι
2597 1641 2660 1694 Οί
2717 1641 2954 1711 πατέρες
2992 1643 3148 1712 ἡμῶν
3186 1645 3244 1695 ἐν
3287 1643 3367 1713 τῷ
3408 1644 3526 1714 ὄρει
3561 1643 3730 1712 τούτῳ

476 1754 638 1794 orare
680 1747 914 1809 oportet.
978 1758 997 1792 ι
1056 1737 1162 1793 Sed
1223 1754 1443 1794 rursum
1500 1739 1694 1794 didicit
1755 1748 2091 1809 venturum,

2114 1800 2120 1809 _
2151 1729 2584 1801 προσεκύνησαν,
2614 1732 2708 1784 καὶ
2732 1732 2886 1800 ὑμεῖς
2911 1731 3119 1800 λέγετε,
3155 1732 3236 1786 ὅτι
3269 1733 3729 1803 ἐνῚεροσολύμοις

477 1830 826 1902 quandoque,
870 1829 980 1884 imo
1007 1843 1139 1883 vero
1162 1828 1274 1898 jam
1303 1830 1498 1883 adesse
1530 1837 1767 1898 tempus,
1797 1843 1906 1897 quo
1932 1828 2048 1883 veri
2078 1795 2092 1851 Ῑ

2118 1804 2122 1843 ί
2152 1795 2297 1875 ἐστὶν
2321 1820 2350 1874 ό
2375 1795 2722 1888 τόπος,ὑ’όπου
2741 1795 3062 1886 προσκυνεῖν
3092 1795 3190 1877 δεῖ.
3208 1843 3225 1876 ι
3269 1795 3733 1904 Ἀλλ⁹ἐδιδάσκετο

480 1921 800 1976 adoratores
833 1935 944 1975 non
998 1920 1238 1990 amplius
1275 1923 1329 1974 in
1360 1919 1594 1974 terrenis
1635 1920 1914 1974 montibus
1952 1919 2052 1974 ad-

2151 1913 2309 1968 τοῦτο
2337 1915 2519 1979 πάλιν,
2558 1914 2634 1978 ὡς
2665 1915 2784 1986 ἥξει
2815 1916 2964 1980 ποτὲ,
3003 1914 3206 1985 μᾶλλον
3237 1915 3294 1969 δὲ
3322 1916 3422 1987 ήδη
3465 1917 3732 1987 πάρεστιν

479 2012 689 2067 oraturi
722 2018 872 2074 sunt,
890 2012 984 2066 sed
1008 2013 1256 2065 altiorem
1278 2019 1332 2064 et
1359 2010 1658 2079 spiritalem
1687 2009 1797 2064 Deo
1823 2018 1877 2064 et
1903 2008 2052 2064 Patri

2152 2006 2182 2058 ὸ
2220 2007 2445 2078 καιρὸς,
2485 2005 2606 2060 καθ’
2653 2006 2712 2060 ὃν
2763 2007 2812 2059 οἱ
2863 2006 3106 2075 ἀληθινοὶ
3152 2009 3529 2078 προσκυνηταὶ
3563 2007 3626 2060 τὸ
3672 2008 3733 2062 ἐν

480 2105 687 2158 cultum
715 2103 967 2158 delaturi.
1002 2102 1099 2155 Illa
1132 2117 1261 2157 vero
1292 2101 1384 2154 uni
1411 2100 1631 2156 Christo
1667 2115 1968 2171 congruere
1999 2103 2052 2157 id

2151 2095 2464 2168 opsecret;
2513 2097 2605 2149 ἐπὶ¹
2651 2096 2756 2164 γῆς
2803 2099 3128 2167 προσκυνεῖν
3175 2097 3599 2167 παρωσάμενοι,
3632 2097 3733 2167 τὴν

479 2195 687 2264 optime
725 2199 997 2254 statuens,
1047 2199 1102 2246 et
1151 2191 1436 2246 meliorem
1474 2190 1846 2259 cognitionem
1905 2191 2054 2247 illius

2155 2187 2491 2258 ὑψηλοτέραν
2529 2188 2622 2241 καὶ
2671 2189 2729 2241 ἐν
2777 2187 3048 2257 πνεύματι
3087 2188 3341 2258 λατρείαν
3385 2188 3732 2259 προσοίσουσι

481 2287 820 2356 temporibus
868 2284 1177 2339 atlribuens
1208 2301 1235 2337 .:
1276 2301 1297 2334 ι
1356 2280 1610 2349 Scimus,
1651 2281 1872 2350 inquit,
1924 2283 2054 2352 quia

2154 2277 2232 2348 τῷ
2270 2276 2388 2347 Θεῷ
2422 2278 2518 2331 καὶ
2548 2277 2746 2348 Πατρί.
2767 2277 2930 2348 Μόνῳ
2967 2279 3025 2331 δὲ
3054 2278 3286 2349 πρέπειν
3314 2279 3574 2333 ἀναθεῖσα
3613 2279 3736 2334 κάλ-

483 2376 714 2432 Messias
746 2377 912 2439 venit,
947 2375 1040 2445 qui
1072 2373 1278 2428 dicitur
1334 2371 1612 2428 Christus.
1671 2372 1806 2427 Cum
1844 2374 2056 2428 venerit

2155 2367 2312 2421 λιστια
2351 2367 2429 2438 τῷ
2456 2367 2696 2439 Χριστῷ,
2731 2368 2825 2421 καὶ
2851 2368 2952 2438 τὴν
2985 2369 3078 2422 ἐπὶ
3106 2371 3219 2432 τοῖς
3261 2369 3510 2439 ἀμείνοσι
3535 2368 3735 2439 γνῶσιν

481 2468 591 2529 ille,
623 2467 972 2522 annuntiabit
999 2465 1159 2520 nobis
1189 2465 1392 2518 omnia.
1432 2482 1452 2516 ι
1505 2463 1698 2520 Cernis
1751 2479 1858 2534 quo
1897 2472 2055 2535 pacto

2155 2461 2266 2522 τοῖς
2304 2461 2509 2514 ἐκείνου
2539 2459 2752 2530 χρόνοις
2782 2460 3091 2531 τηρήσασα,
3119 2479 3138 2512 ι
3165 2459 3422 2530 Οἴδαμεν,
3457 2461 3735 2532 φησὶν,ὂτι

477 2557 498 2627 ξ
509 2572 591 2611 am
615 2566 867 2626 prompta
896 2564 980 2612 est
1010 2555 1078 2609 ad
1111 2554 1444 2611 credendum
1476 2555 1823 2620 muliercula,
1851 2563 1906 2610 et
1934 2555 2057 2625 qui-

2157 2551 2402 2614 Μεσσίας
2448 2550 2666 2622 ἔρχεται
2699 2553 2728 2604 ό
2780 2551 3072 2621 λεγόμενος
3099 2552 3353 2623 Χριστός.
3385 2554 3552 2606 Ὅταν
3608 2550 3734 2623 ἔλθῃ

482 2645 712 2700 busdam
739 2645 898 2715 quasi
929 2644 1191 2715 gradibus
1241 2659 1308 2698 ex
1339 2642 1526 2712 parvis
1556 2643 1954 2712 qumstionibus
1988 2642 2056 2697 ad

2157 2644 2385 2708 ἐκεῖνος,
2419 2642 2712 2711 ἀναγγελεῖ
2747 2644 2877 2711 ἡμῖν
2908 2643 3103 2697 πάντα.
3129 2663 3147 2695 ι
3181 2643 3346 2715 Ὁρᾷς
3377 2645 3526 2707 ὅπως
3545 2643 3646 2714 ἤδη
3677 2643 3737 2696 τὸ

485 2737 860 2792 sublimiorem
882 2743 1086 2793 statum
1105 2736 1322 2791 demum
1349 2735 1588 2805 prosilit.
1616 2735 1806 2804 Opera:
1822 2734 2054 2804 pretium

2157 2735 2377 2804 γύναιον
2411 2734 2674 2807 εὑτρεπὲς
2709 2736 2790 2799 είς
2823 2734 2883 2788 τὸ
2916 2735 3190 2791 πιστεύειν
3219 2737 3487 2806 ἐγίγνετο,
3518 2737 3613 2791 καὶ
3634 2734 3738 2789 ὦσ-

481 2837 603 2884 erat
634 2830 800 2901 igitur
844 2837 906 2884 ut
966 2829 1015 2885 ei
1070 2829 1419 2899 planioribus
1475 2828 1708 2883 vocibus
1756 2826 2058 2896 explicaret

2159 2844 2266 2897 περ
2319 2829 2439 2882 τινὰ
2491 2826 2718 2898 βαθμῶν
2768 2827 3134 2882 ἀναϐαίνουσα
3189 2828 3357 2895 θέσιν,
3407 2828 3474 2882 ἐκ
3528 2827 3738 2899 μικρῶν

483 2919 632 2991 quod
668 2920 904 2990 petebat,
959 2926 1014 2975 et
1058 2919 1204 2989 quod
1254 2919 1309 2973 in
1365 2919 1571 2987 optima
1608 2932 1704 2986 spe
1756 2915 2057 2986 repositum

2160 2920 2529 2990 ἐρωτημάτων
2580 2921 2662 2984 είς
2707 2920 3046 2992 ὑψηλοτέραν
3103 2921 3215 2986 ἕξιν
3261 2920 3533 2992 ἀναπηδᾷ.
3592 2920 3740 2975 Ἔδει

483 3019 625 3076 crat,
666 3012 736 3066 ob
769 3012 962 3067 oculos
1015 3011 1066 3067 ei
1119 3018 1349 3080 poneret
1395 3009 1668 3064 dicendo:
1711 3028 1730 3060 ι
1774 3006 1887 3077 Ego
1936 3021 2058 3062 sum

2159 3009 2339 3063 τοίνυν
2365 3010 2502 3081 αὑτῇ
2527 3011 2896 3081 τρανωτέραις
2921 3012 3017 3082 μὲν
3042 3011 3142 3083 ήδη
3169 3014 3372 3080 φωναῖς
3393 3011 3742 3081 ἀπογυμνοῦν

481 3102 581 3171 qui
616 3102 812 3171 loquor
846 3108 1049 3156 tecum.
1089 3116 1110 3150 ι
1145 3099 1229 3153 llli
1277 3113 1408 3170 ergo
1462 3098 1664 3168 quibus
1714 3095 1949 3152 docendi
2002 3096 2096 3174 in‘

2159 3102 2222 3155 τὸ
2273 3101 2626 3172 ποθούμενον,
2660 3103 2720 3156 τὺ
2748 3103 2804 3156 δὲ
2835 3105 2894 3156 ἐν
2940 3103 3123 3157 ἐλπίσι
3166 3102 3472 3174 σωζόμενον
3516 3103 3744 3170 ἀγαθαῖς

488 3149 581 3171 .,--
617 3149 802 3171 --τ-η
849 3149 1049 3156 ---___--
1091 3149 1100 3150 κ
1282 3149 1401 3170 --0-
1469 3149 1660 3168 γῆν-
2005 3149 2052 3150 η

488 3191 735 3248 ccclesiis
785 3206 919 3246 cura
947 3200 1031 3246 est
1073 3191 1411 3254 concredita,
1457 3189 1754 3261 neaphytis
1782 3150 2103 3244 ruminari‘

2159 3149 2517 3264 παρατιθέναι
2551 3149 2736 3247 λοίπὸν
2777 3195 2836 3248 ἐν
2878 3194 2998 3265 ὄψει
3031 3149 3273 3265 λέγοντα,
3406 3195 3550 3264 Ἐγώ
3564 3149 3743 3265 ⁶εἰμιὺ

487 3281 676 3338 sinant
706 3282 1013 3338 doctrinam
1042 3281 1600 3351 catecheseos,'atque
1627 3281 1700 3334 ita
1736 3279 1954 3336 demum
1980 3279 2062 3336 eis

2159 3285 2335 3340 λαλῶν
2359 3301 2461 3338 σοι.
2488 3302 2507 3335 ι
2558 3285 2994 3355 Ἐπιτρεπόντων
3026 3286 3318 3357 τοιγαροῦν
3341 3289 3452 3350 τοῖς
3470 3285 3741 3356 νεήλυσιν,

486 3375 671 3431 Iesum
713 3375 1030 3440 ostendant,
1060 3389 1090 3429 a
1131 3375 1317 3445 parvis
1353 3373 1532 3428 initiis
1567 3373 1636 3427 ad
1683 3371 2063 3442 perfectiorem

2160 3377 2210 3430 οἱ
2232 3375 2292 3428 τὸ
2317 3374 2693 3429 διδασκαλικὸν
2716 3375 2774 3429 ἐν
2794 3375 3114 3446 ἐκκλησίαις
3141 3377 3356 3446 ἔχοντες
3382 3375 3741 3447 ἐπιτήδευμα.

490 3466 613 3521 lidei
641 3468 1012 3536 cognitionem
1040 3480 1136 3521 eos
1166 3466 1486 3521 evehentes.
1520 3464 1627 3531 Qui
1654 3473 1838 3520 autem
1872 3464 2065 3519 alieni-

2160 3467 2252 3521 τὺν
2293 3467 2395 3537 τῆς
2447 3468 2806 3536 κατηχήσεως
2854 3467 3275 3537 ἀναμασσᾶσθαι
3314 3467 3492 3536 λόγον,
3522 3466 3664 3521 οὕτω
3685 3481 3743 3518 τε

486 3571 682 3626 genam
719 3556 966 3626 adeoque
1014 3557 1359 3627 proselytum
1411 3556 1657 3625 rapiunt,
1703 3565 1756 3611 et
1788 3555 1845 3610 in
1883 3555 2066 3610 taber-

2161 3559 2344 3612 λοιπὸν
2375 3557 2834 3612 καταδεικνύντων
2867 3559 3050 3623 αὑτοῖς
3074 3560 3164 3614 τὸν
3200 3558 3430 3630 Ἰησοῦν,
3452 3560 3517 3614 ἐκ
3546 3557 3743 3629 μικρᾶς

488 3646 748 3700 naculum
795 3645 1028 3701 interius
1083 3645 1349 3711 inferunt,
1397 3646 1678 3714 ill0tisque
1712 3645 1893 3699 adhuc
1943 3659 2062 3698 ma-

2165 3648 2542 3718 παιδαγωγίας
2594 3648 2686 3702 ἐπὶ
2737 3649 2836 3720 τὴν
2895 3651 3284 3721 ἐντελεστέραν
3348 3650 3450 3720 τῆς
3510 3650 3745 3712 πίστεως

492 3736 654 3791 nibus
675 3751 874 3807 agnum
903 3736 1214 3792 sacriﬁcare
1238 3737 1587 3807 permittunt,
1611 3744 1778 3806 atque
1801 3737 2064 3808 dignitate

2163 3738 2587 3803 ἀνασιϐάζοντες
2611 3737 2832 3808 γνῶσιν.
2858 3740 2921 3793 Oi
2955 3740 3011 3794 δέ
3050 3740 3142 3793 τὸν
3172 3740 3439 3811 ἀλλογενῆ
3483 3741 3580 3794 καὶ
3605 3737 3744 3794 οὕτω

490 3826 821 3882 sacerdotali
855 3827 1100 3882 nondum
1147 3829 1202 3882 in
1232 3828 1338 3883 [ide
1365 3827 1641 3883 eruditum
1673 3839 1962 3894 coronant,
1995 3830 2063 3886 ad

2167 3831 2506 3904 προσήλυτον
2553 3829 2926 3902 ἁρπάζοντες,
2956 3831 3051 3884 καὶ
3100 3833 3308 3902 σκηνῆς
3361 3831 3458 3902 μὲν
3485 3833 3616 3890 εῐσω
3648 3831 3744 3899 τῆς

490 3930 717 3984 magnas
773 3917 1021 3972 rationes
1051 3917 1362 3972 reddendas
1397 3917 1456 3972 in
1483 3918 1572 3972 die
1594 3917 1791 3988 judicii
1823 3933 1884 3974 se
1921 3934 2063 3990 prae-

2165 3922 2441 3994 ἐσωτέρας
2471 3921 2805 3992 ποιούμενοι,
2836 3921 2984 3974 θύειν
3009 3921 3066 3974 δὲ
3093 3921 3340 3985 ἀνίπτοις
3368 3921 3448 3974 ἐτι
3474 3919 3632 3990 χερσὶ
3658 3917 3746 3972 τὸν

494 4015 703 4077 parent.
738 4006 852 4064 Hoc
879 4008 1026 4064 enim
1056 4009 1192 4063 mihi
1220 4009 1304 4064 vel
1334 4009 1541 4065 dixisse
1570 4010 1707 4065 satis
1739 4017 1847 4066 est.

2168 4015 2342 4085 ἀμνὸν
2367 4015 2772 4085 ἐπιτρέποντες,
2801 4013 2894 4066 καὶ
2914 4012 2992 4083 τῷ
3012 4013 3111 4082 τῆς
3142 4013 3442 4084 ἱερωσύνης
3485 4009 3745 4065 καταστέρ

491 4118 682 4172 φοντες
711 4102 981 4174 ἀξιώματι
1018 4104 1109 4158 τὸν
1150 4103 1302 4158 οὔπω
1332 4104 1742 4177 κατηχούμενον
1765 4145 1780 4172 ,
1804 4107 1940 4179 πρὸς
1973 4110 2240 4180 μεγάλους
2301 4115 2360 4166 ἐν
2412 4111 2599 4184 ἡμέρᾳ
2664 4111 2899 4182 κρίσεως
2973 4106 3474 4179 εὑτρεπιζέσθωσαν
3535 4105 3748 4174 λόγους.

503 4195 688 4267 Ἀρκεῖ
725 4195 835 4268 γάρ
869 4214 958 4268 μοι
987 4197 1146 4251 τοῦτο
1191 4197 1285 4252 καὶ
1321 4198 1480 4270 μόνον
1508 4201 1704 4255 εἰπεῖν.

531 4289 686 4361 193
716 4289 805 4355 IV,
834 4291 924 4348 27.
965 4291 1030 4346 Et
1058 4293 1306 4348 continuo
1334 4304 1581 4349 venerunt
1609 4294 1860 4364 discipuli
1895 4297 2030 4366 ejus.

1905 4297 2030 4366 ejus.
2244 4295 2354 4350 Καὶ
2383 4294 2482 4348 ἐπὶ
2513 4292 2702 4355 τούτῳ
2733 4286 2926 4360 ἦλθον
2951 4291 3006 4343 οἱ
3028 4285 3286 4357 μαθηταὶ
3312 4285 3520 4340 αὐτοῦ.

563 4379 753 4435 Finem
788 4384 974 4437 attulit
1020 4385 1299 4456 colloquio
1335 4399 1459 4440 cum
1505 4386 1736 4442 muliere
1769 4387 2070 4459 discipulo-

2246 4384 2413 4447 Τέλος
2441 4381 2548 4435 τῶν
2584 4379 2722 4450 πρὸς
2761 4379 2860 4448 τὴν
2888 4379 3118 4446 γυναῖκα
3161 4376 3357 4444 λόγων,
3382 4377 3415 4446 ἡ
3444 4373 3552 4427 τῶν
3581 4373 3747 4444 μαθη-

491 4487 616 4526 rum
651 4476 962 4542 praesentia.
1011 4472 1147 4530 Silet
1178 4475 1326 4530 enim
1374 4476 1639 4546 deinceps
1688 4477 1966 4538 Christus,
2015 4487 2106 4564 et:

2133 4515 2145 4561 γ
2171 4474 2281 4529 τῶν
2313 4471 2608 4544 παρουσία.
2635 4468 2825 4537 Σιωπᾷ
2851 4466 2960 4538 γὰρ
2988 4465 3170 4518 λοιπὸν
3196 4466 3224 4518 ὁ
3259 4463 3511 4564 Χριστὸς,
3548 4463 3641 4564 καὶ
3661 4461 3748 4564 τὸν

493 4563 670 4617 calida
722 4563 848 4619 ﬁdei
897 4565 1138 4621 scintilla
1172 4565 1536 4623 Samaritanis
1572 4567 1766 4632 indita,
1810 4581 2066 4636 magnum
2103 4551 2108 4564 ‘

2133 4551 2142 4561 ’
2177 4565 2378 4638 θερμὸν
2420 4565 2518 4632 τῆς
2560 4560 2797 4622 πίστεως
2838 4556 3111 4628 σπινθῆρα
3159 4554 3524 4626 Σαμαρείταις
3554 4551 3748 4615 ἐνθεὶς.

495 4656 698 4710 excitat
731 4657 1069 4714 incendium.
1113 4657 1225 4712 Hoc
1255 4658 1418 4714 modo
1447 4659 1776 4728 capiendum
1815 4669 1899 4715 est
1923 4659 2070 4729 quod

2176 4656 2462 4727 ἐπιτρέπει
2509 4655 2628 4715 ταῖς
2677 4650 2945 4704 ἐνδόσεσιν
2998 4649 3078 4711 εἰς
3137 4645 3380 4717 μεγάλην
3427 4642 3749 4709 ἐξάπτεσθαι

497 4745 568 4800 ab
603 4749 722 4817 ipso
748 4749 984 4804 dicitur:
1019 4767 1038 4800 ι
1084 4749 1269 4821 Ignem
1305 4750 1694 4808 veni-mittere
1734 4750 1790 4806 in
1837 4759 2066 4816 terram,

2177 4750 2371 4821 φλόγα.
2424 4745 2582 4798 Οὕτω
2639 4744 2852 4814 νοήσεις
2908 4739 2968 4794 τὸ
3028 4738 3157 4810 παρ’
3218 4737 3384 4791 αὑτοῦ
3444 4736 3747 4806 λεγόμενον*

499 4846 555 4894 et
579 4838 714 4908 quid
740 4841 864 4896 volo
901 4841 1008 4898 nisi
1037 4849 1097 4896 ut
1124 4844 1316 4899 ardeat
1348 4843 1408 4897 '?
1442 4862 1463 4896 ι
1751 4883 1768 4904 .

2184 4862 2202 4894 ι
2233 4840 2350 4911 Πῦρ
2385 4834 2549 4910 ἦλθον
2579 4834 2761 4905 βαλεῖν
2799 4831 2892 4885 ἐπὶ
2927 4831 3028 4902 τὴν
3057 4831 3180 4901 γῆν,
3215 4829 3312 4884 καὶ
3333 4829 3386 4881 τί
3411 4827 3550 4882 θέλω
3579 4828 3628 4880 εί
3653 4826 3749 4897 ήδη

1426 4958 1431 4973 ι
1485 4963 1491 4975 ι
2178 4933 2390 4980 ἀνήφθη
2411 4947 2424 4980 :
2463 4946 2481 4980 ι

570 5010 665 5079 ιν,
690 5011 780 5069 27.
815 5011 886 5067 Et
909 5015 1248 5072 mirabantur
1275 5019 1404 5088 quia
1433 5036 1553 5074 cum
1578 5021 1798 5076 muliere
1829 5020 2073 5091 quueba-
2178 4954 2185 4984 ⁴

2259 4933 2270 4950 .
2411 4947 2423 4959 ,
2463 4946 2481 4980 ι

1968 5020 2073 5075 ιὺα-
2178 4929 2740 5090 ἀνέἰῖηέθαύμαζον,
2765 5016 2854 5071 ὅτι
2875 5013 3027 5085 μετά
3046 5010 3332 5082 γυναικὸς
3356 5009 3583 5065 ἐλάλει.

498 5112 613 5158 ων.

573 5193 813 5250 Rursum
886 5194 1144 5266 discipuli
1207 5197 1512 5256 Salvatoris
1567 5199 1963 5269 benignitatem
2025 5208 2080 5256 et

2244 5193 2728 5263 Καταπλήττονται
2776 5187 2939 5243 πάλιν
2984 5187 3036 5239 oi
3080 5185 3318 5259 μαθηταὶ
3365 5184 3461 5238 τοῦ
3507 5184 3753 5255 Σωτῆρος

499 5287 892 5344 demissionem
935 5286 1083 5340 illam
1122 5291 1341 5343 attoniti
1403 5292 1696 5345 mirantur.
1753 5287 1873 5344 Non
1927 5288 2073 5345 enim

2175 5289 2276 5360 τὴν
2312 5285 2626 5358 ἡμερότητα
2653 5321 2668 5347 ,
2701 5283 2796 5335 καὶ
2829 5281 2920 5332 τὸν
2975 5278 3265 5348 ὑφειμένον
3309 5271 3755 5344 ἀποθαυμάζουσι

504 5387 565 5434 ut
592 5380 845 5436 nonnulli
875 5378 1169 5435 immodice
1203 5380 1466 5451 religione
1493 5380 1704 5439 eil'erati
1733 5381 2072 5452 colloquium

2180 5380 2398 5451 τρόπον,
2436 5376 2511 5429 Οὑ
2550 5373 2658 5443 γὰρ
2686 5372 2750 5443 δὴ
2780 5370 2923 5425 κατά
2947 5387 3101 5433 τινας
3135 5369 3244 5423 τῶν
3273 5369 3358 5422 ἐπ’
3390 5367 3646 5437 ἀκράτοις
3669 5365 3757 5418 εὑ-

502 5484 630 5524 cum
685 5473 918 5528 muliere
969 5478 1279 5538 aversatur,
1331 5473 1426 5530 sed
1475 5475 1532 5530 in
1579 5489 1769 5531 omnes
1809 5473 2075 5546 expandit

2179 5469 2423 5533 λαὸείαις
2469 5465 2828 5538 ἠγριωμένων
2850 5503 2864 5526 ,
2917 5462 3015 5534 τὴν
3065 5461 3201 5533 πρὸς
3246 5461 3480 5528 γυναῖκα
3529 5454 3756 5546 διάλεξιν

506 5573 660 5615 suam
684 5561 1183 5630 mansuetudinem,
1207 5577 1382 5634 eaque
1411 5581 1472 5623 re
1500 5565 1739 5624 ostendit
1774 5545 1921 5636 quod
1946 5581 2070 5622 cum

2182 5560 2532 5633 ἀποφρίττειν
2565 5557 2724 5626 ἀξιοῖ,
2761 5554 2985 5621 ἐξαπλοῖ
3029 5552 3085 5607 δὲ
3115 5555 3193 5617 είς
3231 5551 3480 5634 ἅπαντας
3508 5548 3607 5618 τὴν
3637 5545 3757 5618 φιλ-

586 5721 607 5750 ⁸
640 5733 758 5790 Luc
815 5755 910 5802 xu,
933 5739 1020 5794 49.
