4090 6266
319 333 424 388 517

1341 334 1407 389 IN
1445 331 1734 390 JOANNIS
1773 315 2230 398 EVANGELIUM
2269 339 2496 397 1.18.".

3479 342 3584 398 318

315 442 673 514 ανθρωπίαν,
699 441 793 496 καὶ
838 442 903 526 δι’
938 439 1105 495 αὐτοῦ
1139 442 1374 496 δεικνύει
1412 443 1507 498 τσῦ
1553 445 1874 516 πράγματος

1975 497 1978 507 .
2007 465 2151 507 unus
2194 452 2422 508 omnino
2459 453 2534 509 sit
2574 451 2756 522 opifes
2791 465 2902 507 non
2947 451 3083 508 solis
3111 451 3247 508 viris
3280 454 3449 510 vitam
3482 471 3584 526 per

313 534 399 587 δτι
442 531 510 603 δὴ
540 532 759 596 πάντως
811 524 891 595 εἷς
922 531 1181 601 ὑπάρχων
1211 531 1565 604 δημιουργὸς,
1607 533 1668 587 οὑ
1720 534 1900 604 μόνοις

314 624 549 696 ἀνδράσι
582 625 683 693 τὴν
721 623 808 677 διὰ
850 623 1085 688 πίστεως
1115 625 1381 695 ἀπονέμει
1433 624 1609 698 ζωὴν,
1642 626 1778 680 ἀλλὰ
1805 627 1902 681 καὶ

314 715 381 769 τδ
412 717 550 786 θῆλυ
594 715 729 786 πρὸς
773 715 945 786 αὐτὴν
989 715 1282 786 σαγηνεύει
1328 716 1504 784 γένος.
1558 717 1900 788 Κερδαινέτω

318 805 487 861 πάλιν
534 808 629 861 καὶ
672 805 826 860 τοῦτο
879 807 1017 877 πρὸς
1067 807 1438 878 ὑπογραμμὸν
1470 808 1498 860 ὁ
1527 807 1793 862 διδάσκων
1840 811 1899 863 ἐν

319 894 656 965 ἐκκλησίαις,
700 896 793 948 καὶ
840 895 914 966 μὴ
951 896 1323 967 παραιτεῖσθω
1355 898 1619 962 γυναῖκας
1643 896 1895 966 ὠφελεῖν.

321 987 394 1040 Οὐ
432 985 536 1056 γάρ
573 986 838 1055 θελήμασι
868 989 982 1049 τοῖς
1021 987 1192 1052 ἰδίοις,
1223 986 1359 1040 ἀλλὰ
1389 989 1456 1057 τῇ
1483 987 1576 1040 τοῦ
1605 987 1898 1060 κηρύγμα-

316 1094 404 1139 τος
436 1075 595 1146 χρείᾳ
620 1075 701 1129 δεῖ
729 1076 949 1140 πάντως
979 1078 1310 1131 ἀκολουθεῖν.

383 1167 592 1234 οὐδεὶς
635 1167 844 1237 μέντοι
895 1165 1027 1224 εἷπε
1050 1185 1064 1200 ⁶
1113 1170 1174 1225 Τί
1209 1169 1422 1237 λαλεῖς
1444 1212 1460 1237 ,
1494 1170 1534 1239 ἦ
1586 1171 1646 1225 τί
1705 1170 1896 1239 ζητεῖς

299 1258 426 1326 μετ’
449 1255 643 1325 αὐτῆς
668 1273 688 1320 ;

374 1347 652 1417 Μαθητῶν
679 1344 747 1419 ἦν
773 1347 933 1421 ἔργον
969 1350 1375 1422 ἐπιστημόνων,
1400 1352 1496 1406 καὶ
1520 1352 1620 1424 τὴν
1651 1352 1894 1423 πρέπου-

305 1455 404 1492 σαν
450 1439 530 1507 τῷ
586 1439 894 1510 διδασκάλῳ
942 1441 1109 1512 τιμὴν
1152 1441 1476 1513 περισώζειν
1522 1443 1740 1497 εἰδότων
1764 1484 1778 1508 ,
1817 1442 1892 1516 μὴ

305 1532 622 1602 περιέργοις
653 1533 988 1602 ἐρωτήσεσιν
1023 1535 1116 1600 εἰς,
1137 1534 1400 1598 ἐκτύπους
1435 1535 1611 1589 δοκεῖν
1637 1536 1894 1598 ὑπονοίας

303 1619 634 1689 ἀποδημεῖν,
672 1621 754 1675 ὅτι
791 1621 932 1691 μετὰ
964 1624 1223 1689 γυναικὸς
1265 1623 1465 1688 ἐλάλει,
1492 1625 1631 1690 αἰδοῖ
1660 1627 1717 1680 δὲ
1751 1627 1891 1697 μᾶλ-

301 1709 416 1772 λον,
439 1710 537 1762 καὶ
567 1711 717 1781 φόϐῳ
748 1711 846 1782 τὴν
894 1712 994 1782 μὲν
1019 1714 1269 1782 γλῶτταν
1298 1716 1502 1786 εἴργειν
1549 1717 1774 1772 ὀδόντων
1809 1720 1890 1770 ἐν·

2004 540 2164 596 ﬁdem
2193 541 2406 608 tribuit,
2445 542 2552 597 sed-
2580 551 2635 596 et
2660 541 2956 598 femineum
2987 558 3160 613 genus
3193 544 3260 598 ad
3293 559 3413 600 eam
3440 561 3580 601 con-

2001 633 2187 688 vertit.
2247 630 2364 687 Hoc
2395 633 2498 688 sibi
2531 649 2727 689 rursus
2760 635 3070 704 exemplum
3115 635 3311 690 habeat
3343 635 3581 704 quicun-

2001 738 2108 792 que
2143 723 2388 778 doctoris
2417 732 2602 794 partes
2633 724 2745 794 agit
2783 725 2836 778 in
2874 726 3148 789 ecclesiis,
3189 740 3289 781 nec
3316 727 3581 797 prodesse

2000 821 2198 868 renuat
2252 815 2602 871 mulieribus.
2650 815 2768 871 Non
2815 817 2961 871 enim
3006 817 3344 872 voluntatem
3397 832 3576 888 suam,

1999 903 2096 960 sed
2132 905 2543 975 praedicationis
2576 908 2870 964 utilitatem
2902 909 3059 980 sequi
3087 916 3325 979 oportet.

2069 1170 2160 1237 ιν,
2197 1171 2288 1226 27.
2320 1158 2489 1226 Nemo
2519 1183 2695 1228 tamen
2719 1174 2896 1229 dixit:
2935 1174 3078 1242 Quid
3117 1177 3310 1250 quaeris
3339 1184 3430 1229 aut
3448 1175 3576 1246 quid

1998 1264 2224 1332 loqueris
2249 1281 2366 1317 cum
2399 1265 2494 1318 illa
2513 1267 2539 1320 Ρ

2065 1355 2426 1412 Prudentium
2460 1357 2860 1428 discipulorum
2911 1367 3052 1425 erat,
3081 1367 3137 1414 et
3181 1359 3444 1430 magistro
3474 1360 3572 1416 de-

1994 1447 2170 1502 bitum
2221 1448 2484 1505 honorem
2521 1451 2884 1514 servantium,
2913 1466 3026 1506 non
3082 1452 3378 1521 supernuis
3423 1468 3574 1523 qua:-

1995 1541 2270 1596 stionibus
2309 1542 2361 1596 in
2396 1541 2670 1598 absurdas
2713 1543 3058 1612 suspiciones
3089 1545 3242 1598 abire
3269 1544 3418 1614 quod
3446 1542 3574 1600 cum

1993 1633 2225 1689 muliere
2261 1634 2614 1704 loqueretur,
2665 1634 2761 1690 sed
2819 1635 3030 1704 pudore
3081 1638 3267 1705 potius
3315 1651 3379 1691 ac
3423 1643 3572 1691 metu
3618 1647 3628 1663 '

1994 1721 2238 1792 linguam
2297 1724 2441 1776 intra
2489 1723 2680 1778 dentes
2724 1725 3091 1790 concludere,
3144 1733 3199 1780 et
3249 1733 3573 1793 exspectare

301 1800 418 1865 τὸς,
449 1800 763 1871 περιμένειν
784 1801 840 1855 δέ
873 1802 1075 1872 μᾶλλον
1103 1804 1504 1870 αὐτομολοῦντα
1535 1807 1668 1878 πρὸς
1698 1807 1874 1877 λόγους

1987 1812 2116 1866 dum
2165 1813 2428 1881 magister
2453 1813 2798 1883 loqueretur,
2837 1813 3065 1883 ejusque
3111 1814 3188 1869 rei
3227 1829 3452 1868 causam
3490 1813 3572 1868 ul-

299 1888 397 1942 τὸν
431 1891 618 1960 κύριον
638 1930 654 1955 ,
687 1891 780 1944 καὶ
829 1892 1136 1946 ἐθελούσιον
1169 1895 1351 1958 αὐτοῖς
1402 1895 1742 1966 περιτιθέντα
1789 1897 1888 1970 τὴν

305 1981 588 2052 ἐξήγησιν.
640 1983 995 2054 Θαυμαστέον
1050 1987 1339 2057 τοιγαροῦν
1405 1991 1492 2045 διὰ
1545 1991 1752 2046 τούτων
1800 1995 1888 2062 ἐφ’

300 2074 597 2145 ἡμερότητι
621 2075 721 2144 μὲν
742 2077 832 2130 τὸν
865 2077 1234 2146 Χριστὸν,ἐπὶ
1266 2081 1321 2134 δὲ
1346 2082 1506 2153 σοφίᾳ
1547 2084 1642 2137 καὶ
1674 2084 1884 2139 συνέσει

293 2165 422 2226 τοὺς
456 2165 724 2236 μαθητάς,
757 2168 850 2220 καὶ
892 2171 958 2238 τῇ
989 2169 1083 2222 τοῦ
1114 2171 1417 2241 πρέποντος
1445 2174 1668 2242 γνώσει.

377 2255 638 2325 Ἀφῆκεν
692 2254 807 2314 οὖν
854 2261 971 2328 τὴν
1006 2262 1224 2332 ὑδρίαν
1251 2265 1443 2334 αὐτῆς
1481 2269 1518 2336 ἡ
1563 2268 1742 2337 γυνὴ,
1778 2270 1881 2324 καὶ

289 2345 568 2414 ἀπῆλθεν
589 2352 676 2415 εἰς
704 2349 818 2418 τὴν
839 2352 1042 2408 πόλιν.

363 2438 645 2509 Κρείττων
675 2441 776 2512 ἤδη
821 2445 914 2496 καὶ
945 2445 1254 2518 ὑψηλοτέρα
1286 2447 1536 2516 φαίνεται
1568 2450 1679 2504 τῶν
1711 2452 1882 2520 είςτὸ

288 2527 454 2599 σῶμα
499 2531 799 2601 φροντίδων
823 2574 838 2599 ,
867 2537 900 2605 ἡ
951 2537 1095 2591 κατὰ
1124 2540 1224 2608 τὴν
1256 2539 1383 2609 χθὲς
1412 2544 1506 2594 καὶ
1537 2542 1728 2613 τρίτην
1779 2562 1880 2598 πο-

285 2620 548 2692 λύανδρος
575 2619 708 2677 οῦσα
729 2625 884 2698 γυνὴ,
921 2629 1015 2681 καὶ
1043 2633 1074 2700 ἡ
1106 2631 1343 2704 ψυχραῖς
1377 2633 1640 2700 πολλάκις
1672 2637 1879 2691 εὐάλωο

284 2730 381 2777 τος
441 2713 695 2784 ἡδοναῖς,
745 2718 1064 2773 πλεονεκτεῖ
1124 2726 1224 2792 τῆς
1283 2725 1486 2795 σαρκὸς
1534 2727 1633 2797 τὴν
1686 2728 1762 2792 ὡς
1819 2729 1880 2795 ἐξ

286 2805 535 2876 ἀνάγκης
569 2807 779 2877 χρείαν,
807 2809 968 2880 δίψης
1019 2829 1077 2864 τε
1119 2813 1256 2884 ὁμοῦ
1278 2856 1292 2879 ,
1325 2817 1418 2869 καὶ
1449 2817 1629 2871 ποτῶν
1682 2819 1880 2892 ἀλογή-

290 2913 452 2964 σασα,
466 2898 602 2970 πρὸς
623 2900 814 2970 ἑτέραν
837 2901 948 2967 ἕξιν
967 2904 1056 2957 διὰ
1081 2904 1182 2974 τῆς
1207 2906 1442 2972 πίστεως
1459 2909 1874 2979 ἀνεχαλκεύετο.

301 2986 546 3060 Ἀγάπην
585 2991 643 3043 δὲ
691 2993 1035 3064 παραχρῆμα
1071 2997 1170 3065 τὴν
1201 2999 1493 3070 καλλίστην
1524 3003 1714 3058 πασῶν
1748 3007 1878 3076 ἀρε-

279 3079 406 3151 τὴν,
435 3081 526 3134 καὶ
547 3081 637 3134 τὸν
669 3083 996 3155 φιλάλληλον
1026 3087 1309 3156 μελετῶσα
1335 3091 1555 3163 τρόπον,
1576 3095 1713 3166 ὅπερ
1737 3098 1872 3167 αὐτῇ

1989 1909 2077 1955 tro
2119 1901 2378 1971 aperiret.
2433 1901 2617 1956 Mirari
2672 1919 2804 1973 ergo
2842 1903 3106 1960 debemus
3165 1904 3254 1958 hic
3285 1903 3568 1959 Christum

1985 1992 2056 2051 ob
2099 1993 2620 2060 mansuetudinem;
2674 1995 2977 2064 discipulos
3012 2003 3196 2050 autem
3221 1996 3315 2050 -ob
3347 1996 3570 2068 sapien-

1986 2085 2116 2138 tiam
2151 2093 2314 2156 atque
2343 2086 2716 2155 prudentiam,
2749 2097 2803 2142 et
2829 2088 3016 2144 decori
3045 2089 3321 2146 notitiam.

2056 2264 2144 2330 IV,
2185 2265 2276 2320 28.
2329 2264 2561 2338 Reliquit
2601 2284 2723 2338 ergo
2767 2267 3013 2338 hydriam
3049 2285 3205 2322 suam
3251 2269 3464 2338 mulier,
3514 2278 3566 2326 et

1983 2358 2116 2412 abiit
2139 2360 2192 2413 in
2229 2360 2516 2415 civitatem.

2053 2449 2264 2506 Victrix
2305 2466 2584 2522 corporea:
2622 2467 2769 2507 cura:
2799 2451 2914 2521 jam
2954 2450 3175 2506 videtur
3208 2453 3301 2507 illa
3343 2453 3458 2508 heri
3499 2469 3565 2510 ac

1981 2543 2384 2598 nudiustertius
2415 2542 2711 2598 multorum
2737 2544 2978 2598 virorum
3012 2559 3173 2610 uxor,
3196 2553 3250 2600 et
3279 2563 3400 2616 quae
3422 2547 3562 2602 stul-

1979 2636 2053 2690 tis
2087 2636 2463 2705 voluptatibus
2510 2651 2654 2704 saepe
2706 2636 3098 2697 succubuerat.
3160 2641 3347 2694 carnis
3398 2653 3560 2694 usum

1979 2728 2353 2780 necessarium
2379 2726 2982 2797 defraudat,simulque
3007 2728 3153 2781 sitim
3179 2737 3233 2782 et
3259 2737 3446 2798 potum
3465 2745 3559 2785 as-

1978 2827 2208 2888 pernata
2231 2819 2286 2872 in
2309 2819 2474 2872 alium
2496 2827 2697 2874 statum
2723 2835 2820 2889 per
2845 2820 3004 2874 [idem
3027 2820 3188 2891 195
3202 2822 3558 2878 reformatur.

1981 2906 2181 2961 Statim
2231 2923 2364 2962 vero
2416 2906 2745 2963 charitatem
2801 2909 3070 2964 virtutqu
3121 2911 3407 2980 optimam,
3441 2926 3565 2966 mu-

1980 3008 2245 3070 tuumque
2275 3015 2516 3054 amorem
2560 3002 2831 3071 amplexa,
2863 3002 3009 3072 quod
3043 3003 3147 3056 sibi
3179 3003 3424 3058 oblatum
3475 3012 3561 3059 est

1977 3091 2204 3158 bonum,
2241 3092 2411 3146 citato
2439 3091 2493 3146 in
2527 3093 2717 3148 urbem
2759 3107 2927 3147 cursu
2963 3093 3210 3148 studiose
3241 3095 3556 3149 annuntiat.

277 3147 527 3239 πέφηνεν
573 3147 804 3238 ἀγαθὸν,
856 3147 1038 3228 τοῦτο.
1073 3179 1168 3231 καὶ
1218 3147 1426 3252 ἑτέροις
1474 3147 1874 3253 ἐξαγγέλλοῦσα

1976 3182 2478 3238 lnclamabatenim
2503 3185 2574 3248 ei,
2599 3193 2659 3238 ιιι
2693 3184 2960 3240 credibile
2998 3193 3106 3249 est,
3142 3193 3197 3240 et
3226 3187 3280 3240 in
3311 3189 3557 3242 animum

272 3261 500 3331 γοργῶς
526 3262 711 3335 δρόμῳ
736 3264 814 3335 τῷ
853 3266 990 3337 πρὸς
1021 3269 1120 3340 τὴν
1166 3270 1318 3324 πόλιν
1346 3275 1696 3329 συντείνεται.
1741 3277 1873 3330 ’Υπ-

271 3349 482 3438 ειρὼνει
509 3350 617 3422 γὰρ
641 3352 700 3404 ὲν
725 3353 887 3425 αὐτῇ,
917 3357 1059 3410 κατά
1089 3374 1152 3426 γε
1190 3358 1250 3412 τὸ
1286 3361 1452 3425 εἰκὸς,
1479 3366 1508 3416 ὁ
1532 3365 1743 3438 Σωτὴρ,
1777 3368 1872 3420 καὶ

269 3436 618 3509 λεληθότως,
649 3441 791 3496 κατὰ
835 3443 928 3496 τὸν
971 3444 1096 3498 νοῦν
1133 3446 1410 3520 ἐψιθύριζε
1441 3453 1619 3521 λέγων
1757 3459 1872 3510 Δω-

270 3531 416 3600 ρεάν
449 3529 689 3594 ἐλάϐετε,
717 3532 926 3604 δωρεὰν
955 3535 1094 3592 δότε.
1133 3557 1151 3590 ι
1206 3541 1583 3614 Μανθάνωμεν
1616 3546 1703 3600 διὰ
1747 3549 1872 3602 τού-

263 3637 398 3686 του,
429 3622 503 3692 μὴ
553 3622 750 3695 ζηλοῦν
800 3626 899 3694 μέν
929 3628 1134 3683 ἐκεῖνον
1176 3631 1267 3685 τὸν
1298 3633 1581 3704 ὀκνόφιλον
1606 3639 1696 3692 τὸν
1721 3642 1868 3694 οἰκέ-

265 3729 400 3783 την,
431 3713 519 3766 διά
542 3731 602 3767 τε
639 3715 798 3770 τοῦτο
820 3720 899 3783 είς
928 3720 1031 3790 γῆν
1057 3725 1477 3793 καταχωννύντα
1505 3729 1566 3780 τὸ
1585 3730 1864 3798 τάλαντον,

265 3801 784 3896 ἐπεργάζεσθαιῗδᾉὲ
820 3808 1022 3877 μᾶλλον
1068 3811 1200 3864 αὐτὸ
1247 3815 1655 3888 σπουδάζωμεν.
1703 3824 1767 3875 Ὃ
1798 3823 1863 3896 δὴ

262 3893 371 3946 καὶ
403 3891 586 3962 δρῶσα
629 3894 804 3958 καλῶς
834 3899 866 3968 ἡ
897 3899 1333 3974 πολυθρύλλητος
1363 3905 1502 3977 αῦτη
1551 3909 1718 3981 γυνὴ,
1750 3891 1864 3965 κοιλ

259 3985 601 4075 νοποιεῖταιῌ
617 3989 730 4047 τοῖς
775 3987 955 4051 ἄλλοις
993 3990 1052 4043 τὸ
1083 3995 1394 4063 προσπεσὸν
1431 3997 1657 4073 ἀγαθὸν,
1719 4001 1863 4075 ὕδωρ

262 4076 397 4144 μὲν,
415 4075 553 4146 ὅπερ
572 4071 638 4147 ἦν
659 4078 1000 4150 ἀρυσαμένη,
1017 4081 1127 4135 τῶν
1152 4085 1403 4153 πηγαίων
1425 4088 1608 4142 οὐκέτι
1623 4071 1864 4146 λαϐοῦσα

261 4165 523 4235 μαστῶν,
546 4167 668 4219 οὐδὲ
689 4167 785 4238 τὴν
814 4170 879 4222 ἐκ
916 4171 1018 4241 γῆς
1050 4173 1236 4241 ὑδρίαν
1281 4178 1420 4230 οῖκοι
1455 4180 1616 4234 πάλιν
1664 4184 1866 4238 ἀποκο-

264 4254 545 4326 μίζουσα,
581 4254 702 4326 θείᾳ
744 4256 800 4308 δὲ
849 4259 1048 4328 μᾶλλον
1101 4263 1193 4316 καὶ
1223 4265 1459 4337 οὐρανίῳ
1507 4271 1731 4341 χάριτι,
1768 4275 1862 4329 καὶ

265 4344 539 4416 πανσόφῳ
572 4346 667 4398 τοῦ
701 4349 955 4420 Σωτῆρος
991 4353 1312 4427 διδασκαλίᾳ
1357 4359 1456 4424 τὰς
1488 4362 1588 4430 τῆς
1622 4363 1861 4431 διανοίας

1975 3277 2116 3331 clam
2165 3276 2592 3340 insusurrabat,
2629 3277 2861 3330 dicens:
2914 3294 2933 3327 ι
2996 3275 3181 3331 Gratis
3237 3280 3556 3348 accepistis,

1975 3369 2148 3438 gratis
2174 3367 2300 3422 date
2326 3368 2367 3423 ⁸.
2401 3388 2416 3418 ι
2452 3367 2591 3421 llinc
2622 3368 2904 3423 discamus
2928 3385 3038 3423 non
3075 3384 3198 3424 esse
3233 3369 3394 3425 nobis
3428 3372 3556 3426 imi-

1972 3462 2198 3516 tandum
2233 3462 2486 3532 ignavum
2522 3463 2673 3517 illum
2704 3478 2922 3518 servum
2958 3462 3052 3532 qui
3108 3463 3375 3516 talentum
3399 3463 3555 3518 humi

1972 3552 2203 3618 defodit,
2235 3554 2332 3608 sed
2377 3553 2510 3607 illud
2549 3569 2808 3610 exercere
2841 3569 3108 3609 conemur
3131 3555 3170 3608 ⁷.
3217 3553 3375 3621 Quod
3409 3554 3555 3610 cele-

1969 3644 2207 3700 berrima
2257 3643 2372 3700 haec
2414 3645 2612 3700 mulier
2642 3647 2859 3716 egregie
2894 3654 3139 3716 praestat,
3191 3663 3314 3716 qua:
3344 3647 3551 3702 bonum

1970 3738 2078 3794 sibi
2125 3738 2369 3792 oblatum
2420 3739 2543 3795 aliis
2585 3742 3002 3807 communicat,
3062 3740 3227 3812 quam
3282 3741 3552 3797 hactenus

1967 3829 2231 3884 hauserat
2262 3845 2461 3898 aquam
2510 3846 2619 3885 non
2659 3831 2775 3900 jam
2824 3847 2856 3887 e
2891 3834 3228 3904 scaturigine
3261 3833 3547 3898 hauriens,

1966 3937 2143 3991 neque
2190 3929 2507 3976 terrestrem
2552 3921 2802 3993 hydriam
2853 3923 3076 3979 domum
3127 3925 3309 3979 denuo
3360 3939 3540 3994 repor-

1965 4021 2109 4079 tans,
2165 4014 2260 4069 sed
2309 4013 2494 4068 divina
2530 4015 2716 4084 potius
2755 4030 2820 4071 ac
2852 4015 3065 4072 caelesti
3092 4020 3288 4085 gratia,
3328 4017 3548 4084 sapien-

1963 4103 2291 4173 tissimaque
2345 4104 2651 4159 Salvatoris
2715 4105 2970 4159 doctrina
3022 4113 3261 4159 mentem
3326 4105 3543 4173 plenam

1963 4191 2178 4263 gerens.
2230 4193 2371 4250 Hinc
2423 4210 2621 4250 rursus
2676 4203 2940 4264 tanquam
2979 4195 3033 4248 in
3072 4195 3244 4265 ﬁgura
3275 4201 3328 4248 et
3360 4192 3545 4246 tabula

1963 4285 2366 4340 observandum
2415 4296 2520 4350 est,
2560 4287 2771 4355 exiguis
2805 4287 3098 4340 admodum
3156 4293 3212 4341 et
3261 4284 3544 4354 corporeis

1963 4375 2233 4444 neglectis
2277 4376 2455 4430 multo
2502 4375 2818 4445 copiosiora
2852 4382 2907 4430 et
2947 4375 3176 4429 meliora
3225 4388 3328 4428 nos
3370 4387 3400 4424 a
3431 4370 3545 4425 Deo

264 4435 557 4506 ὑποθήκας
579 4437 925 4509 ὲμπλήσασα.
967 4441 1163 4496 Ἰστέον
1192 4447 1462 4516 ἐντεῦθεν,
1500 4452 1576 4516 ὠς
1603 4455 1662 4507 ἐν
1701 4454 1858 4528 τύπῳ

1975 4475 2343 4535 percepturos.
2397 4466 2540 4533 Quid
2580 4465 2725 4521 enim
2755 4475 2840 4520 est
2868 4480 3007 4534 aqua
3039 4465 3106 4519 de
3137 4473 3303 4528 terra,
3333 4463 3377 4517 si
3415 4475 3542 4516 cum

263 4529 434 4584 πάλιν
460 4529 555 4582 καὶ
585 4533 792 4601 γραφῇ,
823 4532 904 4585 ὄτι
947 4535 1160 4604 μικρῶν
1191 4539 1255 4609 δὴ
1288 4539 1406 4594 λίαν
1450 4544 1856 4616 ὑπερφρονοῦν-

1966 4557 2332 4628 intelligentia
2364 4574 2487 4629 qua:
2543 4572 2784 4627 superne
2809 4557 2982 4620 venit,
3014 4552 3404 4624 comparetur?

260 4642 379 4730 τες,
427 4626 522 4730 καὶ
568 4629 918 4730 σωματικῶν,
941 4630 1392 4730 ’πολλαπλασίονά
1421 4656 1477 4692 τε
1506 4643 1600 4694 καὶ
1639 4644 1848 4714 ἀμείνω
1887 4653 2037 4724 παρά
2071 4626 2204 4708 Θεοῦ
2233 4626 2534 4726 ληψόμεθα.
2560 4626 2626 4707 Τί
2658 4652 2766 4724 γὰρ
2802 4650 2946 4723 ὕδωρ
2978 4651 3038 4703 τὸ
3070 4650 3179 4704 ἀπὸ
3246 4649 3346 4718 τῆς
3414 4647 3538 4730 γῆς¹
3587 4660 3595 4669 ·

260 4719 342 4780 ὡς
373 4718 508 4790 πρὸς
525 4718 627 4788 τὴν
649 4719 858 4774 ἄνωθεν
891 4721 1110 4778 σύνεσιν
1137 4741 1152 4790 ;

336 4813 447 4873 Καὶ
476 4813 638 4882 λέγει
673 4817 798 4882 τοῖς
821 4817 1175 4886 ἀνθρώποις·
1210 4822 1407 4888 Δεῦτε,
1442 4825 1598 4882 ἴδετε
1626 4830 1851 4900 ἄνθρω-

256 4922 404 4967 πον,
433 4905 502 4970 ὃς
548 4902 678 4961 εἷπε
723 4909 921 4964 πάντα
946 4951 960 4976 ,
989 4911 1108 4966 ὅσα
1153 4913 1416 4982 ἐποίησα
1437 4934 1452 4949 ο
1479 4920 1625 4988 μήτι
1673 4919 1852 4990 οὗτός

255 4997 438 5048 ἐστιν
465 4999 497 5048 ό
523 4998 774 5065 Χριστός
794 5017 812 5065 ;

337 5087 404 5138 ’Ὠ
437 5088 734 5157 παραδόξου
795 5094 1114 5166 μεταϐολῆς,
1147 5096 1192 5150 ῶ
1244 5099 1488 5171 μεγάλης
1522 5102 1722 5170 ὅντως,
1753 5109 1849 5160 καὶ

255 5177 605 5248 θεοπρεποῦς
641 5181 839 5250 ἰσχύος.
878 5187 964 5239 ἐπ’
1000 5187 1230 5260 ἀρρήτῳ
1274 5190 1568 5259 διαφανοῦς
1605 5197 1683 5266 τῷ
1717 5198 1850 5252 θαύ-

257 5284 394 5335 ματι
431 5269 442 5320 ι
470 5269 732 5341 Τεχνίτης
761 5274 856 5344 ἥδη
898 5277 1032 5346 πρὸς
1065 5279 1256 5348 λόγους
1278 5284 1372 5336 καὶ
1401 5288 1786 5356 μυσταγωγὸς,
1815 5292 1846 5362 ἡ

257 5362 502 5414 συνιεῖσα
553 5364 652 5431 μὲν
684 5364 836 5418 οὐδὲν
879 5367 984 5420 τῶν
1014 5371 1070 5421 ἐν
1119 5374 1260 5444 ἀρχῇ
1307 5375 1639 5446 λεγομένων,
1675 5380 1762 5436 διὰ
1790 5383 1846 5436 δὲ

251 5447 414 5501 τοῦτο
465 5451 693 5517 δικαίως
724 5456 1009 5511 ἀκούσασα
1053 5475 1067 5488 ·
1110 5481 1127 5512 ι
1173 5464 1412 5533 ’⁸Υπαγε,
1453 5466 1704 5537 φώνησόν
1751 5489 1844 5526 σου

253 5539 351 5593 τὸν
382 5542 567 5612 ἄνδρα,
598 5547 691 5601 καὶ
719 5547 838 5602 ἐλθὲ
886 5549 1092 5607 ἐνθάδε.
1132 5573 1150 5605 ι
1185 5557 1327 5626 Ὅρα
1360 5557 1468 5629 γὰρ
1503 5561 1653 5625 ὅπως
1692 5565 1838 5619 ἐντέ-

325 5712 344 5742 ⁶
383 5720 571 5778 Matth.
611 5743 662 5790 ς,
693 5728 744 5781 8.
825 5731 842 5750 '
873 5729 1060 5786 Matth.
1101 5750 1226 5800 xxv,
1259 5737 1323 5791 '25
1356 5755 1511 5808 seqq.

2030 4834 2123 4899 IV,
2168 4835 2258 4889 29.
2293 4833 2362 4887 Et
2407 4834 2536 4887 dicit
2577 4833 2688 4887 illi:
2717 4829 3050 4886 hominibus:
3087 4827 3268 4881 Venite
3298 4837 3346 4882 et
3375 4828 3538 4882 videte

1962 4929 2266 4991 hominem,
2307 4927 2398 4996 qui
2445 4927 2583 4978 dixit
2625 4924 2756 4978 mihi
2803 4923 2982 4977 omnia
3024 4937 3347 4991 quiscunque
3396 4921 3534 4990 Ieci:

1958 5019 2211 5090 numquid
2237 5020 2346 5087 ipse
2377 5027 2457 5072 est
2491 5017 2781 5072 Christus?

2027 5112 2073 5168 Ο
2102 5112 2436 5183 inopinatam
2480 5110 2876 5164 mutationem!
2921 5124 2954 5163 ο
2992 5122 3246 5180 magnam
3286 5106 3536 5176 profecto

1956 5206 2309 5276 divinamque
2339 5205 2619 5269 virtutem,
2651 5219 2774 5274 quae
2816 5202 3079 5258 ineﬂ'abili
3134 5200 3399 5256 miraculo
3437 5214 3531 5267 pa-

1954 5300 2142 5355 tescit!
2181 5298 2350 5354 Docet
2371 5300 2594 5352 demum
2622 5305 2675 5352 et
2703 5298 2844 5353 alios
2876 5297 3057 5352 initiat
3086 5295 3200 5358 illa,
3239 5305 3360 5359 quae
3391 5288 3532 5341 nihil

1953 5390 2226 5458 capiebat,
2258 5405 2447 5443 eorum
2473 5403 2593 5459 quae
2623 5389 2897 5458 principio
2930 5385 3277 5441 dicebantur,
3300 5391 3532 5445 Quaeque

1951 5478 2161 5534 idcirco
2195 5480 2320 5551 jure
2359 5480 2647 5534 audierat:
2683 5497 2701 5530 ι
2750 5478 2923 5540 Vade,
2967 5487 3095 5528 voca
3139 5470 3312 5522 virum
3345 5474 3526 5526 tuum,

1948 5577 2002 5624 ct
2048 5569 2174 5624 veni
2221 5570 2346 5627 huc.
2389 5589 2407 5622 ι
2448 5569 2688 5626 Observa
2721 5572 2866 5626 enim
2909 5571 3112 5636 quanta
3153 5553 3426 5613 industria
3465 5558 3530 5609 et
