4090 6266
549 367 649 425 519

1491 363 1547 419 8.
1579 357 1855 419 CYRILLI
1894 354 2372 413 ALEXANDRINI
2408 355 2728 414 ARCHIEP.

3676 357 3792 414 5'20

547 493 664 540 arte
709 481 1086 538 Samaritanos
1131 481 1460 552 alloquatur.
1495 480 1616 537 Non
1656 480 1921 557 continuo
1972 475 2107 530 dicit

2217 490 2349 541 χνως
2390 472 2488 546 τὴν
2538 473 2676 544 πρὸς
2721 472 3061 547 Σαμαρείτας
3106 471 3342 525 ἐποιεῖτο
3379 470 3633 537 διάλεξιν.
3668 474 3782 528 Οὐκ

547 591 608 630 se
647 573 926 630 Christum
958 573 1255 637 invenisse,
1281 588 1380 628 nec
1408 574 1591 628 statim
1638 573 1707 628 de
1746 571 1877 628 Jesu
1923 586 2112 626 narra-

547 667 748 722 tionem
780 681 934 721 suam
962 667 1215 722 orditur:
1260 675 1407 722 certe
1435 667 1581 722 enim
1611 667 1868 736 despecta
1896 665 2108 730 fuisset,

547 773 650 812 nec
687 759 984 824 immerito,
1013 767 1070 812 ut
1101 775 1220 829 qua:
1246 759 1403 829 longe
1442 766 1588 813 ultra
1626 773 1790 828 quam
1821 757 1941 827 ejus
1975 771 2112 811 con-

547 848 810 904 ditionem
865 849 1094 905 decebat
1144 859 1406 919 saperet,
1464 865 1563 905 nec
1613 863 1825 903 morum
1883 863 2110 902 suorum

549 938 767 1007 ignaros
817 941 1094 996 auditores
1129 942 1374 997 haberet.
1419 940 1581 995 Prius
1621 954 1753 1010 ergo
1799 937 1990 992 faciles
2014 952 2109 993 eos

549 1029 619 1082 ad
661 1028 993 1085 credendum
1040 1029 1222 1085 reddit
1262 1029 1554 1094 miraculo,
1606 1027 1788 1098 iisque
1845 1027 2111 1081 inusitato

546 1127 747 1173 eventu
791 1121 1077 1186 attonitis,
1117 1121 1334 1190 planius
1381 1119 1788 1190 quodammodo
1838 1117 1961 1172 ﬁdei
2010 1118 2114 1172 iter

548 1208 734 1264 elﬁcit.
796 1228 815 1261 ε
853 1200 1064 1278 Venite,
1090 1220 1144 1267 et
1179 1212 1359 1267 videte
1401 1230 1447 1279 ι,
1478 1211 1679 1281 inquit,
1711 1208 2111 1265 vehementiori

547 1315 682 1354 voce
722 1308 931 1354 tantum
973 1317 1085 1356 non
1116 1303 1444 1356 inclamans.
1501 1302 1582 1354 Ad
1621 1301 1801 1364 ﬁdem,
1842 1300 1977 1354 satis
2007 1299 2115 1354 erit

546 1391 634 1446 vel
688 1391 860 1461 ipsius
907 1393 987 1446 rei
1040 1393 1333 1462 inspectio,
1367 1392 1786 1461 majoribusque
1833 1390 2114 1446 miraculis

548 1493 844 1552 praesentes
884 1484 1366 1540 conﬁrmablmini.
1410 1483 1544 1538 Nam
1594 1485 1686 1554 qui
1731 1483 1980 1538 cordium
2026 1498 2114 1538 se-

497 1629 508 1656 .
547 1581 698 1628 creta
739 1575 912 1640 novit,
942 1582 998 1631 et
1035 1575 1140 1630 hac
1176 1575 1385 1646 ingenti
1417 1590 1482 1630 ac
1516 1576 1702 1630 divina
1729 1576 1996 1646 dignitate
2031 1582 2117 1631 est

549 1663 832 1731 praeditus,
863 1665 1140 1734 quomodo
1180 1680 1289 1718 non
1321 1666 1514 1734 plenis,
1546 1675 1606 1720 ut
1645 1667 1822 1732 aiunt,
1855 1669 1993 1723 velis
2035 1667 2117 1723 fe-

547 1761 699 1808 retur
735 1753 803 1807 ad
836 1770 899 1809 ea
931 1755 1237 1825 peragenda
1265 1771 1385 1824 quae
1415 1757 1594 1811 velit?

623 1844 780 1914 195
810 1844 900 1909 IV,
941 1845 1029 1902 50.
1065 1845 1324 1900 Exierunt
1351 1863 1472 1918 ergo
1507 1848 1570 1902 de
1599 1849 1830 1917 civitate,
1861 1861 1912 1907 et
1943 1855 2112 1909 venie-
2145 1840 2191 1897 Β

550 1934 676 1988 bant
711 1937 779 1989 ad
803 1953 942 1993 eum.

604 2027 930 2084 'Judaeorum
964 2031 1222 2089 duritiem
1257 2035 1729 2092 Samaritanorum
1758 2037 1996 2094 facilitas
2026 2053 2120 2091 ar-

547 2117 685 2186 guit,
719 2127 775 2174 et
805 2121 1026 2175 illorum
1075 2125 1374 2182 crudelitas
1424 2129 1478 2182 in
1519 2129 1750 2186 istorum
1783 2130 2120 2188 humanitate

545 2210 748 2264 elucet.
804 2211 905 2267 Hie
953 2230 1176 2288 rursum
1229 2217 1478 2274 discendi
1527 2222 1813 2278 studiosus
1868 2223 2123 2279 observet

546 2308 748 2368 quanta
774 2303 846 2357 sit
875 2303 929 2356 in
959 2305 1205 2376 utrisque
1228 2324 1440 2363 morum
1465 2310 1862 2381 discrepantia,
1889 2321 1952 2366 ut
1971 2322 2121 2370 certe

546 2405 658 2444 non
695 2391 969 2450 immerito
991 2397 1220 2453 miretur
1247 2398 1433 2456 Jesum
1460 2403 1807 2458 recedentem
1842 2420 1873 2458 a
1901 2404 2118 2462 Judzeo-

545 2496 666 2535 rum
696 2483 1006 2556 Synagoga,
1052 2499 1106 2542 et
1139 2491 1459 2561 alienigenis
1499 2493 1740 2564 seipsum
1774 2495 2116 2566 largientem.

547 2570 706 2636 Quod
755 2574 900 2628 enim
951 2573 1158 2632 Judaeis
1205 2588 1476 2636 venturus
1531 2591 1680 2638 esset
1729 2583 2006 2649 Christus,
2064 2593 2120 2641 et

546 2676 687 2730 quas
713 2663 783 2718 ob
814 2679 903 2720 res
935 2671 1286 2736 appariturus
1323 2680 1492 2737 esset,
1529 2673 1768 2730 Mosaida
1792 2677 1880 2730 lex
1912 2677 2122 2732 denun-

546 2756 740 2822 tiabat,
794 2765 847 2812 et
899 2761 1257 2829 gravissimus
1323 2764 1417 2819 ille
1473 2766 1862 2835 prophetarum
1914 2769 2120 2826 chorus

545 2848 895 2917 praedicabat,
917 2857 1082 2922 atque
1108 2852 1245 2922 ipsis
1271 2857 1664 2924 propemodum
1688 2856 1900 2912 foribus
1925 2859 2120 2916 adesse

545 2937 978 3007 demonstrabat,
1010 2944 1239 3000 dicens:
1279 2965 1298 2998 ι
1350 2947 1491 3002 Ecce
1541 2947 1687 3005 Deus
1733 2959 1944 3015 noster,
1992 2967 2121 3009 ecce

544 3026 809 3086 Dominus
838 3033 880 3087 ⁸.
921 3051 939 3084 ι
984 3033 1050 3086 Et
1092 3045 1400 3104 postremus
1449 3039 1696 3093 omnium
1751 3056 1982 3112 magnus
2028 3044 2121 3098 ille

545 3117 690 3174 inter
726 3131 886 3178 natos
919 3125 1210 3180 mulierum
1241 3126 1503 3192 Joannes,
1539 3139 1863 3200 praesentem
1893 3132 2006 3202 jam
2066 3143 2120 3190 et

545 3301 660 3370 Dei,
703 3305 794 3376 qui
831 3308 972 3362 tollit
1010 3317 1293 3378 peccatum
1334 3310 1600 3368 mundi’.
1643 3331 1662 3366 ι
1704 3314 1769 3368 Ει
1811 3315 1957 3384 quod
1997 3332 2120 3372 om-

543 3409 668 3449 nem
707 3397 1128 3454 admirationem
1174 3410 1422 3472 superat,
1463 3403 1760 3458 multorum
1800 3420 2027 3476 operum
2065 3407 2118 3464 vi

543 3499 610 3540 ac
659 3497 929 3556 potestate
979 3491 1164 3546 divina
1225 3495 1466 3563 seipsum
1520 3495 1772 3551 Salvator
1817 3499 2116 3555 revelabat.

543 3580 684 3646 Quid
715 3583 878 3652 igitur
913 3583 992 3636 illi
1027 3584 1092 3638 ad
1135 3585 1343 3639 nefaria
1379 3589 1611 3644 consilia
1647 3592 1956 3661 praecipites
1999 3609 2118 3647 ma-

545 3671 878 3726 chinantur?
899 3671 1127 3726 Mortem
1155 3675 1277 3743 ejus
1306 3676 1509 3744 injuste
1532 3689 1816 3750 appetunt,
1842 3683 2118 3740 insidian-

544 3769 638 3814 tur
670 3761 856 3831 impie,
905 3763 1106 3818 eadem
1165 3766 1462 3822 crudeliter
1499 3771 1908 3837 machinantur,
1953 3782 2008 3829 et
2051 3775 2121 3831 de

545 3861 694 3906 terra
725 3867 789 3908 ac
819 3854 1044 3909 civitate
1077 3870 1176 3912 sua
1215 3857 1446 3926 ejiciunt
1485 3860 1675 3930 vitam,
1716 3863 1922 3928 lumen,
1969 3865 2118 3920 illam

545 3943 792 3998 omnium
841 3945 1096 4012 salutem,
1131 3949 1277 4004 viam
1331 3951 1507 4019 regni.
1555 3961 1610 4007 et
1637 3961 1984 4022 peccatorum
2032 3973 2119 4014 re-

545 4035 889 4102 missionem,
931 4046 1097 4108 atque
1142 4041 1454 4112 adoptionis
1496 4043 1552 4097 in
1590 4043 1682 4099 Dei
1727 4045 1866 4102 ﬁlios
1896 4047 2119 4119 largito-

543 4140 680 4180 rem.
735 4126 1006 4193 Quocirca
1058 4129 1307 4186 Salvator
1359 4132 1483 4201 jure
1533 4133 1790 4192 dicebat:
1835 4155 1855 4188 ι
1893 4137 2120 4196 Jerusa-

543 4218 673 4282 lem,
708 4217 1031 4289 Jerusalem,
1066 4239 1188 4293 quaa
1215 4224 1424 4280 occidis
1457 4227 1774 4297 prophetas,
1808 4237 1864 4285 et
1907 4233 2116 4302 lapidas

544 4320 640 4361 eos
673 4307 765 4374 qui
793 4307 862 4362 ad
893 4316 945 4365 te
982 4311 1136 4368 missi
1165 4322 1327 4369 sunt:
1361 4316 1579 4386 quoties
1608 4318 1756 4372 volui
1783 4333 2117 4392 congregare

545 4395 687 4453 ﬁlios
715 4404 864 4465 tuos,
909 4404 1183 4470 quomodo
1223 4406 1423 4474 gallina
1451 4419 1747 4479 congregat
1783 4411 1957 4480 pullos
1984 4429 2114 4469 suos

2209 568 2370 631 εὐθὺς
2407 567 2694 638 εὑρηκέναι
2728 567 2861 637 φησὶ
2895 565 2986 619 τὸν
3026 565 3278 637 Χριστὸν,
3306 564 3427 618 οὐδὲ
3460 565 3518 617 ὲν
3547 565 3780 635 πρώτοις

2210 659 2411 728 ἑαυτῆς
2435 659 2676 729 εἰσφέρει
2706 658 2954 729 διήγησιν
2975 658 3066 711 τὸν
3110 657 3316 726 Ἰησοῦν
3350 673 3364 688 ο
3389 651 3426 728 ἦ
3453 656 3563 729 γάρ
3589 657 3656 710 ἂν
3685 660 3780 712 καὶ

2209 750 2502 820 διεπτύσθη
2529 749 2771 813 δικαίως,
2797 751 2871 814 ὼς
2896 749 3030 802 πολὺ
3067 749 3164 819 μὲν
3190 749 3250 802 τὸ
3284 752 3484 820 μέτρον
3512 748 3620 801 τῶν
3641 749 3778 820 αὐτῇ

2211 843 2528 913 πρεπόντων
2556 842 2917 896 ἀναϐαίνουσα
2955 841 3149 909 λόγων,
3180 843 3280 894 οὐκ
3314 841 3564 909 ἀγνῶτας
3587 841 3645 895 δὲ
3674 842 3781 894 τῶν

2211 936 2380 1002 αὐτῆς
2411 933 2625 1004 τρόπων
2677 935 2803 997 τοὺς
2835 934 3214 1004 ἀκροωμένους
3257 933 3604 1004 εὑρίσκουσα.
3638 934 3780 1002 Προ-

2211 1024 2556 1096 εξευμαρίζει
2603 1024 2890 1096 τοιγαροῦν
2932 1025 3011 1094 τῷ
3045 1024 3316 1095 θαύματι,
3353 1026 3448 1078 καὶ
3496 1026 3573 1096 τῷ
3606 1043 3782 1096 παρα-

2211 1117 2347 1186 δόξῳ
2391 1117 2914 1188 προκαταπλήξασα,
2959 1117 3236 1188 λειοτέραν
3269 1117 3458 1188 ὥσπερ
3503 1120 3568 1189 τῇ
3603 1118 3780 1172 πίστει

2211 1210 2310 1280 τὴν
2343 1209 2460 1262 ὁδὸν
2499 1209 2892 1281 ἀπεργάζεται.
2931 1228 2951 1262 ι
2990 1209 3190 1274 Δεῦτε,
3232 1209 3326 1263 καὶ
3371 1210 3510 1263 ἴδετε
3536 1251 3550 1275 ,
3583 1229 3602 1262 ι
3647 1210 3782 1280 φησὶ

2216 1299 2470 1364 συνετῶς,
2502 1302 2782 1371 μονονουχὶ
2809 1301 3166 1373 θερμοτέραις
3196 1301 3374 1372 βοῶσα
3408 1303 3615 1371 φωναῖς
3637 1318 3652 1332 °
3680 1304 3781 1372 ἀρ-

2214 1392 2364 1445 κέσει
2390 1393 2484 1445 καὶ
2512 1393 2647 1463 μόνη
2680 1393 2816 1465 πρὸς
2849 1393 3030 1446 πίστιν
3055 1395 3088 1464 ἠ
3111 1393 3228 1456 θέα,
3259 1395 3352 1447 καὶ
3375 1393 3782 1464 πληροφορήσει

2215 1483 2486 1551 παρόντας
2523 1483 2962 1554 ἀξιολογωτέροις
2989 1487 3103 1548 τοῖς
3145 1483 3434 1554 θαύμασιν.
3473 1483 3533 1536 '0
3560 1484 3669 1554 γὰρ
3701 1502 3784 1552 γι-

2216 1573 2438 1628 νώσκων
2463 1575 2532 1628 τά
2564 1575 2938 1646 κεκρυμμένα,
2969 1575 3062 1629 καὶ
3091 1575 3152 1628 τὸ
3183 1575 3326 1646 μέγα
3364 1575 3522 1630 τοῦτο
3549 1578 3643 1630 καὶ
3669 1576 3785 1629 θεο-

2217 1664 2424 1734 πρεπὲς
2451 1664 2667 1734 ἀξίωμα
2693 1665 2899 1736 λαχὼν,
2917 1667 3034 1728 πῶς
3064 1667 3163 1719 οὐκ
3196 1665 3255 1731 ἐξ
3281 1665 3528 1738 ἐξουρίας
3559 1667 3783 1737 δραμεῖ-

2217 1773 2308 1810 ται
2329 1756 2464 1827 πρὸς
2497 1755 2594 1826 τὴν
2616 1749 2690 1810 ὧν
2716 1756 2782 1811 ἂν
2809 1756 3048 1826 βούλοιτο
3079 1757 3357 1829 πλήρωσιν
3379 1775 3394 1823 ;

2299 1845 2586 1913 Ἐξῆλθον
2613 1841 2724 1901 οὖν
2749 1845 2817 1900 ἐκ
2833 1846 2943 1916 τῆς
2966 1847 3216 1914 πόλεως,
3234 1847 3330 1902 καὶ
3356 1847 3614 1918 ἤρχοντο
3639 1850 3785 1917 πρὸς

2219 1937 2423 1992 αὐτόν.
3068 1975 3071 1978 -

2293 2028 2553 2098 Ἔλεγχος
2600 2028 2702 2098 τῆς
2743 2027 3006 2083 Ἰουδαίων
3045 2029 3473 2101 σκληροκαρδίας
3527 2031 3564 2102 ἡ
3603 2031 3788 2103 Σαμα-

2221 2124 2414 2194 ρειτῶν
2455 2123 2766 2190 εὐπείθεια,
2817 2127 2911 2180 καὶ
2949 2126 3011 2178 τὸ
3048 2127 3106 2180 ὲν
3150 2127 3380 2190 ἐκείνοις
3426 2127 3788 2199 ἀπάνθρωπον

2219 2215 2277 2267 ὲν
2321 2218 2388 2284 τῇ
2425 2214 2629 2269 τούτων
2680 2217 2978 2288 ἡμερότητι
3025 2218 3387 2288 διαφαίνεται.
3451 2219 3563 2272 Καὶ¹
3607 2219 3789 2291 ὁράτω

2221 2306 2383 2359 πάλιν
2406 2308 2435 2359 6
2480 2307 2780 2378 φιλομαθὴς
2817 2308 2918 2379 τῆς
2952 2310 3010 2362 ὲν
3043 2311 3246 2380 ἀμφοῖν
3285 2311 3452 2377 ἕξεως
3476 2310 3572 2382 τὴν
3602 2312 3788 2381 διαφο-

2225 2397 2354 2468 ρὰν,
2395 2397 2482 2451 ἵνα
2505 2398 2569 2468 δὴ
2599 2399 2691 2451 καὶ
2734 2399 2878 2469 μάλα
2907 2401 3130 2464 δικαίως
3155 2401 3521 2475 ἀποθαυμάζῃ
3555 2403 3648 2457 τὸν
3681 2405 3786 2474 Ἰη-

2222 2485 2347 2540 σοῦν
2371 2490 2471 2558 τῆς
2501 2488 2599 2558 μὲν
2614 2488 2721 2542 τῶν
2737 2489 3002 2545 Ἰουδαίων
3018 2492 3401 2580 ἀποδημοῦντα
3431 2493 3785 2564 Συναγωγῆς,

2221 2578 2411 2632 ἑαυτὸν
2477 2580 2535 2632 δὲ
2607 2580 2808 2650 μᾶλλον
2871 2585 2984 2646 τοῖς
3049 2578 3360 2651 ἀλλογενέσι
3426 2584 3784 2656 δωρούμενον.

2232 2668 2506 2735 Ἰουδαίοις
2537 2669 2636 2740 μὲν
2673 2672 2782 2744 γὰρ
2812 2673 2894 2726 ὅτι
2923 2673 3041 2743 ’ἡξει
3074 2674 3168 2727 καὶ
3206 2675 3299 2728 ἐπὶ
3327 2674 3469 2729 τίσιν
3498 2677 3788 2745 ἀναφανεῖν

2219 2775 2308 2812 ται
2340 2759 2590 2829 Χριστὸς,
2619 2762 2647 2813 6
2679 2761 2766 2814 διὰ
2791 2763 3031 2826 Μωσέως
3059 2764 3343 2834 διήγγελλε
3365 2765 3546 2835 νόμος,
3577 2783 3791 2837 προφη-

2219 2848 2330 2902 τῶν
2354 2848 2413 2902 δὲ
2448 2852 2476 2902 6
2511 2851 2820 2922 πάνσεμνος
2849 2853 3182 2924 ἀνεκήρυττε
3213 2855 3373 2926 χορὸς
3395 2897 3410 2920 ,
3465 2857 3560 2909 καὶ
3599 2874 3789 2927 μονον-

2220 2941 2340 3009 ουχὶ
2366 2943 2609 3012 παρόντα
2649 2942 2834 2996 λοιπὸν
2866 2945 2956 2996 ἐπὶ
2995 2945 3185 3016 θύραις
3231 2946 3540 3000 ἐπεδείκνυε
3575 2948 3748 3016 λέγων
3773 2966 3786 2979 '

2228 3050 2246 3082 ι
2285 3031 2416 3085 Ἰδοὺ
2446 3036 2474 3087 6
2504 3034 2635 3098 Θεὸς
2661 3034 2850 3105 ἡμῶν,
2888 3036 2996 3088 ίδοὺ
3024 3036 3246 3107 Κύριος.
3279 3055 3299 3090 ι
3347 3039 3456 3092 Καὶ
3482 3039 3790 3105 τελευταῖος

2221 3121 2314 3173 ἐπὶ
2340 3123 2504 3175 πᾶσιν
2540 3124 2569 3176 6
2597 3123 2769 3194 μέγας
2796 3126 2853 3178 ὲν
2879 3129 3156 3196 γεννητοῖς
3197 3128 3468 3195 γυναικῶν
3514 3129 3788 3201 Ἰωάννης,

419 3245 432 3253 .
543 3221 961 3270 conversantem
1002 3219 1367 3283 monstrabat,
1399 3221 1588 3277 dicens
1622 3241 1635 3276 :
1676 3241 1696 3274 ‹
1741 3221 1882 3280 Ecce
1930 3227 2117 3297 Agnus

2222 3209 2320 3281 ήδη
2353 3211 2657 3280 πεφηνότα,
2689 3212 2782 3265 καὶ
2807 3212 3260 3283 συνδιαιτώμενον
3293 3214 3526 3285 φανερὸν
3555 3215 3786 3286 καθίστη

2219 3303 2408 3372 λέγων,
2449 3323 2468 3356 ι
2496 3305 2600 3358 Ἴδε
2631 3307 2659 3358 6
2687 3305 2884 3377 Ἀμνὸς
2914 3306 3006 3359 τοῦ
3047 3307 3180 3359 Θεοῦ
3211 3308 3239 3360 6
3271 3307 3442 3379 αίρων
3479 3310 3580 3380 τὴν
3607 3311 3788 3380 ἀμαρ-

2218 3393 2336 3446 τίαν
2368 3395 2462 3448 τοῦ
2490 3396 2715 3466 κόσμου.
2737 3415 2755 3448 ι
2792 3396 2901 3449 Καὶ
2935 3396 3056 3450 τότε
3081 3397 3297 3452 πάντων
3337 3400 3784 3472 παραδοξότερον,

2218 3486 2306 3539 διὰ
2335 3486 2543 3539 πολλῶν
2592 3488 2933 3559 πραγμάτων
2955 3529 2970 3554 ,
3017 3489 3301 3561 δυνάμεως
3327 3508 3386 3543 τε
3425 3491 3518 3546 καὶ
3542 3492 3788 3556 ἐξουσίας

2221 3575 2556 3650 θεοπρεποῦς
2590 3580 2779 3634 ἑαυτὸν
2816 3582 2844 3634 6
2865 3581 3057 3654 Σωτὴρ
3087 3581 3437 3648 ὲξεκάλυπτε.
3491 3583 3559 3636 Τί
3587 3584 3651 3654 δὴ
3681 3583 3788 3637 λοι-

2220 3664 2319 3717 πὸν
2345 3667 2437 3720 ἐπὶ
2461 3666 2672 3732 τούτοις
2697 3669 2748 3721 οἱ
2787 3670 2924 3740 πρὸς
2957 3670 3219 3734 ὲκτόπους
3255 3670 3498 3740 άχάλινοι
3525 3671 3789 3742 μελετῶσι

2221 3756 2452 3827 βουλάςς
2503 3759 2738 3814 Φονῶσιν
2787 3762 3007 3828 ἀδίκως,
3041 3762 3447 3817 ἐπιϐουλεύουσι
3490 3763 3786 3827 δυσσεϐῶς,

2220 3849 2438 3920 φονοῦσι
2476 3851 2824 3924 δυστρόπως,
2860 3854 2964 3925 γῆς
2991 3871 3051 3907 τε
3081 3853 3174 3908 καὶ
3214 3854 3423 3919 πόλεως
3454 3858 3552 3926 τῆς
3583 3853 3789 3909 ἑαυτῶν

2219 3944 2560 4010 ἐξελαύνουσι
2592 3947 2690 4018 τὴν
2718 3946 2895 4019 ζωὴν,
2923 3949 2983 4001 τὺ
3016 3947 3130 4018 φῶς
3154 3987 3169 4013 ,
3202 3948 3303 4020 τὴν
3332 3949 3588 4003 ἁπάντων
3615 3965 3788 4018 σωτη-

2220 4037 2359 4110 ρίαν,
2385 4038 2484 4108 τὴν
2508 4039 2588 4101 είς
2608 4037 2882 4108 βασιλείαν
2912 4039 3048 4102 ὁδὸν,
3071 4040 3163 4092 καὶ
3185 4038 3294 4092 τῶν
3329 4037 3790 4110 πλημμελούντων

2217 4127 2314 4198 τὴν
2358 4129 2583 4197 ἄφεσιν,
2623 4129 2722 4200 τῆς
2755 4129 3028 4192 υἱοθεσίας
3062 4130 3153 4182 τδν
3187 4130 3439 4200 χορηγόν.
3499 4128 3601 4182 Διά
3631 4129 3788 4183 τοῦτο

2216 4220 2438 4284 δικαίως
2468 4221 2702 4290 ἔφασκεν
2737 4223 2766 4274 6
2796 4223 2988 4292 Σωτήρ
3010 4239 3024 4253 ’
3063 4242 3082 4274 ι
3119 4223 3493 4294 Ἰερουσαλὴμ,
3517 4223 3786 4292 Ἰερουσα-

2215 4311 2279 4382 λὴ
2289 4331 2347 4382 μ,
2370 4314 2403 4384 ὴ
2429 4314 2822 4368 ἀποκτείνουσα
2843 4315 2968 4377 τοὺς
2991 4315 3298 4385 προφήτας,
3320 4314 3414 4367 καὶ
3437 4311 3785 4367 λιθοϐολοῦσα

2217 4405 2339 4466 τοὺς
2376 4404 2816 4473 ἀπεσταλμένους
2862 4404 2996 4474 πρὸς
3034 4403 3202 4474 αὐτὴν
3226 4443 3240 4468 ,
3286 4403 3516 4467 ποσάκις
3547 4403 3786 4472 ἠθέλησα

543 4488 650 4544 sub
675 4489 813 4554 alas,
847 4497 901 4544 et
940 4493 1200 4547 noluisti?
1242 4494 1381 4550 Ecce
1423 4498 1770 4567 relinquetur
1824 4502 1980 4556 vobis
2019 4504 2117 4558 do-

2221 4499 2640 4566 ὲπισυναγαγεῖν
2667 4497 2734 4550 τά
2755 4496 2918 4551 τέκνα
2944 4515 3057 4562 σου,
3085 4495 3143 4548 ὃν
3161 4496 3360 4566 τρόπον
3382 4495 3530 4566 ὅρνις
3561 4495 3785 4548 ἐπισυν-

545 4595 669 4634 mus
697 4589 871 4634 vestra
903 4581 1118 4637 deserta
1143 4584 1205 4635 ιο.
1242 4601 1260 4634 ι
1293 4586 1623 4640 Samaritani
1647 4603 1778 4642 vero
1800 4589 2113 4649 Judazorum

501 4659 504 4664 ’
548 4672 798 4726 vecordia
829 4674 1084 4728 videntur
1119 4675 1378 4744 potiores,
1412 4693 1644 4747 quorum
1675 4680 1928 4737 duritiem
1977 4683 2114 4740 faei-

544 4759 701 4815 litate
730 4777 828 4816 sua
862 4764 1164 4828 vincentes,
1197 4781 1307 4820 uno
1327 4766 1600 4822 duntaxat
1629 4770 1816 4825 audito
1846 4773 2114 4830 miraculo

544 4851 835 4906 confestim
888 4855 955 4910 ad
1003 4855 1190 4912 Jesum
1251 4870 1567 4926 accurrunt,
1629 4877 1738 4917 non
1795 4873 2111 4922 sanctorum

544 4939 934 5009 prophetarum
958 4945 1183 5000 vocibus
1218 4947 1449 5013 inducti,
1476 4967 1585 5006 non
1616 4951 1869 5012 Mosaicis
1905 4972 2113 5026 praeco-

543 5028 674 5093 niis,
713 5039 805 5082 aut
845 5029 1074 5090 Joannis
1128 5036 1484 5106 iudicatione,
1531 5041 1627 5096 sed
1677 5046 1842 5100 unius
1889 5047 2116 5117 ejusque

541 5121 869 5191 peccatricis
921 5125 1250 5181 muliercula
1309 5131 1646 5186 narratione.
1717 5133 1848 5188 Jure
1930 5137 2115 5207 itaque

546 5211 853 5270 Servatoris
889 5215 943 5269 in
971 5232 1066 5272 eos
1096 5219 1432 5276 admirantes
1461 5224 1810 5291 sententiam,
1843 5229 2115 5286 exclame-

544 5317 707 5358 mus:
742 5321 761 5355 ι
791 5302 984 5361 Justus
1035 5323 1115 5371 es,
1155 5307 1415 5375 Domine,
1471 5323 1522 5367 et
1563 5324 1772 5369 rectum
1841 5317 2110 5386 judicium

543 5401 692 5446 tuum
728 5394 790 5446 “.
834 5412 853 5446 ι

2219 4589 2340 4657 άγει
2372 4589 2440 4642 τά
2473 4589 2661 4643 νοσσία
2688 4589 2884 4659 ἑαυτῆς
2917 4586 3022 4640 ὑπὸ
3055 4586 3152 4650 τὰς
3186 4586 3490 4656 πτέρυγας,
3545 4585 3639 4639 καὶ
3688 4586 3788 4638 οὐκ

2214 4680 2513 4750 ἠθελήσατε
2536 4679 2698 4745 ;Ἰδοὺ
2728 4678 2945 4747 ἀφίεται
2975 4679 3103 4748 ὑμῖν
3129 4673 3315 4739 ὁοῒκος
3339 4677 3492 4747 ὑμῶν
3511 4675 3739 4747 ἔρημος.
3764 4693 3780 4725 ι

2215 4773 2545 4842 Σαμαρεῖται
2567 4771 2622 4823 δὲ
2649 4769 2760 4823 τῶν
2787 4770 3051 4823 Ἰουδαίων
3104 4768 3359 4832 ἀπονοίας
3403 4767 3787 4834 ἀναφαίνονται

2216 4862 2522 4934 κρείττονες
2545 4903 2559 4926 ,
2588 4863 2682 4914 καὶ
2713 4861 2810 4933 τὴν
2842 4861 3065 4915 ἐνοῦσαν
3093 4861 3276 4925 αὐτοῖς
3307 4859 3637 4927 δυσμάθειαν
3668 4859 3786 4920 ταῖς

2216 4949 2550 5014 εὐπειθείαις
2573 4951 2894 5021 νικήσαντες
2913 4995 2926 5016 ,
2960 4951 3076 5014 ἐνὸς
3106 4951 3198 5004 καὶ
3228 4951 3389 5022 μόνου
3418 4948 3787 5004 κατακούσαν-

2215 5062 2305 5106 τες
2351 5041 2656 5113 θαύματος,
2699 5042 2946 5113 δρομαῖοι
2974 5041 3276 5111 βαδίζουσιν
3307 5041 3398 5095 ἐπὶ
3428 5042 3516 5095 τὸν
3558 5041 3782 5111 Ἰησοῦν,

2215 5136 2276 5187 ού
2299 5137 2420 5197 ταῖς
2443 5133 2550 5186 τῶν
2579 5134 2744 5201 ἁγίων
2766 5133 3056 5204 προφητῶν
3073 5133 3532 5202 ἀναπεπεισμένοι
3560 5135 3782 5202 φωναῖς,

2214 5227 2274 5278 οὐ
2309 5227 2622 5287 Μωσαῖκοϊς
2655 5223 3031 5295 κηρύγμασιν,
3083 5223 3116 5293 ἢ
3155 5227 3275 5288 ταῖς
3312 5225 3558 5278 Ἰωάννου
3585 5225 3784 5279 δακτυ-

2215 5319 2523 5383 λοδειξίαις,
2596 5317 2732 5370 ἀλλά
2789 5317 2916 5386 μιᾶς
2983 5317 3168 5379 αὐτοῖς
3229 5317 3630 5386 ἐξηγουμένης,
3693 5317 3785 5368 καὶ

2217 5411 2372 5465 τοῦτο
2408 5409 2729 5480 άμαρτωλοῦ
2763 5408 3038 5476 γυναικός.
3099 5407 3347 5476 Εὺλόγως
3373 5408 3657 5479 τοιγαροῦν
3687 5409 3786 5477 τὴν

542 5484 626 5536 ἔπ’
656 5487 851 5551 αὐτοὺς
883 5489 978 5543 τοῦ
1008 5488 1258 5560 Σωτῆρος
1290 5491 1763 5564 ἀποθαυμάξοντες
1787 5497 1983 5570 ψῆφον,
2016 5503 2108 5557 καὶ
2145 5507 2304 5577 ήμείς
2331 5501 2814 5574 ἀναςρθεγξώμεθα⁹
2866 5524 2883 5555 ι
2908 5504 3121 5568 Δίκαιος
3152 5501 3234 5570 εί,
3266 5503 3436 5574 Κύριε
3463 5545 3476 5568 ,
3537 5505 3626 5557 καὶ
3693 5506 3783 5558 εὐ-

545 5573 661 5626 θεῖα
691 5579 725 5647 ἢ
766 5581 948 5650 κρίσις
975 5598 1090 5635 σου.
1124 5601 1142 5634 ι

605 5749 625 5778 ³
663 5749 764 5808 lsa.
800 5771 887 5822 XL,
925 5758 977 5813 9.
1057 5760 1076 5790 ’
1107 5759 1263 5817 Joan.
1298 5762 1450 5828 1,*29.
1535 5764 1574 5796 ¹⁰
1606 5763 1795 5821 Matth.
1825 5783 1978 5834 uin,
2002 5772 2089 5840 57,

2291 5779 2325 5808 ”
2363 5776 2504 5832 l‘sal.
2538 5792 2736 5842 cui”,
2781 5777 2898 5832 l37.
