4090 6266
337 151 368 160 ο

324 325 418 388 521

1350 308 1417 364 1N
1456 307 1747 364 JOANNIS
1770 304 2231 363 EVANGELIUM
2271 303 2398 359 LIB.
2437 305 2503 359 11.

3455 300 3564 352 322

407 437 510 489 Ἐν
527 431 594 484 δὲ
604 427 686 494 τῷ
693 421 916 497 μεταξὺ
928 419 1168 491 ἠρώτων
1184 420 1368 475 αὐτόν
1381 423 1434 474 οἱ
1446 420 1702 490 μαθηταὶ
1712 419 1898 474 ἀύτοῦ

2072 416 2161 481 IV,
2195 417 2282 470 51.
2319 415 2531 469 Interea
2575 412 2832 484 rogabant
2876 426 2992 464 eum
3039 408 3288 476 discipuli
3326 408 3461 478 ejus,
3489 411 3565 463 di-

323 524 610 592 λέγοντες
629 533 644 550 ·
692 514 899 577 Ῥαϐϐὶ,
925 513 1096 582 φάγε.
1138 511 1200 562 '0
1231 509 1299 562 δὲ
1321 510 1488 562 εἷπεν
1513 507 1735 574 αὐτοῖς.

397 611 690 680 Οἰκονομεῖ
721 606 817 677 μὲν
850 604 1042 674 ἄριστα
1083 600 1180 654 τοῦ
1211 599 1417 670 βιὸλίου
1443 599 1538 671 τὴν
1571 599 1892 669 συγγραφὴν

325 707 355 758 ὁ
383 701 671 759 Θεσπέσιος
714 689 1127 760 εὐαγγελιστὴς,
1176 687 1584 760 παραλιμπάνει
1635 686 1693 738 δὲ
1741 686 1893 738 οὐδὲν

327 793 439 847 τῶν
468 793 567 844 ὅσα
605 788 666 858 δὴ
704 786 915 846 πάντως
946 785 1058 844 τοῖς
1102 779 1504 848 ἐντευξομένοις
1553 777 1770 830 ἔσεσθαι
1805 793 1895 829 πι-

334 880 513 932 στεύει
535 872 800 942 λυσιτελῆ.
839 872 1036 922 Ἀκουε
1061 868 1237 921 τοίνυν
1263 869 1411 930 ὅπως
1441 869 1572 936 ἡμῖν
1602 866 1895 934 ἀξιολογω-

332 973 492 1027 τάτου
529 967 850 1039 πράγματος
883 961 1144 1031 γεγονότα
1183 959 1344 1014 πάλιν
1388 959 1753 1029 ὑπογραμμὸν
1785 960 1897 1010 εἰσ-

332 1064 482 1132 φέρει
502 1059 591 1112 τὸν
628 1055 856 1126 Ἰησοῦν.
891 1054 1054 1107 Οὐδὲν
1087 1051 1192 1121 γάρ
1223 1046 1374 1120 οἶμαι
1407 1049 1682 1102 τεθεῖσθαι
1717 1050 1894 1119 μάτην

326 1154 382 1204 ἐν
410 1154 525 1212 ταῖς
554 1147 662 1200 τῶν
685 1146 857 1214 ἁγίων
892 1144 1252 1212 συγγραφαῖς,
1287 1140 1421 1193 ἀλλά
1441 1140 1534 1192 καὶ
1561 1139 1696 1209 ὅπερ
1723 1139 1788 1192 ἄν
1813 1156 1895 1201 τις

323 1242 500 1310 οἴηται
531 1227 724 1309 μικρὸν
743 1276 759 1302 ,
807 1236 906 1287 οὐκ
947 1231 1416 1302 εὐκαταφρόνητον
1444 1229 1631 1282 ὠδῖνον
1670 1228 1780 1280 ἐσθ’
1806 1229 1894 1280 ὅτε

321 1333 420 1404 τήν
442 1330 711 1399 ὠφέλειαν
739 1325 1073 1396 εὑρίσκεται.
1134 1321 1458 1392 Ἀρξάμενος
1484 1317 1773 1388 τοιγαροῦν
1797 1319 1894 1386 τῆς

324 1417 678 1490 Σαμαρειτῶν
708 1415 1062 1484 ἐπιστροφῆς,
1078 1412 1171 1465 καὶ
1192 1413 1313 1464 ὅσον
1340 1409 1549 1463 οὐδέπω
1588 1406 1896 1478 προσδοκω-

327 1511 502 1582 μένων
529 1506 707 1563 αὐτῶν
729 1523 745 1538 δ
791 1505 909 1575 ᾔδει
934 1505 1042 1574 γὰρ
1081 1502 1306 1572 ⁴’ήξοντας
1345 1501 1420 1562 ὡς
1442 1501 1570 1562 Θεός
1594 1517 1607 1529 ·
1654 1498 1772 1561 ὅλος
1797 1498 1894 1568 μὲν

323 1597 387 1664 ἐξ
413 1599 542 1655 ὅλου
562 1596 703 1666 ’πρὸς
735 1595 832 1664 τὴν
864 1593 970 1646 τῶν
998 1591 1345 1662 κεκλημένων
1387 1589 1658 1660 σωτηρίαν
1690 1587 1892 1641 συντεί-

327 1703 510 1753 νεται,
559 1687 795 1738 ποιεῖται
836 1683 894 1737 δὲ
939 1683 1096 1752 λόγον
1139 1682 1328 1736 οὐδένα
1368 1683 1465 1752 τῆς
1511 1681 1606 1733 τοῦ
1649 1679 1896 1750 σώματος

1995 519 2207 562 centes:
2241 505 2428 569 Rabbi,
2460 504 2750 558 manduca.
2781 501 2884 556 Ille
2909 511 3085 554 autem
3120 498 3246 550 dicit
3288 500 3386 552 eis.

2069 598 2226 667 196
2268 597 2495 650 Divinus
2524 595 2858 664 evangelista
2894 591 3158 661 prmclaro
3182 590 3378 641 librum
3405 603 3566 643 suum

1993 689 2186 744 ordine
2217 687 2516 756 componit,
2553 686 2798 754 nihilque
2827 680 3189 752 praetermittit
3226 694 3415 734 eorum
3447 695 3567 748 quae

1993 777 2296 832 lectoribus
2328 777 2452 830 usui
2478 775 2594 830 fore
2627 775 2925 831 existimat.
2950 772 3090 825 Audi
3117 786 3247 840 ergo
3275 785 3387 840 quo
3410 780 3571 840 pacto

1993 871 2071 925 rei
2109 868 2540 939 praeclarissima
2569 866 2754 921 Jesum
2806 865 2965 920 nobis
3016 863 3325 931 exemplum
3373 875 3568 916 rursus

1993 968 2216 1016 statuat.
2258 960 2405 1014 Nihil
2440 961 2585 1015 enim
2625 959 2830 1012 frustra
2859 959 2912 1010 in
2939 967 3258 1012 sanctorum
3295 954 3450 1008 libris
3477 968 3568 1022 po-

1993 1053 2158 1108 situm
2204 1067 2328 1107 esse
2354 1059 2507 1120 puto,
2547 1049 2641 1104 sed
2673 1048 2820 1118 quod
2865 1061 3093 1117 parvum
3124 1046 3428 1110 existimas,
3461 1059 3568 1098 non

1993 1141 2361 1212 poenitendam
2397 1141 2726 1210 quandoque
2772 1139 3065 1192 utilitatem
3111 1137 3384 1206 parturire
3427 1149 3570 1188 com-

1995 1233 2192 1303 perics.
2225 1232 2556 1301 Auspicatus
2580 1231 2746 1300 igitur
2775 1245 2804 1282 a
2834 1227 3308 1296 Samaritanorum
3337 1239 3570 1280 conver-

1995 1325 2170 1386 sione,
2197 1333 2251 1378 et
2278 1339 2400 1378 cum
2423 1323 2647 1391 jamjam
2671 1327 3125 1390 caspectarentur
3155 1319 3255 1388 ipsi
3290 1322 3572 1385 (venturos

1994 1415 2141 1469 enim
2171 1423 2426 1478 noverat,
2455 1421 2515 1467 ut
2540 1412 2727 1480 Deus),
2755 1419 2903 1466 totus
2933 1412 2990 1465 in
3024 1411 3253 1465 salutem
3271 1410 3572 1464 electorum

1996 1506 2286 1568 incumbit,
2329 1505 2606 1560 nutriendi
2659 1519 2790 1559 vero
2838 1503 3085 1573 corporis
3135 1516 3321 1556 curam
3369 1500 3572 1554 nullam

1997 1595 2177 1660 habet,
2221 1597 2349 1650 licet
2392 1597 2556 1650 etiam
2605 1612 2670 1650 ex
2717 1597 2912 1649 itinere
2951 1593 3304 1663 defatigatus,
3341 1598 3401 1645 ut
3436 1591 3572 1646 scri-

2001 1695 2154 1757 ptum
2213 1696 2297 1742 est
2329 1688 2407 1752 ¹²,
2467 1701 2577 1757 quo
2628 1687 2888 1741 nimirum
2941 1684 3197 1739 Ecclesiae
3255 1683 3574 1744 doctoribus

327 1776 538 1847 τροφῆς
557 1815 573 1840 ,
599 1775 775 1845 καίτοι
803 1773 899 1828 καὶ
926 1771 1222 1843 κεκμηκὼς
1256 1773 1320 1824 ἐκ
1340 1771 1439 1840 τῆς
1467 1770 1796 1840 ὁδοιπορίας,
1821 1769 1898 1832 ὡς

2004 1778 2177 1832 denuo
2204 1778 2398 1848 prosit,
2434 1785 2488 1832 et
2529 1777 2772 1831 laborem
2805 1775 3092 1845 aspernari
3139 1775 3357 1836 doceat,
3398 1773 3574 1841 majo-

329 1871 662 1938 γέγραπται,
692 1866 779 1918 ἵνα
804 1864 892 1918 διά
917 1863 1106 1916 τούτου
1141 1861 1300 1915 πάλιν
1323 1863 1448 1928 τούς
1477 1863 1534 1914 ἐν
1568 1863 1684 1922 ταῖς
1704 1859 1899 1928 ἐκκλη-

336 1959 479 2022 σίαις
520 1957 776 2029 ὠφελήσῃ
801 1955 1155 2018 διδασκάλους
1174 1993 1189 2018 ,
1233 1954 1328 2007 καὶ
1360 1954 1606 2023 καμάτου
1638 1953 1735 2022 μὲν
1761 1967 1897 2004 παν-

334 2051 422 2113 τὸς
444 2048 710 2121 ἀναπείσῃ
755 2048 1054 2118 περιορᾷν,
1100 2045 1384 2116 κρείττονα
1421 2045 1475 2098 δὲ
1521 2044 1623 2113 τῆς
1659 2045 1787 2113 περὶ
1838 2041 1898 2095 τὸ

331 2141 492 2210 σῶμα
522 2138 798 2210 φροντίδος
851 2139 950 2208 τὴν
981 2139 1073 2190 ἐπὶ
1110 2141 1225 2201 τοῖς
1275 2135 1602 2206 σωζομένοις
1627 2134 1895 2190 ποιεῖσθαι

329 2231 585 2300 σπουδήνο
619 2248 638 2281 ι
667 2229 802 2282 Οὐαὶ
824 2229 952 2300 γάρ,
978 2229 1140 2298 φησὶν
1159 2229 1189 2280 ό
1212 2228 1514 2299 προφήτης,
1543 2229 1593 2280 οἱ
1621 2226 1900 2306 ποιοῦντες

323 2323 384 2376 τὸ
416 2321 578 2392 ἔργον
605 2320 810 2392 Κυρίου
845 2319 1082 2392 ἀμελῶς.
1117 2337 1139 2373 ι
1177 2320 1292 2372 Ἵνα
1315 2318 1493 2373 τοίνυν
1539 2318 1900 2390 μανθάνωμεν

325 2417 384 2467 ἐν
432 2415 545 2475 τοῖς
583 2410 844 2473 τοιούτοις
890 2409 1122 2482 μάλιστα
1157 2410 1370 2482 καιροῖς
1414 2411 1621 2463 ἀσιτεῖν
1671 2409 1900 2463 είωθότα

325 2505 415 2560 τὸν
438 2503 674 2574 Κύριον,
718 2501 1038 2574 ἐρωτῶντας
1063 2500 1304 2572 εἰσφέρει
1335 2501 1461 2564 τούς
1487 2500 1763 2571 μαθητὰς,
1810 2499 1905 2553 καὶ

331 2595 612 2666 μονονουχὶ
652 2592 1237 2664 προκυλινδουμένους,
1287 2594 1376 2646 ἶνα
1416 2593 1478 2663 δή
1513 2610 1564 2646 τι
1595 2593 1767 2663 βραχύ
1795 2591 1903 2644 τῶν

1996 1882 2221 1937 remque
2254 1867 2446 1922 salutis
2473 1868 2846 1936 proximorum
2883 1879 3047 1935 quam
3073 1864 3160 1918 sui
3191 1864 3446 1932 corporis
3477 1877 3576 1916 cu-

1995 1973 2110 2011 ram
2145 1972 2358 2026 gerere.
2388 1976 2406 2008 ι
2441 1957 2531 2012 Va:
2551 1957 2718 2022 enim,
2751 1956 2934 2026 inquit
2957 1955 3242 2026 propheta,
3265 1956 3358 2024 qui
3393 1954 3577 2009 facitis

1999 2061 2137 2115 Opus
2171 2044 2387 2100 Domini
2426 2046 2763 2116 negligenter
2800 2044 2863 2098 ¹³.
2906 2062 2926 2096 ›
2958 2042 3024 2098 Ut
3053 2058 3182 2113 ergo
3219 2043 3499 2099 discamus
3522 2043 3575 2096 in

2000 2135 2314 2191 istiusmodi
2357 2135 2592 2189 maxime
2621 2135 2956 2204 temporibus
2989 2133 3284 2188 Dominum
3323 2134 3577 2204 jejunare

1999 2225 2244 2288 solitum,
2278 2225 2685 2295 interrogantes
2732 2225 2942 2279 inducit
2987 2225 3308 2292 discipulos,
3359 2239 3424 2278 ac
3455 2231 3572 2277 tan-

1998 2325 2111 2372 tum
2145 2334 2254 2372 non
2305 2316 2538 2387 genibus
2590 2316 2885 2370 advolutos
2943 2323 3148 2384 petere,
3205 2321 3267 2367 ut
3301 2313 3578 2367 modicum

1999 2409 2127 2479 quid
2147 2423 2335 2463 eorum
2358 2423 2480 2478 quae
2511 2407 2869 2477 suppetebant
2903 2407 2958 2460 in
2992 2405 3364 2460 necessarium
3395 2404 3578 2459 cibum

2009 2507 2248 2570 caperet.
2285 2497 2562 2553 Petierant
2593 2499 2790 2568 quippe
2820 2497 3011 2552 urbem
3048 2505 3107 2552 ut
3135 2495 3289 2552 cibos
3317 2501 3579 2561 emerent,

2009 2605 2212 2660 eosque
2235 2589 2350 2659 jam
2393 2589 2711 2642 attulerant.

327 2688 780 2759 πεπορισμένων,
829 2688 905 2752 ὡς
948 2688 1318 2758 ἀπαραίτητόν
1352 2706 1411 2741 τε
1460 2688 1554 2741 κα)⁵
1597 2687 1899 2756 ἀναγκαίαν
1939 2686 2224 2756 ποιήσαιτο
2268 2686 2494 2755 τροφήν.
2531 2683 2906 2754 Ἀπελύθησαν
2943 2684 3052 2752 γάρ
3097 2684 3178 2746 είς
3242 2685 3342 2754 τὴν
3407 2681 3581 2740 πόλιν»

330 2784 413 2838 ἵνα
447 2783 653 2854 τροφὰς
700 2782 1044 2854 ἀγοράσωσιν
1065 2824 1082 2852 ,
1127 2783 1192 2846 ἃς
1226 2784 1320 2836 καὶ
1343 2783 1596 2854 παρῆσαν
1625 2783 1727 2853 ήδη
1758 2782 2238 2852 συγκομισάμενοι.

414 2874 555 2945 Ἐγὼ
578 2874 815 2943 ,βρῶσιν
832 2875 950 2944 ἔχω
970 2874 1180 2946 φαγεῖν
1199 2917 1214 2942 ,
1243 2873 1323 2943 ἢν
1349 2875 1516 2944 ὑμεῖς
1543 2876 1654 2928 οὐκ
1683 2874 1901 2928 οἴδατε.

2079 2870 2284 2936 ωδε.
2323 2869 2435 2941 Ego
2486 2871 2659 2924 cibum
2705 2869 2868 2924 habeo
2911 2870 3250 2934 manducare,
3296 2885 3447 2939 quem
3494 2886 3582 2926 ros

1911 3010 1928 3021 .
2009 2964 2240 3016 nescitis.

404 3049 711 3122 Χαριέντως
745 3050 846 3120 μὲν
877 3053 906 3104 ὁ
937 3050 1124 3124 Σωτὴρ
1169 3052 1274 3106 ἀπὸ
1302 3053 1409 3106 τῶν
1447 3054 1504 3106 ἐν
1541 3053 1698 3126 χερσὶ
1721 3071 1900 3124 πραγ-

2078 3053 2224 3108 Scite
2255 3052 2508 3108 Salvator
2545 3067 2576 3108 e
2602 3068 2660 3108 re
2691 3052 2946 3123 praesenti
2984 3051 3399 3120 responsionem
3423 3054 3584 3109 texit.

335 3144 522 3212 μάτων
566 3142 842 3212 ἐξυφαίνει
870 3143 966 3214 τὴν
1018 3145 1324 3215 ἀπόκρισιν.
1360 3147 1537 3199 Μόνον
1567 3147 1622 3199 δέ
1649 3146 1768 3216 οὐχί
1800 3164 1900 3217 φη-

335 3249 420 3286 σιν
451 3235 899 3303 ἐπεσκιασμένως
923 3274 938 3299 ,
983 3235 1058 3299 ὡς
1086 3237 1242 3307 εῐπερ
1281 3236 1467 3289 εἰδεῖεν
1492 3237 1646 3289 αὐτοὶ
1670 3237 1768 3308 τὴν
1798 3238 1902 3289 Σα-

333 3326 610 3396 μαρειτῶν
639 3326 732 3378 ἐπὶ
764 3325 933 3397 θύρας
963 3322 1128 3380 οὖσαν
1161 3326 1517 3398 ἐπιστροφὴν,
1544 3327 1759 3396 ἐκείνης
1786 3326 1904 3396 εχε-

331 3414 458 3468 σθαι
494 3415 694 3484 μᾶλλον
722 3415 795 3480 ὡς
817 3416 1031 3486 τρυφῆς
1049 3457 1062 3480 ,
1090 3417 1122 3495 ἢ
1153 3418 1330 3487 σάρκα
1353 3416 1570 3486 τρέφειν
1599 3415 1902 3470 ἀνέπειθον.

349 3504 443 3558 Ἐκ
470 3505 528 3558 δὲ
563 3504 627 3576 δὴ
649 3505 842 3558 τούτου
871 3506 1033 3558 πάλιν
1063 3507 1194 3576 ὅσην
1217 3505 1330 3576 ἔχει
1355 3505 1454 3576 τὴν
1478 3506 1558 3568 είς
1587 3503 1905 3574 ἀνθρώπους

331 3596 557 3665 ἀγάπην
603 3598 636 3666 ή
688 3594 807 3648 θεία
855 3596 1015 3665 φύσις
1048 3594 1225 3660 ἔξεστι
1277 3595 1502 3665 μαθεῖν’
1557 3595 1759 3666 τροφὴν
1797 3593 1907 3664 γὰρ

331 3685 526 3758 ὥσπερ
554 3687 769 3757 ήγεῖται
817 3687 909 3740 καὶ
937 3686 1148 3759 τρυφήν
1178 3686 1285 3740 τῶν
1312 3685 1664 3740 ἀπολωλότων
1692 3685 1790 3756 τὴν
1825 3687 1908 3750 είς

336 3777 613 3850 σωτηρίαν
632 3778 963 3849 ἀναδρομήν.

410 3871 664 3938 Ἔλεγον
681 3865 795 3924 οὖν
813 3872 866 3922 01
884 3869 1142 3938 μαθηταί
1165 3869 1312 3937 πρὸς
1333 3869 1648 3935 ἀλλήλους
1673 3885 1687 3899 ·
1720 3867 1908 3938 Μῆτις

332 3958 594 4029 ἤνεγκεν
631 3959 790 4026 αὐτῷ
821 3961 1034 4030 φαγεῖν
1053 3960 1256 4030 δΛέγει
1283 3961 1488 4026 αὐτοῖς
1515 3964 1546 4014 ό
1588 3961 1835 4028 Ἰησοῦς.

407 4052 687 4104 Σκοτεινὸν
723 4051 853 4104 ὄντα
883 4051 974 4103 τὸν
1000 4049 1155 4119 λόγον
1189 4051 1340 4104 οὔπω
1375 4051 1627 4114 συνέντες
1665 4053 1714 4104 oi
1745 4051 1912 4122 μαθη-

334 4145 449 4210 ταὶ,
471 4143 540 4196 τὰ
578 4142 836 4204 πολλάκις
881 4142 1138 4210 γεγονότα
1181 4143 1302 4196 καθ’
1333 4144 1556 4205 ἑαυτοὺς
1587 4141 1908 4210 ἐλογίζοντο,

339 4235 438 4287 καὶ
475 4235 608 4304 πρὸς
632 4233 730 4294 τὰς
761 4231 1008 4302 συνήθεις
1042 4233 1458 4286 καταϐαίνουσιν
1489 4233 1715 4299 ἐννοίας,
1746 4251 1914 4304 προσ-

339 4324 507 4394 ἦχθαι
545 4323 644 4393 μὲν
680 4322 784 4375 ὑπό
820 4340 910 4376 του
943 4323 1146 4394 τροφὴν
1176 4324 1574 4397 ὑποπτεύοντες
1607 4325 1784 4395 αὐτῷ,
1831 4343 1914 4379 τι-

2006 3141 2240 3200 Tantum
2275 3162 2386 3200 non
2449 3153 2630 3201 autem
2691 3147 3000 3211 subinnuit,
3048 3146 3195 3216 quod
3255 3145 3300 3201 si
3359 3155 3582 3202 nossent

2007 3235 2481 3292 Samaritanorum
2541 3238 2959 3292 conversionem
3007 3238 3144 3306 ipsis
3193 3238 3583 3307 propemodum

2005 3329 2301 3384 instantem
2356 3328 2590 3392 foribus,
2624 3328 2674 3383 ei
2716 3329 2899 3398 potius
2945 3328 3261 3381 incumbere
3314 3342 3412 3381 ceu
3448 3328 3584 3382 deli-

2005 3418 2108 3473 ciis
2161 3417 2646 3486 persuaderentur,
2704 3433 2866 3487 quam
2927 3416 3231 3472 nutrienda:
3285 3417 3438 3470 carni
3492 3432 3585 3470 va-

2006 3522 2153 3562 care.
2189 3507 2326 3561 Hinc
2359 3522 2491 3563 vero
2543 3508 2727 3562 denuo
2777 3509 2994 3564 discere
3054 3509 3185 3561 licet
3232 3515 3493 3577 quantam
3529 3508 3584 3563 in

2007 3596 2257 3652 homines
2292 3597 2489 3652 habeat
2535 3606 2734 3652 natura
2767 3597 2950 3652 divina
3004 3597 3329 3653 charitatem
3364 3615 3377 3651 :
3430 3597 3585 3652 cibo-

2007 3703 2126 3742 rum
2164 3689 2308 3743 enim
2345 3699 2399 3744 et
2431 3689 2756 3744 deliciarum
2802 3689 2922 3745 loco
2951 3690 3000 3746 ei
3028 3697 3116 3744 est
3153 3688 3490 3759 perditorum
3518 3689 3584 3744 ad

2007 3781 2240 3835 salutem
2267 3781 2530 3835 reversio.

2077 3870 2169 3936 IV,
2201 3872 2290 3925 55.
2338 3870 2593 3925 Dicebant
2619 3887 2739 3942 ergo
2765 3871 3013 3940 discipuli
3034 3872 3101 3925 ad
3124 3873 3381 3926 invicem:
3411 3870 3584 3924 Num-

2008 3963 2132 4032 quid
2166 3965 2358 4032 aliquis
2394 3964 2575 4018 attulit
2624 3966 2671 4018 ei
2705 3965 3066 4021 manducare?
3105 3965 3248 4018 Dicit
3285 3966 3361 4018 eis
3403 3965 3584 4020 Jesus.

2082 4051 2384 4106 Obscurum
2419 4069 2722 4110 sermonem
2768 4069 2892 4108 cum
2931 4054 3186 4122 discipuli
3225 4053 3468 4106 nondum
3498 4055 3584 4106 in-

2010 4143 2340 4212 telligerent,
2390 4160 2513 4214 quae
2545 4160 2688 4214 saepe
2723 4147 3064 4215 contigerant
3106 4146 3245 4213 apud
3290 4160 3348 4199 se
3373 4147 3582 4214 cogita-

2010 4233 2163 4298 bant,
2198 4243 2250 4288 et
2280 4234 2349 4289 de
2378 4251 2528 4289 more
2552 4236 2979 4304 suspicabantur
3014 4251 3043 4288 a
3064 4234 3298 4305 quodam
3324 4235 3372 4289 ei
3401 4235 3581 4288 cibum

2013 4326 2260 4390 allatum,
2296 4326 2663 4380 delicatiorem
2707 4327 2966 4379 nimirum
3017 4337 3070 4382 et
3119 4327 3400 4382 meliorem
3445 4341 3582 4397 quo-

343 4412 619 4483 μιωτέραδ
641 4411 696 4464 δέ
729 4429 864 4478 πως,
897 4413 930 4482 ἢ
960 4413 1053 4465 καὶ
1082 4413 1265 4484 ήδίονα
1291 4415 1390 4484 τῆς
1424 4415 1553 4485 παρ’
1585 4415 1764 4469 αὐτῶν
1785 4417 1902 4469 συλ-

2014 4414 2304 4470 dammodo
2334 4432 2398 4472 eo
2429 4431 2586 4486 quem
2622 4425 3000 4487 corrogarant.

341 4504 593 4572 λεγείσης
619 4503 882 4574 ὑπάρχειν
914 4503 1101 4574 αὐτήν.

424 4597 600 4666 Ἐμὸν
630 4593 842 4664 ,βρῶμά
890 4595 1062 4648 ἐστιν
1085 4636 1098 4660 ,
1159 4595 1258 4648 ἵνα
1303 4598 1534 4664 ποιήσω
1587 4599 1651 4652 τό
1685 4600 1911 4670 θέλημα

343 4689 445 4742 τοῦ
477 4686 830 4756 πέμψαντός
851 4701 949 4753 με,
973 4681 1070 4736 καὶ
1097 4684 1386 4737 τελειώσω
1409 4686 1594 4739 αὐτοῦ
1624 4687 1688 4740 τὸ
1713 4687 1906 4757 ἔργον.

414 4779 572 4834 Ὀλον
624 4776 944 4848 ἀπορρήξας
990 4775 1086 4827 τοῦ
1116 4774 1272 4844 λόγου
1312 4775 1372 4828 τὸ
1414 4777 1738 4848 κατάλυμμα

345 4873 607 4941 κάλυμμα
663 4878 757 4923 aut
812 4866 1184 4939 καταλύμμα]
1237 4868 1667 4941 διαφανεστάτην
1728 4872 1913 4934 αὐτοῖς

347 4963 590 5028 ἀπέδειξε
614 4963 710 5031 τὴν
742 4961 1025 5032 ἀλήθειαν,
1050 4961 1123 5023 ὡς
1151 4960 1206 5012 δὲ
1239 4961 1362 5013 ὅσον
1382 4962 1588 5014 οὐδέπω
1615 4964 1712 5032 τῆς
1736 4965 1912 5016 οίκου-

351 5055 515 5123 μένης
557 5052 830 5121 ἐσομένοις
867 5051 1207 5114 διδασκάλοις
1234 5051 1401 5104 τύπον
1424 5053 1612 5105 ἑαυτὸν
1645 5055 1906 5124 εἰσφέρει,

349 5141 601 5194 συντόνου
640 5156 698 5190 τε
744 5141 837 5192 καὶ
875 5139 996 5192 λίαν
1025 5139 1252 5209 ἀρίστης
1283 5138 1516 5208 σπουδῆς
1537 5179 1551 5203 ,
1606 5139 1703 5208 τῆς
1730 5140 1820 5190 ἐπὶ
1849 5140 1910 5192 τὸ

345 5231 545 5304 χρῆναι
567 5228 833 5280 διδάσκειν
860 5228 1081 5297 δηλαδὴ,
1107 5229 1197 5282 καὶ
1226 5229 1324 5297 τῆς
1355 5227 1655 5295 ἀναγκαίας
1683 5229 1774 5281 τοῦ
1808 5228 1912 5281 σώ-

350 5335 518 5390 ματος
551 5316 738 5388 χρείας
767 5314 1021 5382 δευτέραν
1047 5315 1274 5384 ἐχούσης
1317 5314 1404 5366 διά
1433 5313 1592 5366 τοῦτο
1617 5314 1715 5384 τὴν
1746 5331 1910 5384 φρον-

346 5410 482 5462 τίδα.
538 5406 744 5478 Βρῶμα
789 5405 896 5474 γὰρ
930 5399 1066 5456 εἶναι
1096 5404 1266 5471 λέγων
1305 5403 1483 5472 ἐαυτῷ
1507 5403 1914 5476 θυμηρέστατον

348 5502 408 5552 τὸ
435 5500 653 5569 ποιῆσαι
688 5496 749 5550 τὸ
773 5495 982 5564 θέλημα
1013 5493 1106 5545 τοῦ
1142 5493 1454 5563 πέμψαντος
1484 5494 1664 5560 αὐτὸν,
1711 5496 1803 5550 καὶ
1826 5513 1916 5550 τε·

426 5691 467 5720 "
497 5686 652 5742 Jean.
686 5703 761 5755 ιγ,
785 5687 835 5740 6.
922 5686 962 5716 "
988 5683 1185 5741 Jcrcm.
1214 5697 1380 5740 ηνιιι
1413 5723 1428 5750 ,
1468 5681 1555 5736 10.

2094 4591 2370 4662 ιθῃν,
2410 4593 2498 4648 54.
2543 4592 2689 4648 Meus
2732 4593 2878 4647 cibus
2909 4601 3008 4657 est,
3057 4601 3113 4647 ut
3151 4593 3345 4661 faciam
3397 4595 3584 4649 volun-

2023 4690 2185 4736 tatem
2209 4683 2321 4752 ejus
2355 4686 2446 4753 qui
2486 4685 2629 4739 misit
2657 4702 2756 4748 me,
2788 4695 2835 4737 et
2863 4685 3132 4753 perﬁciam
3168 4700 3295 4752 opus
3334 4686 3466 4754 ejus.

2090 4769 2252 4824 Omni
2288 4773 2555 4826 velamine
2587 4775 2858 4828 sermonis
2888 4773 3137 4842 disrupto
3178 4773 3580 4841 apertissimam

2019 4861 2265 4915 ostendit
2310 4861 2390 4915 eis
2446 4863 2762 4929 veritatem,
2824 4872 2879 4916 et
2927 4863 3039 4931 jam
3093 4863 3332 4931 seipsum
3385 4863 3583 4920 futuris

2018 4954 2171 5007 orbis
2201 4956 2480 5022 magistris
2509 4957 2814 5026 exemplum
2854 4957 3046 5010 statuit
3077 4957 3330 5010 acerrimi
3361 4964 3416 5010 et
3451 4971 3584 5026 preco

2018 5043 2149 5095 clari
2186 5043 2249 5094 ad
2279 5041 2581 5096 docendum
2621 5045 2786 5097 studii
2815 5083 2829 5107 ,
2875 5043 2962 5097 cui
3009 5045 3313 5098 necessaria
3337 5045 3585 5112 corporis

2016 5133 2179 5186 etiam
2229 5132 2609 5202 praeferantur.
2663 5133 2794 5186 Nam
2857 5149 2978 5187 cum
3028 5133 3420 5188 suavissimum
3477 5133 3583 5185 sibi

2016 5237 2140 5275 eum
2176 5223 2355 5276 cibum
2383 5238 2503 5277 esse
2530 5222 2700 5286 dicit,
2741 5225 2996 5277 nimirum
3029 5223 3210 5278 facere
3241 5221 3582 5273 voluntatem

2015 5313 2136 5382 ejus
2171 5329 2200 5366 a
2232 5329 2339 5383 quo
2364 5315 2566 5368 missus
2591 5323 2706 5376 est,
2732 5324 2785 5366 et
2819 5314 3080 5382 perlicere
3102 5313 3218 5380 ejus
3249 5324 3416 5376 opus,
3453 5321 3584 5374 apo-

2021 5405 2198 5460 stolici
2231 5404 2517 5459 ministerii
2549 5420 2748 5458 munus
2767 5403 3050 5459 describit.
3071 5402 3345 5464 Quantum
3376 5408 3505 5447 vero
3530 5395 3584 5448 in

2022 5497 2131 5552 illis
2161 5495 2402 5551 studium
2434 5497 2556 5554 es'se
2585 5495 2820 5562 debeat,
2869 5495 3015 5549 clare
3053 5484 3312 5544 ostendit.
3350 5481 3587 5539 Doceudi
