  <div class='ocr_page' id='page_1' title='image "/cluster/home/n/w/nwhite01/storage/ocr_20150623/73/mdp.39015078384479/169.png"; bbox 0 0 4090 6266; ppageno 0'>
   <div class='ocr_carea' id='block_1_1' title="bbox 533 329 638 386">
    <p class='ocr_par' dir='ltr' id='par_1_1' title="bbox 533 329 638 386">
     <span class='ocr_line' id='line_1_1' title="bbox 533 329 638 386; baseline 0.019 -2"><span class='ocrx_word' id='word_1_1' title='bbox 533 329 638 386; x_wconf 73' lang='grc'><strong>323</strong></span> 
     </span>
    </p>
   </div>
   <div class='ocr_carea' id='block_1_2' title="bbox 1508 317 2724 377">
    <p class='ocr_par' dir='ltr' id='par_1_2' title="bbox 1508 317 2724 377">
     <span class='ocr_line' id='line_1_2' title="bbox 1508 317 2724 377; baseline -0.002 -2"><span class='ocrx_word' id='word_1_2' title='bbox 1508 320 1566 377; x_wconf 89' lang='lat' dir='ltr'><strong>S.</strong></span> <span class='ocrx_word' id='word_1_3' title='bbox 1593 317 1871 376; x_wconf 83' lang='lat' dir='ltr'><strong>CYRILLI</strong></span> <span class='ocrx_word' id='word_1_4' title='bbox 1897 317 2372 376; x_wconf 76' lang='lat' dir='ltr'><strong>ALEXANDRINI</strong></span> <span class='ocrx_word' id='word_1_5' title='bbox 2408 317 2724 376; x_wconf 77' lang='lat' dir='ltr'><strong>ARCHIEP.</strong></span> 
     </span>
    </p>
   </div>
   <div class='ocr_carea' id='block_1_3' title="bbox 3670 319 3779 376">
    <p class='ocr_par' dir='ltr' id='par_1_3' title="bbox 3670 319 3779 376">
     <span class='ocr_line' id='line_1_3' title="bbox 3670 319 3779 376; baseline -0.018 0"><span class='ocrx_word' id='word_1_6' title='bbox 3670 319 3779 376; x_wconf 57' lang='lat'><strong>3‘36</strong></span> 
     </span>
    </p>
   </div>
   <div class='ocr_carea' id='block_1_4' title="bbox 532 425 2108 501">
    <p class='ocr_par' dir='ltr' id='par_1_4' title="bbox 532 431 2100 501">
     <span class='ocr_line' id='line_1_4' title="bbox 532 431 2100 501; baseline -0.01 -3"><span class='ocrx_word' id='word_1_7' title='bbox 532 442 678 497; x_wconf 91' lang='lat' dir='ltr'><strong>enim</strong></span> <span class='ocrx_word' id='word_1_8' title='bbox 711 453 860 494; x_wconf 66' lang='lat' dir='ltr'><strong>cura</strong></span> <span class='ocrx_word' id='word_1_9' title='bbox 886 436 1131 494; x_wconf 87' lang='lat' dir='ltr'><strong>intentos</strong></span> <span class='ocrx_word' id='word_1_10' title='bbox 1161 434 1285 490; x_wconf 89' lang='lat' dir='ltr'><strong>illos</strong></span> <span class='ocrx_word' id='word_1_11' title='bbox 1319 446 1443 488; x_wconf 85' lang='lat' dir='ltr'><strong>esse</strong></span> <span class='ocrx_word' id='word_1_12' title='bbox 1471 431 1736 486; x_wconf 95' lang='lat' dir='ltr'><strong>duntaxat</strong></span> <span class='ocrx_word' id='word_1_13' title='bbox 1763 437 1975 501; x_wconf 88' lang='lat' dir='ltr'><strong>oportet</strong></span> <span class='ocrx_word' id='word_1_14' title='bbox 1997 469 2014 496; x_wconf 92' lang='lat'><strong>,</strong></span> <span class='ocrx_word' id='word_1_15' title='bbox 2043 437 2100 484; x_wconf 91' lang='lat' dir='ltr'><strong>et</strong></span> 
     </span>
    </p>
   </div>
   <div class='ocr_carea' id='block_1_5' title="bbox 2206 425 3784 501">
    <p class='ocr_par' dir='ltr' id='par_1_5' title="bbox 2206 425 3784 499">
     <span class='ocr_line' id='line_1_5' title="bbox 2206 425 3784 499; baseline -0.003 -14"><span class='ocrx_word' id='word_1_16' title='bbox 2206 429 2421 487; x_wconf 79' lang='grc' dir='ltr'>λειῶἁαι</span> <span class='ocrx_word' id='word_1_17' title='bbox 2465 431 2629 486; x_wconf 89' lang='grc' dir='ltr'>αὑτοῦ</span> <span class='ocrx_word' id='word_1_18' title='bbox 2674 430 2735 482; x_wconf 87' lang='grc' dir='ltr'><strong>τὸ</strong></span> <span class='ocrx_word' id='word_1_19' title='bbox 2765 427 2960 498; x_wconf 73' lang='grc' dir='ltr'>ἔργον,</span> <span class='ocrx_word' id='word_1_20' title='bbox 3009 427 3107 498; x_wconf 80' lang='grc' dir='ltr'>τῆς</span> <span class='ocrx_word' id='word_1_21' title='bbox 3147 427 3246 499; x_wconf 80' lang='grc' dir='ltr'>μὲν</span> <span class='ocrx_word' id='word_1_22' title='bbox 3286 425 3648 496; x_wconf 66' lang='grc' dir='ltr'>ἀΜστολικῆς</span> <span class='ocrx_word' id='word_1_23' title='bbox 3671 427 3784 480; x_wconf 73' lang='grc' dir='ltr'>λειο-</span> 
     </span>
    </p>
   </div>
   <div class='ocr_carea' id='block_1_6' title="bbox 533 521 2106 588">
    <p class='ocr_par' dir='ltr' id='par_1_6' title="bbox 533 521 2106 588">
     <span class='ocr_line' id='line_1_6' title="bbox 533 521 2106 588; baseline -0.007 -3"><span class='ocrx_word' id='word_1_24' title='bbox 533 547 562 585; x_wconf 87' lang='lat' dir='ltr'><strong>a</strong></span> <span class='ocrx_word' id='word_1_25' title='bbox 587 530 770 585; x_wconf 89' lang='lat' dir='ltr'><strong>carnis</strong></span> <span class='ocrx_word' id='word_1_26' title='bbox 794 529 1010 583; x_wconf 77' lang='lat' dir='ltr'><strong>deliciis</strong></span> <span class='ocrx_word' id='word_1_27' title='bbox 1038 528 1092 581; x_wconf 91' lang='lat' dir='ltr'><strong>in</strong></span> <span class='ocrx_word' id='word_1_28' title='bbox 1113 536 1327 580; x_wconf 86' lang='lat' dir='ltr'><strong>tantum</strong></span> <span class='ocrx_word' id='word_1_29' title='bbox 1357 521 1646 588; x_wconf 84' lang='lat' dir='ltr'><strong>recedere,</strong></span> <span class='ocrx_word' id='word_1_30' title='bbox 1678 529 1738 577; x_wconf 93' lang='lat' dir='ltr'><strong>ut</strong></span> <span class='ocrx_word' id='word_1_31' title='bbox 1767 536 1835 577; x_wconf 90' lang='lat' dir='ltr'><strong>ne</strong></span> <span class='ocrx_word' id='word_1_32' title='bbox 1858 535 2106 576; x_wconf 83' lang='lat' dir='ltr'><strong>necessa-</strong></span> 
     </span>
    </p>
   </div>
   <div class='ocr_carea' id='block_1_7' title="bbox 533 610 2105 688">
    <p class='ocr_par' dir='ltr' id='par_1_7' title="bbox 533 610 2105 688">
     <span class='ocr_line' id='line_1_7' title="bbox 533 610 2105 688; baseline -0.007 -13"><span class='ocrx_word' id='word_1_33' title='bbox 533 624 677 675; x_wconf 85' lang='lat' dir='ltr'><strong>rium</strong></span> <span class='ocrx_word' id='word_1_34' title='bbox 714 617 934 688; x_wconf 87' lang='lat' dir='ltr'><strong>quidem</strong></span> <span class='ocrx_word' id='word_1_35' title='bbox 966 617 1292 684; x_wconf 78' lang='lat' dir='ltr'><strong>obsequium</strong></span> <span class='ocrx_word' id='word_1_36' title='bbox 1336 613 1630 666; x_wconf 89' lang='lat' dir='ltr'><strong>admittant</strong></span> <span class='ocrx_word' id='word_1_37' title='bbox 1669 610 1818 682; x_wconf 88' lang='lat' dir='ltr'><strong>quod</strong></span> <span class='ocrx_word' id='word_1_38' title='bbox 1844 610 1913 665; x_wconf 90' lang='lat' dir='ltr'><strong>ad</strong></span> <span class='ocrx_word' id='word_1_39' title='bbox 1939 611 2105 664; x_wconf 90' lang='lat' dir='ltr'><strong>vitam</strong></span> 
     </span>
    </p>
   </div>
   <div class='ocr_carea' id='block_1_8' title="bbox 531 701 2102 774">
    <p class='ocr_par' dir='ltr' id='par_1_8' title="bbox 531 701 2102 774">
     <span class='ocr_line' id='line_1_8' title="bbox 531 701 2102 774; baseline -0.007 -8"><span class='ocrx_word' id='word_1_40' title='bbox 531 708 963 766; x_wconf 86' lang='lat' dir='ltr'><strong>conservandam</strong></span> <span class='ocrx_word' id='word_1_41' title='bbox 992 707 1300 761; x_wconf 79' lang='lat' dir='ltr'><strong>exhibetur.</strong></span> <span class='ocrx_word' id='word_1_42' title='bbox 1345 706 1524 774; x_wconf 78' lang='lat' dir='ltr'><strong>Atque</strong></span> <span class='ocrx_word' id='word_1_43' title='bbox 1561 704 1677 758; x_wconf 57' lang='lat' dir='ltr'><strong>hac</strong></span> <span class='ocrx_word' id='word_1_44' title='bbox 1707 703 1853 757; x_wconf 91' lang='lat' dir='ltr'><strong>dicta</strong></span> <span class='ocrx_word' id='word_1_45' title='bbox 1880 701 2102 772; x_wconf 88' lang='lat' dir='ltr'><strong>quidem</strong></span> 
     </span>
    </p>
   </div>
   <div class='ocr_carea' id='block_1_9' title="bbox 533 792 2107 867">
    <p class='ocr_par' dir='ltr' id='par_1_9' title="bbox 533 792 2107 867">
     <span class='ocr_line' id='line_1_9' title="bbox 533 792 2107 867; baseline -0.008 -12"><span class='ocrx_word' id='word_1_46' title='bbox 533 802 646 856; x_wconf 85' lang='lat' dir='ltr'><strong>sint</strong></span> <span class='ocrx_word' id='word_1_47' title='bbox 688 798 1165 867; x_wconf 68' lang='lat' dir='ltr'><strong>inpraesentiarum</strong></span> <span class='ocrx_word' id='word_1_48' title='bbox 1222 803 1482 864; x_wconf 84' lang='lat' dir='ltr'><strong>tanquam</strong></span> <span class='ocrx_word' id='word_1_49' title='bbox 1519 792 1589 846; x_wconf 89' lang='lat' dir='ltr'><strong>ad</strong></span> <span class='ocrx_word' id='word_1_50' title='bbox 1617 801 1806 861; x_wconf 86' lang='lat' dir='ltr'><strong>typum</strong></span> <span class='ocrx_word' id='word_1_51' title='bbox 1837 800 1891 845; x_wconf 91' lang='lat' dir='ltr'><strong>et</strong></span> <span class='ocrx_word' id='word_1_52' title='bbox 1919 805 2107 845; x_wconf 77' lang='lat' dir='ltr'><strong>exem-</strong></span> 
     </span>
    </p>
   </div>
   <div class='ocr_carea' id='block_1_10' title="bbox 537 879 2103 962">
    <p class='ocr_par' dir='ltr' id='par_1_10' title="bbox 537 879 2103 962">
     <span class='ocr_line' id='line_1_10' title="bbox 537 879 2103 962; baseline -0.008 -17"><span class='ocrx_word' id='word_1_53' title='bbox 537 893 685 962; x_wconf 91' lang='lat' dir='ltr'><strong>plum</strong></span> <span class='ocrx_word' id='word_1_54' title='bbox 713 888 1030 959; x_wconf 75' lang='lat' dir='ltr'><strong>apostolica:</strong></span> <span class='ocrx_word' id='word_1_55' title='bbox 1069 888 1192 941; x_wconf 66' lang='lat' dir='ltr'><strong>vitae</strong></span> <span class='ocrx_word' id='word_1_56' title='bbox 1227 886 1575 956; x_wconf 82' lang='lat' dir='ltr'><strong>pertinentia.</strong></span> <span class='ocrx_word' id='word_1_57' title='bbox 1623 881 1779 948; x_wconf 84' lang='lat' dir='ltr'><strong>Quod</strong></span> <span class='ocrx_word' id='word_1_58' title='bbox 1812 883 1858 938; x_wconf 98' lang='lat' dir='ltr'><strong>si</strong></span> <span class='ocrx_word' id='word_1_59' title='bbox 1895 879 2103 951; x_wconf 88' lang='lat' dir='ltr'><strong>aliquid</strong></span> 
     </span>
    </p>
   </div>
   <div class='ocr_carea' id='block_1_11' title="bbox 536 972 2100 1051">
    <p class='ocr_par' dir='ltr' id='par_1_11' title="bbox 536 972 2100 1051">
     <span class='ocr_line' id='line_1_11' title="bbox 536 972 2100 1051; baseline -0.008 -13"><span class='ocrx_word' id='word_1_60' title='bbox 536 983 707 1050; x_wconf 75' lang='lat' dir='ltr'><strong>magis</strong></span> <span class='ocrx_word' id='word_1_61' title='bbox 735 980 1102 1051; x_wconf 78' lang='lat' dir='ltr'><strong>dogmaticum</strong></span> <span class='ocrx_word' id='word_1_62' title='bbox 1132 977 1444 1032; x_wconf 90' lang='lat' dir='ltr'><strong>addendum</strong></span> <span class='ocrx_word' id='word_1_63' title='bbox 1478 983 1562 1031; x_wconf 89' lang='lat' dir='ltr'><strong>est</strong></span> <span class='ocrx_word' id='word_1_64' title='bbox 1592 975 1663 1029; x_wconf 90' lang='lat' dir='ltr'><strong>iis</strong></span> <span class='ocrx_word' id='word_1_65' title='bbox 1691 989 1813 1044; x_wconf 69' lang='lat' dir='ltr'><strong>quae</strong></span> <span class='ocrx_word' id='word_1_66' title='bbox 1840 972 2100 1036; x_wconf 88' lang='lat' dir='ltr'><strong>diximus,</strong></span> 
     </span>
    </p>
   </div>
   <div class='ocr_carea' id='block_1_12' title="bbox 533 1064 2106 1130">
    <p class='ocr_par' dir='ltr' id='par_1_12' title="bbox 533 1064 2106 1130">
     <span class='ocr_line' id='line_1_12' title="bbox 533 1064 2106 1130; baseline -0.008 -4"><span class='ocrx_word' id='word_1_67' title='bbox 533 1073 609 1126; x_wconf 89' lang='lat' dir='ltr'><strong>ait</strong></span> <span class='ocrx_word' id='word_1_68' title='bbox 643 1073 870 1126; x_wconf 90' lang='lat' dir='ltr'><strong>missum</strong></span> <span class='ocrx_word' id='word_1_69' title='bbox 899 1085 957 1124; x_wconf 90' lang='lat' dir='ltr'><strong>se</strong></span> <span class='ocrx_word' id='word_1_70' title='bbox 987 1084 1017 1122; x_wconf 89' lang='lat' dir='ltr'><strong>a</strong></span> <span class='ocrx_word' id='word_1_71' title='bbox 1045 1066 1156 1121; x_wconf 86' lang='lat' dir='ltr'><strong>Deo</strong></span> <span class='ocrx_word' id='word_1_72' title='bbox 1185 1077 1241 1121; x_wconf 91' lang='lat' dir='ltr'><strong>et</strong></span> <span class='ocrx_word' id='word_1_73' title='bbox 1265 1066 1460 1130; x_wconf 89' lang='lat' dir='ltr'><strong>Patre,</strong></span> <span class='ocrx_word' id='word_1_74' title='bbox 1497 1067 1579 1119; x_wconf 86' lang='lat' dir='ltr'><strong>vel</strong></span> <span class='ocrx_word' id='word_1_75' title='bbox 1609 1065 1820 1118; x_wconf 85' lang='lat' dir='ltr'><strong>ratione</strong></span> <span class='ocrx_word' id='word_1_76' title='bbox 1850 1064 2106 1116; x_wconf 88' lang='lat' dir='ltr'><strong>incarna-</strong></span> 
     </span>
    </p>
   </div>
   <div class='ocr_carea' id='block_1_13' title="bbox 535 1152 2103 1231">
    <p class='ocr_par' dir='ltr' id='par_1_13' title="bbox 535 1152 2103 1231">
     <span class='ocr_line' id='line_1_13' title="bbox 535 1152 2103 1231; baseline -0.007 -17"><span class='ocrx_word' id='word_1_77' title='bbox 535 1163 700 1216; x_wconf 90' lang='lat' dir='ltr'><strong>tionis</strong></span> <span class='ocrx_word' id='word_1_78' title='bbox 734 1174 1014 1231; x_wconf 88' lang='lat' dir='ltr'><strong>perquam</strong></span> <span class='ocrx_word' id='word_1_79' title='bbox 1043 1158 1247 1212; x_wconf 92' lang='lat' dir='ltr'><strong>mundo</strong></span> <span class='ocrx_word' id='word_1_80' title='bbox 1268 1171 1392 1211; x_wconf 88' lang='lat' dir='ltr'><strong>cum</strong></span> <span class='ocrx_word' id='word_1_81' title='bbox 1420 1171 1587 1210; x_wconf 90' lang='lat' dir='ltr'><strong>carne</strong></span> <span class='ocrx_word' id='word_1_82' title='bbox 1619 1155 1816 1220; x_wconf 79' lang='lat' dir='ltr'><strong>illuxit,</strong></span> <span class='ocrx_word' id='word_1_83' title='bbox 1848 1152 2103 1221; x_wconf 88' lang='lat' dir='ltr'><strong>benepla-</strong></span> 
     </span>
    </p>
   </div>
   <div class='ocr_carea' id='block_1_14' title="bbox 533 1241 2102 1314">
    <p class='ocr_par' dir='ltr' id='par_1_14' title="bbox 533 1241 2102 1314">
     <span class='ocr_line' id='line_1_14' title="bbox 533 1241 2102 1314; baseline -0.005 -10"><span class='ocrx_word' id='word_1_84' title='bbox 533 1251 643 1305; x_wconf 88' lang='lat' dir='ltr'><strong>cito</strong></span> <span class='ocrx_word' id='word_1_85' title='bbox 687 1258 742 1305; x_wconf 92' lang='lat' dir='ltr'><strong>et</strong></span> <span class='ocrx_word' id='word_1_86' title='bbox 780 1260 916 1304; x_wconf 90' lang='lat' dir='ltr'><strong>nutu</strong></span> <span class='ocrx_word' id='word_1_87' title='bbox 955 1249 1139 1308; x_wconf 84' lang='lat' dir='ltr'><strong>Patris</strong></span> <span class='ocrx_word' id='word_1_88' title='bbox 1166 1287 1181 1310; x_wconf 91' lang='lat'><strong>,</strong></span> <span class='ocrx_word' id='word_1_89' title='bbox 1227 1247 1313 1300; x_wconf 89' lang='lat' dir='ltr'><strong>vel</strong></span> <span class='ocrx_word' id='word_1_90' title='bbox 1353 1254 1414 1298; x_wconf 89' lang='lat' dir='ltr'><strong>ut</strong></span> <span class='ocrx_word' id='word_1_91' title='bbox 1457 1244 1695 1300; x_wconf 81' lang='lat' dir='ltr'><strong>Verbum</strong></span> <span class='ocrx_word' id='word_1_92' title='bbox 1734 1260 1798 1299; x_wconf 84' lang='lat' dir='ltr'><strong>ex</strong></span> <span class='ocrx_word' id='word_1_93' title='bbox 1836 1241 2102 1314; x_wconf 74' lang='lat' dir='ltr'><strong>genitoris</strong></span> 
     </span>
    </p>
   </div>
   <div class='ocr_carea' id='block_1_15' title="bbox 535 1337 2102 1412">
    <p class='ocr_par' dir='ltr' id='par_1_15' title="bbox 535 1337 2102 1412">
     <span class='ocr_line' id='line_1_15' title="bbox 535 1337 2102 1412; baseline -0.009 -14"><span class='ocrx_word' id='word_1_94' title='bbox 535 1351 715 1398; x_wconf 92' lang='lat' dir='ltr'><strong>mente</strong></span> <span class='ocrx_word' id='word_1_95' title='bbox 744 1343 1003 1412; x_wconf 88' lang='lat' dir='ltr'><strong>prodiens</strong></span> <span class='ocrx_word' id='word_1_96' title='bbox 1031 1337 1436 1411; x_wconf 90' lang='lat' dir='ltr'><strong>quodammodo</strong></span> <span class='ocrx_word' id='word_1_97' title='bbox 1458 1377 1474 1402; x_wconf 92' lang='lat'><strong>,</strong></span> <span class='ocrx_word' id='word_1_98' title='bbox 1503 1345 1558 1390; x_wconf 89' lang='lat' dir='ltr'><strong>et</strong></span> <span class='ocrx_word' id='word_1_99' title='bbox 1588 1339 1925 1391; x_wconf 81' lang='lat' dir='ltr'><strong>voluntatem</strong></span> <span class='ocrx_word' id='word_1_100' title='bbox 1947 1347 2102 1388; x_wconf 89' lang='lat' dir='ltr'><strong>suam</strong></span> 
     </span>
    </p>
   </div>
   <div class='ocr_carea' id='block_1_16' title="bbox 533 1427 2104 1503">
    <p class='ocr_par' dir='ltr' id='par_1_16' title="bbox 533 1427 2104 1503">
     <span class='ocr_line' id='line_1_16' title="bbox 533 1427 2104 1503; baseline -0.008 -15"><span class='ocrx_word' id='word_1_101' title='bbox 533 1433 884 1503; x_wconf 88' lang='lat' dir='ltr'><strong>adimplens,</strong></span> <span class='ocrx_word' id='word_1_102' title='bbox 944 1447 1051 1485; x_wconf 89' lang='lat' dir='ltr'><strong>non</strong></span> <span class='ocrx_word' id='word_1_103' title='bbox 1103 1438 1161 1484; x_wconf 92' lang='lat' dir='ltr'><strong>ut</strong></span> <span class='ocrx_word' id='word_1_104' title='bbox 1217 1429 1408 1484; x_wconf 74' lang='lat' dir='ltr'><strong>alienae</strong></span> <span class='ocrx_word' id='word_1_105' title='bbox 1462 1427 1763 1482; x_wconf 86' lang='lat' dir='ltr'><strong>voluntatis</strong></span> <span class='ocrx_word' id='word_1_106' title='bbox 1809 1432 2104 1480; x_wconf 79' lang='lat' dir='ltr'><strong>exsecutor</strong></span> 
     </span>
    </p>
   </div>
   <div class='ocr_carea' id='block_1_17' title="bbox 532 1517 2105 1593">
    <p class='ocr_par' dir='ltr' id='par_1_17' title="bbox 532 1517 2105 1593">
     <span class='ocr_line' id='line_1_17' title="bbox 532 1517 2105 1593; baseline -0.006 -15"><span class='ocrx_word' id='word_1_107' title='bbox 532 1533 869 1593; x_wconf 85' lang='lat' dir='ltr'><strong>assumptus,</strong></span> <span class='ocrx_word' id='word_1_108' title='bbox 902 1523 997 1577; x_wconf 89' lang='lat' dir='ltr'><strong>sed</strong></span> <span class='ocrx_word' id='word_1_109' title='bbox 1033 1523 1147 1591; x_wconf 90' lang='lat' dir='ltr'><strong>ipse</strong></span> <span class='ocrx_word' id='word_1_110' title='bbox 1169 1536 1294 1576; x_wconf 92' lang='lat' dir='ltr'><strong>cum</strong></span> <span class='ocrx_word' id='word_1_111' title='bbox 1331 1520 1403 1574; x_wconf 86' lang='lat' dir='ltr'><strong>sit</strong></span> <span class='ocrx_word' id='word_1_112' title='bbox 1429 1527 1483 1572; x_wconf 90' lang='lat' dir='ltr'><strong>et</strong></span> <span class='ocrx_word' id='word_1_113' title='bbox 1513 1517 1754 1573; x_wconf 85' lang='lat' dir='ltr'><strong>Verbum</strong></span> <span class='ocrx_word' id='word_1_114' title='bbox 1782 1518 1974 1572; x_wconf 89' lang='lat' dir='ltr'><strong>vivens</strong></span> <span class='ocrx_word' id='word_1_115' title='bbox 1997 1555 2012 1579; x_wconf 91' lang='lat'><strong>,</strong></span> <span class='ocrx_word' id='word_1_116' title='bbox 2050 1525 2105 1570; x_wconf 91' lang='lat' dir='ltr'><strong>et</strong></span> 
     </span>
    </p>
   </div>
   <div class='ocr_carea' id='block_1_18' title="bbox 532 1612 2105 1680">
    <p class='ocr_par' dir='ltr' id='par_1_18' title="bbox 532 1612 2105 1680">
     <span class='ocr_line' id='line_1_18' title="bbox 532 1612 2105 1680; baseline -0.006 -12"><span class='ocrx_word' id='word_1_117' title='bbox 532 1615 984 1670; x_wconf 85' lang='lat' dir='ltr'><strong>manifestissima</strong></span> <span class='ocrx_word' id='word_1_118' title='bbox 1031 1612 1210 1667; x_wconf 86' lang='lat' dir='ltr'><strong>Patris</strong></span> <span class='ocrx_word' id='word_1_119' title='bbox 1253 1612 1508 1666; x_wconf 87' lang='lat' dir='ltr'><strong>voluntas</strong></span> <span class='ocrx_word' id='word_1_120' title='bbox 1534 1652 1549 1676; x_wconf 92' lang='lat'><strong>,</strong></span> <span class='ocrx_word' id='word_1_121' title='bbox 1593 1617 1846 1680; x_wconf 81' lang='lat' dir='ltr'><strong>prompte</strong></span> <span class='ocrx_word' id='word_1_122' title='bbox 1877 1621 2105 1663; x_wconf 90' lang='lat' dir='ltr'><strong>servans</strong></span> 
     </span>
    </p>
   </div>
   <div class='ocr_carea' id='block_1_19' title="bbox 528 1699 2104 1776">
    <p class='ocr_par' dir='ltr' id='par_1_19' title="bbox 528 1699 2104 1776">
     <span class='ocr_line' id='line_1_19' title="bbox 528 1699 2104 1776; baseline -0.004 -14"><span class='ocrx_word' id='word_1_123' title='bbox 528 1721 627 1762; x_wconf 84' lang='lat' dir='ltr'><strong>eos</strong></span> <span class='ocrx_word' id='word_1_124' title='bbox 657 1707 749 1776; x_wconf 92' lang='lat' dir='ltr'><strong>qui</strong></span> <span class='ocrx_word' id='word_1_125' title='bbox 781 1707 1082 1775; x_wconf 87' lang='lat' dir='ltr'><strong>perierunt.</strong></span> <span class='ocrx_word' id='word_1_126' title='bbox 1128 1702 1400 1768; x_wconf 85' lang='lat' dir='ltr'><strong>Quocirca</strong></span> <span class='ocrx_word' id='word_1_127' title='bbox 1435 1717 1574 1771; x_wconf 93' lang='lat' dir='ltr'><strong>opus</strong></span> <span class='ocrx_word' id='word_1_128' title='bbox 1618 1701 1739 1770; x_wconf 89' lang='lat' dir='ltr'><strong>ejus</strong></span> <span class='ocrx_word' id='word_1_129' title='bbox 1767 1717 1796 1754; x_wconf 89' lang='lat' dir='ltr'><strong>a</strong></span> <span class='ocrx_word' id='word_1_130' title='bbox 1827 1715 1938 1771; x_wconf 91' lang='lat' dir='ltr'><strong>quo</strong></span> <span class='ocrx_word' id='word_1_131' title='bbox 1969 1699 2104 1755; x_wconf 88' lang='lat' dir='ltr'><strong>mis-</strong></span> 
     </span>
    </p>
   </div>
   <div class='ocr_carea' id='block_1_20' title="bbox 532 1789 2179 1862">
    <p class='ocr_par' dir='ltr' id='par_1_20' title="bbox 532 1789 2179 1862">
     <span class='ocr_line' id='line_1_20' title="bbox 532 1789 2179 1862; baseline -0.005 -10"><span class='ocrx_word' id='word_1_132' title='bbox 532 1813 629 1853; x_wconf 88' lang='lat' dir='ltr'><strong>sus</strong></span> <span class='ocrx_word' id='word_1_133' title='bbox 653 1808 756 1862; x_wconf 86' lang='lat' dir='ltr'><strong>est,</strong></span> <span class='ocrx_word' id='word_1_134' title='bbox 790 1811 914 1850; x_wconf 90' lang='lat' dir='ltr'><strong>cum</strong></span> <span class='ocrx_word' id='word_1_135' title='bbox 951 1811 1010 1851; x_wconf 91' lang='lat' dir='ltr'><strong>se</strong></span> <span class='ocrx_word' id='word_1_136' title='bbox 1035 1795 1309 1860; x_wconf 86' lang='lat' dir='ltr'><strong>dixisset,</strong></span> <span class='ocrx_word' id='word_1_137' title='bbox 1349 1795 1467 1862; x_wconf 90' lang='lat' dir='ltr'><strong>ipse</strong></span> <span class='ocrx_word' id='word_1_138' title='bbox 1491 1791 1770 1862; x_wconf 81' lang='lat' dir='ltr'><strong>perfector</strong></span> <span class='ocrx_word' id='word_1_139' title='bbox 1799 1806 1922 1846; x_wconf 89' lang='lat' dir='ltr'><strong>esse</strong></span> <span class='ocrx_word' id='word_1_140' title='bbox 1955 1789 2096 1845; x_wconf 89' lang='lat' dir='ltr'><strong>vide-</strong></span> <span class='ocrx_word' id='word_1_141' title='bbox 2136 1789 2179 1862; x_wconf 78' lang='grc' dir='ltr'>Β</span> 
     </span>
    </p>
   </div>
   <div class='ocr_carea' id='block_1_21' title="bbox 534 1881 2102 1952">
    <p class='ocr_par' dir='ltr' id='par_1_21' title="bbox 534 1881 2102 1952">
     <span class='ocr_line' id='line_1_21' title="bbox 534 1881 2102 1952; baseline -0.007 -8"><span class='ocrx_word' id='word_1_142' title='bbox 534 1900 641 1944; x_wconf 91' lang='lat' dir='ltr'><strong>tur.</strong></span> <span class='ocrx_word' id='word_1_143' title='bbox 693 1888 888 1943; x_wconf 84' lang='lat' dir='ltr'><strong>Omnia</strong></span> <span class='ocrx_word' id='word_1_144' title='bbox 935 1887 1080 1941; x_wconf 90' lang='lat' dir='ltr'><strong>enim</strong></span> <span class='ocrx_word' id='word_1_145' title='bbox 1129 1900 1159 1938; x_wconf 91' lang='lat' dir='ltr'><strong>a</strong></span> <span class='ocrx_word' id='word_1_146' title='bbox 1210 1883 1375 1938; x_wconf 85' lang='lat' dir='ltr'><strong>Patre</strong></span> <span class='ocrx_word' id='word_1_147' title='bbox 1401 1898 1498 1952; x_wconf 90' lang='lat' dir='ltr'><strong>per</strong></span> <span class='ocrx_word' id='word_1_148' title='bbox 1539 1881 1739 1936; x_wconf 83' lang='lat' dir='ltr'><strong>Filium</strong></span> <span class='ocrx_word' id='word_1_149' title='bbox 1780 1883 1837 1936; x_wconf 92' lang='lat' dir='ltr'><strong>in</strong></span> <span class='ocrx_word' id='word_1_150' title='bbox 1874 1881 2102 1951; x_wconf 87' lang='lat' dir='ltr'><strong>Spiritu.</strong></span> 
     </span>
    </p>
   </div>
   <div class='ocr_carea' id='block_1_22' title="bbox 533 1975 2107 2050">
    <p class='ocr_par' dir='ltr' id='par_1_22' title="bbox 533 1975 2107 2050">
     <span class='ocr_line' id='line_1_22' title="bbox 533 1975 2107 2050; baseline -0.006 -14"><span class='ocrx_word' id='word_1_151' title='bbox 533 1980 731 2036; x_wconf 81' lang='lat' dir='ltr'><strong>Filium</strong></span> <span class='ocrx_word' id='word_1_152' title='bbox 764 1981 964 2050; x_wconf 87' lang='lat' dir='ltr'><strong>quippe</strong></span> <span class='ocrx_word' id='word_1_153' title='bbox 1005 1978 1240 2033; x_wconf 84' lang='lat' dir='ltr'><strong>Verbum</strong></span> <span class='ocrx_word' id='word_1_154' title='bbox 1262 2015 1277 2040; x_wconf 93' lang='lat'><strong>,</strong></span> <span class='ocrx_word' id='word_1_155' title='bbox 1315 1975 1607 2029; x_wconf 90' lang='lat' dir='ltr'><strong>consilium</strong></span> <span class='ocrx_word' id='word_1_156' title='bbox 1633 2014 1648 2040; x_wconf 91' lang='lat'><strong>,</strong></span> <span class='ocrx_word' id='word_1_157' title='bbox 1683 1975 2013 2028; x_wconf 88' lang='lat' dir='ltr'><strong>voluntatem</strong></span> <span class='ocrx_word' id='word_1_158' title='bbox 2051 1979 2107 2027; x_wconf 88' lang='lat' dir='ltr'><strong>et</strong></span> 
     </span>
    </p>
   </div>
   <div class='ocr_carea' id='block_1_23' title="bbox 532 2065 2106 2133">
    <p class='ocr_par' dir='ltr' id='par_1_23' title="bbox 532 2065 2106 2133">
     <span class='ocr_line' id='line_1_23' title="bbox 532 2065 2106 2133; baseline -0.003 -12"><span class='ocrx_word' id='word_1_159' title='bbox 532 2070 790 2124; x_wconf 82' lang='lat' dir='ltr'><strong>virtutem</strong></span> <span class='ocrx_word' id='word_1_160' title='bbox 818 2082 938 2122; x_wconf 78' lang='lat' dir='ltr'><strong>esse</strong></span> <span class='ocrx_word' id='word_1_161' title='bbox 962 2067 1142 2121; x_wconf 88' lang='lat' dir='ltr'><strong>Patris</strong></span> <span class='ocrx_word' id='word_1_162' title='bbox 1169 2065 1235 2130; x_wconf 73' lang='lat'><strong>“,</strong></span> <span class='ocrx_word' id='word_1_163' title='bbox 1255 2065 1481 2129; x_wconf 88' lang='lat' dir='ltr'><strong>nemini,</strong></span> <span class='ocrx_word' id='word_1_164' title='bbox 1507 2065 1718 2133; x_wconf 89' lang='lat' dir='ltr'><strong>opinor,</strong></span> <span class='ocrx_word' id='word_1_165' title='bbox 1747 2071 1960 2118; x_wconf 89' lang='lat' dir='ltr'><strong>nonest</strong></span> <span class='ocrx_word' id='word_1_166' title='bbox 1990 2078 2106 2118; x_wconf 88' lang='lat' dir='ltr'><strong>ma-</strong></span> 
     </span>
    </p>
   </div>
   <div class='ocr_carea' id='block_1_24' title="bbox 533 2153 2108 2214">
    <p class='ocr_par' dir='ltr' id='par_1_24' title="bbox 533 2153 2108 2214">
     <span class='ocr_line' id='line_1_24' title="bbox 533 2153 2108 2214; baseline -0.004 -1"><span class='ocrx_word' id='word_1_167' title='bbox 533 2159 793 2214; x_wconf 86' lang='lat' dir='ltr'><strong>nifestum</strong></span> <span class='ocrx_word' id='word_1_168' title='bbox 832 2174 846 2211; x_wconf 92' lang='lat'><strong>:</strong></span> <span class='ocrx_word' id='word_1_169' title='bbox 878 2155 973 2211; x_wconf 88' lang='lat' dir='ltr'><strong>sed</strong></span> <span class='ocrx_word' id='word_1_170' title='bbox 1005 2155 1102 2211; x_wconf 90' lang='lat' dir='ltr'><strong>abs</strong></span> <span class='ocrx_word' id='word_1_171' title='bbox 1135 2171 1194 2210; x_wconf 93' lang='lat' dir='ltr'><strong>re</strong></span> <span class='ocrx_word' id='word_1_172' title='bbox 1241 2171 1350 2208; x_wconf 88' lang='lat' dir='ltr'><strong>non</strong></span> <span class='ocrx_word' id='word_1_173' title='bbox 1377 2155 1482 2209; x_wconf 91' lang='lat' dir='ltr'><strong>erit</strong></span> <span class='ocrx_word' id='word_1_174' title='bbox 1515 2154 1569 2207; x_wconf 92' lang='lat' dir='ltr'><strong>id</strong></span> <span class='ocrx_word' id='word_1_175' title='bbox 1605 2154 1770 2208; x_wconf 90' lang='lat' dir='ltr'><strong>etiam</strong></span> <span class='ocrx_word' id='word_1_176' title='bbox 1815 2168 1883 2209; x_wconf 91' lang='lat' dir='ltr'><strong>ex</strong></span> <span class='ocrx_word' id='word_1_177' title='bbox 1920 2153 2108 2207; x_wconf 91' lang='lat' dir='ltr'><strong>divina</strong></span> 
     </span>
    </p>
   </div>
   <div class='ocr_carea' id='block_1_25' title="bbox 535 2243 2107 2320">
    <p class='ocr_par' dir='ltr' id='par_1_25' title="bbox 535 2243 2107 2320">
     <span class='ocr_line' id='line_1_25' title="bbox 535 2243 2107 2320; baseline -0.003 -16"><span class='ocrx_word' id='word_1_178' title='bbox 535 2250 834 2320; x_wconf 83' lang='lat' dir='ltr'><strong>Scriptura</strong></span> <span class='ocrx_word' id='word_1_179' title='bbox 851 2247 1235 2317; x_wconf 87' lang='lat' dir='ltr'><strong>comprobare.</strong></span> <span class='ocrx_word' id='word_1_180' title='bbox 1269 2246 1438 2316; x_wconf 78' lang='lat' dir='ltr'><strong>Igitur</strong></span> <span class='ocrx_word' id='word_1_181' title='bbox 1485 2245 1697 2300; x_wconf 87' lang='lat' dir='ltr'><strong>videbis</strong></span> <span class='ocrx_word' id='word_1_182' title='bbox 1715 2243 1954 2300; x_wconf 86' lang='lat' dir='ltr'><strong>Verbum</strong></span> <span class='ocrx_word' id='word_1_183' title='bbox 1983 2259 2107 2300; x_wconf 87' lang='lat' dir='ltr'><strong>esse</strong></span> 
     </span>
    </p>
   </div>
   <div class='ocr_carea' id='block_1_26' title="bbox 528 2329 2104 2407">
    <p class='ocr_par' dir='ltr' id='par_1_26' title="bbox 528 2329 2104 2407">
     <span class='ocr_line' id='line_1_26' title="bbox 528 2329 2104 2407; baseline -0.003 -14"><span class='ocrx_word' id='word_1_184' title='bbox 528 2354 599 2393; x_wconf 81' lang='lat' dir='ltr'><strong>ex</strong></span> <span class='ocrx_word' id='word_1_185' title='bbox 631 2341 732 2392; x_wconf 91' lang='lat' dir='ltr'><strong>hoc</strong></span> <span class='ocrx_word' id='word_1_186' title='bbox 771 2339 930 2392; x_wconf 90' lang='lat' dir='ltr'><strong>loco:</strong></span> <span class='ocrx_word' id='word_1_187' title='bbox 973 2353 992 2387; x_wconf 82' lang='grc' dir='ltr'><strong>ι</strong></span> <span class='ocrx_word' id='word_1_188' title='bbox 1023 2335 1078 2390; x_wconf 88' lang='lat' dir='ltr'><strong>In</strong></span> <span class='ocrx_word' id='word_1_189' title='bbox 1111 2336 1386 2407; x_wconf 88' lang='lat' dir='ltr'><strong>principio</strong></span> <span class='ocrx_word' id='word_1_190' title='bbox 1415 2343 1534 2388; x_wconf 89' lang='lat' dir='ltr'><strong>erat</strong></span> <span class='ocrx_word' id='word_1_191' title='bbox 1565 2329 1796 2389; x_wconf 88' lang='lat' dir='ltr'><strong>Verbum</strong></span> <span class='ocrx_word' id='word_1_192' title='bbox 1823 2374 1839 2399; x_wconf 91' lang='lat'><strong>,</strong></span> <span class='ocrx_word' id='word_1_193' title='bbox 1883 2341 1940 2388; x_wconf 91' lang='lat' dir='ltr'><strong>et</strong></span> <span class='ocrx_word' id='word_1_194' title='bbox 1967 2332 2104 2388; x_wconf 87' lang='lat' dir='ltr'><strong>Ver-</strong></span> 
     </span>
    </p>
   </div>
   <div class='ocr_carea' id='block_1_27' title="bbox 534 2424 2101 2498">
    <p class='ocr_par' dir='ltr' id='par_1_27' title="bbox 534 2424 2101 2498">
     <span class='ocr_line' id='line_1_27' title="bbox 534 2424 2101 2498; baseline -0.005 -14"><span class='ocrx_word' id='word_1_195' title='bbox 534 2431 662 2484; x_wconf 88' lang='lat' dir='ltr'><strong>bum</strong></span> <span class='ocrx_word' id='word_1_196' title='bbox 701 2438 819 2484; x_wconf 90' lang='lat' dir='ltr'><strong>erat</strong></span> <span class='ocrx_word' id='word_1_197' title='bbox 857 2430 1002 2498; x_wconf 90' lang='lat' dir='ltr'><strong>apud</strong></span> <span class='ocrx_word' id='word_1_198' title='bbox 1029 2427 1233 2491; x_wconf 88' lang='lat' dir='ltr'><strong>Deum,</strong></span> <span class='ocrx_word' id='word_1_199' title='bbox 1271 2435 1326 2482; x_wconf 90' lang='lat' dir='ltr'><strong>et</strong></span> <span class='ocrx_word' id='word_1_200' title='bbox 1359 2425 1502 2480; x_wconf 89' lang='lat' dir='ltr'><strong>Deus</strong></span> <span class='ocrx_word' id='word_1_201' title='bbox 1546 2434 1664 2481; x_wconf 89' lang='lat' dir='ltr'><strong>erat</strong></span> <span class='ocrx_word' id='word_1_202' title='bbox 1709 2424 1946 2480; x_wconf 87' lang='lat' dir='ltr'><strong>Verbum</strong></span> <span class='ocrx_word' id='word_1_203' title='bbox 1978 2425 2043 2478; x_wconf 80' lang='grc'>⁸⁵.</span> <span class='ocrx_word' id='word_1_204' title='bbox 2081 2443 2101 2476; x_wconf 74' lang='grc' dir='ltr'><strong>ι</strong></span> 
     </span>
    </p>
   </div>
   <div class='ocr_carea' id='block_1_28' title="bbox 537 2499 2106 2588">
    <p class='ocr_par' dir='ltr' id='par_1_28' title="bbox 537 2499 2106 2588">
     <span class='ocr_line' id='line_1_28' title="bbox 537 2499 2106 2588; baseline -0.001 -14"><span class='ocrx_word' id='word_1_205' title='bbox 537 2521 756 2577; x_wconf 88' lang='lat' dir='ltr'><strong>Videbis</strong></span> <span class='ocrx_word' id='word_1_206' title='bbox 788 2499 1074 2576; x_wconf 78' lang='lat' dir='ltr'><strong>consilium</strong></span> <span class='ocrx_word' id='word_1_207' title='bbox 1098 2559 1111 2583; x_wconf 89' lang='lat'><strong>,</strong></span> <span class='ocrx_word' id='word_1_208' title='bbox 1158 2521 1212 2573; x_wconf 91' lang='lat' dir='ltr'><strong>in</strong></span> <span class='ocrx_word' id='word_1_209' title='bbox 1257 2535 1323 2575; x_wconf 91' lang='lat' dir='ltr'><strong>eo</strong></span> <span class='ocrx_word' id='word_1_210' title='bbox 1357 2518 1501 2588; x_wconf 92' lang='lat' dir='ltr'><strong>quod</strong></span> <span class='ocrx_word' id='word_1_211' title='bbox 1539 2521 1614 2572; x_wconf 90' lang='lat' dir='ltr'><strong>ait</strong></span> <span class='ocrx_word' id='word_1_212' title='bbox 1646 2519 1934 2574; x_wconf 87' lang='lat' dir='ltr'><strong>Psalmista</strong></span> <span class='ocrx_word' id='word_1_213' title='bbox 1981 2533 2106 2572; x_wconf 87' lang='lat' dir='ltr'><strong>ora-</strong></span> 
     </span>
    </p>
   </div>
   <div class='ocr_carea' id='block_1_29' title="bbox 533 2608 2105 2668">
    <p class='ocr_par' dir='ltr' id='par_1_29' title="bbox 533 2608 2105 2668">
     <span class='ocr_line' id='line_1_29' title="bbox 533 2608 2105 2668; baseline -0.004 -2"><span class='ocrx_word' id='word_1_214' title='bbox 533 2614 684 2668; x_wconf 87' lang='lat' dir='ltr'><strong>tione</strong></span> <span class='ocrx_word' id='word_1_215' title='bbox 714 2611 780 2664; x_wconf 92' lang='lat' dir='ltr'><strong>ad</strong></span> <span class='ocrx_word' id='word_1_216' title='bbox 808 2611 974 2666; x_wconf 89' lang='lat' dir='ltr'><strong>Deum</strong></span> <span class='ocrx_word' id='word_1_217' title='bbox 1013 2619 1067 2665; x_wconf 91' lang='lat' dir='ltr'><strong>et</strong></span> <span class='ocrx_word' id='word_1_218' title='bbox 1100 2608 1316 2664; x_wconf 83' lang='lat' dir='ltr'><strong>Patrem</strong></span> <span class='ocrx_word' id='word_1_219' title='bbox 1351 2624 1660 2664; x_wconf 87' lang='lat' dir='ltr'><strong>conversa:</strong></span> <span class='ocrx_word' id='word_1_220' title='bbox 1721 2627 1740 2660; x_wconf 78' lang='grc' dir='ltr'><strong>ι</strong></span> <span class='ocrx_word' id='word_1_221' title='bbox 1781 2610 1839 2664; x_wconf 95' lang='lat' dir='ltr'><strong>ln</strong></span> <span class='ocrx_word' id='word_1_222' title='bbox 1875 2609 2105 2664; x_wconf 87' lang='lat' dir='ltr'><strong>consilio</strong></span> 
     </span>
    </p>
   </div>
   <div class='ocr_carea' id='block_1_30' title="bbox 533 2698 2102 2762">
    <p class='ocr_par' dir='ltr' id='par_1_30' title="bbox 533 2698 2102 2762">
     <span class='ocr_line' id='line_1_30' title="bbox 533 2698 2102 2762; baseline -0.002 -7"><span class='ocrx_word' id='word_1_223' title='bbox 533 2712 631 2757; x_wconf 89' lang='lat' dir='ltr'><strong>tuo</strong></span> <span class='ocrx_word' id='word_1_224' title='bbox 662 2702 944 2756; x_wconf 85' lang='lat' dir='ltr'><strong>deduxisti</strong></span> <span class='ocrx_word' id='word_1_225' title='bbox 971 2715 1056 2754; x_wconf 91' lang='lat' dir='ltr'><strong>me</strong></span> <span class='ocrx_word' id='word_1_226' title='bbox 1081 2701 1146 2754; x_wconf 78' lang='lat'><strong>&quot;.</strong></span> <span class='ocrx_word' id='word_1_227' title='bbox 1181 2718 1202 2752; x_wconf 73' lang='grc' dir='ltr'><strong>ι</strong></span> <span class='ocrx_word' id='word_1_228' title='bbox 1230 2698 1457 2754; x_wconf 91' lang='lat' dir='ltr'><strong>Videbis</strong></span> <span class='ocrx_word' id='word_1_229' title='bbox 1489 2701 1825 2755; x_wconf 86' lang='lat' dir='ltr'><strong>voluntatem</strong></span> <span class='ocrx_word' id='word_1_230' title='bbox 1854 2715 2012 2762; x_wconf 88' lang='lat' dir='ltr'><strong>esse,</strong></span> <span class='ocrx_word' id='word_1_231' title='bbox 2048 2700 2102 2753; x_wconf 92' lang='lat' dir='ltr'><strong>in</strong></span> 
     </span>
    </p>
   </div>
   <div class='ocr_carea' id='block_1_31' title="bbox 530 2789 2105 2862">
    <p class='ocr_par' dir='ltr' id='par_1_31' title="bbox 530 2789 2105 2862">
     <span class='ocr_line' id='line_1_31' title="bbox 530 2789 2105 2862; baseline -0.002 -15"><span class='ocrx_word' id='word_1_232' title='bbox 530 2807 602 2847; x_wconf 82' lang='lat' dir='ltr'><strong>co</strong></span> <span class='ocrx_word' id='word_1_233' title='bbox 648 2792 794 2862; x_wconf 91' lang='lat' dir='ltr'><strong>quod</strong></span> <span class='ocrx_word' id='word_1_234' title='bbox 843 2793 958 2861; x_wconf 90' lang='lat' dir='ltr'><strong>ipse</strong></span> <span class='ocrx_word' id='word_1_235' title='bbox 993 2790 1128 2844; x_wconf 86' lang='lat' dir='ltr'><strong>dicit</strong></span> <span class='ocrx_word' id='word_1_236' title='bbox 1177 2813 1189 2846; x_wconf 86' lang='lat'><strong>:</strong></span> <span class='ocrx_word' id='word_1_237' title='bbox 1249 2810 1268 2842; x_wconf 81' lang='grc' dir='ltr'><strong>ι</strong></span> <span class='ocrx_word' id='word_1_238' title='bbox 1305 2789 1565 2855; x_wconf 87' lang='lat' dir='ltr'><strong>Domine,</strong></span> <span class='ocrx_word' id='word_1_239' title='bbox 1610 2791 1664 2845; x_wconf 89' lang='lat' dir='ltr'><strong>in</strong></span> <span class='ocrx_word' id='word_1_240' title='bbox 1699 2792 1979 2847; x_wconf 87' lang='lat' dir='ltr'><strong>voluntate</strong></span> <span class='ocrx_word' id='word_1_241' title='bbox 2007 2801 2105 2844; x_wconf 89' lang='lat' dir='ltr'><strong>tua</strong></span> 
     </span>
    </p>
   </div>
   <div class='ocr_carea' id='block_1_32' title="bbox 534 2879 2104 2952">
    <p class='ocr_par' dir='ltr' id='par_1_32' title="bbox 534 2879 2104 2952">
     <span class='ocr_line' id='line_1_32' title="bbox 534 2879 2104 2952; baseline -0.002 -15"><span class='ocrx_word' id='word_1_242' title='bbox 534 2883 837 2952; x_wconf 68' lang='lat' dir='ltr'><strong>praestitisti</strong></span> <span class='ocrx_word' id='word_1_243' title='bbox 869 2881 1051 2936; x_wconf 89' lang='lat' dir='ltr'><strong>decori</strong></span> <span class='ocrx_word' id='word_1_244' title='bbox 1089 2895 1212 2936; x_wconf 89' lang='lat' dir='ltr'><strong>meo</strong></span> <span class='ocrx_word' id='word_1_245' title='bbox 1250 2882 1512 2936; x_wconf 88' lang='lat' dir='ltr'><strong>virtutem</strong></span> <span class='ocrx_word' id='word_1_246' title='bbox 1537 2882 1603 2937; x_wconf 83' lang='lat'><strong>&quot;.</strong></span> <span class='ocrx_word' id='word_1_247' title='bbox 1634 2901 1654 2934; x_wconf 71' lang='grc' dir='ltr'><strong>ι</strong></span> <span class='ocrx_word' id='word_1_248' title='bbox 1686 2879 1930 2937; x_wconf 81' lang='lat' dir='ltr'><strong>Roborat</strong></span> <span class='ocrx_word' id='word_1_249' title='bbox 1960 2883 2104 2936; x_wconf 89' lang='lat' dir='ltr'><strong>enim</strong></span> 
     </span>
    </p>
   </div>
   <div class='ocr_carea' id='block_1_33' title="bbox 535 2971 2103 3037">
    <p class='ocr_par' dir='ltr' id='par_1_33' title="bbox 535 2971 2103 3037">
     <span class='ocr_line' id='line_1_33' title="bbox 535 2971 2103 3037; baseline -0.003 -8"><span class='ocrx_word' id='word_1_250' title='bbox 535 2981 852 3029; x_wconf 87' lang='lat' dir='ltr'><strong>sanctorum</strong></span> <span class='ocrx_word' id='word_1_251' title='bbox 894 2971 1170 3037; x_wconf 88' lang='lat' dir='ltr'><strong>decorem,</strong></span> <span class='ocrx_word' id='word_1_252' title='bbox 1195 2972 1249 3026; x_wconf 87' lang='lat' dir='ltr'><strong>id</strong></span> <span class='ocrx_word' id='word_1_253' title='bbox 1299 2981 1382 3026; x_wconf 90' lang='lat' dir='ltr'><strong>est</strong></span> <span class='ocrx_word' id='word_1_254' title='bbox 1416 2988 1632 3027; x_wconf 86' lang='lat' dir='ltr'><strong>omnem</strong></span> <span class='ocrx_word' id='word_1_255' title='bbox 1661 2973 1881 3026; x_wconf 89' lang='lat' dir='ltr'><strong>virtutis</strong></span> <span class='ocrx_word' id='word_1_256' title='bbox 1907 2974 2103 3025; x_wconf 89' lang='lat' dir='ltr'><strong>bonam</strong></span> 
     </span>
    </p>
   </div>
   <div class='ocr_carea' id='block_1_34' title="bbox 538 3065 2102 3127">
    <p class='ocr_par' dir='ltr' id='par_1_34' title="bbox 538 3065 2102 3127">
     <span class='ocr_line' id='line_1_34' title="bbox 538 3065 2102 3127; baseline -0.001 -6"><span class='ocrx_word' id='word_1_257' title='bbox 538 3065 921 3122; x_wconf 85' lang='lat' dir='ltr'><strong>habitudinem</strong></span> <span class='ocrx_word' id='word_1_258' title='bbox 970 3065 1160 3118; x_wconf 81' lang='lat' dir='ltr'><strong>vivens</strong></span> <span class='ocrx_word' id='word_1_259' title='bbox 1187 3078 1251 3118; x_wconf 89' lang='lat' dir='ltr'><strong>ac</strong></span> <span class='ocrx_word' id='word_1_260' title='bbox 1276 3065 1587 3120; x_wconf 88' lang='lat' dir='ltr'><strong>subsistens</strong></span> <span class='ocrx_word' id='word_1_261' title='bbox 1615 3065 1794 3120; x_wconf 88' lang='lat' dir='ltr'><strong>Patris</strong></span> <span class='ocrx_word' id='word_1_262' title='bbox 1819 3066 2102 3127; x_wconf 86' lang='lat' dir='ltr'><strong>voluntas,</strong></span> 
     </span>
    </p>
   </div>
   <div class='ocr_carea' id='block_1_35' title="bbox 537 3151 2109 3225">
    <p class='ocr_par' dir='ltr' id='par_1_35' title="bbox 537 3151 2109 3225">
     <span class='ocr_line' id='line_1_35' title="bbox 537 3151 2109 3225; baseline -0.001 -13"><span class='ocrx_word' id='word_1_263' title='bbox 537 3157 644 3213; x_wconf 84' lang='lat' dir='ltr'><strong>hoc</strong></span> <span class='ocrx_word' id='word_1_264' title='bbox 669 3167 753 3212; x_wconf 89' lang='lat' dir='ltr'><strong>est</strong></span> <span class='ocrx_word' id='word_1_265' title='bbox 773 3155 967 3210; x_wconf 86' lang='lat' dir='ltr'><strong>Filius.</strong></span> <span class='ocrx_word' id='word_1_266' title='bbox 985 3153 1253 3209; x_wconf 84' lang='lat' dir='ltr'><strong>Virtutem</strong></span> <span class='ocrx_word' id='word_1_267' title='bbox 1278 3155 1480 3225; x_wconf 88' lang='lat' dir='ltr'><strong>quippe</strong></span> <span class='ocrx_word' id='word_1_268' title='bbox 1507 3156 1660 3209; x_wconf 87' lang='lat' dir='ltr'><strong>illum</strong></span> <span class='ocrx_word' id='word_1_269' title='bbox 1683 3171 1806 3211; x_wconf 89' lang='lat' dir='ltr'><strong>esse</strong></span> <span class='ocrx_word' id='word_1_270' title='bbox 1829 3157 1956 3210; x_wconf 90' lang='lat' dir='ltr'><strong>hinc</strong></span> <span class='ocrx_word' id='word_1_271' title='bbox 1986 3151 2109 3211; x_wconf 78' lang='lat' dir='ltr'><strong>rur-</strong></span> 
     </span>
    </p>
   </div>
   <div class='ocr_carea' id='block_1_36' title="bbox 539 3245 2105 3317">
    <p class='ocr_par' dir='ltr' id='par_1_36' title="bbox 539 3245 2105 3317">
     <span class='ocr_line' id='line_1_36' title="bbox 539 3245 2105 3317; baseline -0.001 -14"><span class='ocrx_word' id='word_1_272' title='bbox 539 3263 661 3303; x_wconf 81' lang='lat' dir='ltr'><strong>sum</strong></span> <span class='ocrx_word' id='word_1_273' title='bbox 695 3249 1002 3317; x_wconf 75' lang='lat' dir='ltr'><strong>intelliges:</strong></span> <span class='ocrx_word' id='word_1_274' title='bbox 1053 3245 1214 3316; x_wconf 74' lang='lat'><strong>198</strong></span> <span class='ocrx_word' id='word_1_275' title='bbox 1256 3264 1274 3296; x_wconf 75' lang='grc' dir='ltr'><strong>ι</strong></span> <span class='ocrx_word' id='word_1_276' title='bbox 1303 3245 1514 3312; x_wconf 77' lang='lat' dir='ltr'><strong>Munda,</strong></span> <span class='ocrx_word' id='word_1_277' title='bbox 1545 3245 1710 3312; x_wconf 86' lang='lat' dir='ltr'><strong>Deus,</strong></span> <span class='ocrx_word' id='word_1_278' title='bbox 1740 3248 1928 3301; x_wconf 86' lang='lat' dir='ltr'><strong>virtuti</strong></span> <span class='ocrx_word' id='word_1_279' title='bbox 1963 3255 2105 3314; x_wconf 67' lang='lat' dir='ltr'><strong>tuae,</strong></span> 
     </span>
    </p>
   </div>
   <div class='ocr_carea' id='block_1_37' title="bbox 533 3335 2102 3406">
    <p class='ocr_par' dir='ltr' id='par_1_37' title="bbox 533 3335 2102 3406">
     <span class='ocr_line' id='line_1_37' title="bbox 533 3335 2102 3406; baseline -0.002 -14"><span class='ocrx_word' id='word_1_280' title='bbox 533 3337 800 3392; x_wconf 81' lang='lat' dir='ltr'><strong>confirma</strong></span> <span class='ocrx_word' id='word_1_281' title='bbox 831 3336 936 3391; x_wconf 89' lang='lat' dir='ltr'><strong>hoc</strong></span> <span class='ocrx_word' id='word_1_282' title='bbox 957 3376 975 3403; x_wconf 89' lang='lat'><strong>,</strong></span> <span class='ocrx_word' id='word_1_283' title='bbox 1018 3335 1192 3400; x_wconf 87' lang='lat' dir='ltr'><strong>Deus,</strong></span> <span class='ocrx_word' id='word_1_284' title='bbox 1217 3337 1362 3405; x_wconf 92' lang='lat' dir='ltr'><strong>quod</strong></span> <span class='ocrx_word' id='word_1_285' title='bbox 1395 3335 1672 3406; x_wconf 89' lang='lat' dir='ltr'><strong>perfecisti</strong></span> <span class='ocrx_word' id='word_1_286' title='bbox 1715 3337 1771 3391; x_wconf 91' lang='lat' dir='ltr'><strong>in</strong></span> <span class='ocrx_word' id='word_1_287' title='bbox 1801 3339 1959 3393; x_wconf 88' lang='lat' dir='ltr'><strong>nobis</strong></span> <span class='ocrx_word' id='word_1_288' title='bbox 1992 3339 2060 3390; x_wconf 76' lang='lat'><strong>&quot;.</strong></span> <span class='ocrx_word' id='word_1_289' title='bbox 2084 3355 2102 3389; x_wconf 77' lang='grc' dir='ltr'><strong>ι</strong></span> 
     </span>
    </p>
   </div>
   <div class='ocr_carea' id='block_1_38' title="bbox 542 3425 2110 3498">
    <p class='ocr_par' dir='ltr' id='par_1_38' title="bbox 542 3425 2110 3498">
     <span class='ocr_line' id='line_1_38' title="bbox 542 3425 2110 3498; baseline 0.001 -17"><span class='ocrx_word' id='word_1_290' title='bbox 542 3425 706 3483; x_wconf 86' lang='lat' dir='ltr'><strong>Vides</strong></span> <span class='ocrx_word' id='word_1_291' title='bbox 741 3426 800 3481; x_wconf 89' lang='lat' dir='ltr'><strong>in</strong></span> <span class='ocrx_word' id='word_1_292' title='bbox 839 3426 925 3482; x_wconf 88' lang='lat' dir='ltr'><strong>his</strong></span> <span class='ocrx_word' id='word_1_293' title='bbox 955 3427 1144 3496; x_wconf 84' lang='lat' dir='ltr'><strong>utique</strong></span> <span class='ocrx_word' id='word_1_294' title='bbox 1193 3427 1289 3480; x_wconf 87' lang='lat' dir='ltr'><strong>Dei</strong></span> <span class='ocrx_word' id='word_1_295' title='bbox 1337 3440 1402 3480; x_wconf 88' lang='lat' dir='ltr'><strong>ac</strong></span> <span class='ocrx_word' id='word_1_296' title='bbox 1439 3425 1620 3481; x_wconf 84' lang='lat' dir='ltr'><strong>Patris</strong></span> <span class='ocrx_word' id='word_1_297' title='bbox 1652 3427 1995 3498; x_wconf 87' lang='lat' dir='ltr'><strong>beneplacito</strong></span> <span class='ocrx_word' id='word_1_298' title='bbox 2028 3429 2110 3482; x_wconf 84' lang='lat' dir='ltr'><strong>in-</strong></span> 
     </span>
    </p>
   </div>
   <div class='ocr_carea' id='block_1_39' title="bbox 538 3518 2110 3588">
    <p class='ocr_par' dir='ltr' id='par_1_39' title="bbox 538 3518 2110 3588">
     <span class='ocr_line' id='line_1_39' title="bbox 538 3518 2110 3588; baseline -0.001 -14"><span class='ocrx_word' id='word_1_299' title='bbox 538 3527 823 3574; x_wconf 88' lang='lat' dir='ltr'><strong>carnatam</strong></span> <span class='ocrx_word' id='word_1_300' title='bbox 852 3521 976 3588; x_wconf 87' lang='lat' dir='ltr'><strong>ejus</strong></span> <span class='ocrx_word' id='word_1_301' title='bbox 1006 3520 1268 3574; x_wconf 87' lang='lat' dir='ltr'><strong>virtutem</strong></span> <span class='ocrx_word' id='word_1_302' title='bbox 1289 3556 1305 3583; x_wconf 88' lang='lat'><strong>,</strong></span> <span class='ocrx_word' id='word_1_303' title='bbox 1345 3519 1448 3574; x_wconf 88' lang='lat' dir='ltr'><strong>hoc</strong></span> <span class='ocrx_word' id='word_1_304' title='bbox 1475 3529 1559 3574; x_wconf 91' lang='lat' dir='ltr'><strong>est</strong></span> <span class='ocrx_word' id='word_1_305' title='bbox 1602 3518 1801 3575; x_wconf 85' lang='lat' dir='ltr'><strong>Filium</strong></span> <span class='ocrx_word' id='word_1_306' title='bbox 1829 3559 1846 3584; x_wconf 93' lang='lat'><strong>,</strong></span> <span class='ocrx_word' id='word_1_307' title='bbox 1888 3527 1946 3573; x_wconf 95' lang='lat' dir='ltr'><strong>ut</strong></span> <span class='ocrx_word' id='word_1_308' title='bbox 1978 3534 2110 3575; x_wconf 83' lang='lat' dir='ltr'><strong>con-</strong></span> 
     </span>
    </p>
   </div>
   <div class='ocr_carea' id='block_1_40' title="bbox 537 3609 2108 3680">
    <p class='ocr_par' dir='ltr' id='par_1_40' title="bbox 537 3609 2108 3680">
     <span class='ocr_line' id='line_1_40' title="bbox 537 3609 2108 3680; baseline -0.001 -14"><span class='ocrx_word' id='word_1_309' title='bbox 537 3611 903 3666; x_wconf 80' lang='lat' dir='ltr'><strong>lirmaretboc</strong></span> <span class='ocrx_word' id='word_1_310' title='bbox 930 3611 1077 3679; x_wconf 92' lang='lat' dir='ltr'><strong>quod</strong></span> <span class='ocrx_word' id='word_1_311' title='bbox 1108 3611 1269 3664; x_wconf 90' lang='lat' dir='ltr'><strong>nobis</strong></span> <span class='ocrx_word' id='word_1_312' title='bbox 1301 3609 1533 3679; x_wconf 79' lang='lat' dir='ltr'><strong>perfecit</strong></span> <span class='ocrx_word' id='word_1_313' title='bbox 1561 3625 1784 3680; x_wconf 87' lang='lat' dir='ltr'><strong>corpus.</strong></span> <span class='ocrx_word' id='word_1_314' title='bbox 1811 3611 1924 3666; x_wconf 83' lang='lat' dir='ltr'><strong>Nisi</strong></span> <span class='ocrx_word' id='word_1_315' title='bbox 1962 3612 2108 3667; x_wconf 91' lang='lat' dir='ltr'><strong>enim</strong></span> 
     </span>
    </p>
   </div>
   <div class='ocr_carea' id='block_1_41' title="bbox 539 3699 2110 3771">
    <p class='ocr_par' dir='ltr' id='par_1_41' title="bbox 539 3699 2110 3771">
     <span class='ocr_line' id='line_1_41' title="bbox 539 3699 2110 3771; baseline 0.001 -15"><span class='ocrx_word' id='word_1_316' title='bbox 539 3702 839 3757; x_wconf 82' lang='lat' dir='ltr'><strong>habitasset</strong></span> <span class='ocrx_word' id='word_1_317' title='bbox 871 3703 928 3755; x_wconf 91' lang='lat' dir='ltr'><strong>in</strong></span> <span class='ocrx_word' id='word_1_318' title='bbox 958 3701 1141 3764; x_wconf 89' lang='lat' dir='ltr'><strong>nobis,</strong></span> <span class='ocrx_word' id='word_1_319' title='bbox 1170 3699 1415 3770; x_wconf 85' lang='lat' dir='ltr'><strong>profecto</strong></span> <span class='ocrx_word' id='word_1_320' title='bbox 1444 3715 1513 3755; x_wconf 91' lang='lat' dir='ltr'><strong>ne</strong></span> <span class='ocrx_word' id='word_1_321' title='bbox 1540 3701 1656 3770; x_wconf 89' lang='lat' dir='ltr'><strong>ipsa</strong></span> <span class='ocrx_word' id='word_1_322' title='bbox 1685 3702 1903 3771; x_wconf 85' lang='lat' dir='ltr'><strong>quidem</strong></span> <span class='ocrx_word' id='word_1_323' title='bbox 1926 3701 2110 3758; x_wconf 87' lang='lat' dir='ltr'><strong>carnis</strong></span> 
     </span>
    </p>
   </div>
   <div class='ocr_carea' id='block_1_42' title="bbox 541 3791 2111 3862">
    <p class='ocr_par' dir='ltr' id='par_1_42' title="bbox 541 3791 2111 3862">
     <span class='ocr_line' id='line_1_42' title="bbox 541 3791 2111 3862; baseline 0 -16"><span class='ocrx_word' id='word_1_324' title='bbox 541 3799 736 3847; x_wconf 88' lang='lat' dir='ltr'><strong>natura</strong></span> <span class='ocrx_word' id='word_1_325' title='bbox 761 3791 1134 3846; x_wconf 82' lang='lat' dir='ltr'><strong>infirmitatem</strong></span> <span class='ocrx_word' id='word_1_326' title='bbox 1160 3805 1227 3844; x_wconf 87' lang='lat' dir='ltr'><strong>ex</strong></span> <span class='ocrx_word' id='word_1_327' title='bbox 1258 3791 1616 3860; x_wconf 89' lang='lat' dir='ltr'><strong>corruptione</strong></span> <span class='ocrx_word' id='word_1_328' title='bbox 1645 3791 1948 3862; x_wconf 78' lang='lat' dir='ltr'><strong>profectam</strong></span> <span class='ocrx_word' id='word_1_329' title='bbox 1979 3807 2111 3846; x_wconf 84' lang='lat' dir='ltr'><strong>exu-</strong></span> 
     </span>
    </p>
   </div>
   <div class='ocr_carea' id='block_1_43' title="bbox 540 3881 2108 3953">
    <p class='ocr_par' dir='ltr' id='par_1_43' title="bbox 540 3881 2108 3953">
     <span class='ocr_line' id='line_1_43' title="bbox 540 3881 2108 3953; baseline 0.001 -15"><span class='ocrx_word' id='word_1_330' title='bbox 540 3886 694 3940; x_wconf 81' lang='lat' dir='ltr'><strong>isset.</strong></span> <span class='ocrx_word' id='word_1_331' title='bbox 725 3882 861 3939; x_wconf 88' lang='lat' dir='ltr'><strong>Cum</strong></span> <span class='ocrx_word' id='word_1_332' title='bbox 900 3896 1032 3953; x_wconf 89' lang='lat' dir='ltr'><strong>ergo</strong></span> <span class='ocrx_word' id='word_1_333' title='bbox 1075 3881 1252 3939; x_wconf 81' lang='lat' dir='ltr'><strong>Filius</strong></span> <span class='ocrx_word' id='word_1_334' title='bbox 1301 3883 1372 3938; x_wconf 81' lang='lat' dir='ltr'><strong>sit</strong></span> <span class='ocrx_word' id='word_1_335' title='bbox 1423 3883 1566 3940; x_wconf 90' lang='lat' dir='ltr'><strong>bona</strong></span> <span class='ocrx_word' id='word_1_336' title='bbox 1605 3883 1779 3938; x_wconf 88' lang='lat' dir='ltr'><strong>Patris</strong></span> <span class='ocrx_word' id='word_1_337' title='bbox 1811 3884 2064 3940; x_wconf 89' lang='lat' dir='ltr'><strong>voluntas</strong></span> <span class='ocrx_word' id='word_1_338' title='bbox 2091 3923 2108 3952; x_wconf 90' lang='lat'><strong>,</strong></span> 
     </span>
    </p>
   </div>
   <div class='ocr_carea' id='block_1_44' title="bbox 540 3973 2109 4046">
    <p class='ocr_par' dir='ltr' id='par_1_44' title="bbox 540 3973 2109 4046">
     <span class='ocr_line' id='line_1_44' title="bbox 540 3973 2109 4046; baseline 0.001 -18"><span class='ocrx_word' id='word_1_339' title='bbox 540 3973 754 4046; x_wconf 83' lang='lat' dir='ltr'><strong>perlicit</strong></span> <span class='ocrx_word' id='word_1_340' title='bbox 782 3989 918 4044; x_wconf 89' lang='lat' dir='ltr'><strong>opus</strong></span> <span class='ocrx_word' id='word_1_341' title='bbox 943 3976 1102 4043; x_wconf 89' lang='lat' dir='ltr'><strong>ejus,</strong></span> <span class='ocrx_word' id='word_1_342' title='bbox 1135 3975 1367 4030; x_wconf 89' lang='lat' dir='ltr'><strong>salutem</strong></span> <span class='ocrx_word' id='word_1_343' title='bbox 1397 3975 1644 4030; x_wconf 88' lang='lat' dir='ltr'><strong>tribuens</strong></span> <span class='ocrx_word' id='word_1_344' title='bbox 1673 3974 2025 4032; x_wconf 87' lang='lat' dir='ltr'><strong>credentibus</strong></span> <span class='ocrx_word' id='word_1_345' title='bbox 2052 3976 2109 4030; x_wconf 90' lang='lat' dir='ltr'><strong>in</strong></span> 
     </span>
    </p>
   </div>
   <div class='ocr_carea' id='block_1_45' title="bbox 538 4064 2112 4139">
    <p class='ocr_par' dir='ltr' id='par_1_45' title="bbox 538 4064 2112 4139">
     <span class='ocr_line' id='line_1_45' title="bbox 538 4064 2112 4139; baseline 0.001 -16"><span class='ocrx_word' id='word_1_346' title='bbox 538 4081 686 4123; x_wconf 86' lang='lat' dir='ltr'><strong>eum.</strong></span> <span class='ocrx_word' id='word_1_347' title='bbox 724 4064 835 4122; x_wconf 90' lang='lat' dir='ltr'><strong>Sed</strong></span> <span class='ocrx_word' id='word_1_348' title='bbox 865 4065 1088 4136; x_wconf 86' lang='lat' dir='ltr'><strong>objiciet</strong></span> <span class='ocrx_word' id='word_1_349' title='bbox 1136 4066 1322 4124; x_wconf 79' lang='lat' dir='ltr'><strong>forsan</strong></span> <span class='ocrx_word' id='word_1_350' title='bbox 1361 4068 1563 4138; x_wconf 86' lang='lat' dir='ltr'><strong>aliquis</strong></span> <span class='ocrx_word' id='word_1_351' title='bbox 1596 4085 1611 4122; x_wconf 88' lang='lat'><strong>:</strong></span> <span class='ocrx_word' id='word_1_352' title='bbox 1667 4065 1724 4122; x_wconf 88' lang='lat' dir='ltr'><strong>Si</strong></span> <span class='ocrx_word' id='word_1_353' title='bbox 1774 4066 1948 4125; x_wconf 86' lang='lat' dir='ltr'><strong>Filius</strong></span> <span class='ocrx_word' id='word_1_354' title='bbox 1991 4069 2112 4139; x_wconf 87' lang='lat' dir='ltr'><strong>ipse</strong></span> 
     </span>
    </p>
   </div>
   <div class='ocr_carea' id='block_1_46' title="bbox 538 4157 2108 4231">
    <p class='ocr_par' dir='ltr' id='par_1_46' title="bbox 538 4157 2108 4231">
     <span class='ocr_line' id='line_1_46' title="bbox 538 4157 2108 4231; baseline 0.001 -18"><span class='ocrx_word' id='word_1_355' title='bbox 538 4167 627 4213; x_wconf 84' lang='lat' dir='ltr'><strong>est</strong></span> <span class='ocrx_word' id='word_1_356' title='bbox 651 4157 906 4214; x_wconf 86' lang='lat' dir='ltr'><strong>voluntas</strong></span> <span class='ocrx_word' id='word_1_357' title='bbox 933 4157 1134 4224; x_wconf 87' lang='lat' dir='ltr'><strong>Patris,</strong></span> <span class='ocrx_word' id='word_1_358' title='bbox 1166 4175 1329 4230; x_wconf 88' lang='lat' dir='ltr'><strong>quam</strong></span> <span class='ocrx_word' id='word_1_359' title='bbox 1361 4159 1698 4214; x_wconf 84' lang='lat' dir='ltr'><strong>voluntatem</strong></span> <span class='ocrx_word' id='word_1_360' title='bbox 1724 4159 1903 4216; x_wconf 89' lang='lat' dir='ltr'><strong>Patris</strong></span> <span class='ocrx_word' id='word_1_361' title='bbox 1928 4159 2108 4231; x_wconf 83' lang='lat' dir='ltr'><strong>perfe-</strong></span> 
     </span>
    </p>
   </div>
   <div class='ocr_carea' id='block_1_47' title="bbox 539 4251 2107 4323">
    <p class='ocr_par' dir='ltr' id='par_1_47' title="bbox 539 4251 2107 4323">
     <span class='ocr_line' id='line_1_47' title="bbox 539 4251 2107 4323; baseline 0.002 -18"><span class='ocrx_word' id='word_1_362' title='bbox 539 4258 732 4306; x_wconf 83' lang='lat' dir='ltr'><strong>cturus</strong></span> <span class='ocrx_word' id='word_1_363' title='bbox 763 4251 966 4307; x_wconf 82' lang='lat' dir='ltr'><strong>missus</strong></span> <span class='ocrx_word' id='word_1_364' title='bbox 995 4252 1112 4307; x_wconf 78' lang='lat' dir='ltr'><strong>est!</strong></span> <span class='ocrx_word' id='word_1_365' title='bbox 1142 4252 1303 4306; x_wconf 76' lang='lat' dir='ltr'><strong>Aliud</strong></span> <span class='ocrx_word' id='word_1_366' title='bbox 1341 4253 1488 4306; x_wconf 90' lang='lat' dir='ltr'><strong>enim</strong></span> <span class='ocrx_word' id='word_1_367' title='bbox 1520 4267 1642 4307; x_wconf 86' lang='lat' dir='ltr'><strong>esse</strong></span> <span class='ocrx_word' id='word_1_368' title='bbox 1682 4253 1846 4309; x_wconf 85' lang='lat' dir='ltr'><strong>debet</strong></span> <span class='ocrx_word' id='word_1_369' title='bbox 1888 4254 1940 4308; x_wconf 90' lang='lat' dir='ltr'><strong>id</strong></span> <span class='ocrx_word' id='word_1_370' title='bbox 1964 4253 2107 4323; x_wconf 93' lang='lat' dir='ltr'><strong>quod</strong></span> 
     </span>
    </p>
   </div>
   <div class='ocr_carea' id='block_1_48' title="bbox 539 4329 2182 4415">
    <p class='ocr_par' dir='ltr' id='par_1_48' title="bbox 539 4329 2182 4415">
     <span class='ocr_line' id='line_1_48' title="bbox 539 4329 2182 4415; baseline 0.004 -21"><span class='ocrx_word' id='word_1_371' title='bbox 539 4342 821 4412; x_wconf 81' lang='lat' dir='ltr'><strong>perficitur</strong></span> <span class='ocrx_word' id='word_1_372' title='bbox 871 4343 942 4398; x_wconf 88' lang='lat' dir='ltr'><strong>ab</strong></span> <span class='ocrx_word' id='word_1_373' title='bbox 992 4358 1058 4399; x_wconf 90' lang='lat' dir='ltr'><strong>eo</strong></span> <span class='ocrx_word' id='word_1_374' title='bbox 1099 4344 1195 4414; x_wconf 91' lang='lat' dir='ltr'><strong>qui</strong></span> <span class='ocrx_word' id='word_1_375' title='bbox 1242 4344 1476 4414; x_wconf 80' lang='lat' dir='ltr'><strong>perﬁcit.</strong></span> <span class='ocrx_word' id='word_1_376' title='bbox 1502 4344 1641 4412; x_wconf 86' lang='lat' dir='ltr'><strong>Quid</strong></span> <span class='ocrx_word' id='word_1_377' title='bbox 1687 4345 1852 4415; x_wconf 82' lang='lat' dir='ltr'><strong>igitur</strong></span> <span class='ocrx_word' id='word_1_378' title='bbox 1888 4346 1954 4401; x_wconf 86' lang='lat' dir='ltr'><strong>ad</strong></span> <span class='ocrx_word' id='word_1_379' title='bbox 1998 4346 2102 4401; x_wconf 84' lang='lat' dir='ltr'><strong>hoc</strong></span> <span class='ocrx_word' id='word_1_380' title='bbox 2137 4329 2182 4384; x_wconf 80' lang='grc' dir='ltr'><strong>Ῑ)</strong></span> 
     </span>
    </p>
   </div>
   <div class='ocr_carea' id='block_1_49' title="bbox 538 4432 2106 4505">
    <p class='ocr_par' dir='ltr' id='par_1_49' title="bbox 538 4432 2106 4505">
     <span class='ocr_line' id='line_1_49' title="bbox 538 4432 2106 4505; baseline 0.003 -19"><span class='ocrx_word' id='word_1_381' title='bbox 538 4432 804 4488; x_wconf 83' lang='lat' dir='ltr'><strong>dicimus?</strong></span> <span class='ocrx_word' id='word_1_382' title='bbox 832 4432 1012 4504; x_wconf 79' lang='lat' dir='ltr'><strong>Exigit</strong></span> <span class='ocrx_word' id='word_1_383' title='bbox 1043 4435 1263 4504; x_wconf 89' lang='lat' dir='ltr'><strong>quidem</strong></span> <span class='ocrx_word' id='word_1_384' title='bbox 1298 4437 1582 4491; x_wconf 90' lang='lat' dir='ltr'><strong>nominum</strong></span> <span class='ocrx_word' id='word_1_385' title='bbox 1612 4436 1890 4505; x_wconf 88' lang='lat' dir='ltr'><strong>impositio</strong></span> <span class='ocrx_word' id='word_1_386' title='bbox 1923 4450 2106 4490; x_wconf 90' lang='lat' dir='ltr'><strong>rerum</strong></span> 
     </span>
    </p>
   </div>
   <div class='ocr_carea' id='block_1_50' title="bbox 540 4524 2107 4597">
    <p class='ocr_par' dir='ltr' id='par_1_50' title="bbox 540 4524 2107 4597">
     <span class='ocr_line' id='line_1_50' title="bbox 540 4524 2107 4597; baseline 0.002 -18"><span class='ocrx_word' id='word_1_387' title='bbox 540 4524 966 4595; x_wconf 74' lang='lat' dir='ltr'><strong>signiticatarum</strong></span> <span class='ocrx_word' id='word_1_388' title='bbox 1014 4526 1384 4582; x_wconf 86' lang='lat' dir='ltr'><strong>diversitatem</strong></span> <span class='ocrx_word' id='word_1_389' title='bbox 1411 4569 1425 4593; x_wconf 90' lang='lat'><strong>,</strong></span> <span class='ocrx_word' id='word_1_390' title='bbox 1476 4527 1569 4581; x_wconf 91' lang='lat' dir='ltr'><strong>sed</strong></span> <span class='ocrx_word' id='word_1_391' title='bbox 1613 4527 1670 4580; x_wconf 92' lang='lat' dir='ltr'><strong>in</strong></span> <span class='ocrx_word' id='word_1_392' title='bbox 1723 4526 1836 4587; x_wconf 87' lang='lat' dir='ltr'><strong>Deo</strong></span> <span class='ocrx_word' id='word_1_393' title='bbox 1874 4543 2015 4597; x_wconf 64' lang='lat' dir='ltr'><strong>saepe</strong></span> <span class='ocrx_word' id='word_1_394' title='bbox 2052 4527 2107 4582; x_wconf 91' lang='lat' dir='ltr'><strong>id</strong></span> 
     </span>
    </p>
   </div>
   <div class='ocr_carea' id='block_1_51' title="bbox 541 4617 2107 4688">
    <p class='ocr_par' dir='ltr' id='par_1_51' title="bbox 541 4617 2107 4688">
     <span class='ocr_line' id='line_1_51' title="bbox 541 4617 2107 4688; baseline 0.004 -20"><span class='ocrx_word' id='word_1_395' title='bbox 541 4617 867 4687; x_wconf 74' lang='lat' dir='ltr'><strong>negligitur,</strong></span> <span class='ocrx_word' id='word_1_396' title='bbox 901 4623 956 4670; x_wconf 92' lang='lat' dir='ltr'><strong>et</strong></span> <span class='ocrx_word' id='word_1_397' title='bbox 984 4625 1194 4671; x_wconf 65' lang='lat' dir='ltr'><strong>natura:</strong></span> <span class='ocrx_word' id='word_1_398' title='bbox 1225 4632 1494 4688; x_wconf 65' lang='lat' dir='ltr'><strong>suprema:</strong></span> <span class='ocrx_word' id='word_1_399' title='bbox 1523 4619 1664 4672; x_wconf 90' lang='lat' dir='ltr'><strong>ratio</strong></span> <span class='ocrx_word' id='word_1_400' title='bbox 1698 4619 2107 4674; x_wconf 89' lang='lat' dir='ltr'><strong>accurationem</strong></span> 
     </span>
    </p>
   </div>
   <div class='ocr_carea' id='block_1_52' title="bbox 541 4703 2110 4779">
    <p class='ocr_par' dir='ltr' id='par_1_52' title="bbox 541 4703 2110 4779">
     <span class='ocr_line' id='line_1_52' title="bbox 541 4703 2110 4779; baseline 0.004 -21"><span class='ocrx_word' id='word_1_401' title='bbox 541 4703 688 4760; x_wconf 84' lang='lat' dir='ltr'><strong>illam</strong></span> <span class='ocrx_word' id='word_1_402' title='bbox 726 4707 958 4777; x_wconf 89' lang='lat' dir='ltr'><strong>respuit.</strong></span> <span class='ocrx_word' id='word_1_403' title='bbox 1001 4706 1112 4763; x_wconf 78' lang='lat' dir='ltr'><strong>Nec</strong></span> <span class='ocrx_word' id='word_1_404' title='bbox 1162 4709 1306 4763; x_wconf 91' lang='lat' dir='ltr'><strong>enim</strong></span> <span class='ocrx_word' id='word_1_405' title='bbox 1347 4724 1410 4764; x_wconf 88' lang='lat' dir='ltr'><strong>ea</strong></span> <span class='ocrx_word' id='word_1_406' title='bbox 1456 4722 1576 4778; x_wconf 73' lang='lat' dir='ltr'><strong>quae</strong></span> <span class='ocrx_word' id='word_1_407' title='bbox 1613 4708 1680 4764; x_wconf 92' lang='lat' dir='ltr'><strong>de</strong></span> <span class='ocrx_word' id='word_1_408' title='bbox 1706 4710 1823 4779; x_wconf 86' lang='lat' dir='ltr'><strong>ipsa</strong></span> <span class='ocrx_word' id='word_1_409' title='bbox 1853 4708 2110 4765; x_wconf 86' lang='lat' dir='ltr'><strong>dicuntur</strong></span> 
     </span>
    </p>
   </div>
   <div class='ocr_carea' id='block_1_53' title="bbox 546 4798 2112 4872">
    <p class='ocr_par' dir='ltr' id='par_1_53' title="bbox 546 4798 2112 4872">
     <span class='ocr_line' id='line_1_53' title="bbox 546 4798 2112 4872; baseline 0.005 -23"><span class='ocrx_word' id='word_1_410' title='bbox 546 4807 606 4849; x_wconf 92' lang='lat' dir='ltr'><strong>ut</strong></span> <span class='ocrx_word' id='word_1_411' title='bbox 633 4811 762 4851; x_wconf 81' lang='lat' dir='ltr'><strong>vere</strong></span> <span class='ocrx_word' id='word_1_412' title='bbox 792 4813 851 4852; x_wconf 91' lang='lat' dir='ltr'><strong>se</strong></span> <span class='ocrx_word' id='word_1_413' title='bbox 886 4798 1087 4854; x_wconf 90' lang='lat' dir='ltr'><strong>habent</strong></span> <span class='ocrx_word' id='word_1_414' title='bbox 1119 4800 1308 4868; x_wconf 91' lang='lat' dir='ltr'><strong>utique</strong></span> <span class='ocrx_word' id='word_1_415' title='bbox 1345 4799 1749 4870; x_wconf 89' lang='lat' dir='ltr'><strong>exprimuntur,</strong></span> <span class='ocrx_word' id='word_1_416' title='bbox 1791 4801 1888 4856; x_wconf 92' lang='lat' dir='ltr'><strong>sed</strong></span> <span class='ocrx_word' id='word_1_417' title='bbox 1924 4816 2022 4872; x_wconf 91' lang='lat' dir='ltr'><strong>pro</strong></span> <span class='ocrx_word' id='word_1_418' title='bbox 2046 4817 2112 4858; x_wconf 91' lang='lat' dir='ltr'><strong>eo</strong></span> 
     </span>
    </p>
   </div>
   <div class='ocr_carea' id='block_1_54' title="bbox 542 4888 2111 4957">
    <p class='ocr_par' dir='ltr' id='par_1_54' title="bbox 542 4888 2111 4957">
     <span class='ocr_line' id='line_1_54' title="bbox 542 4888 2111 4957; baseline 0.005 -19"><span class='ocrx_word' id='word_1_419' title='bbox 542 4899 606 4938; x_wconf 85' lang='lat' dir='ltr'><strong>ac</strong></span> <span class='ocrx_word' id='word_1_420' title='bbox 645 4893 824 4954; x_wconf 85' lang='lat' dir='ltr'><strong>potest</strong></span> <span class='ocrx_word' id='word_1_421' title='bbox 869 4902 1129 4943; x_wconf 90' lang='lat' dir='ltr'><strong>enarrare</strong></span> <span class='ocrx_word' id='word_1_422' title='bbox 1173 4888 1355 4957; x_wconf 79' lang='lat' dir='ltr'><strong>lingua</strong></span> <span class='ocrx_word' id='word_1_423' title='bbox 1380 4930 1395 4956; x_wconf 90' lang='lat'><strong>,</strong></span> <span class='ocrx_word' id='word_1_424' title='bbox 1439 4897 1494 4944; x_wconf 89' lang='lat' dir='ltr'><strong>ct</strong></span> <span class='ocrx_word' id='word_1_425' title='bbox 1531 4890 1682 4946; x_wconf 89' lang='lat' dir='ltr'><strong>auris</strong></span> <span class='ocrx_word' id='word_1_426' title='bbox 1720 4892 1960 4947; x_wconf 89' lang='lat' dir='ltr'><strong>hominis</strong></span> <span class='ocrx_word' id='word_1_427' title='bbox 2013 4907 2111 4946; x_wconf 87' lang='lat' dir='ltr'><strong>au-</strong></span> 
     </span>
    </p>
   </div>
   <div class='ocr_carea' id='block_1_55' title="bbox 542 4974 2112 5053">
    <p class='ocr_par' dir='ltr' id='par_1_55' title="bbox 542 4974 2112 5053">
     <span class='ocr_line' id='line_1_55' title="bbox 542 4974 2112 5053; baseline 0.006 -25"><span class='ocrx_word' id='word_1_428' title='bbox 542 4975 680 5028; x_wconf 91' lang='lat' dir='ltr'><strong>dire.</strong></span> <span class='ocrx_word' id='word_1_429' title='bbox 716 4974 819 5040; x_wconf 87' lang='lat' dir='ltr'><strong>Qui</strong></span> <span class='ocrx_word' id='word_1_430' title='bbox 857 4979 1003 5030; x_wconf 91' lang='lat' dir='ltr'><strong>enim</strong></span> <span class='ocrx_word' id='word_1_431' title='bbox 1052 4979 1200 5032; x_wconf 90' lang='lat' dir='ltr'><strong>videt</strong></span> <span class='ocrx_word' id='word_1_432' title='bbox 1250 4981 1302 5032; x_wconf 93' lang='lat' dir='ltr'><strong>in</strong></span> <span class='ocrx_word' id='word_1_433' title='bbox 1350 4980 1666 5050; x_wconf 75' lang='lat' dir='ltr'><strong>zenigmate,</strong></span> <span class='ocrx_word' id='word_1_434' title='bbox 1716 4983 1774 5037; x_wconf 88' lang='lat' dir='ltr'><strong>in</strong></span> <span class='ocrx_word' id='word_1_435' title='bbox 1820 4984 2112 5053; x_wconf 65' lang='lat' dir='ltr'><strong>aenigmate</strong></span> 
     </span>
    </p>
   </div>
   <div class='ocr_carea' id='block_1_56' title="bbox 542 5066 2111 5143">
    <p class='ocr_par' dir='ltr' id='par_1_56' title="bbox 542 5066 2111 5143">
     <span class='ocr_line' id='line_1_56' title="bbox 542 5066 2111 5143; baseline 0.004 -23"><span class='ocrx_word' id='word_1_436' title='bbox 542 5080 759 5136; x_wconf 85' lang='lat' dir='ltr'><strong>quoque</strong></span> <span class='ocrx_word' id='word_1_437' title='bbox 787 5066 1043 5134; x_wconf 90' lang='lat' dir='ltr'><strong>loquitur.</strong></span> <span class='ocrx_word' id='word_1_438' title='bbox 1073 5067 1215 5133; x_wconf 92' lang='lat' dir='ltr'><strong>Quid</strong></span> <span class='ocrx_word' id='word_1_439' title='bbox 1243 5069 1388 5123; x_wconf 90' lang='lat' dir='ltr'><strong>enim</strong></span> <span class='ocrx_word' id='word_1_440' title='bbox 1419 5069 1606 5135; x_wconf 84' lang='lat' dir='ltr'><strong>facies,</strong></span> <span class='ocrx_word' id='word_1_441' title='bbox 1636 5087 1761 5126; x_wconf 87' lang='lat' dir='ltr'><strong>cum</strong></span> <span class='ocrx_word' id='word_1_442' title='bbox 1789 5073 1835 5128; x_wconf 92' lang='lat' dir='ltr'><strong>is</strong></span> <span class='ocrx_word' id='word_1_443' title='bbox 1863 5075 1957 5143; x_wconf 91' lang='lat' dir='ltr'><strong>qui</strong></span> <span class='ocrx_word' id='word_1_444' title='bbox 1984 5076 2111 5129; x_wconf 84' lang='lat' dir='ltr'><strong>sim-</strong></span> 
     </span>
    </p>
   </div>
   <div class='ocr_carea' id='block_1_57' title="bbox 543 5161 2107 5232">
    <p class='ocr_par' dir='ltr' id='par_1_57' title="bbox 543 5161 2107 5232">
     <span class='ocr_line' id='line_1_57' title="bbox 543 5161 2107 5232; baseline 0.004 -17"><span class='ocrx_word' id='word_1_445' title='bbox 543 5162 665 5231; x_wconf 86' lang='lat' dir='ltr'><strong>plex</strong></span> <span class='ocrx_word' id='word_1_446' title='bbox 709 5167 794 5216; x_wconf 89' lang='lat' dir='ltr'><strong>est</strong></span> <span class='ocrx_word' id='word_1_447' title='bbox 817 5199 832 5224; x_wconf 88' lang='lat'><strong>,</strong></span> <span class='ocrx_word' id='word_1_448' title='bbox 873 5171 1068 5214; x_wconf 90' lang='lat' dir='ltr'><strong>natura</strong></span> <span class='ocrx_word' id='word_1_449' title='bbox 1102 5161 1299 5231; x_wconf 90' lang='lat' dir='ltr'><strong>duplex</strong></span> <span class='ocrx_word' id='word_1_450' title='bbox 1343 5165 1626 5232; x_wconf 88' lang='lat' dir='ltr'><strong>apparebit</strong></span> <span class='ocrx_word' id='word_1_451' title='bbox 1658 5167 1891 5221; x_wconf 90' lang='lat' dir='ltr'><strong>dicendo</strong></span> <span class='ocrx_word' id='word_1_452' title='bbox 1922 5166 1989 5221; x_wconf 90' lang='lat' dir='ltr'><strong>de</strong></span> <span class='ocrx_word' id='word_1_453' title='bbox 2027 5167 2107 5221; x_wconf 82' lang='lat' dir='ltr'><strong>ls-</strong></span> 
     </span>
    </p>
   </div>
   <div class='ocr_carea' id='block_1_58' title="bbox 543 5253 2105 5330">
    <p class='ocr_par' dir='ltr' id='par_1_58' title="bbox 543 5253 2105 5330">
     <span class='ocr_line' id='line_1_58' title="bbox 543 5253 2105 5330; baseline 0.002 -19"><span class='ocrx_word' id='word_1_454' title='bbox 543 5256 790 5311; x_wconf 87' lang='lat' dir='ltr'><strong>raelitis:</strong></span> <span class='ocrx_word' id='word_1_455' title='bbox 845 5272 866 5306; x_wconf 73' lang='grc' dir='ltr'><strong>ι</strong></span> <span class='ocrx_word' id='word_1_456' title='bbox 906 5253 972 5308; x_wconf 83' lang='grc' dir='ltr'>Ει</span> <span class='ocrx_word' id='word_1_457' title='bbox 1019 5256 1160 5312; x_wconf 84' lang='lat' dir='ltr'><strong>ﬁlios</strong></span> <span class='ocrx_word' id='word_1_458' title='bbox 1214 5273 1344 5314; x_wconf 82' lang='lat' dir='ltr'><strong>suos</strong></span> <span class='ocrx_word' id='word_1_459' title='bbox 1395 5262 1667 5316; x_wconf 89' lang='lat' dir='ltr'><strong>ducebant</strong></span> <span class='ocrx_word' id='word_1_460' title='bbox 1719 5273 1813 5328; x_wconf 88' lang='lat' dir='ltr'><strong>per</strong></span> <span class='ocrx_word' id='word_1_461' title='bbox 1868 5259 2105 5330; x_wconf 75' lang='lat' dir='ltr'><strong>ignem,</strong></span> 
     </span>
    </p>
   </div>
   <div class='ocr_carea' id='block_1_59' title="bbox 546 5347 2108 5418">
    <p class='ocr_par' dir='ltr' id='par_1_59' title="bbox 546 5347 2108 5418">
     <span class='ocr_line' id='line_1_59' title="bbox 546 5347 2108 5418; baseline 0.002 -16"><span class='ocrx_word' id='word_1_462' title='bbox 546 5349 689 5418; x_wconf 85' lang='lat' dir='ltr'><strong>quod</strong></span> <span class='ocrx_word' id='word_1_463' title='bbox 740 5362 851 5402; x_wconf 94' lang='lat' dir='ltr'><strong>non</strong></span> <span class='ocrx_word' id='word_1_464' title='bbox 897 5347 1148 5402; x_wconf 88' lang='lat' dir='ltr'><strong>mandavi</strong></span> <span class='ocrx_word' id='word_1_465' title='bbox 1198 5350 1309 5416; x_wconf 90' lang='lat' dir='ltr'><strong>eis,</strong></span> <span class='ocrx_word' id='word_1_466' title='bbox 1347 5359 1402 5406; x_wconf 88' lang='lat' dir='ltr'><strong>et</strong></span> <span class='ocrx_word' id='word_1_467' title='bbox 1450 5367 1558 5407; x_wconf 90' lang='lat' dir='ltr'><strong>non</strong></span> <span class='ocrx_word' id='word_1_468' title='bbox 1608 5351 1854 5408; x_wconf 86' lang='lat' dir='ltr'><strong>ascendit</strong></span> <span class='ocrx_word' id='word_1_469' title='bbox 1901 5353 1956 5406; x_wconf 87' lang='lat' dir='ltr'><strong>in</strong></span> <span class='ocrx_word' id='word_1_470' title='bbox 2011 5365 2108 5407; x_wconf 85' lang='lat' dir='ltr'><strong>cor</strong></span> 
     </span>
    </p>
   </div>
   <div class='ocr_carea' id='block_1_60' title="bbox 547 5439 2109 5501">
    <p class='ocr_par' dir='ltr' id='par_1_60' title="bbox 547 5439 2109 5501">
     <span class='ocr_line' id='line_1_60' title="bbox 547 5439 2109 5501; baseline 0.003 -9"><span class='ocrx_word' id='word_1_471' title='bbox 547 5454 726 5494; x_wconf 90' lang='lat' dir='ltr'><strong>meum</strong></span> <span class='ocrx_word' id='word_1_472' title='bbox 757 5439 820 5492; x_wconf 71' lang='grc' dir='ltr'><strong>ι’.</strong></span> <span class='ocrx_word' id='word_1_473' title='bbox 853 5457 872 5490; x_wconf 84' lang='grc'><strong>›</strong></span> <span class='ocrx_word' id='word_1_474' title='bbox 910 5442 1105 5494; x_wconf 84' lang='lat' dir='ltr'><strong>Annon</strong></span> <span class='ocrx_word' id='word_1_475' title='bbox 1137 5443 1282 5496; x_wconf 92' lang='lat' dir='ltr'><strong>enim</strong></span> <span class='ocrx_word' id='word_1_476' title='bbox 1311 5458 1536 5500; x_wconf 90' lang='lat' dir='ltr'><strong>necesse</strong></span> <span class='ocrx_word' id='word_1_477' title='bbox 1568 5453 1652 5501; x_wconf 90' lang='lat' dir='ltr'><strong>est</strong></span> <span class='ocrx_word' id='word_1_478' title='bbox 1684 5459 1778 5499; x_wconf 90' lang='lat' dir='ltr'><strong>cor</strong></span> <span class='ocrx_word' id='word_1_479' title='bbox 1810 5443 1956 5498; x_wconf 90' lang='lat' dir='ltr'><strong>aliud</strong></span> <span class='ocrx_word' id='word_1_480' title='bbox 1986 5457 2109 5497; x_wconf 91' lang='lat' dir='ltr'><strong>esse</strong></span> 
     </span>
    </p>
   </div>
   <div class='ocr_carea' id='block_1_61' title="bbox 540 5530 2108 5608">
    <p class='ocr_par' dir='ltr' id='par_1_61' title="bbox 540 5530 2108 5608">
     <span class='ocr_line' id='line_1_61' title="bbox 540 5530 2108 5608; baseline 0.005 -26"><span class='ocrx_word' id='word_1_481' title='bbox 540 5531 612 5584; x_wconf 80' lang='lat' dir='ltr'><strong>ab</strong></span> <span class='ocrx_word' id='word_1_482' title='bbox 644 5545 710 5585; x_wconf 93' lang='lat' dir='ltr'><strong>eo</strong></span> <span class='ocrx_word' id='word_1_483' title='bbox 749 5530 803 5585; x_wconf 94' lang='lat' dir='ltr'><strong>in</strong></span> <span class='ocrx_word' id='word_1_484' title='bbox 837 5547 946 5602; x_wconf 93' lang='lat' dir='ltr'><strong>quo</strong></span> <span class='ocrx_word' id='word_1_485' title='bbox 977 5533 1104 5588; x_wconf 88' lang='lat' dir='ltr'><strong>est?</strong></span> <span class='ocrx_word' id='word_1_486' title='bbox 1149 5532 1214 5590; x_wconf 87' lang='lat' dir='ltr'><strong>Et</strong></span> <span class='ocrx_word' id='word_1_487' title='bbox 1243 5535 1519 5606; x_wconf 89' lang='lat' dir='ltr'><strong>quomodo</strong></span> <span class='ocrx_word' id='word_1_488' title='bbox 1546 5536 1661 5608; x_wconf 91' lang='lat' dir='ltr'><strong>jam</strong></span> <span class='ocrx_word' id='word_1_489' title='bbox 1692 5537 1923 5606; x_wconf 84' lang='lat' dir='ltr'><strong>simplex</strong></span> <span class='ocrx_word' id='word_1_490' title='bbox 1961 5534 2108 5590; x_wconf 89' lang='lat' dir='ltr'><strong>Deus</strong></span> 
     </span>
    </p>
   </div>
   <div class='ocr_carea' id='block_1_62' title="bbox 619 5638 2108 5720">
    <p class='ocr_par' dir='ltr' id='par_1_62' title="bbox 619 5638 2108 5720">
     <span class='ocr_line' id='line_1_62' title="bbox 619 5638 2108 5720; baseline 0.011 -30"><span class='ocrx_word' id='word_1_491' title='bbox 619 5639 660 5669; x_wconf 76' lang='lat'><em>“</em></span> <span class='ocrx_word' id='word_1_492' title='bbox 689 5638 710 5691; x_wconf 89' lang='grc' dir='ltr'><strong>ι</strong></span> <span class='ocrx_word' id='word_1_493' title='bbox 743 5641 935 5720; x_wconf 43' lang='grc' dir='ltr'>(ἒοικηι,</span> <span class='ocrx_word' id='word_1_494' title='bbox 976 5646 1060 5710; x_wconf 84' lang='lat' dir='ltr'><strong>l8,</strong></span> <span class='ocrx_word' id='word_1_495' title='bbox 1091 5647 1179 5701; x_wconf 76' lang='grc'><strong>24.</strong></span> <span class='ocrx_word' id='word_1_496' title='bbox 1260 5649 1301 5681; x_wconf 79' lang='grc'><strong>⁸⁸</strong></span> <span class='ocrx_word' id='word_1_497' title='bbox 1331 5646 1492 5706; x_wconf 77' lang='lat' dir='ltr'><strong>Joan.</strong></span> <span class='ocrx_word' id='word_1_498' title='bbox 1523 5665 1564 5715; x_wconf 85' lang='grc' dir='ltr'><strong>ι,</strong></span> <span class='ocrx_word' id='word_1_499' title='bbox 1613 5649 1665 5705; x_wconf 71' lang='grc'>1.</span> <span class='ocrx_word' id='word_1_500' title='bbox 1744 5651 1785 5683; x_wconf 80' lang='grc'>⁸⁸</span> <span class='ocrx_word' id='word_1_501' title='bbox 1807 5650 1949 5707; x_wconf 84' lang='lat' dir='ltr'><strong>Psal.</strong></span> <span class='ocrx_word' id='word_1_502' title='bbox 1989 5667 2108 5707; x_wconf 81' lang='lat' dir='ltr'><strong>Lxxt</strong></span> 
     </span>
    </p>
   </div>
   <div class='ocr_carea' id='block_1_63' title="bbox 2206 5638 2877 5720">
    <p class='ocr_par' dir='ltr' id='par_1_63' title="bbox 2206 5649 2877 5716">
     <span class='ocr_line' id='line_1_63' title="bbox 2206 5649 2877 5716; baseline 0.001 -10"><span class='ocrx_word' id='word_1_503' title='bbox 2206 5650 2287 5706; x_wconf 69' lang='lat'><strong>24.</strong></span> <span class='ocrx_word' id='word_1_504' title='bbox 2383 5651 2423 5682; x_wconf 84' lang='lat'><strong>&quot;</strong></span> <span class='ocrx_word' id='word_1_505' title='bbox 2457 5649 2602 5708; x_wconf 85' lang='lat' dir='ltr'><strong>Psal.</strong></span> <span class='ocrx_word' id='word_1_506' title='bbox 2635 5667 2784 5716; x_wconf 80' lang='lat' dir='ltr'><strong>xxix,</strong></span> <span class='ocrx_word' id='word_1_507' title='bbox 2826 5652 2877 5707; x_wconf 92' lang='lat'><strong>8.</strong></span> 
     </span>
    </p>
   </div>
   <div class='ocr_carea' id='block_1_64' title="bbox 546 5710 915 5774">
    <p class='ocr_par' dir='ltr' id='par_1_64' title="bbox 546 5710 915 5774">
     <span class='ocr_line' id='line_1_64' title="bbox 546 5710 915 5774; baseline 0 -11"><span class='ocrx_word' id='word_1_508' title='bbox 546 5723 685 5764; x_wconf 87' lang='lat' dir='ltr'><strong>rem.</strong></span> <span class='ocrx_word' id='word_1_509' title='bbox 725 5724 837 5774; x_wconf 74' lang='grc' dir='ltr'>ιιι,</span> <span class='ocrx_word' id='word_1_510' title='bbox 863 5710 915 5771; x_wconf 82' lang='lat'><strong>5.</strong></span> 
     </span>
    </p>
   </div>
   <div class='ocr_carea' id='block_1_65' title="bbox 2195 517 3780 608">
    <p class='ocr_par' dir='ltr' id='par_1_65' title="bbox 2195 517 3780 608">
     <span class='ocr_line' id='line_1_65' title="bbox 2195 517 3780 608; baseline -0.004 -31"><span class='ocrx_word' id='word_1_511' title='bbox 2195 522 2487 608; x_wconf 49' lang='lat' dir='ltr'><strong>.soupyeta;</strong></span> <span class='ocrx_word' id='word_1_512' title='bbox 2507 521 2813 592; x_wconf 77' lang='grc' dir='ltr'>ιδιαγράφει</span> <span class='ocrx_word' id='word_1_513' title='bbox 2845 519 2906 572; x_wconf 88' lang='grc' dir='ltr'><strong>τὸ</strong></span> <span class='ocrx_word' id='word_1_514' title='bbox 2938 519 3296 588; x_wconf 81' lang='grc' dir='ltr'>ἐπιτήδευμα.</span> <span class='ocrx_word' id='word_1_515' title='bbox 3329 518 3573 572; x_wconf 67' lang='grc' dir='ltr'><strong>Ποταπολ⁸</strong></span> <span class='ocrx_word' id='word_1_516' title='bbox 3595 517 3652 571; x_wconf 81' lang='grc' dir='ltr'><strong>δὲ</strong></span> <span class='ocrx_word' id='word_1_517' title='bbox 3679 519 3780 590; x_wconf 78' lang='grc' dir='ltr'><strong>τὴν</strong></span> 
     </span>
    </p>
   </div>
   <div class='ocr_carea' id='block_1_66' title="bbox 2205 608 3796 683">
    <p class='ocr_par' dir='ltr' id='par_1_66' title="bbox 2205 608 3796 683">
     <span class='ocr_line' id='line_1_66' title="bbox 2205 608 3796 683; baseline -0.006 -16"><span class='ocrx_word' id='word_1_518' title='bbox 2205 613 2318 681; x_wconf 76' lang='grc' dir='ltr'>ἕξιν</span> <span class='ocrx_word' id='word_1_519' title='bbox 2344 615 2611 683; x_wconf 74' lang='grc' dir='ltr'><strong>ὑπάρχειν</strong></span> <span class='ocrx_word' id='word_1_520' title='bbox 2655 611 2930 682; x_wconf 76' lang='grc' dir='ltr'><strong>ὀφείλουσι</strong></span> <span class='ocrx_word' id='word_1_521' title='bbox 2969 608 3307 680; x_wconf 83' lang='grc' dir='ltr'><strong>καταμηνύει</strong></span> <span class='ocrx_word' id='word_1_522' title='bbox 3347 609 3556 678; x_wconf 82' lang='grc' dir='ltr'>σαφῶς.</span> <span class='ocrx_word' id='word_1_523' title='bbox 3585 609 3796 662; x_wconf 72' lang='grc' dir='ltr'>Συντε-ι</span> 
     </span>
    </p>
   </div>
   <div class='ocr_carea' id='block_1_67' title="bbox 2205 696 3779 772">
    <p class='ocr_par' dir='ltr' id='par_1_67' title="bbox 2205 696 3779 772">
     <span class='ocr_line' id='line_1_67' title="bbox 2205 696 3779 772; baseline -0.003 -16"><span class='ocrx_word' id='word_1_524' title='bbox 2205 703 2397 756; x_wconf 87' lang='grc' dir='ltr'>τάσθαι</span> <span class='ocrx_word' id='word_1_525' title='bbox 2429 702 2538 772; x_wconf 85' lang='grc' dir='ltr'><strong>γάρ</strong></span> <span class='ocrx_word' id='word_1_526' title='bbox 2563 701 2627 770; x_wconf 88' lang='grc' dir='ltr'><strong>δὴ</strong></span> <span class='ocrx_word' id='word_1_527' title='bbox 2655 699 2793 752; x_wconf 81' lang='grc' dir='ltr'>κατὰ</span> <span class='ocrx_word' id='word_1_528' title='bbox 2819 697 2879 750; x_wconf 89' lang='grc' dir='ltr'><strong>τὸ</strong></span> <span class='ocrx_word' id='word_1_529' title='bbox 2905 696 3049 760; x_wconf 86' lang='grc' dir='ltr'>είκὸς</span> <span class='ocrx_word' id='word_1_530' title='bbox 3068 735 3084 760; x_wconf 91' lang='grc'><strong>,</strong></span> <span class='ocrx_word' id='word_1_531' title='bbox 3136 698 3432 766; x_wconf 85' lang='grc' dir='ltr'>ἀναγκαῖον</span> <span class='ocrx_word' id='word_1_532' title='bbox 3464 696 3663 761; x_wconf 81' lang='grc' dir='ltr'>αὑτοὺς</span> <span class='ocrx_word' id='word_1_533' title='bbox 3685 697 3779 752; x_wconf 76' lang='grc' dir='ltr'><strong>ἐπὶ</strong></span> 
     </span>
    </p>
   </div>
   <div class='ocr_carea' id='block_1_68' title="bbox 2209 786 3779 864">
    <p class='ocr_par' dir='ltr' id='par_1_68' title="bbox 2209 786 3779 864">
     <span class='ocr_line' id='line_1_68' title="bbox 2209 786 3779 864; baseline -0.003 -18"><span class='ocrx_word' id='word_1_534' title='bbox 2209 793 2389 864; x_wconf 88' lang='grc' dir='ltr'>μόνοις</span> <span class='ocrx_word' id='word_1_535' title='bbox 2417 794 2528 854; x_wconf 81' lang='grc' dir='ltr'>τοῖς</span> <span class='ocrx_word' id='word_1_536' title='bbox 2561 789 2953 852; x_wconf 78' lang='grc' dir='ltr'>διδασκαλικοϊς</span> <span class='ocrx_word' id='word_1_537' title='bbox 2975 787 3360 860; x_wconf 84' lang='grc' dir='ltr'>φροντίσμασι,</span> <span class='ocrx_word' id='word_1_538' title='bbox 3376 786 3486 841; x_wconf 85' lang='grc' dir='ltr'>δεῖν</span> <span class='ocrx_word' id='word_1_539' title='bbox 3497 788 3572 840; x_wconf 72' lang='grc' dir='ltr'><strong>’δὲ</strong></span> <span class='ocrx_word' id='word_1_540' title='bbox 3596 788 3779 842; x_wconf 83' lang='grc' dir='ltr'>τοσοῦ-</span> 
     </span>
    </p>
   </div>
   <div class='ocr_carea' id='block_1_69' title="bbox 2203 877 3780 953">
    <p class='ocr_par' dir='ltr' id='par_1_69' title="bbox 2203 877 3780 953">
     <span class='ocr_line' id='line_1_69' title="bbox 2203 877 3780 953; baseline -0.004 -14"><span class='ocrx_word' id='word_1_541' title='bbox 2203 903 2300 939; x_wconf 86' lang='grc' dir='ltr'><strong>τον</strong></span> <span class='ocrx_word' id='word_1_542' title='bbox 2322 885 2620 953; x_wconf 82' lang='grc' dir='ltr'>ἀποφοιτᾷν</span> <span class='ocrx_word' id='word_1_543' title='bbox 2638 883 2739 953; x_wconf 82' lang='grc' dir='ltr'>τῆς</span> <span class='ocrx_word' id='word_1_544' title='bbox 2763 883 2842 945; x_wconf 84' lang='grc' dir='ltr'><strong>είς</strong></span> <span class='ocrx_word' id='word_1_545' title='bbox 2875 881 3055 951; x_wconf 82' lang='grc' dir='ltr'><strong>σάρκα</strong></span> <span class='ocrx_word' id='word_1_546' title='bbox 3086 877 3327 951; x_wconf 78' lang='grc' dir='ltr'><strong>τρυφῆς,</strong></span> <span class='ocrx_word' id='word_1_547' title='bbox 3355 879 3429 943; x_wconf 84' lang='grc' dir='ltr'>ὡς</span> <span class='ocrx_word' id='word_1_548' title='bbox 3457 879 3580 950; x_wconf 81' lang='grc' dir='ltr'>μηδ’</span> <span class='ocrx_word' id='word_1_549' title='bbox 3611 880 3780 949; x_wconf 75' lang='grc' dir='ltr'>αὐτὴν</span> 
     </span>
    </p>
   </div>
   <div class='ocr_carea' id='block_1_70' title="bbox 2205 971 3777 1049">
    <p class='ocr_par' dir='ltr' id='par_1_70' title="bbox 2205 971 3777 1049">
     <span class='ocr_line' id='line_1_70' title="bbox 2205 971 3777 1049; baseline -0.006 -17"><span class='ocrx_word' id='word_1_550' title='bbox 2205 976 2525 1049; x_wconf 81' lang='grc' dir='ltr'><strong>προσίεσθαι</strong></span> <span class='ocrx_word' id='word_1_551' title='bbox 2554 975 2654 1046; x_wconf 82' lang='grc' dir='ltr'><strong>τὴν</strong></span> <span class='ocrx_word' id='word_1_552' title='bbox 2682 975 2758 1037; x_wconf 83' lang='grc' dir='ltr'>ὡς</span> <span class='ocrx_word' id='word_1_553' title='bbox 2789 974 2847 1040; x_wconf 78' lang='grc' dir='ltr'>ἐξ</span> <span class='ocrx_word' id='word_1_554' title='bbox 2875 974 3121 1043; x_wconf 79' lang='grc' dir='ltr'><strong>ἀνάγκης</strong></span> <span class='ocrx_word' id='word_1_555' title='bbox 3151 971 3468 1042; x_wconf 81' lang='grc' dir='ltr'><strong>θεραπείαν,</strong></span> <span class='ocrx_word' id='word_1_556' title='bbox 3493 971 3580 1024; x_wconf 82' lang='grc' dir='ltr'><strong>διὰ</strong></span> <span class='ocrx_word' id='word_1_557' title='bbox 3609 971 3777 1042; x_wconf 88' lang='grc' dir='ltr'>μόνην</span> 
     </span>
    </p>
   </div>
   <div class='ocr_carea' id='block_1_71' title="bbox 2205 1061 3780 1139">
    <p class='ocr_par' dir='ltr' id='par_1_71' title="bbox 2205 1061 3780 1139">
     <span class='ocr_line' id='line_1_71' title="bbox 2205 1061 3780 1139; baseline -0.006 -16"><span class='ocrx_word' id='word_1_558' title='bbox 2205 1067 2628 1139; x_wconf 73' lang='grc' dir='ltr'><strong>ἐπιτελουμένην</strong></span> <span class='ocrx_word' id='word_1_559' title='bbox 2679 1066 2777 1137; x_wconf 84' lang='grc' dir='ltr'>τὴν</span> <span class='ocrx_word' id='word_1_560' title='bbox 2819 1064 2914 1118; x_wconf 89' lang='grc' dir='ltr'><strong>τοῦ</strong></span> <span class='ocrx_word' id='word_1_561' title='bbox 2959 1063 3211 1117; x_wconf 81' lang='grc' dir='ltr'>τεθνάναι</span> <span class='ocrx_word' id='word_1_562' title='bbox 3256 1061 3612 1133; x_wconf 83' lang='grc' dir='ltr'>παραίτησιν.</span> <span class='ocrx_word' id='word_1_563' title='bbox 3670 1062 3780 1114; x_wconf 79' lang='grc' dir='ltr'><strong>Καὶ</strong></span> 
     </span>
    </p>
   </div>
   <div class='ocr_carea' id='block_1_72' title="bbox 2203 1153 3778 1232">
    <p class='ocr_par' dir='ltr' id='par_1_72' title="bbox 2203 1153 3778 1232">
     <span class='ocr_line' id='line_1_72' title="bbox 2203 1153 3778 1232; baseline -0.008 -15"><span class='ocrx_word' id='word_1_564' title='bbox 2203 1163 2374 1217; x_wconf 90' lang='grc' dir='ltr'>ταῦτα</span> <span class='ocrx_word' id='word_1_565' title='bbox 2404 1162 2502 1232; x_wconf 83' lang='grc' dir='ltr'>μὲν</span> <span class='ocrx_word' id='word_1_566' title='bbox 2528 1159 2762 1230; x_wconf 74' lang='grc' dir='ltr'>εἰρήσθω</span> <span class='ocrx_word' id='word_1_567' title='bbox 2781 1161 2918 1227; x_wconf 89' lang='grc' dir='ltr'>πρὸς</span> <span class='ocrx_word' id='word_1_568' title='bbox 2951 1156 3013 1208; x_wconf 90' lang='grc' dir='ltr'><strong>τὸ</strong></span> <span class='ocrx_word' id='word_1_569' title='bbox 3038 1154 3232 1225; x_wconf 85' lang='grc' dir='ltr'>παρὸν,</span> <span class='ocrx_word' id='word_1_570' title='bbox 3263 1154 3338 1217; x_wconf 82' lang='grc' dir='ltr'>ὡς</span> <span class='ocrx_word' id='word_1_571' title='bbox 3364 1156 3444 1215; x_wconf 87' lang='grc' dir='ltr'>εἰς</span> <span class='ocrx_word' id='word_1_572' title='bbox 3465 1153 3654 1214; x_wconf 84' lang='grc' dir='ltr'>τύπον,</span> <span class='ocrx_word' id='word_1_573' title='bbox 3686 1153 3778 1206; x_wconf 74' lang='grc' dir='ltr'><strong>καὶ</strong></span> 
     </span>
    </p>
   </div>
   <div class='ocr_carea' id='block_1_73' title="bbox 2205 1243 3778 1323">
    <p class='ocr_par' dir='ltr' id='par_1_73' title="bbox 2205 1243 3778 1323">
     <span class='ocr_line' id='line_1_73' title="bbox 2205 1243 3778 1323; baseline -0.008 -16"><span class='ocrx_word' id='word_1_574' title='bbox 2205 1252 2568 1323; x_wconf 79' lang='grc' dir='ltr'>ὑπογραμμὸν</span> <span class='ocrx_word' id='word_1_575' title='bbox 2609 1246 2971 1316; x_wconf 86' lang='grc' dir='ltr'>ἀποστολικῆς</span> <span class='ocrx_word' id='word_1_576' title='bbox 3013 1245 3353 1298; x_wconf 80' lang='grc' dir='ltr'>συντείνοντα</span> <span class='ocrx_word' id='word_1_577' title='bbox 3375 1243 3666 1307; x_wconf 81' lang='grc' dir='ltr'>πολιτείας.</span> <span class='ocrx_word' id='word_1_578' title='bbox 3715 1243 3778 1296; x_wconf 80' lang='lat' dir='ltr'><strong>Et</strong></span> 
     </span>
    </p>
   </div>
   <div class='ocr_carea' id='block_1_74' title="bbox 2203 1335 3777 1412">
    <p class='ocr_par' dir='ltr' id='par_1_74' title="bbox 2203 1335 3777 1412">
     <span class='ocr_line' id='line_1_74' title="bbox 2203 1335 3777 1412; baseline -0.006 -16"><span class='ocrx_word' id='word_1_579' title='bbox 2203 1343 2260 1397; x_wconf 82' lang='grc' dir='ltr'><strong>δὲ</strong></span> <span class='ocrx_word' id='word_1_580' title='bbox 2312 1343 2418 1412; x_wconf 83' lang='grc' dir='ltr'>χρὴ</span> <span class='ocrx_word' id='word_1_581' title='bbox 2459 1344 2572 1404; x_wconf 87' lang='grc' dir='ltr'>τοῖς</span> <span class='ocrx_word' id='word_1_582' title='bbox 2615 1339 2927 1410; x_wconf 87' lang='grc' dir='ltr'>είρημένοις</span> <span class='ocrx_word' id='word_1_583' title='bbox 2973 1337 3068 1390; x_wconf 76' lang='grc' dir='ltr'>καὶ</span> <span class='ocrx_word' id='word_1_584' title='bbox 3107 1335 3578 1406; x_wconf 82' lang='grc' dir='ltr'>δογματικώτερον</span> <span class='ocrx_word' id='word_1_585' title='bbox 3607 1351 3777 1404; x_wconf 79' lang='grc' dir='ltr'>προσο</span> 
     </span>
    </p>
   </div>
   <div class='ocr_carea' id='block_1_75' title="bbox 2205 1427 3775 1500">
    <p class='ocr_par' dir='ltr' id='par_1_75' title="bbox 2205 1427 3775 1500">
     <span class='ocr_line' id='line_1_75' title="bbox 2205 1427 3775 1500; baseline -0.008 -8"><span class='ocrx_word' id='word_1_586' title='bbox 2205 1437 2464 1498; x_wconf 75' lang='grc' dir='ltr'>ϐαλόντας</span> <span class='ocrx_word' id='word_1_587' title='bbox 2496 1436 2688 1497; x_wconf 80' lang='grc' dir='ltr'>εἰπεῖν,</span> <span class='ocrx_word' id='word_1_588' title='bbox 2720 1429 3056 1486; x_wconf 80' lang='grc' dir='ltr'>ἀπεστάλθαι</span> <span class='ocrx_word' id='word_1_589' title='bbox 3087 1430 3240 1500; x_wconf 76' lang='grc' dir='ltr'>φησὶ,</span> <span class='ocrx_word' id='word_1_590' title='bbox 3270 1428 3426 1498; x_wconf 85' lang='grc' dir='ltr'>δῆλον</span> <span class='ocrx_word' id='word_1_591' title='bbox 3445 1427 3502 1481; x_wconf 78' lang='grc' dir='ltr'>δὲ</span> <span class='ocrx_word' id='word_1_592' title='bbox 3531 1427 3775 1498; x_wconf 81' lang='grc' dir='ltr'>ὅτιπαρά</span> 
     </span>
    </p>
   </div>
   <div class='ocr_carea' id='block_1_76' title="bbox 2202 1519 3774 1594">
    <p class='ocr_par' dir='ltr' id='par_1_76' title="bbox 2202 1519 3774 1594">
     <span class='ocr_line' id='line_1_76' title="bbox 2202 1519 3774 1594; baseline -0.008 -11"><span class='ocrx_word' id='word_1_593' title='bbox 2202 1528 2298 1584; x_wconf 86' lang='grc' dir='ltr'><strong>τοῦ</strong></span> <span class='ocrx_word' id='word_1_594' title='bbox 2318 1527 2452 1582; x_wconf 88' lang='grc' dir='ltr'><strong>Θεοῦ</strong></span> <span class='ocrx_word' id='word_1_595' title='bbox 2481 1526 2573 1578; x_wconf 76' lang='grc' dir='ltr'>καὶ</span> <span class='ocrx_word' id='word_1_596' title='bbox 2596 1525 2827 1594; x_wconf 84' lang='grc' dir='ltr'>Πατρὸς,</span> <span class='ocrx_word' id='word_1_597' title='bbox 2849 1522 2882 1592; x_wconf 84' lang='grc' dir='ltr'>ἢ</span> <span class='ocrx_word' id='word_1_598' title='bbox 2907 1520 3048 1574; x_wconf 77' lang='grc' dir='ltr'>κατὰ</span> <span class='ocrx_word' id='word_1_599' title='bbox 3072 1520 3162 1574; x_wconf 90' lang='grc' dir='ltr'><strong>τὸν</strong></span> <span class='ocrx_word' id='word_1_600' title='bbox 3184 1521 3282 1590; x_wconf 80' lang='grc' dir='ltr'>τῆς</span> <span class='ocrx_word' id='word_1_601' title='bbox 3309 1519 3774 1590; x_wconf 77' lang='grc' dir='ltr'>ὲνανθρωπήσεως</span> 
     </span>
    </p>
   </div>
   <div class='ocr_carea' id='block_1_77' title="bbox 2204 1609 3772 1692">
    <p class='ocr_par' dir='ltr' id='par_1_77' title="bbox 2204 1609 3772 1692">
     <span class='ocr_line' id='line_1_77' title="bbox 2204 1609 3772 1692; baseline -0.008 -17"><span class='ocrx_word' id='word_1_602' title='bbox 2204 1622 2404 1692; x_wconf 79' lang='grc' dir='ltr'>τρόπον</span> <span class='ocrx_word' id='word_1_603' title='bbox 2424 1659 2439 1684; x_wconf 87' lang='grc'><strong>,</strong></span> <span class='ocrx_word' id='word_1_604' title='bbox 2487 1617 2607 1671; x_wconf 86' lang='grc' dir='ltr'>καθ’</span> <span class='ocrx_word' id='word_1_605' title='bbox 2641 1616 2701 1669; x_wconf 80' lang='grc' dir='ltr'>ὃν</span> <span class='ocrx_word' id='word_1_606' title='bbox 2736 1614 3012 1684; x_wconf 71' lang='grc' dir='ltr'>ἐπέλαμψε</span> <span class='ocrx_word' id='word_1_607' title='bbox 3043 1612 3120 1682; x_wconf 85' lang='grc' dir='ltr'><strong>τῷ</strong></span> <span class='ocrx_word' id='word_1_608' title='bbox 3151 1615 3342 1682; x_wconf 87' lang='grc' dir='ltr'>κόσμῳ</span> <span class='ocrx_word' id='word_1_609' title='bbox 3377 1612 3516 1681; x_wconf 85' lang='grc' dir='ltr'>μετὰ</span> <span class='ocrx_word' id='word_1_610' title='bbox 3550 1609 3772 1680; x_wconf 86' lang='grc' dir='ltr'>σαρκὸς,</span> 
     </span>
    </p>
   </div>
   <div class='ocr_carea' id='block_1_78' title="bbox 2206 1701 3776 1782">
    <p class='ocr_par' dir='ltr' id='par_1_78' title="bbox 2206 1701 3776 1782">
     <span class='ocr_line' id='line_1_78' title="bbox 2206 1701 3776 1782; baseline -0.009 -15"><span class='ocrx_word' id='word_1_611' title='bbox 2206 1713 2422 1782; x_wconf 76' lang='grc' dir='ltr'>εὐδοκία</span> <span class='ocrx_word' id='word_1_612' title='bbox 2455 1715 2548 1764; x_wconf 63' lang='grc' dir='ltr'><strong>κα)⁸</strong></span> <span class='ocrx_word' id='word_1_613' title='bbox 2587 1708 2890 1762; x_wconf 84' lang='grc' dir='ltr'>συναινέσει</span> <span class='ocrx_word' id='word_1_614' title='bbox 2922 1705 3016 1759; x_wconf 90' lang='grc' dir='ltr'><strong>τοῦ</strong></span> <span class='ocrx_word' id='word_1_615' title='bbox 3047 1704 3288 1777; x_wconf 84' lang='grc' dir='ltr'>Πατρὸς,</span> <span class='ocrx_word' id='word_1_616' title='bbox 3336 1703 3370 1774; x_wconf 77' lang='grc' dir='ltr'>ἦ</span> <span class='ocrx_word' id='word_1_617' title='bbox 3403 1702 3478 1764; x_wconf 82' lang='grc' dir='ltr'>ὡς</span> <span class='ocrx_word' id='word_1_618' title='bbox 3509 1701 3680 1770; x_wconf 84' lang='grc' dir='ltr'>Λόγος</span> <span class='ocrx_word' id='word_1_619' title='bbox 3713 1701 3776 1754; x_wconf 68' lang='grc' dir='ltr'>ἐκ</span> 
     </span>
    </p>
   </div>
   <div class='ocr_carea' id='block_1_79' title="bbox 2205 1792 3777 1874">
    <p class='ocr_par' dir='ltr' id='par_1_79' title="bbox 2205 1792 3777 1874">
     <span class='ocr_line' id='line_1_79' title="bbox 2205 1792 3777 1874; baseline -0.009 -15"><span class='ocrx_word' id='word_1_620' title='bbox 2205 1805 2298 1860; x_wconf 87' lang='grc' dir='ltr'><strong>τοῦ</strong></span> <span class='ocrx_word' id='word_1_621' title='bbox 2329 1804 2688 1874; x_wconf 83' lang='grc' dir='ltr'>γεννήσαντος</span> <span class='ocrx_word' id='word_1_622' title='bbox 2713 1798 2806 1852; x_wconf 90' lang='grc' dir='ltr'><strong>νοῦ</strong></span> <span class='ocrx_word' id='word_1_623' title='bbox 2835 1797 3166 1870; x_wconf 80' lang='grc' dir='ltr'>προκύπτων</span> <span class='ocrx_word' id='word_1_624' title='bbox 3189 1795 3388 1864; x_wconf 87' lang='grc' dir='ltr'>τρόπον</span> <span class='ocrx_word' id='word_1_625' title='bbox 3410 1793 3532 1847; x_wconf 86' lang='grc' dir='ltr'>τινὰ</span> <span class='ocrx_word' id='word_1_626' title='bbox 3553 1833 3567 1857; x_wconf 91' lang='grc'><strong>,</strong></span> <span class='ocrx_word' id='word_1_627' title='bbox 3595 1792 3693 1846; x_wconf 78' lang='grc' dir='ltr'>καὶ</span> <span class='ocrx_word' id='word_1_628' title='bbox 3717 1793 3777 1846; x_wconf 87' lang='grc' dir='ltr'><strong>τὸ</strong></span> 
     </span>
    </p>
   </div>
   <div class='ocr_carea' id='block_1_80' title="bbox 2204 1886 3776 1962">
    <p class='ocr_par' dir='ltr' id='par_1_80' title="bbox 2204 1886 3776 1962">
     <span class='ocr_line' id='line_1_80' title="bbox 2204 1886 3776 1962; baseline -0.008 -11"><span class='ocrx_word' id='word_1_629' title='bbox 2204 1895 2362 1960; x_wconf 82' lang='grc' dir='ltr'>δόξαν</span> <span class='ocrx_word' id='word_1_630' title='bbox 2389 1891 2720 1962; x_wconf 88' lang='grc' dir='ltr'>ἀποπληρὦ</span> <span class='ocrx_word' id='word_1_631' title='bbox 2738 1931 2753 1958; x_wconf 90' lang='grc'><strong>,</strong></span> <span class='ocrx_word' id='word_1_632' title='bbox 2781 1891 2878 1960; x_wconf 86' lang='grc' dir='ltr'><strong>οὐχ</strong></span> <span class='ocrx_word' id='word_1_633' title='bbox 2900 1889 2975 1952; x_wconf 87' lang='grc' dir='ltr'>ὼς</span> <span class='ocrx_word' id='word_1_634' title='bbox 3007 1888 3302 1959; x_wconf 84' lang='grc' dir='ltr'>ἀλλοτρίων</span> <span class='ocrx_word' id='word_1_635' title='bbox 3329 1886 3455 1957; x_wconf 91' lang='grc' dir='ltr'>θελη</span> <span class='ocrx_word' id='word_1_636' title='bbox 3465 1887 3650 1956; x_wconf 87' lang='grc' dir='ltr'>μάτων</span> <span class='ocrx_word' id='word_1_637' title='bbox 3675 1901 3776 1938; x_wconf 88' lang='grc' dir='ltr'>πα-</span> 
     </span>
    </p>
   </div>
   <div class='ocr_carea' id='block_1_81' title="bbox 2207 1976 3778 2060">
    <p class='ocr_par' dir='ltr' id='par_1_81' title="bbox 2207 1976 3778 2060">
     <span class='ocr_line' id='line_1_81' title="bbox 2207 1976 3778 2060; baseline -0.008 -19"><span class='ocrx_word' id='word_1_638' title='bbox 2207 1985 2499 2060; x_wconf 68' lang='grc' dir='ltr'>ραληφθεὶς</span> <span class='ocrx_word' id='word_1_639' title='bbox 2531 1983 2822 2054; x_wconf 83' lang='grc' dir='ltr'>ὑπουργὸς,</span> <span class='ocrx_word' id='word_1_640' title='bbox 2853 1981 2969 2035; x_wconf 82' lang='grc' dir='ltr'>ἀλλ’</span> <span class='ocrx_word' id='word_1_641' title='bbox 3001 1980 3163 2043; x_wconf 89' lang='grc' dir='ltr'>αὑτὸς</span> <span class='ocrx_word' id='word_1_642' title='bbox 3193 1978 3455 2049; x_wconf 83' lang='grc' dir='ltr'>ὑπάρχων</span> <span class='ocrx_word' id='word_1_643' title='bbox 3491 1978 3585 2031; x_wconf 77' lang='grc' dir='ltr'><strong>καὶ</strong></span> <span class='ocrx_word' id='word_1_644' title='bbox 3607 1976 3778 2046; x_wconf 87' lang='grc' dir='ltr'>Λόγος</span> 
     </span>
    </p>
   </div>
   <div class='ocr_carea' id='block_1_82' title="bbox 2203 2070 3779 2143">
    <p class='ocr_par' dir='ltr' id='par_1_82' title="bbox 2203 2070 3779 2143">
     <span class='ocr_line' id='line_1_82' title="bbox 2203 2070 3779 2143; baseline -0.006 -11"><span class='ocrx_word' id='word_1_645' title='bbox 2203 2080 2233 2132; x_wconf 95' lang='lat'><strong>6</strong></span> <span class='ocrx_word' id='word_1_646' title='bbox 2257 2078 2367 2142; x_wconf 81' lang='grc' dir='ltr'>ζῶν</span> <span class='ocrx_word' id='word_1_647' title='bbox 2385 2119 2398 2142; x_wconf 89' lang='grc'><strong>,</strong></span> <span class='ocrx_word' id='word_1_648' title='bbox 2441 2077 2536 2128; x_wconf 80' lang='grc' dir='ltr'>καὶ</span> <span class='ocrx_word' id='word_1_649' title='bbox 2571 2074 2780 2143; x_wconf 82' lang='grc' dir='ltr'>θέλημα</span> <span class='ocrx_word' id='word_1_650' title='bbox 2809 2071 2903 2124; x_wconf 86' lang='grc' dir='ltr'><strong>τοῦ</strong></span> <span class='ocrx_word' id='word_1_651' title='bbox 2933 2071 3140 2141; x_wconf 88' lang='grc' dir='ltr'>Πατρὸς</span> <span class='ocrx_word' id='word_1_652' title='bbox 3167 2070 3562 2140; x_wconf 75' lang='grc' dir='ltr'>ἐναργέστατον</span> <span class='ocrx_word' id='word_1_653' title='bbox 3583 2110 3598 2134; x_wconf 87' lang='grc'><strong>,</strong></span> <span class='ocrx_word' id='word_1_654' title='bbox 3640 2070 3779 2122; x_wconf 76' lang='grc' dir='ltr'>ἐτοίο</span> 
     </span>
    </p>
   </div>
   <div class='ocr_carea' id='block_1_83' title="bbox 2209 2160 3775 2242">
    <p class='ocr_par' dir='ltr' id='par_1_83' title="bbox 2209 2160 3775 2242">
     <span class='ocr_line' id='line_1_83' title="bbox 2209 2160 3775 2242; baseline -0.008 -18"><span class='ocrx_word' id='word_1_655' title='bbox 2209 2188 2325 2242; x_wconf 89' lang='grc' dir='ltr'><strong>μως</strong></span> <span class='ocrx_word' id='word_1_656' title='bbox 2350 2167 2629 2232; x_wconf 78' lang='grc' dir='ltr'>διασὼζων</span> <span class='ocrx_word' id='word_1_657' title='bbox 2662 2164 2788 2228; x_wconf 81' lang='grc' dir='ltr'>τοὺς</span> <span class='ocrx_word' id='word_1_658' title='bbox 2824 2163 3191 2224; x_wconf 86' lang='grc' dir='ltr'>ἀπολωλότας.</span> <span class='ocrx_word' id='word_1_659' title='bbox 3241 2162 3338 2216; x_wconf 85' lang='grc' dir='ltr'>Διὰ</span> <span class='ocrx_word' id='word_1_660' title='bbox 3365 2162 3473 2233; x_wconf 91' lang='grc' dir='ltr'><strong>γάρ</strong></span> <span class='ocrx_word' id='word_1_661' title='bbox 3489 2178 3571 2214; x_wconf 89' lang='grc' dir='ltr'><strong>τοι</strong></span> <span class='ocrx_word' id='word_1_662' title='bbox 3597 2160 3775 2223; x_wconf 87' lang='grc' dir='ltr'>τοῦτο,</span> 
     </span>
    </p>
   </div>
   <div class='ocr_carea' id='block_1_84' title="bbox 2205 2249 3774 2328">
    <p class='ocr_par' dir='ltr' id='par_1_84' title="bbox 2205 2249 3774 2328">
     <span class='ocr_line' id='line_1_84' title="bbox 2205 2249 3774 2328; baseline -0.009 -12"><span class='ocrx_word' id='word_1_663' title='bbox 2205 2264 2301 2317; x_wconf 76' lang='grc' dir='ltr'><strong>καὶ</strong></span> <span class='ocrx_word' id='word_1_664' title='bbox 2351 2259 2443 2314; x_wconf 90' lang='grc' dir='ltr'><strong>τοῦ</strong></span> <span class='ocrx_word' id='word_1_665' title='bbox 2485 2256 2834 2328; x_wconf 82' lang='grc' dir='ltr'>πεπομφότος</span> <span class='ocrx_word' id='word_1_666' title='bbox 2885 2254 3049 2308; x_wconf 82' lang='grc' dir='ltr'>αὑτὸν</span> <span class='ocrx_word' id='word_1_667' title='bbox 3083 2249 3220 2306; x_wconf 76' lang='grc' dir='ltr'>εἶναι</span> <span class='ocrx_word' id='word_1_668' title='bbox 3265 2252 3328 2305; x_wconf 88' lang='grc' dir='ltr'><strong>τὸ</strong></span> <span class='ocrx_word' id='word_1_669' title='bbox 3377 2252 3537 2322; x_wconf 75' lang='grc' dir='ltr'>ἔργον</span> <span class='ocrx_word' id='word_1_670' title='bbox 3585 2249 3774 2312; x_wconf 86' lang='grc' dir='ltr'>εῑπὼν,</span> 
     </span>
    </p>
   </div>
   <div class='ocr_carea' id='block_1_85' title="bbox 2205 2341 3776 2422">
    <p class='ocr_par' dir='ltr' id='par_1_85' title="bbox 2205 2341 3776 2422">
     <span class='ocr_line' id='line_1_85' title="bbox 2205 2341 3776 2422; baseline -0.009 -14"><span class='ocrx_word' id='word_1_671' title='bbox 2205 2353 2366 2417; x_wconf 84' lang='grc' dir='ltr'>αὑτὸς</span> <span class='ocrx_word' id='word_1_672' title='bbox 2397 2352 2591 2422; x_wconf 82' lang='grc' dir='ltr'>ὁρᾶται</span> <span class='ocrx_word' id='word_1_673' title='bbox 2615 2347 2928 2416; x_wconf 82' lang='grc' dir='ltr'>τελειωτής.</span> <span class='ocrx_word' id='word_1_674' title='bbox 2959 2345 3142 2399; x_wconf 88' lang='grc' dir='ltr'>Πάντα</span> <span class='ocrx_word' id='word_1_675' title='bbox 3161 2344 3270 2413; x_wconf 86' lang='grc' dir='ltr'>γὰρ</span> <span class='ocrx_word' id='word_1_676' title='bbox 3293 2344 3444 2415; x_wconf 87' lang='grc' dir='ltr'><strong>παρά</strong></span> <span class='ocrx_word' id='word_1_677' title='bbox 3472 2342 3686 2412; x_wconf 82' lang='grc' dir='ltr'>Πατρὸς</span> <span class='ocrx_word' id='word_1_678' title='bbox 3707 2341 3776 2394; x_wconf 73' lang='grc' dir='ltr'><strong>δι’</strong></span> 
     </span>
    </p>
   </div>
   <div class='ocr_carea' id='block_1_86' title="bbox 2206 2433 3772 2511">
    <p class='ocr_par' dir='ltr' id='par_1_86' title="bbox 2206 2433 3772 2511">
     <span class='ocr_line' id='line_1_86' title="bbox 2206 2433 3772 2511; baseline -0.008 -14"><span class='ocrx_word' id='word_1_679' title='bbox 2206 2441 2336 2498; x_wconf 88' lang='grc' dir='ltr'>Υίοῦ</span> <span class='ocrx_word' id='word_1_680' title='bbox 2364 2444 2420 2495; x_wconf 86' lang='grc' dir='ltr'>ὲν</span> <span class='ocrx_word' id='word_1_681' title='bbox 2449 2440 2729 2511; x_wconf 87' lang='grc' dir='ltr'>Πνεύματι</span> <span class='ocrx_word' id='word_1_682' title='bbox 2751 2453 2766 2468; x_wconf 88' lang='grc'><strong>·</strong></span> <span class='ocrx_word' id='word_1_683' title='bbox 2823 2438 2906 2490; x_wconf 85' lang='grc' dir='ltr'>ὅτι</span> <span class='ocrx_word' id='word_1_684' title='bbox 2937 2437 3046 2506; x_wconf 86' lang='grc' dir='ltr'><strong>γὰρ</strong></span> <span class='ocrx_word' id='word_1_685' title='bbox 3077 2436 3172 2489; x_wconf 70' lang='grc' dir='ltr'>καὶ</span> <span class='ocrx_word' id='word_1_686' title='bbox 3218 2435 3407 2503; x_wconf 88' lang='grc' dir='ltr'>λόγος,</span> <span class='ocrx_word' id='word_1_687' title='bbox 3462 2433 3556 2488; x_wconf 69' lang='grc' dir='ltr'>καὶ</span> <span class='ocrx_word' id='word_1_688' title='bbox 3589 2433 3772 2504; x_wconf 76' lang='grc' dir='ltr'>βουλὴ,</span> 
     </span>
    </p>
   </div>
   <div class='ocr_carea' id='block_1_87' title="bbox 2205 2524 3773 2603">
    <p class='ocr_par' dir='ltr' id='par_1_87' title="bbox 2205 2524 3773 2603">
     <span class='ocr_line' id='line_1_87' title="bbox 2205 2524 3773 2603; baseline -0.008 -15"><span class='ocrx_word' id='word_1_689' title='bbox 2205 2536 2300 2588; x_wconf 77' lang='grc' dir='ltr'><strong>καὶ</strong></span> <span class='ocrx_word' id='word_1_690' title='bbox 2340 2533 2583 2603; x_wconf 83' lang='grc' dir='ltr'>θέλημα,</span> <span class='ocrx_word' id='word_1_691' title='bbox 2634 2531 2728 2584; x_wconf 75' lang='grc' dir='ltr'><strong>καὶ</strong></span> <span class='ocrx_word' id='word_1_692' title='bbox 2760 2529 2988 2598; x_wconf 88' lang='grc' dir='ltr'>δύναμις</span> <span class='ocrx_word' id='word_1_693' title='bbox 3017 2526 3113 2580; x_wconf 90' lang='grc' dir='ltr'><strong>τοῦ</strong></span> <span class='ocrx_word' id='word_1_694' title='bbox 3139 2527 3351 2598; x_wconf 86' lang='grc' dir='ltr'>Πατρός</span> <span class='ocrx_word' id='word_1_695' title='bbox 3377 2528 3540 2579; x_wconf 59' lang='grc' dir='ltr'>ἐστιν</span> <span class='ocrx_word' id='word_1_696' title='bbox 3575 2525 3604 2576; x_wconf 93' lang='lat'><strong>6</strong></span> <span class='ocrx_word' id='word_1_697' title='bbox 3626 2524 3773 2588; x_wconf 77' lang='grc' dir='ltr'>Υἱὸς,</span> 
     </span>
    </p>
   </div>
   <div class='ocr_carea' id='block_1_88' title="bbox 2205 2615 3777 2694">
    <p class='ocr_par' dir='ltr' id='par_1_88' title="bbox 2205 2615 3777 2694">
     <span class='ocr_line' id='line_1_88' title="bbox 2205 2615 3777 2694; baseline -0.007 -15"><span class='ocrx_word' id='word_1_698' title='bbox 2205 2623 2343 2680; x_wconf 75' lang='grc' dir='ltr'>εἶναι</span> <span class='ocrx_word' id='word_1_699' title='bbox 2373 2625 2472 2694; x_wconf 76' lang='grc' dir='ltr'>μὲν</span> <span class='ocrx_word' id='word_1_700' title='bbox 2507 2625 2678 2678; x_wconf 74' lang='grc' dir='ltr'>ἅπασι</span> <span class='ocrx_word' id='word_1_701' title='bbox 2715 2619 2922 2692; x_wconf 78' lang='grc' dir='ltr'>νομίζω</span> <span class='ocrx_word' id='word_1_702' title='bbox 2945 2619 3286 2688; x_wconf 83' lang='grc' dir='ltr'>καταφανές·</span> <span class='ocrx_word' id='word_1_703' title='bbox 3335 2617 3493 2670; x_wconf 78' lang='grc' dir='ltr'>λυπεῖ</span> <span class='ocrx_word' id='word_1_704' title='bbox 3528 2617 3585 2669; x_wconf 69' lang='grc' dir='ltr'><strong>δὲ</strong></span> <span class='ocrx_word' id='word_1_705' title='bbox 3626 2615 3777 2670; x_wconf 70' lang='grc' dir='ltr'>οὐδὲν</span> 
     </span>
    </p>
   </div>
   <div class='ocr_carea' id='block_1_89' title="bbox 2205 2705 3777 2786">
    <p class='ocr_par' dir='ltr' id='par_1_89' title="bbox 2205 2705 3777 2786">
     <span class='ocr_line' id='line_1_89' title="bbox 2205 2705 3777 2786; baseline -0.009 -14"><span class='ocrx_word' id='word_1_706' title='bbox 2205 2718 2300 2773; x_wconf 77' lang='grc' dir='ltr'>καὶ</span> <span class='ocrx_word' id='word_1_707' title='bbox 2339 2716 2447 2770; x_wconf 87' lang='grc' dir='ltr'><strong>άπὸ</strong></span> <span class='ocrx_word' id='word_1_708' title='bbox 2488 2715 2587 2786; x_wconf 83' lang='grc' dir='ltr'>τῆς</span> <span class='ocrx_word' id='word_1_709' title='bbox 2643 2713 2794 2776; x_wconf 91' lang='grc' dir='ltr'>θείας</span> <span class='ocrx_word' id='word_1_710' title='bbox 2846 2709 3221 2764; x_wconf 82' lang='grc' dir='ltr'>πιστώσασθαι</span> <span class='ocrx_word' id='word_1_711' title='bbox 3262 2708 3506 2780; x_wconf 83' lang='grc' dir='ltr'>Γραφῆς.</span> <span class='ocrx_word' id='word_1_712' title='bbox 3567 2705 3777 2760; x_wconf 79' lang='grc' dir='ltr'>Οὐκοῦν</span> 
     </span>
    </p>
   </div>
   <div class='ocr_carea' id='block_1_90' title="bbox 2204 2797 3835 2882">
    <p class='ocr_par' dir='ltr' id='par_1_90' title="bbox 2204 2797 3835 2882">
     <span class='ocr_line' id='line_1_90' title="bbox 2204 2797 3835 2882; baseline -0.011 -17"><span class='ocrx_word' id='word_1_713' title='bbox 2204 2812 2382 2882; x_wconf 85' lang='grc' dir='ltr'>ὁράτω</span> <span class='ocrx_word' id='word_1_714' title='bbox 2411 2808 2508 2879; x_wconf 79' lang='grc' dir='ltr'><strong>μέν</strong></span> <span class='ocrx_word' id='word_1_715' title='bbox 2550 2823 2635 2869; x_wconf 89' lang='grc' dir='ltr'><strong>τις</strong></span> <span class='ocrx_word' id='word_1_716' title='bbox 2661 2805 2972 2875; x_wconf 86' lang='grc' dir='ltr'>ὑπάρχοντα</span> <span class='ocrx_word' id='word_1_717' title='bbox 3000 2802 3173 2869; x_wconf 91' lang='grc' dir='ltr'>Λόγον</span> <span class='ocrx_word' id='word_1_718' title='bbox 3211 2803 3267 2853; x_wconf 77' lang='grc' dir='ltr'>ἐν</span> <span class='ocrx_word' id='word_1_719' title='bbox 3291 2800 3369 2870; x_wconf 82' lang='grc' dir='ltr'><strong>τῷ</strong></span> <span class='ocrx_word' id='word_1_720' title='bbox 3393 2815 3408 2830; x_wconf 80' lang='grc' dir='ltr'><strong>ο</strong></span> <span class='ocrx_word' id='word_1_721' title='bbox 3459 2816 3478 2850; x_wconf 77' lang='grc' dir='ltr'><strong>ι</strong></span> <span class='ocrx_word' id='word_1_722' title='bbox 3520 2799 3606 2852; x_wconf 88' lang='grc' dir='ltr'>Ἐν</span> <span class='ocrx_word' id='word_1_723' title='bbox 3635 2797 3774 2868; x_wconf 79' lang='grc' dir='ltr'>ἀρχῇ</span> <span class='ocrx_word' id='word_1_724' title='bbox 3826 2859 3835 2869; x_wconf 44' lang='grc'><strong><em>,</em></strong></span> 
     </span>
    </p>
   </div>
   <div class='ocr_carea' id='block_1_91' title="bbox 2203 2887 3782 2974">
    <p class='ocr_par' dir='ltr' id='par_1_91' title="bbox 2203 2887 3782 2974">
     <span class='ocr_line' id='line_1_91' title="bbox 2203 2887 3782 2974; baseline -0.011 -18"><span class='ocrx_word' id='word_1_725' title='bbox 2203 2899 2272 2974; x_wconf 80' lang='grc' dir='ltr'>ἦν</span> <span class='ocrx_word' id='word_1_726' title='bbox 2302 2904 2330 2954; x_wconf 93' lang='lat'><strong>6</strong></span> <span class='ocrx_word' id='word_1_727' title='bbox 2355 2900 2525 2967; x_wconf 87' lang='grc' dir='ltr'>Λόγος</span> <span class='ocrx_word' id='word_1_728' title='bbox 2541 2937 2556 2962; x_wconf 91' lang='grc'><strong>,</strong></span> <span class='ocrx_word' id='word_1_729' title='bbox 2593 2898 2685 2951; x_wconf 67' lang='grc' dir='ltr'><strong>καὶ</strong></span> <span class='ocrx_word' id='word_1_730' title='bbox 2708 2897 2736 2949; x_wconf 98' lang='lat'><strong>6</strong></span> <span class='ocrx_word' id='word_1_731' title='bbox 2768 2895 2938 2962; x_wconf 85' lang='grc' dir='ltr'>Λόγος</span> <span class='ocrx_word' id='word_1_732' title='bbox 2964 2888 3032 2964; x_wconf 80' lang='grc' dir='ltr'>ἦν</span> <span class='ocrx_word' id='word_1_733' title='bbox 3060 2892 3195 2961; x_wconf 88' lang='grc' dir='ltr'>πρὸς</span> <span class='ocrx_word' id='word_1_734' title='bbox 3219 2891 3310 2944; x_wconf 85' lang='grc' dir='ltr'><strong>τὸν</strong></span> <span class='ocrx_word' id='word_1_735' title='bbox 3332 2889 3464 2942; x_wconf 88' lang='grc' dir='ltr'>Θεὸν</span> <span class='ocrx_word' id='word_1_736' title='bbox 3482 2927 3497 2952; x_wconf 90' lang='grc'><strong>,</strong></span> <span class='ocrx_word' id='word_1_737' title='bbox 3529 2888 3624 2942; x_wconf 61' lang='grc' dir='ltr'><strong>καὶ⁵</strong></span> <span class='ocrx_word' id='word_1_738' title='bbox 3647 2887 3782 2950; x_wconf 85' lang='grc' dir='ltr'>Θεὸς</span> 
     </span>
    </p>
   </div>
   <div class='ocr_carea' id='block_1_92' title="bbox 2207 2978 3777 3065">
    <p class='ocr_par' dir='ltr' id='par_1_92' title="bbox 2207 2978 3777 3065">
     <span class='ocr_line' id='line_1_92' title="bbox 2207 2978 3777 3065; baseline -0.01 -19"><span class='ocrx_word' id='word_1_739' title='bbox 2207 2989 2274 3065; x_wconf 84' lang='grc' dir='ltr'>ἦν</span> <span class='ocrx_word' id='word_1_740' title='bbox 2297 2995 2324 3045; x_wconf 90' lang='grc' dir='ltr'>ὁ</span> <span class='ocrx_word' id='word_1_741' title='bbox 2352 2991 2542 3059; x_wconf 89' lang='grc' dir='ltr'>Λόγος.</span> <span class='ocrx_word' id='word_1_742' title='bbox 2572 3008 2590 3040; x_wconf 74' lang='grc' dir='ltr'><strong>ι</strong></span> <span class='ocrx_word' id='word_1_743' title='bbox 2640 2987 2852 3059; x_wconf 81' lang='grc' dir='ltr'>Ὀράτω</span> <span class='ocrx_word' id='word_1_744' title='bbox 2886 2985 3082 3055; x_wconf 80' lang='grc' dir='ltr'>βουλὴν</span> <span class='ocrx_word' id='word_1_745' title='bbox 3106 2984 3163 3036; x_wconf 76' lang='grc' dir='ltr'>ἐν</span> <span class='ocrx_word' id='word_1_746' title='bbox 3194 2983 3272 3053; x_wconf 81' lang='grc' dir='ltr'><strong>τῷ</strong></span> <span class='ocrx_word' id='word_1_747' title='bbox 3304 2981 3505 3048; x_wconf 82' lang='grc' dir='ltr'>λέγειν,</span> <span class='ocrx_word' id='word_1_748' title='bbox 3537 2980 3613 3042; x_wconf 82' lang='grc' dir='ltr'>ὡς</span> <span class='ocrx_word' id='word_1_749' title='bbox 3639 2978 3777 3050; x_wconf 81' lang='grc' dir='ltr'>πρὸς</span> 
     </span>
    </p>
   </div>
   <div class='ocr_carea' id='block_1_93' title="bbox 2133 3072 3776 3175">
    <p class='ocr_par' dir='ltr' id='par_1_93' title="bbox 2133 3072 3776 3175">
     <span class='ocr_line' id='line_1_93' title="bbox 2133 3072 3776 3175; baseline -0.009 -37"><span class='ocrx_word' id='word_1_750' title='bbox 2133 3119 2175 3175; x_wconf 74' lang='lat' dir='ltr'>c</span> <span class='ocrx_word' id='word_1_751' title='bbox 2208 3084 2338 3137; x_wconf 86' lang='grc' dir='ltr'>Θεὸν</span> <span class='ocrx_word' id='word_1_752' title='bbox 2364 3084 2457 3136; x_wconf 72' lang='grc' dir='ltr'><strong>καὶ</strong></span> <span class='ocrx_word' id='word_1_753' title='bbox 2480 3081 2729 3153; x_wconf 82' lang='grc' dir='ltr'>Πατέρα,</span> <span class='ocrx_word' id='word_1_754' title='bbox 2774 3080 2866 3132; x_wconf 92' lang='grc' dir='ltr'><strong>τὸν</strong></span> <span class='ocrx_word' id='word_1_755' title='bbox 2891 3076 3174 3147; x_wconf 74' lang='grc' dir='ltr'>Μελῳδόνο</span> <span class='ocrx_word' id='word_1_756' title='bbox 3197 3092 3227 3126; x_wconf 75' lang='grc'><strong>’1</strong></span> <span class='ocrx_word' id='word_1_757' title='bbox 3264 3075 3353 3127; x_wconf 86' lang='grc' dir='ltr'><strong>Ἐν</strong></span> <span class='ocrx_word' id='word_1_758' title='bbox 3378 3077 3444 3144; x_wconf 82' lang='grc' dir='ltr'>τῇ</span> <span class='ocrx_word' id='word_1_759' title='bbox 3478 3072 3639 3143; x_wconf 82' lang='grc' dir='ltr'>βουλῇ</span> <span class='ocrx_word' id='word_1_760' title='bbox 3676 3089 3776 3140; x_wconf 88' lang='grc' dir='ltr'><strong>μου</strong></span> 
     </span>
    </p>
   </div>
   <div class='ocr_carea' id='block_1_94' title="bbox 2208 3163 3778 3246">
    <p class='ocr_par' dir='ltr' id='par_1_94' title="bbox 2208 3163 3778 3246">
     <span class='ocr_line' id='line_1_94' title="bbox 2208 3163 3778 3246; baseline -0.009 -18"><span class='ocrx_word' id='word_1_761' title='bbox 2208 3174 2494 3246; x_wconf 81' lang='grc' dir='ltr'>ὠδήγησάς</span> <span class='ocrx_word' id='word_1_762' title='bbox 2528 3189 2614 3242; x_wconf 91' lang='grc' dir='ltr'><strong>με.</strong></span> <span class='ocrx_word' id='word_1_763' title='bbox 2647 3191 2665 3222; x_wconf 72' lang='grc' dir='ltr'><strong>ι</strong></span> <span class='ocrx_word' id='word_1_764' title='bbox 2729 3170 2943 3241; x_wconf 82' lang='grc' dir='ltr'>Ὀράτω</span> <span class='ocrx_word' id='word_1_765' title='bbox 2976 3168 3186 3237; x_wconf 86' lang='grc' dir='ltr'>θέλημα</span> <span class='ocrx_word' id='word_1_766' title='bbox 3215 3165 3376 3220; x_wconf 89' lang='grc' dir='ltr'>πάλιν</span> <span class='ocrx_word' id='word_1_767' title='bbox 3409 3165 3468 3218; x_wconf 75' lang='grc' dir='ltr'>ἑν</span> <span class='ocrx_word' id='word_1_768' title='bbox 3494 3163 3572 3233; x_wconf 82' lang='grc' dir='ltr'>τῷ</span> <span class='ocrx_word' id='word_1_769' title='bbox 3596 3163 3778 3230; x_wconf 81' lang='grc' dir='ltr'>λέγειν</span> 
     </span>
    </p>
   </div>
   <div class='ocr_carea' id='block_1_95' title="bbox 2207 3251 3778 3331">
    <p class='ocr_par' dir='ltr' id='par_1_95' title="bbox 2207 3251 3778 3331">
     <span class='ocr_line' id='line_1_95' title="bbox 2207 3251 3778 3331; baseline -0.007 -15"><span class='ocrx_word' id='word_1_770' title='bbox 2207 3263 2367 3316; x_wconf 89' lang='grc' dir='ltr'>αὑτόν</span> <span class='ocrx_word' id='word_1_771' title='bbox 2389 3280 2405 3295; x_wconf 87' lang='grc'><strong>·</strong></span> <span class='ocrx_word' id='word_1_772' title='bbox 2462 3280 2480 3310; x_wconf 74' lang='grc' dir='ltr'><strong>ι</strong></span> <span class='ocrx_word' id='word_1_773' title='bbox 2504 3260 2675 3331; x_wconf 78' lang='grc' dir='ltr'>Κύριε</span> <span class='ocrx_word' id='word_1_774' title='bbox 2695 3298 2711 3324; x_wconf 93' lang='grc'><strong>,</strong></span> <span class='ocrx_word' id='word_1_775' title='bbox 2771 3261 2828 3311; x_wconf 78' lang='grc' dir='ltr'>ἐν</span> <span class='ocrx_word' id='word_1_776' title='bbox 2855 3257 2934 3328; x_wconf 85' lang='grc' dir='ltr'>τῷ</span> <span class='ocrx_word' id='word_1_777' title='bbox 2967 3257 3234 3328; x_wconf 86' lang='grc' dir='ltr'>θελήματί</span> <span class='ocrx_word' id='word_1_778' title='bbox 3268 3273 3362 3308; x_wconf 90' lang='grc' dir='ltr'><strong>σου</strong></span> <span class='ocrx_word' id='word_1_779' title='bbox 3388 3255 3669 3326; x_wconf 82' lang='grc' dir='ltr'>παράσχου</span> <span class='ocrx_word' id='word_1_780' title='bbox 3699 3251 3778 3323; x_wconf 82' lang='grc' dir='ltr'>τῷ</span> 
     </span>
    </p>
   </div>
   <div class='ocr_carea' id='block_1_96' title="bbox 2208 3341 3777 3423">
    <p class='ocr_par' dir='ltr' id='par_1_96' title="bbox 2208 3341 3777 3423">
     <span class='ocr_line' id='line_1_96' title="bbox 2208 3341 3777 3423; baseline -0.008 -16"><span class='ocrx_word' id='word_1_781' title='bbox 2208 3353 2392 3407; x_wconf 84' lang='grc' dir='ltr'>κάλλει</span> <span class='ocrx_word' id='word_1_782' title='bbox 2417 3367 2518 3423; x_wconf 88' lang='grc' dir='ltr'><strong>μου</strong></span> <span class='ocrx_word' id='word_1_783' title='bbox 2547 3350 2794 3419; x_wconf 88' lang='grc' dir='ltr'>δύναμιν.</span> <span class='ocrx_word' id='word_1_784' title='bbox 2823 3368 2840 3401; x_wconf 75' lang='grc' dir='ltr'><strong>ι</strong></span> <span class='ocrx_word' id='word_1_785' title='bbox 2885 3349 3085 3418; x_wconf 86' lang='grc' dir='ltr'>Νευροϊ</span> <span class='ocrx_word' id='word_1_786' title='bbox 3107 3346 3215 3419; x_wconf 85' lang='grc' dir='ltr'>γὰρ</span> <span class='ocrx_word' id='word_1_787' title='bbox 3241 3345 3348 3399; x_wconf 86' lang='grc' dir='ltr'><strong>τῶν</strong></span> <span class='ocrx_word' id='word_1_788' title='bbox 3371 3346 3542 3413; x_wconf 84' lang='grc' dir='ltr'>ἁγίων</span> <span class='ocrx_word' id='word_1_789' title='bbox 3572 3344 3634 3396; x_wconf 87' lang='grc' dir='ltr'><strong>τὸ</strong></span> <span class='ocrx_word' id='word_1_790' title='bbox 3655 3341 3777 3396; x_wconf 73' lang='grc' dir='ltr'><strong>κάλ⁶</strong></span> 
     </span>
    </p>
   </div>
   <div class='ocr_carea' id='block_1_97' title="bbox 2208 3434 3777 3514">
    <p class='ocr_par' dir='ltr' id='par_1_97' title="bbox 2208 3434 3777 3514">
     <span class='ocr_line' id='line_1_97' title="bbox 2208 3434 3777 3514; baseline -0.009 -14"><span class='ocrx_word' id='word_1_791' title='bbox 2208 3448 2318 3512; x_wconf 85' lang='grc' dir='ltr'>λος,</span> <span class='ocrx_word' id='word_1_792' title='bbox 2347 3445 2492 3498; x_wconf 86' lang='grc' dir='ltr'>τοῦτ’</span> <span class='ocrx_word' id='word_1_793' title='bbox 2523 3443 2641 3496; x_wconf 79' lang='grc' dir='ltr'>ἐστι</span> <span class='ocrx_word' id='word_1_794' title='bbox 2665 3480 2680 3506; x_wconf 92' lang='grc'><strong>,</strong></span> <span class='ocrx_word' id='word_1_795' title='bbox 2722 3441 2821 3514; x_wconf 81' lang='grc' dir='ltr'>τὴν</span> <span class='ocrx_word' id='word_1_796' title='bbox 2845 3439 3061 3494; x_wconf 79' lang='grc' dir='ltr'>ἃπασαν</span> <span class='ocrx_word' id='word_1_797' title='bbox 3083 3437 3284 3509; x_wconf 84' lang='grc' dir='ltr'>ἀρετῆς</span> <span class='ocrx_word' id='word_1_798' title='bbox 3310 3436 3523 3502; x_wconf 80' lang='grc' dir='ltr'>εὐεξίαν</span> <span class='ocrx_word' id='word_1_799' title='bbox 3542 3477 3557 3502; x_wconf 84' lang='grc'><strong>,</strong></span> <span class='ocrx_word' id='word_1_800' title='bbox 3585 3436 3646 3487; x_wconf 93' lang='grc' dir='ltr'><strong>τὸ</strong></span> <span class='ocrx_word' id='word_1_801' title='bbox 3671 3434 3777 3498; x_wconf 85' lang='grc' dir='ltr'><strong>ζῶν</strong></span> 
     </span>
    </p>
   </div>
   <div class='ocr_carea' id='block_1_98' title="bbox 2208 3528 3776 3603">
    <p class='ocr_par' dir='ltr' id='par_1_98' title="bbox 2208 3528 3776 3603">
     <span class='ocr_line' id='line_1_98' title="bbox 2208 3528 3776 3603; baseline -0.008 -11"><span class='ocrx_word' id='word_1_802' title='bbox 2208 3556 2267 3594; x_wconf 88' lang='grc' dir='ltr'><strong>τε</strong></span> <span class='ocrx_word' id='word_1_803' title='bbox 2298 3540 2390 3592; x_wconf 79' lang='grc' dir='ltr'>καὶ</span> <span class='ocrx_word' id='word_1_804' title='bbox 2418 3535 2775 3590; x_wconf 84' lang='grc' dir='ltr'>ἐνυπόστατον</span> <span class='ocrx_word' id='word_1_805' title='bbox 2803 3532 3014 3603; x_wconf 84' lang='grc' dir='ltr'>θέλημα</span> <span class='ocrx_word' id='word_1_806' title='bbox 3038 3530 3130 3584; x_wconf 88' lang='grc' dir='ltr'><strong>τοῦ</strong></span> <span class='ocrx_word' id='word_1_807' title='bbox 3151 3530 3383 3602; x_wconf 85' lang='grc' dir='ltr'>Πατρὸς,</span> <span class='ocrx_word' id='word_1_808' title='bbox 3413 3529 3557 3592; x_wconf 80' lang='grc' dir='ltr'>τοῦτ’</span> <span class='ocrx_word' id='word_1_809' title='bbox 3581 3528 3724 3581; x_wconf 80' lang='grc' dir='ltr'>ἔστιν</span> <span class='ocrx_word' id='word_1_810' title='bbox 3747 3529 3776 3580; x_wconf 93' lang='lat'><strong>6</strong></span> 
     </span>
    </p>
   </div>
   <div class='ocr_carea' id='block_1_99' title="bbox 2209 3619 3777 3696">
    <p class='ocr_par' dir='ltr' id='par_1_99' title="bbox 2209 3619 3777 3696">
     <span class='ocr_line' id='line_1_99' title="bbox 2209 3619 3777 3696; baseline -0.005 -14"><span class='ocrx_word' id='word_1_811' title='bbox 2209 3629 2357 3692; x_wconf 79' lang='grc' dir='ltr'>Υἱός.</span> <span class='ocrx_word' id='word_1_812' title='bbox 2402 3628 2522 3680; x_wconf 90' lang='grc' dir='ltr'>Ὅτι</span> <span class='ocrx_word' id='word_1_813' title='bbox 2550 3626 2658 3696; x_wconf 91' lang='grc' dir='ltr'><strong>γάρ</strong></span> <span class='ocrx_word' id='word_1_814' title='bbox 2699 3628 2812 3679; x_wconf 75' lang='grc' dir='ltr'>ἐστι</span> <span class='ocrx_word' id='word_1_815' title='bbox 2855 3624 2952 3677; x_wconf 82' lang='grc' dir='ltr'><strong>καὶ</strong></span> <span class='ocrx_word' id='word_1_816' title='bbox 2998 3623 3257 3692; x_wconf 86' lang='grc' dir='ltr'>δύναμις,</span> <span class='ocrx_word' id='word_1_817' title='bbox 3318 3621 3481 3675; x_wconf 90' lang='grc' dir='ltr'>πάλιν</span> <span class='ocrx_word' id='word_1_818' title='bbox 3530 3619 3777 3675; x_wconf 66' lang='grc' dir='ltr'>ἐντεῦθεν</span> 
     </span>
    </p>
   </div>
   <div class='ocr_carea' id='block_1_100' title="bbox 2211 3711 3776 3786">
    <p class='ocr_par' dir='ltr' id='par_1_100' title="bbox 2211 3711 3776 3786">
     <span class='ocr_line' id='line_1_100' title="bbox 2211 3711 3776 3786; baseline -0.001 -18"><span class='ocrx_word' id='word_1_819' title='bbox 2211 3716 2459 3786; x_wconf 80' lang='grc' dir='ltr'>συνήσεις</span> <span class='ocrx_word' id='word_1_820' title='bbox 2480 3730 2493 3742; x_wconf 89' lang='grc'><strong>·</strong></span> <span class='ocrx_word' id='word_1_821' title='bbox 2547 3733 2565 3764; x_wconf 77' lang='grc' dir='ltr'><strong>ι</strong></span> <span class='ocrx_word' id='word_1_822' title='bbox 2599 3713 2866 3765; x_wconf 83' lang='grc' dir='ltr'>Ἐντειλαι</span> <span class='ocrx_word' id='word_1_823' title='bbox 2887 3752 2901 3776; x_wconf 88' lang='grc'><strong>,</strong></span> <span class='ocrx_word' id='word_1_824' title='bbox 2952 3712 3143 3783; x_wconf 77' lang='grc' dir='ltr'>φησὶν,</span> <span class='ocrx_word' id='word_1_825' title='bbox 3195 3713 3223 3766; x_wconf 91' lang='lat'><strong>6</strong></span> <span class='ocrx_word' id='word_1_826' title='bbox 3251 3711 3414 3776; x_wconf 83' lang='grc' dir='ltr'>Θεὸς,</span> <span class='ocrx_word' id='word_1_827' title='bbox 3451 3713 3518 3781; x_wconf 71' lang='grc' dir='ltr'>τῇ</span> <span class='ocrx_word' id='word_1_828' title='bbox 3553 3711 3776 3782; x_wconf 74' lang='grc' dir='ltr'>δυνάμει</span> 
     </span>
    </p>
   </div>
   <div class='ocr_carea' id='block_1_101' title="bbox 2212 3803 3772 3875">
    <p class='ocr_par' dir='ltr' id='par_1_101' title="bbox 2212 3803 3772 3875">
     <span class='ocr_line' id='line_1_101' title="bbox 2212 3803 3772 3875; baseline -0.002 -15"><span class='ocrx_word' id='word_1_829' title='bbox 2212 3824 2327 3871; x_wconf 86' lang='grc' dir='ltr'>σου,</span> <span class='ocrx_word' id='word_1_830' title='bbox 2359 3806 2691 3875; x_wconf 89' lang='grc' dir='ltr'>δυνάμωσον,</span> <span class='ocrx_word' id='word_1_831' title='bbox 2721 3807 2749 3858; x_wconf 91' lang='lat'><strong>6</strong></span> <span class='ocrx_word' id='word_1_832' title='bbox 2772 3803 2925 3868; x_wconf 87' lang='grc' dir='ltr'>Θεὸς,</span> <span class='ocrx_word' id='word_1_833' title='bbox 2958 3803 3131 3865; x_wconf 86' lang='grc' dir='ltr'>τοῦτο,</span> <span class='ocrx_word' id='word_1_834' title='bbox 3165 3803 3193 3856; x_wconf 83' lang='grc' dir='ltr'><strong>ὃ</strong></span> <span class='ocrx_word' id='word_1_835' title='bbox 3221 3804 3567 3873; x_wconf 83' lang='grc' dir='ltr'>κατειργάσω</span> <span class='ocrx_word' id='word_1_836' title='bbox 3589 3805 3772 3874; x_wconf 73' lang='grc' dir='ltr'>ἡμῖν.»</span> 
     </span>
    </p>
   </div>
   <div class='ocr_carea' id='block_1_102' title="bbox 2221 3894 3775 3970">
    <p class='ocr_par' dir='ltr' id='par_1_102' title="bbox 2221 3894 3775 3970">
     <span class='ocr_line' id='line_1_102' title="bbox 2221 3894 3775 3970; baseline -0.003 -18"><span class='ocrx_word' id='word_1_837' title='bbox 2221 3898 2383 3970; x_wconf 75' lang='grc' dir='ltr'>Ὁρᾷς</span> <span class='ocrx_word' id='word_1_838' title='bbox 2415 3899 2472 3951; x_wconf 79' lang='grc' dir='ltr'>ὲν</span> <span class='ocrx_word' id='word_1_839' title='bbox 2499 3897 2707 3959; x_wconf 83' lang='grc' dir='ltr'>τούτοις</span> <span class='ocrx_word' id='word_1_840' title='bbox 2733 3895 2976 3966; x_wconf 75' lang='grc' dir='ltr'>ἀκριϐῶς</span> <span class='ocrx_word' id='word_1_841' title='bbox 3005 3895 3224 3965; x_wconf 68' lang='grc' dir='ltr'>εὐδοκία</span> <span class='ocrx_word' id='word_1_842' title='bbox 3257 3894 3351 3948; x_wconf 84' lang='grc' dir='ltr'><strong>τοῦ</strong></span> <span class='ocrx_word' id='word_1_843' title='bbox 3381 3894 3516 3948; x_wconf 90' lang='grc' dir='ltr'>Θεοῦ</span> <span class='ocrx_word' id='word_1_844' title='bbox 3541 3897 3634 3948; x_wconf 69' lang='grc' dir='ltr'><strong>καὶ</strong></span> <span class='ocrx_word' id='word_1_845' title='bbox 3662 3895 3775 3948; x_wconf 82' lang='grc' dir='ltr'>Πα-</span> 
     </span>
    </p>
   </div>
   <div class='ocr_carea' id='block_1_103' title="bbox 2208 3985 3772 4062">
    <p class='ocr_par' dir='ltr' id='par_1_103' title="bbox 2208 3985 3772 4062">
     <span class='ocr_line' id='line_1_103' title="bbox 2208 3985 3772 4062; baseline -0.003 -19"><span class='ocrx_word' id='word_1_846' title='bbox 2208 3989 2368 4062; x_wconf 87' lang='grc' dir='ltr'>τρὸς,</span> <span class='ocrx_word' id='word_1_847' title='bbox 2407 3988 2783 4060; x_wconf 84' lang='grc' dir='ltr'>σαρκωθεῖσαν</span> <span class='ocrx_word' id='word_1_848' title='bbox 2823 3986 2990 4042; x_wconf 89' lang='grc' dir='ltr'>αὑτοῦ</span> <span class='ocrx_word' id='word_1_849' title='bbox 3034 3987 3134 4056; x_wconf 80' lang='grc' dir='ltr'><strong>τὴν</strong></span> <span class='ocrx_word' id='word_1_850' title='bbox 3171 3986 3433 4057; x_wconf 87' lang='grc' dir='ltr'>δύναμιν,</span> <span class='ocrx_word' id='word_1_851' title='bbox 3487 3985 3631 4040; x_wconf 85' lang='grc' dir='ltr'>τοῦτ’</span> <span class='ocrx_word' id='word_1_852' title='bbox 3660 3986 3772 4040; x_wconf 78' lang='grc' dir='ltr'>ἐστι</span> 
     </span>
    </p>
   </div>
   <div class='ocr_carea' id='block_1_104' title="bbox 2208 4079 3776 4152">
    <p class='ocr_par' dir='ltr' id='par_1_104' title="bbox 2208 4079 3776 4152">
     <span class='ocr_line' id='line_1_104' title="bbox 2208 4079 3776 4152; baseline -0.004 -14"><span class='ocrx_word' id='word_1_853' title='bbox 2208 4085 2299 4138; x_wconf 88' lang='grc' dir='ltr'><strong>τὸν</strong></span> <span class='ocrx_word' id='word_1_854' title='bbox 2311 4083 2458 4149; x_wconf 85' lang='grc' dir='ltr'>Υίὺν,</span> <span class='ocrx_word' id='word_1_855' title='bbox 2489 4083 2576 4136; x_wconf 82' lang='grc' dir='ltr'><strong>ἵνα</strong></span> <span class='ocrx_word' id='word_1_856' title='bbox 2601 4081 2893 4152; x_wconf 74' lang='grc' dir='ltr'>δυναμώση</span> <span class='ocrx_word' id='word_1_857' title='bbox 2915 4081 3091 4146; x_wconf 86' lang='grc' dir='ltr'>τοῦτο,</span> <span class='ocrx_word' id='word_1_858' title='bbox 3109 4081 3245 4150; x_wconf 82' lang='grc' dir='ltr'>ὅπερ</span> <span class='ocrx_word' id='word_1_859' title='bbox 3262 4081 3393 4150; x_wconf 77' lang='grc' dir='ltr'>ἡμῖν</span> <span class='ocrx_word' id='word_1_860' title='bbox 3412 4079 3776 4150; x_wconf 83' lang='grc' dir='ltr'>κατηρτίσατο</span> 
     </span>
    </p>
   </div>
   <div class='ocr_carea' id='block_1_105' title="bbox 2211 4169 3775 4246">
    <p class='ocr_par' dir='ltr' id='par_1_105' title="bbox 2211 4169 3775 4246">
     <span class='ocr_line' id='line_1_105' title="bbox 2211 4169 3775 4246; baseline -0.004 -16"><span class='ocrx_word' id='word_1_861' title='bbox 2211 4177 2389 4246; x_wconf 86' lang='grc' dir='ltr'>σῶμα.</span> <span class='ocrx_word' id='word_1_862' title='bbox 2433 4175 2496 4228; x_wconf 83' lang='grc' dir='ltr'><strong>Εἰ</strong></span> <span class='ocrx_word' id='word_1_863' title='bbox 2530 4173 2604 4245; x_wconf 80' lang='grc' dir='ltr'>μὴ</span> <span class='ocrx_word' id='word_1_864' title='bbox 2637 4172 2748 4244; x_wconf 85' lang='grc' dir='ltr'>γὰρ</span> <span class='ocrx_word' id='word_1_865' title='bbox 2781 4172 3088 4242; x_wconf 82' lang='grc' dir='ltr'>ἐσκήνωσεν</span> <span class='ocrx_word' id='word_1_866' title='bbox 3111 4173 3167 4224; x_wconf 80' lang='grc' dir='ltr'>ὲν</span> <span class='ocrx_word' id='word_1_867' title='bbox 3195 4173 3357 4241; x_wconf 76' lang='grc' dir='ltr'>ἡμῖν,</span> <span class='ocrx_word' id='word_1_868' title='bbox 3404 4171 3513 4223; x_wconf 80' lang='grc' dir='ltr'>οὐδ’</span> <span class='ocrx_word' id='word_1_869' title='bbox 3547 4170 3614 4224; x_wconf 87' lang='grc' dir='ltr'><strong>ἂν</strong></span> <span class='ocrx_word' id='word_1_870' title='bbox 3641 4169 3775 4232; x_wconf 86' lang='grc' dir='ltr'>ὅλως</span> 
     </span>
    </p>
   </div>
   <div class='ocr_carea' id='block_1_106' title="bbox 2207 4261 3776 4337">
    <p class='ocr_par' dir='ltr' id='par_1_106' title="bbox 2207 4261 3776 4337">
     <span class='ocr_line' id='line_1_106' title="bbox 2207 4261 3776 4337; baseline -0.003 -18"><span class='ocrx_word' id='word_1_871' title='bbox 2207 4266 2306 4337; x_wconf 82' lang='grc' dir='ltr'>τὴν</span> <span class='ocrx_word' id='word_1_872' title='bbox 2343 4265 2450 4319; x_wconf 87' lang='grc' dir='ltr'><strong>ἀπὸ</strong></span> <span class='ocrx_word' id='word_1_873' title='bbox 2471 4264 2674 4334; x_wconf 82' lang='grc' dir='ltr'>φθορᾶς</span> <span class='ocrx_word' id='word_1_874' title='bbox 2704 4261 2987 4317; x_wconf 81' lang='grc' dir='ltr'>ἀσθένειαν</span> <span class='ocrx_word' id='word_1_875' title='bbox 3031 4265 3064 4333; x_wconf 80' lang='grc' dir='ltr'><strong>ἡ</strong></span> <span class='ocrx_word' id='word_1_876' title='bbox 3094 4264 3190 4333; x_wconf 77' lang='grc' dir='ltr'>τῆς</span> <span class='ocrx_word' id='word_1_877' title='bbox 3232 4263 3434 4333; x_wconf 85' lang='grc' dir='ltr'>σαρκὸς</span> <span class='ocrx_word' id='word_1_878' title='bbox 3471 4261 3776 4316; x_wconf 81' lang='grc' dir='ltr'>ἀπεδύσατο</span> 
     </span>
    </p>
   </div>
   <div class='ocr_carea' id='block_1_107' title="bbox 2213 4352 3774 4426">
    <p class='ocr_par' dir='ltr' id='par_1_107' title="bbox 2213 4352 3774 4426">
     <span class='ocr_line' id='line_1_107' title="bbox 2213 4352 3774 4426; baseline -0.003 -15"><span class='ocrx_word' id='word_1_879' title='bbox 2213 4357 2390 4426; x_wconf 83' lang='grc' dir='ltr'>φύσις.</span> <span class='ocrx_word' id='word_1_880' title='bbox 2443 4355 2612 4418; x_wconf 75' lang='grc' dir='ltr'>Αὐτὸς</span> <span class='ocrx_word' id='word_1_881' title='bbox 2647 4352 2932 4425; x_wconf 80' lang='grc' dir='ltr'>τοιγαροῦν</span> <span class='ocrx_word' id='word_1_882' title='bbox 2961 4354 3222 4424; x_wconf 81' lang='grc' dir='ltr'>ὑπάρχων</span> <span class='ocrx_word' id='word_1_883' title='bbox 3252 4354 3281 4406; x_wconf 92' lang='lat'><strong>6</strong></span> <span class='ocrx_word' id='word_1_884' title='bbox 3311 4353 3437 4416; x_wconf 89' lang='grc' dir='ltr'>Υἱὸς</span> <span class='ocrx_word' id='word_1_885' title='bbox 3475 4353 3538 4407; x_wconf 87' lang='grc' dir='ltr'><strong>τὸ</strong></span> <span class='ocrx_word' id='word_1_886' title='bbox 3572 4353 3774 4423; x_wconf 85' lang='grc' dir='ltr'>ἀγαθὸν</span> 
     </span>
    </p>
   </div>
   <div class='ocr_carea' id='block_1_108' title="bbox 2212 4444 3774 4518">
    <p class='ocr_par' dir='ltr' id='par_1_108' title="bbox 2212 4444 3774 4518">
     <span class='ocr_line' id='line_1_108' title="bbox 2212 4444 3774 4518; baseline -0.003 -15"><span class='ocrx_word' id='word_1_887' title='bbox 2212 4448 2306 4503; x_wconf 87' lang='grc' dir='ltr'><strong>τοῦ</strong></span> <span class='ocrx_word' id='word_1_888' title='bbox 2321 4446 2531 4518; x_wconf 84' lang='grc' dir='ltr'>Πατρὸς</span> <span class='ocrx_word' id='word_1_889' title='bbox 2565 4445 2792 4516; x_wconf 86' lang='grc' dir='ltr'>θέλημα,</span> <span class='ocrx_word' id='word_1_890' title='bbox 2808 4445 3004 4498; x_wconf 82' lang='grc' dir='ltr'>τελειοῖ</span> <span class='ocrx_word' id='word_1_891' title='bbox 3029 4445 3088 4498; x_wconf 89' lang='grc' dir='ltr'><strong>τὸ</strong></span> <span class='ocrx_word' id='word_1_892' title='bbox 3111 4445 3268 4516; x_wconf 71' lang='grc' dir='ltr'>ἔργον</span> <span class='ocrx_word' id='word_1_893' title='bbox 3289 4445 3476 4509; x_wconf 87' lang='grc' dir='ltr'>αὑτοῦ,</span> <span class='ocrx_word' id='word_1_894' title='bbox 3504 4444 3774 4517; x_wconf 83' lang='grc' dir='ltr'>σωτηρίαν</span> 
     </span>
    </p>
   </div>
   <div class='ocr_carea' id='block_1_109' title="bbox 2213 4535 3776 4608">
    <p class='ocr_par' dir='ltr' id='par_1_109' title="bbox 2213 4535 3776 4608">
     <span class='ocr_line' id='line_1_109' title="bbox 2213 4535 3776 4608; baseline -0.003 -16"><span class='ocrx_word' id='word_1_895' title='bbox 2213 4540 2324 4602; x_wconf 88' lang='grc' dir='ltr'>τοῖς</span> <span class='ocrx_word' id='word_1_896' title='bbox 2376 4535 2719 4591; x_wconf 82' lang='grc' dir='ltr'>πιστεύουσιν</span> <span class='ocrx_word' id='word_1_897' title='bbox 2751 4538 2830 4599; x_wconf 90' lang='grc' dir='ltr'><strong>είς</strong></span> <span class='ocrx_word' id='word_1_898' title='bbox 2863 4535 3022 4589; x_wconf 87' lang='grc' dir='ltr'>αὑτὸν</span> <span class='ocrx_word' id='word_1_899' title='bbox 3058 4536 3413 4608; x_wconf 77' lang='grc' dir='ltr'>δωρούμενος.</span> <span class='ocrx_word' id='word_1_900' title='bbox 3478 4536 3620 4589; x_wconf 82' lang='grc' dir='ltr'>Ἀλλ’</span> <span class='ocrx_word' id='word_1_901' title='bbox 3660 4538 3776 4608; x_wconf 79' lang='grc' dir='ltr'>ὲριῐ</span> 
     </span>
    </p>
   </div>
   <div class='ocr_carea' id='block_1_110' title="bbox 2211 4627 3774 4700">
    <p class='ocr_par' dir='ltr' id='par_1_110' title="bbox 2211 4627 3774 4700">
     <span class='ocr_line' id='line_1_110' title="bbox 2211 4627 3774 4700; baseline -0.001 -18"><span class='ocrx_word' id='word_1_902' title='bbox 2211 4647 2296 4694; x_wconf 78' lang='grc' dir='ltr'><strong>τις</strong></span> <span class='ocrx_word' id='word_1_903' title='bbox 2336 4629 2471 4700; x_wconf 89' lang='grc' dir='ltr'>πρὸς</span> <span class='ocrx_word' id='word_1_904' title='bbox 2500 4627 2656 4682; x_wconf 89' lang='grc' dir='ltr'>τοῦτο</span> <span class='ocrx_word' id='word_1_905' title='bbox 2685 4628 2845 4699; x_wconf 88' lang='grc' dir='ltr'>τυχόν</span> <span class='ocrx_word' id='word_1_906' title='bbox 2868 4645 2882 4660; x_wconf 81' lang='lat'><strong><em>°</em></strong></span> <span class='ocrx_word' id='word_1_907' title='bbox 2928 4629 2990 4682; x_wconf 80' lang='lat' dir='ltr'><strong>Et</strong></span> <span class='ocrx_word' id='word_1_908' title='bbox 3016 4629 3176 4692; x_wconf 85' lang='grc' dir='ltr'>αὑτός</span> <span class='ocrx_word' id='word_1_909' title='bbox 3201 4630 3347 4684; x_wconf 81' lang='grc' dir='ltr'>ἐστιν</span> <span class='ocrx_word' id='word_1_910' title='bbox 3382 4631 3409 4683; x_wconf 92' lang='lat'><strong>6</strong></span> <span class='ocrx_word' id='word_1_911' title='bbox 3444 4629 3574 4694; x_wconf 86' lang='grc' dir='ltr'>Υίὸς</span> <span class='ocrx_word' id='word_1_912' title='bbox 3599 4631 3659 4683; x_wconf 89' lang='grc' dir='ltr'><strong>τὸ</strong></span> <span class='ocrx_word' id='word_1_913' title='bbox 3688 4628 3774 4683; x_wconf 80' lang='grc' dir='ltr'>θέ-</span> 
     </span>
    </p>
   </div>
   <div class='ocr_carea' id='block_1_111' title="bbox 2213 4721 3772 4793">
    <p class='ocr_par' dir='ltr' id='par_1_111' title="bbox 2213 4721 3772 4793">
     <span class='ocr_line' id='line_1_111' title="bbox 2213 4721 3772 4793; baseline 0 -17"><span class='ocrx_word' id='word_1_914' title='bbox 2213 4723 2362 4792; x_wconf 82' lang='grc' dir='ltr'>λημα</span> <span class='ocrx_word' id='word_1_915' title='bbox 2383 4723 2475 4774; x_wconf 88' lang='grc' dir='ltr'><strong>τοῦ</strong></span> <span class='ocrx_word' id='word_1_916' title='bbox 2492 4722 2720 4792; x_wconf 84' lang='grc' dir='ltr'>Πατρὸς,</span> <span class='ocrx_word' id='word_1_917' title='bbox 2742 4723 2894 4776; x_wconf 84' lang='grc' dir='ltr'>ποῖον</span> <span class='ocrx_word' id='word_1_918' title='bbox 2908 4721 3188 4792; x_wconf 84' lang='grc' dir='ltr'>ἀπεστάλη</span> <span class='ocrx_word' id='word_1_919' title='bbox 3213 4722 3318 4793; x_wconf 89' lang='grc' dir='ltr'><strong>πλη</strong></span> <span class='ocrx_word' id='word_1_920' title='bbox 3327 4722 3516 4793; x_wconf 88' lang='grc' dir='ltr'>ρώσων</span> <span class='ocrx_word' id='word_1_921' title='bbox 3529 4722 3739 4792; x_wconf 85' lang='grc' dir='ltr'>θέλημα</span> <span class='ocrx_word' id='word_1_922' title='bbox 3757 4739 3772 4788; x_wconf 89' lang='grc'><strong>;</strong></span> 
     </span>
    </p>
   </div>
   <div class='ocr_carea' id='block_1_112' title="bbox 2209 4808 3774 4884">
    <p class='ocr_par' dir='ltr' id='par_1_112' title="bbox 2209 4808 3774 4884">
     <span class='ocr_line' id='line_1_112' title="bbox 2209 4808 3774 4884; baseline 0 -18"><span class='ocrx_word' id='word_1_923' title='bbox 2209 4815 2301 4866; x_wconf 87' lang='grc' dir='ltr'><strong>Δεῖ</strong></span> <span class='ocrx_word' id='word_1_924' title='bbox 2326 4813 2434 4882; x_wconf 85' lang='grc' dir='ltr'><strong>γάρ</strong></span> <span class='ocrx_word' id='word_1_925' title='bbox 2459 4812 2643 4880; x_wconf 72' lang='grc' dir='ltr'>ἕτερον</span> <span class='ocrx_word' id='word_1_926' title='bbox 2665 4808 2802 4866; x_wconf 83' lang='grc' dir='ltr'>εἷναι</span> <span class='ocrx_word' id='word_1_927' title='bbox 2826 4813 2976 4884; x_wconf 78' lang='grc' dir='ltr'>παρὰ</span> <span class='ocrx_word' id='word_1_928' title='bbox 2996 4813 3085 4868; x_wconf 86' lang='grc' dir='ltr'><strong>τὸν</strong></span> <span class='ocrx_word' id='word_1_929' title='bbox 3115 4813 3218 4884; x_wconf 80' lang='grc' dir='ltr'><strong>πλη</strong></span> <span class='ocrx_word' id='word_1_930' title='bbox 3229 4814 3424 4884; x_wconf 89' lang='grc' dir='ltr'>ροῦντα</span> <span class='ocrx_word' id='word_1_931' title='bbox 3451 4814 3509 4868; x_wconf 89' lang='grc' dir='ltr'><strong>τὸ</strong></span> <span class='ocrx_word' id='word_1_932' title='bbox 3538 4814 3774 4884; x_wconf 84' lang='grc' dir='ltr'>πληρού-</span> 
     </span>
    </p>
   </div>
   <div class='ocr_carea' id='block_1_113' title="bbox 2212 4899 3776 4976">
    <p class='ocr_par' dir='ltr' id='par_1_113' title="bbox 2212 4899 3776 4976">
     <span class='ocr_line' id='line_1_113' title="bbox 2212 4899 3776 4976; baseline 0.001 -19"><span class='ocrx_word' id='word_1_933' title='bbox 2212 4920 2390 4975; x_wconf 87' lang='grc' dir='ltr'>μενον.</span> <span class='ocrx_word' id='word_1_934' title='bbox 2427 4903 2490 4954; x_wconf 87' lang='grc' dir='ltr'>Τί</span> <span class='ocrx_word' id='word_1_935' title='bbox 2518 4899 2608 4956; x_wconf 78' lang='grc' dir='ltr'><strong>οὖν</strong></span> <span class='ocrx_word' id='word_1_936' title='bbox 2638 4903 2742 4974; x_wconf 79' lang='grc' dir='ltr'>ἄρα</span> <span class='ocrx_word' id='word_1_937' title='bbox 2780 4905 2916 4975; x_wconf 85' lang='grc' dir='ltr'>πρὸς</span> <span class='ocrx_word' id='word_1_938' title='bbox 2937 4905 3095 4958; x_wconf 83' lang='grc' dir='ltr'>τοῦτό</span> <span class='ocrx_word' id='word_1_939' title='bbox 3126 4922 3308 4976; x_wconf 83' lang='grc' dir='ltr'>φαμεν</span> <span class='ocrx_word' id='word_1_940' title='bbox 3335 4922 3350 4971; x_wconf 88' lang='grc'>;</span> <span class='ocrx_word' id='word_1_941' title='bbox 3404 4906 3651 4958; x_wconf 80' lang='grc' dir='ltr'>Ἀπαιτεῖ</span> <span class='ocrx_word' id='word_1_942' title='bbox 3678 4907 3776 4975; x_wconf 77' lang='grc' dir='ltr'>μὲν</span> 
     </span>
    </p>
   </div>
   <div class='ocr_carea' id='block_1_114' title="bbox 2207 4993 3776 5068">
    <p class='ocr_par' dir='ltr' id='par_1_114' title="bbox 2207 4993 3776 5068">
     <span class='ocr_line' id='line_1_114' title="bbox 2207 4993 3776 5068; baseline 0.001 -20"><span class='ocrx_word' id='word_1_943' title='bbox 2207 4995 2375 5056; x_wconf 72' lang='grc' dir='ltr'>ὅντως</span> <span class='ocrx_word' id='word_1_944' title='bbox 2398 4993 2509 5047; x_wconf 84' lang='grc' dir='ltr'>τῶν</span> <span class='ocrx_word' id='word_1_945' title='bbox 2539 4994 2818 5064; x_wconf 83' lang='grc' dir='ltr'>ὀνομάτων</span> <span class='ocrx_word' id='word_1_946' title='bbox 2847 4997 2878 5065; x_wconf 81' lang='grc' dir='ltr'>ἡ</span> <span class='ocrx_word' id='word_1_947' title='bbox 2913 4996 3060 5060; x_wconf 84' lang='grc' dir='ltr'>θέσις</span> <span class='ocrx_word' id='word_1_948' title='bbox 3095 4996 3201 5050; x_wconf 84' lang='grc' dir='ltr'>τῶν</span> <span class='ocrx_word' id='word_1_949' title='bbox 3239 4997 3652 5066; x_wconf 78' lang='grc' dir='ltr'>σημαινομένων</span> <span class='ocrx_word' id='word_1_950' title='bbox 3679 4998 3776 5068; x_wconf 74' lang='grc' dir='ltr'>τὴν</span> 
     </span>
    </p>
   </div>
   <div class='ocr_carea' id='block_1_115' title="bbox 2206 5083 3776 5156">
    <p class='ocr_par' dir='ltr' id='par_1_115' title="bbox 2206 5083 3776 5156">
     <span class='ocr_line' id='line_1_115' title="bbox 2206 5083 3776 5156; baseline 0.003 -21"><span class='ocrx_word' id='word_1_951' title='bbox 2206 5083 2499 5154; x_wconf 78' lang='grc' dir='ltr'>ἑτερότητα</span> <span class='ocrx_word' id='word_1_952' title='bbox 2519 5124 2532 5146; x_wconf 89' lang='grc'><strong>,</strong></span> <span class='ocrx_word' id='word_1_953' title='bbox 2561 5083 2845 5156; x_wconf 83' lang='grc' dir='ltr'>ἀδιαφορεῖ</span> <span class='ocrx_word' id='word_1_954' title='bbox 2891 5085 2947 5137; x_wconf 84' lang='grc' dir='ltr'><strong>δὲ</strong></span> <span class='ocrx_word' id='word_1_955' title='bbox 2991 5085 3251 5150; x_wconf 86' lang='grc' dir='ltr'>πολλάκις</span> <span class='ocrx_word' id='word_1_956' title='bbox 3279 5089 3372 5140; x_wconf 74' lang='grc' dir='ltr'><strong>ἐπὶ</strong></span> <span class='ocrx_word' id='word_1_957' title='bbox 3405 5087 3538 5140; x_wconf 89' lang='grc' dir='ltr'>Θεοῦ</span> <span class='ocrx_word' id='word_1_958' title='bbox 3559 5129 3574 5152; x_wconf 89' lang='grc'><strong>,</strong></span> <span class='ocrx_word' id='word_1_959' title='bbox 3603 5090 3699 5142; x_wconf 80' lang='grc' dir='ltr'><strong>καὶ</strong></span> <span class='ocrx_word' id='word_1_960' title='bbox 3718 5088 3776 5139; x_wconf 91' lang='grc' dir='ltr'><strong>τὸ</strong></span> 
     </span>
    </p>
   </div>
   <div class='ocr_carea' id='block_1_116' title="bbox 2212 5173 3778 5251">
    <p class='ocr_par' dir='ltr' id='par_1_116' title="bbox 2212 5173 3778 5251">
     <span class='ocr_line' id='line_1_116' title="bbox 2212 5173 3778 5251; baseline 0.003 -24"><span class='ocrx_word' id='word_1_961' title='bbox 2212 5173 2434 5244; x_wconf 73' lang='grc' dir='ltr'>ἀκριῆὲς</span> <span class='ocrx_word' id='word_1_962' title='bbox 2462 5175 2520 5227; x_wconf 82' lang='grc' dir='ltr'>ὲν</span> <span class='ocrx_word' id='word_1_963' title='bbox 2549 5173 2754 5236; x_wconf 84' lang='grc' dir='ltr'>τούτοις</span> <span class='ocrx_word' id='word_1_964' title='bbox 2778 5175 2806 5226; x_wconf 94' lang='lat'><strong>6</strong></span> <span class='ocrx_word' id='word_1_965' title='bbox 2845 5176 2942 5243; x_wconf 82' lang='grc' dir='ltr'>τῆς</span> <span class='ocrx_word' id='word_1_966' title='bbox 2970 5176 3229 5230; x_wconf 87' lang='grc' dir='ltr'>ἀνωτάτω</span> <span class='ocrx_word' id='word_1_967' title='bbox 3259 5177 3471 5246; x_wconf 84' lang='grc' dir='ltr'>φύσεως</span> <span class='ocrx_word' id='word_1_968' title='bbox 3500 5181 3778 5251; x_wconf 76' lang='grc' dir='ltr'>παραιτεῖ-</span> 
     </span>
    </p>
   </div>
   <div class='ocr_carea' id='block_1_117' title="bbox 2212 5266 3776 5342">
    <p class='ocr_par' dir='ltr' id='par_1_117' title="bbox 2212 5266 3776 5342">
     <span class='ocr_line' id='line_1_117' title="bbox 2212 5266 3776 5342; baseline 0.004 -23"><span class='ocrx_word' id='word_1_969' title='bbox 2212 5284 2301 5322; x_wconf 90' lang='grc' dir='ltr'><strong>ται</strong></span> <span class='ocrx_word' id='word_1_970' title='bbox 2331 5266 2502 5334; x_wconf 92' lang='grc' dir='ltr'>λόγος.</span> <span class='ocrx_word' id='word_1_971' title='bbox 2547 5266 2801 5319; x_wconf 86' lang='grc' dir='ltr'>Λαλεῖται</span> <span class='ocrx_word' id='word_1_972' title='bbox 2825 5268 2932 5336; x_wconf 84' lang='grc' dir='ltr'>γὰρ</span> <span class='ocrx_word' id='word_1_973' title='bbox 2965 5267 3034 5319; x_wconf 87' lang='grc' dir='ltr'>τὰ</span> <span class='ocrx_word' id='word_1_974' title='bbox 3067 5269 3191 5340; x_wconf 78' lang='grc' dir='ltr'>περὶ</span> <span class='ocrx_word' id='word_1_975' title='bbox 3219 5270 3411 5340; x_wconf 87' lang='grc' dir='ltr'>αὑτῆς,</span> <span class='ocrx_word' id='word_1_976' title='bbox 3435 5272 3532 5342; x_wconf 92' lang='grc' dir='ltr'><strong>οὑχ</strong></span> <span class='ocrx_word' id='word_1_977' title='bbox 3559 5271 3636 5334; x_wconf 85' lang='grc' dir='ltr'>ὠς</span> <span class='ocrx_word' id='word_1_978' title='bbox 3666 5273 3776 5342; x_wconf 77' lang='grc' dir='ltr'>ἔχει</span> 
     </span>
    </p>
   </div>
   <div class='ocr_carea' id='block_1_118' title="bbox 2213 5352 3778 5432">
    <p class='ocr_par' dir='ltr' id='par_1_118' title="bbox 2213 5352 3778 5432">
     <span class='ocr_line' id='line_1_118' title="bbox 2213 5352 3778 5432; baseline 0.004 -26"><span class='ocrx_word' id='word_1_979' title='bbox 2213 5355 2428 5416; x_wconf 87' lang='grc' dir='ltr'>πάντως</span> <span class='ocrx_word' id='word_1_980' title='bbox 2448 5352 2724 5422; x_wconf 84' lang='grc' dir='ltr'>ἀληθείας,</span> <span class='ocrx_word' id='word_1_981' title='bbox 2756 5354 2869 5406; x_wconf 88' lang='grc' dir='ltr'>ἀλλ’</span> <span class='ocrx_word' id='word_1_982' title='bbox 2891 5355 3038 5418; x_wconf 84' lang='grc' dir='ltr'>ὅπως</span> <span class='ocrx_word' id='word_1_983' title='bbox 3071 5356 3135 5410; x_wconf 88' lang='grc' dir='ltr'>ἂν</span> <span class='ocrx_word' id='word_1_984' title='bbox 3169 5357 3381 5414; x_wconf 89' lang='grc' dir='ltr'>δύναιτο</span> <span class='ocrx_word' id='word_1_985' title='bbox 3405 5360 3778 5432; x_wconf 79' lang='grc' dir='ltr'>διερμηνεύειν</span> 
     </span>
    </p>
   </div>
   <div class='ocr_carea' id='block_1_119' title="bbox 2212 5438 3777 5521">
    <p class='ocr_par' dir='ltr' id='par_1_119' title="bbox 2212 5438 3777 5521">
     <span class='ocr_line' id='line_1_119' title="bbox 2212 5438 3777 5521; baseline 0.005 -26"><span class='ocrx_word' id='word_1_986' title='bbox 2212 5444 2502 5515; x_wconf 82' lang='grc' dir='ltr'>ὴγλῶττα,</span> <span class='ocrx_word' id='word_1_987' title='bbox 2539 5443 2630 5495; x_wconf 77' lang='grc' dir='ltr'><strong>καὶ</strong></span> <span class='ocrx_word' id='word_1_988' title='bbox 2667 5438 2759 5507; x_wconf 82' lang='grc' dir='ltr'>οὖς</span> <span class='ocrx_word' id='word_1_989' title='bbox 2782 5447 3188 5517; x_wconf 84' lang='grc' dir='ltr'>κατακροᾶσθαι</span> <span class='ocrx_word' id='word_1_990' title='bbox 3215 5450 3274 5501; x_wconf 89' lang='grc' dir='ltr'><strong>τὸ</strong></span> <span class='ocrx_word' id='word_1_991' title='bbox 3312 5449 3674 5521; x_wconf 85' lang='grc' dir='ltr'>ἀνθρώπινον.</span> <span class='ocrx_word' id='word_1_992' title='bbox 3722 5452 3777 5503; x_wconf 82' lang='grc' dir='ltr'><strong><em>Ὀ</em></strong></span> 
     </span>
    </p>
   </div>
   <div class='ocr_carea' id='block_1_120' title="bbox 2212 5535 3770 5610">
    <p class='ocr_par' dir='ltr' id='par_1_120' title="bbox 2212 5535 3770 5610">
     <span class='ocr_line' id='line_1_120' title="bbox 2212 5535 3770 5610; baseline 0.004 -20"><span class='ocrx_word' id='word_1_993' title='bbox 2212 5535 2320 5608; x_wconf 86' lang='grc' dir='ltr'><strong>γὰρ</strong></span> <span class='ocrx_word' id='word_1_994' title='bbox 2353 5537 2410 5588; x_wconf 83' lang='grc' dir='ltr'><strong>έν</strong></span> <span class='ocrx_word' id='word_1_995' title='bbox 2443 5535 2725 5606; x_wconf 80' lang='grc' dir='ltr'>αἰνίγματι</span> <span class='ocrx_word' id='word_1_996' title='bbox 2763 5536 3013 5609; x_wconf 76' lang='grc' dir='ltr'>βλέπων,</span> <span class='ocrx_word' id='word_1_997' title='bbox 3061 5541 3118 5592; x_wconf 73' lang='grc' dir='ltr'>ἐν</span> <span class='ocrx_word' id='word_1_998' title='bbox 3159 5541 3438 5610; x_wconf 80' lang='grc' dir='ltr'>αἰνίγματι</span> <span class='ocrx_word' id='word_1_999' title='bbox 3473 5544 3567 5596; x_wconf 76' lang='grc' dir='ltr'><strong>καὶ</strong></span> <span class='ocrx_word' id='word_1_1000' title='bbox 3605 5542 3770 5596; x_wconf 72' lang='grc' dir='ltr'>λαλεῖ.</span> 
     </span>
    </p>
   </div>
   <div class='ocr_carea' id='block_1_121' title="bbox 2987 5653 3774 5725">
    <p class='ocr_par' dir='ltr' id='par_1_121' title="bbox 2987 5653 3774 5725">
     <span class='ocr_line' id='line_1_121' title="bbox 2987 5653 3774 5725; baseline 0.006 -15"><span class='ocrx_word' id='word_1_1001' title='bbox 2987 5655 3029 5688; x_wconf 85' lang='grc'><strong>¹⁸</strong></span> <span class='ocrx_word' id='word_1_1002' title='bbox 3059 5653 3206 5714; x_wconf 80' lang='lat' dir='ltr'><strong>Psal.</strong></span> <span class='ocrx_word' id='word_1_1003' title='bbox 3239 5673 3409 5725; x_wconf 80' lang='lat' dir='ltr'><strong>van,</strong></span> <span class='ocrx_word' id='word_1_1004' title='bbox 3442 5659 3534 5717; x_wconf 76' lang='lat'><strong>29.</strong></span> <span class='ocrx_word' id='word_1_1005' title='bbox 3614 5659 3657 5692; x_wconf 81' lang='lat'>&quot;</span> <span class='ocrx_word' id='word_1_1006' title='bbox 3685 5654 3774 5715; x_wconf 77' lang='lat' dir='ltr'><strong>Je-</strong></span> 
     </span>
    </p>
   </div>
  </div>
