4090 6266
347 331 456 390 39.5

1406 329 1474 387 IN
1511 329 1799 389 JOANNIS
1831 327 2288 389 EVANGELIUM
2321 329 2452 387 LIB.
2484 330 2552 388 ll.

3502 328 3609 388 526

357 446 513 500 Ἐπεὶ
538 443 590 496 τί
624 441 869 514 ποιήσεις
889 443 1017 497 ὅταν
1040 444 1068 497 ὁ
1088 441 1291 507 ἁπλοῦς
1319 443 1449 515 ήμῖν
1485 445 1586 514 τήν
1623 444 1784 515 φύσιν
1817 446 1919 499 εισ-

2031 460 2154 500 esse
2183 444 2544 500 censebitur?
2571 443 2760 516 Itaque
2792 445 3033 502 humano
3061 447 3280 518 quidem
3321 464 3474 505 more
3515 450 3601 506 di-

346 538 512 610 6αίνῃ
538 522 790 599 διπλοῦς,
836 535 924 590 διὰ
949 535 1042 590 τοῦ
1086 536 1266 605 λέγειν
1295 536 1538 608 περὶτοῦ
1572 537 1631 601 ἐξ
1669 537 1920 608 Ἰσραήλ’

353 646 372 680 ι
402 629 514 682 Καὶ
529 627 599 681 τὰ
619 628 783 682 τέκνα
808 626 982 682 αὐτῶν
1001 627 1186 698 διῆγον
1213 629 1302 682 διὰ
1334 629 1527 698 πυρὸς,
1547 628 1575 680 δ
1601 629 1702 682 οὐκ
1723 631 1924 681 ἐνετει-

349 719 536 790 λάμην
562 719 757 784 αὐτοῖς,
792 718 884 771 καὶ
911 719 1010 772 οὐκ
1039 719 1209 788 ἀνέϐη
1242 722 1334 773 ἐπὶ
1360 719 1456 790 τήν
1487 719 1717 789 καρδίαν
1747 737 1869 789 μου.
1898 737 1916 770 ›

349 801 430 863 Ἦ
457 810 566 878 γὰρ
584 811 681 863 οὐκ
693 810 897 880 ἀνάγκη
914 809 1012 881 τὴν
1030 809 1256 880 καρδίαν
1279 812 1470 882 ἑτέραν
1488 811 1754 880 ὑπάρχειν
1777 809 1924 881 παρά

352 903 444 956 τὸν
473 904 529 957 ὲν
565 897 714 974 ᾧπερ
742 902 894 966 tori;
940 902 1052 956 Καὶ
1093 902 1211 966 πῶς
1243 902 1450 966 ἁπλοῦς
1489 902 1571 955 ἔτι
1602 902 1940 973 νοηθήσεται

352 993 515 1059 Θεός;
576 992 781 1045 Οὐκοῦν
839 993 1194 1064 ἀνθρωπίνως
1255 994 1355 1064 μὲν
1398 993 1638 1048 λαλεῖται
1689 994 1757 1047 τὰ
1795 994 1923 1065 περὶ⁹

348 1083 478 1137 Θεοῦ
498 1102 510 1116 ·
542 1087 740 1138 νοεῖται
769 1085 824 1138 δὲ
856 1083 1048 1150 οὕτως,
1071 1085 1147 1150 ὼς
1179 1085 1244 1139 ἂν
1272 1086 1536 1156 ἀρμόττοι
1568 1084 1708 1156 Θεῷ,
1738 1086 1834 1139 καὶ
1861 1085 1923 1140 τὸ

346 1177 536 1247 μέτρον
579 1179 676 1248 τῆς
712 1178 991 1248 ἡμετέρας
1019 1177 1298 1248 γλώττης,
1338 1177 1434 1249 τὴν
1464 1179 1555 1230 ἐπὶ
1588 1179 1797 1242 πάντας
1823 1180 1922 1231 οὐκ

341 1268 586 1339 ἀδικήσει
627 1268 809 1337 φύσιν.
852 1269 969 1323 Κᾶν
1021 1270 1343 1341 εὑρίσκηται
1387 1268 1674 1342 τοιγαροῦν
1715 1271 1744 1321 ό
1773 1268 1921 1336 Υίδς,

339 1354 415 1418 ὡς
444 1355 572 1426 περί
605 1372 750 1419 τινος
783 1357 970 1427 ἑτέρου
1006 1357 1179 1426 λέγων
1222 1357 1317 1410 τοῦ
1345 1356 1652 1428 θελήματος
1682 1356 1774 1411 τοῦ
1801 1359 1888 1410 Πα
1907 1388 1918 1398 -

2029 547 2230 592 cuntur
2257 553 2378 608 quas
2410 538 2478 592 de
2507 536 2615 592 Deo
2645 539 2942 608 loquimur,
2980 540 3073 595 sed
3107 556 3172 596 eo
3206 540 3369 596 modo
3403 542 3607 597 intelli-

2028 635 2234 698 guntur
2258 642 2368 697 quo
2396 626 2508 682 Deo
2539 630 2891 697 conveniunt,
2925 639 2978 685 et
3005 632 3202 702 linguae
3230 640 3431 686 nostra
3454 634 3606 686 infir-

2029 717 2195 772 mitas
2228 729 2500 786 suprema:
2524 717 2600 772 illi
2637 729 2848 775 natura:
2879 722 3014 775 nihil
3043 723 3265 777 oﬂiciet.
3299 723 3452 778 Licet
3473 737 3607 794 ergo

2030 806 2235 862 Filium
2260 809 2328 864 de
2369 808 2652 866 voluntate
2689 809 2869 866 Patris
2903 813 3050 883 loqui
3095 816 3435 884 comperias,
3481 824 3603 869 tan-

2028 914 2192 969 quam
2227 898 2295 956 de
2321 901 2426 954 alia
2452 901 2710 971 quadam,
2741 917 2897 972 aequo
2928 907 3113 959 animo
3142 905 3194 959 id
3230 907 3394 972 feres,
3427 907 3600 961 imbe-

2028 989 2242 1044 cillitati
2301 990 2576 1046 sermonis
2631 993 2881 1047 consulte
2935 995 3229 1050 tribuendo
3283 995 3430 1064 quod
3489 1010 3600 1050 non

2028 1080 2201 1150 possit
2239 1080 2417 1150 majus
2448 1083 2729 1154 quidpiam
2769 1083 2985 1149 dicere,
3024 1101 3202 1156 neque
3244 1087 3404 1140 aliter
3451 1093 3601 1142 certe

2027 1183 2143 1222 rem
2175 1167 2535 1238 significatam
2567 1173 2892 1242 exprimere.
2944 1177 3124 1245 Atque
3163 1177 3277 1231 haec
3300 1177 3446 1231 dicta
3476 1177 3600 1247 qui-

2027 1257 2148 1312 dem
2180 1269 2343 1314 sunto
2365 1277 2558 1317 rursus
2581 1264 2649 1317 ad
2671 1265 3158 1321 demonstrandum
3188 1265 3384 1322 Filium
3409 1269 3599 1323 volun-

2022 1357 2191 1404 tatem
2225 1350 2408 1408 Patris
2457 1357 2673 1410 censeri
2724 1372 2945 1440 quoque
2989 1369 3244 1428 oportere
3289 1379 3300 1412 :
3345 1358 3405 1414 In
3449 1361 3598 1416 dicto

339 1447 484 1516 τρὸς,
517 1448 908 1520 ἀδιαφορήσεις
938 1449 1300 1519 οἰκονομικῶς
1324 1451 1392 1520 τῇ
1424 1449 1531 1502 τῶν
1566 1449 1742 1516 λόγων
1773 1447 1919 1502 ἀσθε-

2022 1457 2151 1496 vero
2180 1446 2460 1512 pr0posito
2483 1484 2497 1508 ,
2541 1448 2690 1500 nulla
2723 1449 2862 1502 ratio
2891 1457 3050 1519 coget
3084 1451 3388 1522 intelligere
3417 1451 3598 1510 Patris

341 1536 458 1608 νείᾳ
504 1537 807 1608 περιτιθεὶς
856 1537 917 1590 τὸ
961 1537 1034 1609 μή
1076 1537 1334 1592 δύνασθαί
1381 1555 1436 1590 τι
1491 1536 1672 1608 μεῖξον
1719 1537 1923 1600 εἰπεῖν,

2025 1535 2402 1604 voluntatem,
2459 1537 2556 1593 sed
2603 1538 2985 1596 indifferenter
3029 1542 3227 1597 bonam
3263 1545 3596 1602 voluntatem

344 1629 483 1700 μήτε
522 1630 627 1700 μὴν
667 1629 871 1700 ἑτέρως
904 1631 1285 1701 κατασημήναι
1313 1630 1373 1682 τὸ
1412 1630 1758 1701 δηλούμενον.
1814 1629 1919 1682 Καὶ

2024 1642 2155 1697 erga
2185 1643 2282 1683 eos
2315 1630 2408 1698 qui
2437 1631 2719 1698 perierunt
2747 1633 3135 1702 intelligemus.

342 1719 518 1772 ταῦτα
552 1720 649 1790 μὲν
684 1721 924 1791 εἰρήσθω
959 1719 1120 1774 πάλιν
1151 1722 1230 1782 είς
1268 1719 1538 1784 ἀπόδειξιν
1586 1719 1678 1772 τοῦ
1702 1718 1938 1772 νοεῖσθαι
1985 1717 2080 1769 καὶ
2111 1715 2323 1788 θέλημα
2367 1719 2461 1772 τοῦ
2499 1720 2714 1811 Πατρός
2744 1721 2836 1773 τὸν
2865 1723 3012 1776 Υίόν.
3053 1723 3140 1775 Ἐν
3173 1722 3230 1775 δέ
3254 1741 3317 1791 γε
3348 1723 3428 1794 τῷ
3458 1730 3596 1794 προ-

346 1815 587 1886 κειμένῳ
621 1815 804 1887 ῥητῷ,
838 1815 994 1883 λόγος
1034 1815 1130 1885 μὲν
1156 1815 1331 1878 οὐδεὶς
1357 1815 1660 1884 ἀναγκάσει
1688 1813 1896 1884 θέλημα
1934 1811 2172 1866 νοεῖσθαι
2197 1812 2291 1866 τοῦ
2319 1815 2530 1885 Πατρός
2561 1815 2651 1869 τὸν
2689 1815 2850 1881 Υίὸν,
2893 1815 3166 1885 διαφόρως
3209 1811 3322 1884 [Im
3367 1820 3594 1888 ἀδιαφό-

349 1926 458 1982 ρως
541 1909 598 1962 δὲ
634 1907 834 1979 μᾶλλον
870 1905 1283 1980 παραδεξόμεθα
1312 1909 1408 1981 τήν
1438 1911 1531 1963 ἐπὶ
1561 1913 1673 1973 τοῖς
1699 1909 2000 1964 ἀπολωλόσι
2031 1908 2229 1980 βουλὴν
2252 1909 2490 1989 ἀγαθήν.
3351 1953 3366 1966 .

389 2002 543 2072 -Οήχ
576 1999 744 2069 ὑμεῖς
779 1998 1005 2068 λέγετε,
1040 1998 1131 2052 ὅτι
1168 2000 1531 2071 τετράμηνός
1577 2001 1727 2067 ἐστι,
1761 2001 1860 2055 καί
1892 2004 1919 2055 d

2097 2000 2200 2066 IV,
2257 2001 2344 2055 35.
2404 1999 2596 2056 Nonne
2635 2019 2724 2056 vos
2768 2003 2947 2058 dicitis
2995 2005 3136 2077 quod
3167 2004 3338 2060 adhuc
3366 2015 3596 2076 quatuor

346 2091 626 2161 θερισμὸς
652 2090 885 2159 ἔρχεται
909 2106 926 2154 ;

410 2183 639 2254 Δέχεται
680 2182 842 2235 πάλιν
875 2181 968 2236 τοῦ
999 2181 1160 2251 λόγου
1198 2181 1296 2246 τὰς
1326 2180 1607 2254 ἀφορμὰς,
1655 2183 1763 2236 ἀπὸ
1795 2201 1918 2236 και-

343 2273 468 2344 ροῦ,
527 2273 623 2326 καὶ
661 2272 982 2345 πράγματος
1009 2313 1024 2338 ,
1073 2274 1168 2326 καὶ
1191 2272 1297 2326 ἀπὸ
1339 2273 1445 2326 τῶν
1479 2275 1536 2326 ἐν
1558 2274 1804 2343 αἰσθήσει
1851 2277 1918 2345 τῇ

341 2365 660 2437 παχυτέρα,
718 2362 1109 2434 πνευματικῶν
1169 2364 1541 2435 θεωρημάτων
1589 2365 1920 2421 ἀναπλάττει

338 2458 612 2527 διήγησιν.
659 2455 797 2526 Ὦρα
830 2455 928 2526 μὲν
958 2454 1065 2524 γάρ
1094 2449 1162 2525 ἦν
1191 2453 1456 2524 χειμῶνος
1486 2453 1564 2508 ἔτι
1597 2458 1715 2508 κατ’
1745 2459 1922 2510 ἐκεῖνο

338 2549 555 2621 καιροῦ,
588 2547 882 2620 ἀρτιθαλὴς
919 2547 996 2612 δὲ,
1019 2549 1112 2601 καὶ
1141 2547 1260 2612 νέος
1286 2546 1394 2600 τῶν
1423 2547 1752 2618 σπερμάτων
1774 2551 1802 2602 ὁ
1830 2550 1922 2603 κά·

340 2646 510 2713 λαμος
541 2641 699 2711 μόγις
730 2639 824 2710 μὲν
876 2639 978 2708 τῆς
1011 2639 1252 2710 ἀρούρας
1284 2637 1564 2709 ὲξέφριττε
1584 2656 1598 2670 ·
1637 2637 1830 2710 καιροῦ
1861 2638 1920 2691 δὲ

339 2735 620 2805 τεσσάρων
655 2730 840 2802 μηνῶν
866 2730 1312 2795 διῖππεύσαντος,
1344 2731 1424 2792 είς
1450 2730 1548 2799 τὴν
1569 2728 1661 2782 τοῦ
1679 2727 1920 2800 θερίζον-

340 2843 432 2889 τος
459 2828 617 2897 χεῖρα
666 2823 952 2877 πεσεῖσθαι
993 2823 1376 2893 προσεδοκᾶτο.
1433 2840 1449 2872 ι
1479 2823 1592 2891 Οὐχ
1621 2822 1776 2892 ὑμεῖς
1803 2815 1917 2883 οῦν,

346 2915 524 2985 φησιν,
564 2915 613 2966 ot
637 2911 935 2983 ἄνθρωποι,
969 2912 1156 2981 λέγετε
1181 2913 1262 2965 ὅτι
1291 2911 1626 2982 τετράμηνός
1656 2913 1795 2978 ἐστι,
1826 2910 1922 2963 καὶ

348 3007 374 3058 ό
397 3005 651 3075 θερισμὸς
683 3003 900 3075 ἔρχεται
928 3021 942 3069 ;
975 3022 993 3055 ι

426 3096 578 3151 Ἰδοὺ
631 3095 786 3165 λέγω
828 3094 988 3163 ὑμῖν·
1047 3092 1328 3162 Ἐπάρατε
1371 3091 1516 3158 τοὺς
1570 3093 1918 3162 ὀφθαλμοὺς

341 3186 527 3256 ὑμῶν,
555 3186 654 3239 καί
691 3179 990 3239 θεάὰασθε
1024 3185 1129 3250 τὰς
1177 3183 1392 3253 χώρας,
1429 3184 1518 3239 ὅτι
1556 3185 1773 3240 λευκαί
1799 3188 1918 3239 εισι

339 3278 490 3346 ,πρὸς
518 3277 822 3346 θερισμόν.
1059 3262 1074 3270 ”

413 3367 701 3420 Τουτέστιν
734 3366 911 3434 ὀλίγον
937 3363 1047 3418 τῶν
1083 3365 1176 3418 ἐπὶ
1205 3365 1309 3436 γῆς
1343 3365 1682 3436 πραγμάτων
1709 3366 1799 3419 τὸν
1819 3365 1919 3434 τῆς
1945 3401 1986 3458 C

339 3457 582 3520 διανοίας
634 3452 912 3526 ὀφθαλμὸν
953 3454 1357 3525 ἀνοχλίσαντες,
1406 3456 1498 3510 τὸν
1549 3457 1916 3526 πνευματικὸν

342 3548 626 3619 ἀναθρεῖτε
675 3546 894 3618 σπόρον,
948 3546 1030 3598 ὅτι
1072 3545 1509 3602 λελευκάνθισται
1554 3550 1652 3620 μὲν
1692 3551 1784 3603 ἐπὶ
1820 3550 1915 3620 τήν

344 3642 523 3696 ἆλωνα
569 3640 915 3711 βαδιούμενος
957 3638 1082 3710 ήδη·
1126 3639 1281 3694 καλεῖ
1308 3641 1364 3693 δὲ
1409 3641 1593 3694 λοιπὸν
1619 3645 1703 3712 ἐφ’
1738 3643 1916 3713 ἑαυτῷ

225 3744 227 3746 ’
339 3734 432 3787 τὸν
460 3733 720 3804 ἀμητῆρα
769 3732 1006 3804 σίδηρον.
1054 3731 1186 3786 Ἀπὸ
1230 3733 1288 3786 δὲ
1332 3734 1434 3803 τῆς
1474 3735 1786 3805 ὁμοιότητος
1807 3735 1915 3789 τῶν

340 3826 398 3878 ἐν
463 3825 673 3894 ίστορίᾳ
722 3827 1058 3896 πραγμάτων
1098 3824 1401 3896 θεωρήσεις
1449 3823 1508 3876 τὸ
1569 3824 1912 3896 δηλούμενον.

341 3915 549 3986 Σπόρον
605 3913 704 3984 μὲν
752 3914 859 3986 γὰρ
903 3917 1119 3986 νοήσεις
1159 3915 1251 3967 τὸν
1293 3912 1515 3985 νοητὸν,
1563 3915 1656 3967 καὶ
1706 3914 1916 3985 πληθὺν

340 4005 630 4076 ἀσταχύων
657 4006 1066 4076 πνευματικῶν,
1086 4007 1213 4070 τοὺς
1237 4005 1325 4059 διὰ
1347 4006 1448 4076 τῆς
1475 4004 1584 4058 τῶν
1622 4007 1916 4077 προφητῶν

343 4097 827 4169 προγεωρηθέντας
849 4098 1032 4168 φωνῆς
1061 4098 1140 4160 είς
1154 4097 1253 4166 τήν
1279 4096 1576 4166 μέλλουσαν
1599 4097 1917 4169 ἀναδειχθή-

345 4188 532 4240 σεσθαι
559 4189 740 4240 πίστιν
765 4187 854 4240 διὰ
901 4188 1158 4257 Χριστοῦ.
1188 4187 1545 4241 Λευκαίνεται
1576 4187 1631 4240 δὲ
1659 4186 1916 4256 πέπειρός

342 4300 402 4337 τε
436 4281 530 4334 καὶ
571 4280 784 4350 ἕτοιμος
816 4281 914 4352 ήδη
947 4280 1082 4353 πρὸς
1117 4281 1180 4333 τὸ
1227 4279 1502 4334 πιστεύειν
1531 4281 1914 4350 γεγενημένος,

342 4373 436 4426 καὶ
481 4369 947 4440 συμπεπηγμένος
990 4371 1068 4433 είς
1119 4369 1424 4423 εὐλάὸειαν.
1471 4370 1526 4423 '0
1552 4369 1609 4422 δὲ
1644 4368 1738 4422 τοῦ
1765 4369 1914 4440 θερί-

344 4462 531 4526 ζοντος
567 4459 802 4528 σίδηρος,
857 4461 884 4512 ό
913 4459 1165 4532 λαμπρός
1207 4459 1267 4511 τέ
1306 4461 1420 4512 ἐστι
1454 4460 1548 4512 καὶ
1599 4458 1914 4530 τομάντατος

341 4551 452 4605 τῶν
480 4549 793 4604 ἀποστόλων
823 4550 998 4617 λόγος,
1024 4550 1125 4618 τῆς
1174 4551 1270 4620 μὲν
1303 4549 1445 4602 κατὰ
1479 4550 1640 4619 νόμον
1667 4551 1918 4622 λατρείας

343 4642 650 4712 ἀποκείρων
677 4643 802 4704 τοὺς
833 4640 1233 4712 ἀκροωμένους,
1279 4641 1373 4693 ἐπὶ
1396 4640 1569 4711 δὲτὴν
1607 4642 1720 4694 ἆλω
1747 4659 1913 4713 μετα-

2021 2107 2224 2147 menses
2252 2101 2376 2147 sunt
2397 2132 2412 2156 ,
2442 2102 2491 2148 et
2520 2096 2704 2148 messis
2733 2096 2906 2149 venit!

2091 2185 2449 2240 Occasionem
2467 2185 2682 2241 dicendi
2709 2203 2926 2242 rursum
2948 2203 2977 2242 a
3007 2196 3251 2258 tempore
3274 2199 3328 2245 et
3345 2205 3404 2244 re
3425 2191 3591 2262 capit,

2021 2281 2076 2330 et
2109 2276 2178 2329 ab
2211 2276 2279 2330 iis
2305 2292 2426 2346 qua:
2455 2277 2560 2331 sub
2591 2291 2810 2331 sensum
2844 2278 3004 2349 199
3027 2279 3229 2334 cadunt
3262 2283 3593 2351 spiritalium

2021 2367 2538 2437 contemplationum
2565 2368 2981 2436 explicationem
3015 2368 3266 2425 adornat.
3293 2370 3424 2424 Erat
3447 2370 3594 2424 enim

2021 2463 2136 2511 tum
2171 2459 2352 2513 adhuc
2389 2459 2586 2513 hiemis
2619 2469 2949 2529 tempestas,
2990 2469 3043 2515 et
3069 2463 3271 2518 virides
3305 2477 3368 2517 ac
3404 2478 3595 2519 recen-

2021 2557 2103 2605 tes
2135 2551 2302 2603 culmi
2339 2551 2577 2605 nondum
2620 2551 2674 2604 in
2715 2553 2924 2621 campis
2963 2552 3461 2609 inhorrescebant:
3497 2553 3594 2610 sed

2019 2641 2208 2710 elapso
2257 2641 2646 2710 quadritnestri
2696 2645 2876 2712 spatio
2933 2645 2989 2698 in
3038 2661 3342 2702 messorum
3399 2661 3594 2702 manus

2021 2733 2306 2786 deventuri
2337 2742 2516 2787 erant.
2548 2753 2566 2785 ι
2605 2733 2799 2790 Nonne
2830 2751 2928 2793 vos
2962 2737 3148 2806 igitur,
3178 2738 3374 2810 inquit,
3407 2738 3593 2795 dicitis

2021 2826 2166 2892 quod
2200 2825 2378 2879 adhuc
2403 2835 2638 2896 quatuor
2671 2841 2891 2884 menses
2947 2837 3121 2895 sunt,
3167 2838 3228 2885 et
3257 2833 3456 2888 messis
3493 2846 3592 2886 ve-

2021 2915 2137 2970 nit?
2170 2934 2190 2969 ο

2092 3089 2183 3155 iV,
2231 3091 2320 3145 35'.
2366 3089 2498 3144 Ecce
2547 3108 2640 3162 ego
2681 3093 2803 3147 dico
2845 3092 3242 3149 vobis:Levate
3283 3094 3464 3150 oculos
3505 3111 3616 3150 ver

2021 3191 2182 3247 stros,
2203 3193 2251 3236 et
2275 3182 2440 3236 videte
2471 3185 2728 3252 regiones,
2749 3186 2874 3255 quia
2896 3186 3034 3240 alba:
3057 3186 3180 3256 jam
3208 3196 3330 3240 sunt
3361 3185 3429 3240 ad
3455 3203 3593 3242 mes-

2021 3289 2150 3326 sem.

2091 3364 2217 3419 Hoc
2243 3372 2348 3429 est,
2393 3381 2422 3420 a
2453 3367 2618 3422 rebus
2651 3369 2890 3424 terrenis
2925 3369 3234 3426 intellectus
3273 3371 3430 3427 oculo
3461 3387 3595 3442 pau-

2023 3453 2135 3506 lum
2162 3453 2381 3508 sublato
2403 3455 2672 3524 spiritalia
2696 3463 2815 3511 sata
2839 3457 3268 3526 circumspicite,
3292 3457 3595 3515 flavescen-

2022 3546 2095 3598 tia
2141 3543 2286 3615 jam,
2339 3553 2394 3600 et
2449 3547 2503 3600 in
2542 3561 2726 3603 aream
2756 3563 2880 3602 mox
2929 3557 3198 3616 ventura,
3231 3559 3285 3605 et
3326 3554 3592 3610 messoris

2020 3635 2230 3692 ferrum
2260 3637 2480 3692 tandem
2513 3641 2852 3710 appetentia.
2911 3641 2954 3693 A
3002 3641 3363 3698 similitudine
3411 3653 3592 3700 autem

2018 3743 2204 3784 rerum
2242 3746 2363 3800 qua:
2393 3729 2483 3785 hic
2517 3740 3020 3786 commemorantur
3056 3734 3330 3802 spectabis
3362 3734 3414 3790 id
3446 3735 3590 3808 quod

2019 3820 2391 3890 significatur.
2425 3819 2556 3875 Sata
2597 3823 2740 3896 enim
2776 3823 3047 3892 spiritalia
3079 3824 3173 3878 hic
3203 3824 3506 3896 intelliges,
3536 3835 3592 3882 et

2019 3912 2296 3980 spicarum
2347 3895 2678 3982 spiritalium
2723 3915 3129 3970 multitudinem
3151 3957 3166 3982 ,
3198 3933 3294 3974 eos
3325 3895 3419 3984 qui
3460 3935 3589 3988 pro-

2019 4001 2305 4070 phetarum
2360 4017 2494 4056 voce
2558 4001 2712 4071 prius
2768 4004 2973 4057 exculti
3035 4013 3166 4059 sunt
3222 4006 3291 4059 ad
3346 4004 3585 4060 futuram

2017 4092 2222 4146 Christi
2266 4090 2428 4147 fidem
2465 4091 2808 4147 instituendi.
2851 4091 3129 4148 Flavescit
3182 4109 3338 4157 vero,
3387 4096 3482 4164 qui
3533 4104 3590 4150 et

2018 4193 2269 4239 maturus
2302 4191 2358 4238 et
2390 4195 2614 4253 paratus
2640 4186 2753 4254 jam
2789 4194 2874 4239 est
2911 4185 2978 4238 ad
3013 4183 3367 4249 credendum,
3415 4193 3469 4240 et
3518 4189 3588 4240 ad

2019 4276 2341 4345 religionem
2396 4276 2773 4330 confirmatus.
2822 4274 3084 4331 Messoris
3124 4284 3304 4329 autem
3351 4274 3584 4342 ferrum,

2017 4367 2304 4437 splendida
2339 4375 2423 4422 est
2477 4377 2531 4421 et
2583 4368 2904 4422 acutissima
2944 4367 3263 4436 pmdicatio
3310 4371 3588 4439 apostolo-

2017 4473 2161 4523 rum,
2199 4458 2480 4514 auditores
2510 4458 2731 4528 quidem
2771 4473 2802 4511 a
2829 4458 2979 4512 cultu
3018 4458 3175 4529 legali
3209 4474 3486 4523 resecans,
3532 4469 3587 4515 et

2016 4549 2072 4603 in
2106 4564 2288 4604 aream
2329 4549 2692 4614 transferens,
2739 4549 2844 4604 hoc
2893 4560 2976 4604 est
3014 4551 3069 4604 in
3113 4549 3414 4606 Ecclesiam
3465 4551 3584 4615 Dei,

2018 4641 2109 4694 ubi
2151 4642 2417 4695 virtutum
2459 4641 2747 4695 laboribus
2799 4641 3023 4696 contriti
3066 4657 3236 4712 purus
3268 4643 3425 4698 cibus
3469 4643 3586 4698 effi-

338 4734 526 4796 τιθεὶς,
557 4733 701 4786 τοῦτ’
727 4732 894 4796 ἔστιν,
920 4734 1014 4786 ἐπὶ
1037 4731 1135 4803 τήν
1154 4730 1480 4802 Ἐκκλησίαν
1498 4730 1590 4784 τοῦ
1614 4731 1770 4785 Θεοῦ’
1790 4731 1916 4786 ἔνθα

2022 4734 2251 4800 cientur,
2283 4735 2594 4790 eollectoris
2628 4734 2827 4788 horreo
2864 4734 3242 4804 dignissimus.

341 4828 402 4898 δή
435 4828 742 4900 τριόόμενοί
787 4845 847 4881 τε
883 4829 976 4882 καὶ
1027 4827 1208 4890 πόνοις
1254 4825 1472 4894 ἀγαθῶν
1520 4826 1910 4897 ὲνθλιόόμενοι,
1951 4827 2186 4899 καθαρὸς
2227 4828 2704 4900 ἀποδειχθήσονται
2748 4830 2891 4891 σῖτος
2951 4828 3048 4899 τῆς
3117 4827 3210 4880 τοῦ
3265 4829 3587 4900 συνάγοντος

343 4919 624 4990 ἀποθήκης
654 4919 895 4986 ἐπάξιος.

419 5014 559 5080 Ἤδη
583 5017 614 5067 ό
639 5014 895 5084 θερίζων,
929 5013 1151 5083 μισθὸν
1186 5012 1500 5082 λαμϐάνει,
1533 5013 1630 5066 καὶ
1659 5013 1912 5082 συνάγει

349 5103 581 5171 καρπὸν
627 5106 711 5170 εις
746 5105 898 5173 ζωὴν
942 5103 1210 5169 αἰώνιον,
1261 5105 1362 5157 ἵνα
1401 5105 1434 5156 d
1466 5104 1725 5171 σπείρων
1762 5104 1911 5172 ὁμοῦ

347 5197 548 5264 χαιζοῃ,
594 5196 695 5247 καὶ
729 5199 761 5250 ό
804 5196 1053 5265 θερίζων.
1111 5197 1206 5249 Ἐν
1261 5195 1372 5264 γὰρ
1418 5195 1606 5257 τούτῳ
1649 5197 1681 5248 ὀ
1733 5196 1913 5264 λόγος

344 5287 634 5354 ἀληθινός
643 5286 882 5349 ἐστι,ὅτι
894 5286 1296 5353 ἅλλοςέστὶνό
1313 5284 1597 5353 σπείρων,
1616 5283 1712 5337 καὶ
1726 5283 1914 5350 ἄλλος

345 5383 377 5436 ό
402 5376 655 5446 θερίζων.

417 5471 612 5538 Λόγου,
649 5469 832 5540 φησιν,
875 5470 905 5521 ὁ
935 5470 1123 5535 καιρὸς
1152 5469 1244 5521 τοῦ
1284 5466 1575 5529 καλοῦντος
1599 5467 1675 5528 εἰς
1698 5466 1876 5519 πίστιν
1895 5507 1910 5531 ,

346 5559 437 5611 καὶ
482 5557 590 5610 τῶν
629 5557 867 5628 νομικῶν
909 5575 968 5610 τε
1022 5559 1114 5612 καὶ
1156 5555 1506 5629 προφητικῶν
1547 5555 1913 5625 κηρυγμάτων

347 5649 444 5716 τὴν
469 5650 547 5711 είς
583 5649 731 5712 τέλος
762 5649 944 5717 ἄφιξιν
977 5650 1089 5712 τοῖς
1132 5647 1504 5719 ἀκροωμένοις
1546 5644 1912 5698 ἐπιδεικνύον-

348 5753 455 5800 τος.
499 5738 556 5790 ’0
586 5739 681 5808 μὲν
711 5740 816 5810 γάρ
855 5741 1036 5811 νόμος,
1087 5740 1161 5804 ὡς
1200 5740 1256 5793 ὲν
1287 5738 1465 5801 σκιαῖς
1499 5737 1618 5800 ταῖς
1666 5739 1722 5790 ἐν
1759 5736 1914 5805 τύπῳ

2090 5009 2180 5074 lV,
2212 5006 2402 5062 56—37.
2442 5003 2568 5057 1am
2601 5004 2691 5073 qui
2735 5003 2903 5068 metit,
2950 5002 3237 5057 mercedem
3278 5007 3489 5075 accipit,
3534 5015 3584 5060 et

2019 5109 2293 5173 congregat
2317 5099 2546 5167 fructum
2581 5098 2633 5149 in
2658 5096 2816 5149 vitam
2845 5105 3094 5148 azternam
3120 5113 3137 5148 :
3162 5107 3217 5149 ut
3243 5108 3292 5150 et
3319 5099 3409 5167 qui
3426 5097 3586 5150 semi-

2019 5205 2112 5250 nat
2151 5193 2310 5248 simut
2350 5189 2612 5260 gaudeat,
2657 5197 2706 5240 et
2755 5187 2843 5256 qui
2879 5189 3043 5240 metit.
3094 5187 3160 5240 In
3194 5189 3289 5241 hoc
3337 5188 3473 5241 enim
3504 5196 3583 5238 est

2019 5287 2229 5342 verbum
2268 5299 2473 5349 verum,
2515 5281 2641 5351 quia
2682 5279 2819 5332 alius
2854 5288 2930 5332 est
2968 5279 3059 5348 qui
3095 5280 3338 5342 seminat,
3364 5283 3415 5328 et
3443 5275 3582 5327 alius

2019 5377 2204 5446 estqui
2234 5377 2401 5429 metit.

2091 5467 2350 5536 Tempus,
2377 5465 2579 5534 inquit,
2626 5470 2708 5517 est
2739 5461 2890 5516 verbi
2925 5460 3172 5515 vocantis
3215 5456 3280 5508 ad
3329 5452 3488 5506 fidem
3531 5463 3585 5506 ct

2021 5556 2553 5614 consummationem
2591 5552 2843 5620 legalium
2879 5559 2931 5603 et
2965 5546 3410 5616 propheticorum
3444 5558 3584 5610 prae-

2024 5649 2311 5704 coniorum
2342 5643 2690 5699 auditoribus
2720 5639 3077 5692 ostendentis.
3126 5635 3233 5690 Lex
3263 5631 3411 5687 enim
3439 5631 3589 5684 velut

2027 5740 2080 5792 in
2101 5736 2310 5791 umbris
2365 5735 2548 5804 typico
2607 5727 2755 5782 cultu
2809 5735 3090 5782 venturum
3148 5717 3587 5795 praenuntiabat,
