  <div class='ocr_page' id='page_1' title='image "/cluster/home/n/w/nwhite01/storage/ocr_20150623/73/mdp.39015078384479/171.png"; bbox 0 0 4090 6266; ppageno 0'>
   <div class='ocr_carea' id='block_1_1' title="bbox 472 296 593 353">
    <p class='ocr_par' dir='ltr' id='par_1_1' title="bbox 472 296 593 353">
     <span class='ocr_line' id='line_1_1' title="bbox 472 296 593 353; baseline -0.025 0"><span class='ocrx_word' id='word_1_1' title='bbox 472 296 593 353; x_wconf 66' lang='lat'>.521</span> 
     </span>
    </p>
   </div>
   <div class='ocr_carea' id='block_1_2' title="bbox 1483 280 2704 340">
    <p class='ocr_par' dir='ltr' id='par_1_2' title="bbox 1483 280 2704 340">
     <span class='ocr_line' id='line_1_2' title="bbox 1483 280 2704 340; baseline -0.002 0"><span class='ocrx_word' id='word_1_2' title='bbox 1483 285 1540 340; x_wconf 90' lang='lat' dir='ltr'><strong>S.</strong></span> <span class='ocrx_word' id='word_1_3' title='bbox 1577 283 1853 339; x_wconf 77' lang='lat' dir='ltr'>CYRILLI</span> <span class='ocrx_word' id='word_1_4' title='bbox 1883 280 2351 338; x_wconf 74' lang='lat' dir='ltr'>ALEXANDRINI</span> <span class='ocrx_word' id='word_1_5' title='bbox 2389 281 2704 339; x_wconf 79' lang='lat' dir='ltr'>ARCIIIEP.</span> 
     </span>
    </p>
   </div>
   <div class='ocr_carea' id='block_1_3' title="bbox 3617 283 3724 340">
    <p class='ocr_par' dir='ltr' id='par_1_3' title="bbox 3617 283 3724 340">
     <span class='ocr_line' id='line_1_3' title="bbox 3617 283 3724 340; baseline 0.009 -2"><span class='ocrx_word' id='word_1_6' title='bbox 3617 283 3724 340; x_wconf 71' lang='lat'>328</span> 
     </span>
    </p>
   </div>
   <div class='ocr_carea' id='block_1_4' title="bbox 489 386 2063 468">
    <p class='ocr_par' dir='ltr' id='par_1_4' title="bbox 489 386 2050 468">
     <span class='ocr_line' id='line_1_4' title="bbox 489 386 2050 468; baseline -0.012 -4"><span class='ocrx_word' id='word_1_7' title='bbox 489 407 770 464; x_wconf 77' lang='lat' dir='ltr'>Christum</span> <span class='ocrx_word' id='word_1_8' title='bbox 815 402 1076 458; x_wconf 77' lang='lat' dir='ltr'>videlicet</span> <span class='ocrx_word' id='word_1_9' title='bbox 1123 417 1137 452; x_wconf 90' lang='lat'><strong>:</strong></span> <span class='ocrx_word' id='word_1_10' title='bbox 1187 386 1468 468; x_wconf 66' lang='lat' dir='ltr'><strong>prepbeta:</strong></span> <span class='ocrx_word' id='word_1_11' title='bbox 1513 409 1644 450; x_wconf 84' lang='lat' dir='ltr'><strong>vero</strong></span> <span class='ocrx_word' id='word_1_12' title='bbox 1677 401 1801 464; x_wconf 92' lang='lat' dir='ltr'><strong>post</strong></span> <span class='ocrx_word' id='word_1_13' title='bbox 1847 393 2050 463; x_wconf 90' lang='lat' dir='ltr'><strong>ipsum,</strong></span> 
     </span>
    </p>
   </div>
   <div class='ocr_carea' id='block_1_5' title="bbox 2167 386 3726 468">
    <p class='ocr_par' dir='ltr' id='par_1_5' title="bbox 2167 394 3726 467">
     <span class='ocr_line' id='line_1_5' title="bbox 2167 394 3726 467; baseline 0.001 -19"><span class='ocrx_word' id='word_1_14' title='bbox 2167 396 2460 465; x_wconf 66' lang='lat' dir='ltr'><strong>tarpslatc,</strong></span> <span class='ocrx_word' id='word_1_15' title='bbox 2509 395 2804 467; x_wconf 80' lang='grc' dir='ltr'>προεδήλου</span> <span class='ocrx_word' id='word_1_16' title='bbox 2860 395 2950 448; x_wconf 64' lang='grc' dir='ltr'>τὸν</span> <span class='ocrx_word' id='word_1_17' title='bbox 3002 395 3355 466; x_wconf 77' lang='grc' dir='ltr'>ἀφιξόμενον,</span> <span class='ocrx_word' id='word_1_18' title='bbox 3410 394 3555 448; x_wconf 78' lang='grc' dir='ltr'>τοῦτ’</span> <span class='ocrx_word' id='word_1_19' title='bbox 3609 396 3726 450; x_wconf 77' lang='grc' dir='ltr'>ἐστι</span> 
     </span>
    </p>
   </div>
   <div class='ocr_carea' id='block_1_6' title="bbox 491 483 2053 564">
    <p class='ocr_par' dir='ltr' id='par_1_6' title="bbox 491 483 2053 564">
     <span class='ocr_line' id='line_1_6' title="bbox 491 483 2053 564; baseline -0.01 -12"><span class='ocrx_word' id='word_1_20' title='bbox 491 496 882 552; x_wconf 86' lang='lat' dir='ltr'><strong>annuntiantes</strong></span> <span class='ocrx_word' id='word_1_21' title='bbox 939 493 1181 564; x_wconf 79' lang='lat' dir='ltr'>Spiritus</span> <span class='ocrx_word' id='word_1_22' title='bbox 1225 501 1538 552; x_wconf 90' lang='lat' dir='ltr'><strong>sermones,</strong></span> <span class='ocrx_word' id='word_1_23' title='bbox 1578 485 1802 556; x_wconf 82' lang='lat' dir='ltr'><strong>jamjam</strong></span> <span class='ocrx_word' id='word_1_24' title='bbox 1831 483 2053 538; x_wconf 81' lang='lat' dir='ltr'><strong>adfutu-</strong></span> 
     </span>
    </p>
   </div>
   <div class='ocr_carea' id='block_1_7' title="bbox 492 575 2054 660">
    <p class='ocr_par' dir='ltr' id='par_1_7' title="bbox 492 575 2054 660">
     <span class='ocr_line' id='line_1_7' title="bbox 492 575 2054 660; baseline -0.013 -14"><span class='ocrx_word' id='word_1_25' title='bbox 492 606 612 646; x_wconf 90' lang='lat' dir='ltr'>rum</span> <span class='ocrx_word' id='word_1_26' title='bbox 655 587 1078 660; x_wconf 83' lang='lat' dir='ltr'><strong>praesignabant.</strong></span> <span class='ocrx_word' id='word_1_27' title='bbox 1120 583 1256 637; x_wconf 86' lang='lat' dir='ltr'>Cum</span> <span class='ocrx_word' id='word_1_28' title='bbox 1298 588 1477 633; x_wconf 90' lang='lat' dir='ltr'><strong>autem</strong></span> <span class='ocrx_word' id='word_1_29' title='bbox 1520 585 1707 647; x_wconf 90' lang='lat' dir='ltr'><strong>portas</strong></span> <span class='ocrx_word' id='word_1_30' title='bbox 1758 575 2054 642; x_wconf 90' lang='lat' dir='ltr'><strong>introierit,</strong></span> 
     </span>
    </p>
   </div>
   <div class='ocr_carea' id='block_1_8' title="bbox 491 667 2056 754">
    <p class='ocr_par' dir='ltr' id='par_1_8' title="bbox 491 667 2056 754">
     <span class='ocr_line' id='line_1_8' title="bbox 491 667 2056 754; baseline -0.013 -14"><span class='ocrx_word' id='word_1_31' title='bbox 491 699 645 754; x_wconf 86' lang='lat' dir='ltr'>spem</span> <span class='ocrx_word' id='word_1_32' title='bbox 693 696 803 736; x_wconf 89' lang='lat' dir='ltr'>non</span> <span class='ocrx_word' id='word_1_33' title='bbox 849 678 1062 733; x_wconf 76' lang='lat' dir='ltr'><strong>diﬂ‘erct</strong></span> <span class='ocrx_word' id='word_1_34' title='bbox 1095 675 1150 729; x_wconf 89' lang='lat' dir='ltr'>in</span> <span class='ocrx_word' id='word_1_35' title='bbox 1181 674 1403 742; x_wconf 85' lang='lat' dir='ltr'><strong>longum</strong></span> <span class='ocrx_word' id='word_1_36' title='bbox 1440 680 1655 738; x_wconf 78' lang='lat' dir='ltr'>tempus</span> <span class='ocrx_word' id='word_1_37' title='bbox 1684 667 2056 738; x_wconf 76' lang='lat' dir='ltr'>apostolorum</span> 
     </span>
    </p>
   </div>
   <div class='ocr_carea' id='block_1_9' title="bbox 488 756 2057 844">
    <p class='ocr_par' dir='ltr' id='par_1_9' title="bbox 488 756 2057 844">
     <span class='ocr_line' id='line_1_9' title="bbox 488 756 2057 844; baseline -0.013 -15"><span class='ocrx_word' id='word_1_38' title='bbox 488 771 830 844; x_wconf 67' lang='lat' dir='ltr'><strong>prmdicatio,</strong></span> <span class='ocrx_word' id='word_1_39' title='bbox 880 768 976 824; x_wconf 88' lang='lat' dir='ltr'>sed</span> <span class='ocrx_word' id='word_1_40' title='bbox 1020 768 1132 837; x_wconf 79' lang='lat' dir='ltr'><strong>jam</strong></span> <span class='ocrx_word' id='word_1_41' title='bbox 1176 770 1497 834; x_wconf 64' lang='lat' dir='ltr'><strong>praesentem</strong></span> <span class='ocrx_word' id='word_1_42' title='bbox 1527 776 1650 815; x_wconf 92' lang='lat' dir='ltr'>eum</span> <span class='ocrx_word' id='word_1_43' title='bbox 1683 757 1934 814; x_wconf 92' lang='lat' dir='ltr'><strong>ostendet</strong></span> <span class='ocrx_word' id='word_1_44' title='bbox 1964 756 2057 826; x_wconf 92' lang='lat' dir='ltr'><strong>qui</strong></span> 
     </span>
    </p>
   </div>
   <div class='ocr_carea' id='block_1_10' title="bbox 490 845 2057 935">
    <p class='ocr_par' dir='ltr' id='par_1_10' title="bbox 490 845 2057 935">
     <span class='ocr_line' id='line_1_10' title="bbox 490 845 2057 935; baseline -0.014 -15"><span class='ocrx_word' id='word_1_45' title='bbox 490 864 961 935; x_wconf 74' lang='lat' dir='ltr'><strong>exspectabatur:</strong></span> <span class='ocrx_word' id='word_1_46' title='bbox 998 865 1052 912; x_wconf 87' lang='lat' dir='ltr'>et</span> <span class='ocrx_word' id='word_1_47' title='bbox 1087 855 1248 924; x_wconf 79' lang='lat'><strong>200</strong></span> <span class='ocrx_word' id='word_1_48' title='bbox 1285 860 1450 908; x_wconf 90' lang='lat' dir='ltr'><strong>metet</strong></span> <span class='ocrx_word' id='word_1_49' title='bbox 1503 849 1722 921; x_wconf 84' lang='lat' dir='ltr'><strong>quidem</strong></span> <span class='ocrx_word' id='word_1_50' title='bbox 1773 864 1840 902; x_wconf 75' lang='lat' dir='ltr'><strong>ex</strong></span> <span class='ocrx_word' id='word_1_51' title='bbox 1897 845 2057 915; x_wconf 76' lang='lat' dir='ltr'><strong>legali</strong></span> 
     </span>
    </p>
   </div>
   <div class='ocr_carea' id='block_1_11' title="bbox 493 937 2058 1018">
    <p class='ocr_par' dir='ltr' id='par_1_11' title="bbox 493 937 2058 1018">
     <span class='ocr_line' id='line_1_11' title="bbox 493 937 2058 1018; baseline -0.012 -12"><span class='ocrx_word' id='word_1_52' title='bbox 493 953 645 1007; x_wconf 90' lang='lat' dir='ltr'><strong>cultu</strong></span> <span class='ocrx_word' id='word_1_53' title='bbox 676 966 776 1006; x_wconf 88' lang='lat' dir='ltr'>eos</span> <span class='ocrx_word' id='word_1_54' title='bbox 827 948 922 1018; x_wconf 92' lang='lat' dir='ltr'><strong>qui</strong></span> <span class='ocrx_word' id='word_1_55' title='bbox 969 945 1148 999; x_wconf 83' lang='lat' dir='ltr'><strong>adhuc</strong></span> <span class='ocrx_word' id='word_1_56' title='bbox 1188 943 1292 1012; x_wconf 83' lang='lat' dir='ltr'><strong>legi</strong></span> <span class='ocrx_word' id='word_1_57' title='bbox 1339 942 1612 1006; x_wconf 87' lang='lat' dir='ltr'><strong>serviunt,</strong></span> <span class='ocrx_word' id='word_1_58' title='bbox 1648 945 1703 993; x_wconf 91' lang='lat' dir='ltr'>et</span> <span class='ocrx_word' id='word_1_59' title='bbox 1735 937 1837 992; x_wconf 89' lang='lat' dir='ltr'><strong>soli</strong></span> <span class='ocrx_word' id='word_1_60' title='bbox 1867 937 2058 989; x_wconf 86' lang='lat' dir='ltr'><strong>litterae</strong></span> 
     </span>
    </p>
   </div>
   <div class='ocr_carea' id='block_1_12' title="bbox 493 1026 2058 1109">
    <p class='ocr_par' dir='ltr' id='par_1_12' title="bbox 493 1026 2058 1109">
     <span class='ocr_line' id='line_1_12' title="bbox 493 1026 2058 1109; baseline -0.013 -9"><span class='ocrx_word' id='word_1_61' title='bbox 493 1044 781 1105; x_wconf 90' lang='lat' dir='ltr'><strong>incubant,</strong></span> <span class='ocrx_word' id='word_1_62' title='bbox 814 1047 976 1109; x_wconf 91' lang='lat' dir='ltr'><strong>atque</strong></span> <span class='ocrx_word' id='word_1_63' title='bbox 1019 1037 1200 1091; x_wconf 88' lang='lat' dir='ltr'><strong>instar</strong></span> <span class='ocrx_word' id='word_1_64' title='bbox 1226 1034 1630 1104; x_wconf 82' lang='lat' dir='ltr'>manipulorum</span> <span class='ocrx_word' id='word_1_65' title='bbox 1677 1026 1971 1083; x_wconf 78' lang='lat' dir='ltr'><strong>transferet</strong></span> <span class='ocrx_word' id='word_1_66' title='bbox 2001 1026 2058 1080; x_wconf 90' lang='lat' dir='ltr'><strong>in</strong></span> 
     </span>
    </p>
   </div>
   <div class='ocr_carea' id='block_1_13' title="bbox 492 1117 2059 1195">
    <p class='ocr_par' dir='ltr' id='par_1_13' title="bbox 492 1117 2059 1195">
     <span class='ocr_line' id='line_1_13' title="bbox 492 1117 2059 1195; baseline -0.014 -4"><span class='ocrx_word' id='word_1_67' title='bbox 492 1151 676 1192; x_wconf 90' lang='lat' dir='ltr'><strong>mores</strong></span> <span class='ocrx_word' id='word_1_68' title='bbox 700 1145 756 1189; x_wconf 92' lang='lat' dir='ltr'>et</span> <span class='ocrx_word' id='word_1_69' title='bbox 786 1130 1262 1190; x_wconf 75' lang='lat' dir='ltr'><strong>conversationem</strong></span> <span class='ocrx_word' id='word_1_70' title='bbox 1284 1125 1678 1195; x_wconf 84' lang='lat' dir='ltr'><strong>evangelicam,</strong></span> <span class='ocrx_word' id='word_1_71' title='bbox 1710 1129 1764 1174; x_wconf 89' lang='lat' dir='ltr'>et</span> <span class='ocrx_word' id='word_1_72' title='bbox 1789 1117 2059 1173; x_wconf 89' lang='lat' dir='ltr'><strong>resecabit</strong></span> 
     </span>
    </p>
   </div>
   <div class='ocr_carea' id='block_1_14' title="bbox 492 1209 2056 1288">
    <p class='ocr_par' dir='ltr' id='par_1_14' title="bbox 492 1209 2056 1288">
     <span class='ocr_line' id='line_1_14' title="bbox 492 1209 2056 1288; baseline -0.013 -6"><span class='ocrx_word' id='word_1_73' title='bbox 492 1227 744 1284; x_wconf 84' lang='lat' dir='ltr'><strong>similiter</strong></span> <span class='ocrx_word' id='word_1_74' title='bbox 811 1225 880 1278; x_wconf 91' lang='lat' dir='ltr'>ab</span> <span class='ocrx_word' id='word_1_75' title='bbox 949 1236 1136 1277; x_wconf 90' lang='lat' dir='ltr'><strong>errore</strong></span> <span class='ocrx_word' id='word_1_76' title='bbox 1195 1219 1288 1288; x_wconf 89' lang='lat' dir='ltr'><strong>qui</strong></span> <span class='ocrx_word' id='word_1_77' title='bbox 1352 1214 1757 1270; x_wconf 90' lang='lat' dir='ltr'><strong>multitudinem</strong></span> <span class='ocrx_word' id='word_1_78' title='bbox 1831 1209 2056 1264; x_wconf 89' lang='lat' dir='ltr'><strong>deorum</strong></span> 
     </span>
    </p>
   </div>
   <div class='ocr_carea' id='block_1_15' title="bbox 492 1301 2058 1376">
    <p class='ocr_par' dir='ltr' id='par_1_15' title="bbox 492 1301 2058 1376">
     <span class='ocr_line' id='line_1_15' title="bbox 492 1301 2058 1376; baseline -0.011 -6"><span class='ocrx_word' id='word_1_79' title='bbox 492 1318 693 1372; x_wconf 90' lang='lat' dir='ltr'><strong>astruit</strong></span> <span class='ocrx_word' id='word_1_80' title='bbox 719 1315 989 1369; x_wconf 93' lang='lat' dir='ltr'><strong>idolorum</strong></span> <span class='ocrx_word' id='word_1_81' title='bbox 1021 1311 1311 1372; x_wconf 88' lang='lat' dir='ltr'><strong>cultorem,</strong></span> <span class='ocrx_word' id='word_1_82' title='bbox 1347 1321 1584 1376; x_wconf 91' lang='lat' dir='ltr'><strong>eumque</strong></span> <span class='ocrx_word' id='word_1_83' title='bbox 1614 1303 1681 1358; x_wconf 85' lang='lat' dir='ltr'>ad</span> <span class='ocrx_word' id='word_1_84' title='bbox 1721 1301 2058 1372; x_wconf 85' lang='lat' dir='ltr'><strong>agnitionem</strong></span> 
     </span>
    </p>
   </div>
   <div class='ocr_carea' id='block_1_16' title="bbox 490 1389 2059 1470">
    <p class='ocr_par' dir='ltr' id='par_1_16' title="bbox 490 1389 2059 1470">
     <span class='ocr_line' id='line_1_16' title="bbox 490 1389 2059 1470; baseline -0.011 -10"><span class='ocrx_word' id='word_1_85' title='bbox 490 1404 610 1460; x_wconf 81' lang='lat' dir='ltr'><strong>veri</strong></span> <span class='ocrx_word' id='word_1_86' title='bbox 655 1402 750 1457; x_wconf 88' lang='lat' dir='ltr'>Dei</span> <span class='ocrx_word' id='word_1_87' title='bbox 785 1399 1068 1470; x_wconf 89' lang='lat' dir='ltr'><strong>perducet,</strong></span> <span class='ocrx_word' id='word_1_88' title='bbox 1120 1406 1174 1453; x_wconf 91' lang='lat' dir='ltr'>et</span> <span class='ocrx_word' id='word_1_89' title='bbox 1223 1404 1283 1451; x_wconf 94' lang='lat' dir='ltr'>ut</span> <span class='ocrx_word' id='word_1_90' title='bbox 1330 1396 1387 1449; x_wconf 91' lang='lat' dir='ltr'>in</span> <span class='ocrx_word' id='word_1_91' title='bbox 1441 1407 1656 1449; x_wconf 88' lang='lat' dir='ltr'><strong>summa</strong></span> <span class='ocrx_word' id='word_1_92' title='bbox 1705 1390 1883 1462; x_wconf 88' lang='lat' dir='ltr'><strong>quoad</strong></span> <span class='ocrx_word' id='word_1_93' title='bbox 1933 1389 2059 1443; x_wconf 90' lang='lat' dir='ltr'><strong>licet</strong></span> 
     </span>
    </p>
   </div>
   <div class='ocr_carea' id='block_1_17' title="bbox 491 1482 2058 1561">
    <p class='ocr_par' dir='ltr' id='par_1_17' title="bbox 491 1482 2058 1561">
     <span class='ocr_line' id='line_1_17' title="bbox 491 1482 2058 1561; baseline -0.01 -11"><span class='ocrx_word' id='word_1_94' title='bbox 491 1496 762 1558; x_wconf 88' lang='lat' dir='ltr'><strong>dicamus,</strong></span> <span class='ocrx_word' id='word_1_95' title='bbox 795 1509 890 1548; x_wconf 91' lang='lat' dir='ltr'>eos</span> <span class='ocrx_word' id='word_1_96' title='bbox 935 1492 1029 1561; x_wconf 94' lang='lat' dir='ltr'>qui</span> <span class='ocrx_word' id='word_1_97' title='bbox 1059 1499 1271 1545; x_wconf 89' lang='lat' dir='ltr'><strong>terrena</strong></span> <span class='ocrx_word' id='word_1_98' title='bbox 1308 1487 1488 1542; x_wconf 89' lang='lat' dir='ltr'><strong>adhuc</strong></span> <span class='ocrx_word' id='word_1_99' title='bbox 1514 1485 1764 1555; x_wconf 89' lang='lat' dir='ltr'><strong>sapiunt,</strong></span> <span class='ocrx_word' id='word_1_100' title='bbox 1795 1482 1861 1536; x_wconf 92' lang='lat' dir='ltr'>ad</span> <span class='ocrx_word' id='word_1_101' title='bbox 1893 1495 2058 1553; x_wconf 84' lang='lat' dir='ltr'><strong>ange-</strong></span> 
     </span>
    </p>
   </div>
   <div class='ocr_carea' id='block_1_18' title="bbox 491 1573 2054 1654">
    <p class='ocr_par' dir='ltr' id='par_1_18' title="bbox 491 1573 2054 1654">
     <span class='ocr_line' id='line_1_18' title="bbox 491 1573 2054 1654; baseline -0.012 -14"><span class='ocrx_word' id='word_1_102' title='bbox 491 1587 670 1641; x_wconf 90' lang='lat' dir='ltr'><strong>lorum</strong></span> <span class='ocrx_word' id='word_1_103' title='bbox 708 1585 878 1638; x_wconf 82' lang='lat' dir='ltr'><strong>vitam</strong></span> <span class='ocrx_word' id='word_1_104' title='bbox 927 1598 1024 1654; x_wconf 92' lang='lat' dir='ltr'>per</span> <span class='ocrx_word' id='word_1_105' title='bbox 1082 1579 1245 1635; x_wconf 84' lang='lat' dir='ltr'><strong>ﬁdem</strong></span> <span class='ocrx_word' id='word_1_106' title='bbox 1305 1577 1359 1631; x_wconf 91' lang='lat' dir='ltr'>in</span> <span class='ocrx_word' id='word_1_107' title='bbox 1407 1576 1688 1632; x_wconf 83' lang='lat' dir='ltr'><strong>Christum</strong></span> <span class='ocrx_word' id='word_1_108' title='bbox 1741 1573 2054 1631; x_wconf 83' lang='lat' dir='ltr'><strong>transferet.</strong></span> 
     </span>
    </p>
   </div>
   <div class='ocr_carea' id='block_1_19' title="bbox 493 1663 2053 1742">
    <p class='ocr_par' dir='ltr' id='par_1_19' title="bbox 493 1663 2053 1742">
     <span class='ocr_line' id='line_1_19' title="bbox 493 1663 2053 1742; baseline -0.009 -12"><span class='ocrx_word' id='word_1_109' title='bbox 493 1677 646 1730; x_wconf 86' lang='lat' dir='ltr'><strong>Hanc</strong></span> <span class='ocrx_word' id='word_1_110' title='bbox 679 1686 884 1742; x_wconf 91' lang='lat' dir='ltr'><strong>autem,</strong></span> <span class='ocrx_word' id='word_1_111' title='bbox 919 1674 1122 1742; x_wconf 89' lang='lat' dir='ltr'><strong>inquit,</strong></span> <span class='ocrx_word' id='word_1_112' title='bbox 1154 1667 1471 1742; x_wconf 71' lang='lat' dir='ltr'><strong>praedicatio</strong></span> <span class='ocrx_word' id='word_1_113' title='bbox 1501 1679 1808 1721; x_wconf 89' lang='lat' dir='ltr'><strong>messorum</strong></span> <span class='ocrx_word' id='word_1_114' title='bbox 1843 1663 2053 1719; x_wconf 87' lang='lat' dir='ltr'><strong>elIiciet.</strong></span> 
     </span>
    </p>
   </div>
   <div class='ocr_carea' id='block_1_20' title="bbox 493 1753 2056 1826">
    <p class='ocr_par' dir='ltr' id='par_1_20' title="bbox 493 1753 2056 1826">
     <span class='ocr_line' id='line_1_20' title="bbox 493 1753 2056 1826; baseline -0.009 -6"><span class='ocrx_word' id='word_1_115' title='bbox 493 1766 700 1822; x_wconf 82' lang='lat' dir='ltr'><strong>Merces</strong></span> <span class='ocrx_word' id='word_1_116' title='bbox 747 1780 878 1821; x_wconf 77' lang='lat' dir='ltr'><strong>vero</strong></span> <span class='ocrx_word' id='word_1_117' title='bbox 939 1779 1053 1818; x_wconf 91' lang='lat' dir='ltr'>non</span> <span class='ocrx_word' id='word_1_118' title='bbox 1098 1761 1272 1816; x_wconf 91' lang='lat' dir='ltr'><strong>deerit</strong></span> <span class='ocrx_word' id='word_1_119' title='bbox 1310 1777 1324 1813; x_wconf 90' lang='lat'><strong>:</strong></span> <span class='ocrx_word' id='word_1_120' title='bbox 1366 1756 1722 1826; x_wconf 87' lang='lat' dir='ltr'><strong>congregabit</strong></span> <span class='ocrx_word' id='word_1_121' title='bbox 1775 1754 1922 1809; x_wconf 91' lang='lat' dir='ltr'><strong>enim</strong></span> <span class='ocrx_word' id='word_1_122' title='bbox 1976 1753 2056 1807; x_wconf 91' lang='lat' dir='ltr'>eis</span> 
     </span>
    </p>
   </div>
   <div class='ocr_carea' id='block_1_21' title="bbox 495 1841 2058 1926">
    <p class='ocr_par' dir='ltr' id='par_1_21' title="bbox 495 1841 2058 1926">
     <span class='ocr_line' id='line_1_21' title="bbox 495 1841 2058 1926; baseline -0.008 -15"><span class='ocrx_word' id='word_1_123' title='bbox 495 1841 736 1911; x_wconf 78' lang='lat' dir='ltr'><strong>fructum</strong></span> <span class='ocrx_word' id='word_1_124' title='bbox 766 1855 861 1926; x_wconf 90' lang='lat' dir='ltr'><strong>qui</strong></span> <span class='ocrx_word' id='word_1_125' title='bbox 886 1854 942 1908; x_wconf 90' lang='lat' dir='ltr'>in</span> <span class='ocrx_word' id='word_1_126' title='bbox 963 1853 1130 1907; x_wconf 88' lang='lat' dir='ltr'><strong>vitam</strong></span> <span class='ocrx_word' id='word_1_127' title='bbox 1158 1857 1417 1904; x_wconf 85' lang='lat' dir='ltr'><strong>aeternam</strong></span> <span class='ocrx_word' id='word_1_128' title='bbox 1440 1848 1646 1900; x_wconf 91' lang='lat' dir='ltr'><strong>nutriat</strong></span> <span class='ocrx_word' id='word_1_129' title='bbox 1676 1862 1690 1910; x_wconf 91' lang='lat'><strong>;</strong></span> <span class='ocrx_word' id='word_1_130' title='bbox 1721 1859 1898 1913; x_wconf 89' lang='lat' dir='ltr'><strong>neque</strong></span> <span class='ocrx_word' id='word_1_131' title='bbox 1928 1858 2058 1899; x_wconf 84' lang='lat' dir='ltr'><strong>vero</strong></span> 
     </span>
    </p>
   </div>
   <div class='ocr_carea' id='block_1_22' title="bbox 494 1935 2058 2019">
    <p class='ocr_par' dir='ltr' id='par_1_22' title="bbox 494 1935 2058 2019">
     <span class='ocr_line' id='line_1_22' title="bbox 494 1935 2058 2019; baseline -0.008 -17"><span class='ocrx_word' id='word_1_132' title='bbox 494 1949 589 2019; x_wconf 93' lang='lat' dir='ltr'><strong>qui</strong></span> <span class='ocrx_word' id='word_1_133' title='bbox 645 1946 987 2017; x_wconf 87' lang='lat' dir='ltr'><strong>perceperint</strong></span> <span class='ocrx_word' id='word_1_134' title='bbox 1039 1941 1140 1998; x_wconf 90' lang='lat' dir='ltr'><strong>soli</strong></span> <span class='ocrx_word' id='word_1_135' title='bbox 1196 1941 1253 1994; x_wconf 89' lang='lat' dir='ltr'><strong>in</strong></span> <span class='ocrx_word' id='word_1_136' title='bbox 1308 1939 1505 2008; x_wconf 91' lang='lat' dir='ltr'><strong>seipsis</strong></span> <span class='ocrx_word' id='word_1_137' title='bbox 1552 1937 1900 2008; x_wconf 87' lang='lat' dir='ltr'><strong>gaudebunt,</strong></span> <span class='ocrx_word' id='word_1_138' title='bbox 1961 1935 2058 1990; x_wconf 89' lang='lat' dir='ltr'>sed</span> 
     </span>
    </p>
   </div>
   <div class='ocr_carea' id='block_1_23' title="bbox 495 2029 2059 2108">
    <p class='ocr_par' dir='ltr' id='par_1_23' title="bbox 495 2029 2059 2108">
     <span class='ocr_line' id='line_1_23' title="bbox 495 2029 2059 2108; baseline -0.009 -15"><span class='ocrx_word' id='word_1_139' title='bbox 495 2048 757 2108; x_wconf 87' lang='lat' dir='ltr'><strong>tanquam</strong></span> <span class='ocrx_word' id='word_1_140' title='bbox 811 2036 906 2106; x_wconf 92' lang='lat' dir='ltr'><strong>qui</strong></span> <span class='ocrx_word' id='word_1_141' title='bbox 957 2032 1242 2104; x_wconf 87' lang='lat' dir='ltr'><strong>prophetis</strong></span> <span class='ocrx_word' id='word_1_142' title='bbox 1305 2029 1779 2091; x_wconf 88' lang='lat' dir='ltr'><strong>adlaboraverint,</strong></span> <span class='ocrx_word' id='word_1_143' title='bbox 1829 2035 1882 2082; x_wconf 93' lang='lat' dir='ltr'>et</span> <span class='ocrx_word' id='word_1_144' title='bbox 1937 2035 2059 2082; x_wconf 87' lang='lat' dir='ltr'><strong>sata</strong></span> 
     </span>
    </p>
   </div>
   <div class='ocr_carea' id='block_1_24' title="bbox 495 2119 2061 2201">
    <p class='ocr_par' dir='ltr' id='par_1_24' title="bbox 495 2119 2061 2201">
     <span class='ocr_line' id='line_1_24' title="bbox 495 2119 2061 2201; baseline -0.006 -16"><span class='ocrx_word' id='word_1_145' title='bbox 495 2131 649 2201; x_wconf 90' lang='lat' dir='ltr'><strong>prius</strong></span> <span class='ocrx_word' id='word_1_146' title='bbox 703 2130 772 2184; x_wconf 93' lang='lat' dir='ltr'>ab</span> <span class='ocrx_word' id='word_1_147' title='bbox 821 2129 889 2184; x_wconf 91' lang='lat' dir='ltr'>iis</span> <span class='ocrx_word' id='word_1_148' title='bbox 941 2126 1156 2182; x_wconf 79' lang='lat' dir='ltr'><strong>exculta</strong></span> <span class='ocrx_word' id='word_1_149' title='bbox 1203 2122 1564 2187; x_wconf 88' lang='lat' dir='ltr'><strong>messuerint,</strong></span> <span class='ocrx_word' id='word_1_150' title='bbox 1605 2135 1769 2175; x_wconf 89' lang='lat' dir='ltr'><strong>unam</strong></span> <span class='ocrx_word' id='word_1_151' title='bbox 1823 2135 1948 2174; x_wconf 90' lang='lat' dir='ltr'>cum</span> <span class='ocrx_word' id='word_1_152' title='bbox 1992 2119 2061 2176; x_wconf 80' lang='lat' dir='ltr'>iis</span> 
     </span>
    </p>
   </div>
   <div class='ocr_carea' id='block_1_25' title="bbox 495 2211 2061 2288">
    <p class='ocr_par' dir='ltr' id='par_1_25' title="bbox 495 2211 2061 2288">
     <span class='ocr_line' id='line_1_25' title="bbox 495 2211 2061 2288; baseline -0.004 -16"><span class='ocrx_word' id='word_1_153' title='bbox 495 2219 872 2276; x_wconf 89' lang='lat' dir='ltr'><strong>celebritatem</strong></span> <span class='ocrx_word' id='word_1_154' title='bbox 917 2222 1201 2288; x_wconf 89' lang='lat' dir='ltr'><strong>peragent.</strong></span> <span class='ocrx_word' id='word_1_155' title='bbox 1253 2213 1372 2280; x_wconf 86' lang='lat' dir='ltr'><strong>Quo</strong></span> <span class='ocrx_word' id='word_1_156' title='bbox 1411 2212 1641 2276; x_wconf 83' lang='lat' dir='ltr'><strong>factum,</strong></span> <span class='ocrx_word' id='word_1_157' title='bbox 1694 2211 1954 2276; x_wconf 87' lang='lat' dir='ltr'><strong>arbitror,</strong></span> <span class='ocrx_word' id='word_1_158' title='bbox 1998 2218 2061 2266; x_wconf 88' lang='lat' dir='ltr'>ut</span> 
     </span>
    </p>
   </div>
   <div class='ocr_carea' id='block_1_26' title="bbox 494 2303 2060 2378">
    <p class='ocr_par' dir='ltr' id='par_1_26' title="bbox 494 2303 2060 2378">
     <span class='ocr_line' id='line_1_26' title="bbox 494 2303 2060 2378; baseline -0.004 -16"><span class='ocrx_word' id='word_1_159' title='bbox 494 2309 696 2365; x_wconf 86' lang='lat' dir='ltr'><strong>Paulus</strong></span> <span class='ocrx_word' id='word_1_160' title='bbox 722 2307 1188 2378; x_wconf 84' lang='lat' dir='ltr'><strong>sapientissimus,</strong></span> <span class='ocrx_word' id='word_1_161' title='bbox 1225 2305 1317 2374; x_wconf 92' lang='lat' dir='ltr'><strong>qui</strong></span> <span class='ocrx_word' id='word_1_162' title='bbox 1342 2319 1528 2358; x_wconf 90' lang='lat' dir='ltr'><strong>rerum</strong></span> <span class='ocrx_word' id='word_1_163' title='bbox 1567 2303 1875 2356; x_wconf 82' lang='lat' dir='ltr'><strong>futurarum</strong></span> <span class='ocrx_word' id='word_1_164' title='bbox 1901 2310 2060 2372; x_wconf 89' lang='lat' dir='ltr'><strong>typos</strong></span> 
     </span>
    </p>
   </div>
   <div class='ocr_carea' id='block_1_27' title="bbox 495 2392 2061 2470">
    <p class='ocr_par' dir='ltr' id='par_1_27' title="bbox 495 2392 2061 2470">
     <span class='ocr_line' id='line_1_27' title="bbox 495 2392 2061 2470; baseline -0.003 -18"><span class='ocrx_word' id='word_1_165' title='bbox 495 2399 742 2470; x_wconf 89' lang='lat' dir='ltr'><strong>apprime</strong></span> <span class='ocrx_word' id='word_1_166' title='bbox 775 2405 1024 2461; x_wconf 83' lang='lat' dir='ltr'><strong>noverat,</strong></span> <span class='ocrx_word' id='word_1_167' title='bbox 1059 2397 1126 2451; x_wconf 93' lang='lat' dir='ltr'>de</span> <span class='ocrx_word' id='word_1_168' title='bbox 1155 2395 1364 2450; x_wconf 90' lang='lat' dir='ltr'><strong>sanctis</strong></span> <span class='ocrx_word' id='word_1_169' title='bbox 1397 2393 1648 2464; x_wconf 88' lang='lat' dir='ltr'><strong>patribus</strong></span> <span class='ocrx_word' id='word_1_170' title='bbox 1685 2407 1748 2448; x_wconf 89' lang='lat' dir='ltr'>ac</span> <span class='ocrx_word' id='word_1_171' title='bbox 1779 2392 2061 2462; x_wconf 82' lang='lat' dir='ltr'><strong>prophetis</strong></span> 
     </span>
    </p>
   </div>
   <div class='ocr_carea' id='block_1_28' title="bbox 495 2483 2058 2556">
    <p class='ocr_par' dir='ltr' id='par_1_28' title="bbox 495 2483 2058 2556">
     <span class='ocr_line' id='line_1_28' title="bbox 495 2483 2058 2556; baseline -0.004 -12"><span class='ocrx_word' id='word_1_172' title='bbox 495 2491 742 2545; x_wconf 82' lang='lat' dir='ltr'><strong>dixerit:</strong></span> <span class='ocrx_word' id='word_1_173' title='bbox 773 2511 792 2542; x_wconf 84' lang='grc'><strong>‹</strong></span> <span class='ocrx_word' id='word_1_174' title='bbox 831 2490 942 2545; x_wconf 88' lang='lat' dir='ltr'><strong>Hos</strong></span> <span class='ocrx_word' id='word_1_175' title='bbox 989 2487 1250 2542; x_wconf 89' lang='lat' dir='ltr'><strong>nimirum</strong></span> <span class='ocrx_word' id='word_1_176' title='bbox 1294 2501 1487 2541; x_wconf 90' lang='lat' dir='ltr'><strong>omnes</strong></span> <span class='ocrx_word' id='word_1_177' title='bbox 1534 2484 1808 2555; x_wconf 82' lang='lat' dir='ltr'><strong>perfectos</strong></span> <span class='ocrx_word' id='word_1_178' title='bbox 1842 2483 1862 2556; x_wconf 89' lang='lat'>[</span> <span class='ocrx_word' id='word_1_179' title='bbox 1907 2484 2058 2554; x_wconf 86' lang='lat' dir='ltr'><strong>Vulg.</strong></span> 
     </span>
    </p>
   </div>
   <div class='ocr_carea' id='block_1_29' title="bbox 497 2575 2062 2652">
    <p class='ocr_par' dir='ltr' id='par_1_29' title="bbox 497 2575 2062 2652">
     <span class='ocr_line' id='line_1_29' title="bbox 497 2575 2062 2652; baseline -0.003 -17"><span class='ocrx_word' id='word_1_180' title='bbox 497 2580 808 2652; x_wconf 89' lang='lat' dir='ltr'><strong>probatos]</strong></span> <span class='ocrx_word' id='word_1_181' title='bbox 844 2596 940 2650; x_wconf 90' lang='lat' dir='ltr'>per</span> <span class='ocrx_word' id='word_1_182' title='bbox 974 2578 1134 2633; x_wconf 83' lang='lat' dir='ltr'><strong>ﬁdem</strong></span> <span class='ocrx_word' id='word_1_183' title='bbox 1182 2593 1292 2633; x_wconf 89' lang='lat' dir='ltr'>non</span> <span class='ocrx_word' id='word_1_184' title='bbox 1345 2576 1623 2646; x_wconf 86' lang='lat' dir='ltr'><strong>accepisse</strong></span> <span class='ocrx_word' id='word_1_185' title='bbox 1675 2575 2062 2646; x_wconf 82' lang='lat' dir='ltr'><strong>repromissio-</strong></span> 
     </span>
    </p>
   </div>
   <div class='ocr_carea' id='block_1_30' title="bbox 497 2667 2066 2741">
    <p class='ocr_par' dir='ltr' id='par_1_30' title="bbox 497 2667 2066 2741">
     <span class='ocr_line' id='line_1_30' title="bbox 497 2667 2066 2741; baseline -0.003 -15"><span class='ocrx_word' id='word_1_186' title='bbox 497 2689 660 2738; x_wconf 89' lang='lat' dir='ltr'><strong>nem,</strong></span> <span class='ocrx_word' id='word_1_187' title='bbox 695 2671 808 2726; x_wconf 89' lang='lat' dir='ltr'><strong>Deo</strong></span> <span class='ocrx_word' id='word_1_188' title='bbox 843 2686 942 2741; x_wconf 94' lang='lat' dir='ltr'>pro</span> <span class='ocrx_word' id='word_1_189' title='bbox 976 2670 1135 2726; x_wconf 88' lang='lat' dir='ltr'><strong>nobis</strong></span> <span class='ocrx_word' id='word_1_190' title='bbox 1165 2670 1360 2725; x_wconf 90' lang='lat' dir='ltr'><strong>melius</strong></span> <span class='ocrx_word' id='word_1_191' title='bbox 1401 2667 1609 2737; x_wconf 91' lang='lat' dir='ltr'><strong>aliquid</strong></span> <span class='ocrx_word' id='word_1_192' title='bbox 1637 2667 1977 2736; x_wconf 85' lang='lat' dir='ltr'><strong>providente,</strong></span> <span class='ocrx_word' id='word_1_193' title='bbox 2005 2677 2066 2722; x_wconf 90' lang='lat' dir='ltr'><strong>ut</strong></span> 
     </span>
    </p>
   </div>
   <div class='ocr_carea' id='block_1_31' title="bbox 497 2758 2064 2819">
    <p class='ocr_par' dir='ltr' id='par_1_31' title="bbox 497 2758 2064 2819">
     <span class='ocr_line' id='line_1_31' title="bbox 497 2758 2064 2819; baseline -0.004 -1"><span class='ocrx_word' id='word_1_194' title='bbox 497 2779 608 2819; x_wconf 85' lang='lat' dir='ltr'>non</span> <span class='ocrx_word' id='word_1_195' title='bbox 626 2761 747 2818; x_wconf 87' lang='lat' dir='ltr'><strong>sine</strong></span> <span class='ocrx_word' id='word_1_196' title='bbox 771 2763 928 2817; x_wconf 90' lang='lat' dir='ltr'><strong>nobis</strong></span> <span class='ocrx_word' id='word_1_197' title='bbox 953 2769 1468 2817; x_wconf 90' lang='lat' dir='ltr'><strong>consummareutur</strong></span> <span class='ocrx_word' id='word_1_198' title='bbox 1497 2759 1543 2791; x_wconf 76' lang='lat'>&#39;°</span> <span class='ocrx_word' id='word_1_199' title='bbox 1573 2777 1619 2811; x_wconf 72' lang='grc' dir='ltr'>ι.</span> <span class='ocrx_word' id='word_1_200' title='bbox 1643 2758 1892 2814; x_wconf 86' lang='lat' dir='ltr'><strong>Salvator</strong></span> <span class='ocrx_word' id='word_1_201' title='bbox 1917 2758 2064 2814; x_wconf 89' lang='lat' dir='ltr'><strong>enim</strong></span> 
     </span>
    </p>
   </div>
   <div class='ocr_carea' id='block_1_32' title="bbox 497 2851 1787 2923">
    <p class='ocr_par' dir='ltr' id='par_1_32' title="bbox 497 2851 1787 2923">
     <span class='ocr_line' id='line_1_32' title="bbox 497 2851 1787 2923; baseline -0.003 -17"><span class='ocrx_word' id='word_1_202' title='bbox 497 2868 799 2909; x_wconf 87' lang='lat' dir='ltr'><strong>messorem</strong></span> <span class='ocrx_word' id='word_1_203' title='bbox 831 2853 1000 2908; x_wconf 85' lang='lat' dir='ltr'><strong>voluit</strong></span> <span class='ocrx_word' id='word_1_204' title='bbox 1027 2868 1135 2906; x_wconf 90' lang='lat' dir='ltr'>una</span> <span class='ocrx_word' id='word_1_205' title='bbox 1161 2851 1398 2923; x_wconf 85' lang='lat' dir='ltr'><strong>gaudere</strong></span> <span class='ocrx_word' id='word_1_206' title='bbox 1430 2865 1555 2905; x_wconf 90' lang='lat' dir='ltr'><strong>cum</strong></span> <span class='ocrx_word' id='word_1_207' title='bbox 1585 2857 1787 2904; x_wconf 88' lang='lat' dir='ltr'><strong>satore.</strong></span> 
     </span>
    </p>
   </div>
   <div class='ocr_carea' id='block_1_33' title="bbox 2157 489 3726 562">
    <p class='ocr_par' dir='ltr' id='par_1_33' title="bbox 2157 489 3726 562">
     <span class='ocr_line' id='line_1_33' title="bbox 2157 489 3726 562; baseline -0.001 -18"><span class='ocrx_word' id='word_1_208' title='bbox 2157 491 2411 562; x_wconf 81' lang='grc' dir='ltr'>Χριστόν·</span> <span class='ocrx_word' id='word_1_209' title='bbox 2461 492 2733 562; x_wconf 80' lang='grc' dir='ltr'>προφῆται</span> <span class='ocrx_word' id='word_1_210' title='bbox 2771 489 2828 541; x_wconf 81' lang='grc' dir='ltr'>δὲ</span> <span class='ocrx_word' id='word_1_211' title='bbox 2875 492 2994 558; x_wconf 86' lang='grc' dir='ltr'>μετ’</span> <span class='ocrx_word' id='word_1_212' title='bbox 3039 490 3222 556; x_wconf 81' lang='grc' dir='ltr'>αὐτὸν,</span> <span class='ocrx_word' id='word_1_213' title='bbox 3269 489 3395 552; x_wconf 83' lang='grc' dir='ltr'>τοὺς</span> <span class='ocrx_word' id='word_1_214' title='bbox 3437 489 3588 560; x_wconf 86' lang='grc' dir='ltr'>παρά</span> <span class='ocrx_word' id='word_1_215' title='bbox 3630 491 3726 544; x_wconf 90' lang='grc' dir='ltr'>τοῦ</span> 
     </span>
    </p>
   </div>
   <div class='ocr_carea' id='block_1_34' title="bbox 2157 579 3728 652">
    <p class='ocr_par' dir='ltr' id='par_1_34' title="bbox 2157 579 3728 652">
     <span class='ocr_line' id='line_1_34' title="bbox 2157 579 3728 652; baseline -0.001 -16"><span class='ocrx_word' id='word_1_216' title='bbox 2157 582 2468 652; x_wconf 87' lang='grc' dir='ltr'>Πνεύματος</span> <span class='ocrx_word' id='word_1_217' title='bbox 2494 579 2980 650; x_wconf 86' lang='grc' dir='ltr'>διαπορθμεύοντες</span> <span class='ocrx_word' id='word_1_218' title='bbox 3018 579 3209 648; x_wconf 80' lang='grc' dir='ltr'>λόγους</span> <span class='ocrx_word' id='word_1_219' title='bbox 3255 579 3450 651; x_wconf 77' lang='grc' dir='ltr'>μικρὸν</span> <span class='ocrx_word' id='word_1_220' title='bbox 3477 580 3600 632; x_wconf 84' lang='grc' dir='ltr'>ὅσον</span> <span class='ocrx_word' id='word_1_221' title='bbox 3633 581 3728 634; x_wconf 80' lang='grc' dir='ltr'>καὶ</span> 
     </span>
    </p>
   </div>
   <div class='ocr_carea' id='block_1_35' title="bbox 2156 672 3725 744">
    <p class='ocr_par' dir='ltr' id='par_1_35' title="bbox 2156 672 3725 744">
     <span class='ocr_line' id='line_1_35' title="bbox 2156 672 3725 744; baseline -0.002 -15"><span class='ocrx_word' id='word_1_222' title='bbox 2156 675 2231 738; x_wconf 85' lang='grc' dir='ltr'>ὡς</span> <span class='ocrx_word' id='word_1_223' title='bbox 2291 674 2392 744; x_wconf 79' lang='grc' dir='ltr'>ἢδη</span> <span class='ocrx_word' id='word_1_224' title='bbox 2440 672 2809 743; x_wconf 86' lang='grc' dir='ltr'>παρεσόμενόν</span> <span class='ocrx_word' id='word_1_225' title='bbox 2855 689 2916 725; x_wconf 91' lang='grc' dir='ltr'>τε</span> <span class='ocrx_word' id='word_1_226' title='bbox 2964 672 3057 725; x_wconf 74' lang='grc' dir='ltr'>καὶ</span> <span class='ocrx_word' id='word_1_227' title='bbox 3115 672 3312 742; x_wconf 74' lang='grc' dir='ltr'>ἥξοντα</span> <span class='ocrx_word' id='word_1_228' title='bbox 3363 673 3725 742; x_wconf 84' lang='grc' dir='ltr'>προεμήνυον.</span> 
     </span>
    </p>
   </div>
   <div class='ocr_carea' id='block_1_36' title="bbox 2171 761 3728 835">
    <p class='ocr_par' dir='ltr' id='par_1_36' title="bbox 2171 761 3728 835">
     <span class='ocr_line' id='line_1_36' title="bbox 2171 761 3728 835; baseline -0.001 -17"><span class='ocrx_word' id='word_1_229' title='bbox 2171 765 2388 835; x_wconf 83' lang='grc' dir='ltr'>Ἐπειδὴ</span> <span class='ocrx_word' id='word_1_230' title='bbox 2415 766 2471 817; x_wconf 79' lang='grc' dir='ltr'>δὲ</span> <span class='ocrx_word' id='word_1_231' title='bbox 2501 765 2629 816; x_wconf 82' lang='grc' dir='ltr'>εἴσω</span> <span class='ocrx_word' id='word_1_232' title='bbox 2666 763 2861 834; x_wconf 76' lang='grc' dir='ltr'>βέϐηκε</span> <span class='ocrx_word' id='word_1_233' title='bbox 2895 761 3094 833; x_wconf 84' lang='grc' dir='ltr'>θυρῶν,</span> <span class='ocrx_word' id='word_1_234' title='bbox 3133 764 3233 816; x_wconf 82' lang='grc' dir='ltr'>οὐκ</span> <span class='ocrx_word' id='word_1_235' title='bbox 3274 764 3352 826; x_wconf 84' lang='grc' dir='ltr'>εἰς</span> <span class='ocrx_word' id='word_1_236' title='bbox 3389 763 3582 816; x_wconf 81' lang='grc' dir='ltr'>ὲλπίδα</span> <span class='ocrx_word' id='word_1_237' title='bbox 3623 781 3728 832; x_wconf 86' lang='grc' dir='ltr'>μα·</span> 
     </span>
    </p>
   </div>
   <div class='ocr_carea' id='block_1_37' title="bbox 2159 853 3729 926">
    <p class='ocr_par' dir='ltr' id='par_1_37' title="bbox 2159 853 3729 926">
     <span class='ocr_line' id='line_1_37' title="bbox 2159 853 3729 926; baseline -0.001 -17"><span class='ocrx_word' id='word_1_238' title='bbox 2159 856 2295 926; x_wconf 86' lang='grc' dir='ltr'>κράν</span> <span class='ocrx_word' id='word_1_239' title='bbox 2320 855 2580 926; x_wconf 85' lang='grc' dir='ltr'>ἀναθήσει</span> <span class='ocrx_word' id='word_1_240' title='bbox 2619 855 2678 907; x_wconf 82' lang='grc' dir='ltr'>τὸ</span> <span class='ocrx_word' id='word_1_241' title='bbox 2719 854 3082 924; x_wconf 84' lang='grc' dir='ltr'>προσδοκηθὲν</span> <span class='ocrx_word' id='word_1_242' title='bbox 3113 853 3222 907; x_wconf 89' lang='grc' dir='ltr'>τῶν</span> <span class='ocrx_word' id='word_1_243' title='bbox 3251 854 3563 907; x_wconf 84' lang='grc' dir='ltr'>ἀποστόλων</span> <span class='ocrx_word' id='word_1_244' title='bbox 3590 857 3618 907; x_wconf 99' lang='lat'>6</span> <span class='ocrx_word' id='word_1_245' title='bbox 3643 855 3729 907; x_wconf 91' lang='grc' dir='ltr'>λό-</span> 
     </span>
    </p>
   </div>
   <div class='ocr_carea' id='block_1_38' title="bbox 2158 945 3730 1018">
    <p class='ocr_par' dir='ltr' id='par_1_38' title="bbox 2158 945 3730 1018">
     <span class='ocr_line' id='line_1_38' title="bbox 2158 945 3730 1018; baseline 0 -18"><span class='ocrx_word' id='word_1_246' title='bbox 2158 966 2272 1016; x_wconf 89' lang='grc' dir='ltr'>γος,</span> <span class='ocrx_word' id='word_1_247' title='bbox 2307 948 2418 1001; x_wconf 82' lang='grc' dir='ltr'>ἀλλ’</span> <span class='ocrx_word' id='word_1_248' title='bbox 2441 948 2540 1017; x_wconf 72' lang='grc' dir='ltr'>ἥδη</span> <span class='ocrx_word' id='word_1_249' title='bbox 2564 947 2732 1018; x_wconf 83' lang='grc' dir='ltr'>παρὸν</span> <span class='ocrx_word' id='word_1_250' title='bbox 2761 945 3036 1010; x_wconf 75' lang='grc' dir='ltr'>ἐπιδείξει·</span> <span class='ocrx_word' id='word_1_251' title='bbox 3073 946 3167 998; x_wconf 74' lang='grc' dir='ltr'>καὶ</span> <span class='ocrx_word' id='word_1_252' title='bbox 3196 946 3398 1016; x_wconf 81' lang='grc' dir='ltr'>θερίσει</span> <span class='ocrx_word' id='word_1_253' title='bbox 3430 947 3526 1016; x_wconf 83' lang='grc' dir='ltr'>μὲν</span> <span class='ocrx_word' id='word_1_254' title='bbox 3559 948 3623 1000; x_wconf 79' lang='grc' dir='ltr'>ἐκ</span> <span class='ocrx_word' id='word_1_255' title='bbox 3645 964 3730 1000; x_wconf 86' lang='grc' dir='ltr'>νο-</span> 
     </span>
    </p>
   </div>
   <div class='ocr_carea' id='block_1_39' title="bbox 2163 1037 3727 1109">
    <p class='ocr_par' dir='ltr' id='par_1_39' title="bbox 2163 1037 3727 1109">
     <span class='ocr_line' id='line_1_39' title="bbox 2163 1037 3727 1109; baseline 0 -17"><span class='ocrx_word' id='word_1_256' title='bbox 2163 1039 2328 1109; x_wconf 77' lang='grc' dir='ltr'>μικῆς</span> <span class='ocrx_word' id='word_1_257' title='bbox 2353 1039 2605 1108; x_wconf 82' lang='grc' dir='ltr'>λατρείας</span> <span class='ocrx_word' id='word_1_258' title='bbox 2628 1039 2752 1101; x_wconf 78' lang='grc' dir='ltr'>τοὺς</span> <span class='ocrx_word' id='word_1_259' title='bbox 2773 1037 2851 1090; x_wconf 79' lang='grc' dir='ltr'>ἔτι</span> <span class='ocrx_word' id='word_1_260' title='bbox 2881 1038 3026 1106; x_wconf 86' lang='grc' dir='ltr'>νόμῳ</span> <span class='ocrx_word' id='word_1_261' title='bbox 3051 1037 3418 1100; x_wconf 85' lang='grc' dir='ltr'>δουλεύοντας,</span> <span class='ocrx_word' id='word_1_262' title='bbox 3460 1039 3550 1091; x_wconf 77' lang='grc' dir='ltr'>καὶ</span> <span class='ocrx_word' id='word_1_263' title='bbox 3583 1041 3727 1109; x_wconf 86' lang='grc' dir='ltr'>μόνῳ</span> 
     </span>
    </p>
   </div>
   <div class='ocr_carea' id='block_1_40' title="bbox 2159 1126 3726 1200">
    <p class='ocr_par' dir='ltr' id='par_1_40' title="bbox 2159 1126 3726 1200">
     <span class='ocr_line' id='line_1_40' title="bbox 2159 1126 3726 1200; baseline 0.002 -20"><span class='ocrx_word' id='word_1_264' title='bbox 2159 1127 2642 1200; x_wconf 81' lang='grc' dir='ltr'>προσκαθημένους</span> <span class='ocrx_word' id='word_1_265' title='bbox 2678 1127 2754 1196; x_wconf 84' lang='grc' dir='ltr'>τῷ</span> <span class='ocrx_word' id='word_1_266' title='bbox 2787 1128 3093 1198; x_wconf 79' lang='grc' dir='ltr'>γράμματι,</span> <span class='ocrx_word' id='word_1_267' title='bbox 3131 1126 3423 1198; x_wconf 81' lang='grc' dir='ltr'>μεταθήσει</span> <span class='ocrx_word' id='word_1_268' title='bbox 3469 1129 3525 1181; x_wconf 75' lang='grc' dir='ltr'>δὲ</span> <span class='ocrx_word' id='word_1_269' title='bbox 3570 1129 3726 1200; x_wconf 80' lang='grc' dir='ltr'>δίκην</span> 
     </span>
    </p>
   </div>
   <div class='ocr_carea' id='block_1_41' title="bbox 2157 1218 3725 1291">
    <p class='ocr_par' dir='ltr' id='par_1_41' title="bbox 2157 1218 3725 1291">
     <span class='ocr_line' id='line_1_41' title="bbox 2157 1218 3725 1291; baseline 0.001 -19"><span class='ocrx_word' id='word_1_270' title='bbox 2157 1219 2484 1290; x_wconf 81' lang='grc' dir='ltr'>δραγμάτων</span> <span class='ocrx_word' id='word_1_271' title='bbox 2530 1220 2609 1282; x_wconf 87' lang='grc' dir='ltr'>εἰς</span> <span class='ocrx_word' id='word_1_272' title='bbox 2652 1218 2763 1284; x_wconf 73' lang='grc' dir='ltr'>ἕξιν</span> <span class='ocrx_word' id='word_1_273' title='bbox 2785 1237 2844 1271; x_wconf 87' lang='grc' dir='ltr'>τε</span> <span class='ocrx_word' id='word_1_274' title='bbox 2882 1219 2976 1271; x_wconf 77' lang='grc' dir='ltr'>καὶ</span> <span class='ocrx_word' id='word_1_275' title='bbox 3023 1218 3294 1273; x_wconf 82' lang='grc' dir='ltr'>πολιτείαν</span> <span class='ocrx_word' id='word_1_276' title='bbox 3347 1221 3725 1291; x_wconf 80' lang='grc' dir='ltr'>εύαγγελικὴν,</span> 
     </span>
    </p>
   </div>
   <div class='ocr_carea' id='block_1_42' title="bbox 2159 1311 3728 1383">
    <p class='ocr_par' dir='ltr' id='par_1_42' title="bbox 2159 1311 3728 1383">
     <span class='ocr_line' id='line_1_42' title="bbox 2159 1311 3728 1383; baseline 0.001 -18"><span class='ocrx_word' id='word_1_277' title='bbox 2159 1315 2420 1382; x_wconf 80' lang='grc' dir='ltr'>ἀποκερεί</span> <span class='ocrx_word' id='word_1_278' title='bbox 2445 1311 2500 1364; x_wconf 80' lang='grc' dir='ltr'>δὲ</span> <span class='ocrx_word' id='word_1_279' title='bbox 2546 1312 2746 1381; x_wconf 84' lang='grc' dir='ltr'>ὁμοίως</span> <span class='ocrx_word' id='word_1_280' title='bbox 2787 1312 3047 1365; x_wconf 84' lang='grc' dir='ltr'>πολυθὲου</span> <span class='ocrx_word' id='word_1_281' title='bbox 3095 1312 3193 1382; x_wconf 81' lang='grc' dir='ltr'>μὲν</span> <span class='ocrx_word' id='word_1_282' title='bbox 3244 1313 3448 1383; x_wconf 85' lang='grc' dir='ltr'>πλάνης</span> <span class='ocrx_word' id='word_1_283' title='bbox 3495 1313 3587 1366; x_wconf 85' lang='grc' dir='ltr'>τόν</span> <span class='ocrx_word' id='word_1_284' title='bbox 3621 1314 3728 1367; x_wconf 90' lang='grc' dir='ltr'>τῶν</span> 
     </span>
    </p>
   </div>
   <div class='ocr_carea' id='block_1_43' title="bbox 2159 1401 3728 1474">
    <p class='ocr_par' dir='ltr' id='par_1_43' title="bbox 2159 1401 3728 1474">
     <span class='ocr_line' id='line_1_43' title="bbox 2159 1401 3728 1474; baseline 0 -18"><span class='ocrx_word' id='word_1_285' title='bbox 2159 1401 2390 1456; x_wconf 81' lang='grc' dir='ltr'>εἰδώλων</span> <span class='ocrx_word' id='word_1_286' title='bbox 2435 1402 2834 1474; x_wconf 83' lang='grc' dir='ltr'>προσκυνητὴν,</span> <span class='ocrx_word' id='word_1_287' title='bbox 2884 1403 3121 1472; x_wconf 87' lang='grc' dir='ltr'>μετοίσει</span> <span class='ocrx_word' id='word_1_288' title='bbox 3169 1402 3225 1455; x_wconf 82' lang='grc' dir='ltr'>δὲ</span> <span class='ocrx_word' id='word_1_289' title='bbox 3259 1403 3396 1474; x_wconf 76' lang='grc' dir='ltr'>πρὸς</span> <span class='ocrx_word' id='word_1_290' title='bbox 3432 1404 3728 1471; x_wconf 77' lang='grc' dir='ltr'>ἐπίγνωσιν</span> 
     </span>
    </p>
   </div>
   <div class='ocr_carea' id='block_1_44' title="bbox 2158 1493 3730 1565">
    <p class='ocr_par' dir='ltr' id='par_1_44' title="bbox 2158 1493 3730 1565">
     <span class='ocr_line' id='line_1_44' title="bbox 2158 1493 3730 1565; baseline -0.002 -16"><span class='ocrx_word' id='word_1_291' title='bbox 2158 1495 2250 1549; x_wconf 88' lang='grc' dir='ltr'>τοῦ</span> <span class='ocrx_word' id='word_1_292' title='bbox 2287 1495 2407 1549; x_wconf 86' lang='grc' dir='ltr'>κατ’</span> <span class='ocrx_word' id='word_1_293' title='bbox 2452 1494 2713 1565; x_wconf 86' lang='grc' dir='ltr'>ἀλήθειαν</span> <span class='ocrx_word' id='word_1_294' title='bbox 2762 1495 2912 1557; x_wconf 75' lang='grc' dir='ltr'>ὄντος</span> <span class='ocrx_word' id='word_1_295' title='bbox 2961 1493 3118 1558; x_wconf 90' lang='grc' dir='ltr'>Θεοῦ,</span> <span class='ocrx_word' id='word_1_296' title='bbox 3165 1495 3257 1547; x_wconf 77' lang='grc' dir='ltr'>καὶ</span> <span class='ocrx_word' id='word_1_297' title='bbox 3295 1495 3354 1547; x_wconf 83' lang='grc' dir='ltr'>τὸ</span> <span class='ocrx_word' id='word_1_298' title='bbox 3387 1495 3628 1564; x_wconf 81' lang='grc' dir='ltr'>σύμπαν,</span> <span class='ocrx_word' id='word_1_299' title='bbox 3655 1495 3730 1560; x_wconf 82' lang='grc' dir='ltr'>ὡς</span> 
     </span>
    </p>
   </div>
   <div class='ocr_carea' id='block_1_45' title="bbox 2159 1585 3732 1657">
    <p class='ocr_par' dir='ltr' id='par_1_45' title="bbox 2159 1585 3732 1657">
     <span class='ocr_line' id='line_1_45' title="bbox 2159 1585 3732 1657; baseline -0.001 -17"><span class='ocrx_word' id='word_1_300' title='bbox 2159 1587 2257 1651; x_wconf 76' lang='grc' dir='ltr'>ἔνι,</span> <span class='ocrx_word' id='word_1_301' title='bbox 2288 1587 2380 1640; x_wconf 73' lang='grc' dir='ltr'>καὶ</span> <span class='ocrx_word' id='word_1_302' title='bbox 2427 1585 2724 1657; x_wconf 88' lang='grc' dir='ltr'>συλλήϐδην</span> <span class='ocrx_word' id='word_1_303' title='bbox 2764 1587 2954 1647; x_wconf 86' lang='grc' dir='ltr'>εἰπεῖν,</span> <span class='ocrx_word' id='word_1_304' title='bbox 3001 1587 3127 1648; x_wconf 70' lang='grc' dir='ltr'>τοὺς</span> <span class='ocrx_word' id='word_1_305' title='bbox 3173 1585 3499 1654; x_wconf 82' lang='grc' dir='ltr'>φρονοῦντας</span> <span class='ocrx_word' id='word_1_306' title='bbox 3537 1586 3618 1638; x_wconf 78' lang='grc' dir='ltr'>ἔτι</span> <span class='ocrx_word' id='word_1_307' title='bbox 3664 1589 3732 1640; x_wconf 86' lang='grc' dir='ltr'>τά</span> 
     </span>
    </p>
   </div>
   <div class='ocr_carea' id='block_1_46' title="bbox 2161 1674 3730 1746">
    <p class='ocr_par' dir='ltr' id='par_1_46' title="bbox 2161 1674 3730 1746">
     <span class='ocr_line' id='line_1_46' title="bbox 2161 1674 3730 1746; baseline -0.001 -16"><span class='ocrx_word' id='word_1_308' title='bbox 2161 1678 2253 1730; x_wconf 73' lang='grc' dir='ltr'>ἐπὶ</span> <span class='ocrx_word' id='word_1_309' title='bbox 2293 1677 2391 1746; x_wconf 83' lang='grc' dir='ltr'>τῆς</span> <span class='ocrx_word' id='word_1_310' title='bbox 2443 1676 2547 1744; x_wconf 78' lang='grc' dir='ltr'>γῆς</span> <span class='ocrx_word' id='word_1_311' title='bbox 2599 1675 2734 1746; x_wconf 81' lang='grc' dir='ltr'>πρὸς</span> <span class='ocrx_word' id='word_1_312' title='bbox 2782 1675 2882 1746; x_wconf 84' lang='grc' dir='ltr'>τὴν</span> <span class='ocrx_word' id='word_1_313' title='bbox 2935 1674 3043 1728; x_wconf 89' lang='grc' dir='ltr'>τῶν</span> <span class='ocrx_word' id='word_1_314' title='bbox 3097 1675 3343 1743; x_wconf 83' lang='grc' dir='ltr'>ἀγγέλων</span> <span class='ocrx_word' id='word_1_315' title='bbox 3401 1677 3730 1745; x_wconf 87' lang='grc' dir='ltr'>μεταστήσει</span> 
     </span>
    </p>
   </div>
   <div class='ocr_carea' id='block_1_47' title="bbox 2163 1765 3730 1838">
    <p class='ocr_par' dir='ltr' id='par_1_47' title="bbox 2163 1765 3730 1838">
     <span class='ocr_line' id='line_1_47' title="bbox 2163 1765 3730 1838; baseline 0.008 -20"><span class='ocrx_word' id='word_1_316' title='bbox 2163 1767 2305 1838; x_wconf 78' lang='grc' dir='ltr'>ζωὴν</span> <span class='ocrx_word' id='word_1_317' title='bbox 2329 1767 2416 1820; x_wconf 86' lang='grc' dir='ltr'>διά</span> <span class='ocrx_word' id='word_1_318' title='bbox 2453 1768 2686 1829; x_wconf 87' lang='grc' dir='ltr'>πίστεως</span> <span class='ocrx_word' id='word_1_319' title='bbox 2717 1766 2813 1836; x_wconf 80' lang='grc' dir='ltr'>τῆς</span> <span class='ocrx_word' id='word_1_320' title='bbox 2849 1767 2930 1828; x_wconf 88' lang='grc' dir='ltr'>εἰς</span> <span class='ocrx_word' id='word_1_321' title='bbox 2971 1766 3224 1836; x_wconf 86' lang='grc' dir='ltr'>Χριστόν.</span> <span class='ocrx_word' id='word_1_322' title='bbox 3266 1765 3482 1837; x_wconf 81' lang='grc' dir='ltr'>Ταύτην</span> <span class='ocrx_word' id='word_1_323' title='bbox 3521 1767 3618 1836; x_wconf 83' lang='grc' dir='ltr'>μὲν</span> <span class='ocrx_word' id='word_1_324' title='bbox 3643 1767 3730 1836; x_wconf 69' lang='grc' dir='ltr'>δὴ,</span> 
     </span>
    </p>
   </div>
   <div class='ocr_carea' id='block_1_48' title="bbox 2163 1855 3730 1928">
    <p class='ocr_par' dir='ltr' id='par_1_48' title="bbox 2163 1855 3730 1928">
     <span class='ocr_line' id='line_1_48' title="bbox 2163 1855 3730 1928; baseline 0.001 -19"><span class='ocrx_word' id='word_1_325' title='bbox 2163 1859 2348 1927; x_wconf 72' lang='grc' dir='ltr'>φησὶν,</span> <span class='ocrx_word' id='word_1_326' title='bbox 2381 1859 2410 1911; x_wconf 89' lang='grc' dir='ltr'>ό</span> <span class='ocrx_word' id='word_1_327' title='bbox 2433 1857 2542 1910; x_wconf 89' lang='grc' dir='ltr'>τῶν</span> <span class='ocrx_word' id='word_1_328' title='bbox 2575 1857 2835 1928; x_wconf 80' lang='grc' dir='ltr'>θεριστῶν</span> <span class='ocrx_word' id='word_1_329' title='bbox 2867 1855 3217 1928; x_wconf 76' lang='grc' dir='ltr'>ἐξεργάσεται</span> <span class='ocrx_word' id='word_1_330' title='bbox 3255 1857 3429 1925; x_wconf 84' lang='grc' dir='ltr'>λόγος.</span> <span class='ocrx_word' id='word_1_331' title='bbox 3465 1858 3657 1910; x_wconf 88' lang='grc' dir='ltr'>Ἔσται</span> <span class='ocrx_word' id='word_1_332' title='bbox 3685 1858 3730 1911; x_wconf 81' lang='grc' dir='ltr'>δ’</span> 
     </span>
    </p>
   </div>
   <div class='ocr_carea' id='block_1_49' title="bbox 2161 1945 3733 2020">
    <p class='ocr_par' dir='ltr' id='par_1_49' title="bbox 2161 1945 3733 2020">
     <span class='ocr_line' id='line_1_49' title="bbox 2161 1945 3733 2020; baseline 0 -17"><span class='ocrx_word' id='word_1_333' title='bbox 2161 1945 2253 2003; x_wconf 79' lang='grc' dir='ltr'>οὖν</span> <span class='ocrx_word' id='word_1_334' title='bbox 2295 1950 2441 2020; x_wconf 81' lang='grc' dir='ltr'>ὅμως</span> <span class='ocrx_word' id='word_1_335' title='bbox 2477 1949 2577 2001; x_wconf 78' lang='grc' dir='ltr'>οὐκ</span> <span class='ocrx_word' id='word_1_336' title='bbox 2611 1949 2868 2019; x_wconf 81' lang='grc' dir='ltr'>ἀμισθής·</span> <span class='ocrx_word' id='word_1_337' title='bbox 2918 1947 3132 2013; x_wconf 80' lang='grc' dir='ltr'>συνάξει</span> <span class='ocrx_word' id='word_1_338' title='bbox 3159 1949 3267 2020; x_wconf 82' lang='grc' dir='ltr'>γὰρ</span> <span class='ocrx_word' id='word_1_339' title='bbox 3302 1950 3365 2019; x_wconf 85' lang='grc' dir='ltr'>δὴ</span> <span class='ocrx_word' id='word_1_340' title='bbox 3396 1951 3612 2013; x_wconf 87' lang='grc' dir='ltr'>πάντως</span> <span class='ocrx_word' id='word_1_341' title='bbox 3636 1951 3733 2003; x_wconf 81' lang='grc' dir='ltr'>αῦ-</span> 
     </span>
    </p>
   </div>
   <div class='ocr_carea' id='block_1_50' title="bbox 2161 2038 3734 2111">
    <p class='ocr_par' dir='ltr' id='par_1_50' title="bbox 2161 2038 3734 2111">
     <span class='ocr_line' id='line_1_50' title="bbox 2161 2038 3734 2111; baseline 0.001 -19"><span class='ocrx_word' id='word_1_342' title='bbox 2161 2042 2276 2101; x_wconf 87' lang='grc' dir='ltr'>τοῖς</span> <span class='ocrx_word' id='word_1_343' title='bbox 2302 2040 2392 2093; x_wconf 79' lang='grc' dir='ltr'>τὸν</span> <span class='ocrx_word' id='word_1_344' title='bbox 2418 2042 2496 2101; x_wconf 89' lang='grc' dir='ltr'>εἰς</span> <span class='ocrx_word' id='word_1_345' title='bbox 2526 2038 2667 2110; x_wconf 79' lang='grc' dir='ltr'>ζωὴν</span> <span class='ocrx_word' id='word_1_346' title='bbox 2709 2039 2924 2094; x_wconf 85' lang='grc' dir='ltr'>αἰώνιον</span> <span class='ocrx_word' id='word_1_347' title='bbox 2962 2041 3334 2110; x_wconf 79' lang='grc' dir='ltr'>ἀποτρέφοντα</span> <span class='ocrx_word' id='word_1_348' title='bbox 3364 2041 3594 2111; x_wconf 72' lang='grc' dir='ltr'>καρπόνο</span> <span class='ocrx_word' id='word_1_349' title='bbox 3640 2043 3734 2096; x_wconf 78' lang='grc' dir='ltr'>καὶ</span> 
     </span>
    </p>
   </div>
   <div class='ocr_carea' id='block_1_51' title="bbox 2163 2128 3735 2201">
    <p class='ocr_par' dir='ltr' id='par_1_51' title="bbox 2163 2128 3735 2201">
     <span class='ocr_line' id='line_1_51' title="bbox 2163 2128 3735 2201; baseline -0.002 -17"><span class='ocrx_word' id='word_1_350' title='bbox 2163 2131 2225 2184; x_wconf 85' lang='grc' dir='ltr'>οὑ</span> <span class='ocrx_word' id='word_1_351' title='bbox 2257 2130 2319 2201; x_wconf 91' lang='grc' dir='ltr'>δή</span> <span class='ocrx_word' id='word_1_352' title='bbox 2367 2147 2468 2182; x_wconf 88' lang='grc' dir='ltr'>που</span> <span class='ocrx_word' id='word_1_353' title='bbox 2505 2128 2760 2192; x_wconf 86' lang='grc' dir='ltr'>λαϐόντες</span> <span class='ocrx_word' id='word_1_354' title='bbox 2796 2129 2944 2199; x_wconf 84' lang='grc' dir='ltr'>μόνοι</span> <span class='ocrx_word' id='word_1_355' title='bbox 2987 2129 3109 2182; x_wconf 84' lang='grc' dir='ltr'>καθ’</span> <span class='ocrx_word' id='word_1_356' title='bbox 3151 2129 3373 2192; x_wconf 77' lang='grc' dir='ltr'>ἑαυτοὺς</span> <span class='ocrx_word' id='word_1_357' title='bbox 3428 2129 3735 2201; x_wconf 83' lang='grc' dir='ltr'>εὐφρανθή-</span> 
     </span>
    </p>
   </div>
   <div class='ocr_carea' id='block_1_52' title="bbox 2167 2216 3733 2290">
    <p class='ocr_par' dir='ltr' id='par_1_52' title="bbox 2167 2216 3733 2290">
     <span class='ocr_line' id='line_1_52' title="bbox 2167 2216 3733 2290; baseline 0 -20"><span class='ocrx_word' id='word_1_358' title='bbox 2167 2235 2364 2279; x_wconf 87' lang='grc' dir='ltr'>σονται,</span> <span class='ocrx_word' id='word_1_359' title='bbox 2399 2217 2514 2269; x_wconf 87' lang='grc' dir='ltr'>ἀλλ’</span> <span class='ocrx_word' id='word_1_360' title='bbox 2538 2216 2613 2276; x_wconf 83' lang='grc' dir='ltr'>ὡς</span> <span class='ocrx_word' id='word_1_361' title='bbox 2664 2218 2774 2279; x_wconf 81' lang='grc' dir='ltr'>τοῖς</span> <span class='ocrx_word' id='word_1_362' title='bbox 2802 2216 2910 2269; x_wconf 89' lang='grc' dir='ltr'>τῶν</span> <span class='ocrx_word' id='word_1_363' title='bbox 2955 2217 3251 2288; x_wconf 80' lang='grc' dir='ltr'>προφητῶν</span> <span class='ocrx_word' id='word_1_364' title='bbox 3298 2218 3733 2290; x_wconf 73' lang='grc' dir='ltr'>ὲπικεκμηκότες</span> 
     </span>
    </p>
   </div>
   <div class='ocr_carea' id='block_1_53' title="bbox 2166 2308 3735 2381">
    <p class='ocr_par' dir='ltr' id='par_1_53' title="bbox 2166 2308 3735 2381">
     <span class='ocr_line' id='line_1_53' title="bbox 2166 2308 3735 2381; baseline 0 -19"><span class='ocrx_word' id='word_1_365' title='bbox 2166 2309 2368 2373; x_wconf 86' lang='grc' dir='ltr'>πόνοις,</span> <span class='ocrx_word' id='word_1_366' title='bbox 2402 2308 2609 2360; x_wconf 77' lang='grc' dir='ltr'>καὶτὸν</span> <span class='ocrx_word' id='word_1_367' title='bbox 2649 2309 2778 2380; x_wconf 81' lang='grc' dir='ltr'>παρ’</span> <span class='ocrx_word' id='word_1_368' title='bbox 2807 2309 3027 2362; x_wconf 76' lang='grc' dir='ltr'>ἐκείνων</span> <span class='ocrx_word' id='word_1_369' title='bbox 3067 2309 3558 2379; x_wconf 83' lang='grc' dir='ltr'>προγεωργηθέντα</span> <span class='ocrx_word' id='word_1_370' title='bbox 3592 2309 3735 2381; x_wconf 80' lang='grc' dir='ltr'>θερί-</span> 
     </span>
    </p>
   </div>
   <div class='ocr_carea' id='block_1_54' title="bbox 2167 2397 3735 2470">
    <p class='ocr_par' dir='ltr' id='par_1_54' title="bbox 2167 2397 3735 2470">
     <span class='ocr_line' id='line_1_54' title="bbox 2167 2397 3735 2470; baseline 0 -17"><span class='ocrx_word' id='word_1_371' title='bbox 2167 2416 2358 2462; x_wconf 88' lang='grc' dir='ltr'>σαντες</span> <span class='ocrx_word' id='word_1_372' title='bbox 2387 2397 2608 2468; x_wconf 81' lang='grc' dir='ltr'>σπόρον,</span> <span class='ocrx_word' id='word_1_373' title='bbox 2642 2398 2770 2468; x_wconf 88' lang='grc' dir='ltr'>μίαν</span> <span class='ocrx_word' id='word_1_374' title='bbox 2812 2399 2992 2462; x_wconf 84' lang='grc' dir='ltr'>αύτοῖς</span> <span class='ocrx_word' id='word_1_375' title='bbox 3032 2399 3520 2469; x_wconf 79' lang='grc' dir='ltr'>ὲπιτελέσουσιτὴν</span> <span class='ocrx_word' id='word_1_376' title='bbox 3565 2402 3735 2470; x_wconf 77' lang='grc' dir='ltr'>πανή-</span> 
     </span>
    </p>
   </div>
   <div class='ocr_carea' id='block_1_55' title="bbox 2163 2486 3735 2561">
    <p class='ocr_par' dir='ltr' id='par_1_55' title="bbox 2163 2486 3735 2561">
     <span class='ocr_line' id='line_1_55' title="bbox 2163 2486 3735 2561; baseline -0.001 -17"><span class='ocrx_word' id='word_1_377' title='bbox 2163 2506 2341 2561; x_wconf 89' lang='grc' dir='ltr'>γυριν.</span> <span class='ocrx_word' id='word_1_378' title='bbox 2389 2486 2557 2560; x_wconf 80' lang='grc' dir='ltr'>υἷμαι</span> <span class='ocrx_word' id='word_1_379' title='bbox 2597 2490 2642 2542; x_wconf 80' lang='grc' dir='ltr'>δ’</span> <span class='ocrx_word' id='word_1_380' title='bbox 2669 2489 2842 2558; x_wconf 75' lang='grc' dir='ltr'>ἔγωγε</span> <span class='ocrx_word' id='word_1_381' title='bbox 2869 2489 2960 2543; x_wconf 82' lang='grc' dir='ltr'>τὸν</span> <span class='ocrx_word' id='word_1_382' title='bbox 2999 2489 3305 2558; x_wconf 87' lang='grc' dir='ltr'>σοφώτατον</span> <span class='ocrx_word' id='word_1_383' title='bbox 3335 2489 3562 2554; x_wconf 78' lang='grc' dir='ltr'>Παῦλον,</span> <span class='ocrx_word' id='word_1_384' title='bbox 3610 2491 3735 2554; x_wconf 79' lang='grc' dir='ltr'>τοὺς</span> 
     </span>
    </p>
   </div>
   <div class='ocr_carea' id='block_1_56' title="bbox 2165 2579 3735 2651">
    <p class='ocr_par' dir='ltr' id='par_1_56' title="bbox 2165 2579 3735 2651">
     <span class='ocr_line' id='line_1_56' title="bbox 2165 2579 3735 2651; baseline -0.001 -17"><span class='ocrx_word' id='word_1_385' title='bbox 2165 2583 2256 2635; x_wconf 75' lang='grc' dir='ltr'>ἐπὶ</span> <span class='ocrx_word' id='word_1_386' title='bbox 2283 2583 2392 2644; x_wconf 83' lang='grc' dir='ltr'>τοῖς</span> <span class='ocrx_word' id='word_1_387' title='bbox 2421 2581 2668 2651; x_wconf 84' lang='grc' dir='ltr'>μέλλουσι</span> <span class='ocrx_word' id='word_1_388' title='bbox 2702 2580 2903 2643; x_wconf 84' lang='grc' dir='ltr'>τύπους</span> <span class='ocrx_word' id='word_1_389' title='bbox 2932 2579 3358 2651; x_wconf 69' lang='grc' dir='ltr'>ἐκμεμαθηκότα</span> <span class='ocrx_word' id='word_1_390' title='bbox 3409 2581 3616 2650; x_wconf 81' lang='grc' dir='ltr'>σαφῶς,</span> <span class='ocrx_word' id='word_1_391' title='bbox 3647 2582 3735 2632; x_wconf 82' lang='grc' dir='ltr'>ὲν-</span> 
     </span>
    </p>
   </div>
   <div class='ocr_carea' id='block_1_57' title="bbox 2164 2671 3739 2743">
    <p class='ocr_par' dir='ltr' id='par_1_57' title="bbox 2164 2671 3739 2743">
     <span class='ocr_line' id='line_1_57' title="bbox 2164 2671 3739 2743; baseline 0.001 -18"><span class='ocrx_word' id='word_1_392' title='bbox 2164 2671 2353 2726; x_wconf 88' lang='grc' dir='ltr'>τεῦθεν</span> <span class='ocrx_word' id='word_1_393' title='bbox 2399 2674 2571 2725; x_wconf 85' lang='grc' dir='ltr'>εἰπεῖν</span> <span class='ocrx_word' id='word_1_394' title='bbox 2598 2671 2723 2742; x_wconf 92' lang='grc' dir='ltr'>περί</span> <span class='ocrx_word' id='word_1_395' title='bbox 2758 2690 2816 2724; x_wconf 89' lang='grc' dir='ltr'>τε</span> <span class='ocrx_word' id='word_1_396' title='bbox 2839 2672 2947 2725; x_wconf 90' lang='grc' dir='ltr'>τῶν</span> <span class='ocrx_word' id='word_1_397' title='bbox 2983 2672 3152 2742; x_wconf 83' lang='grc' dir='ltr'>ἁγίων</span> <span class='ocrx_word' id='word_1_398' title='bbox 3201 2673 3452 2742; x_wconf 78' lang='grc' dir='ltr'>πατέρων</span> <span class='ocrx_word' id='word_1_399' title='bbox 3481 2675 3575 2726; x_wconf 76' lang='grc' dir='ltr'>καὶ</span> <span class='ocrx_word' id='word_1_400' title='bbox 3604 2690 3739 2743; x_wconf 84' lang='grc' dir='ltr'>προ-</span> 
     </span>
    </p>
   </div>
   <div class='ocr_carea' id='block_1_58' title="bbox 2167 2756 3740 2834">
    <p class='ocr_par' dir='ltr' id='par_1_58' title="bbox 2167 2756 3740 2834">
     <span class='ocr_line' id='line_1_58' title="bbox 2167 2756 3740 2834; baseline 0.001 -19"><span class='ocrx_word' id='word_1_401' title='bbox 2167 2763 2370 2834; x_wconf 85' lang='grc' dir='ltr'>φητῶν,</span> <span class='ocrx_word' id='word_1_402' title='bbox 2399 2763 2479 2815; x_wconf 87' lang='grc' dir='ltr'>ότι</span> <span class='ocrx_word' id='word_1_403' title='bbox 2512 2782 2529 2814; x_wconf 76' lang='grc' dir='ltr'>ι</span> <span class='ocrx_word' id='word_1_404' title='bbox 2576 2764 2685 2816; x_wconf 75' lang='grc' dir='ltr'>Καὶ</span> <span class='ocrx_word' id='word_1_405' title='bbox 2711 2756 2854 2816; x_wconf 71' lang='grc' dir='ltr'>οὗτοι</span> <span class='ocrx_word' id='word_1_406' title='bbox 2882 2763 3082 2825; x_wconf 82' lang='grc' dir='ltr'>πάντες</span> <span class='ocrx_word' id='word_1_407' title='bbox 3111 2763 3486 2827; x_wconf 80' lang='grc' dir='ltr'>τελειωθέντες</span> <span class='ocrx_word' id='word_1_408' title='bbox 3530 2763 3618 2816; x_wconf 85' lang='grc' dir='ltr'>διά</span> <span class='ocrx_word' id='word_1_409' title='bbox 3640 2765 3740 2833; x_wconf 84' lang='grc' dir='ltr'>τῆς</span> 
     </span>
    </p>
   </div>
   <div class='ocr_carea' id='block_1_59' title="bbox 2173 2853 3740 2926">
    <p class='ocr_par' dir='ltr' id='par_1_59' title="bbox 2173 2853 3740 2926">
     <span class='ocr_line' id='line_1_59' title="bbox 2173 2853 3740 2926; baseline 0.001 -21"><span class='ocrx_word' id='word_1_410' title='bbox 2173 2854 2406 2918; x_wconf 88' lang='grc' dir='ltr'>πίστεως</span> <span class='ocrx_word' id='word_1_411' title='bbox 2437 2855 2538 2907; x_wconf 82' lang='grc' dir='ltr'>οὐκ</span> <span class='ocrx_word' id='word_1_412' title='bbox 2580 2855 2899 2924; x_wconf 77' lang='grc' dir='ltr'>ἐκομίσαντο</span> <span class='ocrx_word' id='word_1_413' title='bbox 2951 2855 3048 2926; x_wconf 81' lang='grc' dir='ltr'>τὴν</span> <span class='ocrx_word' id='word_1_414' title='bbox 3079 2855 3430 2924; x_wconf 76' lang='grc' dir='ltr'>ἐπαγγελίαν.</span> <span class='ocrx_word' id='word_1_415' title='bbox 3478 2855 3571 2907; x_wconf 92' lang='grc' dir='ltr'>τοῦ</span> <span class='ocrx_word' id='word_1_416' title='bbox 3604 2853 3740 2906; x_wconf 85' lang='grc' dir='ltr'>Θεοῦ</span> 
     </span>
    </p>
   </div>
   <div class='ocr_carea' id='block_1_60' title="bbox 497 2941 3742 3017">
    <p class='ocr_par' dir='ltr' id='par_1_60' title="bbox 497 2941 3742 3017">
     <span class='ocr_line' id='line_1_60' title="bbox 497 2941 3742 3017; baseline 0 -19"><span class='ocrx_word' id='word_1_417' title='bbox 497 2945 627 3017; x_wconf 76' lang='grc' dir='ltr'>περὶ</span> <span class='ocrx_word' id='word_1_418' title='bbox 647 2944 802 3017; x_wconf 85' lang='grc' dir='ltr'>ήμῶν</span> <span class='ocrx_word' id='word_1_419' title='bbox 832 2943 1073 3014; x_wconf 86' lang='grc' dir='ltr'>κρεῖττόν</span> <span class='ocrx_word' id='word_1_420' title='bbox 1095 2960 1146 2996; x_wconf 91' lang='grc' dir='ltr'>τι</span> <span class='ocrx_word' id='word_1_421' title='bbox 1172 2941 1641 3014; x_wconf 79' lang='grc' dir='ltr'>προϐλεψαμένου,</span> <span class='ocrx_word' id='word_1_422' title='bbox 1714 2941 1802 2994; x_wconf 84' lang='grc' dir='ltr'>ἶνα</span> <span class='ocrx_word' id='word_1_423' title='bbox 1859 2941 1934 3012; x_wconf 82' lang='grc' dir='ltr'>μὴ</span> <span class='ocrx_word' id='word_1_424' title='bbox 1998 2943 2164 3014; x_wconf 70' lang='grc' dir='ltr'>χωρὶς</span> <span class='ocrx_word' id='word_1_425' title='bbox 2203 2944 2360 3014; x_wconf 88' lang='grc' dir='ltr'>ήμῶν</span> <span class='ocrx_word' id='word_1_426' title='bbox 2409 2943 2781 2998; x_wconf 87' lang='grc' dir='ltr'>τελειωθῶσιν.</span> <span class='ocrx_word' id='word_1_427' title='bbox 2821 2963 2841 2996; x_wconf 70' lang='grc' dir='ltr'>ι</span> <span class='ocrx_word' id='word_1_428' title='bbox 2903 2943 3067 3015; x_wconf 87' lang='grc' dir='ltr'>Ὁμοῦ</span> <span class='ocrx_word' id='word_1_429' title='bbox 3127 2943 3234 3016; x_wconf 90' lang='grc' dir='ltr'>γάρ</span> <span class='ocrx_word' id='word_1_430' title='bbox 3285 2945 3476 3016; x_wconf 82' lang='grc' dir='ltr'>χρῆναι</span> <span class='ocrx_word' id='word_1_431' title='bbox 3532 2945 3742 3014; x_wconf 77' lang='grc' dir='ltr'>χαίρειν</span> 
     </span>
    </p>
   </div>
   <div class='ocr_carea' id='block_1_61' title="bbox 495 3034 2243 3110">
    <p class='ocr_par' dir='ltr' id='par_1_61' title="bbox 495 3034 2243 3110">
     <span class='ocr_line' id='line_1_61' title="bbox 495 3034 2243 3110; baseline -0.002 -15"><span class='ocrx_word' id='word_1_432' title='bbox 495 3036 814 3110; x_wconf 71' lang='grc' dir='ltr'>ἐδοκίμασεν</span> <span class='ocrx_word' id='word_1_433' title='bbox 886 3037 915 3088; x_wconf 89' lang='lat'>6</span> <span class='ocrx_word' id='word_1_434' title='bbox 970 3036 1160 3108; x_wconf 80' lang='grc' dir='ltr'>Σωτὴρ</span> <span class='ocrx_word' id='word_1_435' title='bbox 1209 3035 1285 3106; x_wconf 81' lang='grc' dir='ltr'>τῷ</span> <span class='ocrx_word' id='word_1_436' title='bbox 1342 3034 1748 3106; x_wconf 85' lang='grc' dir='ltr'>προεσπαρκότι</span> <span class='ocrx_word' id='word_1_437' title='bbox 1812 3035 1904 3088; x_wconf 80' lang='grc' dir='ltr'>τὸν</span> <span class='ocrx_word' id='word_1_438' title='bbox 1969 3035 2243 3110; x_wconf 87' lang='grc' dir='ltr'>θεριστήν.</span> 
     </span>
    </p>
   </div>
   <div class='ocr_carea' id='block_1_62' title="bbox 568 3123 2063 3202">
    <p class='ocr_par' dir='ltr' id='par_1_62' title="bbox 568 3123 2061 3196">
     <span class='ocr_line' id='line_1_62' title="bbox 568 3123 2061 3196; baseline 0.003 -16"><span class='ocrx_word' id='word_1_439' title='bbox 568 3126 660 3193; x_wconf 80' lang='grc' dir='ltr'>ιν,</span> <span class='ocrx_word' id='word_1_440' title='bbox 698 3126 788 3180; x_wconf 79' lang='grc'>58.</span> <span class='ocrx_word' id='word_1_441' title='bbox 832 3123 942 3196; x_wconf 87' lang='lat' dir='ltr'><strong>Ego</strong></span> <span class='ocrx_word' id='word_1_442' title='bbox 973 3127 1094 3178; x_wconf 88' lang='lat' dir='ltr'><strong>misi</strong></span> <span class='ocrx_word' id='word_1_443' title='bbox 1144 3142 1230 3179; x_wconf 83' lang='lat' dir='ltr'><strong>vos</strong></span> <span class='ocrx_word' id='word_1_444' title='bbox 1256 3135 1443 3179; x_wconf 84' lang='lat' dir='ltr'><strong>metere</strong></span> <span class='ocrx_word' id='word_1_445' title='bbox 1478 3126 1616 3196; x_wconf 81' lang='lat' dir='ltr'><strong>quod</strong></span> <span class='ocrx_word' id='word_1_446' title='bbox 1653 3143 1743 3181; x_wconf 82' lang='lat' dir='ltr'><strong>vos</strong></span> <span class='ocrx_word' id='word_1_447' title='bbox 1781 3142 1886 3182; x_wconf 83' lang='lat' dir='ltr'>non</span> <span class='ocrx_word' id='word_1_448' title='bbox 1912 3126 2061 3184; x_wconf 81' lang='lat' dir='ltr'><strong>labo-</strong></span> 
     </span>
    </p>
   </div>
   <div class='ocr_carea' id='block_1_63' title="bbox 2167 3123 3740 3202">
    <p class='ocr_par' dir='ltr' id='par_1_63' title="bbox 2245 3129 3740 3202">
     <span class='ocr_line' id='line_1_63' title="bbox 2245 3129 3740 3202; baseline 0.001 -17"><span class='ocrx_word' id='word_1_449' title='bbox 2245 3130 2393 3201; x_wconf 75' lang='grc' dir='ltr'>Ἐγὼ</span> <span class='ocrx_word' id='word_1_450' title='bbox 2422 3130 2751 3186; x_wconf 71' lang='grc' dir='ltr'>ἀπέστειλα</span> <span class='ocrx_word' id='word_1_451' title='bbox 2771 3129 2928 3201; x_wconf 79' lang='grc' dir='ltr'>ὑμᾶς</span> <span class='ocrx_word' id='word_1_452' title='bbox 2947 3129 3213 3199; x_wconf 81' lang='grc' dir='ltr'>θερίζειν,</span> <span class='ocrx_word' id='word_1_453' title='bbox 3252 3131 3282 3184; x_wconf 84' lang='grc' dir='ltr'><em>ὃ</em></span> <span class='ocrx_word' id='word_1_454' title='bbox 3314 3134 3426 3201; x_wconf 83' lang='grc' dir='ltr'>οὐχ</span> <span class='ocrx_word' id='word_1_455' title='bbox 3455 3133 3624 3202; x_wconf 81' lang='grc' dir='ltr'>ὑμεῖς</span> <span class='ocrx_word' id='word_1_456' title='bbox 3649 3149 3740 3186; x_wconf 68' lang='grc' dir='ltr'>κε-</span> 
     </span>
    </p>
   </div>
   <div class='ocr_carea' id='block_1_64' title="bbox 495 3215 2070 3284">
    <p class='ocr_par' dir='ltr' id='par_1_64' title="bbox 495 3215 2070 3284">
     <span class='ocr_line' id='line_1_64' title="bbox 495 3215 2070 3284; baseline 0.001 -14"><span class='ocrx_word' id='word_1_457' title='bbox 495 3217 704 3271; x_wconf 73' lang='lat' dir='ltr'><strong>rastis:</strong></span> <span class='ocrx_word' id='word_1_458' title='bbox 737 3217 830 3270; x_wconf 89' lang='lat' dir='ltr'><strong>alii</strong></span> <span class='ocrx_word' id='word_1_459' title='bbox 879 3216 1282 3284; x_wconf 79' lang='lat' dir='ltr'><strong>laboraverunt,</strong></span> <span class='ocrx_word' id='word_1_460' title='bbox 1325 3227 1374 3272; x_wconf 86' lang='lat' dir='ltr'>et</span> <span class='ocrx_word' id='word_1_461' title='bbox 1418 3233 1507 3271; x_wconf 83' lang='lat' dir='ltr'><strong>vos</strong></span> <span class='ocrx_word' id='word_1_462' title='bbox 1551 3219 1606 3271; x_wconf 83' lang='lat' dir='ltr'>in</span> <span class='ocrx_word' id='word_1_463' title='bbox 1639 3215 1845 3272; x_wconf 79' lang='lat' dir='ltr'><strong>labores</strong></span> <span class='ocrx_word' id='word_1_464' title='bbox 1889 3234 2070 3272; x_wconf 78' lang='lat' dir='ltr'><strong>eorum</strong></span> 
     </span>
    </p>
   </div>
   <div class='ocr_carea' id='block_1_65' title="bbox 498 3309 1015 3383">
    <p class='ocr_par' dir='ltr' id='par_1_65' title="bbox 498 3309 1015 3383">
     <span class='ocr_line' id='line_1_65' title="bbox 498 3309 1015 3383; baseline -0.014 -20"><span class='ocrx_word' id='word_1_465' title='bbox 498 3309 789 3365; x_wconf 73' lang='lat' dir='ltr'><strong>introistis.</strong></span> <span class='ocrx_word' id='word_1_466' title='bbox 983 3363 1015 3383; x_wconf 47' lang='grc' dir='ltr'><em>κ</em></span> 
     </span>
    </p>
   </div>
   <div class='ocr_carea' id='block_1_66' title="bbox 569 3399 2070 3472">
    <p class='ocr_par' dir='ltr' id='par_1_66' title="bbox 569 3399 2070 3472">
     <span class='ocr_line' id='line_1_66' title="bbox 569 3399 2070 3472; baseline 0 -17"><span class='ocrx_word' id='word_1_467' title='bbox 569 3399 768 3455; x_wconf 86' lang='lat' dir='ltr'><strong>Totum</strong></span> <span class='ocrx_word' id='word_1_468' title='bbox 795 3399 876 3455; x_wconf 89' lang='lat' dir='ltr'>eis</span> <span class='ocrx_word' id='word_1_469' title='bbox 901 3399 1114 3456; x_wconf 87' lang='lat' dir='ltr'><strong>tandem</strong></span> <span class='ocrx_word' id='word_1_470' title='bbox 1146 3399 1352 3456; x_wconf 85' lang='lat' dir='ltr'><strong>revelat</strong></span> <span class='ocrx_word' id='word_1_471' title='bbox 1381 3401 1725 3472; x_wconf 83' lang='lat' dir='ltr'><strong>mysterium,</strong></span> <span class='ocrx_word' id='word_1_472' title='bbox 1750 3407 1806 3455; x_wconf 93' lang='lat' dir='ltr'>et</span> <span class='ocrx_word' id='word_1_473' title='bbox 1830 3399 2070 3456; x_wconf 89' lang='lat' dir='ltr'><strong>obscuro</strong></span> 
     </span>
    </p>
   </div>
   <div class='ocr_carea' id='block_1_67' title="bbox 499 3490 2071 3562">
    <p class='ocr_par' dir='ltr' id='par_1_67' title="bbox 499 3490 2071 3562">
     <span class='ocr_line' id='line_1_67' title="bbox 499 3490 2071 3562; baseline 0.001 -16"><span class='ocrx_word' id='word_1_474' title='bbox 499 3491 741 3546; x_wconf 91' lang='lat' dir='ltr'><strong>circuitu</strong></span> <span class='ocrx_word' id='word_1_475' title='bbox 789 3490 1083 3562; x_wconf 81' lang='lat' dir='ltr'><strong>verborum</strong></span> <span class='ocrx_word' id='word_1_476' title='bbox 1143 3491 1362 3546; x_wconf 86' lang='lat' dir='ltr'><strong>sublato</strong></span> <span class='ocrx_word' id='word_1_477' title='bbox 1428 3490 1934 3547; x_wconf 79' lang='lat' dir='ltr'><strong>manifestissimam</strong></span> <span class='ocrx_word' id='word_1_478' title='bbox 1991 3493 2071 3547; x_wconf 90' lang='lat' dir='ltr'>rei</span> 
     </span>
    </p>
   </div>
   <div class='ocr_carea' id='block_1_68' title="bbox 501 3583 2073 3656">
    <p class='ocr_par' dir='ltr' id='par_1_68' title="bbox 501 3583 2073 3656">
     <span class='ocr_line' id='line_1_68' title="bbox 501 3583 2073 3656; baseline -0.004 -15"><span class='ocrx_word' id='word_1_479' title='bbox 501 3585 828 3656; x_wconf 59' lang='lat' dir='ltr'><strong>signiﬁcata</strong></span> <span class='ocrx_word' id='word_1_480' title='bbox 856 3586 1184 3640; x_wconf 89' lang='lat' dir='ltr'><strong>sententiam</strong></span> <span class='ocrx_word' id='word_1_481' title='bbox 1217 3584 1458 3638; x_wconf 82' lang='lat' dir='ltr'><strong>exhibet.</strong></span> <span class='ocrx_word' id='word_1_482' title='bbox 1489 3583 1624 3639; x_wconf 85' lang='lat' dir='ltr'>Cum</span> <span class='ocrx_word' id='word_1_483' title='bbox 1654 3591 1834 3639; x_wconf 89' lang='lat' dir='ltr'><strong>autem</strong></span> <span class='ocrx_word' id='word_1_484' title='bbox 1880 3583 2073 3638; x_wconf 79' lang='lat' dir='ltr'><strong>Salva-</strong></span> 
     </span>
    </p>
   </div>
   <div class='ocr_carea' id='block_1_69' title="bbox 502 3661 2073 3745">
    <p class='ocr_par' dir='ltr' id='par_1_69' title="bbox 502 3661 2073 3745">
     <span class='ocr_line' id='line_1_69' title="bbox 502 3661 2073 3745; baseline -0.002 -15"><span class='ocrx_word' id='word_1_485' title='bbox 502 3684 592 3730; x_wconf 93' lang='lat' dir='ltr'>tor</span> <span class='ocrx_word' id='word_1_486' title='bbox 620 3675 922 3745; x_wconf 87' lang='lat' dir='ltr'><strong>prophetas</strong></span> <span class='ocrx_word' id='word_1_487' title='bbox 960 3682 1016 3729; x_wconf 90' lang='lat' dir='ltr'>et</span> <span class='ocrx_word' id='word_1_488' title='bbox 1053 3674 1334 3744; x_wconf 86' lang='lat' dir='ltr'><strong>apostolos</strong></span> <span class='ocrx_word' id='word_1_489' title='bbox 1373 3673 1651 3742; x_wconf 83' lang='lat' dir='ltr'><strong>diligeret,</strong></span> <span class='ocrx_word' id='word_1_490' title='bbox 1703 3689 1804 3728; x_wconf 90' lang='lat' dir='ltr'>nec</span> <span class='ocrx_word' id='word_1_491' title='bbox 1853 3661 2073 3728; x_wconf 90' lang='lat' dir='ltr'><strong>illorum</strong></span> 
     </span>
    </p>
   </div>
   <div class='ocr_carea' id='block_1_70' title="bbox 503 3763 2074 3835">
    <p class='ocr_par' dir='ltr' id='par_1_70' title="bbox 503 3763 2074 3835">
     <span class='ocr_line' id='line_1_70' title="bbox 503 3763 2074 3835; baseline -0.001 -15"><span class='ocrx_word' id='word_1_492' title='bbox 503 3766 691 3822; x_wconf 87' lang='lat' dir='ltr'><strong>labore</strong></span> <span class='ocrx_word' id='word_1_493' title='bbox 719 3779 908 3820; x_wconf 89' lang='lat' dir='ltr'><strong>carere</strong></span> <span class='ocrx_word' id='word_1_494' title='bbox 935 3766 1056 3818; x_wconf 80' lang='lat' dir='ltr'><strong>vult</strong></span> <span class='ocrx_word' id='word_1_495' title='bbox 1082 3765 1383 3835; x_wconf 91' lang='lat' dir='ltr'><strong>apostolos,</strong></span> <span class='ocrx_word' id='word_1_496' title='bbox 1417 3779 1523 3819; x_wconf 91' lang='lat' dir='ltr'>nec</span> <span class='ocrx_word' id='word_1_497' title='bbox 1564 3764 1774 3819; x_wconf 89' lang='lat' dir='ltr'><strong>sanctis</strong></span> <span class='ocrx_word' id='word_1_498' title='bbox 1811 3763 2074 3833; x_wconf 87' lang='lat' dir='ltr'><strong>apostolis</strong></span> 
     </span>
    </p>
   </div>
   <div class='ocr_carea' id='block_1_71' title="bbox 504 3855 2075 3928">
    <p class='ocr_par' dir='ltr' id='par_1_71' title="bbox 504 3855 2075 3928">
     <span class='ocr_line' id='line_1_71' title="bbox 504 3855 2075 3928; baseline -0.005 -13"><span class='ocrx_word' id='word_1_499' title='bbox 504 3866 674 3916; x_wconf 90' lang='lat' dir='ltr'><strong>totam</strong></span> <span class='ocrx_word' id='word_1_500' title='bbox 714 3856 944 3928; x_wconf 78' lang='lat' dir='ltr'><strong>gloriam</strong></span> <span class='ocrx_word' id='word_1_501' title='bbox 990 3855 1184 3911; x_wconf 90' lang='lat' dir='ltr'><strong>tribuit</strong></span> <span class='ocrx_word' id='word_1_502' title='bbox 1224 3870 1416 3910; x_wconf 89' lang='lat' dir='ltr'><strong>eorum</strong></span> <span class='ocrx_word' id='word_1_503' title='bbox 1473 3856 1570 3926; x_wconf 94' lang='lat' dir='ltr'><strong>qui</strong></span> <span class='ocrx_word' id='word_1_504' title='bbox 1621 3855 1866 3909; x_wconf 87' lang='lat' dir='ltr'><strong>salvandi</strong></span> <span class='ocrx_word' id='word_1_505' title='bbox 1918 3862 2075 3909; x_wconf 89' lang='lat' dir='ltr'><strong>erant</strong></span> 
     </span>
    </p>
   </div>
   <div class='ocr_carea' id='block_1_72' title="bbox 503 3945 2072 4017">
    <p class='ocr_par' dir='ltr' id='par_1_72' title="bbox 503 3945 2072 4017">
     <span class='ocr_line' id='line_1_72' title="bbox 503 3945 2072 4017; baseline -0.001 -15"><span class='ocrx_word' id='word_1_506' title='bbox 503 3961 602 4016; x_wconf 86' lang='lat' dir='ltr'>per</span> <span class='ocrx_word' id='word_1_507' title='bbox 629 3945 790 4001; x_wconf 85' lang='lat' dir='ltr'><strong>ﬁdem</strong></span> <span class='ocrx_word' id='word_1_508' title='bbox 823 3946 877 4000; x_wconf 92' lang='lat' dir='ltr'>in</span> <span class='ocrx_word' id='word_1_509' title='bbox 910 3947 1089 4017; x_wconf 89' lang='lat' dir='ltr'><strong>ipsum</strong></span> <span class='ocrx_word' id='word_1_510' title='bbox 1127 3964 1140 4000; x_wconf 89' lang='lat'><strong>:</strong></span> <span class='ocrx_word' id='word_1_511' title='bbox 1176 3945 1270 4002; x_wconf 89' lang='lat' dir='ltr'>sed</span> <span class='ocrx_word' id='word_1_512' title='bbox 1307 3954 1618 4016; x_wconf 88' lang='lat' dir='ltr'><strong>temperans</strong></span> <span class='ocrx_word' id='word_1_513' title='bbox 1645 3946 2072 4017; x_wconf 87' lang='lat' dir='ltr'><strong>quodammodo,</strong></span> 
     </span>
    </p>
   </div>
   <div class='ocr_carea' id='block_1_73' title="bbox 503 4037 2073 4108">
    <p class='ocr_par' dir='ltr' id='par_1_73' title="bbox 503 4037 2073 4108">
     <span class='ocr_line' id='line_1_73' title="bbox 503 4037 2073 4108; baseline 0 -16"><span class='ocrx_word' id='word_1_514' title='bbox 503 4045 558 4092; x_wconf 85' lang='lat' dir='ltr'>et</span> <span class='ocrx_word' id='word_1_515' title='bbox 591 4045 781 4092; x_wconf 93' lang='lat' dir='ltr'><strong>mutua</strong></span> <span class='ocrx_word' id='word_1_516' title='bbox 811 4039 1129 4108; x_wconf 90' lang='lat' dir='ltr'><strong>operatione</strong></span> <span class='ocrx_word' id='word_1_517' title='bbox 1162 4041 1496 4108; x_wconf 88' lang='lat' dir='ltr'><strong>permiscens</strong></span> <span class='ocrx_word' id='word_1_518' title='bbox 1530 4049 1888 4108; x_wconf 88' lang='lat' dir='ltr'><strong>utrorumque</strong></span> <span class='ocrx_word' id='word_1_519' title='bbox 1918 4037 2073 4092; x_wconf 80' lang='lat' dir='ltr'><strong>labo-</strong></span> 
     </span>
    </p>
   </div>
   <div class='ocr_carea' id='block_1_74' title="bbox 504 4128 2072 4199">
    <p class='ocr_par' dir='ltr' id='par_1_74' title="bbox 504 4128 2072 4199">
     <span class='ocr_line' id='line_1_74' title="bbox 504 4128 2072 4199; baseline -0.001 -16"><span class='ocrx_word' id='word_1_520' title='bbox 504 4145 642 4194; x_wconf 90' lang='lat' dir='ltr'><strong>rem,</strong></span> <span class='ocrx_word' id='word_1_521' title='bbox 682 4144 852 4183; x_wconf 88' lang='lat' dir='ltr'><strong>unum</strong></span> <span class='ocrx_word' id='word_1_522' title='bbox 885 4128 1008 4183; x_wconf 82' lang='lat' dir='ltr'><strong>fore</strong></span> <span class='ocrx_word' id='word_1_523' title='bbox 1051 4129 1127 4183; x_wconf 91' lang='lat' dir='ltr'>ait</span> <span class='ocrx_word' id='word_1_524' title='bbox 1171 4129 1228 4182; x_wconf 90' lang='lat' dir='ltr'>in</span> <span class='ocrx_word' id='word_1_525' title='bbox 1275 4129 1525 4199; x_wconf 89' lang='lat' dir='ltr'><strong>utrisque</strong></span> <span class='ocrx_word' id='word_1_526' title='bbox 1569 4129 1756 4199; x_wconf 65' lang='lat' dir='ltr'><strong>gloriae</strong></span> <span class='ocrx_word' id='word_1_527' title='bbox 1808 4128 2072 4182; x_wconf 90' lang='lat' dir='ltr'><strong>studium.</strong></span> 
     </span>
    </p>
   </div>
   <div class='ocr_carea' id='block_1_75' title="bbox 507 4217 2076 4290">
    <p class='ocr_par' dir='ltr' id='par_1_75' title="bbox 507 4217 2076 4290">
     <span class='ocr_line' id='line_1_75' title="bbox 507 4217 2076 4290; baseline -0.001 -18"><span class='ocrx_word' id='word_1_528' title='bbox 507 4220 768 4276; x_wconf 88' lang='lat' dir='ltr'><strong>Introisse</strong></span> <span class='ocrx_word' id='word_1_529' title='bbox 796 4227 978 4274; x_wconf 85' lang='lat' dir='ltr'><strong>tamen</strong></span> <span class='ocrx_word' id='word_1_530' title='bbox 1024 4217 1305 4290; x_wconf 88' lang='lat' dir='ltr'><strong>apostolos</strong></span> <span class='ocrx_word' id='word_1_531' title='bbox 1333 4219 1388 4273; x_wconf 89' lang='lat' dir='ltr'>in</span> <span class='ocrx_word' id='word_1_532' title='bbox 1418 4227 1736 4274; x_wconf 91' lang='lat' dir='ltr'><strong>sanctorum</strong></span> <span class='ocrx_word' id='word_1_533' title='bbox 1787 4219 2076 4288; x_wconf 81' lang='lat' dir='ltr'><strong>prepheta-</strong></span> 
     </span>
    </p>
   </div>
   <div class='ocr_carea' id='block_1_76' title="bbox 506 4309 2073 4381">
    <p class='ocr_par' dir='ltr' id='par_1_76' title="bbox 506 4309 2073 4381">
     <span class='ocr_line' id='line_1_76' title="bbox 506 4309 2073 4381; baseline -0.001 -17"><span class='ocrx_word' id='word_1_534' title='bbox 506 4325 626 4365; x_wconf 91' lang='lat' dir='ltr'>rum</span> <span class='ocrx_word' id='word_1_535' title='bbox 654 4311 870 4368; x_wconf 90' lang='lat' dir='ltr'><strong>labores</strong></span> <span class='ocrx_word' id='word_1_536' title='bbox 887 4311 1108 4376; x_wconf 91' lang='lat' dir='ltr'><strong>asserit,</strong></span> <span class='ocrx_word' id='word_1_537' title='bbox 1135 4325 1245 4366; x_wconf 89' lang='lat' dir='ltr'>non</span> <span class='ocrx_word' id='word_1_538' title='bbox 1275 4309 1600 4381; x_wconf 88' lang='lat' dir='ltr'><strong>permittens</strong></span> <span class='ocrx_word' id='word_1_539' title='bbox 1632 4309 1894 4365; x_wconf 89' lang='lat' dir='ltr'><strong>insultare</strong></span> <span class='ocrx_word' id='word_1_540' title='bbox 1925 4309 2073 4378; x_wconf 91' lang='lat' dir='ltr'><strong>prio-</strong></span> 
     </span>
    </p>
   </div>
   <div class='ocr_carea' id='block_1_77' title="bbox 503 4399 2073 4469">
    <p class='ocr_par' dir='ltr' id='par_1_77' title="bbox 503 4399 2073 4469">
     <span class='ocr_line' id='line_1_77' title="bbox 503 4399 2073 4469; baseline -0.002 -13"><span class='ocrx_word' id='word_1_541' title='bbox 503 4416 626 4456; x_wconf 89' lang='lat' dir='ltr'>rum</span> <span class='ocrx_word' id='word_1_542' title='bbox 672 4401 972 4466; x_wconf 87' lang='lat' dir='ltr'><strong>nobilitati,</strong></span> <span class='ocrx_word' id='word_1_543' title='bbox 1025 4399 1122 4456; x_wconf 90' lang='lat' dir='ltr'>sed</span> <span class='ocrx_word' id='word_1_544' title='bbox 1171 4415 1268 4455; x_wconf 91' lang='lat' dir='ltr'>eos</span> <span class='ocrx_word' id='word_1_545' title='bbox 1326 4400 1532 4455; x_wconf 87' lang='lat' dir='ltr'><strong>honore</strong></span> <span class='ocrx_word' id='word_1_546' title='bbox 1586 4400 1840 4469; x_wconf 89' lang='lat' dir='ltr'><strong>prosequi</strong></span> <span class='ocrx_word' id='word_1_547' title='bbox 1893 4399 2073 4468; x_wconf 91' lang='lat' dir='ltr'><strong>potius</strong></span> 
     </span>
    </p>
   </div>
   <div class='ocr_carea' id='block_1_78' title="bbox 505 4491 2072 4561">
    <p class='ocr_par' dir='ltr' id='par_1_78' title="bbox 505 4491 2072 4561">
     <span class='ocr_line' id='line_1_78' title="bbox 505 4491 2072 4561; baseline -0.004 -15"><span class='ocrx_word' id='word_1_548' title='bbox 505 4491 884 4560; x_wconf 85' lang='lat' dir='ltr'><strong>persuadens,</strong></span> <span class='ocrx_word' id='word_1_549' title='bbox 935 4497 994 4545; x_wconf 91' lang='lat' dir='ltr'>ut</span> <span class='ocrx_word' id='word_1_550' title='bbox 1039 4491 1135 4561; x_wconf 92' lang='lat' dir='ltr'><strong>qui</strong></span> <span class='ocrx_word' id='word_1_551' title='bbox 1190 4491 1378 4546; x_wconf 88' lang='lat' dir='ltr'><strong>labore</strong></span> <span class='ocrx_word' id='word_1_552' title='bbox 1429 4499 1484 4545; x_wconf 92' lang='lat' dir='ltr'>et</span> <span class='ocrx_word' id='word_1_553' title='bbox 1522 4497 1765 4558; x_wconf 90' lang='lat' dir='ltr'><strong>tempore</strong></span> <span class='ocrx_word' id='word_1_554' title='bbox 1815 4499 2072 4558; x_wconf 82' lang='lat' dir='ltr'><strong>praeeaut.</strong></span> 
     </span>
    </p>
   </div>
   <div class='ocr_carea' id='block_1_79' title="bbox 504 4577 2076 4648">
    <p class='ocr_par' dir='ltr' id='par_1_79' title="bbox 504 4577 2076 4648">
     <span class='ocr_line' id='line_1_79' title="bbox 504 4577 2076 4648; baseline 0 -19"><span class='ocrx_word' id='word_1_555' title='bbox 504 4577 782 4648; x_wconf 77' lang='lat' dir='ltr'><strong>Optimum</strong></span> <span class='ocrx_word' id='word_1_556' title='bbox 828 4587 1008 4634; x_wconf 90' lang='lat' dir='ltr'><strong>autem</strong></span> <span class='ocrx_word' id='word_1_557' title='bbox 1051 4577 1198 4633; x_wconf 92' lang='lat' dir='ltr'><strong>istud</strong></span> <span class='ocrx_word' id='word_1_558' title='bbox 1238 4579 1399 4634; x_wconf 90' lang='lat' dir='ltr'><strong>nobis</strong></span> <span class='ocrx_word' id='word_1_559' title='bbox 1429 4594 1650 4648; x_wconf 89' lang='lat' dir='ltr'><strong>quoque</strong></span> <span class='ocrx_word' id='word_1_560' title='bbox 1688 4579 2076 4632; x_wconf 90' lang='lat' dir='ltr'><strong>documentum</strong></span> 
     </span>
    </p>
   </div>
   <div class='ocr_carea' id='block_1_80' title="bbox 507 4665 1466 4739">
    <p class='ocr_par' dir='ltr' id='par_1_80' title="bbox 507 4665 1466 4739">
     <span class='ocr_line' id='line_1_80' title="bbox 507 4665 1466 4739; baseline 0.002 -21"><span class='ocrx_word' id='word_1_561' title='bbox 507 4665 644 4733; x_wconf 84' lang='lat' dir='ltr'><strong>l‘ore,</strong></span> <span class='ocrx_word' id='word_1_562' title='bbox 680 4668 806 4739; x_wconf 92' lang='lat' dir='ltr'><strong>quis</strong></span> <span class='ocrx_word' id='word_1_563' title='bbox 833 4682 1078 4722; x_wconf 87' lang='lat' dir='ltr'><strong>annuere</strong></span> <span class='ocrx_word' id='word_1_564' title='bbox 1100 4666 1466 4722; x_wconf 79' lang='lat' dir='ltr'><strong>detrectabit?</strong></span> 
     </span>
    </p>
   </div>
   <div class='ocr_carea' id='block_1_81' title="bbox 2170 3221 3744 3290">
    <p class='ocr_par' dir='ltr' id='par_1_81' title="bbox 2170 3221 3744 3290">
     <span class='ocr_line' id='line_1_81' title="bbox 2170 3221 3744 3290; baseline 0 -14"><span class='ocrx_word' id='word_1_565' title='bbox 2170 3221 2513 3277; x_wconf 80' lang='grc' dir='ltr'>κοπιάκατεο</span> <span class='ocrx_word' id='word_1_566' title='bbox 2543 3223 2718 3277; x_wconf 70' lang='grc' dir='ltr'>ἄλλοι</span> <span class='ocrx_word' id='word_1_567' title='bbox 2746 3221 3158 3288; x_wconf 81' lang='grc' dir='ltr'>κεκοπιάκασι,</span> <span class='ocrx_word' id='word_1_568' title='bbox 3184 3223 3279 3276; x_wconf 81' lang='grc' dir='ltr'>καί</span> <span class='ocrx_word' id='word_1_569' title='bbox 3305 3225 3392 3290; x_wconf 82' lang='grc' dir='ltr'>εὶς</span> <span class='ocrx_word' id='word_1_570' title='bbox 3413 3223 3521 3278; x_wconf 82' lang='grc' dir='ltr'>τόν</span> <span class='ocrx_word' id='word_1_571' title='bbox 3551 3226 3744 3278; x_wconf 77' lang='grc' dir='ltr'>κόπον</span> 
     </span>
    </p>
   </div>
   <div class='ocr_carea' id='block_1_82' title="bbox 2170 3313 2848 3382">
    <p class='ocr_par' dir='ltr' id='par_1_82' title="bbox 2170 3313 2848 3382">
     <span class='ocr_line' id='line_1_82' title="bbox 2170 3313 2848 3382; baseline 0.001 -17"><span class='ocrx_word' id='word_1_572' title='bbox 2170 3313 2368 3368; x_wconf 83' lang='grc' dir='ltr'>αὐτῶν</span> <span class='ocrx_word' id='word_1_573' title='bbox 2401 3315 2848 3382; x_wconf 74' lang='grc' dir='ltr'>εἰσεληλύθατε.</span> 
     </span>
    </p>
   </div>
   <div class='ocr_carea' id='block_1_83' title="bbox 2245 3386 3741 3476">
    <p class='ocr_par' dir='ltr' id='par_1_83' title="bbox 2245 3386 3741 3476">
     <span class='ocr_line' id='line_1_83' title="bbox 2245 3386 3741 3476; baseline 0.001 -20"><span class='ocrx_word' id='word_1_574' title='bbox 2245 3403 2386 3474; x_wconf 85' lang='grc' dir='ltr'>Ἤδη</span> <span class='ocrx_word' id='word_1_575' title='bbox 2419 3403 2479 3456; x_wconf 84' lang='grc' dir='ltr'>τὸ</span> <span class='ocrx_word' id='word_1_576' title='bbox 2511 3403 2729 3473; x_wconf 90' lang='grc' dir='ltr'>σύμπαν</span> <span class='ocrx_word' id='word_1_577' title='bbox 2757 3386 2940 3466; x_wconf 72' lang='grc' dir='ltr'>αὐτοῖς</span> <span class='ocrx_word' id='word_1_578' title='bbox 2985 3401 3378 3462; x_wconf 80' lang='grc' dir='ltr'>άνακαλύπτει,</span> <span class='ocrx_word' id='word_1_579' title='bbox 3413 3407 3741 3476; x_wconf 84' lang='grc' dir='ltr'>μυστήριον,</span> 
     </span>
    </p>
   </div>
   <div class='ocr_carea' id='block_1_84' title="bbox 2172 3493 3749 3568">
    <p class='ocr_par' dir='ltr' id='par_1_84' title="bbox 2172 3493 3749 3568">
     <span class='ocr_line' id='line_1_84' title="bbox 2172 3493 3749 3568; baseline 0.002 -22"><span class='ocrx_word' id='word_1_580' title='bbox 2172 3495 2264 3546; x_wconf 79' lang='grc' dir='ltr'>καί</span> <span class='ocrx_word' id='word_1_581' title='bbox 2290 3495 2388 3564; x_wconf 84' lang='grc' dir='ltr'>τὴν</span> <span class='ocrx_word' id='word_1_582' title='bbox 2413 3493 2785 3563; x_wconf 77' lang='grc' dir='ltr'>αἰνιγματώδη</span> <span class='ocrx_word' id='word_1_583' title='bbox 2816 3493 2922 3547; x_wconf 89' lang='grc' dir='ltr'>τῶν</span> <span class='ocrx_word' id='word_1_584' title='bbox 2950 3493 3121 3562; x_wconf 83' lang='grc' dir='ltr'>λόγων</span> <span class='ocrx_word' id='word_1_585' title='bbox 3181 3495 3498 3566; x_wconf 83' lang='grc' dir='ltr'>ἀποστήσας</span> <span class='ocrx_word' id='word_1_586' title='bbox 3528 3499 3749 3568; x_wconf 88' lang='grc' dir='ltr'>περιϐο-</span> 
     </span>
    </p>
   </div>
   <div class='ocr_carea' id='block_1_85' title="bbox 2172 3582 3745 3657">
    <p class='ocr_par' dir='ltr' id='par_1_85' title="bbox 2172 3582 3745 3657">
     <span class='ocr_line' id='line_1_85' title="bbox 2172 3582 3745 3657; baseline 0.004 -22"><span class='ocrx_word' id='word_1_587' title='bbox 2172 3582 2289 3652; x_wconf 82' lang='grc' dir='ltr'>λὴν,</span> <span class='ocrx_word' id='word_1_588' title='bbox 2322 3583 2724 3654; x_wconf 75' lang='grc' dir='ltr'>ἐναργεστάτην</span> <span class='ocrx_word' id='word_1_589' title='bbox 2759 3582 2852 3637; x_wconf 85' lang='grc' dir='ltr'>τοῦ</span> <span class='ocrx_word' id='word_1_590' title='bbox 2885 3585 3281 3654; x_wconf 82' lang='grc' dir='ltr'>σημαινομένου</span> <span class='ocrx_word' id='word_1_591' title='bbox 3312 3587 3611 3657; x_wconf 87' lang='grc' dir='ltr'>παρίστησι</span> <span class='ocrx_word' id='word_1_592' title='bbox 3647 3588 3745 3656; x_wconf 77' lang='grc' dir='ltr'>τὴν</span> 
     </span>
    </p>
   </div>
   <div class='ocr_carea' id='block_1_86' title="bbox 2172 3667 3747 3746">
    <p class='ocr_par' dir='ltr' id='par_1_86' title="bbox 2172 3667 3747 3746">
     <span class='ocr_line' id='line_1_86' title="bbox 2172 3667 3747 3746; baseline 0.007 -27"><span class='ocrx_word' id='word_1_593' title='bbox 2172 3667 2428 3724; x_wconf 86' lang='grc' dir='ltr'>διάνοιαν.</span> <span class='ocrx_word' id='word_1_594' title='bbox 2465 3669 2876 3741; x_wconf 83' lang='grc' dir='ltr'>Φιλοπροφήτης</span> <span class='ocrx_word' id='word_1_595' title='bbox 2905 3670 2962 3723; x_wconf 86' lang='grc' dir='ltr'>δὲ</span> <span class='ocrx_word' id='word_1_596' title='bbox 2992 3671 3065 3724; x_wconf 88' lang='grc' dir='ltr'>ῶν</span> <span class='ocrx_word' id='word_1_597' title='bbox 3087 3674 3115 3725; x_wconf 90' lang='lat'>6</span> <span class='ocrx_word' id='word_1_598' title='bbox 3148 3673 3358 3744; x_wconf 83' lang='grc' dir='ltr'>Σωτὴρ,</span> <span class='ocrx_word' id='word_1_599' title='bbox 3395 3676 3490 3729; x_wconf 74' lang='grc' dir='ltr'>καὶ</span> <span class='ocrx_word' id='word_1_600' title='bbox 3519 3678 3747 3746; x_wconf 78' lang='grc' dir='ltr'>φιλαπό-</span> 
     </span>
    </p>
   </div>
   <div class='ocr_carea' id='block_1_87' title="bbox 2177 3759 3749 3837">
    <p class='ocr_par' dir='ltr' id='par_1_87' title="bbox 2177 3759 3749 3837">
     <span class='ocr_line' id='line_1_87' title="bbox 2177 3759 3749 3837; baseline 0.007 -25"><span class='ocrx_word' id='word_1_601' title='bbox 2177 3759 2379 3824; x_wconf 90' lang='grc' dir='ltr'>στολος,</span> <span class='ocrx_word' id='word_1_602' title='bbox 2410 3759 2532 3814; x_wconf 78' lang='grc' dir='ltr'>οὔτε</span> <span class='ocrx_word' id='word_1_603' title='bbox 2561 3761 2652 3814; x_wconf 79' lang='grc' dir='ltr'>τὸν</span> <span class='ocrx_word' id='word_1_604' title='bbox 2681 3762 2904 3815; x_wconf 80' lang='grc' dir='ltr'>ἐκείνων</span> <span class='ocrx_word' id='word_1_605' title='bbox 2935 3762 3090 3816; x_wconf 83' lang='grc' dir='ltr'>πόνον</span> <span class='ocrx_word' id='word_1_606' title='bbox 3129 3763 3233 3832; x_wconf 76' lang='grc' dir='ltr'>ἔξω</span> <span class='ocrx_word' id='word_1_607' title='bbox 3260 3768 3359 3837; x_wconf 82' lang='grc' dir='ltr'>τῆς</span> <span class='ocrx_word' id='word_1_608' title='bbox 3379 3767 3486 3822; x_wconf 87' lang='grc' dir='ltr'>τῶν</span> <span class='ocrx_word' id='word_1_609' title='bbox 3519 3769 3749 3822; x_wconf 83' lang='grc' dir='ltr'>ἀποστό-</span> 
     </span>
    </p>
   </div>
   <div class='ocr_carea' id='block_1_88' title="bbox 2174 3850 3748 3930">
    <p class='ocr_par' dir='ltr' id='par_1_88' title="bbox 2174 3850 3748 3930">
     <span class='ocr_line' id='line_1_88' title="bbox 2174 3850 3748 3930; baseline 0.008 -28"><span class='ocrx_word' id='word_1_610' title='bbox 2174 3851 2282 3904; x_wconf 90' lang='grc' dir='ltr'>λων</span> <span class='ocrx_word' id='word_1_611' title='bbox 2313 3850 2494 3920; x_wconf 82' lang='grc' dir='ltr'>τίθησι</span> <span class='ocrx_word' id='word_1_612' title='bbox 2536 3852 2738 3922; x_wconf 83' lang='grc' dir='ltr'>χειρὸς,</span> <span class='ocrx_word' id='word_1_613' title='bbox 2779 3851 2902 3905; x_wconf 78' lang='grc' dir='ltr'>οὔτε</span> <span class='ocrx_word' id='word_1_614' title='bbox 2967 3853 3074 3925; x_wconf 85' lang='grc' dir='ltr'>μὴν</span> <span class='ocrx_word' id='word_1_615' title='bbox 3126 3855 3431 3927; x_wconf 82' lang='grc' dir='ltr'>ὁλοκλήρως</span> <span class='ocrx_word' id='word_1_616' title='bbox 3481 3859 3748 3930; x_wconf 81' lang='grc' dir='ltr'>ἀπονέμει</span> 
     </span>
    </p>
   </div>
   <div class='ocr_carea' id='block_1_89' title="bbox 2174 3941 3747 4014">
    <p class='ocr_par' dir='ltr' id='par_1_89' title="bbox 2174 3941 3747 4014">
     <span class='ocr_line' id='line_1_89' title="bbox 2174 3941 3747 4014; baseline 0.006 -22"><span class='ocrx_word' id='word_1_617' title='bbox 2174 3943 2286 4004; x_wconf 89' lang='grc' dir='ltr'>τοῖς</span> <span class='ocrx_word' id='word_1_618' title='bbox 2315 3941 2486 4008; x_wconf 82' lang='grc' dir='ltr'>ἁγίοις</span> <span class='ocrx_word' id='word_1_619' title='bbox 2517 3941 2832 4005; x_wconf 87' lang='grc' dir='ltr'>ἀποστόλοις</span> <span class='ocrx_word' id='word_1_620' title='bbox 2870 3942 2930 3994; x_wconf 83' lang='grc' dir='ltr'>τὸ</span> <span class='ocrx_word' id='word_1_621' title='bbox 2950 3942 3040 3995; x_wconf 76' lang='grc' dir='ltr'>ἐπὶ</span> <span class='ocrx_word' id='word_1_622' title='bbox 3070 3945 3183 4006; x_wconf 84' lang='grc' dir='ltr'>τοῖς</span> <span class='ocrx_word' id='word_1_623' title='bbox 3217 3943 3502 4014; x_wconf 83' lang='grc' dir='ltr'>μέλλουσιν</span> <span class='ocrx_word' id='word_1_624' title='bbox 3531 3947 3747 4000; x_wconf 82' lang='grc' dir='ltr'>ἀνασω-</span> 
     </span>
    </p>
   </div>
   <div class='ocr_carea' id='block_1_90' title="bbox 2176 4029 3747 4103">
    <p class='ocr_par' dir='ltr' id='par_1_90' title="bbox 2176 4029 3747 4103">
     <span class='ocr_line' id='line_1_90' title="bbox 2176 4029 3747 4103; baseline 0.006 -21"><span class='ocrx_word' id='word_1_625' title='bbox 2176 4029 2436 4100; x_wconf 89' lang='grc' dir='ltr'>θήσεσθαι</span> <span class='ocrx_word' id='word_1_626' title='bbox 2465 4031 2723 4100; x_wconf 86' lang='grc' dir='ltr'>καύχημα</span> <span class='ocrx_word' id='word_1_627' title='bbox 2754 4029 2842 4083; x_wconf 84' lang='grc' dir='ltr'>διὰ</span> <span class='ocrx_word' id='word_1_628' title='bbox 2890 4031 3126 4096; x_wconf 88' lang='grc' dir='ltr'>πίστεως</span> <span class='ocrx_word' id='word_1_629' title='bbox 3151 4033 3249 4103; x_wconf 79' lang='grc' dir='ltr'>τῆς</span> <span class='ocrx_word' id='word_1_630' title='bbox 3281 4036 3361 4097; x_wconf 89' lang='grc' dir='ltr'>είς</span> <span class='ocrx_word' id='word_1_631' title='bbox 3389 4037 3573 4090; x_wconf 75' lang='grc' dir='ltr'>αὐτόν’</span> <span class='ocrx_word' id='word_1_632' title='bbox 3619 4039 3747 4092; x_wconf 84' lang='grc' dir='ltr'>ἀνα-</span> 
     </span>
    </p>
   </div>
   <div class='ocr_carea' id='block_1_91' title="bbox 2175 4121 3746 4199">
    <p class='ocr_par' dir='ltr' id='par_1_91' title="bbox 2175 4121 3746 4199">
     <span class='ocr_line' id='line_1_91' title="bbox 2175 4121 3746 4199; baseline 0.005 -26"><span class='ocrx_word' id='word_1_633' title='bbox 2175 4122 2415 4192; x_wconf 89' lang='grc' dir='ltr'>κεράσας</span> <span class='ocrx_word' id='word_1_634' title='bbox 2460 4121 2516 4174; x_wconf 86' lang='grc' dir='ltr'>δὲ</span> <span class='ocrx_word' id='word_1_635' title='bbox 2556 4122 2745 4192; x_wconf 83' lang='grc' dir='ltr'>ὥσπερ</span> <span class='ocrx_word' id='word_1_636' title='bbox 2792 4121 2884 4174; x_wconf 78' lang='grc' dir='ltr'>καὶ</span> <span class='ocrx_word' id='word_1_637' title='bbox 2906 4125 3025 4186; x_wconf 87' lang='grc' dir='ltr'>ταῖς</span> <span class='ocrx_word' id='word_1_638' title='bbox 3051 4124 3108 4176; x_wconf 81' lang='grc' dir='ltr'>ὲν</span> <span class='ocrx_word' id='word_1_639' title='bbox 3149 4124 3405 4195; x_wconf 79' lang='grc' dir='ltr'>ἀλλήλαις</span> <span class='ocrx_word' id='word_1_640' title='bbox 3449 4128 3746 4199; x_wconf 84' lang='grc' dir='ltr'>ἐνεργείαις</span> 
     </span>
    </p>
   </div>
   <div class='ocr_carea' id='block_1_92' title="bbox 2177 4209 3746 4289">
    <p class='ocr_par' dir='ltr' id='par_1_92' title="bbox 2177 4209 3746 4289">
     <span class='ocr_line' id='line_1_92' title="bbox 2177 4209 3746 4289; baseline 0.005 -25"><span class='ocrx_word' id='word_1_641' title='bbox 2177 4209 2274 4283; x_wconf 79' lang='grc' dir='ltr'>[αι.</span> <span class='ocrx_word' id='word_1_642' title='bbox 2308 4211 2671 4283; x_wconf 64' lang='grc' dir='ltr'>συνεργείαις]</span> <span class='ocrx_word' id='word_1_643' title='bbox 2688 4211 2954 4280; x_wconf 82' lang='grc' dir='ltr'>ἀναμίξας</span> <span class='ocrx_word' id='word_1_644' title='bbox 2985 4212 3075 4266; x_wconf 84' lang='grc' dir='ltr'>τὸν</span> <span class='ocrx_word' id='word_1_645' title='bbox 3097 4215 3373 4285; x_wconf 77' lang='grc' dir='ltr'>ἑκατέρων</span> <span class='ocrx_word' id='word_1_646' title='bbox 3403 4217 3587 4280; x_wconf 88' lang='grc' dir='ltr'>πόνον,</span> <span class='ocrx_word' id='word_1_647' title='bbox 3620 4219 3746 4289; x_wconf 81' lang='grc' dir='ltr'>μίαν</span> 
     </span>
    </p>
   </div>
   <div class='ocr_carea' id='block_1_93' title="bbox 2177 4292 3747 4380">
    <p class='ocr_par' dir='ltr' id='par_1_93' title="bbox 2177 4292 3747 4380">
     <span class='ocr_line' id='line_1_93' title="bbox 2177 4292 3747 4380; baseline 0.004 -25"><span class='ocrx_word' id='word_1_648' title='bbox 2177 4303 2394 4356; x_wconf 75' lang='grc' dir='ltr'>ἔσεσθαί</span> <span class='ocrx_word' id='word_1_649' title='bbox 2423 4320 2576 4373; x_wconf 82' lang='grc' dir='ltr'>φησι,</span> <span class='ocrx_word' id='word_1_650' title='bbox 2611 4292 2704 4354; x_wconf 65' lang='grc' dir='ltr'>καὶ</span> <span class='ocrx_word' id='word_1_651' title='bbox 2745 4303 2888 4372; x_wconf 87' lang='grc' dir='ltr'>μάλα</span> <span class='ocrx_word' id='word_1_652' title='bbox 2919 4305 3160 4368; x_wconf 74' lang='grc' dir='ltr'>εἰκότως,</span> <span class='ocrx_word' id='word_1_653' title='bbox 3192 4307 3277 4357; x_wconf 74' lang='grc' dir='ltr'>ἐπ’</span> <span class='ocrx_word' id='word_1_654' title='bbox 3307 4307 3508 4375; x_wconf 81' lang='grc' dir='ltr'>ἀμφοῖν</span> <span class='ocrx_word' id='word_1_655' title='bbox 3537 4307 3633 4380; x_wconf 81' lang='grc' dir='ltr'>τὴν</span> <span class='ocrx_word' id='word_1_656' title='bbox 3661 4325 3747 4376; x_wconf 81' lang='grc' dir='ltr'>φι-</span> 
     </span>
    </p>
   </div>
   <div class='ocr_carea' id='block_1_94' title="bbox 2176 4393 3748 4467">
    <p class='ocr_par' dir='ltr' id='par_1_94' title="bbox 2176 4393 3748 4467">
     <span class='ocr_line' id='line_1_94' title="bbox 2176 4393 3748 4467; baseline 0.004 -21"><span class='ocrx_word' id='word_1_657' title='bbox 2176 4394 2443 4465; x_wconf 87' lang='grc' dir='ltr'>λοτιμίαν.</span> <span class='ocrx_word' id='word_1_658' title='bbox 2493 4393 2875 4464; x_wconf 84' lang='grc' dir='ltr'>Εἰσϐεϐηκέναι</span> <span class='ocrx_word' id='word_1_659' title='bbox 2926 4411 2990 4463; x_wconf 87' lang='grc' dir='ltr'>γε</span> <span class='ocrx_word' id='word_1_660' title='bbox 3044 4395 3149 4466; x_wconf 84' lang='grc' dir='ltr'>μὴν</span> <span class='ocrx_word' id='word_1_661' title='bbox 3182 4398 3276 4449; x_wconf 74' lang='grc' dir='ltr'>ἐπὶ</span> <span class='ocrx_word' id='word_1_662' title='bbox 3303 4401 3416 4460; x_wconf 84' lang='grc' dir='ltr'>τοῖς</span> <span class='ocrx_word' id='word_1_663' title='bbox 3444 4397 3552 4450; x_wconf 92' lang='grc' dir='ltr'>τῶν</span> <span class='ocrx_word' id='word_1_664' title='bbox 3579 4400 3748 4467; x_wconf 82' lang='grc' dir='ltr'>ἁγίων</span> 
     </span>
    </p>
   </div>
   <div class='ocr_carea' id='block_1_95' title="bbox 2182 4483 3744 4555">
    <p class='ocr_par' dir='ltr' id='par_1_95' title="bbox 2182 4483 3744 4555">
     <span class='ocr_line' id='line_1_95' title="bbox 2182 4483 3744 4555; baseline 0.004 -20"><span class='ocrx_word' id='word_1_665' title='bbox 2182 4484 2477 4555; x_wconf 86' lang='grc' dir='ltr'>προφητῶν</span> <span class='ocrx_word' id='word_1_666' title='bbox 2527 4484 2654 4546; x_wconf 79' lang='grc' dir='ltr'>τοὺς</span> <span class='ocrx_word' id='word_1_667' title='bbox 2701 4483 3029 4546; x_wconf 86' lang='grc' dir='ltr'>ἀποστόλους</span> <span class='ocrx_word' id='word_1_668' title='bbox 3093 4483 3491 4540; x_wconf 87' lang='grc' dir='ltr'>διαϐεϐαιοῦται</span> <span class='ocrx_word' id='word_1_669' title='bbox 3547 4489 3744 4554; x_wconf 84' lang='grc' dir='ltr'>πόνοις,</span> 
     </span>
    </p>
   </div>
   <div class='ocr_carea' id='block_1_96' title="bbox 2181 4574 3748 4652">
    <p class='ocr_par' dir='ltr' id='par_1_96' title="bbox 2181 4574 3748 4652">
     <span class='ocr_line' id='line_1_96' title="bbox 2181 4574 3748 4652; baseline 0.004 -25"><span class='ocrx_word' id='word_1_670' title='bbox 2181 4577 2300 4638; x_wconf 86' lang='grc' dir='ltr'>ταῖς</span> <span class='ocrx_word' id='word_1_671' title='bbox 2352 4575 2460 4628; x_wconf 85' lang='grc' dir='ltr'>τῶν</span> <span class='ocrx_word' id='word_1_672' title='bbox 2524 4574 2899 4645; x_wconf 89' lang='grc' dir='ltr'>προλαϐόντων</span> <span class='ocrx_word' id='word_1_673' title='bbox 2968 4575 3237 4640; x_wconf 86' lang='grc' dir='ltr'>εὐκλείαις</span> <span class='ocrx_word' id='word_1_674' title='bbox 3291 4579 3391 4632; x_wconf 83' lang='grc' dir='ltr'>οὐκ</span> <span class='ocrx_word' id='word_1_675' title='bbox 3442 4581 3748 4652; x_wconf 81' lang='grc' dir='ltr'>ἐπιτρέπων</span> 
     </span>
    </p>
   </div>
   <div class='ocr_carea' id='block_1_97' title="bbox 2183 4666 3749 4738">
    <p class='ocr_par' dir='ltr' id='par_1_97' title="bbox 2183 4666 3749 4738">
     <span class='ocr_line' id='line_1_97' title="bbox 2183 4666 3749 4738; baseline 0.001 -17"><span class='ocrx_word' id='word_1_676' title='bbox 2183 4666 2514 4732; x_wconf 81' lang='grc' dir='ltr'>ὲνάλλεσθαι,</span> <span class='ocrx_word' id='word_1_677' title='bbox 2547 4669 2708 4738; x_wconf 88' lang='grc' dir='ltr'>τιμᾷν</span> <span class='ocrx_word' id='word_1_678' title='bbox 2752 4667 2808 4719; x_wconf 82' lang='grc' dir='ltr'>δὲ</span> <span class='ocrx_word' id='word_1_679' title='bbox 2855 4667 3052 4736; x_wconf 83' lang='grc' dir='ltr'>μᾶλλον</span> <span class='ocrx_word' id='word_1_680' title='bbox 3092 4667 3402 4722; x_wconf 86' lang='grc' dir='ltr'>ἀναπείθων</span> <span class='ocrx_word' id='word_1_681' title='bbox 3429 4670 3645 4737; x_wconf 81' lang='grc' dir='ltr'>αὐτοὺς,</span> <span class='ocrx_word' id='word_1_682' title='bbox 3677 4670 3749 4736; x_wconf 80' lang='grc' dir='ltr'>ὡς</span> 
     </span>
    </p>
   </div>
   <div class='ocr_carea' id='block_1_98' title="bbox 507 4759 3751 4836">
    <p class='ocr_par' dir='ltr' id='par_1_98' title="bbox 507 4759 3751 4836">
     <span class='ocr_line' id='line_1_98' title="bbox 507 4759 3751 4836; baseline 0.001 -23"><span class='ocrx_word' id='word_1_683' title='bbox 507 4761 884 4832; x_wconf 76' lang='grc' dir='ltr'>ἡγησαμένους</span> <span class='ocrx_word' id='word_1_684' title='bbox 916 4761 974 4814; x_wconf 80' lang='grc' dir='ltr'>ἐν</span> <span class='ocrx_word' id='word_1_685' title='bbox 1002 4778 1061 4814; x_wconf 90' lang='grc' dir='ltr'>τε</span> <span class='ocrx_word' id='word_1_686' title='bbox 1107 4762 1274 4832; x_wconf 85' lang='grc' dir='ltr'>πόνῳ,</span> <span class='ocrx_word' id='word_1_687' title='bbox 1317 4761 1411 4816; x_wconf 79' lang='grc' dir='ltr'>καὶ</span> <span class='ocrx_word' id='word_1_688' title='bbox 1442 4761 1639 4831; x_wconf 88' lang='grc' dir='ltr'>χρόνῳ.</span> <span class='ocrx_word' id='word_1_689' title='bbox 1673 4760 1972 4815; x_wconf 89' lang='grc' dir='ltr'>Κάλλιστον</span> <span class='ocrx_word' id='word_1_690' title='bbox 2013 4761 2069 4815; x_wconf 79' lang='grc' dir='ltr'>δὲ</span> <span class='ocrx_word' id='word_1_691' title='bbox 2195 4781 2294 4816; x_wconf 88' lang='grc' dir='ltr'>που</span> <span class='ocrx_word' id='word_1_692' title='bbox 2320 4764 2414 4816; x_wconf 78' lang='grc' dir='ltr'>καὶ</span> <span class='ocrx_word' id='word_1_693' title='bbox 2442 4765 2570 4832; x_wconf 83' lang='grc' dir='ltr'>ἡμῖν</span> <span class='ocrx_word' id='word_1_694' title='bbox 2599 4763 2678 4815; x_wconf 79' lang='grc' dir='ltr'>ὅτι</span> <span class='ocrx_word' id='word_1_695' title='bbox 2718 4761 2781 4831; x_wconf 83' lang='grc' dir='ltr'>δὴ</span> <span class='ocrx_word' id='word_1_696' title='bbox 2811 4762 3024 4825; x_wconf 88' lang='grc' dir='ltr'>πάντως</span> <span class='ocrx_word' id='word_1_697' title='bbox 3051 4759 3200 4814; x_wconf 75' lang='grc' dir='ltr'>ἔσται</span> <span class='ocrx_word' id='word_1_698' title='bbox 3227 4761 3286 4815; x_wconf 84' lang='grc' dir='ltr'>τὸ</span> <span class='ocrx_word' id='word_1_699' title='bbox 3349 4761 3605 4834; x_wconf 88' lang='grc' dir='ltr'>μάθημα,</span> <span class='ocrx_word' id='word_1_700' title='bbox 3671 4765 3751 4827; x_wconf 86' lang='grc' dir='ltr'>τίς</span> 
     </span>
    </p>
   </div>
   <div class='ocr_carea' id='block_1_99' title="bbox 506 4851 1343 4923">
    <p class='ocr_par' dir='ltr' id='par_1_99' title="bbox 506 4851 1343 4923">
     <span class='ocr_line' id='line_1_99' title="bbox 506 4851 1343 4923; baseline 0.006 -21"><span class='ocrx_word' id='word_1_701' title='bbox 506 4851 536 4902; x_wconf 93' lang='lat'>6</span> <span class='ocrx_word' id='word_1_702' title='bbox 572 4855 839 4904; x_wconf 87' lang='grc' dir='ltr'>συναινεῖν</span> <span class='ocrx_word' id='word_1_703' title='bbox 869 4853 1298 4923; x_wconf 84' lang='grc' dir='ltr'>παραιτούμενος</span> <span class='ocrx_word' id='word_1_704' title='bbox 1328 4869 1343 4918; x_wconf 88' lang='grc'><strong>;</strong></span> 
     </span>
    </p>
   </div>
   <div class='ocr_carea' id='block_1_100' title="bbox 579 4942 2080 5011">
    <p class='ocr_par' dir='ltr' id='par_1_100' title="bbox 579 4942 2080 5011">
     <span class='ocr_line' id='line_1_100' title="bbox 579 4942 2080 5011; baseline 0 -12"><span class='ocrx_word' id='word_1_705' title='bbox 579 4942 820 5011; x_wconf 78' lang='lat' dir='ltr'><strong>201W</strong></span> <span class='ocrx_word' id='word_1_706' title='bbox 839 4983 854 5006; x_wconf 91' lang='grc'>,</span> <span class='ocrx_word' id='word_1_707' title='bbox 882 4944 972 4999; x_wconf 77' lang='grc'>59.</span> <span class='ocrx_word' id='word_1_708' title='bbox 1006 4943 1089 4997; x_wconf 80' lang='lat' dir='ltr'>Ea:</span> <span class='ocrx_word' id='word_1_709' title='bbox 1110 4947 1317 4999; x_wconf 82' lang='lat' dir='ltr'><strong>civitate</strong></span> <span class='ocrx_word' id='word_1_710' title='bbox 1347 4955 1520 4999; x_wconf 85' lang='lat' dir='ltr'><strong>autem</strong></span> <span class='ocrx_word' id='word_1_711' title='bbox 1553 4945 1648 4998; x_wconf 82' lang='lat' dir='ltr'><strong>illa</strong></span> <span class='ocrx_word' id='word_1_712' title='bbox 1669 4947 1819 5000; x_wconf 88' lang='lat' dir='ltr'><strong>multi</strong></span> <span class='ocrx_word' id='word_1_713' title='bbox 1849 4947 2080 5001; x_wconf 85' lang='lat' dir='ltr'><strong>credide-</strong></span> 
     </span>
    </p>
   </div>
   <div class='ocr_carea' id='block_1_101' title="bbox 2268 4939 3753 5008">
    <p class='ocr_par' dir='ltr' id='par_1_101' title="bbox 2268 4939 3753 5008">
     <span class='ocr_line' id='line_1_101' title="bbox 2268 4939 3753 5008; baseline -0.002 -10"><span class='ocrx_word' id='word_1_714' title='bbox 2268 4947 2367 4998; x_wconf 78' lang='grc' dir='ltr'>Ἐκ</span> <span class='ocrx_word' id='word_1_715' title='bbox 2389 4942 2456 4994; x_wconf 86' lang='grc' dir='ltr'>δὲ</span> <span class='ocrx_word' id='word_1_716' title='bbox 2479 4939 2588 5008; x_wconf 82' lang='grc' dir='ltr'>τῆς</span> <span class='ocrx_word' id='word_1_717' title='bbox 2621 4943 2850 5006; x_wconf 80' lang='grc' dir='ltr'>πόλεως</span> <span class='ocrx_word' id='word_1_718' title='bbox 2873 4941 3109 5008; x_wconf 81' lang='grc' dir='ltr'>ἐκείνης</span> <span class='ocrx_word' id='word_1_719' title='bbox 3134 4941 3352 4994; x_wconf 77' lang='grc' dir='ltr'>πολλοὶ</span> <span class='ocrx_word' id='word_1_720' title='bbox 3383 4941 3753 4996; x_wconf 76' lang='grc' dir='ltr'>ἐπίστευσαν</span> 
     </span>
    </p>
   </div>
   <div class='ocr_carea' id='block_1_102' title="bbox 511 5029 2063 5104">
    <p class='ocr_par' dir='ltr' id='par_1_102' title="bbox 511 5033 2063 5104">
     <span class='ocr_line' id='line_1_102' title="bbox 511 5033 2063 5104; baseline 0.005 -23"><span class='ocrx_word' id='word_1_721' title='bbox 511 5039 632 5082; x_wconf 83' lang='lat' dir='ltr'><strong>runt</strong></span> <span class='ocrx_word' id='word_1_722' title='bbox 674 5034 728 5083; x_wconf 84' lang='lat' dir='ltr'>in</span> <span class='ocrx_word' id='word_1_723' title='bbox 764 5047 882 5084; x_wconf 82' lang='lat' dir='ltr'>eum</span> <span class='ocrx_word' id='word_1_724' title='bbox 911 5033 1378 5087; x_wconf 81' lang='lat' dir='ltr'><strong>Samaritanorum</strong></span> <span class='ocrx_word' id='word_1_725' title='bbox 1403 5074 1418 5099; x_wconf 90' lang='lat'>,</span> <span class='ocrx_word' id='word_1_726' title='bbox 1451 5046 1661 5104; x_wconf 85' lang='lat' dir='ltr'><strong>propter</strong></span> <span class='ocrx_word' id='word_1_727' title='bbox 1702 5039 1910 5089; x_wconf 85' lang='lat' dir='ltr'><strong>verbum</strong></span> <span class='ocrx_word' id='word_1_728' title='bbox 1961 5053 2063 5089; x_wconf 85' lang='lat' dir='ltr'>mu-</span> 
     </span>
    </p>
   </div>
   <div class='ocr_carea' id='block_1_103' title="bbox 2167 5029 3753 5104">
    <p class='ocr_par' dir='ltr' id='par_1_103' title="bbox 2185 5029 3753 5101">
     <span class='ocr_line' id='line_1_103' title="bbox 2185 5029 3753 5101; baseline -0.004 -12"><span class='ocrx_word' id='word_1_729' title='bbox 2185 5038 2270 5101; x_wconf 78' lang='grc' dir='ltr'>είς</span> <span class='ocrx_word' id='word_1_730' title='bbox 2295 5033 2480 5088; x_wconf 73' lang='grc' dir='ltr'>αὐτὸν</span> <span class='ocrx_word' id='word_1_731' title='bbox 2507 5030 2626 5085; x_wconf 82' lang='grc' dir='ltr'>τῶν</span> <span class='ocrx_word' id='word_1_732' title='bbox 2649 5029 3019 5098; x_wconf 74' lang='grc' dir='ltr'>Σαμαρειτῶν</span> <span class='ocrx_word' id='word_1_733' title='bbox 3050 5030 3146 5083; x_wconf 84' lang='grc' dir='ltr'>διὰ</span> <span class='ocrx_word' id='word_1_734' title='bbox 3171 5031 3277 5082; x_wconf 78' lang='grc' dir='ltr'>τὸν</span> <span class='ocrx_word' id='word_1_735' title='bbox 3301 5031 3489 5100; x_wconf 59' lang='grc' dir='ltr'>λόγον</span> <span class='ocrx_word' id='word_1_736' title='bbox 3517 5031 3627 5100; x_wconf 80' lang='grc' dir='ltr'>τῆς</span> <span class='ocrx_word' id='word_1_737' title='bbox 3651 5053 3753 5101; x_wconf 70' lang='grc' dir='ltr'>γυ-</span> 
     </span>
    </p>
   </div>
   <div class='ocr_carea' id='block_1_104' title="bbox 513 5117 2063 5194">
    <p class='ocr_par' dir='ltr' id='par_1_104' title="bbox 513 5122 2063 5194">
     <span class='ocr_line' id='line_1_104' title="bbox 513 5122 2063 5194; baseline 0.003 -20"><span class='ocrx_word' id='word_1_738' title='bbox 513 5122 656 5175; x_wconf 81' lang='lat' dir='ltr'><strong>lieris</strong></span> <span class='ocrx_word' id='word_1_739' title='bbox 686 5123 1037 5176; x_wconf 75' lang='lat' dir='ltr'><strong>testimonium</strong></span> <span class='ocrx_word' id='word_1_740' title='bbox 1063 5123 1415 5194; x_wconf 67' lang='lat' dir='ltr'><strong>per/libentia;</strong></span> <span class='ocrx_word' id='word_1_741' title='bbox 1440 5126 1577 5193; x_wconf 82' lang='lat' dir='ltr'><strong>Quia</strong></span> <span class='ocrx_word' id='word_1_742' title='bbox 1600 5126 1733 5178; x_wconf 73' lang='lat' dir='ltr'><strong>dixit</strong></span> <span class='ocrx_word' id='word_1_743' title='bbox 1756 5126 1884 5178; x_wconf 82' lang='lat' dir='ltr'><strong>mihi</strong></span> <span class='ocrx_word' id='word_1_744' title='bbox 1903 5127 2063 5180; x_wconf 60' lang='lat' dir='ltr'><strong>omni:</strong></span> 
     </span>
    </p>
   </div>
   <div class='ocr_carea' id='block_1_105' title="bbox 2167 5117 3753 5194">
    <p class='ocr_par' dir='ltr' id='par_1_105' title="bbox 2185 5117 3753 5194">
     <span class='ocr_line' id='line_1_105' title="bbox 2185 5117 3753 5194; baseline -0.003 -13"><span class='ocrx_word' id='word_1_745' title='bbox 2185 5128 2391 5192; x_wconf 70' lang='grc' dir='ltr'>ναικὸς</span> <span class='ocrx_word' id='word_1_746' title='bbox 2436 5125 2877 5194; x_wconf 81' lang='grc' dir='ltr'>μαρτυρούσης’</span> <span class='ocrx_word' id='word_1_747' title='bbox 2918 5123 3046 5174; x_wconf 87' lang='grc' dir='ltr'>Ὅτι</span> <span class='ocrx_word' id='word_1_748' title='bbox 3082 5117 3212 5174; x_wconf 80' lang='grc' dir='ltr'>εἶπέ</span> <span class='ocrx_word' id='word_1_749' title='bbox 3251 5139 3354 5190; x_wconf 81' lang='grc' dir='ltr'>μοι</span> <span class='ocrx_word' id='word_1_750' title='bbox 3386 5121 3603 5190; x_wconf 80' lang='grc' dir='ltr'>πάντα,</span> <span class='ocrx_word' id='word_1_751' title='bbox 3639 5123 3753 5176; x_wconf 82' lang='grc' dir='ltr'>ὅσα</span> 
     </span>
    </p>
   </div>
   <div class='ocr_carea' id='block_1_106' title="bbox 511 5215 2063 5290">
    <p class='ocr_par' dir='ltr' id='par_1_106' title="bbox 511 5215 975 5290">
     <span class='ocr_line' id='line_1_106' title="bbox 511 5215 975 5290; baseline -0.006 -20"><span class='ocrx_word' id='word_1_752' title='bbox 511 5231 828 5290; x_wconf 66' lang='lat' dir='ltr'><strong>quacunque</strong></span> <span class='ocrx_word' id='word_1_753' title='bbox 855 5215 975 5284; x_wconf 80' lang='lat' dir='ltr'><strong>feci.</strong></span> 
     </span>
    </p>
   </div>
   <div class='ocr_carea' id='block_1_107' title="bbox 2167 5215 2460 5290">
    <p class='ocr_par' dir='ltr' id='par_1_107' title="bbox 2185 5217 2460 5283">
     <span class='ocr_line' id='line_1_107' title="bbox 2185 5217 2460 5283; baseline -0.015 -14"><span class='ocrx_word' id='word_1_754' title='bbox 2185 5217 2460 5283; x_wconf 80' lang='grc' dir='ltr'>ἐποίησα.</span> 
     </span>
    </p>
   </div>
   <div class='ocr_carea' id='block_1_108' title="bbox 585 5301 2063 5375">
    <p class='ocr_par' dir='ltr' id='par_1_108' title="bbox 585 5306 2063 5374">
     <span class='ocr_line' id='line_1_108' title="bbox 585 5306 2063 5374; baseline 0.001 -14"><span class='ocrx_word' id='word_1_755' title='bbox 585 5307 678 5363; x_wconf 90' lang='lat' dir='ltr'><strong>llis</strong></span> <span class='ocrx_word' id='word_1_756' title='bbox 715 5306 896 5360; x_wconf 84' lang='lat' dir='ltr'><strong>verbis</strong></span> <span class='ocrx_word' id='word_1_757' title='bbox 935 5321 1156 5360; x_wconf 87' lang='lat' dir='ltr'><strong>rursum</strong></span> <span class='ocrx_word' id='word_1_758' title='bbox 1205 5307 1378 5362; x_wconf 87' lang='lat' dir='ltr'><strong>Israel</strong></span> <span class='ocrx_word' id='word_1_759' title='bbox 1421 5307 1856 5374; x_wconf 88' lang='lat' dir='ltr'><strong>condemnatur,</strong></span> <span class='ocrx_word' id='word_1_760' title='bbox 1903 5316 1958 5363; x_wconf 92' lang='lat' dir='ltr'>et</span> <span class='ocrx_word' id='word_1_761' title='bbox 2011 5324 2063 5362; x_wconf 70' lang='lat' dir='ltr'><strong>ei</strong></span> 
     </span>
    </p>
   </div>
   <div class='ocr_carea' id='block_1_109' title="bbox 2167 5301 3753 5375">
    <p class='ocr_par' dir='ltr' id='par_1_109' title="bbox 2256 5301 3753 5375">
     <span class='ocr_line' id='line_1_109' title="bbox 2256 5301 3753 5375; baseline -0.005 -14"><span class='ocrx_word' id='word_1_762' title='bbox 2256 5303 2658 5375; x_wconf 84' lang='grc' dir='ltr'>Κατακρίνεται</span> <span class='ocrx_word' id='word_1_763' title='bbox 2693 5302 2852 5356; x_wconf 87' lang='grc' dir='ltr'>πάλιν</span> <span class='ocrx_word' id='word_1_764' title='bbox 2871 5301 2965 5354; x_wconf 70' lang='grc' dir='ltr'>καὶ</span> <span class='ocrx_word' id='word_1_765' title='bbox 2993 5301 3080 5354; x_wconf 83' lang='grc' dir='ltr'>διὰ</span> <span class='ocrx_word' id='word_1_766' title='bbox 3106 5301 3308 5356; x_wconf 89' lang='grc' dir='ltr'>τούτων</span> <span class='ocrx_word' id='word_1_767' title='bbox 3337 5305 3366 5356; x_wconf 91' lang='lat'>6</span> <span class='ocrx_word' id='word_1_768' title='bbox 3402 5303 3640 5372; x_wconf 83' lang='grc' dir='ltr'>Ἰσραὴλ,</span> <span class='ocrx_word' id='word_1_769' title='bbox 3660 5302 3753 5355; x_wconf 75' lang='grc' dir='ltr'>καὶ</span> 
     </span>
    </p>
   </div>
   <div class='ocr_carea' id='block_1_110' title="bbox 455 5391 2063 5470">
    <p class='ocr_par' dir='ltr' id='par_1_110' title="bbox 455 5398 2063 5470">
     <span class='ocr_line' id='line_1_110' title="bbox 455 5398 2063 5470; baseline 0.001 -17"><span class='ocrx_word' id='word_1_770' title='bbox 455 5437 460 5444; x_wconf 70' lang='grc' dir='ltr'>ι</span> <span class='ocrx_word' id='word_1_771' title='bbox 514 5398 988 5453; x_wconf 88' lang='lat' dir='ltr'><strong>Samaritanorum</strong></span> <span class='ocrx_word' id='word_1_772' title='bbox 1025 5399 1289 5452; x_wconf 83' lang='lat' dir='ltr'><strong>facilitate</strong></span> <span class='ocrx_word' id='word_1_773' title='bbox 1318 5398 1491 5456; x_wconf 91' lang='lat' dir='ltr'><strong>durus</strong></span> <span class='ocrx_word' id='word_1_774' title='bbox 1521 5407 1574 5455; x_wconf 90' lang='lat' dir='ltr'>et</span> <span class='ocrx_word' id='word_1_775' title='bbox 1605 5398 1928 5470; x_wconf 59' lang='lat' dir='ltr'><strong>praefractus</strong></span> <span class='ocrx_word' id='word_1_776' title='bbox 1955 5399 2063 5470; x_wconf 77' lang='lat' dir='ltr'><strong>ejut</strong></span> 
     </span>
    </p>
   </div>
   <div class='ocr_carea' id='block_1_111' title="bbox 2167 5391 3750 5470">
    <p class='ocr_par' dir='ltr' id='par_1_111' title="bbox 2181 5391 3750 5464">
     <span class='ocr_line' id='line_1_111' title="bbox 2181 5391 3750 5464; baseline -0.004 -16"><span class='ocrx_word' id='word_1_777' title='bbox 2181 5397 2267 5450; x_wconf 83' lang='grc' dir='ltr'>διὰ</span> <span class='ocrx_word' id='word_1_778' title='bbox 2327 5396 2424 5464; x_wconf 81' lang='grc' dir='ltr'>τῆς</span> <span class='ocrx_word' id='word_1_779' title='bbox 2482 5391 2830 5463; x_wconf 86' lang='grc' dir='ltr'>Σαμαρειτῶν</span> <span class='ocrx_word' id='word_1_780' title='bbox 2898 5393 3240 5457; x_wconf 82' lang='grc' dir='ltr'>εὐπειθείας,</span> <span class='ocrx_word' id='word_1_781' title='bbox 3291 5393 3635 5464; x_wconf 85' lang='grc' dir='ltr'>ἀφιλομαθής</span> <span class='ocrx_word' id='word_1_782' title='bbox 3694 5409 3750 5442; x_wconf 88' lang='grc' dir='ltr'>τε</span> 
     </span>
    </p>
   </div>
   <div class='ocr_carea' id='block_1_112' title="bbox 515 5483 2063 5561">
    <p class='ocr_par' dir='ltr' id='par_1_112' title="bbox 515 5489 2063 5561">
     <span class='ocr_line' id='line_1_112' title="bbox 515 5489 2063 5561; baseline 0.003 -20"><span class='ocrx_word' id='word_1_783' title='bbox 515 5491 730 5545; x_wconf 86' lang='lat' dir='ltr'><strong>animus</strong></span> <span class='ocrx_word' id='word_1_784' title='bbox 764 5491 1033 5561; x_wconf 83' lang='lat' dir='ltr'><strong>arguitur.</strong></span> <span class='ocrx_word' id='word_1_785' title='bbox 1079 5489 1444 5548; x_wconf 84' lang='lat' dir='ltr'><strong>Vehementer</strong></span> <span class='ocrx_word' id='word_1_786' title='bbox 1467 5492 1612 5549; x_wconf 89' lang='lat' dir='ltr'><strong>enim</strong></span> <span class='ocrx_word' id='word_1_787' title='bbox 1649 5493 1876 5548; x_wconf 91' lang='lat' dir='ltr'><strong>miratur</strong></span> <span class='ocrx_word' id='word_1_788' title='bbox 1910 5507 2063 5547; x_wconf 85' lang='lat' dir='ltr'><strong>evan-</strong></span> 
     </span>
    </p>
   </div>
   <div class='ocr_carea' id='block_1_113' title="bbox 2167 5483 3755 5561">
    <p class='ocr_par' dir='ltr' id='par_1_113' title="bbox 2179 5483 3755 5559">
     <span class='ocr_line' id='line_1_113' title="bbox 2179 5483 3755 5559; baseline -0.004 -17"><span class='ocrx_word' id='word_1_789' title='bbox 2179 5487 2315 5559; x_wconf 87' lang='grc' dir='ltr'>όμοῦ</span> <span class='ocrx_word' id='word_1_790' title='bbox 2350 5487 2443 5541; x_wconf 75' lang='grc' dir='ltr'>καὶ</span> <span class='ocrx_word' id='word_1_791' title='bbox 2472 5485 2685 5555; x_wconf 84' lang='grc' dir='ltr'>ἀπηνὴς</span> <span class='ocrx_word' id='word_1_792' title='bbox 2729 5483 3088 5554; x_wconf 79' lang='grc' dir='ltr'>ἐξελέγχεται.</span> <span class='ocrx_word' id='word_1_793' title='bbox 3145 5483 3422 5553; x_wconf 79' lang='grc' dir='ltr'>Θαυμάζει</span> <span class='ocrx_word' id='word_1_794' title='bbox 3467 5484 3576 5554; x_wconf 78' lang='grc' dir='ltr'>γὰρ</span> <span class='ocrx_word' id='word_1_795' title='bbox 3636 5483 3755 5536; x_wconf 86' lang='grc' dir='ltr'>λίαν</span> 
     </span>
    </p>
   </div>
   <div class='ocr_carea' id='block_1_114' title="bbox 603 5667 1197 5735">
    <p class='ocr_par' dir='ltr' id='par_1_114' title="bbox 603 5667 1197 5735">
     <span class='ocr_line' id='line_1_114' title="bbox 603 5667 1197 5735; baseline 0.01 -15"><span class='ocrx_word' id='word_1_796' title='bbox 603 5669 648 5700; x_wconf 80' lang='grc'>⁸⁸</span> <span class='ocrx_word' id='word_1_797' title='bbox 674 5667 835 5724; x_wconf 84' lang='lat' dir='ltr'><strong>lleur.</strong></span> <span class='ocrx_word' id='word_1_798' title='bbox 866 5683 916 5723; x_wconf 73' lang='lat' dir='ltr'>sl</span> <span class='ocrx_word' id='word_1_799' title='bbox 938 5708 951 5735; x_wconf 93' lang='lat'>,</span> <span class='ocrx_word' id='word_1_800' title='bbox 982 5669 1070 5735; x_wconf 78' lang='lat'>59,</span> <span class='ocrx_word' id='word_1_801' title='bbox 1105 5669 1197 5726; x_wconf 73' lang='grc' dir='ltr'>ιο.</span> 
     </span>
    </p>
   </div>
  </div>
