4090 6266
501 304 607 359 ’531

1496 297 1554 352 S.
1589 296 1867 353 CYRILLI
1904 296 2377 354 ALEXANDRINI
2404 298 2723 355 ARCHIEP.

3659 306 3763 365 559.

505 423 722 480 vectus,
754 413 938 484 aitque
967 410 1154 467 Jesum
1193 410 1372 480 ipsum
1405 416 1664 466 testatum
1691 425 1817 466 esse
1849 410 2084 481 proptre-

2191 407 2328 465 εἶναι
2365 412 2562 477 δοκεῖν,
2589 411 2840 481 καταίρει
2868 409 2924 462 δὲ
2955 409 3153 480 μᾶλλον
3195 411 3274 475 εἰς
3315 411 3410 482 τὴν
3457 411 3761 466 Γαλιλαίανο

509 517 619 562 tam
655 507 711 560 in
745 505 930 576 patria
960 519 1060 560 sua
1087 503 1296 558 honore
1327 515 1538 558 carere.
1565 500 1645 556 ita
1677 503 1823 557 enim
1853 499 1966 556 fere
1992 516 2092 556 na-

509 606 632 654 tura
658 594 965 666 comparati
983 609 1198 657 sumus,
1230 599 1288 646 ut
1311 593 1455 662 quod
1487 590 1760 648 familiare
1795 591 1952 647 nobis
1977 598 2087 656 est,

509 690 637 746 licet
675 687 936 744 eximium
984 693 1038 740 et
1085 685 1382 756 pretiosum
1436 683 1550 751 sit,
1599 683 1759 738 nihili
1800 681 2088 737 ducamus.

509 779 696 850 Neque
734 793 864 834 vero
898 777 1113 832 volebat
1157 776 1411 830 Salvator
1448 775 1692 830 honores
1735 773 1838 828 sibi
1876 772 1944 826 ab
1983 772 2092 827 illis

509 885 635 926 cum
666 869 811 925 fastu
836 875 890 924 et
925 868 1225 924 ambitione
1252 867 1476 931 venari,
1513 865 1611 922 sed
1648 864 1896 934 apprime
1923 877 2091 918 nove-

509 971 597 1018 rat
639 961 790 1032 quod
834 961 979 1032 apud
1033 975 1128 1014 eos
1187 960 1284 1030 qui
1329 975 1400 1014 ne
1435 943 1824 1013 honorandum
1868 955 2091 1025 quid-em

510 1055 836 1127 magistrum
875 1053 1164 1124 putabant,
1192 1061 1452 1123 acceptus
1487 1059 1541 1106 et
1572 1051 1761 1106 suavis
1801 1063 1909 1104 non
1945 1053 2093 1103 esset

512 1149 641 1204 ﬁdei
701 1161 882 1203 sermo
939 1143 1180 1200 futurus.
1244 1142 1670 1197 Praetervehitur
1719 1142 1906 1210 itaque
1962 1139 2090 1209 jure

512 1240 711 1293 merito
743 1275 756 1300 ,
820 1250 922 1290 nec
977 1235 1194 1289 inanem
1254 1234 1312 1287 in
1364 1247 1459 1287 eos
1511 1233 1758 1286 laborem
1814 1232 2093 1286 insumere

513 1329 770 1400 dignatur
795 1369 810 1395 ,
843 1327 937 1398 qui
973 1327 1110 1380 nihil
1138 1333 1326 1381 essent
1369 1324 1624 1378 utilitatis
1660 1323 1788 1378 inde
1825 1323 2087 1393 capturi:

512 1429 568 1476 et
601 1434 697 1490 per
738 1419 842 1472 hoc
877 1418 1112 1488 gratiam
1153 1415 1628 1486 eontemptoribus
1677 1421 1923 1484 praestat.
1970 1412 2092 1468 Non

511 1513 656 1568 enim
699 1511 964 1566 credibile
999 1516 1122 1564 erat
1160 1523 1260 1564 eos
1307 1507 1401 1578 qui
1449 1513 1603 1560 tanto
1636 1506 1870 1561 crimine
1899 1519 1959 1560 se
1987 1505 2091 1559 ob-

509 1601 845 1671 stringerent
888 1598 1111 1669 impune
1158 1598 1210 1652 id
1249 1596 1528 1662 facturos,
1571 1611 1696 1650 cum
1737 1595 1794 1649 in
1839 1591 2092 1649 confesso

511 1691 584 1746 sit
629 1689 772 1760 apud
807 1703 1040 1756 omnes,
1091 1696 1395 1743 extremam
1441 1701 1661 1756 pmnam
1715 1691 2091 1754 reportaturos

2193 503 2506 572 ἀναγκαίως
2551 506 2785 557 ποιεῖται
2809 503 2906 574 τὴν
2928 503 3222 571 ἀπολογίαν
3256 505 3352 574 τῆς
3386 504 3762 576 παραδρομῆς,

2192 595 2285 649 καί
2315 611 2499 665 φησιν,
2543 595 2626 648 ὅτι
2657 595 3083 667 μεμαρτύρηκεν
3133 594 3296 656 αὐτὸς
3347 595 3376 646 6
3414 595 3640 664 Ἰησοῦς,
3685 597 3765 650 ὅτι

2194 686 2481 756 προφήτης
2523 686 2580 738 ὲν
2611 688 2678 756 τῇ
2741 685 2844 757 ἰδίᾳ
2895 685 3113 756 πατρίδι
3154 686 3319 755 τιμὴν
3349 686 3448 738 οὐκ
3493 685 3626 755 ἕχει.
3660 688 3766 739 Πε-

2193 776 2444 848 φύκαμεν
2476 776 2586 848 γάρ
2630 795 2746 840 πως
2779 777 2932 831 οὐδὲν
2973 777 3225 848 ἡγεῖσθαι
3261 777 3322 829 τὸ
3375 776 3623 846 σύνηθες,
3664 778 3766 830 κᾶν

2193 869 2427 940 ὑπάρχοι
2472 870 2614 940 μέγα
2645 869 2740 924 καὶ
2787 869 2989 940 τίμιον.
3027 870 3136 922 Καὶ
3171 870 3232 922 οὑ
3262 868 3433 938 δήπου
3485 867 3586 931 τὰς
3637 869 3767 938 παρ’

2193 961 2415 1014 ἐκείνων
2447 961 2530 1014 ὃτι
2573 961 2755 1032 δεήσοι
2795 961 3063 1032 θηρᾶσθαι
3097 961 3262 1032 τιμὰς
3299 963 3328 1012 ὁ
3361 961 3554 1032 Σωτὴρ
3592 960 3769 1012 ἐδόκεε

2197 1051 2387 1122 μαζεν,
2423 1054 2479 1105 ὲν
2509 1053 2702 1124 ἀνδρὸς
2725 1052 2999 1121 φιλοδόξου
3033 1053 3177 1116 τινὸς
3209 1053 3359 1117 τάξει
3382 1055 3476 1107 καὶ
3504 1054 3768 1125 φιλοκόμ-

2193 1143 2423 1212 παστοῦ,
2465 1143 2578 1198 ἀλλ’
2631 1145 2900 1214 ἠπίστατο
2954 1145 3173 1214 σαφῶς,
3227 1147 3307 1198 ὅτι
3358 1147 3471 1208 τοῖς
3529 1145 3770 1216 μηόόλως

2193 1236 2481 1305 οἰομένοις,
2510 1238 2590 1290 ὅτι
2641 1239 2908 1308 προσήκοι
2938 1239 3103 1308 τιμᾷν
3151 1237 3240 1291 τὸν
3282 1237 3622 1301 διδάσκοντα,
3661 1236 3766 1288 οὐδ’

2192 1322 2259 1377 ἂν
2304 1323 2380 1376 ἐτι
2407 1324 2609 1393 γλυκύς
2639 1342 2699 1378 τε
2745 1326 2838 1380 καὶ
2884 1326 3283 1397 εύπαράδεκτος
3314 1327 3342 1380 6
3385 1327 3483 1396 τῆς
3535 1325 3768 1387 πίστεως

2193 1414 2399 1483 γένοιτο
2442 1416 2618 1485 λόγος.
2678 1417 3012 1489 Παρελαύνει
3055 1417 3343 1488 τοιγαροῦν
3395 1417 3639 1480 εἰκότως,
3691 1417 3771 1477 εἰς

2193 1506 2606 1579 ὠφελουμένους
2641 1510 2794 1564 οὐδὲν
2837 1510 3082 1574 εἰκαίους
3128 1509 3402 1564 ἀναλῶσαι
3434 1508 3628 1571 πόνους
3670 1506 3770 1560 οὐκ

2193 1598 2382 1664 ἀξιῶν,
2415 1602 2508 1654 καὶ
2525 1603 2683 1672 χάριν
2711 1602 2767 1654 δὲ
2793 1601 2879 1655 διὰ
2899 1602 3089 1655 τούτου
3112 1604 3223 1664 τοῖς
3247 1597 3643 1670 καταφρονοῦσι
3670 1615 3770 1651 κα-

2192 1691 2452 1755 τατιθείς.
2477 1694 2550 1747 Οὐ
2583 1693 2692 1765 γὰρ
2717 1690 2784 1764 ἦν
2809 1693 2954 1757 εἰκὸς
2982 1696 3059 1758 εἰς
3089 1693 3338 1747 τοσοῦτον
3368 1691 3773 1762 ἐξαμαρτάνον-

512 1783 604 1853 qui
635 1781 1070 1852 contempserint
1097 1794 1245 1844 eum,
1279 1792 1345 1834 ac
1377 1785 1488 1834 tam
1521 1775 1850 1832 admirabile
1882 1774 2088 1829 donum

2192 1795 2289 1843 τας
2319 1783 2536 1852 νηποινὶ
2559 1781 2718 1837 τοῦτο
2745 1784 2964 1854 δράσειν
3004 1785 3219 1849 αὐτοὺς,
3254 1782 3684 1854 ὁμολογουμένου
3708 1779 3775 1851 δὴ

508 1873 849 1947 τεειιιιοτίιιι.

2193 1870 2430 1938 πάντως,
2472 1876 2568 1927 καὶ
2599 1876 3098 1947 ἀναμφισϐητήτως
3145 1875 3384 1946 ἔχοντος,
3432 1875 3508 1938 ὡς
3539 1873 3638 1944 τὴν
3681 1871 3774 1925 ἐπὶ

511 1971 622 2032 τοῖς
635 1967 882 2039 ἐσχάτοις
897 1964 1211 2042 ἀποίσονται
1237 1963 1458 2022 κόλασιν
1480 1963 1529 2018 οἰ
1547 1964 1909 2035 καταφρονεῖν
1932 1960 2231 2032 ἐγνωκότες
2266 1967 2453 2033 αὐτοῦ,
2488 1970 2582 2026 καὶ
2607 1970 2707 2044 τὴν
2769 1971 2944 2038 οὕτως
3011 1972 3440 2044 ἀξιοθαύμαστον
3504 1966 3772 2042 περιπτύ-

519 2082 663 2128 νντες
690 2065 922 2136 δωρεάν.

580 2154 674 2222 1V,
703 2155 789 2210 45.
824 2153 957 2210 Cum
983 2170 1105 2225 ergo
1125 2155 1345 2209 venisset
1373 2150 1426 2207 in
1449 2152 1756 2220 Galilaeam,
1776 2161 2087 2219 exceperunt

504 2263 626 2302 eum
653 2246 884 2309 Galilazi,
913 2261 1032 2299 eum
1066 2245 1244 2298 omnia
1272 2243 1522 2299 vidissent
1550 2243 1709 2313 203
1736 2259 1855 2313 quis
1891 2242 2086 2310 fecerat

514 2337 894 2407 Hierosolymis
950 2336 1006 2392 in
1048 2337 1133 2391 die
1175 2336 1310 2405 festo
1337 2351 1357 2390 :
1423 2346 1474 2390 et
1519 2336 1621 2404 ipsi
1657 2336 1796 2389 enim
1845 2343 2089 2390 venerant

509 2429 579 2483 ad
609 2429 748 2483 diem
780 2428 994 2497 festum.

581 2520 701 2575 Non
723 2527 929 2574 temere
947 2516 1158 2574 Galilaei
1186 2516 1496 2588 suscipiunt
1525 2514 1738 2582 Jesum,
1768 2514 1864 2573 sed
1895 2516 2094 2586 partim

511 2620 582 2674 ob
611 2617 880 2673 miracula
921 2631 1044 2687 quae
1085 2613 1199 2685 jam
1237 2613 1304 2668 ab
1347 2629 1414 2670 eo
1462 2612 1671 2684 patrari
1696 2611 1946 2666 viderant
1970 2611 2098 2681 jure

513 2711 756 2775 attoniti,
793 2708 998 2780 partim
1027 2709 1100 2764 ob
1145 2707 1404 2777 pietatem
1453 2705 1510 2760 in
1554 2707 1739 2775 ipsum
1783 2703 2095 2759 Iudaeorum

515 2802 949 2857 condemnantes
1020 2798 1356 2864 vecordiam,
1419 2803 1475 2852 et
1524 2797 1696 2850 animi
1745 2796 1990 2851 candore
2034 2808 2097 2849 ac

507 2894 864 2966 simplicitate
889 2891 1003 2948 illis
1031 2890 1088 2946 in
1124 2889 1241 2960 lege
1268 2887 1509 2946 eruditis
1552 2887 1796 2958 potiores
1828 2885 2054 2957 reperti.

579 3067 672 3132 ιγ,
719 3068 810 3122 46.
875 3064 1024 3120 Venit
1055 3081 1174 3136 ergo
1199 3064 1390 3118 iterum
1419 3064 1475 3118 in
1512 3061 1664 3117 Cana
1720 3060 1982 3126 Galilcea’,
2007 3060 2096 3114 ubi

509 3161 634 3233 fecit
666 3175 860 3229 aquam
893 3157 1091 3213 vinum.

580 3252 727 3307 Inter
747 3249 1016 3306 candidos
1039 3247 1289 3305 homines
1319 3244 1520 3302 lubens
1537 3252 1793 3301 versatur
1818 3242 2093 3310 Christus,
2122 3276 2164 3334 α

507 3353 809 3415 gratosque
830 3351 884 3399 et
905 3340 1304 3399 beneﬁciorum
1335 3352 1628 3402 memores,
1659 3337 1853 3406 eisque
1881 3335 2091 3406 majora

509 3439 651 3494 bona
686 3436 893 3491 aliatim
945 3434 1201 3506 largitur.
1234 3429 1399 3488 Venit
1422 3445 1556 3501 ergo
1595 3429 1864 3484 miracula
1914 3427 2094 3482 factu-

509 3544 606 3585 rus
658 3529 715 3582 in
747 3527 918 3591 Cana,
980 3526 1305 3581 existimans
1355 3523 1582 3592 insuper
1633 3535 1759 3576 esse
1819 3519 2094 3590 iuvandos

507 3620 629 3688 ejus
667 3618 900 3682 incolas,
933 3615 1194 3686 opinione
1225 3613 1282 3667 in
1314 3627 1508 3668 eorum
1544 3611 1767 3677 animis,
1811 3624 1911 3678 per
1940 3610 2094 3677 signa

508 3723 631 3780 qua:
665 3709 721 3762 in
755 3707 850 3761 illa
879 3705 994 3775 jam
1026 3704 1255 3769 fecerat,
1293 3700 1704 3772 quodammodo
1732 3701 1920 3766 insita,
1958 3714 2096 3756 cun-

509 3807 600 3856 cta
627 3813 751 3855 eum
787 3797 968 3853 facere
1003 3810 1186 3868 posse.

581 3971 676 4039 IV,
713 3972 900 4027 46-48.
965 3969 1035 4024 Et
1064 3979 1179 4025 erat
1218 3969 1434 4040 quidam
1481 3969 1715 4039 regulus,
1759 3969 1909 4038 cujus
1949 3969 2095 4038 ﬁlius

507 4063 891 4135 inﬁrmabalur
935 4060 1335 4132 Capharnaum.
1377 4058 1480 4114 Hic
1526 4076 1645 4114 cum
1689 4061 1922 4116 audisset
1971 4061 2097 4131 quia

509 4155 664 4212 Iesus
695 4154 960 4209 adveniret
992 4170 1024 4210 a
1052 4150 1250 4208 Judtea
1274 4153 1326 4206 in
1356 4149 1662 4217 Galilaeam,
1691 4152 1824 4207 abiit
1847 4152 1915 4206 ad
1951 4169 2093 4216 eum,

507 4259 555 4302 et
585 4247 802 4317 rogabat
837 4262 955 4300 eum
985 4255 1042 4299 ut
1070 4243 1405 4301 descenderet
1429 4255 1480 4300 et
1503 4255 1716 4300 sanaret
1747 4245 1920 4314 ﬁlium
1942 4245 2094 4314 ejus;

509 4337 793 4405 incipiebat
821 4338 962 4391 enim
996 4336 1154 4392 mori.
1195 4335 1346 4390 Dixit
1374 4351 1498 4406 ergo
1537 4333 1696 4390 Iesus
1727 4335 1796 4390 ad
1821 4351 1961 4392 eum.

579 4515 957 4574 Proﬂciscitur
994 4517 1215 4588 quidem
1242 4515 1352 4572 “ille
1402 4516 1650 4587 regulus,
1702 4522 1972 4585 tanquam
2027 4513 2094 4568 ad

2269 2154 2408 2207 Ὅτε
2432 2151 2546 2210 οὖν
2581 2152 2767 2226 ἦλθεν
2813 2158 2901 2221 είς
2939 2156 3056 2224 τὴν
3079 2157 3439 2224 Γαλιλαίαν,
3487 2158 3772 2224 ἐδέξαντο

2195 2246 2380 2299 αὐτὸν
2407 2249 2460 2300 οἱ
2487 2246 2797 2301 Γαλιλαῖοι
2831 2247 3026 2301 πάντα
3052 2247 3396 2315 ἑωρακότες,
3427 2250 3545 2304 ὅσα
3572 2252 3773 2321 ἐποίη-

2195 2351 2308 2391 o'sr
2326 2336 2396 2390 ἐν
2436 2337 2873 2407 Ἰεροσολύμοις
2901 2339 2970 2392 ἐν
2998 2336 3075 2407 τῇ
3101 2338 3296 2407 ἑορτῇ·
3331 2339 3430 2393 καί
3459 2343 3628 2396 αὐτοὶ
3663 2344 3771 2413 γὰρ

2195 2426 2388 2500 ἦλθον
2404 2431 2492 2495 εἰς
2516 2430 2631 2498 τὴν
2667 2429 2899 2498 ἑορτήν.

2266 2521 2381 2576 Οὐκ
2412 2521 2834 2590 ἀπερισκέπτως
2866 2523 2914 2574 οἱ
2945 2520 3217 2575 Γαλιλαῖοι
3249 2520 3494 2592 δέχονται
3520 2525 3613 2578 τὸν
3663 2526 3769 2596 Ἰη-

2202 2608 2352 2676 σοῦν,
2380 2611 2514 2665 ἀλλὰ
2545 2614 2640 2664 καὶ
2665 2611 2819 2665 αὑτοὶ
2847 2611 2913 2665 δι’
2938 2604 3011 2665 ὧν
3029 2612 3129 2682 ἤδη
3149 2611 3665 2682 θαυματουργοῦντα
3687 2633 3772 2670 τε·

2198 2702 2660 2766 θέανταιδικαίως
2705 2704 3236 2775 καταπληττόμενοι,
3288 2706 3382 2758 καὶ
3436 2705 3523 2759 διά
3568 2707 3669 2776 τῆς
3693 2709 3772 2770 εἰς

2197 2796 2358 2849 αὑτὸν
2388 2796 2672 2859 εὐλαϐείας
2715 2796 2815 2859 τὰς
2841 2796 2949 2850 τῶν
2994 2797 3264 2851 Ἰουδαίων
3298 2798 3558 2861 ἀπονοίας
3602 2816 3773 2852 κατα-

2195 2889 2530 2952 δικάζοντες,
2575 2889 2667 2942 καὶ
2708 2889 2840 2942 πολὺ
2877 2889 3013 2958 πρὸς
3053 2889 3475 2960 εὐγνωμοσύνην
3514 2890 3774 2960 ἀμείνους

2195 2979 2304 3031 τῶν
2330 2977 2654 3048 νομομαθῶν
2681 2978 3089 3049 εὑρισκόμενοι.

2265 3064 2492 3124 τῌλθεν
2517 3065 2630 3124 οὖν
2648 3067 2835 3122 πάλιν
2851 3070 2938 3132 εὶς
2964 3068 3080 3136 τὴν
3106 3068 3274 3126 Κανᾶ
3290 3069 3399 3139 τῆς
3418 3070 3773 3137 Γαλιλαίας,

2199 3154 2350 3208 ὅπου
2374 3156 2622 3222 ἐποίησε
2675 3155 2743 3209 τὸ
2763 3156 2920 3223 ὕδωρ
2950 3156 3137 3211 olror.

2278 3245 2677 3318 Ἐμφιλοχωρεῖ
2693 3250 2804 3310 τοῖς
2838 3247 3177 3318 εύγνώμοσιν
3214 3251 3242 3302 6
3270 3247 3526 3319 Χριστὸς,
3549 3251 3641 3304 καὶ
3663 3255 3774 3314 τοίς

2198 3336 2537 3407 ἑτοιμότερόν
2569 3355 2686 3400 πως
2717 3339 2854 3391 ἰοῦσι
2894 3337 3030 3409 πρὸς
3066 3339 3164 3410 τὴν
3196 3333 3270 3393 ὧν
3323 3340 3388 3394 ἂν
3445 3338 3504 3395 εὖ
3543 3341 3770 3396 πάθοιεν

2195 3427 2444 3499 αἴσθησίν
2479 3445 2536 3481 τε
2573 3430 2666 3482 καὶ
2692 3429 2914 3498 γνῶσιν,
2967 3431 3061 3482 καὶ
3098 3431 3356 3501 μειζόνων
3400 3432 3622 3500 ἀγαθῶν
3655 3436 3773 3489 ἐπι·
3831 3420 3851 3438 ⁸

2194 3505 2536 3589 δαψιλεύεται
2565 3522 2870 3592 χορηγίαις.
2904 3524 3160 3593 Ἔρχεται
3191 3523 3371 3577 τοίνυν
3414 3529 3772 3599 τερατοποιή-

2197 3627 2304 3662 σων
2335 3611 2392 3663 ἐν
2416 3613 2588 3682 Κανᾷ,
2621 3614 2991 3683 προσωφελεῖν
3023 3615 3119 3684 μὲν
3149 3615 3231 3668 ὃτι
3275 3618 3541 3686 προσήκοι
3564 3619 3689 3681 τοὺς
3715 3620 3772 3671 ἑν

2196 3700 2334 3770 αὐτῇ
2385 3700 2729 3770 λογιζόμενος
2765 3745 2778 3769 ,
2822 3707 3384 3777 προκατεσπαρμένην
3443 3707 3498 3760 δὲ
3548 3708 3768 3780 ῶσπερ,

2195 3789 2282 3843 διὰ
2303 3790 2410 3844 τῶν
2438 3792 2536 3863 ἤδη
2566 3793 3075 3864 προτετελεσμένων
3109 3796 3167 3848 ὲν
3199 3797 3332 3867 αὐτῇ
3364 3798 3625 3868 σημείων,
3672 3797 3773 3869 τὴν

2196 3880 2289 3932 τοῦ
2323 3881 2498 3934 πάντα
2525 3882 2781 3936 δύνασθαι
2813 3884 2944 3954 δρᾷν
2979 3884 3244 3956 ὑπόληψιν
3268 3886 3428 3957 ἔχων.

2265 3968 2384 4027 ἾΙν
2410 3973 2476 4028 δέ
2497 3991 2586 4040 τις
2612 3977 2954 4041 βασιλικὸς,
2986 3972 3056 4034 οὗ
3079 3981 3110 4031 ὀ
3137 3979 3266 4044 υίὸς
3291 3979 3534 4047 ἠσθένει
3558 3979 3626 4033 ἐν
3654 3982 3772 4032 Ka-

2197 4067 2508 4135 φαρναούμ
2539 4065 2697 4138 [vulg.
2729 4068 3149 4140 Καπερναούμ].
3175 4067 3368 4136 ,Οὗτος
3385 4071 3657 4136 ἀκούσας
3679 4070 3772 4123 ὅτι

2211 4155 2448 4223 Ἰησοῦς
2479 4157 2694 4224 ἦκειέκ
2720 4157 2831 4225 τῆς
2853 4157 3149 4226 Ἰουδαίας
3180 4163 3266 4224 είς
3297 4158 3410 4228 τὴν
3433 4159 3772 4214 Γαλιλαίαν

2197 4245 2433 4315 ἀπῆλθε
2465 4248 2614 4316 πρὸς
2637 4249 2844 4311 αὐτὸν,
2885 4250 2983 4303 καὶ
3006 4250 3201 4317 ἠρώτα
3239 4252 3341 4306 ἵνα
3369 4251 3619 4319 καταϐῇ,
3665 4252 3765 4306 καὶ

2089 4371 2096 4378 -
2198 4339 2442 4406 ἰάσηται
2486 4339 2671 4392 αὐτοῦ
2711 4338 2820 4392 τὸν
2867 4339 3024 4404 υἱὸν,
3073 4342 3290 4409 ἔμελλε
3341 4341 3450 4411 γὰρ
3502 4342 3763 4409 ἀποθνή-

2197 4440 2388 4480 σκειν.
2416 4422 2603 4480 Εἶπεν
2637 4422 2750 4481 οὖν
2778 4429 2810 4480 ὁ
2867 4427 3108 4495 Ἰησοῦς
3131 4425 3279 4495 πρὸς
3305 4432 3510 4484 αὐτόν.

2269 4519 2523 4591 Πρόσεισι
2567 4520 2663 4590 μὲν
2717 4520 2746 4572 6
2796 4519 3088 4588 βασιλικὸς,
3140 4523 3215 4584 ὡς
3268 4521 3407 4592 πρὸς
3446 4522 3770 4592 θεραπεύειν

508 4621 635 4663 eum
668 4607 755 4662 cui
795 4608 868 4663 sit
918 4605 1150 4662 sanandi
1188 4612 1433 4675 potestas
1466 4623 1478 4659 :
1513 4605 1609 4660 sed
1641 4603 1886 4659 nondum
1928 4603 2091 4658 intel-

2201 4614 2451 4683 ἰσχύοντα
2484 4628 2496 4642 '
2533 4617 2645 4667 νοεῖ
2676 4613 2733 4666 δὲ
2767 4612 2922 4666 οῦπω
2947 4613 3086 4667 κατά
3114 4613 3274 4682 φύσιν
3309 4614 3441 4668 Θεὸν
3472 4614 3601 4667 ὄντα
3632 4630 3646 4643 ο
3677 4612 3770 4664 καὶ

508 4697 631 4766 ligit
672 4698 978 4752 secundum
1013 4705 1267 4752 naturam
1301 4712 1424 4753 esse
1464 4695 1678 4752 Deum:
1714 4703 1768 4749 et
1803 4694 2091 4748 Dominum

2196 4707 2399 4777 Κύριον
2432 4706 2530 4775 μὲν
2568 4705 2850 4771 ἀποκαλεῖ,
2891 4705 2951 4757 τὸ
2979 4705 3024 4758 δ’
3073 4703 3271 4774 ἀληθὲς
3314 4705 3413 4774 τῆς
3452 4697 3793 4774 κυριότητος

510 4787 733 4855 quidem
778 4804 900 4843 eum
933 4790 1193 4860 appellat,
1226 4789 1323 4844 sed
1353 4802 1540 4844 veram
1574 4785 1977 4842 dominationis
2021 4786 2091 4839 di-

2195 4799 2411 4868 ἀξίωμα
2441 4798 2654 4850 δίδωσιν
2681 4796 2950 4866 οὐδαμῶς.
3009 4797 3079 4848 “Il
3128 4796 3234 4866 γάρ
3279 4795 3344 4847 ἂν
3390 4795 3550 4857 εὐθὺς
3603 4777 3793 4882 ἐδεῖτοί

509 4877 772 4946 gnitatem
799 4893 1146 4949 nequaquam
1182 4878 1232 4934 ei
1265 4879 1484 4935 tribuit.
1523 4877 1914 4948 Alioquienim
1947 4878 2091 4933 illico

2196 4887 2544 4960 προσπεσὼν,
2584 4888 2678 4956 οὐχ
2724 4887 2810 4940 ἵνα
2856 4886 2920 4957 δὴ
2973 4887 3192 4949 πάντως
3222 4885 3315 4938 ἐπὶ
3344 4885 3442 4953 τὴν
3476 4884 3656 4936 ἑστίαν
3681 4882 3773 4951 βα-

511 4965 580 5019 ad
609 4979 787 5035 genua
811 4966 932 5034 ejus
954 4969 1251 5035 accideret,
1281 4979 1611 5039 rogaretque
1641 4985 1750 5026 non
1783 4977 1841 5024 ut
1871 4969 2091 5024 domum

2194 4979 2350 5044 δίζοι,
2380 4979 2474 5031 καὶ
2500 4978 2818 5030 καταϐαίνοι
2848 4977 2944 5030 σὺν
2977 4977 3125 5046 αὐτῷ
3151 4976 3287 5046 πρὸς
3346 4975 3406 5027 τὸ
3455 4973 3773 5045 άρῤωστοῦν

509 5069 571 5110 se
608 5052 907 5119 conferret,
964 5063 1019 5112 et
1068 5072 1256 5111 secum
1317 5059 1386 5112 ad
1439 5069 1796 5129 aegrotantem
1852 5075 2085 5128 puerum

507 5145 893 5211 descenderet,
935 5146 1031 5203 sed
1071 5149 1257 5216 potius
1309 5155 1369 5202 ut
1423 5165 1522 5218 pro
1573 5165 1674 5205 sua
1725 5157 1999 5219 potestate
2034 5156 2088 5204 et

508 5251 648 5296 nutu
679 5239 868 5296 divino
903 5240 1152 5295 morbum
1182 5238 1442 5295 infestum
1469 5242 1734 5312 abigeret.
1769 5241 1914 5308 Quid
1941 5242 2086 5295 enim

506 5347 738 5388 necesse
769 5342 889 5386 erat
927 5338 1135 5402 aegroto
1171 5338 1357 5386 astare
1386 5348 1509 5387 eum
1549 5333 1638 5388 cui
1674 5333 1838 5387 etiam
1869 5333 2085 5389 absenti

509 5421 673 5476 facile
715 5429 933 5490 poterat
988 5419 1220 5476 reddere
1269 5421 1600 5476 sanitatem?
1638 5421 1926 5489 Quomodo
1955 5437 2087 5478 vero

509 5528 616 5567 non
643 5514 801 5569 valde
834 5514 1060 5568 stultum
1096 5520 1181 5569 est
1217 5512 1540 5570 existimare
1569 5515 1747 5585 ipsum
1778 5523 1956 5570 morte
1985 5531 2085 5586 po-

507 5606 703 5656 tiorem
751 5603 888 5668 fore,
919 5615 972 5659 et
994 5619 1117 5659 eum
1149 5604 1242 5674 qui
1279 5604 1519 5672 repletus
1552 5608 1626 5662 sit
1661 5607 1844 5663 divina
1872 5608 2077 5664 virtute

507 5703 851 5760 nequaquam
894 5692 1066 5748 Deum
1098 5708 1221 5749 esse
1251 5696 1482 5765 putare?

2199 5071 2500 5139 μειράκιον,
2533 5068 2648 5121 ἀλλ’
2695 5068 2782 5121 ἵνα
2819 5067 2882 5137 δὴ
2939 5067 3138 5136 μᾶλλον
3189 5064 3634 5128 ὲξουσιαστικῶς,
3680 5064 3774 5116 καὶ

2192 5160 2485 5232 θεοπρεπεῖ
2532 5163 2910 5230 προστάγματι
2955 5158 3054 5229 τὴν
3091 5158 3473 5228 ὲπισκήψασαν
3523 5156 3773 5220 ἐξελάσαι

2191 5252 2363 5306 νόσον.
2397 5233 2460 5304 Τί
2510 5252 2622 5323 γάρ
2654 5251 2760 5302 ἔδει
2787 5251 3042 5320 παρεῖναι
3074 5248 3152 5318 τῷ
3206 5249 3467 5318 κάμνοντι
3500 5247 3591 5301 τὸν
3621 5241 3774 5317 ᾧπερ

2187 5338 2254 5413 ἦν
2289 5341 2546 5396 δύνασθαι
2593 5339 2897 5403 διασώζειν,
2931 5340 3026 5392 καὶ
3052 5340 3267 5401 ἀπόντι,
3297 5339 3532 5410 ῥαδίως;
3563 5339 3688 5402 Πῶς
3717 5339 3775 5392 δὲ

2189 5434 2307 5487 λίαν
2337 5435 2438 5487 οὐκ
2482 5433 2717 5503 ἀμαθὲς,
2761 5431 2970 5501 ὅτιμὲν
3021 5431 3172 5485 ἔσται
3224 5430 3451 5484 θανάτου
3509 5431 3774 5501 κρείττων

2193 5523 2594 5593 ὑπολαμϐάνειν
2623 5520 2808 5583 αὐτὸν,
2841 5520 2971 5574 Θεὸν
2995 5520 3051 5574 δὲ
3083 5521 3346 5590 ὑπάρχειν
3372 5521 3580 5574 οἴεσθαι
3609 5520 3776 5594 μηδα-

2194 5613 2309 5683 μῶς
2338 5613 2429 5666 τὸν
2464 5609 2805 5681 θεοπρεποῦς
2839 5610 3022 5682 ἰσχύος
3054 5610 3524 5680 πεπληρωμένονς
