4090 6266
344 320 450 379 553

1400 313 1465 372 IN
1504 312 1786 374 JOANNIS
1821 312 2277 374 EVANGELIUM
2315 314 2446 375 LIB.
2472 313 2538 375 η.

3488 320 3595 384 53$

414 440 559 494 Ἐὰν
602 436 689 505 μὴ
710 433 927 503 σημεῖα
957 431 1056 486 καί
1094 432 1306 500 τέρατα
1348 433 1531 502 ἴδητε,
1565 436 1635 489 οὐ
1681 433 1764 503 μὴ
1824 447 1921 485 πι-

2098 429 2188 497 IV,
2218 432 2306 487 48.
2361 432 2484 488 Nisi
2514 435 2663 504 signa
2697 443 2745 488 et
2773 437 3012 506 prodigia
3047 438 3304 508 videritis,
3343 458 3444 497 non
3487 461 3597 499 cre-

350 532 668 598 στεύσητε.
703 527 868 595 Λέγει
898 525 1045 593 πρὸς
1079 523 1267 579 αὐτὸν
1288 527 1322 578 ὁ
1348 525 1692 591 βασιλικός.

433 621 674 692 Ἀπηνὴς
733 621 828 691 μὲν
871 618 949 671 ἔτι
991 621 1104 683 τοῖς
1158 619 1535 689 πλανωμένοις
1585 614 1923 679 ἐναυλίζεται

346 715 501 781 νοῦς,
533 713 694 781 λόγου
716 712 772 765 δέ
802 729 918 775 πως
940 710 1091 765 ἔσται
1132 711 1228 765 τοῦ
1278 709 1574 773 καλοῦντος
1615 710 1695 771 είς
1741 707 1925 759 πίστιν

358 810 602 881 κρεῖττον
624 803 683 859 τὸ
710 803 1265 876 θαυματουργότερον.
1290 803 1391 858 Διά
1415 819 1482 871 γε
1498 799 1654 855 τοῦτο
1682 798 1925 870 τεράτων

358 898 562 953 δεῖσθαι
595 896 792 968 μᾶλλον
825 896 1024 960 αὐτοὺς
1050 896 1288 966 ἔφασκεν
1307 897 1337 948 ὁ
1366 892 1556 963 Σωτὴρ
1578 892 1658 954 είς
1681 890 1743 944 τὸ
1764 888 1925 943 δύνα-

360 988 706 1059 σθαιορᾳδίως
735 987 869 1059 πρὸς
890 987 953 1040 τὸ
978 986 1256 1058 συμφέρον
1291 980 1801 1056 μεταπαιδεύεσθαι,
1830 978 1925 1034 καὶΙ

358 1085 443 1137 τὸν
458 1082 584 1136 ὄντα
621 1079 764 1134 κατὰ
790 1079 952 1148 φύσιν
983 1076 1369 1146 ἐπιγινώσκειν
1390 1075 1545 1132 Θεόν.

420 1173 629 1241 Κύριε,
683 1169 973 1238 κατάϐηθι
1014 1168 1160 1237 πρὶν
1198 1165 1528 1223 ἀποθανεῖν
1563 1165 1631 1221 τὸ
1682 1164 1925 1221 παιδίον

351 1279 485 1330 μου.

430 1352 640 1420 Ὀλίγης
665 1349 763 1421 μὲν
793 1348 990 1420 κομιδῆ
1023 1347 1161 1418 πρὸς
1187 1346 1403 1402 σύνεσιν
1430 1347 1459 1403 ό
1491 1346 1792 1419 βασιλικὸς,
1827 1363 1924 1417 νη-

351 1447 533 1515 πιάζει
568 1448 625 1501 δέ
685 1464 804 1510 πως
853 1445 981 1517 περὶ
1028 1445 1128 1515 τὴν
1157 1444 1257 1515 τῆς
1291 1444 1514 1515 χάριτος
1562 1442 1800 1512 αἴτησιν,
1829 1439 1926 1492 καὶ

354 1541 531 1612 ἠρέμα
564 1537 898 1610 παραληρῶν
935 1537 1035 1590 οὐκ
1062 1535 1395 1591 αἰσθάνεται.
1451 1534 1525 1587 Οὐ
1555 1532 1667 1605 γάρ
1703 1533 1786 1586 ὅτι
1827 1530 1926 1602 ιώ-

352 1647 440 1683 νον
486 1628 698 1697 ἰσχύσει
739 1625 951 1696 παρὼν,
1010 1624 1124 1679 ἀλλ’
1158 1626 1239 1679 ὅτι
1287 1626 1354 1697 δὴ
1391 1624 1608 1687 πάντως
1637 1622 1731 1677 καὶ
1768 1621 1926 1676 ἀπὼν

354 1720 642 1791 ἐνεργήσει
685 1715 1101 1779 πεπιστευκὼς,
1160 1715 1664 1787 ἁξιοπρεπεστάτην
1721 1713 1789 1768 ἂν
1836 1713 1923 1765 ἐπ’

2026 525 2180 579 detis.
2215 524 2358 579 Dicit
2394 526 2605 596 regulus
2632 525 2701 579 ad
2734 543 2875 582 eum.

2097 614 2279 669 Durus
2321 617 2542 686 quidem
2588 617 2767 672 adhuc
2796 618 2850 672 in
2893 619 2962 675 iis
2986 626 3069 675 est
3100 620 3336 685 animus,
3368 624 3463 679 sed
3500 640 3597 680 ex-

2025 705 2337 761 hortatione
2361 706 2430 760 ad
2465 706 2626 761 tidem
2664 710 2881 778 potiora
2921 710 3108 766 futura
3151 722 3281 768 sunt
3308 717 3593 774 miracula.

2023 796 2372 867 Proindeqne
2392 797 2665 868 prodigiis
2686 813 2826 869 Opus
2848 799 2963 857 illis
2984 816 3105 856 esse
3130 802 3380 860 Salvator
3396 808 3595 872 aiebat,

2024 887 2188 960 205.
2227 896 2286 943 ut
2320 887 2480 943 facile
2521 896 2747 959 possent
2793 888 2863 944 ad
2905 891 3185 946 meliorem
3216 890 3429 962 frugem
3470 912 3598 952 eru-

2025 980 2157 1045 diri,
2191 990 2246 1035 et
2270 995 2576 1054 agnoscere
2617 978 2791 1036 Deum
2820 996 2945 1037 esse
2972 983 3276 1039 secundum
3320 994 3596 1044 naturam.

2095 1155 2189 1223 IV,
2227 1158 2317 1214 49.
2374 1158 2617 1225 Domine,
2670 1160 2924 1217 descende
2974 1163 3287 1235 priusquam
3337 1168 3601 1222 moriatur

2024 1249 2172 1319 ﬁlius
2202 1266 2370 1305 meus.

2094 1342 2376 1411 Angustus
2407 1341 2567 1399 valde
2591 1352 2677 1399 est
2713 1343 2888 1415 reguli
2927 1344 3167 1413 animus,
3197 1348 3330 1418 quin
3367 1364 3597 1419 puerum

2027 1446 2087 1488 se
2121 1433 2308 1503 prodit
2333 1437 2388 1488 ln
2424 1434 2658 1503 petenda
2688 1436 2889 1506 gratia,
2931 1452 3034 1493 nec
3080 1440 3248 1494 sentit
3290 1455 3352 1496 se
3394 1443 3600 1497 sensim

2025 1522 2283 1578 delirare.
2317 1521 2454 1577 Nam
2496 1525 2543 1580 si
2575 1539 2684 1579 non
2712 1525 2878 1581 modo
2908 1537 3233 1597 praesentem
3260 1574 3275 1597 ,
3310 1532 3405 1587 sed
3432 1534 3602 1588 etiam

2027 1613 2314 1669 absentem
2357 1613 2639 1671 Christum
2676 1617 2784 1671 vim
2816 1632 2972 1674 suam
3007 1636 3264 1678 exserere
3287 1639 3451 1694 posse
3480 1639 3603 1683 cre-

2028 1704 2280 1771 didisset,
2313 1704 2381 1760 de
2409 1706 2505 1761 illo
2552 1721 2653 1776 pro
2681 1722 2748 1763 eo
2782 1723 2847 1763 ac
2896 1710 3054 1767 decet
3097 1715 3387 1771 sensisset.
3443 1715 3602 1773 Nunc

356 1810 509 1881 αὐτῷ
541 1810 642 1880 τὴν
672 1807 926 1878 διάληψιν
967 1807 1282 1877 ἐποιήσατο.
1322 1805 1461 1858 Νυνὶ
1494 1803 1554 1856 δὲ
1605 1802 1818 1874 φρονῶν
1865 1817 1927 1854 τε

2030 1803 2214 1850 autem
2251 1795 2655 1852 absurdissime
2694 1798 2859 1853 sentit
2907 1814 2971 1855 ac
3022 1801 3155 1855 facit.
3201 1806 3293 1874 qui
3340 1808 3600 1863 virtutem

358 1901 455 1954 καὶ
488 1900 744 1970 πράττων
770 1895 1221 1967 παραλογώτατα,
1249 1894 1349 1966 τὴν
1389 1893 1508 1965 Θεῷ
1551 1893 1650 1965 μὲν
1683 1892 1924 1965 πρέπου-

363 2004 462 2043 σαν
492 1988 643 2058 ίσχὺν
675 1988 916 2053 ἀπαιτεῖ,
948 1986 1023 2049 ὡς
1054 1984 1112 2039 δὲ
1138 1984 1272 2038 Θεὸν
1304 1983 1406 2037 ούκ
1432 1983 1606 2037 οἴεται
1642 1981 1714 2036 τὰ
1751 1981 1927 2035 πάντα

360 2077 622 2148 πληροῦν,
654 2076 770 2130 ἀλλ’
798 2076 917 2129 οὐδὲ
949 2073 1179 2129 θανάτου
1225 2071 1558 2143 γενήσεσθαι
1621 2073 1924 2143 κρείττονα,

357 2165 532 2218 καίτοι
552 2163 629 2234 τῷ
664 2163 900 2234 πλείστῳ
915 2161 1253 2235 κρατηθέντα
1285 2160 1723 2217 πλεονεκτεῖσθαι
1751 2177 1928 2231 παρα-

354 2254 535 2309 καλῶν
566 2271 582 2286 ⁶
610 2255 801 2324 ἔμελλε
833 2253 942 2324 γὰρ
971 2252 1338 2324 ἀποθνήσκειν
1362 2254 1392 2305 ό
1417 2254 1568 2316 παῖς.

421 2346 591 2414 Λέγει
611 2344 772 2411 αὐτῷ
797 2348 831 2400 d
875 2345 1114 2411 Ἰησοῦς
1135 2360 1150 2375 ο
1178 2343 1465 2410 Πορεύου,
1487 2346 1519 2397 ό
1533 2343 1663 2409 υἱός
1686 2358 1804 2398 σου
1835 2338 1924 2412 ζῇ.

423 2437 610 2502 Οῦτως
642 2438 750 2491 ἔδει
775 2434 1098 2492 πιστεύοντα
1123 2433 1474 2506 προσελθεῖν,
1522 2435 1637 2488 ἀλλ’
1694 2435 1756 2487 οὐ
1807 2434 1928 2497 ταῖς

353 2530 511 2602 ἡμῶν
538 2528 800 2601 ἀμαθίαις
826 2527 1142 2598 φιλονεικῶν
1207 2528 1400 2597 δρᾶται
1446 2527 1679 2597 Χριστός
1708 2538 1722 2555 ο
1768 2527 1927 2599 εὐερ-

353 2623 504 2690 γετεῖ
530 2620 588 2673 δὲ
620 2619 782 2674 πάλιν
813 2619 908 2672 καὶ⁵
950 2616 1266 2680 πταίοντας,
1303 2616 1380 2680 ὡς
1420 2616 1570 2679 Θεός.
1617 2618 1797 2686 Ὅπερ
1833 2610 1929 2670 οὖν

354 2713 461 2766 ἔδει
491 2712 699 2784 δρῶντα
726 2707 1124 2780 θαυμάζεσθαι,
1162 2708 1322 2761 τοῦτο
1363 2708 1460 2762 καὶ
1499 2706 1576 2778 μὴ
1628 2706 1929 2779 δεδρακότα

354 2803 590 2858 διδάσκει
623 2800 715 2855 τὸν
738 2801 1042 2871 ἄνθρωπον,
1064 2799 1200 2870 ὁμοῦ
1230 2800 1320 2852 καί
1343 2800 1451 2852 τῶν
1484 2798 1784 2854 καλλίστων
1813 2802 1927 2853 εισ-

356 2893 565 2965 ηγητὴς
587 2934 601 2957 ,
631 2893 725 2946 nati.
772 2891 881 2944 τῶν
914 2892 972 2944 ὲν
1013 2891 1199 2960 εὐχαῖς
1248 2890 1469 2958 ἀγαθῶν
1510 2890 1745 2962 χορηγὸς
1797 2892 1928 2944 ἀνα-

358 2982 722 3053 δεικνύμενος.
770 2982 859 3035 Ἐν
895 2980 995 3050 μὲν
1051 2980 1163 3050 γὰρ
1216 2979 1297 3049 τῷ
1347 2998 1366 3031 ι
1400 2980 1640 3049 Πορεύου
1674 2998 1693 3031 ι
1730 2979 1791 3032 τὸ
1838 2997 1929 3033 πι-

362 3074 565 3130 στεύειν
590 3073 758 3138 ὲστὶν,
788 3075 846 3127 ὲν
881 3072 938 3125 δὲ
957 3070 1035 3142 τῷ
1059 3090 1078 3126 ι
1127 3072 1189 3125 ὐ
1216 3072 1329 3134 υἱός
1354 3088 1448 3124 σου
1484 3070 1574 3142 ζῇ,
1617 3089 1637 3125 ι
1672 3070 1781 3124 τῶν
1828 3086 1926 3124 πο-

358 3163 631 3234 θουμένων
653 3164 688 3233 ἡ
720 3138 1019 3232 πλήρωσις⁷
1050 3160 1191 3230 μετὰ
1228 3160 1432 3230 πολλῆς
1474 3138 1621 3223 τινος
1663 3160 1759 3214 καὶ
1802 3160 1921 3213 θεο-
1950 3138 1992 3194 C

357 3253 596 3325 πρεποῦς
622 3251 868 3318 ἐξουσίας
893 3250 1277 3322 ἑκφαινομένη.

438 3347 827 3399 Ἐπίστευσεν
851 3347 885 3398 ό
911 3342 1219 3411 ἄνθρωπος
1238 3340 1319 3406 τῷ
1338 3338 1520 3411 λόγῳ,
1545 3333 1591 3407 ᾧ
1619 3336 1788 3395 εἶπεν
1814 3341 1922 3395 αὐ-

357 3437 437 3505 τῷ
462 3442 495 3493 ό
517 3437 779 3505 Ἰησοῦς,
802 3435 899 3489 καί
927 3436 1261 3502 ἐπορεύετο.
1306 3433 1459 3501 ’Ἤδη
1499 3432 1567 3486 δὲ
1605 3431 1793 3487 αὑτοῦ
1822 3446 1927 3484 κα-

356 3529 759 3594 ταϐαίνοντος,
799 3529 854 3581 οἱ
886 3524 1096 3580 δοῦλοι
1125 3524 1311 3579 αὐτοῦ
1337 3525 1703 3593 ἀπήντησαν
1740 3520 1923 3588 αὐτῷ,

358 3622 454 3677 καί
475 3621 845 3691 ἀπήγγειλαν
871 3618 1178 3689 λέγοντες,
1199 3617 1288 3671 ὅτι
1328 3620 1361 3671 ό
1384 3617 1516 3683 υἱός
1536 3633 1651 3671 σου
1690 3614 1780 3685 ζῇ.

432 3714 529 3768 Ἐν
549 3711 645 3767 τοῦ
669 3711 920 3781 Σωτῆρος
950 3709 1230 3779 ἐπίταγμα
1264 3708 1358 3761 δύο
1385 3706 1678 3779 θεραπεύει
1723 3706 1920 3777 ψυχάς.

359 3802 447 3874 Τῷ
474 3803 577 3874 μὲν
605 3801 714 3871 γὰρ
743 3797 1006 3870 βασιλικῷ
1039 3797 1139 3868 τὴν
1183 3795 1422 3866 ἀσυνήθη
1474 3796 1655 3848 πίστιν
1701 3794 1927 3867 ἐνεργά-

357 3895 529 3959 ζεται,
569 3892 799 3946 θανάτου
828 3891 888 3945 δὲ
922 3891 981 3943 τὸ
1011 3889 1296 3961 μειράκιον
1342 3887 1551 3954 ὲξέλκει
1591 3887 1924 3958 σωματικοῦ.

357 3981 454 4050 Τίς
500 3984 557 4037 δὲ
600 3983 707 4054 πρὸ
750 3982 896 4045 τίνος
947 3981 1084 4044 ὅλως
1110 3979 1396 4049 ὑγιάζεται
1426 3976 1660 4049 χαλεπὸν
1700 3981 1874 4032 εἰπεῖν
1909 3994 1924 4009 ⁸

357 4080 523 4148 ἄμφω
554 4075 684 4148 γὰρ,
710 4071 884 4145 οἶμαι,
912 4072 1054 4126 κατὰ
1095 4071 1291 4126 ταυτὸν
1334 4069 1651 4141 σύνδρομον,
1685 4073 1797 4133 τοῖς
1832 4066 1928 4122 τοῦ

358 4169 607 4238 Σωτῆρος
631 4165 788 4236 ἡμῶν
828 4164 1164 4234 ἐπιτάγμασι
1192 4166 1291 4235 τῆς
1320 4162 1475 4217 νόσου
1511 4161 1785 4230 λαϐούσης
1832 4160 1929 4229 τὴν

357 4257 528 4311 λύσιν.
563 4253 990 4322 Ἀπαγγέλλουσι
1033 4252 1090 4306 δὲ
1117 4252 1216 4322 τὴν
1259 4250 1352 4306 τοῦ
1412 4251 1598 4313 παιδὸς
1634 4249 1930 4321 θεραπείαν

360 4345 702 4405 ὑπαντῶντες
728 4342 933 4396 οἰκέται
961 4342 1118 4412 ὁμοῦ,
1172 4343 1266 4396 καὶ
1293 4341 1402 4395 τῶν
1432 4341 1592 4395 θείων
1622 4339 1930 4409 ἐπιταγμά-

358 4448 470 4489 των
499 4429 975 4493 ἀπολευκαίνοντες
993 4431 1092 4501 τὴν
1105 4429 1334 4500 ὀξύτητα
1355 4447 1369 4461 ο
1395 4428 1666 4483 καὶτοῦτο
1688 4429 1754 4500 δὴ
1787 4430 1929 4499 μάλα

362 4525 550 4594 σαφῶς
572 4522 976 4594 οἰκονομοῦντος
999 4521 1256 4593 Χριστοῦ,
1288 4523 1382 4575 καὶ
1409 4522 1485 4593 τῷ
1516 4523 1656 4576 τέλει
1692 4522 1792 4593 τῆς
1845 4523 1931 4576 ἐλ-

362 4618 514 4681 πίδος
549 4617 685 4687 ταχὺ
731 4613 1074 4685 βεϐαιοῦντος
1108 4614 1189 4677 εἰς
1234 4613 1418 4667 πίστιν
1461 4613 1789 4666 ἀσθενοῦντα
1840 4614 1929 4667 τὸν

359 4708 649 4777 δεσπότην.

442 4801 720 4855 Ἐπύθετο
752 4790 867 4853 οὖν
884 4796 1022 4865 παρ’
1044 4795 1244 4851 αὐτῶν
1278 4794 1393 4861 τήν
1417 4793 1598 4863 ὥραν,
1619 4795 1689 4850 ἐν
1716 4790 1758 4869 ᾗ
1781 4814 1926 4867 κομ-

361 4893 619 4962 ψότερον
662 4890 830 4959 ἔσχε.
878 4887 989 4942 Καὶ
1015 4883 1190 4942 εἷπον
1215 4883 1373 4950 αὐτῷ
1424 4885 1546 4950 ὅτι,
1578 4885 1729 4952 Χθὲς
1766 4884 1927 4954 ὥραν

361 4982 616 5050 ἑϐδόμην
645 4980 880 5050 ἀφῆκεν
912 4978 1099 5034 αὐτόν
1138 4980 1171 5032 d
1202 4977 1471 5045 πυρετός.
1517 4979 1703 5047 Ἔγνω
1748 4968 1862 5034 οὖν
1893 4980 1927 5032 ό

365 5070 568 5137 Πατὴρ
584 5110 598 5130 .
634 5069 723 5122 ὅτι
746 5070 815 5123 ἐν
831 5070 1030 5137 ἐκείνῃ
1056 5066 1131 5136 τῇ
1155 5067 1273 5133 ὥρᾳ
1298 5107 1313 5133 ,
1347 5068 1416 5120 ἐν
1441 5060 1481 5138 ἦ
1513 5063 1681 5121 εἶπεν
1712 5068 1871 5135 αὐτῷ
1894 5071 1926 5121 ό

374 5154 627 5226 Ἰησοῦς,
656 5156 743 5210 ὅτι
773 5158 826 5210 Ὀ
849 5159 977 5224 υἱός
1009 5174 1125 5212 σου
1165 5154 1233 5223 ζῇ
1254 5171 1266 5185 ·
1302 5156 1400 5209 καὶ
1434 5156 1796 5215 ἐπίστευσεν
1815 5158 1925 5211 αὺ-

359 5249 487 5315 τὸς,
510 5247 609 5301 καὶ
638 5247 677 5314 ἡ
695 5247 848 5301 cinia
871 5248 1054 5301 αὐτοῦ
1076 5247 1208 5315 ὅλη.
1240 5247 1420 5301 Τοῦτο
1443 5245 1630 5301 πάλιν
1648 5245 1927 5313 δεύτερον

359 5339 615 5410 σημεῖον
648 5339 934 5405 ἐποίησεν
971 5341 1003 5391 ό
1044 5337 1276 5407 Ἰησοῦς
1312 5336 1508 5392 ἐλθὼν
1538 5339 1609 5390 ἐκ
1644 5335 1756 5405 τῆς
1795 5337 1931 5390 Ἰουι

359 5434 531 5499 δαίας
557 5435 644 5494 εἰς
662 5430 780 5497 τὴν
798 5430 1147 5483 Γαλιλαίαν.

443 5524 899 5579 Ἀναπυνθάνεται
928 5523 1025 5591 τὴν
1049 5521 1195 5593 ὥραν
1228 5522 1326 5592 τῆς
1352 5524 1443 5574 ἐπὶ
1478 5521 1539 5575 τὸ
1567 5522 1810 5591 κρεῖττον
1837 5518 1929 5574 τοῦ

361 5617 638 5678 νοσοῦντος
687 5615 891 5685 ῥοπῆς,
949 5615 995 5665 εί
1050 5613 1328 5682 συντρέχει
1371 5611 1682 5681 δοκιμάζων
1725 5609 1801 5680 τῷ
1831 5610 1932 5678 τῆς

364 5706 579 5777 χάριτος
605 5706 796 5774 χρόνῳ.
843 5703 1057 5774 Ἐπειδὴ
1085 5703 1138 5755 δὲ
1165 5702 1333 5767 οὕτως
1360 5703 1503 5772 ἔχειν
1522 5743 1537 5767 ,
1565 5702 1658 5755 καὶ
1689 5702 1783 5771 οὐχ
1812 5700 1928 5753 ἑτέ-

2032 1885 2141 1942 Deo
2192 1888 2411 1957 quidem
2458 1889 2873 1944 convenientem
2911 1894 3171 1961 postulat,
3212 1895 3308 1950 sed
3341 1905 3400 1951 ut
3432 1896 3601 1953 Deum

2031 1982 2259 2052 implere
2319 1993 2521 2038 cuncta
2585 1986 2765 2056 ipsum
2826 2004 2938 2043 non
2995 1989 3295 2056 existimat,
3348 1990 3444 2045 sed
3499 2005 3603 2047 nec

2029 2082 2262 2129 mortem
2291 2083 2700 2146 superaturum,
2744 2080 2871 2137 licet
2894 2080 3008 2151 jam
3045 2082 3157 2136 fere
3201 2082 3475 2138 morituro
3518 2082 3603 2152 ip-

2030 2178 2151 2219 sum
2213 2167 2473 2237 opitulari
2537 2176 2757 2243 rogaret
2813 2191 2827 2227 :
2899 2173 3197 2243 incipiebat
3251 2173 3398 2229 enim
3460 2174 3601 2230 mori

2029 2272 2185 2327 puer.

2098 2347 2189 2413 IV,
2226 2347 2316 2405 50.
2377 2350 2521 2406 Dicit
2542 2352 2591 2406 ei
2614 2351 2811 2407 Iesus:
2844 2350 3005 2413 Vade.
3032 2355 3176 2425 filius
3208 2366 3329 2411 tuus
3352 2359 3492 2413 vivit.

2101 2437 2192 2496 Sic
2218 2445 2505 2513 oportebat
2537 2446 2850 2504 credentem
2889 2453 3192 2516 accedere,
3225 2451 3322 2505 sed
3352 2457 3602 2505 nostram

2028 2533 2362 2603 imperitiam
2405 2534 2661 2594 Christus
2715 2555 2824 2594 non
2874 2541 3080 2610 rejicit.
3131 2540 3263 2611 quin
3312 2550 3603 2612 peccantes

2028 2624 2190 2679 etiam
2228 2624 2507 2682 beneﬁciis
2535 2626 2719 2692 allicit,
2756 2638 2816 2683 ut
2858 2627 3025 2685 Deus.
3065 2628 3221 2696 Quod
3252 2630 3422 2700 igitur
3451 2628 3603 2685 laudi

2028 2723 2176 2770 esset
2206 2714 2437 2778 homini,
2471 2718 2516 2771 si
2545 2717 2769 2785 laceret,
2806 2719 2908 2773 hoc
2938 2718 3106 2773 etiam
3136 2735 3245 2776 non
3281 2720 3479 2778 fecisse
3502 2721 3603 2776 do-

2028 2814 2117 2861 cet
2198 2807 2360 2862 simul
2414 2809 2680 2863 virtutum
2734 2811 2993 2880 magister
3051 2819 3106 2867 et
3152 2812 3421 2866 bonorum
3478 2826 3603 2883 qua

2030 2904 2292 2968 petuntur
2322 2899 2545 2968 largitor
2576 2901 2932 2957 constitutus.
2970 2900 3106 2955 Nam
3134 2903 3188 2956 in
3220 2919 3286 2957 eo
3311 2904 3460 2973 quod
3500 2905 3601 2972 ait,

2034 3008 2053 3041 ι
2084 2987 2255 3056 Vade,
2292 3009 2311 3043 ι
2342 2990 2478 3047 ﬁdes
2508 2999 2589 3047 est
2615 3011 2630 3059 ;
2659 2992 2712 3046 in
2743 3009 2809 3049 eo
2836 3009 2966 3049 vero
2992 2993 3138 3064 quod
3168 2994 3322 3061 dicit,
3377 3014 3395 3047 ι
3426 2994 3601 3053 Filius

2027 3089 2158 3137 tuus
2196 3082 2352 3148 vivit,
2394 3102 2413 3136 ι
2447 3084 2526 3138 rei
2567 3091 2767 3155 optatae
2798 3089 3205 3142 consummatio
3239 3103 3364 3143 cum
3397 3087 3602 3161 ingenti

2022 3172 2260 3240 quadam
2288 3180 2342 3228 et
2371 3172 2482 3228 Deo
2516 3175 2864 3231 convenienti
2897 3183 3167 3246 potestate
3194 3177 3391 3233 elucet.

2096 3341 2186 3412 IV,
2236 3346 2324 3411 50,
2358 3347 2446 3401 5i.
2484 3346 2724 3402 Credidit
2752 3351 2907 3404 homo
2938 3354 3170 3406 sermoni
3208 3370 3360 3424 quem
3389 3356 3525 3411 dixit
3550 3356 3603 3412 ei

2024 3434 2203 3500 Iesus,
2234 3445 2284 3489 et
2310 3435 2444 3489 ibat.
2474 3435 2599 3490 Iam
2634 3446 2810 3493 autem
2854 3456 2913 3494 eo
2936 3441 3296 3506 descendente,
3346 3445 3480 3499 servi
3510 3460 3604 3499 oc-

2025 3537 2305 3582 currerunt
2345 3530 2415 3592 ei,
2465 3540 2515 3584 et
2553 3530 2951 3599 nuntiaverunt,
2999 3530 3249 3600 dicentes,
3289 3537 3415 3606 quia
3457 3538 3600 3607 ﬁlius

2023 3616 2136 3684 ejus
2175 3618 2383 3671 viveret.

2096 3706 2278 3762 Unum
2313 3709 2622 3766 Salvatoris
2656 3712 2973 3767 mandatum
3002 3713 3143 3770 duas
3175 3723 3336 3770 sanat
3361 3717 3598 3774 animas.

2027 3794 2086 3852 ln
2119 3799 2315 3869 regulo
2355 3800 2560 3871 quippe
2602 3800 2882 3856 insolitam
2925 3802 3087 3857 ﬁdem
3127 3813 3412 3874 operatur,
3449 3816 3504 3861 et
3533 3823 3599 3862 ex

2027 3903 2289 3959 corporea
2323 3898 2500 3945 morte
2524 3890 2993 3947 adolescentulum
3023 3894 3207 3965 eripit.
3248 3894 3379 3951 Uter
3414 3905 3597 3952 autem

2028 3981 2181 4050 prior
2237 3989 2462 4036 sanetur
2507 3980 2725 4037 difﬁcile
2774 3984 2920 4038 dictu
2946 3992 3062 4052 est;
3122 3986 3282 4040 ambo
3328 3987 3497 4048 enim,
3539 3995 3601 4040 ut

2028 4086 2173 4137 reor,
2205 4071 2396 4126 eodem
2424 4081 2668 4143 tempore
2692 4073 2998 4130 Salvatoris
3029 4078 3202 4130 nostri
3222 4078 3383 4145 jussu
3403 4078 3603 4133 morbo

2030 4166 2210 4219 soluto
2271 4166 2448 4220 sanati
2500 4164 2744 4221 fuerunt.
2800 4165 2956 4221 Servi
3010 4175 3189 4221 autem
3220 4178 3599 4234 occurrentes,

2031 4255 2183 4323 pueri
2223 4255 2558 4309 curationem
2592 4257 2919 4310 annuntiant
2955 4256 3113 4324 juxta
3146 4264 3200 4309 et
3237 4258 3406 4312 divini
3440 4275 3599 4313 man-

2030 4345 2142 4399 dati
2166 4346 2524 4413 celeritatem,
2549 4348 2768 4401 Christo
2799 4347 2855 4401 id
2885 4348 3074 4416 utique
3098 4349 3276 4417 palam
3305 4352 3597 4405 ordinante

1960 4469 2003 4527 υ
2030 4441 2084 4487 et
2114 4434 2389 4489 inﬁrmum
2423 4437 2704 4491 dominum
2752 4436 2904 4491 illum
2932 4437 3047 4507 spei
3094 4447 3291 4495 eventu
3323 4440 3389 4495 ad
3438 4440 3595 4496 tidem

2032 4525 2144 4580 cito
2181 4525 2555 4581 confirmante.

2095 4781 2186 4850 ιν,
2237 4784 2423 4840 52-54.
2479 4784 2846 4859 Interrogabat
2887 4806 3008 4860 ergo
3054 4789 3242 4843 horam
3303 4789 3368 4843 ab
3408 4790 3482 4844 eis
3539 4791 3594 4845 in

2024 4889 2129 4943 qua
2157 4877 2343 4932 melius
2366 4878 2623 4934 habuerit.
2662 4879 2730 4934 Et
2756 4881 3002 4935 dixerunt
3031 4882 3080 4935 ei
3124 4882 3271 4950 quia,
3304 4883 3432 4936 Heri
3466 4881 3599 4938 hora

2034 4972 2255 5041 septima
2287 4970 2497 5039 reliquit
2558 4988 2678 5025 eum
2731 4971 2914 5039 febris.
2968 4970 3220 5041 Cognovit
3266 4972 3425 5042 205
3475 4988 3597 5043 ergo

2030 5074 2183 5134 pater
2225 5064 2350 5135 quia
2389 5062 2487 5117 illa
2530 5062 2662 5118 hora
2715 5072 2831 5118 erat
2882 5064 2937 5117 in
2989 5080 3093 5133 qua
3135 5064 3270 5117 dixit
3316 5064 3364 5117 ei
3400 5061 3597 5116 Iesus:

2035 5155 2213 5210 Filius
2244 5164 2365 5210 tuus
2416 5155 2559 5222 vivit.
2615 5153 2683 5209 Et
2714 5152 2935 5208 credidit
2976 5154 3104 5222 ipse,
3145 5163 3194 5206 et
3243 5152 3429 5204 domus
3483 5149 3597 5215 ejus

2035 5257 2164 5303 tota.
2193 5247 2308 5303 Hoc
2339 5249 2527 5302 iterum
2567 5246 2849 5301 secundum
2873 5248 3080 5317 signum
3117 5245 3236 5313 fecit
3266 5241 3442 5302 Iesus,
3480 5253 3596 5291 cum

2033 5343 2254 5397 venisset
2281 5359 2315 5396 a
2339 5340 2533 5396 Iudwa
2561 5341 2615 5393 in
2643 5338 2943 5395 Galilwam.

2108 5517 2437 5572 Sciscitatur
2470 5531 2576 5586 qua
2611 5516 2746 5570 hora
2788 5522 3025 5584 aegrotus
3061 5507 3453 5561 convalescere
3488 5515 3602 5555 cu!—

2034 5618 2210 5679 perat,
2248 5616 2307 5663 ut
2360 5608 2676 5675 exploraret
2728 5622 2796 5658 an
2843 5604 3181 5656 momentum
3235 5592 3368 5648 illud
3414 5592 3606 5660 gratiae

2038 5700 2268 5768 tempori
2302 5703 2650 5767 congrueret.
2687 5695 2982 5763 Postquam
3013 5692 3195 5741 autem
3228 5686 3302 5739 ita
3344 5697 3454 5735 rem
3482 5694 3603 5732 esse
