4090 6266
481 290 586 347 355

1467 281 1524 334 S.
1555 279 1829 336 CYRILLI
1854 279 2329 335 ALEXANDBINI
2371 280 2694 336 ARCHIEP.

3617 277 3720 338 536

478 400 764 470 comperit,
788 412 913 453 cum
957 403 1069 452 tota
1099 395 1260 450 domo
1292 392 1554 460 siilvatur,
1585 393 1834 447 miraculi
1871 393 2044 446 virtu-

2153 409 2258 462 ρως
2291 391 2615 457 ὲδιδάσκετο,
2646 388 2874 453 σώζεται
2904 387 3140 456 πανοικὶ,
3164 387 3262 460 τὴν
3291 386 3385 442 τοῦ
3425 390 3722 460 παραδόξου
3758 425 3768 450 ι

476 503 585 550 tem
645 491 866 547 Christo
913 487 1198 554 tribuens,
1236 495 1290 541 et
1340 487 1629 556 quemdam
1688 483 1858 540 veluti
1905 484 2044 555 grati

479 583 648 640 animi
684 582 943 644 fruetum,
977 577 1270 633 ﬁrmiorem
1305 591 1498 646 nempe
1531 576 1714 642 ﬁdem,
1748 575 2005 633 oﬂ'erens.

549 761 612 825 ν,
645 761 756 815 1-4.
794 733 925 814 Post
964 759 1074 812 haec
1114 764 1228 810 erat
1268 755 1378 809 dies
1419 753 1585 824 (estus
1623 752 1956 817 Juda’orum,
1993 761 2045 805 et

480 849 715 904 ascendit
748 847 902 902 Jesus
951 844 1395 914 Hierosolymam.
1430 841 1527 895 Est
1569 852 1749 895 autem
1784 840 2044 894 Hieroso-

482 945 636 1013 lyntis
668 937 1196 1008 probatica‘piscina,
1220 949 1336 1004 qua:
1359 931 1758 1002 cognominatur
1788 929 2046 984 Hebraice

485 1029 790 1093 lict/tsat'da,
816 1030 1038 1098 quinque
1081 1027 1315 1095 porticus
1366 1025 1582 1079 habens.
1612 1021 1681 1076 In
1713 1021 1794 1076 his
1833 1021 2047 1092 jacebat

482 1123 763 1179 multitudo
813 1137 1004 1190 magna
1055 1119 1435 1188 languentium,
1491 1131 1772 1179 cwcorum,
1817 1113 2048 1169 claudo-

481 1233 620 1282 rum,
640 1213 936 1276 aridorum,
955 1211 1371 1279 exspectantium
1398 1223 1550 1278 aquae
1574 1215 1795 1260 motum.
1815 1204 2048 1274 Angelus

481 1309 620 1363 enim
649 1305 866 1359 Domini
896 1300 1242 1356 descendebat
1274 1298 1559 1353 secundum
1588 1305 1785 1366 tempus
1810 1296 1864 1350 in
1889 1295 2049 1364 pisci-

480 1412 624 1459 nam,
657 1404 704 1447 et
746 1389 1051 1445 movebatur
1081 1403 1239 1457 aqua.
1275 1385 1344 1438 Et
1395 1388 1485 1456 qui
1517 1386 1666 1456 prior
1696 1383 2048 1438 descendisset

480 1489 536 1540 in
571 1485 830 1554 piscinam
880 1486 996 1550 post
1045 1478 1327 1532 motionem
1381 1493 1552 1547 aqute,
1595 1491 1758 1532 sanus
1805 1473 1966 1544 ﬁebat
2015 1491 2050 1529 a

479 1591 781 1648 quacunque
811 1571 1140 1628 detinebatur
1166 1571 1496 1640 inﬁrmitate.

2145 483 2376 554 δύναμιν
2404 483 2624 545 ἀναθεὶς
2652 481 2729 551 τῷ
2748 481 2967 552 Σωτῆρι
2996 479 3238 551 Χριστῷ,
3269 480 3364 534 καὶ
3389 480 3578 552 ὥσπερ
3603 487 3726 536 τινὰ

2158 577 2246 644 ςῆς
2293 576 2385 626 ἐπὶ
2425 574 2629 637 τούτοις
2667 573 3017 645 εὐχαριστίας
3063 572 3272 642 καρπὸν
3315 571 3724 646 ἀσφαλεστέραν

2147 669 2442 737 προσάγων
2471 665 2570 737 τὴν
2601 667 2803 720 πίστιν.

2217 759 2379 820 Μετὰ
2408 759 2596 813 ταῦτα
2624 754 2703 829 ἦν
2725 758 2763 824 ἡ
2795 756 2970 826 ἑορτὴ
2996 755 3116 812 τῶν
3150 757 3473 823 Ἰουδαίων,
3498 757 3596 811 καὶ
3623 759 3724 813 ἁν-

2145 850 2251 918 έϐη
2289 853 2323 905 ό
2377 850 2606 917 Ἰησοῦς
2645 853 2732 916 εἰς
2768 851 3166 919 Ἱεροσόλυμα.
3212 853 3378 904 Ἔστι
3403 850 3471 902 δὲ
3505 850 3575 904 ἐν
3601 851 3723 915 τοῖς

2160 941 2588 1010 Ἰεςροσολύμοις
2631 939 2728 992 ἐπὶ
2754 938 2830 1007 τῇ
2857 938 3183 1008 προϐατικῇ
3220 940 3605 1012 κολυμϐήθρᾳ
3627 980 3642 1004 ,
3683 943 3720 1008 ἡ

2144 1033 2542 1102 ἐπιλεγομένη
2593 1031 2884 1100 Ἐϐραϊστί
2935 1028 3211 1098 Βηθεσδὰ
3232 1073 3245 1097 ,
3307 1030 3486 1084 πέντε
3537 1033 3724 1097 στοὰς

2147 1126 2399 1192 ἔχουσα.
2443 1126 2540 1178 Ἐν
2569 1125 2812 1188 ταύταις
2840 1122 3140 1176 κατέκειτο
3160 1120 3392 1189 πλῆθος
3423 1120 3584 1174 πολὺ
3603 1119 3722 1174 τῶν

2147 1215 2587 1280 ἀσθενούντων,
2612 1214 2878 1284 τυφλῶν,
2906 1213 3137 1283 χωλῶν,
3164 1213 3382 1282 ξηρῶν,
3408 1212 3720 1282 ἐκδεχομέ-

2148 1322 2273 1360 νων
2298 1304 2414 1373 τὴν
2451 1306 2558 1360 τοῦ
2586 1304 2804 1370 ὕδατος
2836 1305 3104 1374 κίνησιν.
3153 1304 3428 1374 Ἄγγελος
3468 1302 3576 1374 γὰρ
3605 1307 3718 1358 Ku-

2142 1395 2280 1464 ρίου
2312 1397 2462 1451 κατὰ
2489 1396 2695 1465 καιρὸν
2719 1395 3062 1450 κατέϐαινεν
3096 1394 3165 1448 ἐν
3213 1393 3289 1463 τῇ
3318 1393 3718 1462 κολυμϐήθρᾳ,

2151 1485 2249 1540 καί
2272 1484 2571 1555 ἐτάρασσε
2596 1485 2660 1539 τὸ
2684 1484 2860 1553 ὕδωρ.
2888 1485 2942 1536 Ὁ
2972 1479 3086 1539 οὖν
3115 1482 3342 1551 πρῶτος
3370 1483 3550 1551 ἐμϐὰς
3569 1483 3719 1552 μετὰ

2151 1577 2266 1646 τὴν
2284 1577 2554 1646 ταραχὴν
2579 1577 2684 1632 τοῦ
2709 1576 2945 1643 ὕδατος,
2969 1576 3148 1648 ὑγιὴς
3163 1575 3409 1646 ἐγίνετο,
3427 1574 3474 1640 ᾧ
3497 1574 3718 1642 δήποτε

2152 1669 2456 1738 κατείχετο
2484 1668 2800 1737 νοσήματι.

547 1746 667 1801 Non
713 1753 921 1801 temere
969 1744 1164 1799 beatus
1213 1741 1554 1812 evangelista
1601 1740 1883 1812 praedictis
1916 1756 2049 1797 con-

2220 1760 2296 1815 Οὐ
2325 1760 2501 1831 μάτην
2521 1758 2679 1823 εὐθὺς
2706 1759 3062 1814 ἐπισυνάπτει
3085 1759 3197 1822 τοῖς
3223 1757 3530 1832 εἰρημένοις
3550 1757 3580 1808 ὀ
3611 1772 3718 1827 μα-

478 1841 660 1910 juugit
701 1835 1003 1891 Salvatoris
1038 1835 1092 1888 in
1127 1833 1318 1888 urbem
1359 1831 1866 1904 Hierosolymorum
1923 1834 2050 1890 red-
2116 1848 2118 1850 '

485 1944 642 1998 itum;
668 1929 762 1986 sed
793 1928 841 1983 ei
871 1927 1216 1998 propositum
1243 1931 1360 1980 erat
1390 1923 1785 1990 ostendere,ut
1808 1923 2046 1993 videtur,

482 2030 751 2094 quantum
805 2019 1124 2089 alienigena:
1175 2013 1380 2070 Iudaeis
1431 2013 1723 2070 obedieudi
1787 2013 2050 2072 facultate

482 2118 833 2185 praestarent,
873 2116 927 2163 et
968 2112 1177 2178 quanta
1224 2109 1546 2160 cerneretur
1582 2103 1639 2158 in
1667 2103 1923 2174 utrisque
1960 2103 2047 2158 in-

482 2203 632 2276 genii
675 2217 738 2257 ac
768 2212 982 2255 morum
1027 2193 1362 2252 dill'erentia.
1408 2193 1522 2250 Hoc
1554 2195 1704 2251 enim
1748 2202 1911 2264 pacto
1961 2193 2050 2248 di-

482 2309 639 2353 scere
680 2291 900 2355 licebat,
933 2288 1086 2359 justo
1124 2286 1555 2356 cunctipotentis
1590 2285 1684 2341 Dei
1726 2283 1959 2356 judicio,
1994 2292 2050 2341 et

483 2399 776 2460 personam
829 2381 1082 2449 accipere
1112 2377 1416 2434 nescientis
1463 2374 1718 2432 lsraelem
1765 2391 1860 2446 spe
1901 2375 2050 2432 exci-

481 2481 634 2544 dere,
672 2487 726 2533 et
755 2479 810 2531 in
845 2474 968 2546 ejus
1005 2473 1190 2526 locum
1230 2470 1475 2541 gentium
1519 2469 1925 2525 multitudinem
1965 2470 2051 2525 in-

482 2572 632 2627 duci.
663 2569 840 2624 Grave
887 2571 1068 2621 autem
1099 2577 1210 2617 non
1239 2562 1344 2618 erit
1378 2561 1672 2617 collatione
1704 2562 1941 2632 capitum
1986 2577 2050 2618 ea

482 2680 604 2736 quae
627 2663 888 2718 dicuntur
911 2656 1237 2730 expendere.
1261 2652 1513 2711 Ostendit
1544 2654 1710 2724 igitur
1736 2653 1915 2725 ipsum
1942 2668 2050 2709 uno

482 2752 701 2824 quidem
734 2749 1007 2804 miraculo
1045 2745 1520 2800 Samaritanorum
1553 2743 1742 2799 urbem
1773 2757 2049 2810 servasse,

481 2847 590 2898 alio
639 2841 825 2896 itidem
882 2841 1033 2893 illum
1074 2839 1348 2908 regulum,
1380 2845 1435 2891 et
1481 2850 1582 2905 per
1619 2835 1752 2889 illud
1790 2835 1911 2905 ejus
1957 2836 2054 2891 do-

485 2936 597 2990 mui
630 2933 915 3004 suppetias
943 2930 1168 2984 omnino
1209 2929 1421 2983 tulisse.
1455 2927 1718 2983 Testatus
1747 2936 1929 2982 autem
1964 2926 2052 2982 his

486 3026 666 3082 verbis
715 3021 1193 3096 promptissimum
1241 3031 1366 3072 esse
1417 3016 1742 3086 alienigenis
1794 3017 1863 3070 ad
1916 3017 2048 3071 obe-

484 3117 744 3174 dieudum
779 3113 1049 3176 studium,
1083 3123 1307 3164 rursum
1347 3106 1725 3178 Hierosolyma
1760 3107 1912 3161 illum
1950 3108 2054 3161 mi-

485 3209 799 3265 raculorum
851 3204 1120 3260 editorem
1171 3201 1420 3265 reducit,
1459 3210 1516 3255 et
1549 3215 1663 3255 rem
1702 3198 1813 3256 Deo
1850 3215 2052 3256 conve-

487 3302 724 3356 nientem
776 3296 959 3351 facere
1014 3292 1274 3350 ostendit.
1315 3291 1625 3346 lnveterato
1669 3291 1814 3346 enim
1863 3291 2054 3347 morbo

486 3393 842 3466 paralyticum
893 3389 1116 3454 liberat,
1147 3384 1309 3441 sicuti
1360 3383 1624 3437 nimirum
1667 3383 2052 3438 moribundum

485 3486 658 3558 reguli
693 3483 888 3537 lilium.
923 3479 1029 3533 Sed
1059 3478 1148 3531 hic
1173 3490 1296 3529 cum
1323 3476 1580 3533 universa
1611 3473 1773 3532 domo
1797 3476 2053 3540 credidit,

486 3585 540 3631 et
592 3575 763 3628 Deum
825 3572 1114 3625 confessus
1175 3574 1260 3622 est
1309 3565 1497 3623 Jesum
1547 3587 1560 3621 :
1610 3567 1712 3630 illi,
1765 3583 1890 3622 cum
1929 3583 2054 3623 eum

487 3667 653 3737 206
701 3661 963 3718 admirari
1019 3659 1302 3723 deberent,
1344 3660 1490 3713 illico
1526 3658 1592 3713 ad
1641 3657 1843 3712 caedem
1889 3658 2056 3728 depo-

487 3765 672 3819 scunt,
705 3763 758 3809 et
789 3750 1195 3807 benefactorem
1241 3763 1424 3811 suum,
1457 3763 1557 3804 ceu
1585 3748 1856 3818 iniquum,
1892 3750 2057 3820 impie

485 3852 916 3920 persequuntur,
950 3843 1054 3913 ipsi
1088 3857 1146 3896 se
1182 3841 1522 3911 turpissima:
1561 3843 1641 3897 rei
1685 3841 2056 3896 condemnan-

487 3949 594 4002 tes,
628 3950 725 4004 per
757 3947 919 4004 quam
954 3932 1390 4002 alienigenarum
1446 3931 1729 4002 sapientiae
1761 3940 1816 3986 et
1864 3932 2056 4003 pietati

487 4032 541 4085 in
577 4027 862 4085 Christum
893 4025 1056 4095 longe
1084 4022 1373 4094 postpositi
1403 4023 1845 4093 comperiuntur.
1880 4024 2056 4095 Atque

486 4124 591 4179 hoc
616 4129 702 4178 cst
733 4127 882 4176 certe
909 4117 1054 4189 quod
1079 4117 1136 4172 in
1164 4115 1402 4171 Psalmis
1432 4114 1639 4170 dicitur
1662 4115 1731 4171 de
1767 4116 1901 4185 ipsis
1931 4131 2055 4171 ora-

487 4218 633 4270 tione
675 4213 744 4268 ail
799 4210 1085 4265 Dominum
1140 4206 1327 4264 Jesum
1368 4221 1637 4262 conversa
1671 4225 1685 4260 :
1726 4227 1746 4260 ‹
1780 4208 2056 4275 Quoniam

486 4321 656 4378 pones
683 4320 779 4360 eos
815 4303 1044 4356 dorsum
1076 4300 1146 4353 ²¹.
1195 4319 1214 4351 ι
1253 4297 1388 4352 Nam
1415 4299 1509 4370 qui
1537 4300 1699 4370 primi
1726 4299 1799 4355 ob
1829 4301 2056 4357 electio-

2148 1851 2338 1923 κάριος
2385 1849 2775 1922 εὐαγγελιστὴς
2833 1849 2933 1921 τὴν
2970 1849 3215 1904 ἐντεῦθεν
3261 1851 3342 1912 είς
3377 1848 3718 1921 Ἰεροσόλυμα

2147 1943 2240 1997 τοῦ
2273 1944 2524 2014 Σωτῆρος
2546 1942 2802 1998 ἐπάνοδον
2822 1958 2836 1974 ο
2861 1941 2977 1997 ἀλλ’
3005 1937 3075 2014 ἦν
3103 1941 3272 2012 αὐτῷ,
3300 1941 3441 1995 κατὰ
3467 1940 3528 1994 τὸ
3551 1940 3718 2003 εἰκὸς,

2149 2033 2406 2099 ἐπιδεῖξαι
2441 2034 2675 2098 σκοπὸς,
2720 2035 2843 2088 ὅσον
2868 2035 2964 2104 μὲν
3003 2033 3259 2103 ἀμείνους
3289 2033 3369 2094 είς
3413 2029 3722 2108 εὐπείθειαν

2160 2123 2428 2177 Ἰουδαίων
2478 2124 2808 2192 ἀλλογενεῖς,
2852 2123 2992 2193 πόση
3024 2123 3080 2176 δὲ
3114 2124 3172 2174 ἐν
3221 2122 3423 2192 ἀμφοῖν
3469 2117 3634 2184 ἕξεως
3660 2135 3720 2172 τε

2147 2215 2243 2268 καὶ
2273 2215 2490 2285 τρόπων
2524 2216 2716 2286 ὁρᾶται
2747 2214 3000 2284 διαφορά.
3048 2209 3158 2266 Ἦν
3201 2214 3311 2284 γὰρ
3342 2211 3514 2276 οὕτως
3551 2213 3719 2282 ἡμᾶς,

2149 2303 2244 2356 καὶ
2271 2302 2371 2372 οὐχ
2393 2302 2593 2374 ἑτέρως
2620 2302 2880 2373 ἐκμαθεῖν
2900 2341 2914 2367 ,
2942 2303 3024 2355 ὅτι
3044 2301 3208 2372 ψήφῳ
3236 2301 3421 2371 δικαίᾳ
3454 2300 3548 2353 τοῦ
3583 2300 3720 2353 πάν-

2148 2408 2257 2445 των
2317 2392 2644 2460 κρατοῦντος
2705 2391 2877 2458 Θεοῦ,
2931 2390 3024 2445 καὶ
3087 2389 3376 2463 ἀνθρώπου
3431 2390 3723 2461 πρόσωπον

2147 2483 2250 2536 οὐκ
2273 2482 2478 2545 εἰδότος
2502 2482 2707 2548 λαὸεἰν,
2741 2483 3038 2536 ἀποπίπτει
3071 2483 3169 2553 μὲν
3202 2481 3426 2544 εἰκότως
3448 2483 3546 2553 τῆς
3574 2483 3725 2536 ἐλπίς

2148 2574 2233 2637 δος
2256 2575 2284 2626 ὁ
2321 2572 2554 2645 Ἰσραὴλ,
2583 2573 2992 2646 ἀντεισφέρεται
3011 2573 3065 2626 δὲ
3099 2572 3208 2628 τῶν
3235 2572 3406 2629 ἐθνῶν
3437 2574 3470 2646 ἡ
3495 2573 3729 2647 πληθύς..

2150 2667 2398 2721 Χαλεπὸν
2428 2668 2485 2720 δὲ
2515 2669 2663 2721 οὐδὲν
2699 2670 2764 2739 τῇ
2808 2667 2914 2721 τῶν
2953 2667 3262 2736 κεφαλαίων
3297 2665 3725 2739 ἀντιπαραθέσει

2153 2757 2586 2827 προσϐλέποντας
2614 2757 2712 2829 τὴν
2745 2758 2836 2811 ἐπὶ
2864 2759 2974 2819 τοῖς
2997 2757 3309 2827 λεγομένοις
3332 2757 3600 2810 ποιεῖσθαι
3638 2757 3727 2828 βά·

2155 2865 2332 2903 σανον.
2362 2849 2571 2914 Ἐδειξε
2592 2849 2770 2903 τοίνυν
2791 2848 2950 2902 αὐτὸν
2974 2847 3055 2901 ἐνὶ
3076 2847 3173 2917 μὲν
3193 2846 3401 2917 σημείῳ
3424 2847 3520 2917 τὴν
3540 2847 3726 2916 Σαμα-

2157 2940 2348 3011 ρειτῶν
2375 2939 2730 2995 ἀνασώσαντα
2770 2941 2922 2995 πόλιν
2944 2981 2958 3004 ,
2986 2938 3066 2991 ἐνὶ
3094 2936 3151 2991 δὲ
3175 2938 3436 3000 ὡσαύτως
3460 2937 3550 2992 τὸν
3580 2937 3729 3008 βασι-

2153 3030 2324 3098 λικὸν,
2350 3031 2443 3086 καὶ
2470 3032 2537 3085 δι’
2558 3032 2766 3086 ἐκείνου
2789 3033 2915 3094 τοὺς
2945 3033 3003 3084 ἐν
3028 3030 3165 3102 αὐτῇ
3194 3030 3410 3091 πάντως
3439 3029 3611 3099 δήπου
3634 3028 3728 3082 καὶ

2153 3120 2273 3174 λίαν
2303 3122 2647 3192 ὠφεληκότα.
2667 3123 3150 3195 Ἐπιμαρτυρήσας
3175 3123 3231 3174 δὲ
3251 3120 3339 3175 διὰ
3362 3121 3565 3174 τούτων
3592 3121 3727 3175 πολύ

2152 3214 2214 3267 τὸ
2243 3215 2530 3287 πρόχειρον
2565 3218 2676 3279 τοῖς
2716 3215 3056 3284 ἁλλογενέσιν
3089 3215 3170 3278 είς
3199 3212 3540 3275 εὐπείθειαν,
3595 3214 3727 3266 ἀνα-

2154 3305 2313 3374 φέρει
2379 3304 2540 3358 πάλιν
2585 3306 2664 3368 είς
2729 3305 3080 3376 Ἱεροσόλυμα
3137 3305 3230 3358 τὸν
3289 3302 3723 3372 θαυματουργὸν,

2155 3398 2389 3467 πρᾶγμα
2415 3396 2470 3448 δὲ
2501 3396 2800 3468 θεοπρεπὲς
2829 3395 3178 3450 ἐπιτελοῦντα
3208 3394 3458 3448 δεικνύει.
3497 3393 3728 3447 Παλαιο-

2153 3487 2322 3557 τάτης
2354 3486 2460 3559 γὰρ
2493 3487 2811 3558 παραδόξως
2849 3487 3126 3556 ἐλευθεροῖ
3157 3486 3246 3539 τὸν
3286 3484 3602 3557 παραλύτην
3639 3485 3727 3536 νό-

2157 3594 2273 3640 σου,
2297 3577 2485 3648 ὦσπερ
2513 3573 2604 3632 οῦν
2625 3579 2816 3648 ἀμέλει
2845 3577 3177 3634 θανατοῦντα
3201 3577 3295 3631 τοῦ
3328 3575 3605 3648 βασιλικοῦ
3635 3573 3727 3628 τὸν

2155 3666 2304 3720 Υίὸν.
2345 3666 2482 3719 Ἀλλ’
2515 3669 2544 3720 ὁ
2577 3668 2674 3739 μὲν
2699 3669 2986 3722 ἐπίστευσε
3014 3669 3270 3733 πανοικὶ,
3300 3669 3395 3721 καὶ⁵
3419 3667 3551 3719 Θεὸν
3582 3666 3728 3735 ὡμο-

2155 3758 2302 3826 λόγει
2333 3757 2424 3813 τὸν
2448 3758 2678 3830 Ἰησοῦνο
2717 3761 2766 3814 oi
2792 3760 2869 3824 δὲ,
2893 3758 3370 3830 καταπλήττεσθαι
3393 3757 3532 3822 δέον,
3551 3756 3726 3827 φονῶ·

2159 3868 2243 3904 σιν
2265 3851 2426 3915 εὐθὺς
2448 3891 2462 3916 ,
2505 3852 2600 3904 καὶ⁵
2622 3851 2877 3904 διώκουσι
2897 3850 3170 3914 δυσσεϐῶς
3207 3849 3282 3912 ὡς
3311 3847 3728 3920 παρανομοῦντα

2155 3940 2248 3994 τὸν
2268 3939 2580 4010 εὐεργέτην,
2601 3941 2755 3995 αὐτοὶ
2777 3940 2897 3994 καθ’
2923 3939 3133 3994 ἑαυτῶν
3159 3940 3258 4009 τὴν
3278 3938 3368 3991 ἐπὶ
3389 3940 3500 3998 τοῖς
3520 3935 3727 4006 αἰσχίο-

2160 4049 2244 4084 σιν
2277 4032 2549 4103 ὁρίζοντες
2585 4032 2792 4102 ψῆφον,
2840 4033 2906 4085 δι’
2937 4025 3013 4086 ὧν
3057 4031 3156 4101 τῆς
3193 4032 3249 4083 ἐν
3283 4032 3394 4094 τοῖς
3421 4028 3726 4097 ὰλλογενέσι

2161 4121 2443 4184 συνέσεως,
2463 4121 2556 4174 καὶ
2587 4122 2685 4190 τῆς
2715 4123 2795 4184 είς
2826 4121 3060 4192 Χριστὸν
3097 4119 3379 4182 εὐλαϐείας
3421 4119 3598 4170 ὀπίσω
3626 4133 3723 4170 πε-

2161 4211 2344 4276 σόντες
2380 4213 2711 4269 ἁλίσκονται.
2750 4213 2862 4267 Καὶ
2894 4211 3052 4266 τοῦτο
3069 4208 3138 4284 ἦν
3167 4213 3275 4284 ἄρα
3305 4212 3365 4264 τὸ
3390 4212 3518 4282 περὶ
3549 4207 3727 4263 αὐτῶν

2158 4303 2217 4357 ὲν
2247 4303 2496 4374 Ψαλμοῖς
2525 4304 2811 4375 εἰρημένον
2831 4343 2845 4369 ,
2873 4303 2948 4366 ὡς
2973 4303 3110 4374 πρὸς
3137 4303 3227 4357 τὸν
3251 4301 3454 4374 Κύριον
3488 4299 3721 4371 Ἰησοῦν·

483 4413 606 4451 nem
645 4406 857 4466 patrum
915 4390 1207 4448 constituti
1257 4397 1408 4456 sunt,
1453 4389 1635 4445 ultimi
1667 4400 1722 4445 et
1772 4400 1897 4462 post
1926 4407 2052 4463 gen-

2165 4413 2182 4447 ι
2209 4395 2330 4449 ’Ὀτι
2359 4395 2546 4466 θήσεις
2589 4396 2785 4458 αὐτοὺς
2821 4394 3009 4450 νῶτον.
3048 4413 3068 4447 ι
3101 4395 3162 4447 Οἱ
3195 4393 3303 4463 γὰρ
3327 4392 3533 4463 πρῶτοι
3561 4407 3726 4444 κατα-

483 4491 618 4542 tium
645 4485 992 4540 vocationem
1041 4481 1267 4536 venient
1305 4498 1319 4533 :
1359 4499 1377 4531 ι
1425 4480 1564 4536 Cum
1594 4482 1739 4537 enim
1771 4483 2055 4553 plenitudo

482 4580 728 4651 gentium
797 4574 1119 4637 intraverit,
1179 4581 1310 4628 tunc
1379 4574 1561 4629 omnis
1634 4573 1805 4629 Israel
1867 4576 2054 4632 salvus

486 4677 577 4728 lict
615 4675 682 4724 ".
726 4691 744 4722 ι
806 4669 963 4723 Hunc
1014 4667 1176 4722 nobis
1245 4665 1772 4735 contemplationum
1825 4683 2052 4739 scopum

488 4764 629 4833 parit
661 4761 966 4815 concinnus
1002 4757 1094 4812 ille
1129 4757 1369 4827 capitum
1401 4757 1540 4811 ordo
1571 4771 1637 4812 ac
1683 4773 1992 4818 consensus
2034 4780 2047 4816 :

486 4851 762 4921 sigillatim
817 4864 948 4904 vero
997 4847 1397 4902 versiculorum
1452 4849 1781 4905 sententiam
1847 4865 2050 4922 expen-

485 4943 704 4998 deuius.

555 5121 622 5189 V,
648 5121 702 5187 5,
727 5120 779 5177 6.
824 5119 957 5173 Erat
995 5129 1168 5174 autem
1207 5119 1423 5190 quidam
1464 5122 1618 5176 homo
1649 5122 1721 5175 ibi
1763 5125 1980 5193 triginta
2004 5136 2051 5179 ct

485 5227 600 5270 octo
631 5231 794 5268 annos
833 5210 1026 5264 habens
1065 5212 1119 5263 in
1155 5212 1468 5277 infirmitate
1493 5227 1614 5266 sua.
1644 5211 1800 5266 Hunc
1835 5230 1954 5268 cum
1983 5217 2052 5269 vi.

482 5308 648 5360 «(isset
675 5304 831 5359 Jesus
866 5303 1224 5373 jacentem,et
1265 5317 1384 5356 cum
1424 5305 1748 5372 cognovisset
1779 5306 1900 5373 quia
1931 5307 2047 5376 jam

482 5397 704 5448 multum
739 5406 936 5461 tenipus
975 5391 1207 5445 haberet.

551 5488 875 5556 Azymorum
935 5483 1072 5538 festo
1122 5496 1153 5534 a
1211 5477 1415 5534 Judaeis
1469 5481 1766 5549 celebrato,
1822 5485 1877 5539 in
1936 5501 2045 5556 quo

552 5660 595 5693 ”
647 5659 787 5716 Psul.
827 5677 912 5722 xx,
950 5661 1027 5715 l3.
1106 5657 1148 5687 ’ί
1179 5655 1332 5710 llum.
1372 5671 1444 5719 XI,
1483 5656 1572 5720 9.5,
1610 5657 1696 5711 '26.

2155 4487 2477 4557 τεταγμένοι
2514 4487 2605 4540 διὰ
2628 4487 2726 4558 τὴν
2752 4486 2862 4540 τῶν
2895 4484 3144 4556 πατέρων
3174 4482 3450 4553 ἐπιλογὴν,
3489 4481 3723 4551 ὕστεροι,

2156 4581 2252 4632 καὶ
2294 4580 2524 4634 κατόπιν
2569 4579 2671 4650 τῆς
2724 4579 2833 4632 τῶν
2881 4578 3050 4631 ἐθνῶν
3086 4575 3391 4647 βαδιοῦνται
3441 4573 3720 4644 κλήσεως’

2161 4672 2358 4724 «Ὅταν
2384 4671 2492 4742 γὰρ
2513 4671 2573 4724 τὸ
2597 4671 2867 4742 πλήρωμα
2888 4671 2992 4724 τῶν
3014 4668 3184 4722 ἐθνῶν
3208 4668 3442 4740 εἰσέλθῃ,
3472 4666 3593 4719 τότε
3620 4665 3726 4726 πᾶς

2165 4759 2381 4831 Ἰσραὴλ
2412 4761 2739 4831 σωθήσεται*
2778 4779 2796 4812 ι
2827 4760 3016 4813 τοῦτον
3055 4759 3188 4829 ἡμῖν
3220 4757 3328 4811 τῶν
3353 4755 3725 4825 θεωρημάτων

2156 4851 2334 4904 ὠδίνει
2366 4851 2456 4903 τὸν
2491 4850 2689 4904 σκοπὸν
2731 4853 2828 4922 τῆς
2873 4852 2980 4904 τῶν
3017 4847 3326 4918 κεφαλαίων
3375 4845 3647 4916 συνθήκης
3691 4844 3724 4913 ἡ

2162 4941 2432 5014 εὐρυθμος
2460 4942 2640 5007 τάξις
2683 4943 3024 5014 ποιησόμεθα
3048 4941 3106 4994 δὲ
3139 4940 3282 4994 κατὰ
3312 4939 3477 5010 μέρος
3505 4937 3601 4991 καὶ
3629 4936 3724 5007 τῆς

2160 5035 2218 5088 ὲν
2241 5037 2353 5097 τοῖς
2374 5033 2574 5104 στίχοις
2594 5035 2834 5097 διανοίας
2857 5032 3056 5104 ἀκριϐῆ
3081 5031 3177 5101 τὴν
3197 5031 3443 5101 ζήτησιν.

2228 5122 2340 5180 Ἦν
2361 5123 2429 5178 δέ
2477 5143 2569 5191 τις
2592 5125 2902 5193 ἄνθρωπος
2937 5123 3064 5176 ἐκεῖ
3093 5121 3406 5190 τριάκοντα
3435 5118 3535 5172 καί
3576 5115 3724 5170 ὀκτὼ

2155 5217 2258 5284 ἐτη
2290 5216 2446 5285 ἔχων
2475 5216 2545 5269 ἐν
2592 5214 2665 5282 τῇ
2698 5215 2982 5279 ἀσθενείᾳ
3023 5212 3230 5266 αὐτοῦ.
3281 5211 3500 5266 Τοῦτον
3525 5207 3667 5263 ιδὼν
3691 5209 3724 5262 ό

2167 5307 2398 5376 Ἰησοῦς
2425 5307 2885 5376 κατακείμενον,
2927 5304 3024 5357 καί
3049 5303 3233 5372 γνοὺς
3261 5301 3350 5355 ὅτι
3379 5298 3581 5353 πολὺν
3603 5297 3722 5367 ἤδη

2152 5399 2376 5467 χρόνον
2403 5396 2546 5464 ἔχει.

2222 5487 2333 5558 Τὴν
2373 5487 2463 5541 ἐπὶ
2507 5489 2618 5550 τοῖς
2657 5486 2887 5557 ἀζύμοις
2915 5483 3105 5558 ἑορτὴν
3146 5478 3572 5537 ἐπιτελεσάντων
3617 5478 3724 5532 τῶν
