4090 6266
552 379 656 440 339
796 379 802 386 ‘
1538 388 1597 446 s.
1639 387 1919 448 CYRILLI
1943 388 2167 476 ALEXA

2198 387 2419 444 NDRINI
2453 388 2771 446 ARCHIEP.
3708 389 3813 446 340

621 495 688 562 ν,
731 499 854 565 7,8.
892 499 1151 568 Domine,
1193 501 1453 556 hominem
1500 520 1606 558 non
1655 505 1851 572 habeo,
1895 516 1956 560 ut
2009 523 2128 560 cum
2157 513 2205 568 Α

2197 556 2205 568 ,
2303 506 2496 575 Κύριε,
2516 504 2830 573 ἄνθρωπον
2857 503 2966 556 οὐκ
2996 501 3114 571 ἔχω
3135 503 3257 569 ἵνα,
3287 503 3433 557 ὅταν
3451 502 3716 572 ταραχθῇ
3747 504 3812 556 τιὸ

551 590 765 646 turbata
798 594 963 662 fuerit
997 612 1157 666 aqua,
1194 596 1372 651 mittat
1423 612 1505 651 me
1550 599 1604 651 in
1644 599 1912 668 piscinam
1946 616 1965 654 :
2005 600 2132 654 dum

2236 597 2415 669 ὕδωρ.
2446 596 2672 666 ἐμϐάλῃ
2702 613 2778 666 με
2797 596 2879 661 εὶς
2908 593 3022 662 τὴν
3049 595 3473 664 κολυμϐήθραν
3493 611 3506 624 °
3525 595 3594 646 ἐν
3625 588 3672 661 ᾧ
3706 596 3813 664 γὰρ

546 683 692 736 venio
732 687 870 739 enim
911 704 1035 758 ego,
1082 687 1222 743 alius
1263 697 1388 744 ante
1429 705 1512 744 me
1557 689 1848 746 descendit.
1895 691 2039 746 Dicit
2081 693 2131 746 ei

2233 691 2476 759 ἔρχομαι
2513 687 2658 756 ἐγὼ,
2691 687 2880 753 ἄλλος
2910 687 3023 754 πρὸ
3065 687 3211 756 ἐμοῦ
3233 687 3595 741 καταϐαίνει.
3645 687 3809 754 Λέγει

543 770 704 826 Iesus
731 789 751 827 :
791 773 980 845 Surge.

2231 781 2391 847 αὑτῷ
2411 784 2444 834 ὀ
2487 780 2715 848 Ἰησοῦς
2739 798 2752 810 ·
2780 782 3051 848 Ἕγειραι.

615 863 777 919 Circa
807 866 955 921 diem
995 878 1200 924 sanctae
1247 867 1605 925 Pentecostes
1661 871 1843 942 angeli
1893 871 2126 928 descen-

2302 871 2460 926 Κατὰ
2480 873 2576 942 τὴν
2613 872 2828 942 ἡμέραν
2866 873 2963 941 τῆς
3002 871 3160 940 ἁγίας
3198 870 3604 940 Πεντηκοστῆς,
3641 871 3807 938 άγγε-

539 957 734 1013 dentes
765 957 833 1014 de
859 961 1001 1015 cmlo
1027 962 1251 1031 piscina:
1283 976 1484 1032 aquam
1506 962 1828 1030 turbabant,
1860 980 1923 1020 ex
1948 981 2125 1036 eoque

2227 966 2308 1018 λοι
2341 962 2775 1030 καταφοιτῶντες
2815 961 2874 1026 ἐξ
2919 961 3146 1032 οὐρανοῦ
3190 961 3250 1015 τὸ
3293 965 3392 1031 τῆς
3423 960 3807 1030 κολυμϐήθρας

539 1063 738 1102 sonum
769 1051 1008 1106 edebant
1033 1054 1087 1107 in
1124 1053 1345 1123 signum
1378 1071 1491 1110 suae
1522 1058 1848 1125 praesentiae.
1884 1057 1950 1113 Et
1977 1074 2121 1129 aqua

2224 1054 2580 1126 ὲξετάραττον
2631 1051 2772 1122 ὕδωρ
2799 1092 2814 1116 ,
2882 1048 2998 1104 εἶτα
3052 1054 3142 1104 τὸν
3209 1052 3456 1105 ἐντεῦθεν
3521 1051 3804 1104 ἐποιοῦντο

537 1152 602 1189 ex
635 1141 844 1193 sanctis
879 1143 1174 1211 spiritibus
1202 1143 1676 1200 sanctiﬁeabatur.
1725 1145 1883 1212 Quod
1914 1148 1960 1203 si
1994 1151 2119 1218 quis

2223 1145 2429 1200 κτύπον
2453 1147 2552 1217 τῆς
2590 1144 2801 1198 ἑαυτῶν
2828 1145 3150 1208 ἐπιστασίας
3189 1144 3280 1197 τὸν
3311 1147 3546 1214 κήρυκα.
3607 1145 3715 1196 Καὶ
3743 1144 3802 1196 τὸ

536 1240 600 1280 ex
635 1234 1028 1297 aegrotantium
1081 1235 1240 1289 turba
1272 1235 1428 1305 prius
1467 1252 1633 1307 quam
1664 1240 1847 1292 caeteri
1885 1239 2118 1294 descen-

2223 1237 2321 1306 μὲν
2366 1237 2507 1306 ὕδωρ
2542 1236 2600 1301 ἐξ
2636 1235 2809 1303 ἁγίων
2838 1235 3164 1305 πνευμάτων
3203 1235 3463 1306 ἡγιάζετο
3487 1248 3500 1264 ’
3539 1237 3590 1290 εί
3623 1235 3679 1288 δέ
3718 1253 3801 1298 τις

535 1320 730 1383 disset,
756 1323 921 1394 208
947 1325 1198 1395 deposito
1222 1325 1422 1382 infesto
1452 1328 1644 1382 morbo
1675 1344 1844 1384 sanus
1877 1331 2112 1396 redibat,

2217 1329 2356 1400 ἔφθη
2399 1325 2785 1398 προκατελθεῖν
2817 1326 2913 1396 τῆς
2956 1324 3066 1380 τῶν
3092 1325 3394 1380 νοσούντων
3428 1326 3703 1396 πληθύος,
3737 1328 3799 1379 τὸ

534 1412 630 1468 sed
666 1416 976 1470 sanationis
1027 1417 1108 1473 vis
1147 1425 1202 1473 et
1247 1419 1389 1472 ratio
1419 1419 1470 1474 ei
1508 1428 1722 1474 tantum
1775 1423 2114 1491 congruebat

2217 1416 2498 1488 συντρίϐον
2543 1417 2706 1470 αὑτὸν
2749 1416 3256 1486 ἁποφορτισάμενος
3308 1417 3556 1471 ἀνέϐαινε
3603 1417 3793 1481 πάθος,

533 1504 626 1574 qui
677 1506 828 1575 prior
876 1517 1234 1578 occupasset;
1266 1509 1414 1580 quod
1466 1511 1682 1582 signum
1729 1527 1949 1582 quoque
1994 1521 2113 1567 erat

2212 1511 2292 1573 είς
2324 1510 2420 1585 ἕνα
2463 1509 2519 1562 δὲ
2575 1510 2735 1579 μόνον
2789 1509 2882 1562 τὸν
2934 1508 3362 1580 προαρπάζοντα
3415 1512 3798 1580 συνεμετρεῖτο

532 1598 728 1654 auxilii
767 1600 920 1656 illius
953 1601 1144 1671 legalis
1185 1618 1284 1672 per
1321 1611 1544 1658 sanctos
1581 1605 1808 1675 angelos
1839 1605 1909 1660 ad
1943 1621 2108 1660 unam

2211 1601 2310 1671 τῆς
2334 1601 2629 1672 θεραπείας
2659 1603 2692 1672 ἡ
2719 1600 2965 1670 δύναμις.
2999 1601 3140 1653 Ἀλλ’
3165 1595 3235 1672 ἦν
3262 1601 3537 1656 καὶτοῦτο
3568 1605 3791 1672 σημεῖον

531 1708 597 1748 ac
627 1694 799 1750 solam
827 1692 1144 1748 Iudaeorum
1177 1705 1394 1764 gentem
1427 1698 1776 1765 pertinentis,
1809 1712 1874 1754 ac
1901 1699 2106 1753 nullam

2207 1695 2307 1766 τῆς
2354 1695 2421 1747 δι’
2455 1695 2702 1764 ἀγγέλων
2729 1695 2956 1766 νομικῆς
2985 1695 3249 1765 ὠφελείας
3287 1695 3371 1764 ἐφ’
3411 1694 3470 1747 ἓν
3508 1697 3602 1748 καὶ
3635 1695 3792 1766 μόνον

532 1793 798 1854 praeterea
827 1787 1104 1841 curantis.
1136 1787 1181 1838 A
1212 1786 1328 1841 Dan
1352 1789 1500 1842 enim
1540 1805 1713 1859 usque
1741 1789 1808 1844 ad
1833 1790 2107 1846 Bersabee

2207 1788 2267 1842 τὸ
2310 1788 2420 1841 τῶν
2464 1787 2732 1841 Ἰουδαίων
2763 1787 2918 1854 γένος
2945 1789 3328 1858 ἐκτεινομένης
3348 1829 3362 1853 ,
3407 1788 3594 1857 ἓτερον
3625 1787 3681 1839 δὲ
3706 1787 3792 1840 ἐπ’

533 1874 773 1931 Mosaica
828 1886 1103 1946 praecepta
1155 1878 1600 1946 praedicabantur
1639 1881 1953 1935 ministrata
2011 1874 2148 1951 per]

2175 1881 2180 1923 ε
2209 1880 2391 1942 αὑτοῖς
2412 1879 2820 1952 θεραπευούσης
2834 1879 3045 1934 οὑδένα.
3063 1881 3196 1933 Ἀπὸ
3220 1879 3328 1950 γὰρ
3348 1880 3456 1932 Δάν
3478 1881 3575 1950 τῆς
3597 1879 3790 1932 καλου-

531 1969 759 2039 angelos
806 1970 863 2023 in
919 1978 1102 2024 monte
1133 1968 1265 2024 Sina
1302 1972 1450 2026 circa
1491 1971 1610 2027 dies
1665 1982 1871 2027 sanctae
1910 1972 2107 2028 Pente-

2211 1972 2410 2044 μένης,
2459 1972 2552 2026 καὶ
2584 1972 2688 2035 ἕως
2719 1972 2997 2044 Βηρσαϐεέ
3034 1973 3104 2025 τὰ
3151 1971 3236 2025 διὰ
3271 1972 3513 2035 Μωσέως
3549 1971 3790 2024 ἐλαλεῐτο

528 2069 715 2118 costes
759 2061 958 2115 ultimo
1003 2063 1339 2117 constitutae.
1391 2062 1628 2133 ideoque
1683 2065 1909 2134 piscina:
1959 2079 2103 2134 aqua

2206 2059 2631 2138 προστάγματά,
2671 2065 3059 2133 διακονηθέντα
3089 2065 3154 2118 δι’
3174 2065 3421 2134 ἀγγέλων
3447 2066 3504 2116 ἐν
3531 2064 3789 2134 apum;

524 2151 634 2206 alio
674 2161 922 2222 tempore
957 2167 1066 2207 non
1123 2155 1474 2218 turbabatur,
1527 2155 1845 2226 signiﬁcans
1879 2165 2103 2211 sancto-

2207 2159 2352 2214 κατὰ
2408 2159 2507 2221 τὰς
2556 2158 2769 2230 ἡμέρας
2816 2158 2916 2228 τῆς
2979 2157 3205 2228 ὕστερον
3263 2156 3572 2228 ὁρισθείσης
3627 2157 3787 2222 ἁγίας

525 2257 647 2298 rum
699 2244 1016 2314 angelorum
1048 2244 1102 2296 in
1149 2260 1208 2299 se
1237 2245 1586 2300 descensum.
1620 2245 1965 2316 Paralyticus
1995 2246 2100 2300 ita-

2207 2252 2606 2324 Πεντηκοστῆς.
2663 2251 2762 2303 Διὰ
2790 2252 2898 2321 γάρ
2923 2267 3004 2303 τοι
3030 2250 3186 2303 τοῦτο
3205 2289 3220 2315 ,
3251 2250 3345 2303 καὶ
3378 2249 3478 2319 τῆς
3509 2247 3784 2318 κολυμϐή-

522 2349 629 2403 quc
659 2348 784 2388 cum
815 2349 921 2388 non
954 2335 1184 2389 haberet
1215 2352 1246 2390 a
1286 2353 1396 2406 quo
1426 2339 1482 2392 in
1514 2352 1709 2408 aquam
1741 2337 2096 2407 dejiceretur,

2205 2341 2342 2412 θροις
2372 2341 2433 2393 τὸ
2465 2339 2607 2410 ὕδωρ
2650 2340 2750 2393 οὑκ
2782 2342 2840 2412 ἐν
2889 2340 3060 2411 ἐτέρῳ
3111 2340 3538 2410 συνεταράττετο
3587 2338 3783 2407 καιρῷ,

519 2435 630 2479 tam
659 2426 910 2480 morbum
931 2443 1094 2498 quam
1122 2428 1366 2498 inopiam
1398 2445 1554 2484 suam
1583 2429 1836 2493 deﬂebat,
1865 2429 2092 2487 dicens:

2202 2411 2302 2503 τὴν
2329 2433 2438 2485 τῶν
2466 2432 2636 2496 ἁγίων
2662 2411 2908 2499 ἀγγέλων
2947 2431 3027 2493 είς
3061 2430 3220 2484 ἐαυτδ
3248 2433 3510 2500 σημαῖνον
3542 2429 3629 2482 διὰ
3660 2429 3780 2481 τού-

524 2537 543 2568 ι
591 2515 882 2575 Hominem
913 2537 1026 2575 non
1060 2521 1258 2588 habeo,
1283 2525 1377 2592 qui
1405 2539 1490 2578 me
1521 2523 1781 2578 nimirum
1807 2524 1864 2578 in
1894 2537 2094 2592 aquam

2201 2543 2294 2579 του
2333 2523 2701 2594 καταδρομήν.
2763 2525 2879 2576 Οὐκ
2923 2524 3061 2592 ἔχων
3088 2522 3376 2593 τοιγαροῦν
3420 2524 3448 2575 ό
3476 2521 3781 2591 παράλυτος

519 2610 794 2666 demittat.
840 2632 858 2665 ι
895 2613 1261 2685 Exspectabat
1301 2617 1448 2672 enim
1481 2617 1588 2673 sibi
1625 2616 1694 2672 ab
1727 2615 1857 2672 Jesu
1903 2615 2096 2670 datum

2200 2618 2291 2672 τὸν
2323 2617 2403 2679 είς
2429 2616 2490 2668 τὸ
2525 2614 2668 2685 ὕδωρ
2697 2613 3130 2678 ἐξακοντίζοντα,
3167 2613 3305 2684 μετὰ
3337 2613 3432 2666 τοῦ
3469 2613 3780 2682 συνέχοντος

519 2703 589 2756 iri
623 2705 937 2761 consilium.

2203 2708 2428 2773 πάθους,
2463 2709 2556 2761 καὶ
2583 2707 2682 2778 τὴν
2714 2707 2822 2760 τῶν
2853 2707 3266 2776 θεραπευόντων
3295 2707 3530 2776 ἐρημίαν
3567 2705 3779 2777 ἐθρήνει

515 2792 692 2862 λέγων
714 2811 728 2826 ’
763 2814 781 2847 ι
805 2797 1126 2868 ’Ἄνθρωπον
1157 2799 1256 2852 οὑκ
1285 2799 1413 2871 ἔχω,
1448 2800 1538 2854 τὸν
1566 2802 1645 2865 είς
1681 2800 1744 2854 τὸ
1785 2801 1930 2873 ὕδωρ
1959 2798 2401 2870 κατακομίζοντα
2447 2798 2668 2869 δηλαδή.
2706 2818 2724 2850 ι
2767 2797 2936 2851 Τοῦτο
2982 2796 3092 2868 γὰρ
3126 2797 3343 2860 πάντως
3376 2799 3522 2868 ἐρεῖν
3563 2813 3622 2850 τε
3686 2797 3782 2851 καὶ

517 2887 904 2959 συμϐουλεύειν
930 2893 1080 2964 αὑτῷ
1110 2896 1478 2967 προσεδόκησε
1499 2897 1591 2949 τὸν
1632 2897 1862 2968 Ἰησοῦν.

582 2981 651 3050 ν,
691 2982 807 3038 8-9.
850 2984 998 3040 Tolle
1021 2990 1303 3056 grabatum
1330 3000 1500 3053 tuum,
1531 2999 1580 3044 et
1606 2991 1843 3044 ambula.
1873 2990 1941 3044 Et
1971 3000 2087 3046 sta-

2264 2980 2442 3052 Ἀρον
2471 2983 2581 3036 τὸν
2615 2981 2952 3050 κράΰϐατόν
2982 2995 3130 3049 σου,
3162 2980 3260 3034 καὶ
3292 2979 3620 3049 περιπάτει.
3667 2981 3777 3035 Kal

512 3074 607 3128 tim
636 3092 798 3130 sanus
841 3077 1016 3146 factus
1042 3091 1120 3133 est
1148 3079 1302 3135 homo
1327 3081 1439 3144 ille,
1473 3092 1521 3135 et
1559 3083 1775 3136 sustulit
1801 3082 2086 3152 grabatum

2193 3075 2411 3141 εὐθέως
2451 3074 2687 3144 ἐγένετο
2725 3073 2901 3144 ὑγιὴς
2945 3076 2978 3128 ό
3003 3072 3348 3140 ἅνθρωπος,
3397 3071 3493 3124 καὶ
3537 3067 3646 3141 ἦρε
3671 3072 3777 3125 τὸν

509 3180 687 3232 suum,
720 3175 771 3220 et
813 3165 1146 3222 ambulabat.
1189 3167 1323 3223 Erat
1358 3178 1532 3223 autem
1564 3169 1857 3225 Sabbatum
1911 3169 1971 3222 in
2003 3167 2087 3223 die
2115 3162 2124 3208 ⁴

2190 3166 2522 3236 κράϐϐατον
2548 3167 2737 3220 αὑτοῦ
2755 3207 2770 3232 ,
2815 3165 2911 3219 καὶ
2939 3163 3295 3234 περιεπάτει.
3319 3159 3432 3220 Ἦν
3461 3163 3529 3216 δὲ
3549 3163 3773 3218 Σάϐϐα-

508 3255 623 3310 illo.

2190 3276 2298 3313 τον
2325 3259 2394 3311 ἐν
2421 3258 2625 3324 ἐκείνῃ
2666 3255 2741 3324 τῇ
2766 3257 2973 3326 ἡμέρᾳ.

576 3344 688 3401 Deo
733 3349 1070 3403 conveniens
1096 3356 1184 3404 est
1225 3349 1358 3406 illud
1403 3351 1646 3420 iussum,
1681 3357 1736 3405 et
1766 3349 1989 3406 virtutis
2021 3365 2086 3405 ac

2259 3348 2574 3422 Θεοπρεπὲς
2615 3348 2674 3401 τὸ
2706 3348 3016 3417 ἐπίταγμα,
3057 3348 3150 3400 καὶ
3179 3347 3280 3417 τῆς
3309 3347 3452 3417 ὑπὲρ
3480 3346 3769 3418 ἄνθρωπον

503 3441 800 3507 potestatis
829 3441 1130 3496 humanam
1157 3443 1595 3499 mediocritatem
1621 3443 1938 3500 excedentis
1969 3456 2084 3496 ma-

2186 3438 2470 3510 δυνάμεῶς
2516 3455 2577 3492 τε
2621 3439 2714 3490 καὶ
2764 3437 3009 3503 ἐξουσίας
3058 3438 3466 3508 ἐναργεστάτην
3502 3437 3640 3506 ἔχων
3672 3437 3769 3507 τὴν

507 3527 928 3585 nit‘estissimum
961 3531 1126 3587 habet
1163 3544 1571 3604 argumentum.
1617 3533 1738 3589 Non
1775 3533 1922 3588 enim
1955 3547 2081 3602 pre-

2185 3529 2476 3593 ἀπόδειξιν.
2535 3528 2609 3580 Οὑ
2647 3527 2756 3598 γὰρ
2803 3527 3095 3597 ἐπεύχεται
3139 3526 3216 3598 τῷ
3254 3526 3492 3598 κειμένῳ
3536 3528 3635 3597 τῆς
3669 3528 3766 3597 ἀῤ-

503 3627 664 3671 catur
711 3622 1008 3675 sanitatem
1065 3639 1234 3692 aegro,
1278 3641 1347 3679 ne
1381 3626 1591 3680 sanctis
1631 3626 1905 3694 aliquibus
1953 3640 2082 3694 pro-

2187 3621 2420 3692 ρωστίας
2469 3620 2566 3687 τὴν
2598 3618 2750 3670 λύσιν
2771 3657 2787 3682 ,
2832 3618 2920 3672 ἵνα
2951 3619 3024 3690 μὴ
3057 3619 3198 3672 κατά
3222 3635 3374 3681 τινας
3409 3617 3648 3686 φαίνοιτο
3674 3620 3767 3672 καὶ

503 3711 685 3780 phclis
717 3711 835 3781 ipse
882 3728 1106 3783 quoque
1141 3715 1339 3770 similis
1369 3717 1643 3783 videatur,
1675 3717 1770 3773 sed
1818 3727 2076 3786 tanquam

2181 3712 2346 3774 αὐτὸς
2382 3709 2490 3764 τῶν
2515 3709 2687 3778 ἁγίων
2715 3709 3044 3780 προφητῶν,
3092 3709 3207 3763 ἀλλ’
3238 3710 3314 3773 ὼς
3349 3709 3458 3763 τῶν
3483 3709 3767 3779 δυνάμεων

501 3803 770 3857 virtutum
807 3802 1072 3858 Dominus
1110 3821 1210 3875 pro
1235 3815 1368 3861 nutu
1389 3822 1452 3862 ac
1486 3816 1762 3878 potestate
1792 3809 1908 3863 ﬁeri
1940 3825 2072 3879 ωιτη

2181 3803 2385 3875 Κύριος
2433 3801 2859 3866 ἐξουσιαστικῶς
2888 3801 3167 3855 ἐπιτάττει
3195 3801 3481 3868 γενέσθαι,
3509 3801 3764 3871 χαίροντα

499 3893 656 3964 cipit,
694 3894 896 3962 jubens
927 3905 985 3950 ut
1025 3897 1181 3952 Ianus
1213 3898 1436 3954 domum
1469 3898 1679 3963 redeat,
1708 3908 1763 3956 et
1815 3901 2074 3956 lectulum

2183 3897 2280 3968 μέν
2312 3895 2495 3949 οἴκαδε
2524 3893 2758 3965 βαδίζειν
2787 3893 2976 3956 εἰπὼν,
3001 3893 3310 3964 ἐπωμάδιον
3335 3894 3390 3948 δέ
3416 3892 3682 3946 ποιεῖσθαι
3704 3891 3764 3944 τὸ

496 3986 745 4042 humeris
792 3983 971 4051 tollat,
1008 3999 1068 4044 ut
1116 3999 1457 4060 spectatores
1510 3992 1774 4047 virtutem
1814 3992 1934 4062 ejus
1981 3993 2075 4062 qui

2178 3986 2428 4040 κλινίδιον
2451 4026 2464 4049 ,
2510 3986 2806 4056 ὑπόμνημα
2845 3983 2944 4053 τῆς
2972 3984 3068 4037 τοῦ
3102 3984 3542 4056 θεραπεύσαντος
3578 3982 3761 4052 ίσχύος

496 4079 714 4134 sanavit
754 4079 886 4135 inde
928 4081 1274 4151 colligerent.
1323 4081 1488 4139 Jussa
1533 4092 1716 4140 autem
1765 4084 1898 4138 facit
1931 4101 2075 4155 aeger

2173 4079 2286 4140 τοῖς
2309 4076 2507 4146 ὁρῶσιν
2524 4076 2798 4145 ἐσόμενον.
2824 4075 3059 4146 Πράττει
3081 4073 3138 4127 δὲ
3161 4075 3507 4146 παραχρῆμα
3522 4075 3581 4126 τὸ
3606 4089 3760 4144 προσ·

495 4170 666 4234 illico,
697 4178 754 4226 et
781 4187 878 4241 per
928 4173 1304 4228 obedientiam
1336 4188 1401 4230 ac
1455 4175 1616 4230 tidem
1667 4176 2070 4246 optatissimam

2173 4169 2372 4240 ταχθὲν
2393 4171 2421 4222 ό
2441 4167 2632 4232 νοσῶν,
2652 4168 2746 4220 καὶ
2767 4167 2833 4220 δι’
2865 4167 3134 4236 ὑπακοῆς,
3158 4169 3253 4222 καὶ
3274 4167 3511 4230 πίστεως
3530 4166 3625 4237 τὴν
3650 4181 3758 4234 τρι-

493 4263 599 4317 sibi
643 4265 877 4333 gratiam
910 4265 1194 4321 conciliat.
1227 4265 1506 4332 Quoniam
1547 4276 1728 4324 autem
1777 4269 1833 4323 in
1868 4282 2074 4337 praece-

2173 4260 2408 4331 πόθητον
2435 4259 2613 4329 ἐαυτῷ
2643 4259 3091 4330 πραγματεύεται
3114 4259 3295 4330 χάριν.
3340 4258 3555 4329 Ἐπειδὴ
3582 4259 3638 4312 δὲ
3671 4257 3757 4311 διὰ

491 4354 753 4410 dentibus
806 4356 988 4426 ipsum
1040 4358 1094 4410 in
1135 4358 1366 4428 ﬁguram
1417 4370 1470 4415 et
1503 4367 1691 4430 typum
1728 4361 1914 4431 populi
1971 4358 2068 4413 Ju-

2171 4351 2279 4405 τῶν
2309 4350 2689 4422 προλαϐόντων
2731 4351 2812 4413 είς
2847 4350 3030 4403 εἰκόνα
3058 4351 3153 4404 καὶ
3181 4351 3350 4404 τύπον
3377 4350 3474 4420 τῆς
3497 4351 3607 4404 τῶν
3631 4351 3759 4403 Ἰου-

491 4444 636 4500 (laici
669 4447 1028 4515 protulimus,
1057 4452 1216 4517 quasi
1251 4449 1306 4502 in
1349 4448 1559 4504 ultimis
1594 4451 1935 4519 temporibus
1979 4463 2069 4504 sa-
2103 4490 2106 4500 .

2140 4501 2147 4536 ’
2173 4445 2333 4497 δαίων
2367 4441 2606 4514 πληθύος
2629 4441 2793 4494 αὑτὸν
2822 4443 3190 4512 είσηγάγομεν
3208 4481 3222 4505 ,
3275 4443 3351 4505 ὡς
3379 4440 3677 4511 μελλούσης
3698 4441 3755 4494 ἐν

493 4535 660 4590 nandi
696 4555 707 4589 :
739 4537 994 4607 agedum,
1027 4553 1225 4594 rursus
1259 4541 1641 4610 excogitemus
1683 4541 1889 4609 aliquid
1920 4541 2068 4610 quod
2104 4533 2108 4544 ¹

2174 4536 2421 4606 ὑστέροις
2455 4533 2854 4606 θεραπεύεσθαι
2877 4537 3090 4606 καιροῖς
3109 4550 3124 4566 ο
3145 4534 3277 4604 φέρε
3302 4534 3365 4605 δή
3385 4551 3438 4587 τι
3458 4533 3619 4588 πάλιν
3638 4534 3757 4584 ἐπι-

488 4626 770 4694 prioribus
825 4627 938 4684 illis
989 4629 1283 4684 sententiis
1333 4630 1684 4700 respondeat.
1723 4633 1781 4686 In
1826 4629 2068 4686 Sabbato

2174 4630 2458 4699 νοήσωμεν
2485 4632 2605 4691 ταῖς
2635 4628 2716 4692 εἰς
2755 4626 2914 4681 τοῦτο
2947 4628 3243 4698 συμϐαῖνον
3285 4627 3514 4690 ἐννοίαις
3557 4625 3750 4680 ἀναλό-

488 4716 746 4774 Christus
773 4718 1052 4774 hominem
1079 4732 1258 4786 sanat,
1294 4731 1548 4778 sanatum
1580 4739 1709 4779 vero
1746 4724 1935 4779 statim
1965 4725 2066 4780 ob-

2171 4741 2284 4792 γως
2308 4726 2420 4787 τοῖς
2453 4723 2968 4804 προεξητασμένοις.
3013 4724 3098 4776 Ἐν
3133 4722 3396 4794 Σαϐϐάτῳ
3425 4722 3516 4777 τὸν
3543 4723 3750 4793 ἄνθρω-

489 4807 859 4861 servationem
892 4810 1121 4880 legalem
1157 4813 1372 4870 solvcre
1407 4816 1584 4886 jubet,
1635 4816 1881 4873 suadens
1916 4825 1976 4872 ut
2009 4817 2063 4871 in

2173 4834 2274 4872 πον
2302 4815 2513 4884 ὑγιάζει
2545 4817 2808 4886 Χριστὸς,
2834 4813 3162 4883 ὑγιασθέντα
3191 4813 3247 4866 δὲ
3282 4814 3624 4885 παραχρῆμα
3651 4813 3746 4883 τὴν

488 4892 733 4949 Sabbato
767 4898 871 4951 iter
921 4900 1120 4968 faciat,
1150 4905 1314 4975 idque
1368 4907 1568 4962 lectulo
1618 4918 1902 4972 oneratus,
1938 4907 2066 4962 licet

2171 4908 2402 4979 νομικὴν
2453 4908 2728 4962 ἐπιτάττει
2785 4906 3084 4978 παραλύειν
3135 4907 3460 4978 συνήθειαν,
3513 4923 3745 4976 περιπα-

489 4997 679 5059 aperte
699 4991 918 5062 ,clamet
958 4995 1162 5050 alicubi
1223 5014 1318 5067 per
1349 5015 1517 5054 unum
1569 5010 1888 5056 sanctorum
1934 5017 2065 5071 pro-

2169 5003 2282 5053 τεῖν
2311 4999 2620 5054 ἀναπείθων
2652 5000 2712 5052 ἐν
2741 4998 3036 5069 Σαϐϐάτῳ,
3083 4998 3178 5052 καὶ
3214 4997 3375 5052 τοῦτο
3403 4997 3478 5069 τῷ
3508 4998 3746 5067 κλινιδίῳ

486 5082 775 5154 phetarum
809 5081 952 5139 Deus
985 5105 998 5139 :
1035 5106 1053 5138 ι
1092 5087 1276 5158 Neque
1311 5092 1673 5160 exportabitis
1703 5093 1791 5146 die
1835 5092 2059 5148 Sabbati

2167 5092 2628 5164 πεφορτισμένον,
2668 5092 2841 5144 καίτοι
2873 5090 3168 5162 διαρρήδην
3205 5089 3436 5159 βοῶντος
3485 5090 3581 5144 τοῦ
3611 5090 3743 5143 Θεοῦ

483 5171 730 5243 pondera
763 5187 794 5227 e
825 5171 1085 5231 domibus
1115 5180 1398 5235 vestris”.
1427 5199 1446 5231 ι
1478 5181 1667 5253 Neque
1694 5197 1827 5236 vero
1855 5183 2060 5238 dixerit

2166 5184 2232 5238 δι’
2278 5185 2396 5248 ἑνός
2429 5201 2532 5236 που
2573 5183 2680 5236 τῶν
2719 5181 2887 5251 ἁγίων
2928 5181 3261 5251 προφητῶν·
3327 5200 3346 5232 ι
3376 5183 3485 5235 Καὶ
3517 5183 3615 5235 οὑκ
3661 5181 3746 5247 ἐξ·

481 5259 740 5335 ηυίεαύἰε
774 5281 922 5320 sana:
946 5283 1179 5339 usquam
1225 5272 1298 5325 sit
1330 5275 1551 5337 mentis,
1586 5274 1749 5345 209
1780 5274 2056 5330 hominem

2165 5277 2338 5330 οίσετε
2385 5275 2744 5346 βαστάγματα
2791 5273 2851 5338 ἐξ
2893 5273 3081 5327 οἰκιῶν
3121 5275 3274 5344 ὑμῶν
3321 5278 3387 5346 τῇ
3430 5275 3614 5345 ἡμέρα
3650 5274 3743 5326 τοῦ

479 5358 634 5412 illum
683 5357 999 5415 divinorum
1063 5363 1445 5419 mandatorum
1502 5367 1656 5421 reddi
1713 5375 2058 5438 contempto-

2167 5369 2467 5423 Σαϐϐάτου.
2499 5388 2518 5420 ι
2567 5369 2675 5422 Καὶ
2703 5368 2761 5419 οὑ
2806 5367 2869 5436 δή
2919 5383 3021 5418 που
3064 5367 3288 5436 φήσειεν
3332 5367 3397 5420 ἄν
3426 5385 3539 5432 τις,
3589 5369 3647 5430 ὃς
3683 5384 3742 5435 γε

477 5462 593 5502 rem
628 5466 641 5502 :
676 5449 934 5507 Christus
972 5455 1116 5508 enim
1154 5457 1302 5510 velut
1353 5458 1405 5512 in
1459 5466 1589 5529 typo
1618 5457 1826 5516 ludatis
1869 5471 2058 5516 osten-

2167 5460 2507 5530 σωφρονοίη,
2556 5461 2973 5530 καταφρονητήν
3025 5476 3185 5521 τινα,
3239 5459 3332 5512 καὶ
3381 5457 3592 5529 ἐξήνιον
3639 5459 3743 5508 τῶν

479 5535 640 5592 debat
667 5555 762 5595 eos
793 5543 1014 5612 quidem
1053 5555 1310 5602 sanatum
1351 5549 1416 5604 iri
1457 5567 1552 5621 per
1583 5553 1952 5608 obedientiam
1995 5569 2058 5608 ac

2165 5555 2323 5608 θείων
2345 5553 2693 5625 ἐνταλμάτων
2732 5553 3110 5608 ἀποτελεῖσθαι
3138 5553 3226 5606 τὸν
3269 5553 3579 5622 ἄνθρωπονο
3624 5551 3740 5604 ἀλλ’

481 5625 640 5681 tidem
699 5628 752 5681 in
789 5637 1050 5692 extremis
1087 5639 1274 5695 sneculi
1318 5641 1657 5712 temporibus
1701 5660 1712 5695 :
1748 5643 1851 5698 hoc
1894 5644 2037 5699 enim

2149 5646 2223 5709 ὡς
2261 5648 2316 5699 ἐν
2357 5645 2510 5715 τύπῳ
2542 5650 2651 5710 τοῖς
2702 5644 2972 5710 Ἰουδαίοις
3015 5644 3245 5716 φανερὸν
3283 5645 3456 5697 ἐποίει
3483 5643 3741 5720 Χριστὸς,

573 5796 616 5829 ⁸³
644 5803 849 5862 Jeretn.
891 5827 1027 5880 xvu,
1055 5817 1148 5872 2|.
