4090 6266
353 381 359 388 -
404 343 503 397 5“

1464 350 1530 406 ΙΝ
1571 350 1860 407 JOANNIS
1883 350 2337 409 EVANGELIUM
2373 354 2501 411 LIB.
2535 354 2600 410 ll.
3555 359 3662 415 542

404 458 490 513 ὅτι
525 459 1023 531 θεραπευθήσονται
1064 464 1161 534 μὲν
1200 465 1268 519 δι’
1313 467 1558 539 ὑπακοῆς
1600 469 1691 522 καὶ
1743 467 1963 531 πίστεως

2081 470 2324 524 arbitror
2346 470 2663 540 signiﬁcare
2694 467 3024 540 Sabbatum,
3047 472 3143 543 qui
3172 472 3293 531 dies
3323 484 3406 532 est
3430 477 3661 535 ultimus

405 552 465 606 ἐν
494 551 745 622 ἐσχάτοις
787 552 880 606 τοῦ
933 554 1127 617 αἰῶνος
1167 560 1411 629 καιροϊςο
1464 560 1624 614 τοῦτο
1664 560 1775 629 γὰρ
1824 554 1979 631 οἶμαι

407 644 472 696 τὸ
515 643 792 699 Σάϐϐατόν
830 646 1044 717 δηλοῦν,
1074 648 1392 704 τελευταίαν
1421 647 1585 707 οὖσαν
1618 653 1716 722 τῆς
1747 652 1978 722 ἑϐδομά-

408 735 499 801 δος
518 739 746 808 ἡμέραν.
786 740 1201 812 Κομισαμένους
1222 742 1280 797 δὲ
1310 744 1460 811 ἅπαξ
1488 743 1585 815 τὴν
1620 744 1709 798 διὰ
1740 744 1976 808 πίστεως

410 827 736 899 θεραπείαν,
774 831 866 886 καὶ
919 834 999 897 είς
1051 836 1348 904 καινότητα
1401 836 1973 910 μεταρῤυθμισθὲντας

410 920 572 989 ζωῆς,
604 920 702 992 τὴν
737 923 836 991 μὲν
881 923 974 978 τοῦ
1019 926 1243 997 νομικοῦ
1274 929 1602 1000 γράμματος
1636 929 1977 999 παλαιότητα

406 1012 533 1081 παρ’
563 1012 715 1066 οὐδὲν
760 1014 972 1087 ἀνάγκη
1030 1018 1315 1084 ποιεῖσθαι,
1370 1019 1753 1091 παραιτεῖσθαι
1784 1019 1842 1073 es
1875 1018 1974 1090 τὴν

399 1103 474 1167 ὡς
500 1106 557 1158 ἐν
587 1109 767 1170 σκιαῖς
794 1108 1164 1182 αἰνιγματώδη
1188 1110 1465 1183 λατρείαν.
1511 1109 1792 1165 Ἐντεῦθεν
1817 1106 1972 1181 οἶμαι

396 1193 625 1249 λαϐόντα
668 1195 763 1250 τοῦ
814 1198 972 1267 λόγου
1019 1200 1118 1262 τάς
1163 1200 1420 1272 ἀφορμὰς
1444 1201 1539 1253 καὶ
1568 1199 1663 1253 τὸν
1701 1199 1972 1271 μακάριον

394 1287 697 1344 ἐπιστεῖλαι
746 1292 958 1345 Παῦλον
1003 1294 1115 1356 τοῖς
1162 1292 1302 1363 μετά
1329 1292 1427 1363 τὴν
1468 1293 1652 1347 πίστιν
1680 1291 1964 1360 παλινδρο-

2086 558 2470 618 hebdomadis.
2503 562 2608 617 Per
2642 560 2804 616 ﬁdem
2846 576 2976 619 vero
3007 571 3233 621 sanatos
3266 574 3320 621 et
3352 568 3406 621 in
3443 570 3660 625 novita-

2083 660 2191 707 tem
2214 652 2343 709 vita:
2365 651 2695 708 reformatos
2717 654 2915 710 littera:
2942 657 3164 726 quidem
3192 658 3382 729 legalis
3415 669 3659 716 vetusta-

2083 747 2190 795 tem
2221 754 2447 798 necesse
2467 750 2554 799 est
2580 743 2843 813 abjicere,
2877 755 2932 802 et
2957 748 3167 803 cultum
3197 750 3444 819 typicum
3474 755 3656 822 repel-

2082 830 2215 886 lere.
2243 829 2382 887 Hinc
2407 833 2700 889 occasione
2730 842 2975 905 sumpta,
2999 837 3220 893 beatum
3251 854 3473 911 quoque
3511 840 3658 895 Pau-

2082 921 2193 976 lum
2225 922 2424 992 opinor
2454 924 2746 993 scripsisse
2772 926 2842 982 iis
2868 928 2965 995 qui
2993 935 3117 999 post
3156 929 3314 985 tidem
3339 940 3652 1001 susceptam

2081 1025 2434 1071 revertuntur
2462 1017 2531 1071 ad
2560 1018 2733 1088 legem
2759 1037 2773 1074 :
2809 1037 2829 1071 ‹
2866 1020 2999 1075 Dico
3021 1031 3204 1077 autem
3238 1023 3396 1079 vobis
3415 1024 3569 1094 Quia,
3605 1026 3652 1080 si

2076 1105 2574 1175 circumeidamini,
2604 1107 2862 1166 Christus
2911 1111 3071 1167 vobis
3117 1113 3254 1167 nihil
3305 1113 3585 1183 proderit;
3628 1131 3653 1164 »ν

2076 1194 2239 1249 item:
2272 1215 2292 1248 ι
2324 1195 2582 1252 Evacuati
2613 1199 2748 1257 estis
2776 1216 2812 1254 at
2830 1199 3075 1269 Christo,
3108 1202 3205 1275 qui
3227 1203 3284 1258 in
3316 1204 3438 1275 lege
3481 1202 3655 1273 justi-

2072 1286 2338 1353 licamini,
2374 1301 2404 1341 a
2429 1288 2605 1358 gratia
2638 1291 2926 1348 excidistis
2954 1296 3020 1347 “.
3060 1312 3081 1345 ι

397 1382 590 1451 μοῦσιν
619 1386 716 1439 ἐπὶ
736 1386 827 1440 τὸν
854 1387 1045 1455 νόμον
1119 1404 1135 1437 ι
1166 1387 1324 1456 Λέγω
1358 1387 1418 1441 δὲ
1447 1388 1598 1459 ὑμῖν,
1671 1387 1754 1441 ὅτι
1815 1384 1913 1439 ἐὰν
1970 1378 2408 1451 περιτέμνησθε,
2454 1382 2691 1453 Χριστὸς
2736 1384 2883 1454 ὑμᾶς
2931 1384 3083 1439 οὐδὲν
3130 1384 3423 1458 ὠφελήσει·
3481 1407 3500 1442 s
3556 1391 3649 1444 καὶ

392 1476 591 1529 πάλιν·
642 1496 660 1530 ι
704 1478 1107 1552 Κατηργήθητε
1162 1479 1271 1534 ἀπὸ
1323 1478 1593 1552 Χριστοῦ,
1650 1478 1851 1540 οἵτινες
1899 1476 1958 1527 ἐν
1996 1471 2146 1542 νόμῳ
2173 1469 2503 1547 δικαιοῦσθε,
2534 1473 2636 1544 τῆς
2672 1475 2890 1546 χάριτος
2927 1476 3239 1542 ἐξεπέσατε.
3276 1498 3296 1531 s

467 1570 728 1637 Ἔλεγοι·
763 1565 877 1625 οὖν
910 1573 967 1625 ol
1022 1570 1297 1626 Ἰουδαῖοι
1333 1570 1414 1637 τῷ
1443 1568 1960 1640 τεθεραπευμένα-φ’

2141 1560 2210 1629 ν,
2246 1562 2333 1616 10.
2377 1562 2631 1619 Dicebant
2657 1582 2779 1636 ergo
2810 1566 2991 1623 Judaei
3021 1569 3105 1622 illi
3138 1570 3229 1640 qui
3265 1580 3492 1626 senatus
3525 1573 3645 1642 fus-

396 1636 704 1716 Σάϐϐατον
752 1661 882 1717 ἐστι
900 1703 917 1730 ,
975 1662 1076 1716 καί
1121 1665 1232 1719 οὐκ
1278 1636 1484 1729 seem
1528 1636 1629 1718 σοι
1679 1636 1816 1731 ἆραι
1863 1658 1963 1714 τὸν

2072 1662 2161 1708 rat
2187 1671 2208 1709 :
2241 1653 2535 1711 Sabbatum
2562 1665 2664 1721 est,
2707 1673 2812 1713 nou
2859 1658 2981 1713 licet
3013 1658 3109 1713 tibi
3143 1636 3330 1717 tollere
3362 1636 3648 1735 grabatum

397 1750 731 1820 κράϐϐατόν
764 1769 905 1808 σου.

484 1842 929 1913 Ἐπικαιρότατον
982 1838 1134 1915 οἶμαι
1170 1843 1297 1916 βοᾷν
1356 1844 1447 1898 ἐπὶ
1492 1842 1731 1907 τούτοις·
1770 1861 1789 1894 ι
1836 1841 1968 1895 Ἰδοὺ

398 1930 530 1992 λαὸς
558 1932 755 2004 μωρὸς,
793 1934 887 1987 καὶ
923 1934 1183 2006 ἀκάρδιος
1202 1951 1217 1964 '
1253 1934 1523 2005 ὀφθαλμοὶ
1551 1935 1753 2000 αὐτοῖς,
1782 1933 1875 1986 καὶ
1906 1933 1966 1986 ού

402 2020 678 2089 βλέπουσι.
716 2042 737 2075 ι
769 2024 834 2076 Τί
873 2025 982 2095 γάρ
1031 2024 1100 2079 ἀν
1139 2025 1352 2093 γένοιτο
1386 2025 1496 2078 τῶν
1518 2023 1773 2078 τοιούτων
1804 2024 1967 2078 ἀπαι-

395 2109 736 2184 δευτότερον,
771 2113 804 2184 ἢ
849 2115 903 2167 τί
952 2116 1087 2187 πρὸς
1131 2113 1487 2184 ἀναισθησίαν
1527 2113 1588 2187 τρ
1628 2111 1811 2184 μεῖζον
1842 2126 1863 2174 ;
1893 2111 1967 2166 Τὸ

395 2202 498 2271 μὲν
528 2203 637 2274 γὰρ
679 2205 761 2257 ὄτι
805 2208 1074 2277 προσήκει
1125 2205 1426 2277 θαυμάζειν
1478 2204 1695 2269 αὐτοὺς,
1737 2205 1836 2275 τὴν
1866 2203 1963 2256 τοῦ

390 2294 824 2367 θεραπεύσαντος
859 2295 1089 2367 δύναμίν
1132 2298 1192 2351 οὐ
1218 2297 1462 2368 δέχονται
1493 2296 1636 2351 κατά
1675 2295 1800 2349 νοῦν
1823 2310 1838 2326 ·
1872 2310 1963 2347 πι-

389 2384 514 2454 κροὶ
543 2385 601 2437 δὲ
633 2385 783 2449 ὄντες
824 2387 1169 2458 ἐπιτιμηταὶ,
1219 2388 1316 2443 καὶ
1359 2388 1518 2458 μόνον
1571 2386 1773 2451 εἰδότες
1804 2385 1965 2440 τοῦτο

388 2473 602 2538 καλῶς,
654 2476 1003 2545 παρανομίας
1070 2476 1376 2548 ἐγκλήματι
1429 2475 1821 2547 περιϐάλλουσι
1870 2475 1963 2528 τὸν

386 2564 513 2633 ἄρτι
543 2564 634 2617 καί
661 2563 814 2633 μόλις
837 2563 937 2635 τῆς
971 2567 1191 2637 μακρᾶς
1233 2565 1588 2635 ἀνακύψαντα
1624 2564 1803 2629 νόσου,
1842 2564 1959 2616 κεῖ-

389 2653 513 2708 σθαι
557 2654 612 2707 δὲ
648 2654 809 2709 πάλιν
850 2655 1228 2711 ἐπιτάττουσιν
1266 2655 1524 2726 ἀμαθῶς,
1567 2656 1643 2719 ὡς
1670 2655 1763 2709 καὶ
1793 2656 1852 2708 ἐν
1878 2654 1960 2724 τῷ

385 2746 585 2817 χρῆναι
632 2748 807 2800 νοσεῖν
858 2746 958 2817 τῆς
1014 2749 1095 2811 είς
1148 2748 1210 2801 τὸ
1254 2748 1530 2802 Σάϐϐατόν
1572 2747 1959 2817 πληρουμένης

384 2842 570 2909 τιμῆς.

465 2927 527 2982 ’0
565 2929 633 2982 δὲ
662 2931 950 2999 ἀπεκρίθη
988 2929 1193 3028 αὐτοῖς
1222 2944 1235 2958 ·
1283 2929 1345 2983 '0
1388 2927 1652 3028 ποιήσας
1675 2944 1753 2997 με
1788 2927 1952 3028 ὑγιῆ,
1985 2970 2028 3028 c

2073 1751 2243 1796 tuum.

2141 1830 2311 1889 Valde
2354 1842 2687 1904 opportune,
2726 1842 2788 1890 ut
2821 1851 2964 1901 reor,
2998 1838 3093 1893 hic
3131 1840 3303 1896 nobis.
3331 1843 3653 1900 exclaman-

2069 1923 2201 1979 dum
2240 1931 2325 1980 est
2352 1940 2365 1977 :
2396 1942 2417 1979 ι
2446 1925 2586 1983 Ecce
2617 1930 2859 1998 populus
2887 1930 3090 1986 stultus
3111 1942 3169 1987 et
3191 1947 3385 1990 vecors
3428 1949 3443 1987 :
3494 1936 3644 1990 oculi

2069 2023 2200 2073 sunt
2247 2017 2407 2088 ipsis,
2437 2026 2493 2075 et
2538 2034 2648 2075 non
2682 2020 2871 2076 vident
2888 2021 2955 2074 ".
2995 2042 3015 2075 ι
3044 2022 3187 2089 Quid
3214 2024 3360 2079 enim
3402 2025 3492 2081 his
3522 2036 3642 2083 stu-

2067 2106 2256 2177 pidius
2283 2118 2377 2162 aut
2419 2108 2657 2165 inertius
2693 2124 2818 2166 esse
2856 2112 3076 2180 potest?
3100 2111 3221 2167 Non
3259 2116 3404 2169 enim
3432 2115 3644 2172 intelli-

2067 2206 2204 2269 gunt
2233 2199 2646 2269 suspiciendam
2682 2201 2788 2256 sibi
2808 2216 2933 2258 esse
2953 2202 3064 2256 vim
3094 2211 3149 2259 et
3173 2211 3498 2274 potestatem
3519 2207 3642 2278 ejus

2065 2290 2161 2361 qui
2197 2290 2453 2347 sanavit:
2488 2292 2585 2348 sed
2616 2291 2722 2347 hoc
2751 2308 2923 2348 unum
2966 2294 3173 2360 sciunt,
3204 2297 3407 2352 acerbe
3459 2297 3642 2353 incre-

2064 2396 2218 2452 pare,
2248 2381 2494 2453 adeoque
2508 2382 2729 2438 violata:
2753 2383 2894 2454 legis
2922 2384 3135 2440 crimen
3164 2385 3440 2441 intentant
3466 2387 3518 2444 ei
3542 2389 3637 2459 qui

2062 2488 2260 2529 recens
2282 2488 2347 2529 ac
2374 2475 2467 2529 vix
2495 2475 2760 2530 diuturno
2786 2476 2978 2531 morbo
3009 2460 3237 2532 solutus.
3254 2476 3454 2546 fuerat,
3479 2493 3638 2533 eum-

2060 2579 2168 2636 que
2200 2580 2421 2621 rursum
2441 2565 2775 2623 decumbere
2807 2568 2973 2623 stulte
3007 2568 3358 2639 praecipiunt,
3389 2570 3552 2640 quasi
3581 2572 3636 2625 in

2059 2657 2362 2730 aagrotandi
2390 2657 2729 2716 necessitate
2766 2659 2996 2716 Sabbati
3028 2659 3209 2717 honor
3239 2663 3537 2718 consistat.

2132 2921 2199 2991 ν,
2225 2923 2313 2981 ii.
2354 2924 2454 2981 Ille
2493 2937 2675 2981 autem
2711 2927 2983 2996 respondit
3012 2926 3090 2983 eis
3125 2943 3144 2983 :
3177 2926 3283 2994 Qui
3314 2941 3395 2981 me
3436 2943 3635 2982 sanum

385 3018 535 3074 ἐκεῒγ
545 3022 615 3088 ός
639 3040 743 3091 μοι
769 3019 937 3077 εἷπεν
952 3039 967 3056 ο
992 3017 1179 3089 ’Δρογ-
1203 3020 1309 3075 τὸν
1329 3019 1663 3088 κράϐϐατόν
1684 3033 1823 3087 σου,
1858 3019 1957 3074 καί

2065 3014 2207 3084 fecit,
2237 3017 2328 3071 ille
2356 3017 2483 3072 mihi
2517 3019 2695 3073 dixit:
2724 3018 2874 3074 Tolle
2910 3017 3198 3091 grabatum
3230 3029 3400 3085 tuum,
3433 3030 3483 3074 et
3515 3035 3630 3074 ant-

384 3113 706 3181 περιπὰτει.
752 3114 1093 3182 Ἠρώτησαν
1123 3109 1238 3169 οὖν
1263 3113 1470 3166 αὐτόν.

456 3203 783 3276 Σοφωτάτην
823 3207 849 3258 6
898 3205 1056 3275 λόγος
1095 3202 1276 3259 ὠδίνει
1321 3201 1419 3275 τὴν
1460 3201 1703 3266 ἔννοιαν,
1739 3202 1960 3274 καὶτῆς

397 3292 662 3349 Ἰουδαίων
706 3296 1035 3368 δυστροπίας
1078 3296 1541 3368 ἀποκρουστικήν.
1595 3292 1815 3365 Ἐπειδὴ
1848 3291 1959 3363 γὰρ

381 3382 485 3435 οὐκ
508 3382 716 3447 ἔξεστιν
748 3387 805 3439 ἐν
847 3385 1111 3456 Σαϐϐάτῳ
1136 3429 1150 3450 ,
1191 3385 1376 3455 φησιν,
1413 3383 1596 3438 οἶκαδε
1626 3386 1726 3457 τὴν
1766 3384 1958 3455 κλίνην

385 3476 573 3530 ἐλόντα
630 3475 909 3546 βαδίζειν,
968 3477 1310 3549 παρανομίας
1364 3475 1442 3548 τῷ
1498 3476 1958 3549 τεθεραπευμένῳ

385 3569 682 3639 βάπτοντες
726 3572 977 3641 γραφὴν,
1023 3570 1338 3640 ἀναγκαίως
1388 3570 1574 3633 αὐτοῖς
1623 3568 1958 3641 γοργοτέραν

384 3657 669 3726 ἀντεξάγει
716 3648 814 3728 τὴν
846 3658 1170 3727 ἀπολογίαν,
1213 3659 1419 3712 ἐκεῖνον
1451 3656 1603 3728 αύτῷ
1634 3659 1956 3728 περιπατεῖν

382 3749 696 3803 ἐντετάλθαι
754 3748 960 3817 λέγων,
1022 3748 1081 3813 ὃς
1131 3749 1224 3804 καὶ
1284 3748 1384 3818 τῆς
1430 3748 1618 3817 ὑγείας
1676 3747 1956 3819 ἀνεδείχθη

381 3839 566 3912 δοτὴρ,
597 3840 755 3910 μόνον
784 3840 840 3893 δὲ
863 3841 984 3910 ούχὶ
1028 3839 1270 3893 τοιοῦτόν
1301 3841 1353 3893 τί
1383 3856 1549 3908 φησιν
1569 3854 1583 3869 '
1640 3837 1957 3908 ’Ᾱξιολογὼ-

380 3947 563 3994 τατον,
590 3923 635 3983 ὧ
666 3922 845 3995 οῦτοι,
876 3929 1019 4002 φημὶ
1048 3930 1184 4002 πρὸς
1206 3929 1266 3983 τὸ
1298 3929 1497 4001 χρῆναι
1525 3930 1822 3999 τιμᾶσθαι,
1863 3929 1959 3982 καὶ

380 4020 570 4076 λυπεῖν
602 4022 907 4076 ἐπιτάττειν
942 4021 1043 4086 τὰς
1088 4021 1184 4074 τοῦ
1241 4019 1521 4075 Σαϐϐἀτου
1571 4021 1759 4091 τιμὰς,
1791 4021 1884 4076 τὸν
1913 4010 1957 4090 ᾧ

382 4113 618 4183 τοσαύτη
652 4113 942 4184 πρόσεστιν
977 4113 1164 4183 ἰσχὺς,
1214 4110 1329 4165 ἐστι
1374 4113 1468 4166 καὶ¹
1516 4113 1709 4183 χάρις,
1756 4111 1831 4176 ὼς
1859 4112 1957 4184 τὴν

384 4199 523 4267 ἐμὴν
547 4198 797 4264 ἐξελάσαι
827 4198 999 4254 νόσον.
1037 4198 1100 4252 El
1130 4198 1238 4270 γὰρ
1260 4198 1355 4252 τοῦ
1385 4200 1639 4271 τυχόντος
1668 4201 1783 4252 ἐστὶ
1807 4200 1867 4253 τὸ
1900 4203 1958 4254 ἐν

2061 3106 2208 3162 bula.
2244 3107 2711 3181 Inlerrogaverunt
2738 3127 2861 3182 ergo
2893 3127 3031 3166 eum.

2130 3199 2613 3270 Sapientissimam
2652 3205 2769 3257 haec
2799 3202 2966 3258 verba
3009 3202 3345 3259 sententiam
3386 3202 3639 3272 pariunt,

2059 3306 2169 3361 qua
2198 3289 2517 3347 Iudaeorum
2555 3292 2894 3363 perversitas
2938 3292 3273 3362 exploditur.
3307 3291 3446 3347 Cum
3480 3292 3630 3347 enim

2059 3382 2250 3440 dicant
2287 3398 2397 3439 non
2428 3384 2597 3440 licere
2618 3383 2676 3438 in
2716 3381 2985 3449 Sabbato,
3016 3384 3233 3441 sublato
3253 3384 3505 3457 grabato,
3534 3384 3642 3441 do:

2061 3490 2210 3529 mum
2237 3476 2534 3546 prolicisci,
2561 3476 3036 3547 praevaricationis
3058 3477 3265 3532 crimen
3284 3478 3332 3532 ei
3358 3480 3451 3548 qui
3472 3492 3635 3533 sana—

2060 3573 2153 3620 tus
2182 3564 2360 3620 fuerat
2384 3567 2748 3633 intentantes,
2767 3567 3089 3622 necessario
3121 3566 3208 3622 his
3241 3567 3516 3623 acriorem
3536 3569 3633 3624 de-

2060 3655 2367 3712 fensionem
2383 3658 2632 3728 opponit,
2651 3658 2842 3715 dicens
2860 3659 2929 3713 ab
2944 3659 3042 3714 illo
3064 3673 3123 3715 se
3140 3659 3459 3715 ambulandi
3478 3674 3635 3715 man-

2058 3747 2246 3803 datum
2279 3750 2585 3818 accepisse,
2614 3766 2644 3804 a
2675 3765 2783 3819 quo
2810 3750 3103 3806 sanitatem
3123 3751 3289 3806 etiam
3321 3752 3552 3822 accepit,
3579 3763 3634 3808 et

2061 3839 2374 3895 istiusmodi
2404 3840 2663 3911 quiddam
2699 3849 2913 3896 tantum
2938 3856 3048 3896 non
3078 3841 3155 3896 ait
3181 3858 3199 3895 ιη
3218 3841 3500 3897 Summam
3536 3860 3635 3898 au-

2058 3931 2371 3987 ctoritatem
2422 3947 2534 4003 qua
2579 3931 2881 3988 Sabbatum
2934 3928 3098 4003 210
3133 3933 3241 3988 coli
3287 3942 3384 3988 aut
3435 3936 3633 3990 violari

2055 4021 2249 4093 jubeat
2281 4024 2338 4077 in
2380 4038 2447 4079 co
2487 4039 2611 4079 esse
2649 4025 2797 4088 dico,
2843 4025 2935 4080 cui
2986 4032 3137 4079 tanta
3177 4024 3259 4080 vis
3293 4025 3437 4082 inest
3467 4033 3633 4097 atque

2058 4114 2255 4186 gratia,
2281 4123 2342 4168 ut
2372 4129 2555 4169 meum
2591 4117 2844 4171 morbum
2876 4115 3139 4185 abegerit.
3166 4112 3304 4168 Nam
3342 4117 3388 4171 si
3418 4131 3480 4170 ea
3511 4118 3631 4173 laus

2062 4220 2092 4257 a
2114 4204 2310 4274 quovis
2334 4205 2515 4260 aliena
2560 4214 2666 4270 est,
2697 4206 3007 4274 virtutique
3043 4219 3107 4259 ac
3140 4206 3402 4274 potestati
3433 4205 3633 4263 divinae

383 4287 592 4351 τούτοις
644 4287 964 4358 διαπρέπειν
1009 4289 1323 4361 ἀλλότριον,
1373 4291 1603 4362 ἁρμόσει
1653 4289 1710 4343 δὲ
1757 4290 1956 4360 μᾶλλον

2065 4299 2341 4361 convenit,
2381 4297 2660 4366 quomodo
2693 4312 2757 4351 ea
2794 4296 3034 4362 excidet,
3072 4295 3272 4367 inquit,
3307 4297 3399 4367 qui
3434 4312 3632 4369 opera-

384 4376 640 4449 ἐνεργείᾳ
679 4379 769 4431 καὶ
808 4377 1033 4449 δυνάμει
1071 4379 1394 4451 θεοπρεπεῖ,
1438 4380 1557 4445 πῶς
1589 4380 1658 4435 ἂν
1698 4381 1951 4452 ἁμάρτοι,

386 4471 571 4541 φησιν,
615 4471 645 4522 6
689 4468 890 4523 τούτων
922 4469 1188 4542 ἐργάτης;
1218 4472 1252 4542 ἢ
1300 4472 1416 4537 πῶς
1461 4472 1528 4526 ἂν
1552 4473 1614 4527 οὐ
1638 4473 1856 4536 πάντως
1887 4473 1955 4528 τὰ

385 4559 756 4632 κεχαρισμένα
791 4559 910 4630 Θεῷ
955 4559 1401 4631 συμϐουλεύσειεν
1444 4564 1472 4616 ό
1525 4562 1802 4635 θεοπρεπῆ
1855 4562 1954 4634 τὴν

378 4653 607 4724 δύναμιν
650 4653 826 4724 ἔχωνς
863 4653 1066 4724 Τρέφει
1117 4652 1295 4707 τοίνυν
1339 4654 1399 4709 ἐν
1449 4654 1629 4727 ἐαυτῷ
1678 4656 1882 4728 πικρὰν
1926 4658 1958 4710 ό

378 4745 535 4816 λόγος
562 4744 660 4817 τὴν
681 4745 943 4815 ἔμφασιν.

452 4839 550 4903 Τις
577 4838 749 4893 ἐστιν
774 4841 807 4893 d
834 4838 1147 4906 ἄνθρωπος
1183 4832 1216 4891 ὁ
1258 4838 1440 4893 ειπὼν
1466 4855 1563 4895 σοι
1586 4856 1599 4871 ο
1630 4835 1816 4910 *Αρον
1845 4840 1957 4896 τόν

380 4928 710 4996 κράϐὅατόν
737 4943 877 4993 σου,
912 4929 1012 4983 καὶ
1037 4928 1388 4997 περιπάτει;
1436 4932 1487 4984 Ὀ
1513 4932 1581 4985 δὲ
1614 4932 1803 5000 ἰαθεὶς
1838 4935 1952 4987 οὐκ

381 5018 514 5087 ᾔδει
537 5020 629 5085 τίς
663 5020 831 5073 ἐστιν
852 5035 866 5048 ·
916 5024 950 5075 ὀ
985 5022 1094 5091 γὰρ
1134 5020 1373 5089 Ἰησοῦς
1417 5022 1740 5087 ἐξένευσεν
1763 5024 1953 5093 ὄχλου

383 5108 560 5174 ὄντος
586 5110 655 5162 ἐν
680 5110 760 5175 τῷ
798 5113 974 5176 τόπῳ.
1009 5115 1169 5167 Μετὰ
1213 5113 1401 5168 ταῦτα
1443 5117 1710 5184 εὑρίσκει
1765 5117 1955 5172 αὐτὸν

381 5202 416 5254 ὁ
459 5200 699 5267 Ἰησοῦς
725 5201 794 5254 ἐν
822 5202 899 5268 τῷ
926 5203 1077 5271 ἱερῷ,
1126 5205 1226 5260 καὶ
1256 5202 1426 5260 εἶπεν
1455 5207 1635 5271 αὐτῷ.

457 5290 767 5361 Ἀπληστος
804 5294 904 5355 εἰς·
937 5296 1248 5365 μιαιφονίαν
1291 5297 1402 5349 τῶν
1458 5298 1726 5353 Ἰουδαίων
1753 5301 1782 5353 6
1811 5303 1954 5367 νοῦς.

382 5383 709 5455 Διερευνῶσι
737 5382 828 5437 τὸν
856 5385 1202 5453 ἐπιτάξαντα,
1249 5389 1667 5444 συνεπιπλὲκειν
1696 5392 1857 5447 αὑτὸν
1881 5396 1959 5465 τῷ

381 5475 699 5547 παραδόξως
732 5477 1046 5544 ύγιασθέντι
1078 5477 1468 5549 βουλευόμενοι.
1508 5483 1686 5547 Μόνος
1725 5484 1854 5556 γὰρ,
1883 5485 1958 5550 ὡς

381 5566 547 5632 εἰκὸς,
580 5567 908 5623 κινδυνεύων
937 5567 1125 5623 ἐλύπει
1145 5570 1234 5624 διὰ
1250 5571 1312 5625 τὸ
1338 5571 1639 5644 Σάϐϐατον,
1670 5575 1698 5628 6
1728 5575 1956 5648 βρόχους

464 5745 509 5776 ’³
538 5747 718 5804 Galat.
751 5765 804 5818 γ,
835 5749 888 5816 2,
927 5749 980 5805 4.
1065 5752 1108 5783 ³⁸
1143 5748 1345 5806 Jercm.
1375 5769 1430 5820 ν,
1464 5752 1552 5807 21.

2058 4401 2153 4441 rur
2183 4386 2412 4443 isthmc?
2435 4395 2531 4442 aut
2564 4386 2842 4457 quomodo
2870 4402 2976 4440 non
3010 4393 3065 4441 et
3089 4395 3315 4456 accepta
3346 4385 3458 4442 Deo
3492 4404 3629 4443 con-

2055 4478 2221 4544 sulet,
2258 4479 2351 4549 qui
2373 4478 2564 4534 divina
2591 4483 2867 4549 potestate
2901 4476 3166 4547 praeditus
3195 4478 3319 4533 est?
3344 4477 3403 4533 in
3439 4493 3498 4535 se
3524 4478 3658 4565 ita-2

2054 4586 2164 4642 que
2192 4571 2309 4627 haec
2342 4571 2516 4627 verba
2539 4570 2825 4626 continent
2864 4583 3053 4624 acrem
3083 4568 3409 4638 emphasim.

2128 4849 2194 4916 ν,
2234 4851 2416 4905 12-14.
2446 4849 2575 4916 Quis
2616 4860 2694 4906 est
2731 4850 2823 4905 ille
2851 4848 3005 4905 homo
3022 4848 3113 4918 qui
3151 4846 3288 4901 dixit
3313 4847 3409 4902 tibi
3438 4864 3457 4903 :
3483 4848 3630 4903 Tolle

2054 4941 2336 5013 grabatum
2393 4952 2564 5007 tuum,
2607 4953 2657 4998 el
2697 4942 2954 4997 ambula?
2995 4940 3050 4994 Is
3092 4940 3183 5010 qui
3229 4955 3393 4994 sanus
3451 4939 3627 5008 fuerat

2052 5033 2293 5103 e/fectus,
2324 5033 2586 5089 nesciebat
2612 5035 2730 5105 quis
2764 5043 2896 5088 esset
2924 5049 2943 5088 :
2982 5030 3140 5086 lesus
3174 5032 3316 5085 enim
3343 5031 3628 5085 declinavit

2056 5141 2090 5178 a
2117 5124 2275 5178 turba
2295 5127 2585 5180 constituta
2616 5125 2823 5180 inloco.
2856 5123 3053 5179 Postea
3082 5124 3279 5179 invenit
3311 5139 3431 5177 eum
3469 5118 3628 5174 Iesus

2057 5216 2111 5270 in
2147 5216 2359 5285 ιειιιρίο,
2394 5226 2444 5271 et
2477 5217 2614 5271 dixit
2644 5217 2750 5271 illi.

2129 5301 2454 5373 lncxplebili
2502 5303 2671 5360 caedis
2722 5303 3022 5374 cupiditate
3088 5301 3243 5357 ardet
3310 5295 3628 5351 Iudaeorum

2068 5394 2303 5447 animus.
2325 5392 2592 5463 lndagant
2607 5409 2732 5448 eum
2757 5394 2852 5463 qui
2878 5408 3088 5463 aegrum
3117 5387 3288 5459 jussit
3319 5385 3629 5446 ambulare.

2065 5492 2371 5541 statuentes
2401 5485 2581 5556 ipsum
2605 5500 2711 5539 una
2733 5500 2857 5540 cum
2894 5500 2959 5539 eo
2989 5481 3080 5551 qui
3104 5475 3433 5532 mirabiliter
3466 5488 3629 5527 sana-

2064 5586 2153 5635 tus
2182 5576 2364 5635 fuerat
2404 5577 2645 5634 irretire.
2679 5577 3034 5648 Angebantur
3063 5570 3233 5631 enim,
3268 5573 3331 5620 ut
3383 5570 3654 5648 apparet“
