4090 6266
491 357 596 417 345

1484 361 1544 420 S.
1585 363 1863 421 CYRILLI
1902 361 2381 421 ALEXANDRINI
2413 359 2736 418 ARCHIEP.

3637 360 3741 417 δέει

491 473 639 542 quod
693 470 848 526 solus
895 469 1324 540 periclitaretur,
1364 480 1591 545 propter
1632 473 1956 541 Sabbatum,
2007 474 2056 530 is

2164 475 2290 546 ἄρτι
2336 476 2429 529 καὶ
2457 473 2692 544 παγίδας
2733 469 3009 542 ἀφύκτους
3047 467 3357 543 διαδραμὼν
3383 509 3398 537 ,
3431 472 3526 526 καὶ
3564 474 3743 528 αὐτῶν

487 564 585 633 qui
613 563 776 618 modo
800 563 1027 633 laqueos
1056 563 1399 622 inevitabiles
1424 565 1739 638 aufugerat,
1761 576 1816 624 et
1838 582 1902 624 ex
1923 567 2058 640 ipsis

487 655 686 710 mortis
725 654 914 724 januis
945 653 1181 710 eductus
1211 654 1412 712 fuerat.
1437 655 1708 712 Medicum
1740 673 1872 713 vero
1909 658 2056 713 indi-

487 761 621 802 care
655 760 763 801 non
798 754 1003 817 potest,
1051 748 1304 818 quamvis
1332 762 1459 804 eum
1517 749 1768 806 studiose
1811 750 2060 821 inquire-

487 845 635 904 rent,
658 839 884 895 Christo
911 839 1159 910 seipsum
1183 840 1452 912 singulari
1469 843 1710 898 consilio
1739 843 1976 909 celante,
1999 850 2060 897 ut

485 944 682 986 eorum
730 931 1086 1001 intemperias
1115 933 1441 990 declinaret.
1481 932 1672 1005 Neque
1705 949 1838 990 vero
1871 933 2057 1005 fugam

488 1023 755 1094 suscipit,
799 1024 958 1095 quasi
1003 1025 1120 1096 pati
1169 1025 1382 1097 aliquid
1427 1026 1575 1082 velut
1612 1041 1680 1081 ex
1729 1025 2060 1082 necessitate

489 1115 694 1184 possit,
733 1115 842 1172 nisi
888 1115 1006 1186 pati
1050 1116 1232 1182 velit,
1295 1117 1391 1174 sed
1440 1117 1604 1173 nobis
1644 1116 1812 1174 etiam
1859 1117 1915 1173 in
1957 1116 2060 1173 hoc

488 1207 800 1276 exemplum
833 1207 1078 1278 seipsum
1106 1221 1304 1265 rursus
1331 1209 1550 1264 statuit.

561 1295 627 1362 V,
660 1297 747 1352 14.
777 1297 914 1353 Ecce
950 1315 1114 1354 sanus
1153 1315 1232 1364 es,
1261 1300 1378 1370 jam
1419 1300 1530 1355 noli
1553 1315 1789 1368 peccare,
1825 1315 1890 1354 ne
1925 1298 2062 1352 dete-

491 1386 605 1441 rius
637 1388 732 1441 tibi
771 1387 974 1458 aliquid
1021 1391 1318 1459 contingat.

559 1476 662 1544 Qui
692 1478 882 1535 divino
909 1479 1148 1535 consilio
1173 1481 1415 1551 primum
1451 1481 1638 1547 latuit,
1672 1479 1870 1538 eodem
1911 1494 2061 1536 nunc

487 1583 712 1622 rursum
770 1579 1021 1641 apparet,
1083 1573 1414 1642 congruenti
1459 1573 1762 1644 unicuique
1816 1583 2062 1643 tempore

489 1667 730 1716 servato.
784 1660 896 1718 Nec
925 1663 1074 1718 enim
1102 1665 1407 1736 quidquam
1447 1665 1516 1721 ab
1547 1680 1613 1721 eo
1643 1665 1738 1736 qui
1773 1677 2058 1736 peccatum

489 1749 670 1804 nescit
731 1750 852 1806 ﬁeri
907 1761 1088 1822 potest
1145 1756 1356 1827 absque
1416 1756 1765 1812 convenienti
1821 1756 2056 1812 ratione.

2165 565 2584 636 ἐξειλκυσμένος
2631 563 2744 618 τῶν
2776 561 2873 616 τοῦ
2919 560 3148 616 Θανάτου
3202 561 3408 616 πυλῶν.
3455 563 3650 616 Εἰπεῖν
3686 539 3776 619 δὲ¹

2163 659 2256 714 τὸν
2297 658 2481 730 ἰατρὸν
2519 655 2700 711 καίτοι
2734 653 3184 722 φιλοπευστοῦσιν
3227 654 3328 708 οὐκ
3380 653 3518 724 ἔχει,
3564 657 3744 722 καλῶς

2163 767 2224 804 τε
2255 750 2349 804 καὶ
2387 749 2749 818 οἰκονομικῶς
2777 745 3228 818 κατακρύψαντος
3256 747 3450 801 ἐαυτὸν
3477 747 3572 801 τοῦ
3611 749 3745 820 Χρι-

2167 841 2326 907 στοῦ,
2368 841 2454 894 ῐνα
2480 839 2542 894 τὸ
2583 837 2900 909 παραυτίκα
2937 838 3140 911 θερμὸν
3177 837 3280 908 τῆς
3303 838 3530 892 ἐκείνων
3560 838 3740 909 ὀργῆς

2164 933 2371 1000 διεξίοι.
2396 931 2509 987 Καὶ
2543 930 2641 1002 οὐχ
2678 929 2755 994 ῶς
2793 947 2847 984 τι
2876 930 3068 984 παθεῖν
3104 930 3180 994 ὡς
3213 929 3274 993 ἐξ
3306 930 3555 1000 ἀνάγκης
3585 929 3740 987 δυνά·

2169 1041 2350 1098 μενος,
2374 1024 2424 1077 εἰ
2446 1022 2522 1095 μὴ
2557 1021 2799 1093 βούλοιτο
2821 1020 3036 1087 παθεῖν,
3065 1020 3376 1092 ἐπιτηδεύει
3411 1021 3511 1092 τὴν
3535 1022 3742 1093 φυγὴν,

2165 1115 2280 1170 ἀλλ’
2325 1116 2457 1186 ἡμῖν
2496 1113 2864 1186 ὑπογραμμὸν
2909 1113 3005 1168 καὶ
3038 1111 3213 1185 τούτῳ
3251 1112 3316 1185 δὴ
3355 1112 3517 1172 πάλιν
3550 1112 3744 1168 ἐαυτὸν

2165 1205 2452 1268 καθιστάς.

2239 1295 2362 1350 Ἴδε
2394 1294 2574 1366 ὑγιὴς
2607 1294 2884 1366 γέγονας,
2916 1290 3132 1364 μηκέτι
3166 1292 3491 1364 ἁμάρτανε,
3517 1292 3620 1349 ἵνα
3652 1293 3741 1362 μὴ

2167 1387 2371 1459 χεῖρόν
2407 1386 2510 1442 σοι
2541 1403 2596 1440 τι
2620 1388 2882 1456 γένηται.

2237 1479 2610 1552 Οἰκονομικῶς
2639 1477 2709 1534 τὰ
2745 1477 2939 1550 πρῶτα
2979 1475 3158 1532 λαθὼν
3190 1477 3547 1548 ἐμφανίζεται
3580 1475 3741 1540 πάλιν

2165 1570 2552 1644 οἰκονομικῶς,
2587 1570 2680 1624 τὸν
2714 1569 2972 1642 ἁρμόδιον
3013 1569 3228 1638 ἐκάστῳ
3254 1569 3501 1639 τηρήσας
3527 1567 3738 1638 καιρόν.

2167 1665 2242 1724 Οὐ
2266 1666 2375 1738 γὰρ
2393 1661 2462 1738 ἦν
2479 1681 2533 1718 τι
2554 1660 2810 1734 γενέσθαι
2845 1661 2997 1734 παρά
3020 1659 3114 1714 τοῦ
3159 1659 3237 1731 μὴ
3270 1659 3472 1722 εἰδότος
3499 1658 3742 1729 ἐξαμαρ-

2165 1762 2297 1824 τεῖν,
2325 1757 2356 1812 ὸ
2394 1756 2470 1829 μὴ
2502 1755 2720 1818 πάντως
2771 1752 2883 1825 ἔχει
2924 1751 3080 1822 λόγον
3115 1752 3205 1820 ὑφ’
3253 1749 3432 1821 ἐαυτῷ
3476 1749 3570 1802 τὸν
3611 1750 3742 1820 πρέ-

490 1837 851 1896 Occasionem
898 1843 1067 1914 igitur
1115 1860 1241 1900 eum
1286 1847 1604 1918 alloquendi
1655 1848 1921 1904 salutaris
1967 1848 2061 1902 illa

2163 1865 2352 1905 ποντα.
2372 1847 2656 1919 Πρόφασιν
2691 1844 2873 1898 τοίνυν
2894 1843 2994 1913 τῆς
3016 1842 3152 1914 πρὸς
3182 1840 3346 1897 αὐτὸν
3367 1838 3653 1905 διαλέξεως
3679 1840 3741 1894 τὸ

491 1929 796 1988 admonitio
827 1936 1082 2004 praebuit,
1109 1953 1218 2008 qua
1249 1936 1361 2008 jam
1403 1955 1515 1995 non
1549 1941 1785 2011 amplius
1822 1954 2062 2012 peccan-

490 2022 622 2077 dum
652 2025 812 2090 dixit,
864 2041 935 2081 ne
970 2028 1340 2087 deterioribus
1377 2047 1540 2110 quam
1572 2033 1726 2103 prius
1759 2034 1923 2089 malis
1956 2032 2062 2086 im-

489 2113 746 2184 plicetur.
795 2115 937 2172 Hinc
967 2134 1133 2188 porro
1164 2121 1327 2177 docet
1371 2138 1484 2178 non
1518 2125 1698 2179 solum
1731 2125 1788 2180 in
1817 2123 2064 2179 futurum

355 2229 371 2242 ν
487 2207 756 2277 judicium
788 2212 1171 2279 peccatoribus
1217 2212 1388 2268 Deum
1436 2229 1724 2272 reservare
1769 2216 2062 2286 supplicia,

494 2298 593 2354 sed
619 2299 675 2354 in
710 2302 1041 2372 corporibus
1077 2304 1254 2360 adhuc
1289 2306 1555 2378 degentes
1585 2307 1750 2363 etiam
1783 2317 1913 2364 ante
1944 2323 2064 2361 ma-

490 2405 660 2460 gnum
700 2401 755 2447 et
799 2393 1154 2450 manifestum
1208 2397 1362 2452 illum
1415 2397 1626 2455 Iudicis
1678 2399 2064 2456 universorum

491 2481 637 2536 diem
675 2483 848 2538 variis
890 2486 1068 2541 modis
1099 2490 1317 2558 punire.
1341 2487 1504 2556 Quod
1534 2501 1716 2546 autem
1761 2505 1905 2560 saepe
1934 2489 2065 2546 feri-

495 2586 618 2625 mur
641 2574 1012 2642 percutientes
1060 2585 1115 2630 et
1159 2576 1498 2635 olfendentes
1545 2578 1742 2644 Deum,
1774 2579 2066 2636 testabitur

495 2677 662 2731 porro
713 2665 1167 2736 sapientissimus
1219 2669 1426 2728 Paulus
1462 2673 1551 2729 his
1609 2673 1797 2729 verbis
1831 2691 1844 2727 :
1884 2691 1904 2725 ι
1935 2671 2063 2728 ldeo

493 2753 638 2806 inter
665 2768 764 2809 vos
797 2756 954 2810 multi
991 2758 1192 2814 inﬁrmi
1221 2767 1276 2815 et
1322 2762 1645 2829 imbecilles,
1685 2771 1741 2818 et
1785 2763 2066 2819 dormiunt

492 2842 651 2896 multi
673 2859 686 2896 :
711 2844 858 2914 quod
879 2847 923 2901 si
948 2851 1322 2922 nosmetipsos
1338 2851 1795 2923 dijudicaremus,
1815 2869 1925 2910 non
1954 2856 2066 2910 uti-

493 2951 599 3004 que
629 2935 1032 3004 iudicaremur.
1063 2939 1202 2995 Dum
1230 2943 1550 3013 judicamur
1583 2947 1740 3015 211
1789 2954 1994 3012 autem,
2033 2960 2066 3000 a

496 3025 728 3083 Domino
769 3032 1125 3102 corripimur,
1150 3043 1210 3088 ut
1247 3051 1358 3091 non
1384 3051 1509 3093 cum
1539 3037 1645 3093 hoc
1669 3038 1876 3093 mundo
1906 3039 2063 3093 dam-

493 3133 688 3174 ncmur
706 3121 772 3176 ".
807 3140 828 3174 ι

564 3231 631 3301 ν,
664 3233 752 3290 15.
781 3234 926 3290 A‘biit
959 3237 1121 3309 igitur
1146 3239 1235 3294 ille
1264 3240 1507 3307 homo,“
1549 3243 1812 3298 nuntiavit
1856 3242 2061 3300 Iudaeis

490 3321 622 3394 quia
646 3321 804 3378 Iesus
839 3335 973 3380 esset
1005 3328 1094 3396 qui
1115 3327 1238 3398 fecit
1269 3347 1388 3386 eum
1416 3349 1625 3387 sanum.

559 3410 768 3472 Judaais
805 3415 1013 3473 indicat
1038 3417 1249 3487 Iesum,
1283 3439 1392 3479 non
1427 3434 1483 3479 ut
1523 3425 1652 3480 mali
1688 3425 1971 3497 quidpiam
2008 3426 2066 3481 in

496 3509 679 3578 ipsum
717 3511 1023 3566 machinari
1051 3513 1341 3581 audentes,
1373 3515 1525 3587 impii
1544 3532 1666 3573 esse
1680 3518 2064 3589 deprehende-

495 3609 710 3666 rentur,
777 3603 872 3658 sed
953 3615 1016 3658 ut
1089 3605 1470 3662 admirabilem
1540 3609 1707 3663 istum
1791 3609 2066 3665 medicum

493 3702 880 3763 agnoscerent,
933 3696 980 3751 si
1042 3696 1167 3766 quis
1206 3699 1372 3752 etiam
1421 3713 1612 3776 eorum
1661 3703 1844 3756 curari
1881 3701 2062 3756 vellet.

494 3783 884 3840 Animadverte
911 3785 1056 3841 enim
1079 3801 1189 3856 quo
1216 3795 1377 3858 pacto
1417 3788 1472 3844 id
1510 3788 1560 3843 ei
1588 3792 1932 3861 propositum
1970 3793 2062 3846 sit.

496 3873 614 3929 Non
641 3876 811 3942 enim,
848 3885 908 3933 ut
941 3877 1351 3948 vitilitigatores
1401 3882 1655 3936 nonnulli
1686 3882 2064 3950 volunt,nun-

495 3964 599 4018 tiat
645 3961 835 4020 Jesum
873 3981 998 4022 esse
1030 3982 1154 4023 eum
1189 3969 1286 4040 qui
1318 3969 1602 4027 ambulare
1645 3971 1813 4042 jussit
1844 3973 1900 4027 in
1931 3971 2066 4030 Sab-

499 4058 643 4121 bato,
684 4053 785 4111 sed
833 4057 929 4128 qui
983 4071 1180 4114 sanum
1235 4075 1297 4116 se
1343 4059 1495 4116 fecit.
1547 4060 1663 4118 Hoc
1711 4071 1897 4119 autem
1945 4073 2065 4120 erat

488 4146 633 4202 nihil
685 4146 834 4203 aliud
869 4164 1033 4221 agere
1079 4165 1245 4222 quam
1289 4152 1562 4208 medicum
1599 4152 1878 4228 duntaxat.
1916 4157 2064 4213 indi-

494 4254 638 4295 care.

562 4348 627 4418 V,
661 4350 751 4406 16.
777 4351 1064 4423 Propterea
1107 4358 1551 4429 persequebantur
1574 4358 1754 4415 Iudici
1781 4358 1993 4427 Iesum,
2012 4370 2062 4416 et

492 4442 796 4510 quaebant
852 4460 973 4500 eum
1023 4446 1341 4518 interficere,
1376 4451 1505 4520 quia
1557 4450 1669 4506 haec
1722 4451 1955 4521 faciebat
2005 4452 2061 4509 iu

496 4529 752 4592 Sabbato.
777 4534 936 4593 Jesus
967 4547 1143 4594 autem
1182 4542 1447 4611 respondit
1473 4543 1572 4598 eis.

560 4671 682 4728 Non
716 4673 1043 4744 simpliciter
1064 4675 1156 4733 hic
1183 4676 1500 4737 Iudaeorum
1532 4680 1690 4738 furor
1715 4681 2060 4739 ostenditur:

495 4775 602 4816 non
633 4763 779 4818 enim
809 4766 958 4834 quod
986 4764 1176 4823 Jesum
1207 4778 1616 4842 persequuntur
1649 4769 1940 4840 duntaxat,
1966 4773 2066 4830 sed

492 4867 658 4922 quam
713 4854 786 4909 ob
839 4870 1062 4913 causam
1123 4859 1179 4916 id
1225 4860 1407 4918 facere
1470 4863 1738 4930 audeant,
1789 4865 2066 4940 signiﬁcat

497 4959 697 5000 rursus
732 4949 1093 5018 evangelista,
1130 4967 1258 5008 cum
1298 4956 1548 5026 emphasi
1599 4957 1825 5027 dicens,
1853 4977 1874 5012 ι
1916 4958 2062 5026 Quia

495 5039 609 5091 hac
639 5035 873 5091 faciebat
902 5039 958 5092 in
993 5039 1256 5098 Sabbato.
1293 5063 1320 5098 ι
1340 5043 1690 5105 lnsectantur
1713 5051 1860 5107 enim
1893 5051 2061 5106 stulte

489 5136 546 5180 ut
577 5126 761 5196 impie,
795 5126 952 5196 quasi
992 5128 1080 5183 lex
1107 5130 1246 5187 bene
1273 5148 1434 5204 agere
1484 5136 1540 5191 in
1586 5138 1829 5194 Sabbato
1867 5139 2059 5210 probi-

494 5217 643 5282 beat,
677 5217 1038 5288 nequeliceat
1065 5222 1197 5292 aegri
1229 5223 1503 5293 misereri,
1531 5234 1588 5282 et
1621 5229 1782 5298 quasi
1813 5238 2062 5300 oporteat

494 5311 668 5380 legem
713 5323 933 5364 omnem
981 5310 1290 5378 charitatis,
1324 5313 1688 5375 fraternitatis
1728 5320 1967 5388 laudem,
2007 5332 2060 5377 et

495 5401 854 5458 humanitatis
899 5404 1132 5474 gratiam
1189 5405 1486 5474 deponere.
1531 5408 1717 5466 Multis
1769 5419 1952 5468 autem
1994 5427 2059 5469 ac

489 5492 662 5547 variis
709 5493 1024 5550 rationibus
1074 5495 1369 5552 ostendere
1416 5500 1541 5569 quis
1588 5509 1803 5570 posset,
1838 5500 2058 5558 Judaeos

470 5581 630 5638 .nihil
658 5598 767 5638 non
805 5585 936 5641 boni
965 5588 1314 5658 repudiasse,
1343 5589 1680 5664 legislatoris
1712 5592 1784 5650 de
1813 5594 2055 5652 Sabbato

561 5738 606 5772 “
641 5734 660 5791 l
692 5735 820 5796 Cor.
853 5753 930 5802 χι,
963 5741 1153 5798 30-59..

2088 3194 2135 3256 C

2161 1939 2483 2013 ψυχωφελὲς
2503 1938 2742 1992 ἐποιεῖτο
2761 1933 3148 2007 παράγγελμα,
3179 1931 3377 2004 μηκέτι
3400 1930 3744 2002 πλημμελεῖν

2162 2036 2359 2106 χρῆναι
2413 2030 2626 2100 λέγων,
2681 2029 2768 2083 ἵνα
2820 2027 2895 2100 μὴ
2933 2027 3144 2098 χείροσι
3163 2026 3276 2079 τῶν
3331 2023 3742 2095 παρῳχηκότων

2162 2123 2517 2194 ἐπαλγύνοιτο
2557 2123 2769 2185 κακοῖς.
2801 2120 3053 2174 Διδάσκει
3098 2117 3155 2170 δέ
3199 2117 3286 2194 διὰ
3317 2115 3541 2181 τούτων,
3571 2115 3647 2178 ὡς
3678 2115 3738 2166 οὐ

2165 2218 2324 2289 μόνον
2350 2218 2430 2280 εἰς
2447 2214 2546 2286 τὴν
2567 2213 2864 2286 μέλλουσαν
2886 2210 3105 2265 ἔσεσθαι
3137 2209 3320 2282 κρίσιν
3350 2207 3729 2280 ἀποθησαυρί-

2163 2310 2246 2376 ζει
2268 2307 2402 2372 Θεὸς
2428 2308 2538 2371 τοῖς
2559 2304 2870 2376 ἀνθρώποις
2887 2301 2958 2358 τὰ
2978 2301 3450 2374 πλημμελήματα,
3485 2299 3742 2370 μαστιγοῖ

2161 2401 2220 2455 δὲ
2263 2399 2524 2463 ποικίλως
2556 2397 2636 2451 ἔτι
2677 2397 2887 2461 ζῶντας
2941 2397 3001 2451 ἐν
3056 2394 3309 2466 σώμασι,
3365 2393 3458 2447 καὶ
3504 2392 3610 2463 πρὸ
3642 2392 3741 2462 τῆς

2165 2491 2407 2563 μεγάλης
2429 2490 2523 2544 καὶ
2546 2487 2842 2559 ἐπιφανοῦς
2870 2487 3086 2559 ἡμέρας
3119 2485 3214 2539 τοῦ
3245 2485 3379 2538 πᾶσι
3406 2483 3737 2545 δικάσοντος.

2165 2585 2288 2639 Ὅτι
2326 2584 2383 2636 δέ
2420 2582 2678 2645 πολλάκις
2716 2579 3066 2652 πληττόμεθα
3105 2576 3395 2641 πταίοντές
3424 2593 3486 2628 τε
3526 2573 3618 2628 καὶ
3648 2571 3742 2624 λυρ-

2165 2675 2391 2740 ποῦντες
2417 2674 2509 2729 τὸν
2537 2673 2701 2739 Θεὸν,
2731 2671 3174 2744 ἐπιμαρτυρήσει
3207 2669 3346 2739 βοῶν
3373 2671 3401 2722 6
3429 2665 3741 2736 σοφώτατος

2164 2767 2410 2832 Παῦλος·
2454 2786 2474 2819 ι
2527 2765 2626 2820 Διά
2662 2764 2822 2818 τοῦτο
2866 2766 2924 2818 ἐν
2959 2764 3088 2832 ὑμῖν
3138 2761 3323 2814 πολλοὶ
3349 2758 3617 2822 ἀσθενεῖς,
3649 2757 3741 2810 καὶ

2164 2861 2472 2932 ἄρρωστοι,
2524 2858 2619 2912 καὶ
2659 2855 2958 2926 κοιμῶνται
3006 2853 3215 2908 ἰκανοί’
3273 2853 3322 2904 εί
3367 2851 3476 2922 γὰρ
3518 2849 3743 2911 ἐαυτοὺς

2166 2950 2452 3022 ἐκρίνομεν
2476 2990 2491 3016 ,
2535 2948 2636 3000 οὐκ
2677 2945 2743 3000 ἂν
2792 2944 3142 3018 ἐκρινόμεθα.
3171 2942 3505 3015 Κρινόμενοι
3546 2939 3604 2994 δέ
3639 2939 3746 2992 ὑπὸ

2164 3041 2374 3112 Κυρίου
2393 3036 2780 3108 παιδευόμεθα,
2804 3036 2892 3090 ἵνα
2927 3036 3004 3107 μὴ
3028 3036 3126 3089 σὺν
3151 3034 3230 3107 τῷ
3255 3034 3448 3105 κόσμῳ
3475 3048 3744 3102 κατακρι-

2168 3133 2374 3205 θῶμεν.
2406 3150 2426 3183 ι

2243 3243 2550 3317 Ἀπῆλθεν
2573 3238 2688 3300 οὖν
2716 3247 2750 3298 ὁ
2775 3242 3101 3310 ἄνθρωπος,
3139 3238 3238 3293 καί
3263 3234 3393 3293 εἷπε
3431 3235 3557 3302 τοῖς
3593 3235 3743 3290 Ἰου-

2167 3340 2359 3406 δαίοις
2388 3338 2478 3392 ὅτι
2529 3336 2769 3405 Ἰησοῦς
2788 3335 2960 3388 ἐστιν
2989 3335 3022 3387 ὀ
3046 3331 3310 3401 ποιήσας
3352 3328 3541 3383 αὑτὸν
3581 3323 3740 3395 ὐτιῆ.

2237 3427 2594 3500 Καταμηνύει
2637 3427 2694 3480 δὲ
2739 3427 2852 3488 τοῖς
2902 3422 3176 3486 Ἰουδαίοις
3219 3422 3312 3476 τὸν
3357 3418 3588 3490 Ἰησοῦν,
3643 3417 3743 3487 οὗχ

2171 3523 2259 3575 ἵνα
2285 3538 2339 3574 τι
2375 3520 2512 3590 δρᾷν
2554 3518 2635 3581 εἰς
2675 3517 2834 3570 αὑτὸν
2885 3512 3302 3584 ἀποτολμῶντες
3343 3510 3515 3564 δεινὸν
3555 3510 3744 3563 δυσσε-

2167 3610 2389 3673 ϐοῦντες
2418 3609 2768 3673 ἁλίσκωνται,
2813 3607 2928 3662 ἀλλ’
2963 3606 3030 3659 ἵν’
3053 3645 3069 3671 ,
3118 3605 3274 3674 εἰπερ
3330 3602 3602 3673 βούλοιντο
3650 3601 3745 3653 καὶ

2167 3702 2322 3756 αὐτοὶ
2360 3697 2787 3771 θεραπεύεσθαι,
2821 3697 2913 3751 τὸν
2950 3694 3389 3764 ἀξιοθαύμαστον
3424 3692 3616 3745 εἰδεῖεν
3661 3692 3743 3743 ἰα-

2166 3793 2312 3866 τρόν.
2362 3793 2644 3862 Ἐπιτήρει
2678 3792 2787 3861 γὰρ
2828 3791 2976 3853 ὅπως
3013 3782 3167 3851 οὗτος
3191 3782 3261 3856 ἦν
3293 3785 3487 3855 ἐκείνῳ
3519 3782 3740 3846 σκοπός.

2167 3887 2242 3942 Ού
2275 3886 2384 3957 γὰρ
2431 3884 2573 3939 κατά
2615 3899 2738 3937 τινα
2769 3881 2877 3935 τῶν
2911 3878 3361 3949 φιλεγκλημόνων
3408 3875 3742 3943 ἀπαγγέλλει

2165 3977 2507 4053 προσελθὼν,
2520 3978 2602 4031 ὅτι
2626 3974 2834 4047 Ἰησοῦς
2851 3975 2996 4028 ἐστιν
3011 3975 3040 4027 6
3054 3973 3379 4042 περιπατεῖν
3395 3968 3657 4032 ἐπιτάξας
3682 3969 3742 4020 ἐν

2165 4069 2451 4141 Σαϐϐάτῳ,
2486 4067 2600 4122 ἀλλ’
2629 4067 2687 4120 '0
2710 4065 2972 4132 ποιήσας
2997 4062 3186 4118 αὐτὸν
3207 4057 3364 4130 ὑγιῆ.
3393 4058 3564 4112 Τοῦτο
3590 4058 3646 4110 δέ
3674 4053 3741 4127 ἦν

2165 4164 2354 4236 ἕτερόν
2385 4180 2442 4216 τι
2471 4159 2754 4223 ποιοῦντος
2798 4157 2985 4224 οὐδὲν,
3019 4154 3138 4211 ἀλλ’
3168 4153 3204 4224 ἢ
3245 4152 3404 4222 μόνον
3434 4151 3524 4205 τὸν
3560 4149 3740 4222 ἰατρὸν

2167 4257 2548 4330 σημαίνοντος.

2235 4370 2345 4426 Kal
2374 4369 2472 4422 διὰ
2493 4365 2669 4420 τοῦτο
2695 4363 2942 4418 ἐδίωκον
2955 4360 3062 4415 τὸν
3095 4357 3340 4429 Ἰησοῦν
3359 4358 3411 4410 οἱ
3446 4352 3737 4417 Ἰουδαῖοι,

2166 4462 2268 4518 καί
2297 4460 2546 4528 ἐζήτουν
2569 4455 2757 4511 αὐτὸν
2790 4451 3168 4516 ἀποκτεῖναι,
3206 4449 3296 4503 ὅτι
3326 4447 3512 4501 ταῦτα
3557 4445 3742 4499 ἐποίει

2089 4535 2141 4597 Ῑ)
2165 4555 2236 4610 ἐν
2263 4549 2604 4617 Σαϐϐάτοις.
2660 4548 2724 4601 '0
2753 4545 2821 4600 δὲ
2860 4543 3094 4614 Ἰησοῦς
3123 4540 3485 4610 ἀπεκρίνατο
3513 4534 3738 4600 αὐτοῖς.

2238 4685 2353 4754 οὐχ
2383 4681 2560 4753 ἁπλῆν
2593 4682 2622 4734 6
2648 4679 2805 4748 λόγος
2850 4677 2968 4748 ἔχει
2991 4677 3049 4730 ἐν
3077 4673 3287 4736 τούτοις
3322 4671 3421 4743 τῆς
3471 4667 3739 4725 Ἰουδαίων

2167 4774 2469 4848 παρανοίας
2493 4773 2592 4843 τὴν
2616 4771 2876 4842 ἐξήγησιν
2895 4785 2909 4800 ·
2944 4768 3006 4820 οὐ
3033 4767 3141 4838 γὰρ
3169 4767 3252 4820 ὅτι
3272 4761 3529 4818 διώκουσι
3559 4759 3737 4831 μόνον,

2167 4866 2281 4923 ἀλλ’
2306 4864 2399 4919 ἐπὶ
2430 4863 2540 4916 τίσι
2569 4861 2727 4916 τοῦτο
2759 4862 2894 4932 δρᾷν
2925 4859 3036 4920 ,οὐκ
3086 4857 3456 4928 αἰσχύνονται,
3497 4867 3738 4920 καταση-

2172 4960 2352 5034 μαίνει
2381 4957 2544 5011 πᾶλιν
2572 4958 2600 5010 6
2625 4953 3014 5025 εὐαγγελιστὴς
3045 4948 3504 5023 ἐμφαντικὼτατα
3530 4945 3703 5014 λέγων
3720 4961 3733 4974 ·

2173 5071 2193 5105 ι
2228 5053 2350 5106 Ὅτι
2379 5049 2553 5104 ταῦτα
2598 5049 2772 5103 ἐποίει
2826 5050 2884 5102 ἐν
2923 5045 3206 5116 Σαὸδάτῳ.
3259 5062 3278 5095 ι
3331 5040 3594 5095 Διώκουσι
3629 5035 3739 5108 γὰρ

2166 5140 2393 5212 ἀμαθῶς
2433 5157 2495 5193 τε
2533 5139 2627 5194 καὶ
2668 5135 2964 5199 δυσσεϐῶς,
2998 5135 3074 5198 ὡς
3112 5132 3475 5203 ἀγαθοεργεῖν
3505 5129 3562 5180 ἐν
3596 5125 3739 5179 Σαϐ-

2169 5233 2320 5304 ϐάτῳ
2350 5231 2444 5287 τοῦ
2477 5231 2641 5302 νόμου
2673 5227 3083 5289 διακωλύοντος,
3109 5225 3184 5287 ὡς
3208 5225 3309 5278 οὐκ
3337 5220 3456 5285 ἐξὸν
3486 5219 3654 5272 ἐλεεῖν
3680 5233 3738 5269 τε

2169 5329 2264 5380 καὶ
2300 5323 2694 5393 κατοικτείρειν
2741 5321 2866 5384 τοὺς
2896 5317 3222 5387 κάμνοντας,
3259 5315 3334 5378 ὡς
3365 5308 3738 5366 ἀποδύσασθαι

2167 5413 2284 5466 δέον
2329 5411 2418 5465 τὸν
2469 5410 2566 5480 τῆς
2603 5408 2822 5478 ἀγάπης
2872 5404 3091 5476 θεσμὸν,
3131 5405 3222 5456 τὸν
3255 5403 3349 5472 τῆς
3388 5397 3739 5470 φιλαδελφίας

2166 5505 2416 5568 ἔπαινον,
2477 5502 2574 5573 τὴν
2627 5501 2726 5570 τῆς
2773 5498 3111 5570 ἡμερότητος
3155 5496 3336 5566 χάριν.
3385 5491 3496 5545 Καὶ
3540 5490 3593 5542 τί
3631 5488 3736 5558 γὰρ

2164 5596 2284 5665 οὑχί
2331 5594 2439 5648 τῶν
2488 5591 2708 5660 ἀγαθῶν
2755 5589 3060 5644 ἀποπτύσαι
3113 5585 3249 5642 κατὰ
3308 5580 3582 5643 ποικίλους
3636 5577 3737 5650 μὲν
