4090 6266
420 303 530 362 5ιὸ

1481 306 1550 362 ΙΝ
1590 307 1878 365 .lOANNlS
1906 307 2356 367 EVANGELIUM
2392 308 2524 368 LIB.
2564 311 2627 367 ll.

3575 322 3679 378 346

423 418 539 489 εχοι
563 433 647 480 τις
685 415 751 470 ἂν
780 412 1056 480 ἀποδεῖξαι
1080 413 1332 486 τρόπους,
1359 416 1459 470 οὐκ
1483 418 1688 484 εἰδότας
1717 419 1987 484 Ἰουδαίους

2101 421 2448 478 voluntatem
2500 423 2840 496 ignorantes,
2881 439 2937 484 et
2977 429 3275 486 vanissime
3317 431 3448 486 illud
3483 435 3669 491 obser.

424 508 518 561 τὸν
555 507 686 578 περὶ
716 504 778 559 τὸ
795 505 1066 558 Σάϐϐατον
1102 504 1196 557 τοῦ
1223 505 1512 576 νομοθέτου
1543 510 1764 576 σκοπὸν,
1795 512 1999 564 είκαιο-

427 598 599 668 τάτην
653 595 864 650 τελείαν
915 595 1001 649 ἐπ’
1057 595 1208 667 αὐτῷ
1259 597 1614 668 ποιουμένους
1655 600 1754 670 τὴν
1805 600 1997 671 ἐπιτή-

433 707 612 762 ρησιν.
644 689 752 742 Καὶ
779 687 903 760 γὰρ,
932 688 1008 752 ὡς
1041 689 1202 752 αὐτὸς
1222 688 1325 760 ἔφη
1357 706 1462 743 που
1487 691 1741 761 Χριστὸς,
1770 691 1997 758 ἕκαστος

432 779 610 835 αὐτῶν
640 779 728 832 τὸν
765 778 894 832 ίδιον
940 777 1066 849 βοῦν
1085 817 1102 843 ,
1132 779 1252 850 ήτοι
1292 779 1354 832 τὸ
1385 779 1661 850 πρόϐατον
1692 781 1999 850 ἀπαγαγὼν

433 868 657 931 ποτίζει,
689 867 781 921 καὶ
809 867 1112 938 περιτομὴν
1139 867 1406 939 λαμϐάνει
1452 869 1738 940 ἄνθρωπος
1764 873 1822 924 ἐν
1855 869 1998 924 Σαϐ-

433 957 595 1025 ϐἀτῳ,
637 956 724 1010 ἵνα
757 955 835 1027 μὴ
868 955 1002 1028 λυθῇ
1044 959 1072 1010 ό
1093 956 1255 1028 νόμος
1279 957 1542 1022 Μωσέως.
1578 957 1712 1013 Είτα
1743 959 1994 1030 χολῶσιν,

426 1045 506 1098 ὃτι
535 1045 653 1100 ὅλον
688 1046 974 1117 ἄνθρωπον
1019 1047 1150 1118 ὑγιῆ
1192 1048 1451 1119 ἐποίησεν
1489 1050 1547 1102 ἐν
1588 1049 1872 1120 Σαϐϐάτῳ,
1905 1049 1996 1103 διὰ

421 1135 619 1208 πολλὴν
650 1136 798 1207 ἠθῶν
841 1137 1172 1209 δυστροπίαν
1217 1155 1276 1191 τε
1307 1137 1441 1208 όμοῦ
1489 1139 1585 1193 καὶ
1615 1139 1993 1206 ἀπαιδευσίαν,

416 1227 538 1280 οὐδὲ
560 1226 669 1280 τῶν
696 1227 910 1297 ἀλόγων
942 1228 1033 1282 τὸν
1068 1230 1191 1283 κατ’
1217 1229 1402 1284 είκόνα
1433 1229 1532 1300 τήν
1562 1229 1712 1283 θείαν
1735 1231 1997 1299 γεγονότα

418 1317 835 1388 προτάττοντες,
868 1317 983 1371 ἀλλ’
1011 1318 1218 1383 ἐξεῖναι
1247 1320 1343 1390 μέν
1379 1319 1650 1392 πρόϐατον
1683 1319 1853 1375 ἐλεεῖν
1891 1321 1998 1375 οἰό-

418 1424 574 1478 μενοι
610 1408 721 1461 δεῖν
763 1409 822 1462 ὲν
853 1409 1136 1482 Σαϐϐάτῳ,
1169 1411 1262 1465 καὶ
1288 1411 1446 1483 λιμοῦ
1494 1412 1585 1466 καὶ
1618 1411 1780 1482 δίψης
1821 1413 1998 1467 ἀπαλ-

415 1498 637 1554 λάττειν
681 1499 1063 1570 ἀνεγκλήτως,
1109 1503 1475 1573 παρανομίαις
1521 1502 1578 1556 δὲ
1617 1502 1713 1556 καὶ
1744 1505 1864 1566 ταῖς
1904 1504 1998 1556 ἐπὶ⁹

414 1592 532 1654 τοῖς
560 1589 813 1660 ἐσχάτοις
842 1590 1162 1646 ὑποκεῖσθαι
1211 1596 1489 1662 γραφαῖς,
1539 1595 1666 1658 τοὺς
1714 1594 1874 1665 οἵπερ
1929 1593 1997 1648 ἂν

417 1678 665 1747 γένοιντο
693 1679 918 1750 χρηστοί
944 1697 1004 1732 τε
1042 1681 1136 1734 καὶ
1160 1682 1356 1750 ἀγαθοὶ
1385 1684 1512 1754 περὶ
1541 1682 1632 1737 τὸν
1656 1684 1822 1748 πέλας
1854 1683 1996 1739 κατά

2101 520 2320 568 vantes.
2362 513 2516 580 Nam,
2547 524 2606 570 ut
2639 518 2757 587 ipse
2808 519 3064 577 Christus
3099 521 3241 575 dixit
3278 521 3502 590 alicubi,
3553 529 3677 596 qui-

2097 600 2231 657 libet
2273 617 2467 657 eorum
2503 605 2671 662 boves
2722 621 2785 663 ac
2806 623 2936 664 oves
2965 626 3094 667 suas
3123 609 3450 681 adaquat",
3479 625 3533 669 et
3565 619 3678 671 cir.

2095 692 2499 748 cumcisionem
2557 695 2723 752 homo
2762 700 2999 768 suscipit
3047 701 3104 755 in
3156 702 3424 772 Sabbato,
3467 713 3528 759 ut
3564 723 3673 762 non

2097 782 2348 838 solvatur
2389 782 2478 838 lex
2528 783 2754 856 Moysis.
2803 786 2874 840 At
2924 788 3285 860 indignantur
3313 795 3462 863 quod
3499 796 3675 852 homi-

2096 888 2227 928 nem
2263 873 2319 928 in
2342 873 2433 929 die
2458 873 2684 932 Sabbati
2706 885 2883 932 totum
2908 881 3136 936 sanitati
3159 884 3421 951 restituit,
3445 897 3674 956 propter

2096 979 2372 1020 summam
2430 982 2648 1022 morum
2698 971 3114 1038 perversitatem
3155 974 3320 1031 simul
3354 985 3408 1032 et
3461 980 3672 1033 rudita»

2096 1063 2231 1121 tem,
2261 1071 2332 1112 ne
2365 1057 2546 1114 brutis
2575 1059 2797 1130 quidem
2829 1061 2966 1131 ipsis
2996 1065 3402 1136 aequiparantes
3428 1085 3554 1124 eum
3574 1072 3669 1140 qui

2095 1147 2164 1202 ad
2197 1148 2493 1219 imaginem
2524 1150 2619 1208 Dei
2657 1151 2840 1207 factus
2869 1161 2974 1222 est,
3009 1156 3104 1212 sed
3140 1158 3197 1212 in
3226 1156 3473 1214 Sabbato
3505 1161 3670 1218 licere

2095 1239 2318 1309 quidem
2359 1242 2481 1300 ovis
2539 1244 2930 1300 misericordia
2966 1249 3178 1316 teneri,
3235 1265 3474 1322 eamque
3527 1254 3670 1308 citra

2096 1330 2316 1399 culpam
2350 1331 2493 1388 fame
2521 1349 2587 1390 ac
2627 1335 2721 1391 siti
2755 1336 2983 1392 liberari
3015 1353 3180 1408 posse
3199 1341 3508 1408 credentes,
3529 1359 3668 1413 pra:-

2094 1419 2334 1474 varicari
2361 1437 2494 1478 vero
2523 1431 2578 1478 et
2618 1426 2882 1482 extremis
2910 1427 3202 1498 suppliciis
3233 1429 3500 1488 obnoxios
3541 1449 3670 1490 esse

2095 1508 2412 1580 quicunque
2443 1510 2694 1569 bonitate
2723 1522 2776 1569 et
2804 1516 3009 1584 pietate
3031 1531 3161 1588 erga
3193 1520 3506 1589 proximum
3540 1530 3664 1576 ute-

2096 1609 2288 1659 rentur
2316 1603 2375 1659 in
2409 1603 2668 1661 Sabbato.
2703 1606 2776 1662 Ut
2807 1615 2959 1665 certe
2987 1611 3274 1669 videamus
3319 1628 3414 1669 eos
3470 1631 3666 1672 rursus

2097 1708 2210 1749 non
2253 1694 2613 1752 mediocriter
2648 1697 2918 1766 insanire,
2957 1709 3120 1770 atque
3159 1702 3366 1758 idcirco
3399 1705 3524 1774 jure
3555 1705 3666 1762 illis

419 1768 483 1822 τὸ
526 1769 826 1824 Σάϐϐατόν.
874 1770 991 1823 ἰνα
1027 1771 1091 1841 δὴ
1140 1772 1302 1826 πάλιν
1348 1773 1642 1844 θεωρῶμέν
1689 1775 1886 1839 αὐτοὺς
1933 1776 1987 1828 οὐ

2096 1785 2430 1842 audiendum
2470 1786 2631 1861 212
2660 1803 2824 1844 esse:
2856 1807 2875 1842 ι
2907 1789 3118 1846 Erratis
3157 1794 3472 1849 nescientes
3508 1794 3661 1850 Scri-

428 1858 669 1930 μετρίως
691 1859 1126 1931 ἀνοηταίνοντας,
1152 1863 1242 1918 διά
1265 1875 1325 1916 τε
1347 1863 1504 1917 τοῦτο
1528 1865 1752 1929 δικαίως
1780 1866 1996 1922 ἀκούειν

421 1949 766 2020 ὀφείλονταςο
807 1970 826 2003 ι
863 1951 1146 2006 Πλανᾶσθε
1193 1953 1268 2024 μὴ
1311 1955 1510 2019 είδότες
1546 1956 1646 2020 τὰς
1689 1947 1934 2028 Γραφάς,
1969 1975 1989 2010 ι

422 2041 556 2111 φέρε
581 2042 644 2114 δὴ
677 2043 768 2096 καὶ
797 2045 862 2098 ἐκ
889 2045 1000 2098 τῶν
1034 2045 1195 2116 ίερῶν
1215 2045 1472 2110 λαϐόντες
1495 2048 1843 2118 Γραμμάτων
1875 2049 1995 2104 ἐπι-

415 2131 750 2202 δεικνύωμεν
778 2136 1059 2207 ἐναργῶς,
1113 2137 1208 2189 καὶ
1248 2137 1420 2190 πάλαι
1460 2137 1994 2210 προαναζωγραφού-

418 2237 580 2289 μενον
609 2220 685 2284 ὡς
712 2223 770 2276 ἐν
797 2224 952 2295 τύπῳ
983 2225 1075 2279 τὸν
1110 2225 1316 2296 Ἰησοῦν
1355 2227 1751 2300 ἀδιαφοροῦντα
1783 2230 1912 2302 περὶ
1931 2230 1994 2284 τὸ

414 2309 710 2368 Σάϐϐατον.
746 2314 956 2369 Οὐκοῦν
992 2317 1053 2370 ἐν
1099 2317 1246 2389 γήρα
1290 2317 1520 2389 μακρῷ,
1569 2319 1753 2384 καθὼς
1784 2322 1991 2393 γέγρα-

413 2417 566 2465 πται,
599 2401 709 2457 τῶν
731 2403 1084 2474 ἀνθρωπίνων
1107 2407 1559 2478 ἀποδημήσαντος
1585 2409 1678 2462 τοῦ
1709 2411 1989 2481 πανσόφου

411 2493 690 2561 Μωσέως,
737 2495 832 2550 καὶ
876 2497 958 2562 είς
986 2498 1084 2562 τὰς
1130 2498 1243 2552 ἄνω
1292 2499 1752 2571 μεθορμισθέντος
1799 2505 1986 2574 μονὰς,

412 2584 589 2656 κρίσει
618 2586 712 2640 καὶ
748 2586 915 2659 ψήφῳ
942 2589 1036 2643 τοῦ
1073 2591 1290 2644 πάντων
1323 2593 1649 2662 κρατοῦντος
1680 2594 1840 2662 Θεοῦ,
1886 2597 1989 2666 τὴν

409 2678 706 2749 ἠγεμονίαν
727 2679 823 2751 τὴν
846 2681 939 2734 ἐπὶ
968 2681 1060 2736 τὸν
1098 2683 1316 2755 Ἰσραὴλ
1343 2683 1500 2754 ἔλαχέ
1530 2703 1588 2740 τε
1623 2687 1720 2740 καὶ
1746 2688 1990 2761 ἐκληρώ-

413 2786 544 2823 σατο
576 2774 706 2834 παῖς
732 2773 761 2824 ό
796 2770 891 2826 τοῦ
925 2773 1079 2845 Ναυῆ
1115 2775 1345 2847 Ἰησοῦς.
1394 2777 1612 2850 Ἐπειδὴ
1649 2778 1706 2832 δὲ
1753 2782 1984 2852 μυριάν-

408 2857 568 2930 δρους
632 2861 866 2917 ὁπλιτῶν
932 2865 1200 2936 ἀριθμοὺς
1240 2868 1425 2938 κύκλῳ
1493 2870 1831 2940 περιστήσας
1887 2872 1988 2944 τῆς

422 2950 714 3022 Ἱεριχοῦς,
780 2954 920 3008 ἐλεῖν
963 2973 1024 3009 τε
1075 2957 1177 3028 ήδη
1224 2958 1318 3012 καὶ
1365 2960 1763 3032 καταστρέφειν
1813 2962 1985 3034 αὐτὴν

407 3039 678 3156 ἐϐούλετο,
716 3043 967 3118 σύνθημα
999 3047 1096 3117 μὲν
1137 3051 1250 3112 τοῖς
1290 3049 1528 3114 λευίταις
1567 3052 1759 3120 ἐδίδου,
1796 3053 1982 3125 κύκλῳ
2008 3097 2051 3156 C

408 3133 694 3203 περιάγειν
743 3136 842 3208 τὴν
890 3138 1122 3194 κιϐωτὸν
1149 3180 1166 3206 ,
1199 3141 1285 3208 ἐφ’
1328 3141 1478 3206 ὅλαις
1519 3142 1580 3210 ἐξ
1611 3145 1705 3198 τὸν
1744 3144 1978 3216 ἀριθμὸν

407 3224 675 3296 ἡμέραις,
702 3229 769 3298 τῇ
800 3227 857 3280 δὲ
883 3228 1114 3300 ἑϐδόμη,
1145 3228 1291 3282 τοῦτ’
1321 3230 1469 3297 ἐστι,
1496 3233 1637 3288 κατὰ
1673 3233 1733 3287 τὸ
1767 3234 1980 3289 Σάϐϐα-

405 3330 519 3379 τον,
555 3316 944 3383 συναλαλάζειν
992 3323 1111 3384 ταῖς
1155 3321 1411 3391 σάλπιγξι
1448 3323 1547 3395 τὴν
1588 3323 1824 3396 ἄμετρον
1867 3325 1978 3381 τῶν

409 3409 834 3481 στρατευμάτων
867 3411 1121 3466 ἐκέλευσε
1143 3413 1374 3486 πληθὺν,
1405 3417 1499 3470 καὶ
1522 3417 1847 3488 κατεσείσθη
1880 3420 1982 3490 μὲν

406 3499 550 3554 οὕτω
579 3500 642 3553 τὸ
677 3505 854 3573 τεῖχος
875 3543 890 3567 ,
943 3504 1324 3575 εἰσδραμόντες
1366 3507 1424 3560 δὲ
1456 3509 1588 3562 είσω
1609 3549 1625 3574 ,
1671 3509 1982 3580 χειροῦνται

405 3590 506 3662 τὴν
533 3591 692 3645 πόλιν
716 3631 730 3656 ,
777 3593 837 3645 οὐ
870 3592 970 3664 τὴν
1005 3593 1233 3665 ἄκαιρον
1275 3595 1369 3650 τοῦ
1403 3597 1682 3652 Σαϐϐάτου
1708 3599 1980 3670 τιμῶντες

406 3683 624 3752 ἀργίαν,
657 3683 860 3737 οὐδὲτὸ
889 3685 1045 3756 νικᾷν
1063 3687 1120 3739 ἐν
1149 3685 1296 3758 αὐτῷ
1317 3688 1742 3759 παραιτούμενοι
1767 3691 1855 3744 διά
1884 3691 1978 3746 τὸν

403 3773 714 3844 ἐξείργοντα
743 3776 939 3846 νόμον,
993 3776 1109 3830 ἀλλ’
1137 3778 1257 3832 οὐδὲ
1294 3781 1407 3842 τοῖς
1462 3779 1637 3851 Ἰησοῦ
1673 3784 1979 3855 στρατηγῇ-

408 3882 571 3935 μασιν
616 3867 1071 3938 ἀντιπράττοντες
1103 3869 1256 3937 τότε,
1306 3870 1571 3940 λοιδορίας
1599 3872 1655 3926 δὲ
1695 3875 1979 3942 παντελῶς

404 3955 694 4027 ἐλευθέραν
736 3957 831 4011 τοῦ
874 3958 1070 4028 ἀνδρὸς
1112 3959 1209 4030 τὴν
1256 3960 1553 4032 ἠγεμονίαν
1611 3967 1975 4036 τηρήσαντες.

403 4049 515 4101 Καὶ
558 4049 587 4102 ὁ
632 4048 732 4119 μὲν
781 4047 952 4112 τύπος
995 4051 1053 4104 ἐν
1099 4050 1333 4116 τούτοις.
1381 4053 1599 4124 Ἐπειδὴ
1637 4055 1696 4108 δὲ
1737 4059 1974 4130 παρῆνή

405 4137 666 4207 ἀλήθεια,
718 4137 862 4192 τοῦτ’
904 4140 1019 4193 ἔστι
1075 4142 1329 4213 Χριστὸς,
1369 4143 1469 4216 τὴν
1511 4147 1978 4218 ἐπιτειχισθεῖσαν

405 4229 546 4282 κατά
592 4229 687 4282 τοῦ
750 4230 1036 4302 ἀνθρώπου
1091 4234 1243 4306 παρά
1299 4237 1394 4289 τοῦ
1463 4237 1716 4292 διαϐόλου
1772 4241 1980 4313 φθορὰν

403 4315 649 4372 καθελών
699 4337 759 4372 τε
804 4320 900 4374 καὶ
947 4324 1348 4395 χειρωσάμενος
1369 4365 1385 4392 ,
1429 4321 1553 4380 εἶτα
1600 4327 1758 4383 τοῦτο
1808 4332 1980 4388 ποιῶν

2093 1885 2288 1948 pturas
2307 1877 2375 1942 ”,
2411 1897 2430 1930 υ
2456 1892 2555 1948 age
2577 1894 2710 1950 ergo
2735 1880 2922 1937 allatis
2942 1897 3166 1953 quoque
3193 1898 3476 1940 sacrarum
3509 1884 3661 1940 Scri-

2093 1976 2381 2039 pturarum
2427 1970 2762 2027 testimoniis
2791 1972 2968 2039 clare,
2993 1973 3350 2029 ostendamus
3383 1976 3661 2046 quondam

2091 2061 2260 2116 etiam
2309 2060 2489 2131 typice
2536 2061 2944 2132 praeﬁguratum
2990 2063 3166 2120 fuisse
3215 2062 3402 2121 Jesum
3436 2064 3662 2122 Sabbati

2090 2152 2534 2208 observationem
2593 2163 2971 2211 contemnere.
3026 2154 3200 2226 lgitur
3250 2156 3662 2227 sapientissimo

2090 2241 2308 2314 Moyse,
2332 2251 2394 2297 ut
2428 2243 2694 2312 scriptum
2723 2250 2828 2312 est,
2863 2244 2918 2298 in
2963 2253 3211 2300 extrema
3249 2255 3534 2302 senectute
3572 2260 3660 2300 re-

2088 2331 2196 2388 bus
2230 2333 2486 2388 humanis
2512 2332 2797 2400 defuncto,
2833 2341 2887 2390 et
2915 2335 2980 2390 ad
3036 2350 3307 2406 supernas
3340 2337 3660 2392 mansiones

2090 2424 2375 2490 translato,
2415 2423 2634 2494 judicio
2675 2439 2739 2481 ac
2773 2426 3050 2482 sententia
3084 2427 3515 2497 cunctipotentis
3549 2424 3652 2481 Dei

2087 2513 2257 2570 Josue
2285 2516 2434 2572 tilius
2462 2514 2610 2571 Nave
2628 2514 3003 2571 lsraelitarum
3035 2517 3287 2586 regimen
3321 2517 3564 2572 obtinuit
3586 2517 3653 2572 ".

2087 2604 2193 2672 Qui
2246 2621 2374 2660 cum
2423 2606 2919 2662 innumerabilibus
2968 2615 3308 2662 armatorum
3347 2607 3523 2676 copiis
3568 2605 3659 2662 Je-
3758 2623 3764 2632 '

2086 2694 2400 2751 nchuntem
2452 2695 2785 2762 obsedisset,
2813 2712 3045 2768 eamque
3084 2697 3136 2752 vi
3181 2713 3500 2770 expugnare
3544 2705 3658 2752 sta-

2085 2784 2306 2852 tuisset,
2344 2787 2563 2856 signum
2604 2788 2757 2842 dedit
2785 2787 2993 2842 Levitis
3047 2797 3106 2841 ut
3161 2789 3292 2842 totis
3325 2806 3424 2844 sex
3459 2789 3658 2844 diebus

2086 2877 2301 2933 circum
2335 2879 2532 2934 urbem
2586 2894 2769 2934 arcam
2819 2878 3121 2946 deferrent,
3149 2882 3383 2949 septima
3414 2894 3567 2944 vero,
3601 2879 3657 2933 id

2086 2976 2173 3024 est
2209 2960 2950 3034 Sabbato,innumerabilem
2977 2969 3213 3025 militum
3245 2969 3658 3026 multitudinem

2085 3059 2231 3116 tubis
2260 3060 2518 3131 clangere
2545 3060 2712 3115 simul
2737 3060 2930 3130 jussit,
2960 3067 3127 3130 atque
3159 3060 3236 3115 ita
3273 3061 3563 3116 concussis
3592 3076 3658 3115 ac

2085 3151 2290 3210 dirutis
2346 3153 2623 3208 muenibus
2675 3151 2914 3222 ingressi
2963 3153 3156 3207 urbem
3206 3163 3492 3222 ceperunt,
3543 3168 3654 3205 non

2085 3244 2444 3300 observantes
2475 3245 2926 3314 intempestivum
2961 3243 3191 3298 Sabbati
3232 3244 3430 3307 otium,
3474 3257 3658 3313 neque

2085 3335 2374 3390 victoriam
2423 3334 2519 3389 illo
2552 3335 2640 3389 die
2673 3342 3000 3390 recusantes
3031 3333 3103 3386 ob
3150 3331 3288 3403 legis
3323 3332 3654 3402 prohibitio-

2087 3442 2250 3490 nem,
2302 3424 2399 3482 sed
2445 3440 2546 3480 nec
2589 3425 2676 3481 sui
2719 3425 2880 3481 ducis
2923 3424 3217 3495 imperium
3261 3424 3653 3487 detrectantes,

2087 3518 2338 3589 adeoque
2372 3517 2553 3587 ipsum
2587 3517 2740 3572 omni
2780 3517 2943 3586 plane
2972 3516 3230 3572 convicio
3263 3515 3564 3570 liberantcs
3587 3515 3653 3567 '°.

2079 3609 2258 3679 Atque
2292 3608 2408 3662 haec
2435 3609 2668 3679 ﬁgurate
2701 3606 2940 3676 quidem.
2968 3605 3241 3673 Quoniam
3277 3612 3462 3658 autem
3509 3603 3654 3657 veri-

2078 3707 2165 3757 tas
2214 3700 2473 3765 advenit,
2516 3699 2569 3753 id
2599 3707 2685 3754 est
2704 3698 2989 3762 Christus,
3024 3705 3337 3767 expugnata
3377 3702 3435 3750 et
3463 3708 3655 3748 eversa

2079 3789 2434 3858 corruptione
2474 3801 2504 3840 a
2539 3786 2763 3841 diabolo
2805 3785 3076 3841 adversus
3106 3792 3360 3838 naturam
3410 3781 3653 3835 hominis

2078 3888 2294 3948 erecta,
2329 3893 2570 3949 cumque
2609 3877 2664 3932 id
2710 3876 2896 3932 facere
2940 3877 3192 3932 videatur
3243 3873 3391 3928 circa
3444 3870 3657 3926 Sabba-

2078 3980 2196 4029 tum
2220 4011 2237 4037 ,
2265 3971 2424 4027 velut
2455 3971 2512 4024 in
2543 3969 2850 4041 primordio
2876 3975 2930 4024 et
2955 3968 3034 4022 rei
3065 3965 3364 4037 principio,
3393 3963 3453 4018 in
3493 3976 3656 4031 para-

2078 4063 2250 4135 lytico
2297 4062 2594 4128 nimirum,
2654 4059 2822 4115 stulte
2887 4058 3267 4126 indignantur,
3325 4052 3652 4122 obsequium

2080 4161 2304 4225 patrum
2332 4154 2726 4218 condemnant,
2759 4168 2872 4208 non
2919 4151 3164 4206 ferentes
3197 4149 3518 4203 morborum
3550 4144 3652 4199 do-

2080 4243 2257 4298 lorem
2298 4243 2356 4297 in
2393 4243 2638 4297 Sabbato
2673 4243 2948 4311 superari,
2969 4247 3242 4310 quatenus
3267 4237 3336 4292 ad
3371 4236 3650 4291 insectan-

2082 4333 2214 4390 dum
2244 4332 2434 4391 Jesum
2465 4335 2520 4389 in
2547 4332 2790 4388 Sabbato
2823 4331 2964 4386 bene
2993 4337 3294 4386 merentem
3327 4328 3650 4398 adiguntur.

405 4410 597 4478 ὁρᾶται
648 4412 791 4466 κατὰ
853 4413 916 4466 τὸ
965 4415 1260 4484 σάϐϐατον,
1319 4420 1392 4483 ὡς
1437 4422 1497 4474 ἐν
1549 4423 1821 4494 προοιμίῳ
1870 4427 1965 4482 καὶ
2019 4427 2163 4500 ἀρχῇ
2214 4428 2310 4482 τοῦ
2358 4429 2699 4501 πράγματος,
2747 4427 2806 4479 ἐν
2840 4425 2919 4497 τῷ
2970 4421 3418 4496 παραλελυμένῳ,
3456 4422 3651 4490 δυσφο-

407 4504 593 4576 ροῦσιν
621 4504 981 4572 ἀπαιδεύτως,
1009 4508 1102 4562 καὶ
1125 4511 1224 4580 τῆς
1246 4510 1356 4565 τῶν
1381 4511 1634 4583 πατέρων
1677 4515 1991 4582 εὐπειθείας
2038 4519 2480 4585 καταδικάζουσι,
2523 4517 2622 4589 τὴν
2671 4520 2736 4571 ἐκ
2764 4516 2872 4571 τῶν
2902 4513 3352 4588 ἀρρωστημάτων
3392 4513 3654 4582 ἐπήρειαν

399 4597 557 4668 νικᾷν
585 4595 642 4648 ἐν
671 4593 936 4664 Σαϐϐάτῳ
963 4594 1060 4666 τὴν
1094 4595 1252 4664 φύσιν
1277 4599 1378 4653 οὐκ
1410 4601 1822 4672 ἐπιτρέποντες,
1849 4605 1972 4662 ὅσον
2006 4609 2087 4674 είς
2111 4609 2172 4663 τὸ
2213 4610 2410 4682 χρῆναι
2477 4607 2694 4663 διώκειν
2735 4605 3057 4677 ἐπείγεσθαι
3098 4603 3188 4659 τὸν
3227 4602 3435 4676 Ἰησοῦν
3498 4601 3654 4673 εύερ.

397 4689 655 4759 γετοῦντα
687 4685 829 4741 κατὰ
863 4686 924 4740 τὸ
962 4686 1253 4744 Σάϐϐατόν.

479 4779 543 4832 '0
573 4778 776 4848 Πατήρ
803 4797 924 4849 μου
956 4778 1069 4846 ἕως
1097 4779 1229 4849 ἄρτι
1262 4780 1581 4852 ἐργάζεται,
1614 4785 1775 4856 κάγὼ
1810 4788 1981 4858 ἐργά-

2157 4790 2222 4856 ν,
2257 4791 2346 4848 17.
2382 4789 2544 4844 Pater
2588 4804 2730 4843 uicus
2782 4802 2944 4858 usque
2997 4783 3152 4839 modo
3180 4791 3450 4854 operatur,
3478 4791 3528 4836 et
3560 4799 3652 4852 ego

397 4865 585 4937 ζομαι.

505 4959 818 5028 Διαλέγεται
862 4960 962 5032 μὲν
1008 4960 1084 5025 ὡς
1116 4961 1175 5016 ὲν
1213 4960 1474 5032 Σαϐϐάτῳ
1509 4963 1762 5035 Χριστός.
1805 4967 1977 5024 Τοῦτο

404 5050 510 5119 γὰρ
545 5052 754 5122 ἀνάγκη
799 5052 860 5105 τό
899 5072 916 5104 ι
951 5053 1054 5117 ἕως
1083 5053 1210 5124 ἄρτι
1246 5072 1264 5105 ι
1305 5053 1522 5122 δηλοῦν,
1559 5056 1646 5110 ἵνα
1679 5058 1771 5111 τὸν
1805 5061 1971 5132 ἑαυτῇ

403 5139 680 5211 πρέποντα
706 5141 861 5210 λόγον
895 5145 931 5215 ή
959 5144 1053 5197 τοῦ
1088 5144 1446 5217 θεωρήματος
1470 5145 1693 5216 δέχηται
1721 5149 1970 5222 δύναμις.

415 5231 799 5295 Ἀπαιδεύτους
851 5233 906 5286 δὲ
950 5236 1108 5298 δντας
1160 5238 1288 5300 τοὺς
1361 5238 1680 5304 Ἰουδαίους,
1746 5242 1840 5296 καὶ
1889 5243 1973 5306 τίς

402 5322 502 5393 μέν
553 5325 671 5376 ἐστι
727 5323 867 5377 κατά
925 5325 1085 5393 φύσιν
1137 5327 1236 5380 οὐκ
1293 5327 1502 5393 εἰδότας
1555 5331 1584 5382 ό
1634 5331 1968 5405 Μονογενὴςν

403 5413 548 5485 μόνῳ
591 5415 649 5468 δὲ
697 5414 1047 5480 ἀνατιθέντας
1086 5417 1164 5487 τῷ
1209 5418 1328 5489 Θεῷ
1380 5420 1474 5472 καὶ
1525 5423 1699 5494 Πατρὶ
1749 5423 1840 5477 τοῦ
1884 5424 1970 5479 διὰ

400 5505 639 5562 Μωσέως
703 5505 869 5576 νόμου
934 5507 1028 5560 τὸν
1101 5510 1356 5579 ὁρισμὸν,
1433 5513 1581 5584 αὑτῷ
1649 5531 1706 5566 τε
1771 5515 1970 5585 χρῆναι

403 5596 494 5648 καὶ
527 5597 807 5652 πείθεεοαι
862 5600 1008 5670 μόνῳ
1063 5600 1608 5674 διαϐεϐαιουμένους,
1662 5606 1973 5660 ἀναπείθειν

476 5710 519 5743 ¹-⁷
558 5710 688 5767 Luc.
724 5729 839 5780 xstl,
873 5715 956 5770 15.
1035 5715 1077 5744 ’⁸³
1106 5714 1295 5771 Matth.
1330 5732 1466 5783 xm,
1500 5717 1587 5773 ἓξ).

1670 5720 1714 5750 ³⁸
1747 5717 1904 5772 Deut.
1935 5731 2119 5784 χχχιιι,
2148 5719 2200 5781 8,
2235 5719 2286 5773 9.

2085 4896 2289 4934 oneror.

2151 4896 2289 4934 eror.

2117 4896 2387 5026 pDisserit
2433 4970 2658 5041 quidem
2705 4967 2963 5024 Christus
2998 4974 3058 5020 ut
3091 4965 3149 5018 in
3195 4962 3458 5019 Sabbato.
3499 4957 3648 5016 istud

2081 5063 2228 5119 enim
2268 5077 2498 5118 necesse
2551 5070 2636 5117 est
2685 5056 2988 5130 signiﬁcari
3034 5056 3123 5112 his
3175 5055 3380 5119 verbis,
3419 5071 3437 5103 ι
3474 5064 3649 5118 usque

2079 5157 2268 5221 modo,
2323 5175 2343 5209 ι
2389 5163 2450 5210 ut
2499 5153 2921 5209 convenientem
2960 5148 3066 5204 sibi
3121 5158 3431 5202 sermonem
3473 5141 3557 5194 vis
3595 5149 3648 5194 et

2079 5250 2222 5304 ratio
2270 5245 2630 5304 theorematis
2667 5242 2921 5312 accipiat.
2969 5238 3258 5309 Imperitos
3306 5239 3490 5288 autem
3545 5228 3645 5282 Ju-

2079 5337 2248 5400 daeos,
2280 5345 2335 5392 et
2360 5336 2672 5392 nescientes
2700 5333 2862 5404 plane
2891 5331 3014 5400 quis
3047 5324 3354 5383 secundum
3387 5330 3644 5372 naturam

2078 5429 2150 5482 sit
2191 5426 2535 5496 Unigenitus.
2579 5423 2673 5478 sed
2720 5423 2811 5478 uni
2861 5423 2971 5474 Deo
3021 5433 3084 5471 ac
3122 5413 3267 5468 Patri
3320 5407 3642 5477 praescripta

2079 5515 2329 5570 Mosaicae
2347 5516 2480 5584 legis
2511 5513 2840 5576 tribuentes,
2870 5509 3031 5576 eique
3059 5504 3152 5558 uni
3178 5497 3480 5599 parendum
3506 5496 3642 5550 allir-

2080 5617 2311 5674 mantes,
2345 5603 2679 5676 persuadere
2731 5602 2878 5655 clare
2917 5603 3166 5663 conatur,
3197 5602 3380 5644 omnia
3433 5601 3492 5641 se
3532 5601 3640 5641 una

2366 5718 2408 5748 ³ο
2437 5714 2602 5769 .losuc
2632 5727 2713 5776 ιιι,
2747 5712 2778 5764 5
2809 5721 2969 5776 seqq.
