4078 6262
459 353 564 407 547
1447 359 1503 415 S.
1550 360 1831 418 CYRILLI
1867 360 2342 418 ALEXANDRINI
2375 361 2695 418 ARCHIEP.

3612 371 3714 428 548

453 484 576 521 cum
608 465 770 520 Patre
790 465 949 537 213
969 467 1206 538 operari,
1229 480 1280 522 et
1311 483 1433 524 cum
1457 471 1736 526 Genitoris
1767 474 1819 526 in
1851 475 2028 543 seipse

2139 472 2395 544 πειρᾶται
2461 472 2681 541 σαφῶς,
2737 472 2820 526 ὅτι
2881 473 3060 526 πάντα
3105 472 3179 544 τῷ
3222 473 3396 547 Πατρὶ
3452 484 3716 551 συνεργὰ-

454 568 709 615 naturam
751 559 949 614 habeat
971 600 985 625 ,
1019 568 1308 632 propterea
1340 562 1487 632 quod
1525 563 1675 618 aliud
1707 579 1814 618 non
1835 574 1917 619 est
1961 565 2029 620 ab

452 651 572 716 illo,
613 651 761 720 quod
810 650 875 704 ad
919 653 1242 706 substantiae
1295 653 1640 709 ldentitatem
1701 663 1933 725 spectat,
1972 671 2030 711 se

453 740 594 794 nihil
651 739 796 792 aliud
847 755 1088 808 unquam
1138 757 1433 796 sensurum
1487 759 1651 812 quam
1687 745 1830 813 quod
1882 743 2030 798 Patri

456 832 759 902 placuerit;
803 847 1036 901 cumque
1071 833 1144 886 sit
1178 833 1425 902 ejusdem
1464 835 1808 898 substantiae,
1840 835 2030 890 eadem

456 939 679 994 quoque
713 931 978 990 statuere,
1007 926 1136 989 imo,
1164 941 1288 980 cum
1331 927 1447 996 ipse
1493 928 1565 982 sit
1601 928 1791 983 vivens
1841 927 2028 982 consi-

452 1014 586 1069 lium
621 1023 675 1070 et
710 1018 889 1070 virtus
936 1015 1135 1081 Patris,
1178 1019 1364 1072 omnia
1397 1017 1452 1071 in
1477 1019 1736 1074 omnibus
1764 1035 1887 1074 cum
1934 1020 2032 1074 Pa-

450 1116 538 1161 tre
592 1108 827 1177 operari.
882 1107 950 1162 Ut
1002 1125 1132 1178 ergo
1185 1107 1504 1163 Judaaorum
1563 1111 1726 1166 inane
1778 1126 2030 1166 murmur

452 1194 751 1260 amoveret.
785 1215 851 1253 ac
885 1199 1128 1254 ﬂecteret
1184 1201 1521 1256 insectantes
1562 1201 1720 1271 quasi
1763 1202 2028 1257 honorem

453 1291 678 1344 Sabbati
718 1291 1018 1354 violasset,
1067 1310 1085 1342 ι
1130 1290 1289 1346 Pater
1344 1308 1538 1360 meus,
1587 1294 1806 1364 inquit,
1852 1309 2029 1364 usque

449 1382 613 1436 modo
643 1390 924 1451 operatur.
961 1402 979 1432 ι
1005 1379 1136 1435 Tale
1159 1382 1303 1435 enim
1335 1382 1598 1452 quiddam
1627 1383 2026 1454 propemodum

450 1469 765 1541 signiﬁcare
789 1473 905 1526 vult
934 1490 945 1524 :
983 1472 1041 1528 Si
1093 1476 1300 1540 credis,
1333 1490 1366 1530 ο
1397 1475 1654 1547 quisquis
1684 1493 1764 1544 es,
1805 1485 1945 1533 nutu
1974 1484 2030 1533 et

448 1565 734 1618 voluntate
775 1564 866 1617 Dei
910 1566 1158 1619 omnium
1204 1582 1390 1621 rerum
1449 1569 1664 1639 opiﬁcis
1715 1578 2028 1624 creaturam

449 1657 744 1726 gubernari
787 1657 953 1712 etiam
989 1657 1078 1711 die
1116 1657 1366 1722 Sabbati,
1392 1660 1464 1713 ita
1496 1669 1558 1715 ut
1598 1662 1679 1716 sol
1701 1661 1938 1725 oriatur,
1974 1668 2028 1718 et

447 1747 714 1801 imbrifcri
775 1747 953 1803 fontes
1007 1749 1374 1814 resolvantur,
1422 1757 1476 1804 et
1533 1750 1750 1806 fructus
1802 1767 1832 1807 e
1880 1762 2026 1807 terra

2132 563 2304 628 ξεται,
2332 563 2424 617 καὶ
2449 563 2546 633 τὴν
2576 563 2670 615 τοῦ
2694 562 3054 633 γεννήσαντος
3082 565 3242 632 φύσιν
3269 565 3407 636 ἔχων
3432 569 3489 622 ἐν
3519 571 3714 645 ἐαυτῷ,

2131 653 2218 707 διὰ
2247 653 2308 707 τὸ
2342 653 2415 723 μὴ
2449 653 2635 724 ἕτερόν
2671 670 2725 705 τι
2773 653 2904 723 παρ’
2932 654 3138 708 ἐκεῖνον
3169 656 3456 728 ὑπάρχειν,
3487 661 3611 717 ὅσον
3639 665 3718 728 είς

2130 743 2230 814 τὴν
2277 744 2375 812 τῆς
2413 743 2601 806 ούσίας
2637 745 2958 814 ταυτότητα,
2998 746 3096 817 οὐχ
3131 747 3320 820 ἕτερόν
3359 768 3411 803 τι
3460 757 3716 826 φρονήσει

2131 834 2261 888 ποτέ
2302 834 2452 903 παρά
2491 834 2549 886 τὸ
2584 834 2660 904 τῷ
2699 836 2929 904 φύσαντι
2972 837 3189 892 δοκοῦνο
3228 839 3304 904 ὼς
3332 841 3386 894 δὲ
3415 844 3516 912 τῆς
3550 847 3718 916 αὐτῆς

2133 924 2392 994 ὑπάρχων
2417 923 2604 988 οὐσίας
2649 925 2823 978 ταύτὰ
2868 927 2961 979 καὶ
3005 926 3370 997 βουλεύσεται,
3425 933 3625 1000 μᾶλλον
3662 936 3717 989 δὲ

2131 1016 2290 1079 αὐτὸς
2321 1016 2580 1087 ὑπάρχων
2620 1019 2652 1088 ὴ
2688 1017 2840 1080 ζῶσα
2873 1017 3057 1089 βουλὴ,
3095 1021 3191 1073 καὶ
3223 1020 3450 1092 δύναμις
3479 1024 3572 1078 τοῦ
3609 1028 3717 1079 Πα-

2130 1108 2276 1179 τρὸς,
2308 1109 2521 1178 ἐνεργεῖ
2569 1108 2630 1162 τά
2684 1111 2861 1164 πάντα
2891 1111 2948 1163 ἐν
2979 1113 3113 1165 πᾶσι
3163 1113 3301 1183 μετὰ
3333 1115 3564 1186 Πατρός.
3602 1118 3716 1170 Ἵνα

2129 1202 2308 1255 τοίνυν
2336 1201 2427 1255 τὸν
2452 1203 2654 1256 εἰκαῖον
2682 1204 2789 1256 τῶν
2832 1203 3099 1257 Ἰουδαίων
3142 1205 3555 1278 ἀποκρούσηται
3595 1227 3718 1278 γογο

2129 1294 2358 1364 γυσμὸν,
2388 1294 2485 1347 καὶ
2529 1295 2826 1366 δυσωπήσῃ
2870 1293 3166 1360 διώκοντας
3215 1297 3298 1364 ἐφ’
3329 1292 3409 1362 οἷς
3458 1299 3718 1370 χαλεπαί-

2129 1401 2239 1438 νειν
2281 1385 2519 1454 ἐδόκουν,
2560 1386 2760 1439 ὡσανεὶ
2803 1386 2904 1455 τῆς
2953 1387 3084 1458 περὶ
3124 1386 3183 1440 τὸ
3222 1386 3499 1442 Σάὅὸατον
3548 1408 3717 1443 κατα-

2131 1475 2492 1547 φρονηθείσης
2552 1477 2751 1546 τιμῆς·
2791 1495 2812 1530 ι
2857 1477 2915 1530 '0
2969 1479 3160 1549 Πατήρ
3227 1495 3350 1548 μου,
3397 1481 3581 1550 φησιν,
3615 1481 3717 1546 ἕως

2129 1563 2254 1635 ἄρτι
2280 1563 2594 1635 ἐργάζεται.
2639 1584 2658 1616 ι
2691 1565 2868 1620 Μόνον
2895 1565 3005 1637 γὰρ
3039 1567 3158 1636 οὐχὶ
3197 1568 3442 1621 τοιοῦτόν
3469 1586 3522 1622 τι
3553 1586 3719 1625 κατα-

2132 1654 2419 1726 σημαίνειν
2455 1655 2722 1725 βούλεται·
2755 1657 2820 1710 Εἰ
2852 1657 3146 1725 πιστεύεις,
3186 1657 3462 1729 ἄνθρωπε,
3492 1661 3718 1728 νεύματί

2128 1764 2189 1800 τε
2224 1747 2315 1801 καὶ
2345 1747 2596 1820 βουλήσει
2639 1747 2733 1801 τοῦ
2778 1749 2846 1804 τὰ
2876 1748 3054 1803 πάντα
3102 1749 3487 1821 συμπήξαντός
3533 1770 3591 1805 τε
3627 1753 3720 1805 καὶ

446 1848 766 1906 erumpant,
798 1854 978 1912 neque
1002 1854 1258 1894 crescere
1282 1839 1595 1896 detrectent
1630 1849 1860 1913 prepter
1889 1841 2028 1898 Sab-

2130 1840 2533 1910 τεχνησαμένου
2565 1838 2700 1893 Θεοῦ
2731 1839 2827 1911 τὴν
2860 1840 3038 1895 κτίσιν
3080 1841 3397 1897 διοικεῖσθαι
3447 1845 3540 1897 καὶ
3579 1843 3721 1897 κατά

447 1931 660 1995 batum,
698 1931 843 1999 ignis
873 1939 1054 1985 autem
1090 1947 1187 2002 pro
1211 1948 1311 1987 sua
1345 1944 1544 1988 natura
1583 1942 1727 2005 agat,
1760 1943 1816 1990 et
1845 1935 2026 1990 homi-

447 2038 582 2076 num
618 2024 812 2078 usibus
864 2025 1019 2080 nullo
1056 2026 1388 2096 impediente
1421 2028 1648 2093 serviat,
1689 2026 1866 2081 fatere
1913 2027 2025 2081 uti-

448 2129 555 2182 que
587 2113 836 2180 Patrem,
890 2131 990 2185 pro
1025 2132 1090 2171 eo
1147 2131 1211 2172 ac
1263 2115 1435 2172 Deum
1469 2117 1647 2184 decet,
1698 2117 1918 2187 operari
1969 2118 2026 2171 in

450 2199 710 2256 Sabhato.
743 2202 856 2257 Cur
886 2219 1040 2272 ergo,
1071 2204 1274 2273 inquit,
1316 2205 1485 2261 stulte
1530 2205 1850 2260 criminaris
1899 2220 2026 2266 eum

445 2309 546 2362 per
580 2309 742 2363 quem
777 2306 975 2352 cuncta
1012 2297 1309 2365 operatur?
1341 2295 1463 2351 Non
1509 2298 1657 2351 enim
1692 2297 1852 2351 aliter
1881 2296 2026 2354 Deus

448 2399 514 2438 ac
569 2383 732 2440 Pater
790 2395 1076 2455 operatur,
1125 2403 1290 2457 quam
1329 2405 1427 2458 per
1477 2387 1603 2443 Filii
1653 2390 1912 2444 virtutem
1972 2399 2028 2445 et

454 2474 807 2544 sapientiam.
857 2476 1069 2532 Idcirco
1123 2478 1333 2548 inquit,
1388 2497 1406 2530 ‹
1446 2478 1560 2549 Ego
1624 2494 1845 2549 quoque
1892 2494 2025 2549 ope-

447 2582 560 2621 ror.
596 2587 615 2619 ι
646 2567 949 2623 Confundit
1002 2570 1169 2641 igitur
1219 2571 1561 2642 argumentis
1614 2572 1671 2625 in
1723 2571 2024 2628 absurdum

447 2657 848 2715 deducentibus
871 2659 1188 2716 Judzeorum
1219 2662 1542 2718 eﬂrenatum
1562 2665 1828 2729 animum,
1847 2672 2027 2718 osten-

446 2749 587 2804 dcns
649 2765 744 2805 eos
783 2751 884 2805 sibi
927 2768 1038 2806 non
1098 2761 1210 2808 tam
1270 2768 1584 2825 repugnare
1632 2770 1796 2825 quam
1849 2753 2021 2820 Patri,

447 2841 536 2895 cui
568 2853 718 2898 certe
759 2844 851 2898 uni
897 2845 1032 2916 legis
1065 2845 1330 2901 honorem
1376 2847 1658 2902 ascribere
1707 2844 2023 2911 studebant,

447 2934 691 2990 nondum
723 2948 1088 3006 agnoscentes
1129 2938 1436 2994 naturalem
1467 2941 1589 3008 ejus
1617 2935 1843 2992 Filium.
1894 2933 2025 2992 Ideo

447 3028 591 3081 enim
641 3035 696 3082 et
741 3029 1100 3098 peculiariter
1161 3045 1323 3084 suum
1379 3029 1597 3085 Patrem
1649 3029 1783 3083 dicit
1830 3027 2023 3095 Deum,

2126 1930 2187 1982 τὸ
2214 1929 2510 1996 Σάὸΰατον,
2537 1930 2613 1993 ὡς
2659 1928 2900 2000 ἀνίσχειν
2933 1929 3033 2000 μὲν
3071 1929 3242 2000 ἥλιον,
3266 1931 3632 2003 ὀμϐροτόκους
3662 1947 3718 1982 τε

2127 2020 2328 2092 ὁμοίως
2370 2019 2612 2074 ἀνίεσθαι
2664 2019 2886 2090 πηγὰς,
2934 2021 3026 2074 καὶ
3066 2021 3312 2092 καρποὺς
3353 2022 3449 2093 μὲν
3501 2024 3566 2074 ἐκ
3617 2023 3720 2093 γῆς

2126 2110 2469 2182 ἀνατρέχειν,
2521 2111 2582 2164 οὐ
2639 2111 3114 2182 παραιτουμένους
3156 2110 3252 2182 τὴν
3299 2109 3470 2181 αὔξην
3524 2111 3612 2164 διὰ
3661 2110 3720 2164 τὸ

2127 2202 2428 2266 Σάϐϐατον,
2458 2202 2702 2274 ἐνεργεῖν
2733 2202 2790 2255 δὲ
2839 2202 2908 2255 τὰ
2949 2204 3124 2255 οίκεῖα
3167 2202 3228 2255 τὸ
3278 2202 3406 2274 πῦρ,
3456 2205 3576 2265 ταῖς
3609 2201 3718 2255 τῶν

2127 2291 2430 2366 ἀνθρώπων
2458 2292 2690 2364 χρείαις,
2728 2290 3112 2356 ἀδιακωλύτως
3141 2293 3448 2364 ὑπηρετοῦν
3467 2308 3479 2322 ⁸
3517 2292 3627 2346 ἴσθι
3655 2293 3717 2365 δὴ

2127 2383 2345 2448 πάντως
2375 2383 2651 2454 ὁμολογῶν
2686 2384 2927 2454 ἐνεργεῖν
2953 2382 3044 2436 τὸν
3078 2383 3296 2453 Πατέρα
3323 2384 3394 2437 τὰ
3437 2384 3714 2454 θεοπρεπῆ

2127 2475 2267 2530 κατὰ
2295 2475 2356 2529 τὸ
2384 2475 2679 2530 Σάϐϐατον.
2707 2475 2771 2528 Τί
2809 2474 3095 2547 τοιγαροῦν
3143 2475 3502 2538 ἀπαιδεύτως.
3529 2476 3712 2546 φησὶν,

2127 2569 2276 2638 αἰτιᾷ
2301 2568 2391 2620 τὸν
2422 2567 2488 2620 δι’
2511 2561 2571 2621 οὗ
2597 2567 2666 2621 τὰ
2694 2566 2872 2620 πάντα
2895 2566 3225 2638 ὲργάζεταις
3269 2567 3584 2638 Ἐνεργήσει
3608 2565 3714 2638 γάρ

2126 2660 2224 2729 οὐχ
2262 2658 2466 2729 ἑτέρως
2493 2659 2520 2711 ὁ
2545 2658 2676 2722 Θεὸς
2708 2659 2802 2711 καὶ
2834 2657 3044 2729 Πατὴρ,
3071 2659 3186 2713 ἀλλ’
3214 2658 3290 2722 ὡς
3319 2659 3404 2712 διὰ
3434 2658 3715 2729 δυνάμεως

2127 2752 2219 2806 καὶ
2253 2750 2444 2820 σοφίας
2471 2748 2564 2803 τοῦ
2595 2749 2746 2803 Υίοῦ.
2779 2749 2878 2803 Διά
2909 2749 3068 2803 τοῦτο
3093 2751 3252 2822 φησι,
3295 2769 3314 2801 ι
3355 2749 3525 2818 Κάγὼ
3553 2748 3722 2820 ἐργάρ

2128 2838 2309 2910 ζομαι.
2351 2860 2369 2891 ι
2399 2841 2648 2892 Δυσωπεῖ
2672 2837 2960 2911 τοιγαροῦν
2986 2843 3106 2904 ταῖς
3135 2843 3214 2905 είς
3254 2842 3454 2896 ἄτοπον
3485 2840 3714 2904 ἐννοίαις

2126 2931 2216 2986 τὸν
2248 2930 2506 3004 ἀχάλινον
2533 2930 2641 2984 τῶν
2677 2930 2980 2986 διωκόντων
3008 2932 3197 3001 θυμὸν,
3230 2932 3330 3003 οὐχ
3382 2932 3560 3004 ἐαυτῷ
3587 2950 3714 2985 τοσ-

2125 3023 2283 3077 οῦτον
2313 3025 2706 3088 ἀντιτείνοντας
2752 3025 2990 3090 δεικνὺς,
3021 3024 3143 3078 ὅσον
3179 3025 3352 3080 εἰπεῖν
3387 3023 3465 3096 τῷ
3514 3025 3713 3097 Πατρὶ,

449 3117 587 3171 scite
617 3117 909 3172 admodum
941 3118 1008 3173 ad
1047 3120 1473 3190 pulcherrimam
1507 3126 1563 3175 et
1589 3118 1848 3174 eximiam
1877 3117 2025 3173 hanc

2130 3111 2172 3188 ᾧ
2219 3118 2281 3190 δὴ
2330 3119 2424 3172 καὶ
2472 3120 2618 3190 μόνῳ
2668 3120 2765 3192 τὴν
2813 3121 2907 3174 τοῦ
2959 3121 3124 3192 νόμου
3175 3123 3339 3193 τιμὴν
3377 3121 3715 3193 ἀναγράφειν

449 3207 756 3263 doctrinam
792 3211 953 3279 quasi
986 3226 1149 3265 manu
1180 3210 1482 3268 deducens.

2124 3211 2475 3278 ἐσπούδαζον,
2513 3213 2663 3269 οὔπω
2695 3213 3055 3281 γινώσκοντες
3102 3212 3193 3266 τὸν
3233 3211 3292 3280 ἐξ
3345 3213 3511 3267 αὑτοῦ
3573 3213 3714 3268 κατά

449 3297 611 3370 φύσιν
644 3300 788 3355 Υίόν.
824 3301 922 3354 Διά
950 3302 1058 3375 γάρ
1097 3321 1178 3356 τοι
1222 3303 1377 3356 τοῦτο
1410 3301 1503 3355 καὶ
1543 3300 1845 3372 μοναδικῶς
1901 3299 2094 3354 ἑαυτοῦ
2130 3301 2351 3375 Πατέρα
2413 3304 2548 3374 φησὶ
2608 3304 2700 3359 τὸν
2737 3304 2888 3370 Θεὸν,
2953 3304 3292 3375 εὐφυέστατα
3364 3304 3714 3378 χειραγωγῶν

449 3396 528 3460 είς
555 3395 613 3449 τὸ
639 3396 919 3451 κάλλιστον
945 3398 1010 3470 δὴ
1042 3398 1221 3465 τοῦτο,
1245 3398 1340 3452 καὶ
1376 3400 1555 3470 τίμιον
1585 3397 1836 3469 μάθημα.

518 3527 584 3582 ν.
620 3527 706 3582 18.
734 3529 1019 3597 Propterea
1040 3547 1164 3600 ergo
1183 3533 1353 3602 magis
1381 3533 1683 3603 quaerebant
1705 3549 1823 3586 eum
1846 3531 2030 3586 Judtei

449 3621 746 3689 interﬁcere
768 3637 786 3674 :
815 3623 940 3692 quia
972 3637 1075 3675 non
1105 3622 1280 3678 solum
1309 3624 1544 3679 solvebat
1574 3623 1867 3678 Sabbatum
1886 3664 1902 3688 ,
1937 3622 2028 3678 sed

450 3722 502 3768 ct
532 3712 748 3767 Patrem
779 3728 936 3766 suum
967 3711 1174 3766 dicebat
1210 3712 1379 3768 Deum
1400 3754 1414 3778 ,
1447 3716 1706 3785 (aqualem
1739 3732 1794 3769 se
1829 3714 2029 3783 faciens

449 3803 580 3858 Deo.

523 3933 605 3988 Ad
628 3933 1010 3989 crudelitatem
1035 3949 1212 4006 magis
1234 3949 1298 3990 ac
1321 3935 1494 4008 magis
1511 3934 1690 3991 fertur
1708 3934 2024 3991 Iudaeorum

451 4027 706 4090 animus,
741 4033 796 4081 et
827 4027 1030 4096 quibus
1068 4043 1132 4082 ex
1169 4028 1337 4083 rebus
1374 4029 1561 4083 sanari
1595 4029 1898 4094 deberent,
1936 4030 2024 4086 his

449 4125 758 4190 aegrescunt
787 4119 986 4187 magis,
1009 4126 1068 4172 ut
1091 4119 1168 4172 illi
1190 4117 1314 4188 jure
1340 4120 1600 4176 audiant:
1630 4120 1917 4187 Quomodo
1943 4122 2026 4177 di-

451 4211 591 4266 cetis
617 4209 769 4279 quia,
796 4207 1083 4279 Sapientes
1105 4223 1297 4264 sumus
1325 4208 1612 4264 nos?Cum
1636 4211 1784 4265 enim
1803 4218 2025 4281 oporte-

452 4313 535 4358 ret
563 4317 660 4358 eos
685 4302 1042 4357 convenienti
1073 4302 1288 4358 ratione
1315 4302 1381 4358 ad
1413 4303 1667 4372 pietatem
1697 4301 2027 4358 reformatus

451 4394 637 4449 animo
668 4393 940 4463 mitigari,
978 4394 1144 4449 etiam
1193 4409 1341 4450 nunc
1383 4395 1588 4450 caedem
1636 4394 2030 4449 machinantur

2202 3523 2304 3578 Διὰ
2334 3521 2510 3578 τοῦτο
2548 3519 2662 3579 οὖν
2689 3523 2931 3594 μᾶλλον
2963 3521 3214 3587 ἐζήτουν
3254 3523 3442 3580 αὑτὸν
3473 3530 3527 3581 οἱ
3576 3529 3713 3586 Ἰουυ

2132 3614 2287 3669 δαῖοι
2329 3614 2696 3679 ἀποκτεῖναι,
2752 3614 2840 3669 ὅτι
2877 3617 2949 3669 οὐ
2992 3615 3186 3684 μόνον
3216 3616 3360 3670 ἔλυε
3401 3617 3468 3671 τὸ
3501 3618 3716 3673 Σάϐϐα-

2133 3721 2262 3770 τον,
2287 3703 2448 3759 ἀλλὰ
2475 3705 2574 3757 καὶ
2600 3703 2831 3772 Πατέρα
2859 3704 3012 3757 ἴδιον
3037 3707 3208 3776 ἔλεγε
3238 3706 3346 3760 τὸν
3371 3706 3542 3774 θεὸν,
3577 3709 3715 3764 ἴσον

2133 3793 2356 3849 ἑαυτὸν
2385 3793 2572 3849 ποιῶν
2599 3794 2678 3860 τῷ
2707 3793 2846 3860 Θεῷ.

2205 3930 2559 3985 Ἐπιτείνεται
2614 3930 2749 4001 πρὸς
2803 3929 3196 4001 ἀπανθρωπίαν
3229 3930 3336 3986 τῶν
3379 3932 3649 3986 Ἰουδαίων
3679 3936 3706 3989 ὁ

2131 4022 2273 4087 νοῦς,
2311 4023 2404 4077 καὶ
2451 4022 2519 4076 δι’
2555 4015 2640 4100 gn;
2687 4023 2852 4092 ἐχρῆν
2903 4022 3322 4094 θεραπεύεσθαι,
3353 4023 3567 4077 νοσοῦσι
3599 4042 3712 4094 μει-

2131 4113 2320 4181 ζόνως,
2351 4115 2439 4170 ἵνα
2480 4115 2544 4186 δὴ
2591 4115 2811 4178 δικαίως
2863 4114 3186 4168 ἀκούσειαν·
3244 4115 3370 4179 Πῶς
3415 4116 3588 4187 ἐρεῖτε
3629 4117 3710 4169 ὅτι

2131 4208 2290 4276 Σοφοί
2323 4209 2488 4279 ἐσμεν
2531 4209 2724 4277 ήμεῖς;
2759 4205 2886 4259 Δέον
2934 4207 3043 4280 γὰρ
3089 4207 3285 4271 αὐτοὺς
3317 4207 3710 4279 ἐξημεροῦσθαι

2131 4299 2230 4368 τὴν
2265 4297 2510 4370 γνώμην,
2544 4297 2788 4369 λογισμῷ
2819 4298 2898 4369 τῷ
2925 4299 3185 4371 πρέποντι
3219 4300 3712 4370 μεταποιουμένους

2132 4391 2212 4454 είς
2257 4389 2562 4453 εὐλάϐειαν,
2595 4388 2691 4448 καὶ
2725 4389 2956 4458 φονῶσιν
2986 4390 3087 4461 ἤδη
3132 4390 3274 4443 κατά
3313 4389 3408 4444 τοῦ
3444 4388 3715 4460 πληροφο-

451 4486 572 4554 ejus
603 4487 697 4555 qui
734 4485 901 4540 rebus
937 4486 1072 4555 ipsis
1107 4484 1460 4542 demonstrat
1497 4486 1636 4540 nihil
1682 4486 1840 4556 plane
1872 4486 1924 4540 in
1952 4485 2028 4539 le-

2139 4481 2353 4554 ροῦντος
2385 4481 2472 4535 διὰ
2501 4480 2864 4552 πραγμάτων,
2892 4482 2966 4546 ὡς
2999 4483 3150 4538 οὐδὲν
3173 4485 3309 4548 ὅλως
3339 4487 3418 4549 είς
3447 4485 3539 4539 τὸν
3573 4485 3717 4538 θεῖον

452 4594 571 4648 gem
603 4577 847 4632 divinam
879 4585 1166 4647 peccatum
1196 4593 1319 4634 esse
1341 4619 1356 4644 ,
1387 4577 1614 4634 homine
1643 4577 1806 4649 214
1835 4583 2028 4633 sanato

451 4667 541 4721 die
576 4667 826 4722 Sabbati.
870 4665 1094 4720 Addunt
1135 4682 1268 4722 vero
1313 4668 1382 4722 ad
1431 4668 1572 4722 iram
1613 4667 1685 4722 ob
1727 4667 2028 4721 Sabbatum

452 4765 775 4826 conceptam
813 4758 1174 4828 blasphemiae
1201 4760 1413 4813 crimen
1445 4773 1568 4814 esse
1611 4757 1789 4829 ipsam
1827 4757 2030 4813 verita-

452 4858 602 4915 tem,
666 4865 896 4904 suorum
962 4859 1315 4920 peccatorum
1374 4852 1586 4908 catenis
1631 4859 1893 4922 perpetua
1947 4852 2030 4906 ira

453 4935 672 5004 seipsos
698 4935 1127 5006 obstringentes.
1162 4938 1566 4995 Existimabam
1598 4942 1745 4997 enim
1773 4941 2029 5012 impieta-

451 5033 565 5081 tem
589 5040 737 5090 esse,
761 5025 1295 5099 indignabanturque
1319 5032 1485 5100 quod,
1513 5048 1637 5087 cum
1662 5034 1827 5088 homo
1851 5041 2028 5099 esset,

455 5117 626 5171 Deum
651 5117 874 5170 Patrem
901 5132 1060 5172 suum
1093 5119 1321 5175 diceret.
1343 5119 1671 5177 Nesciebant
1695 5123 1841 5176 enim
1862 5122 2032 5176 Deum

457 5209 701 5266 Verbum
736 5210 789 5264 in
826 5206 1003 5262 forma
1043 5211 1188 5265 servi
1223 5220 1448 5281 propter
1476 5228 1576 5268 nos
1623 5214 1827 5268 factum
1872 5228 2029 5277 esse,

456 5307 512 5354 et
541 5315 607 5356 ex
640 5299 748 5356 Deo
778 5299 940 5355 Patre
971 5300 1138 5354 vitam
1174 5316 1540 5371 promanare,
1583 5304 1688 5359 hoc
1719 5313 1803 5360 est
1834 5304 2032 5375 Uuige-

458 5391 666 5456 nilum,
698 5392 788 5448 cui
818 5399 968 5447 certe
999 5391 1092 5445 uni
1127 5393 1347 5464 preprie
1378 5408 1442 5448 ac
1471 5411 1597 5450 vere
1620 5395 1789 5450 Deum
1820 5396 2032 5452 Patrem

459 5495 585 5537 esse
613 5483 854 5540 dicimus
874 5525 888 5550 ,
925 5485 1086 5540 nobis
1113 5500 1240 5541 vero
1267 5501 1376 5541 non
1409 5487 1558 5542 item.
1592 5489 1848 5559 Aduptivi
1888 5489 2034 5544 enim

461 5585 673 5638 sumus,
705 5574 774 5629 ad
818 5577 1139 5647 dignitatem
1184 5580 1664 5646 supernaturalem
1712 5579 2036 5634 honorantis

461 5661 747 5719 voluntate
781 5668 955 5722 evecti
994 5678 1048 5724 et
1097 5671 1322 5725 nomina
1351 5671 1442 5724 illa
1469 5670 1683 5726 deorum
1711 5685 1773 5726 ac
1802 5671 2034 5740 ﬁliorum

467 5750 810 5822 obtinentes,
846 5766 1067 5828 propter
1100 5759 1498 5818 inhabitantem
1533 5763 1811 5819 Christum
1849 5761 1902 5816 in
1940 5776 2035 5815 no-

2129 4577 2442 4648 ἡμάρτηται
2485 4573 2646 4644 νόμον
2671 4615 2685 4639 ,
2727 4574 3074 4644 ὑγιασθέντος
3124 4575 3414 4647 ἀνθρώπου
3469 4577 3609 4641 κατά
3653 4576 3712 4630 τὸ

2129 4668 2422 4723 Σάϐϐατον.
2465 4667 2848 4721 Ἐπιπλέκουσι
2901 4667 2957 4720 δὲ
3008 4670 3127 4732 ταῖς
3178 4669 3265 4722 διά
3317 4669 3377 4722 τὸ
3435 4668 3714 4722 Σάϐϐατον

2130 4759 2339 4830 ὀργαῖς,
2368 4757 2443 4819 ὼς
2481 4756 2824 4828 βλασφημίας
2852 4756 3103 4829 ἔγκλημα
3139 4759 3238 4830 τὴν
3286 4759 3563 4830 ἀλήθειαν,
3605 4775 3713 4812 σει-

2133 4850 2253 4919 ραῖς
2281 4845 2388 4899 τῶν
2413 4845 2627 4898 οἰκείων
2658 4848 3144 4918 πλημμελημάτων
3175 4852 3254 4912 είς
3282 4850 3512 4914 ἀλύτους
3545 4850 3712 4921 ὀργάς

2132 4940 2356 5002 ἑαυτοὺς
2413 4940 2897 5008 κατασφίγγοντες.
2961 4942 3252 4995 Δυσσεὸεῖν
3305 4942 3413 5014 γὰρ
3460 4942 3711 5010 ἐδόκουν,

2136 5032 2262 5086 ίδιον
2293 5032 2375 5084 ὅτι
2403 5030 2551 5100 λέγει
2578 5032 2796 5104 Πατέρα
2824 5033 2913 5086 τὸν
2941 5034 3072 5088 Θεὸν
3097 5033 3381 5105 ἅνθρωπος
3404 5034 3478 5088 ὢν
3507 5034 3712 5106 ἀσχάλ-

2132 5123 2332 5186 λοντες.
2374 5123 2448 5177 Οὐ
2479 5123 2586 5195 γὰρ
2621 5123 2818 5194 ᾔδεσάν
2855 5141 2940 5177 πω
2983 5125 3071 5177 τὸν
3114 5125 3173 5176 ἐν
3205 5125 3390 5179 δούλου
3433 5129 3612 5197 μορφῇ
3647 5126 3712 5179 δι’

2134 5217 2279 5287 ἡμᾶς
2312 5215 2570 5284 γεγονότα
2600 5215 2731 5270 Θεὸν
2757 5215 2948 5282 Λόγον,
2984 5217 3080 5286 τὴν
3114 5217 3176 5270 ἐκ
3215 5217 3308 5270 τοῦ
3340 5217 3473 5270 Θεοῦ
3506 5216 3710 5287 Πατρὸς

2134 5304 2508 5375 ἀναϐρύουσαν
2553 5304 2717 5376 ζωὴν.
2769 5304 2911 5356 τοῦτ’
2956 5305 3070 5358 ἔστι
3117 5306 3208 5360 τὸν
3243 5307 3545 5378 Μονογενῆ,
3577 5300 3622 5375 ᾧ
3649 5305 3710 5375 δὴ

2136 5397 2230 5451 καὶ
2262 5398 2405 5468 μόνῳ
2433 5397 2634 5468 κυρίως
2667 5414 2725 5449 τε
2757 5396 2850 5450 καὶ
2879 5397 3094 5468 ἀληθῶς
3133 5399 3498 5470 ἐπιγράφεταί
3535 5416 3594 5452 τε
3621 5399 3712 5451 καὶ

2136 5489 2247 5543 ἐστι
2279 5490 2468 5560 Πατὴρ
2493 5491 2522 5543 ὁ
2552 5489 2702 5553 Θεὸς,
2729 5491 2860 5560 ἡμῖν
2893 5489 2948 5542 δὲ
2978 5490 3178 5543 οὐκέτι.
3205 5490 3361 5543 Θετοὶ
3391 5491 3497 5561 γὰρ
3527 5491 3708 5560 ἡμεῖς,

2137 5583 2214 5644 είς
2246 5579 2306 5633 τὸ
2339 5581 2476 5652 ὑπὲρ
2509 5584 2667 5649 φύσιν
2698 5580 2914 5650 ἀξίωμα
2960 5580 3047 5634 διὰ
3092 5581 3191 5652 τὴν
3236 5580 3332 5634 τοῦ
3380 5581 3711 5650 τιμήσαντος

2138 5671 2354 5740 θέλησιν
2377 5669 2776 5737 ἀναϐαίνοντες,
2807 5669 2901 5723 καὶ
2925 5670 2985 5723 τὸ
3014 5671 3132 5725 θεοὶ
3167 5671 3259 5724 καὶ
3285 5670 3401 5726 ιίοί
3429 5667 3712 5722 καλεῖσθαι

2138 5761 2506 5832 κερδαίνοντες
2559 5761 2644 5813 διὰ
2686 5760 2773 5814 τὸν
2812 5761 2868 5813 ἐν
2906 5763 3036 5831 ἡμῖν
3064 5760 3312 5817 οίκοῦντα
3349 5757 3582 5829 Χριστὸν
3624 5755 3712 5813 διὰ
