4078 6262
435 333 540 388 349

1486 327 1551 382 IN
1585 325 1872 383 JOANNIS
1903 326 2352 386 EVANGELIUM
2385 328 2514 383 LIB.
2549 327 2610 382 ΙΙ.

3573 317 3680 374 550

436 449 530 504 τοῦ
595 451 750 518 ἁγίου
805 449 1134 518 Πνεῦματος.
1190 448 1281 511 Εἰς
1344 447 1440 517 τὴν
1497 449 1674 519 σάρκα
1715 447 2004 520 τοιγαροῦν

2106 448 2192 504 bis
2227 463 2324 519 per
2357 456 2612 504 sanctum
2643 444 2914 518 Spiritum
2942 443 3004 496 εί.
3039 442 3176 498 Cum
3204 454 3338 510 ergo
3365 440 3538 496 solam
3565 453 3682 494 car-

441 540 747 612 ἀφορῶντες
789 539 975 610 μόνην,
1022 538 1114 592 τὸν
1153 537 1209 590 δέ
1235 539 1294 591 ἐν
1339 541 1406 609 τῇ
1456 538 1618 610 σαρκὶ
1650 537 2004 594 κατοικοῦντα

441 631 571 683 Θεὸν
616 629 714 682 οὐκ
762 627 1226 695 ἐπιγινώσκοντες,
1277 629 1376 681 οὐκ
1430 630 1708 700 ἀνέχονται
1768 631 1901 701 πρὸς
1943 630 2005 683 τὸ

443 722 761 793 ὑπερέκεινα
788 721 886 789 τῆς
912 719 1197 788 ἀνθρώπου
1228 720 1442 788 φύσεως
1492 721 1872 791 ἀναπηδῶντος
1909 721 2006 791 μέ-

445 830 585 882 τρον,
633 812 715 865 διὰ
764 812 855 865 τοῦ
909 813 1124 882 Πατέρα
1171 811 1346 880 λέγειν
1393 813 1584 866 ἑαυτοῦ
1614 814 1704 867 τὸν
1732 813 1882 868 Θεόν.
1915 812 2004 883 Τῷ

444 903 548 972 γὰρ
567 905 753 968 εἰπεῖν,
791 922 809 954 ‹
853 903 912 957 Ὀ
960 904 1149 974 Πατήρ
1204 921 1326 974 μου,
1365 923 1384 955 ι
1419 907 1622 975 ταύτην
1672 905 1736 958 ἂν
1781 905 2004 968 εἰκότως

440 990 669 1060 εἰσφέροι
692 990 790 1062 τὴν
823 990 1028 1044 ἔννοιαν
1047 1008 1060 1020 θ
1089 990 1289 1044 οἴονται
1320 991 1374 1044 δὲ
1412 992 1520 1045 δεῖν
1553 993 1645 1044 τὸν
1667 985 1818 1062 ᾧπερ
1854 992 2002 1044 ἐστὶν

438 1084 738 1149 ἰδιαζόντως
790 1085 976 1154 Πατὴρ
1031 1085 1059 1136 ὁ
1106 1084 1254 1150 Θεὸς,
1311 1083 1423 1138 ἴσον
1474 1081 1610 1137 εἶναι
1660 1084 1798 1137 κατὰ
1843 1084 2002 1153 φύσιν

433 1172 596 1244 αὐτῷ,
642 1173 799 1227 τοῦτο
851 1174 914 1245 δὴ
967 1174 1124 1244 μόνον
1176 1172 1423 1235 νοοῦντες
1476 1172 1679 1242 ὀρθῶς
1731 1173 1840 1242 ἔχει
1894 1174 2002 1243 γὰρ

431 1264 620 1329 οὕτως,
645 1265 740 1317 καὶ
765 1266 862 1335 οὐχ
891 1265 1113 1336 ἑτέρως.
1155 1265 1240 1327 Ὠς
1287 1261 1380 1318 οῦν
1413 1265 1506 1316 καὶ
1538 1263 1740 1334 ταύτην
1781 1263 1874 1317 τοῦ
1919 1263 2002 1316 λό-

429 1375 526 1426 γου
556 1357 655 1428 τὴν
687 1357 894 1411 ἔννοιαν
924 1357 1350 1427 -παρεισάγοντος
1374 1396 1388 1420 ,
1427 1355 1792 1422 ἀγανακτοῦσι
1825 1353 2003 1424 μειζό-

429 1466 534 1512 νως
562 1449 653 1502 τὸν
681 1448 838 1520 ὀρθὸν
859 1449 958 1520 τῆς
990 1447 1243 1517 ἀληθείας
1281 1446 1664 1516 ἐκτρεπόμενοι
1697 1446 1870 1514 λόγον.

1033 1562 1282 1616 ΚΕΦΔΛ.
1318 1566 1406 1631 ς’.

434 1674 556 1726 Ὅτι
583 1675 694 1727 οὐκ
719 1672 982 1727 ἐλάττων
1005 1676 1154 1727 κατὰ
1187 1675 1442 1741 δύναμιν
1470 1673 1509 1742 ἢ
1539 1674 1666 1728 κατ’
1699 1671 2004 1742 ἐνέργειαν

506 1743 619 1809 τὴν
646 1744 745 1797 ἐπί
775 1760 932 1798 τισιν
961 1747 994 1798 ό
1034 1745 1161 1810 Υἱὸς
1190 1745 1295 1797 τοῦ
1317 1734 1564 1811 Πατρός,
1591 1734 2003 1812 ἀλλ’-μονοσθε-

505 1811 620 1879 νής
651 1830 716 1866 τε
753 1814 850 1866 καὶ
886 1812 1103 1882 ὅμοιος,
1138 1815 1216 1878 ὡς
1239 1814 1307 1877 ἐξ
1336 1814 1521 1867 αὑτοῦ
1548 1814 1697 1867 κατά
1723 1811 1929 1882 φύσιν.

509 1904 882 1972 Ἀπεκρίνατο
913 1900 1027 1961 οὖν
1071 1908 1104 1958 ό
1159 1905 1406 1973 Ἰησοῦς,
1436 1905 1533 1958 καί
1571 1900 1737 1958 εἶπεν
1763 1902 1963 1968 αὐτοῖς
1982 1919 1998 1935 ·

448 1993 648 2062 Ἀμὴν,
671 1995 832 2062 ἀμὴν
851 1994 1004 2063 ,λέγω
1028 1994 1189 2064 ὑμῖν,
1216 1998 1286 2049 οὐ
1313 1995 1563 2049 δύναται
1588 1999 1620 2048 ό
1657 1995 1785 2062 Υἱὸς
1805 1995 2001 2048 ποιεῖν

429 2083 532 2151 ἀφ’
559 2084 774 2138 ἑαυτοῦ
799 2084 996 2149 οὐδὲν,
1027 2087 1137 2140 ἐὰν
1169 2086 1255 2155 μή
1301 2103 1357 2139 τι
1397 2085 1600 2155 βλέπῃ
1630 2086 1738 2140 τὸν
1773 2084 2002 2152 Πατέρα

426 2174 745 2229 ποιοῦντα·
781 2175 820 2230 ἄ
867 2175 976 2245 γὰρ
1020 2175 1098 2231 ἂν
1134 2177 1364 2244 ἐκεῖνος
1412 2175 1573 2247 ποιῇ,
1607 2176 1792 2231 ταῦτα
1835 2177 1934 2230 καὶ
1967 2179 2000 2231 ὀ

435 2267 568 2333 Υἰός
606 2269 818 2336 ὁμοίως
848 2268 1022 2324 ποιεῖ.

501 2361 678 2430 Ὅπερ
705 2362 762 2414 ἐν
785 2364 896 2424 τοῖς
920 2361 1280 2432 προλαϐοῦσιν
1303 2363 1621 2434 εἰρήκαμεν,
1652 2362 1811 2415 τοῦτο
1840 2361 2000 2416 πάλιν

428 2453 600 2523 ἑτέρῳ
625 2451 966 2523 διερμηνεύει
1004 2454 1222 2526 τρόπῳ,
1254 2455 1590 2525 πανταχόθεν
1633 2456 1726 2508 ἐπὶ
1759 2454 1858 2525 τὴν
1899 2453 1998 2523 τῆς

427 2544 684 2616 ἀληθείας
718 2544 931 2615 εὕρεσιν
966 2545 1278 2616 σαγηνεύων
1305 2548 1429 2609 τοὺς
1464 2546 1879 2616 ἀκροωμένουςο
1911 2547 2000 2600 τὸν

426 2636 481 2690 δέ
511 2638 569 2689 ἐν
610 2634 845 2705 πρώτοις
869 2636 929 2688 οὐ
976 2637 1379 2706 παραδεχθέντα
1423 2636 1598 2704 λόγον,
1628 2637 1716 2690 διὰ
1753 2635 1850 2708 τὴν
1890 2637 2000 2690 τῶν

429 2728 666 2782 συνιέναι
714 2727 786 2796 μὴ
820 2727 1149 2797 δυνηθέντων
1178 2726 1482 2790 ἀσθένειαν,
1524 2728 1722 2798 ἑτέρως
1760 2731 2000 2801 ἀναμορ-

429 2821 536 2888 φοῖ,
567 2820 660 2872 καὶ
685 2819 770 2872 διὰ
799 2819 906 2871 τῶν
929 2817 1106 2872 αὐτῶν
1146 2819 1293 2872 ἰόντα
1331 2819 1721 2890 θεωρημάτων,
1757 2821 2000 2891 εἰσφέρει

426 2913 702 2976 ποικίλως.
738 2912 937 2983 Ἔργον
981 2910 1025 2964 δ’
1072 2910 1138 2964 ἂν
1185 2910 1270 2982 εἴη
1324 2910 1480 2964 τοῦτο
1521 2911 1618 2982 τῆς
1663 2911 1999 2966 διδασκάλων

427 3003 741 3076 πρεπούσης
791 3002 1025 3075 ἀρετῆς,
1069 3002 1128 3055 τὸ
1171 3001 1248 3073 μὴ
1289 3003 1552 3073 τρέχοντα
1583 3003 1860 3074 δηλονότι,
1907 3005 2000 3058 καὶ

426 3099 839 3166 παριπτάμενον
880 3093 988 3146 τῶν
1021 3093 1414 3163 διδασκομένων
1452 3094 1549 3166 τὴν
1590 3094 1791 3163 γνῶσιν
1832 3098 2002 3148 ποιεῖ-

2105 555 2228 595 nem
2282 547 2533 610 spectent
2589 547 2644 593 et
2700 537 2869 592 Deum
2901 536 2956 590 in
2987 549 3152 589 carne
3201 533 3538 587 habitantem
3579 546 3686 584 non

2103 637 2438 701 agnoscant,
2465 645 2574 683 non
2608 627 2793 682 ferunt
2816 627 3001 682 Jesum
3028 627 3171 679 ultra
3203 630 3411 677 naturae
3435 619 3689 673 humana:

2103 720 2477 775 conditionem
2512 719 2698 774 efferri
2731 735 2795 774 ex
2831 733 2896 771 eo
2930 715 3076 786 quod
3105 713 3322 767 Patrem
3357 727 3517 766 suum
3551 710 3686 763 dicit

2103 812 2294 868 Deum.
2329 812 2385 876 In
2419 828 2484 867 co
2518 813 2665 866 enim
2702 810 2848 880 quod
2881 807 3040 872 dicit,
3074 825 3090 857 ι
3123 804 3286 858 Pater
3321 818 3499 863 meus,
3527 821 3545 852 ι
3583 803 3684 855 ista

2103 905 2379 959 sententia
2400 903 2525 972 jure
2554 900 2904 972 exprimitur.
2942 897 3270 951 Existimant
3301 902 3481 947 autem
3518 907 3642 945 eum
3665 930 3682 954 ,

2102 995 2190 1049 cui
2216 996 2433 1065 prOprie
2455 1009 2520 1047 ac
2540 991 2892 1063 peculiariter
2910 989 3071 1042 Pater
3105 995 3188 1042 cst
3226 984 3392 1052 Deus,
3420 984 3681 1052 aequalem

2102 1102 2226 1142 esse
2257 1087 2305 1143 ei
2341 1085 2645 1142 secundum
2683 1090 2974 1145 naturam;
3010 1078 3158 1148 quod
3195 1091 3363 1130 unum
3399 1074 3502 1144 ipsi
3536 1082 3683 1126 recte

2095 1177 2352 1247 judicant
2379 1195 2391 1232 :
2423 1177 2498 1231 ita
2529 1177 2677 1231 enim
2721 1189 2812 1228 res
2857 1179 2976 1236 est,
3019 1185 3084 1222 ac
3130 1184 3239 1222 non
3286 1166 3467 1219 aliter.
3511 1163 3684 1229 Quasi

2102 1285 2235 1340 ergo
2266 1270 2416 1322 hunc
2447 1282 2674 1323 sensum
2708 1264 3006 1319 verborum
3045 1272 3275 1315 suorum
3315 1257 3431 1324 ipse
3475 1255 3529 1307 in
3568 1269 3683 1305 me-

2101 1363 2256 1418 dium
2288 1361 2515 1424 aderat,
2551 1359 2914 1428 indignantur
2951 1352 3147 1424 magis,
3185 1356 3398 1405 rectum
3429 1345 3680 1401 veritatis

2104 1468 2414 1510 sermonem
2445 1452 2552 1506 alio
2579 1450 2992 1518 detorquentes.

2752 1558 2904 1614 CAP.
2945 1556 3032 1611 Vl.

2105 1679 2260 1747 Quod
2292 1694 2398 1732 non
2421 1677 2595 1747 minor
2616 1670 2902 1747 secundum
2929 1670 3174 1747 virtutem
3205 1674 3296 1720 aut
3328 1659 3680 1747 operationem

2172 1752 2240 1804 sit
2276 1749 2439 1803 Patre
2466 1746 2677 1808 Filius,
2705 1741 2796 1797 sed
2837 1741 3059 1810 arquatis
3093 1737 3366 1804 potestatis
3387 1773 3403 1800 ,
3436 1735 3582 1802 eique
3611 1733 3682 1785 si.

2031 1817 2076 1873 B
2175 1821 2316 1874 milis
2337 1859 2350 1881 ,
2389 1826 2443 1871 ut
2477 1831 2542 1870 ex
2571 1817 2684 1883 ipso
2717 1811 3002 1866 secundant
3033 1817 3302 1862 naturam.

2179 1911 2242 1966 ν.
2288 1911 2376 1976 18,
2407 1909 2492 1964 19.
2539 1903 2824 1975 Respondit
2866 1905 3044 1971 itaque
3074 1899 3260 1961 Iesus,
3304 1904 3352 1950 et
3389 1893 3524 1946 dixit
3560 1893 3635 1946 eis
3661 1932 3673 1948 .

2101 2006 2301 2070 Amen,
2339 2018 2489 2058 amen
2529 2000 2646 2053 dico
2681 1997 2822 2052 vobis
2845 2036 2862 2063 ,
2895 2012 2998 2048 non
3030 2002 3196 2062 potest
3237 1988 3410 2043 Filius
3446 2004 3476 2039 a
3506 2003 3560 2040 se
3593 1986 3680 2053 fa-

2101 2113 2214 2152 cere
2243 2096 2529 2165 quidquam
2549 2131 2564 2156 ,
2596 2090 2701 2144 uisi
2729 2086 2866 2158 quod
2894 2085 3083 2140 viderit
3112 2081 3326 2135 Patrem
3357 2078 3630 2147 facientem
3659 2089 3678 2127 :

2099 2203 2417 2260 quiscunque
2449 2185 2586 2240 enim
2635 2182 2724 2236 ille
2759 2180 2970 2251 lecerit,
3002 2177 3111 2232 [uec
3140 2184 3189 2230 et
3232 2170 3405 2226 Filius
3433 2167 3681 2223 similiter

2101 2281 2254 2350 facit.

2171 2369 2330 2437 Quod
2372 2368 2428 2423 in
2475 2364 2920 2437 praecedentibus
2962 2359 3239 2421 diximus,
3287 2356 3390 2409 hoc
3432 2352 3542 2406 alia
3586 2365 3678 2404 ra-

2100 2463 2254 2517 tione
2291 2475 2492 2516 rursus
2521 2459 2797 2528 explicat,
2836 2453 3120 2508 auditores
3163 2463 3295 2504 suos
3332 2445 3399 2500 ad
3441 2442 3678 2514 agnitio-

2099 2569 2225 2610 nem
2254 2553 2502 2607 veritatis
2530 2562 2923 2619 usquequaque
2954 2543 3230 2599 irretiens.
3257 2538 3431 2592 Porro
3465 2534 3676 2589 doctri-

2100 2662 2226 2702 nam
2267 2660 2390 2714 quae
2434 2643 2672 2713 primum
2700 2645 2955 2708 suscepta
2981 2651 3092 2690 non
3116 2642 3232 2697 est,
3259 2631 3330 2684 ob
3352 2641 3543 2683 eorum
3573 2626 3679 2679 im-

2101 2741 2458 2798 becillitatem
2505 2737 2614 2790 alio
2644 2733 2810 2788 modo
2838 2730 3060 2798 reﬁngit
3083 2770 3097 2793 ,
3148 2733 3201 2780 et
3231 2737 3357 2778 cum
3390 2722 3445 2774 in
3478 2719 3676 2774 iisdem

2101 2835 2357 2884 versetur
2391 2823 2752 2880 theorematis
2779 2860 2794 2886 ,
2851 2820 3003 2874 varie
3057 2827 3242 2870 tamen
3288 2824 3407 2866 eam
3453 2813 3676 2862 tractat.

2101 2919 2265 2975 Probi
2307 2924 2491 2972 autem
2525 2913 2776 2985 magistri
2813 2909 3053 2965 cilicium
3095 2913 3222 2970 est,
3274 2918 3386 2957 non
3435 2900 3676 2962 cursim,

2100 3027 2282 3083 neque
2309 3007 2685 3080 perfunctorie
2702 3005 2922 3066 docere,
2943 3001 3043 3055 sed
3073 2995 3311 3067 eleganti
3344 3007 3469 3047 cum
3502 2991 3678 3045 varie-

2100 3114 2214 3163 tate
2239 3105 2553 3160 distinctam
2577 3101 2889 3155 doctrinam
2914 3093 3154 3157 tradere,
3182 3091 3506 3160 plerumque
3526 3085 3681 3138 theo-

429 3187 550 3241 σθαι
578 3188 667 3240 τὸν
707 3186 881 3254 λόγον,
907 3184 1018 3240 ἀλλ’
1043 3185 1354 3257 εὐπάρυφόν
1386 3203 1447 3240 τε
1474 3188 1570 3241 καὶ
1614 3187 1884 3260 διαφόρως
1919 3188 2003 3255 ἐξ·

2106 3203 2376 3252 rematurn
2411 3192 2572 3264 215
2597 3189 2970 3244 difﬁcultatem
3003 3183 3204 3240 eximio
3232 3179 3452 3234 dicendi
3482 3191 3682 3247 genere

426 3278 771 3349 ορχούμενον,
799 3278 892 3331 καλ⁵
923 3277 1000 3348 τῷ
1033 3278 1130 3346 τῆς
1152 3277 1400 3347 φράσεως
1423 3277 1825 3350 ἐξηλλαγμένῳ,
1868 3279 1997 3333 πολ-

427 3371 582 3436 λάκις
613 3372 712 3442 τὴν
753 3373 810 3425 ἐν
852 3372 962 3434 τοῖς
1006 3370 1323 3442 θεωρήμασι
1368 3369 1623 3440 φιλοῦντα
1665 3371 2003 3443 δυσχέρειαν.

439 3462 730 3534 Ἀναμίξας
770 3462 949 3516 τοίνυν
979 3461 1056 3532 τῷ
1084 3461 1375 3532 θεοπρεπεῖ
1412 3461 1474 3515 τὸ
1514 3462 1872 3533 ἀνθρώπινον,
1913 3465 2009 3518 καὶ

429 3557 590 3627 μέσον
621 3557 678 3622 ἐξ
711 3556 911 3626 ἀμφοῖν
955 3554 1051 3607 ἕνα
1100 3552 1338 3622 κεράσας
1386 3552 1565 3623 λόγον,
1599 3552 1674 3619 ώς
1701 3554 1882 3626 ἡρέμα
1910 3555 2008 3624 μὲν

428 3647 676 3717 ὕφιζάνει
708 3647 768 3699 τὸ
807 3643 884 3715 τῷ
915 3645 1210 3711 Μονογενεῖ
1258 3643 1466 3713 πρέπον
1513 3644 1747 3715 ἀξίωμα,
1775 3645 2005 3700 ἀναϐαί-

417 3756 505 3794 νει
570 3737 626 3790 δὲ
685 3736 784 3806 τὴν
841 3733 1130 3806 ἀνθρώπου
1186 3733 1366 3803 φύσιν,
1415 3733 1491 3798 ώς
1547 3735 1820 3806 Δεσπότης
1867 3736 2004 3807 ἅμα,

424 3827 520 3880 καὶ
553 3827 609 3878 ἐν
645 3825 850 3888 δούλοις
898 3823 1388 3893 κατατεταγμένος,
1439 3823 1638 3894 φησίνο
1677 3843 1694 3875 ι
1729 3825 1801 3878 Οὐ
1849 3824 2008 3878 δύνα-

425 3934 516 3972 ται
553 3917 725 3967 ποιεῖν
751 3915 780 3966 ὁ
809 3912 935 3974 Υἱὸς
969 3913 1062 3981 ἀφ’
1091 3912 1286 3966 ἐαυτοῦ
1338 3911 1509 3977 οὐδὲν,
1543 3913 1636 3966 ἐὰν
1669 3916 1798 3984 μήτι
1833 3915 2006 3986 βλέπῃ

426 4009 518 4061 τὸν
552 4005 771 4074 Πατέρα
801 4003 1054 4057 ποιοῦντα
1073 4021 1084 4033 ·
1126 4003 1162 4056 ἃ.
1190 4003 1298 4074 γὰρ
1326 4004 1391 4057 ἂν
1420 3997 1624 4068 ἐκεῖνος
1657 4009 1806 4076 ποιῇ,
1840 4007 2009 4062 ταῦτα

427 4098 527 4152 καὶ
549 4103 577 4154 ὁ
608 4096 736 4158 Υἰὸς
766 4095 965 4163 ὁμοίως
1003 4096 1164 4147 ποιεῖ.
1201 4113 1219 4146 ι
1262 4095 1350 4146 Ἐν
1389 4094 1486 4164 μὲν
1519 4095 1626 4164 γὰρ
1654 4095 1730 4165 τῷ
1756 4095 2009 4150 δύνασθαι

430 4190 602 4243 ποιεῖν
637 4185 1067 4258 ἀπαραλλάκτως
1095 4185 1163 4253 τὰ
1211 4184 1302 4238 τοῦ
1341 4184 1475 4238 Θεοῦ
1519 4187 1611 4238 καὶ
1658 4187 1887 4256 Πατρὸς,
1917 4189 2010 4241 καὶ

430 4278 632 4350 ὁμοίως
678 4279 920 4347 ἐνεργεῖν
949 4276 1024 4347 τῷ
1058 4278 1395 4347 γεννήσαντι,
1430 4277 1530 4345 τῆς
1572 4276 1760 4339 οὐσίας
1803 4278 2024 4350 ἑαυτῶν-

435 4371 699 4442 μαρτυρεῖ
730 4367 828 4436 τὴν
862 4367 1182 4438 ταυτότητά.
1224 4367 1536 4438 Ἐνεργήσει
1580 4366 1689 4439 γὰρ
1716 4368 1915 4437 ὁμοίως
1942 4367 2011 4422 τά

431 4462 531 4534 τὴν
567 4461 735 4531 αὐτὴν
766 4458 1014 4528 ἀλλήλοις
1037 4458 1266 4528 λαχόντα
1298 4459 1480 4528 φύσιν,
1510 4454 1591 4523 οἷς
1628 4457 1684 4514 δὲ
1710 4459 1739 4514 ὁ
1769 4459 1862 4512 τοῦ
1895 4459 2010 4525 πῶς

429 4551 567 4612 dvas
594 4552 747 4621 λόγος
779 4549 1196 4621 ἐξηλλαγμένος,
1244 4549 1450 4612 τούτοις
1493 4549 1560 4603 ἂν
1603 4548 1688 4620 εἰη
1727 4550 1818 4602 καὶ
1850 4551 1878 4602 ό
1908 4551 2008 4622 τῆς

426 4649 512 4716 ἐφ’
539 4645 740 4700 ἅπασιν
767 4643 1047 4714 ἐνεργείας
1071 4641 1270 4712 τρόπος
1308 4642 1406 4712 οὐχ
1439 4643 1467 4694 ὁ
1499 4641 1678 4705 αὐτός.
1707 4641 1914 4697 Οὐκοῦν
1934 4644 2009 4710 ώς

426 4739 558 4802 Θεὸς
599 4735 850 4808 ἀληθινὸς
893 4735 958 4788 ἐκ
997 4733 1131 4787 Θεοῦ
1165 4733 1376 4804 Πατρὸς
1417 4733 1688 4805 ἀληθινοῦ,
1722 4733 1893 4789 ταῦτα
1919 4735 2008 4788 δύ-

426 4829 617 4883 νασθαι
671 4829 844 4880 ποιεῖν
907 4824 1108 4894 ὁμοίως
1157 4824 1348 4894 ἐκείνῳ
1396 4825 1586 4893 φησὶν,
1641 4823 1755 4878 ἀλλ’
1801 4824 1887 4878 ἵνα
1929 4825 2004 4896 μὴ

429 4923 603 4990 μόνως
649 4918 747 4991 [αι.
783 4915 964 4989 μόνον]
1012 4913 1127 4979 ἰσος
1172 4914 1246 4969 ὢν
1284 4917 1341 4967 ὲν
1387 4915 1610 4986 δυνάμει
1647 4916 1902 4987 φαίνηται
1929 4915 2007 4986 τῷ

428 5011 625 5082 Πατρὶ,
657 5006 989 5078 ὁμογνώμων
1033 5007 1090 5060 δὲ
1141 5006 1283 5060 κατὰ
1329 5006 1522 5070 πάντα,
1574 5007 1665 5060 καί⁴
1712 5008 1840 5078 μίαν
1870 5006 2008 5076 ἔχων

427 5103 526 5171 τὴν
555 5102 637 5166 ἐφῗ
671 5101 840 5154 ἅπασι
869 5100 1104 5171 θέλησιν,
1143 5101 1217 5171 μὴ
1262 5098 1520 5152 δύνασθαι
1558 5099 1702 5168 λέγει
1744 5103 1917 5155 ποιεῖν
1949 5098 2008 5166 ἐξ

427 5188 624 5243 ἑαυτοῦ
661 5189 842 5259 μηδὲν,
869 5191 962 5242 ἐὰν
996 5192 1123 5260 μήτι
1155 5190 1325 5262 βλέπῃ
1351 5189 1442 5242 τὸν
1480 5189 1696 5260 Πατέρα
1726 5191 2004 5248 ποιοῦντα.

431 5281 656 5352 Ὅμοιον
682 5281 738 5334 δέ
765 5280 840 5342 ὡς
868 5283 915 5332 εἰ
947 5282 1091 5350 λέγοι
1120 5282 1458 5354 τρανώτερον
1488 5281 1622 5353 πρὸς
1651 5284 1774 5346 τοὺς
1797 5283 2008 5338 διώκειν

428 5372 912 5444 ἐπιχειρήσαντας,
952 5374 1138 5444 ἀνδρὸς
1188 5376 1243 5425 ἐν
1291 5374 1557 5445 Σαϐϐάτῳ
1605 5375 2008 5446 τεθεραπευμέ-

429 5483 554 5519 νου·
626 5463 1040 5520 Καταλελύσθαι
1117 5465 1362 5535 νομίζετε
1403 5466 1500 5536 τὴν
1568 5466 1661 5520 τοῦ
1731 5468 2008 5522 Σαϐϐάτου

431 5553 612 5624 τιμὴν,
645 5553 758 5607 ἀλλ’
782 5552 883 5606 οὐκ
934 5553 1000 5606 ἂν
1056 5552 1254 5624 ἔδρασα
1296 5554 1452 5609 τοῦτό
1496 5573 1624 5609 ποτε
1659 5558 1732 5628 μὴ
1763 5560 1884 5629 οὐχὶ
1921 5562 2009 5612 τὸν

434 5645 612 5713 ὅμοιον
643 5646 878 5715 ἐργάτην
919 5645 1061 5716 ὁρῶν
1110 5646 1197 5699 τὸν
1243 5647 1495 5718 Πατέρα·
1545 5649 1756 5720 ἐνεργεῖ
1799 5652 1908 5720 γὰρ
1943 5655 2008 5705 τὰ

506 5760 544 5792 ³⁸
577 5757 878 5830 Rom._vut,
911 5757 993 5813 ii.
1075 5760 1114 5791 ³³
1145 5758 1304 5816 Joan.
1337 5777 1390 5827 v,
1424 5761 1512 5828 i9,
1545 5761 1633 5817 ‘30.

2110 3286 2458 3358 explicando.
2513 3283 2754 3338 Miscens
2792 3281 2975 3349 itaque
3013 3276 3202 3331 divino
3241 3273 3539 3326 humanum
3569 3307 3584 3332 ,
3625 3274 3683 3321 et

2109 3379 2350 3434 medium
2377 3393 2443 3432 ex
2477 3374 2745 3429 ambobus
2777 3385 2946 3426 unum
2985 3378 3296 3424 sermonem
3332 3371 3678 3429 temperans.

2110 3467 2517 3541 quodammodo
2573 3463 2812 3521 subsidit
2856 3461 3093 3530 dignitas
3146 3453 3441 3524 Unigenito
3493 3464 3683 3505 conve-

2110 3563 2310 3628 niens;
2371 3558 2601 3614 effertur
2653 3571 2816 3619 vero,
2871 3550 3050 3623 quoad
3103 3547 3344 3602 hominis
3405 3553 3683 3605 naturam,

2108 3661 2170 3709 ut
2229 3651 2492 3706 Dominus
2553 3646 2718 3702 simul
2775 3653 2829 3699 et
2901 3643 3046 3696 inter
3095 3652 3288 3694 servos
3340 3633 3681 3697 collocatus,

2110 3744 2332 3815 inquit:
2363 3761 2381 3793 ι
2415 3740 2534 3796 Non
2574 3745 2758 3809 potest
2797 3735 2974 3789 Filius
3010 3747 3040 3786 a
3077 3732 3260 3800 seipso
3303 3727 3485 3782 facere
3524 3722 3686 3793 quid-

2109 3814 2274 3907 quam
2301 3875 2316 3900 ,
2351 3833 2464 3889 nisi
2499 3831 2649 3902 quod
2686 3827 2886 3883 viderit
2927 3826 3144 3879 Patrem
3191 3820 3508 3875 facientem.
3552 3814 3685 3880 Quae

2109 3904 2256 3982 enim
2325 3924 2420 3979 ille
2481 3922 2642 3987 facit,
2699 3919 2891 3974 eadem
2948 3924 3004 3971 et
3053 3913 3228 3968 Filius
3284 3909 3536 3965 similiter
3604 3904 3686 3957 fa-

2109 4017 2185 4073 cit
2208 4017 2274 4068 ".
2304 4033 2322 4065 ›
2355 4013 2415 4067 ln
2440 4027 2506 4068 eo
2539 4012 2686 4067 enim
2722 4007 2868 4079 quod
2912 4011 3098 4076 potest
3142 4002 3332 4058 eadem
3364 4014 3458 4068 per
3499 3995 3684 4050 omnia

2111 4107 2295 4162 facere
2322 4119 2443 4174 qua:
2472 4109 2605 4158 sunt
2634 4100 2728 4155 Dei
2757 4115 2822 4153 ac
2851 4096 3034 4150 Patris
3055 4134 3070 4159 ,
3104 4103 3154 4146 et
3179 4089 3400 4160 operari
3430 4086 3687 4142 similiter

2111 4212 2175 4251 ac
2207 4196 2390 4260 Pater,
2423 4193 2766 4248 identitatem
2801 4186 3001 4257 probat
3035 4197 3147 4238 suae
3179 4175 3520 4235 substantiae.
3555 4174 3690 4239 Qua}

2111 4288 2258 4343 enim
2283 4285 2530 4341 eamdem
2563 4281 2759 4338 sortita
2789 4286 2919 4334 sunt
2951 4282 3206 4329 naturam
3231 4311 3246 4336 ,
3281 4271 3537 4328 similiter
3564 4283 3687 4336 ope-

2112 4385 2310 4434 rantur
2341 4394 2357 4432 :
2389 4374 2591 4446 quibus
2625 4378 2809 4424 autem
2844 4365 3068 4422 essendi
3115 4363 3258 4417 ratio
3301 4368 3384 4416 est
3429 4357 3684 4422 diversa,

2113 4471 2201 4526 bis
2228 4467 2418 4536 utique
2451 4478 2564 4519 non
2594 4461 2702 4516 erit
2731 4459 2874 4514 idem
2905 4456 2958 4510 in
2985 4453 3246 4509 omnibus
3275 4447 3542 4520 operandi
3572 4460 3693 4500 mo-

2112 4564 2240 4618 dus.
2284 4559 2454 4631 Igitur
2484 4563 2543 4612 ut
2577 4553 2722 4608 Deus
2751 4565 2916 4605 verus
2947 4564 3013 4604 ex
3055 4547 3164 4602 Deo
3195 4543 3356 4598 Patre
3391 4555 3549 4604 vero,
3593 4551 3688 4593 ea-

2112 4655 2238 4710 dem
2273 4665 2405 4706 eum
2437 4647 2534 4703 illo
2569 4645 2753 4700 facere
2784 4655 2844 4696 se
2875 4653 3041 4710 posse
3073 4637 3186 4700 ait,
3224 4632 3320 4689 sed
3358 4640 3416 4685 ut
3452 4645 3562 4684 non
3595 4643 3690 4683 so-

2112 4747 2227 4800 lum
2257 4744 2472 4798 virtute
2503 4737 2734 4808 aequalis
2765 4750 2885 4790 esse
2914 4730 3069 4786 Patri
3106 4728 3378 4789 videatur,
3415 4723 3510 4779 sed
3539 4724 3690 4792 ejus-

2078 4877 2082 4883 -
2112 4838 2236 4894 dem
2262 4852 2357 4906 per
2380 4833 2567 4889 omnia
2595 4829 2884 4887 sententia
2904 4866 2919 4892 ,
2946 4833 3000 4879 et
3035 4836 3200 4877 unam
3237 4821 3291 4874 in
3326 4819 3542 4872 cunctis
3579 4815 3678 4868 ba-

2115 4929 2247 4984 bere
2269 4927 2607 4980 voluntatem
2630 4964 2645 4988 ,
2670 4923 2745 4975 ait
2766 4937 2825 4976 se
2850 4934 2959 4973 non
2985 4931 3147 4988 posse
3174 4914 3355 4968 facere
3385 4909 3688 4980 quidquam

2116 5035 2145 5074 a
2183 5020 2394 5090 seipso,
2423 5017 2535 5072 nisi
2563 5015 2762 5070 viderit
2789 5012 3004 5066 Patrem
3032 5008 3352 5064 facientem.
3388 5004 3530 5058 Idem
3559 5012 3689 5052 vero

2114 5119 2200 5168 est
2236 5085 2300 5165 ac
2337 5110 2384 5166 si
2421 5109 2572 5163 dicat
2604 5105 2823 5177 planius
2859 5101 2926 5157 ad
2960 5115 3058 5156 eos
3090 5098 3183 5169 qui
3217 5097 3287 5150 ob
3319 5094 3592 5149 hominem
3633 5085 3692 5140 in

2115 5203 2204 5258 die
2234 5200 2466 5257 Sabbati
2515 5205 2774 5251 sanatum
2830 5194 3010 5263 ipsum
3063 5186 3522 5242 insectabantur:
3559 5177 3688 5229 Exi-

2118 5295 2358 5352 stimatis
2395 5291 2622 5347 Sabbati
2657 5290 2921 5344 honorem
2945 5299 3068 5340 esse
3089 5280 3392 5340 violatum;
3422 5271 3516 5326 sed
3554 5285 3687 5322 nus-

2115 5401 2278 5456 quam
2315 5383 2465 5440 istud
2500 5381 2754 5437 fecissem
2778 5417 2792 5441 ,
2839 5377 2957 5447 {nisi
3004 5371 3248 5427 viderem
3280 5364 3500 5416 Patrem
3534 5357 3690 5412 simi-

2121 5479 2245 5533 liter
2281 5477 2498 5538 facere,
2552 5472 2646 5542 qui
2700 5485 2822 5540 quae
2878 5466 2943 5520 ad
2995 5453 3449 5515 constitutionem
3497 5448 3698 5502 mundi.

2120 5569 2400 5640 pertinent
2430 5566 2596 5621 etiam
2633 5561 2894 5621 Sabbato,
2931 5557 3248 5624 quanquam
3285 5557 3381 5611 per
3414 5555 3534 5601 me,
3557 5551 3686 5637 porr

2118 5626 2247 5730 agit.
2300 5656 2445 5712 Fieri
2499 5669 2608 5709 non
2647 5657 2819 5722 potest
2853 5647 3038 5717 igitur,
3093 5632 3312 5702 inquit,
3365 5641 3423 5686 ut
3475 5626 3572 5698 qni
3621 5639 3697 5680 ωε
