4078 6262
979 345 1001 380 9

407 401 508 458 351

1424 401 1480 458 S.
1530 401 1812 460 CYBILLI
1848 402 2322 461 ALEXANDRIM
2350 403 2672 462 ARClllEP.

3560 399 3673 456 552

409 517 533 586 ipso
563 514 869 572 secundum
901 522 1153 571 naturam
1212 523 1299 572 est
1357 517 1560 586 Filius,
1621 536 1730 574 non
1795 518 1985 591 utique

2102 520 2222 593 πρὸς
2262 520 2520 574 σύστασιν
2570 519 2774 590 κόσμου
2819 515 2914 571 καὶ
2957 514 3097 570 κατά
3151 514 3448 578 Σάϐϐατον,
3483 513 3534 568 εἰ
3580 507 3674 568 καὶ

408 609 468 664 in
526 609 788 666 omnibus
850 625 973 680 quae
1005 609 1186 666 Patris
1216 619 1344 667 sunt
1411 622 1672 684 speretur
1716 628 1781 669 ac
1818 614 1984 683 velit,

409 715 521 755 non
559 703 717 772 quasi
769 702 991 758 aliunde
1044 713 1305 773 tanquam
1342 718 1372 758 a
1420 706 1687 776 magistro
1739 705 1985 762 faciendi

409 791 726 861 exemplum
765 792 1042 862 accipiat,
1075 801 1168 865 aut
1203 794 1376 849 etiam
1412 796 1715 854 voluntatis
1745 797 1985 867 impulsu

413 889 476 936 ut
522 883 714 938 eadem
747 895 872 934 cum
914 882 1076 940 Patre
1104 885 1238 940 velit
1271 885 1544 956 adigatur,
1577 887 1674 943 sed
1709 885 1858 958 quod
1888 901 1987 942 na-

412 979 556 1028 tura:
590 974 950 1029 immutabilis
985 976 1204 1046 legibus
1233 977 1303 1031 ad
1333 978 1584 1034 eamdem
1610 994 1736 1034 cum
1771 979 1882 1036 Deo
1918 994 1984 1036 ac

412 1062 576 1121 Patre
605 1066 943 1122 voluntatem
971 1074 1026 1121 et
1055 1068 1326 1124 actionem
1358 1069 1639 1125 efferatur.
1670 1069 1791 1126 Non
1819 1087 1987 1142 posse

411 1155 559 1210 enim
586 1172 616 1211 a
645 1159 826 1227 seipso
858 1157 1035 1213 facere
1059 1159 1357 1230 quidquam
1379 1201 1394 1226 ,
1422 1161 1510 1219 his
1539 1162 1777 1218 maxime
1802 1163 1988 1218 conli-

413 1256 598 1302 netur.
630 1248 710 1302 lta
740 1251 826 1318 pie
858 1252 1234 1320 cogitantibus
1265 1252 1509 1308 arbitror
1547 1273 1565 1306 ι
1592 1255 1986 1324 captivandum

411 1349 537 1391 esse
563 1350 780 1391 omnem
809 1338 1149 1396 intellectum
1182 1341 1237 1397 in
1269 1341 1596 1415 obsequium
1627 1344 1834 1402 Christi
1866 1346 1935 1411 ³³,
1962 1363 1982 1397 ι

413 1423 561 1482 sicut
583 1427 855 1498 scriptum
883 1436 992 1486 est.

484 1687 591 1744 Sed
622 1690 948 1746 reclamabit
975 1690 1165 1749 forsan
1195 1695 1451 1754 veritatis
1481 1697 1694 1765 hostis,
1723 1707 1777 1756 et
1804 1716 1994 1758 amen-

411 1780 503 1834 tiae
537 1797 651 1837 sua:
683 1783 950 1853 pabulum
983 1787 1154 1840 veluti
1189 1788 1467 1857 quoddam
1508 1791 1560 1846 id
1595 1793 1741 1862 quod
1781 1793 1991 1850 dictum

2089 609 2154 664 δι’
2184 609 2339 681 ἐμοῦ.
2375 608 2659 664 Ἀδύνατον
2702 600 2795 661 οῦν
2840 605 2978 677 ἐμὲ,
3029 603 3225 674 φησὶν,
3262 604 3354 656 τὸν
3404 601 3464 666 ἐξ
3507 601 3672 654 αὐτοῦ

2091 701 2233 756 κατά
2259 701 2420 772 φύσιν
2462 701 2613 768 Υίὺν,
2649 699 2724 771 μὴ
2756 698 2878 769 οὐχὶ
2921 697 3137 759 πάντως
3181 695 3239 749 ἐν
3284 695 3420 749 πᾶσι
3461 692 3533 746 τὰ
3579 691 3674 746 τοῦ

2091 789 2307 860 Πατρὸς
2347 790 2587 859 ἐνεργεῖν
2638 805 2700 841 τε
2741 787 2835 840 καὶ⁵
2888 784 3189 856 βούλεσθαι,
3222 783 3320 853 οὐχ
3356 783 3433 845 ὡς
3480 781 3679 846 ἔξωθεν

2091 879 2325 934 λαϐόντα
2356 879 2618 943 διδακτῶς
2647 878 2737 932 τὸν
2771 876 2864 932 τοῦ
2892 878 3068 931 ποιεῖν
3110 874 3496 950 ὑπογραμμὸν,
3521 874 3552 944 ἢ
3585 874 3679 928 καὶ

2093 971 2158 1024 ἐκ
2181 969 2567 1042 προαιρετικοῦ
2596 970 2897 1040 κινήματος
2924 968 3014 1020 ἐπὶ
3039 967 3099 1020 τὸ
3123 966 3190 1020 τά
3223 965 3360 1019 αὐτά
3388 964 3677 1034 βούλεσθαι

2091 1059 2172 1132 τῷ
2208 1062 2384 1132 Πατρὶ
2422 1060 2780 1132 κεκλημένον,
2817 1060 2933 1116 ἀλλ’
2969 1059 3046 1122 ὡς
3077 1057 3289 1128 φύσεως
3328 1057 3678 1129 ἀπαραποιήρ

2092 1170 2185 1206 του
2221 1153 2405 1224 νόμοις
2445 1153 2539 1207 ἐπὶ
2585 1153 2684 1225 τὴν
2727 1155 2848 1224 ῐσην
2894 1151 3251 1207 ἀναϐαίνοντα
3292 1151 3371 1222 τῷ
3418 1150 3538 1221 Θεῷ
3582 1151 3678 1204 καὶ

2094 1244 2272 1314 Πατρὶ
2327 1242 2521 1316 βουλήν
2571 1261 2632 1297 τε
2694 1244 2789 1298 καὶ
2844 1243 3062 1315 πρᾶξιν.
3117 1243 3192 1296 Τὸ
3243 1243 3352 1314 γάρ
3418 1242 3678 1296 δύνασθαι

2095 1337 2269 1389 ποιεῖν
2302 1337 2396 1406 ἀφ’
2425 1335 2618 1390 ἑαυτοῦ
2661 1335 2845 1406 μηδὲν,
2879 1336 2936 1390 ἐν
2981 1335 3192 1398 τούτοις
3235 1331 3292 1389 εῦ
3341 1335 3484 1406 μάλα
3521 1351 3677 1405 περι-

2094 1427 2355 1498 ορίξεται.
2410 1427 2594 1494 Οὐτως
2647 1425 2798 1500 οἶμαι
2855 1429 3054 1501 χρῆναι
3099 1428 3354 1492 νοοῦντας
3415 1429 3674 1494 εὐσεϐῶς,

2103 1537 2122 1571 ι
2165 1519 2582 1590 αἰχμαλωτίζειν
2629 1521 2738 1574 πᾶν
2791 1522 2972 1592 νόημα
3017 1522 3097 1586 είς
3148 1522 3248 1594 τὴν
3287 1519 3534 1591 ὑπακοὴν
3581 1519 3676 1572 τοῦ

2096 1610 2354 1681 Χριστοῦ,
2392 1629 2410 1662 ι
2442 1610 2582 1664 καθὰ
2615 1611 2947 1683 γέγραπται.

2167 1698 2481 1769 Ἀπειθήσει
2512 1699 2570 1754 δὲ
2607 1698 2734 1764 ἴσως
2779 1703 2808 1754 6
2850 1703 2914 1772 τῇ
2963 1700 3189 1771 ἀληθεία
3223 1702 3548 1774 μαχόμενος,
3584 1700 3679 1754 καὶ

2098 1790 2300 1863 τροφὴν
2328 1790 2515 1864 ὥσπερ
2548 1791 2668 1844 τινα
2694 1793 2792 1862 τῆς
2818 1791 3010 1845 ἐαυτοῦ
3044 1793 3362 1857 δυσϐουλίας
3394 1795 3676 1864 ποιήσεται

411 1878 498 1923 est
527 1873 792 1939 arripiet,
824 1881 991 1944 atque
1020 1875 1107 1932 his
1138 1877 1242 1932 nos
1273 1879 1490 1948 urgebit
1519 1899 1531 1935 :
1563 1881 1619 1936 Si
1651 1893 1735 1937 est
1761 1885 1990 1954 aequalis

2102 1880 2153 1933 τὸ
2178 1879 2499 1952 εἰρημένον·
2534 1879 2705 1953 Εἴπερ
2737 1876 2804 1950 ἦν
2833 1882 2891 1934 ἐν
2925 1882 3151 1952 ἰσότητι,
3194 1881 3388 1950 λέγων,
3418 1881 3513 1935 τοῦ
3560 1883 3674 1935 Ila-

413 1959 564 2016 Patri
600 1962 798 2028 Filius,
828 1968 1035 2021 nullam
1063 1969 1112 2024 ei
1142 1971 1523 2026 excellentiam
1553 1978 1869 2032 necessario
1898 1979 1997 2033 tri-

415 2051 626 2120 buens,
667 2066 895 2129 propter
935 2071 1146 2117 natura;
1198 2079 1313 2118 sua:
1351 2064 1652 2133 defectum,
1705 2069 1837 2138 quid
1871 2085 1998 2125 eum

417 2145 608 2218 adegit
646 2158 707 2203 ut
745 2158 858 2206 tam
898 2163 1087 2221 aperte
1126 2155 1340 2212 diceret
1393 2173 1501 2212 non
1544 2174 1710 2228 posse
1746 2175 1775 2214 a
1813 2161 1998 2231 seipso

417 2235 603 2295 facere
656 2243 994 2314 quidquam,
1055 2247 1165 2303 nisi
1215 2249 1414 2304 viderit
1465 2249 1689 2306 Patrem
1723 2253 2000 2324 2161⁵³-

417 2330 706 2387 cientem?
742 2333 900 2390 Clare
929 2337 1078 2392 enim
1119 2339 1176 2394 in
1207 2339 1329 2406 his,
1368 2341 1552 2411 inquit
1573 2381 1588 2406 ,
1623 2341 1828 2398 fatetur
1859 2345 1999 2402 nihil

417 2422 581 2493 plane
613 2439 680 2480 ex
715 2427 902 2498 seipso
935 2427 1118 2486 facere
1161 2447 1325 2502 posse
1347 2471 1363 2498 ,
1413 2441 1475 2488 ut
1511 2435 1606 2504 qui
1648 2437 2001 2505 praestantio-

416 2530 537 2570 rem
569 2524 624 2571 et
654 2519 1103 2575 excellentiorem
1140 2532 1423 2594 agnoscat.
1455 2525 1537 2580 Tu
1573 2541 1704 2582 vero
1735 2527 1801 2582 ad
1833 2543 1998 2598 argu-

419 2606 527 2662 tias
577 2615 704 2665 tuas
760 2611 944 2666 denuo
991 2615 1308 2671 reverteris.
1362 2615 1506 2683 Quid
1555 2618 1728 2689 igitur
1771 2621 1838 2672 ad
1885 2620 2002 2676 haec

419 2712 587 2768 porro
615 2699 912 2758 dicemus?
947 2702 1006 2758 In
1043 2705 1416 2777 blasphemias
1450 2709 1660 2765 Christi
1703 2711 1879 2767 hostis
1910 2713 1999 2767 in-

418 2788 689 2857 valescit,
720 2807 899 2863 neque
938 2810 1005 2850 ex
1048 2795 1326 2868 imperitia
1363 2801 1580 2856 ebrium
1621 2817 1681 2856 se
1715 2803 1994 2874 intelligit.

420 2878 661 2935 Decebat
685 2883 889 2953 quippe
909 2925 923 2950 ,
948 2899 981 2938 o
1012 2885 1158 2942 bone
1180 2928 1194 2953 ,
1222 2887 1334 2942 vim
1360 2896 1414 2944 et
1451 2891 1780 2945 sententiam
1807 2906 1998 2947 eorum

420 2986 544 3040 quae
586 2971 852 3028 dicuntur
901 2978 1228 3047 exquirere,
1283 2995 1395 3036 non
1441 2991 1648 3039 temere
1695 2984 1996 3051 insultare,

420 3063 736 3120 rationibus
764 3065 1059 3136 imperitis.
1089 3069 1380 3136 Quomodo
1409 3073 1557 3128 enim
1588 3075 1657 3130 de
1686 3075 2000 3146 aequalitate

421 3169 548 3210 cum
574 3153 736 3212 Patre
763 3156 1178 3215 deturbandum
1210 3177 1335 3217 esse
1367 3162 1570 3219 Filium
1605 3175 1768 3236 putas
1791 3206 1806 3230 ,
1837 3181 1904 3220 ex
1932 3180 1998 3221 eo

421 3243 572 3314 quod
607 3243 743 3299 dicit
799 3261 912 3301 non
947 3264 1114 3319 posse
1151 3265 1178 3304 a
1223 3253 1410 3322 seipso
1440 3234 1623 3310 facere
1653 3255 1952 3326 quidquam
1979 3293 1996 3320 ,
2025 3234 2069 3294 (ἶ

423 3333 532 3390 nisi
573 3335 779 3391 viderit
819 3337 1038 3395 Patrem
1082 3341 1422 3400 facientem?
1469 3346 1554 3400 An
1606 3345 1756 3400 enim
1807 3347 2001 3404 isthmc

424 3426 693 3498 loquitur,
735 3431 896 3501 quasi
942 3449 1052 3488 non
1097 3435 1172 3490 sit
1218 3437 1418 3506 aequali
1451 3438 1659 3495 virtute
1692 3439 2003 3510 praeditus?

422 3519 588 3588 Atqui
628 3521 718 3576 vel
755 3537 824 3576 ex
859 3525 1043 3580 verbis
1099 3528 1398 3596 propositis
1454 3531 1639 3598 potius
1679 3531 1868 3586 videre
1913 3537 2002 3586 est

424 3605 624 3662 Filium
661 3611 912 3680 ejusdem
945 3629 1068 3669 esse
1099 3630 1226 3669 cum
1258 3617 1402 3672 Filio
1433 3618 1654 3675 virtutis
1675 3659 1690 3682 ,
1722 3636 1887 3690 quam
1917 3621 2004 3676 di-

424 3699 555 3755 vina
586 3716 782 3757 carere
816 3703 1040 3760 virtute.
1077 3705 1196 3760 Non
1225 3709 1372 3761 enim
1401 3708 1587 3764 dicere
1618 3711 1855 3776 videtur,
1883 3711 2002 3767 Non

425 3799 609 3861 potest
637 3789 815 3847 Filius
844 3808 873 3846 a
904 3795 1088 3864 seipso
1118 3796 1302 3851 facere
1335 3797 1637 3869 quidquam
1657 3839 1673 3864 ,
1705 3801 1812 3857 nisi
1843 3816 2006 3858 acce-

425 3881 573 3951 perit
605 3888 936 3951 potcstatem
978 3897 1008 3937 a
1035 3882 1199 3940 Patre
1231 3885 1376 3955 (hoc
1408 3887 1556 3942 enim
1603 3888 1826 3955 dicere,
1874 3906 2005 3961 pro-

425 3971 576 4026 tecto
616 3981 765 4027 esset
792 3973 1005 4030 viribus
1032 3973 1272 4046 defecti)
1298 3994 1314 4045 ;
1341 3977 1470 4043 sed,
1502 3995 1522 4030 ι
1551 3979 1658 4035 nisi
1689 3979 1884 4037 viderit
1910 3981 2006 4036 Pa-

426 4073 564 4120 trem
595 4064 912 4121 facientem.
939 4086 958 4120 ι
982 4067 1141 4135 Quod
1171 4078 1352 4126 autem
1378 4069 1598 4128 videndi
1622 4087 1788 4129 sensu
1819 4073 1889 4130 ad
1915 4089 2006 4132 res

424 4159 847 4228 perspiciendas
876 4176 1165 4227 vocemur,
1198 4177 1308 4218 non
1345 4173 1526 4221 autem
1575 4165 1814 4235 majores
1855 4165 2006 4224 vires

424 4251 797 4321 accipiamus,
841 4253 1218 4310 iuliciaturutn
1254 4257 1457 4328 opinor
1491 4260 1790 4314 neminem.
1829 4261 2009 4330 Igitur

423 4357 552 4398 cum
580 4342 753 4401 Filius
782 4344 920 4401 dicit
948 4363 1007 4403 se
1035 4347 1216 4405 Patris
1245 4364 1413 4420 opera
1436 4349 1625 4407 videre
1648 4391 1663 4416 ,
1686 4366 1795 4406 non
1828 4349 2005 4422 signi-

424 4436 552 4492 ficat
576 4452 635 4493 se
655 4438 991 4494 imbecillum
1011 4456 1156 4507 esse,
1175 4442 1272 4498 sed
1297 4443 1628 4500 imitatorem
1654 4445 1842 4515 potius
1865 4485 1880 4512 ,
1908 4455 2008 4501 aut

424 4537 790 4598 spectatorem
812 4570 827 4595 ,
863 4542 1030 4602 prout
1065 4534 1122 4588 in
1157 4536 1520 4605 sequentibus
1558 4538 1881 4593 accuratius
1915 4537 2005 4592 di-
2038 4572 2085 4628 Β

425 4634 633 4676 cemus.
673 4620 832 4687 Quod
862 4631 1048 4679 autem
1083 4639 1181 4694 per
1209 4627 1455 4682 eamdem
1489 4634 1544 4682 et
1575 4627 1912 4682 simillimam
1946 4629 2004 4684 in

424 4711 686 4767 omnibus
718 4714 1095 4784 operationem
1116 4717 1344 4786 atqualis
1375 4733 1500 4774 esse
1519 4725 1787 4789 potestate
1815 4717 2006 4774 videa-

427 4808 540 4864 tur,
567 4802 688 4870 ipse
715 4804 866 4859 clare
899 4805 1125 4862 docebit
1150 4809 1205 4862 in
1228 4811 1590 4880 sequentibus
1622 4812 1691 4867 de
1719 4827 1822 4869 suo
1840 4811 2005 4870 Patre

429 4891 676 4948 subdens
707 4911 721 4946 :
753 4913 771 4945 ι
803 4895 1161 4968 Quaecunque
1191 4901 1340 4956 enim
1371 4902 1468 4958 ille
1498 4901 1726 4967 fecerit,
1781 4903 1899 4959 haec
1948 4911 2004 4960 et

430 4981 604 5036 Filius
636 4983 894 5040 similiter
938 4986 1091 5044 facit.
1131 5009 1150 5041 ι
1179 4989 1467 5056 Quomodo
1495 5009 1629 5064 ergo
1673 4995 1855 5050 minor
1882 5002 2006 5060 est,

430 5073 525 5143 qui
554 5073 862 5143 aequalibus
889 5091 1014 5132 cum
1049 5078 1157 5134 Deo
1192 5095 1256 5135 ac
1285 5081 1449 5137 Patre
1477 5085 1896 5153 operationibus
1926 5092 2012 5140 est

431 5165 812 5237 conspicuus?
841 5165 1102 5238 Nunquid
1150 5171 1296 5224 enim
1328 5173 1472 5241 ignis
1507 5173 1660 5227 aliud
1692 5174 2011 5242 operabitur

430 5273 594 5328 quam
651 5259 832 5331 ignis,
891 5260 1042 5314 nulla
1090 5261 1146 5315 in
1194 5263 1476 5331 cperando
1528 5262 1837 5318 mutatione
1888 5278 2012 5332 per-

431 5351 637 5421 cepta?
667 5352 772 5417 Qui
809 5367 1050 5422 namque
1083 5351 1136 5406 id
1163 5351 1280 5407 fieri
1314 5353 1534 5422 possit?
1563 5352 1852 5418 Quomodo
1880 5367 2010 5425 ergo

432 5443 626 5499 eadem
661 5447 989 5516 operabitur
1017 5461 1143 5516 qua:
1187 5445 1397 5512 Filius,
1435 5447 1480 5502 si
1520 5445 1730 5501 idcirco
1771 5448 2007 5504 minoris

435 5532 659 5590 virtutis
685 5553 810 5593 esse
843 5539 1149 5595 censetur?
1190 5538 1368 5609 Atque
1409 5538 1527 5594 haec
1570 5539 1793 5610 quidem
1842 5539 2004 5596 nobis

438 5638 502 5678 ex
546 5623 696 5679 dicto
742 5631 1024 5701 praposito
1065 5632 1229 5688 allata
1276 5637 1408 5689 sunt
1453 5630 2000 5703 impraesentiarum;

513 5800 558 5836 ⁸⁸
581 5800 623 5855 ΙΙ
651 5802 776 5858 Cor.
819 5824 874 5873 tt,
891 5813 943 5866 ὅ.

2097 1973 2225 2045 τρὸς
2273 1975 2301 2027 6
2352 1973 2515 2038 Υἱὸς,
2559 1974 2814 2045 οὐδεμίαν
2865 1974 3152 2045 ἀπονέμων
3200 1975 3276 2039 ὡς
3329 1975 3388 2041 ἐξ
3434 1976 3678 2047 ἀνάγκης

2098 2064 2246 2136 αὐτῷ
2270 2064 2368 2137 τὴν
2403 2065 2694 2136 ὑπεροχὴν,
2715 2065 2803 2119 διά
2824 2065 2884 2118 τὸ
2909 2065 3008 2136 τῆς
3029 2066 3233 2131 οἰκείας
3263 2067 3478 2137 φύσεως
3502 2084 3678 2138 μειον-

2097 2154 2228 2226 έκτη
2239 2173 2334 2226 μα,
2355 2155 2408 2209 τί
2447 2156 2506 2208 τὸ
2535 2155 2792 2220 πεπεικὸς
2819 2155 2993 2220 οὕτως
3025 2157 3188 2211 αὐτὸν
3209 2158 3677 2222 ἀκατακαλύπτως

2098 2247 2292 2313 εἰπεῖν,
2327 2245 2401 2317 μὴ
2446 2245 2702 2300 δύνασθαι
2747 2249 2920 2300 ποιεῖν
2965 2246 3058 2315 ἀφ’
3112 2247 3306 2301 ἑαυτοῦ
3350 2248 3536 2319 μηδὲν,
3584 2247 3678 2302 ἐὰν

2101 2337 2232 2409 μήτι
2272 2336 2444 2411 βλέπῃ
2487 2337 2580 2392 τὸν
2625 2337 2844 2410 Πατέρα
2896 2338 3185 2406 ποιοῦντα;
3227 2340 3420 2409 Σαφῶς
3466 2341 3574 2413 γάρ
3619 2341 3678 2393 ἐν

2096 2427 2325 2496 τούτοις,
2374 2429 2559 2498 φησὶν,
2606 2429 2860 2500 ὁμολογεῖ
2897 2431 3061 2501 μηδὲν
3091 2432 3227 2498 ὅλως
3265 2431 3326 2498 ἐξ
3353 2431 3548 2486 ἐαυτοῦ
3585 2432 3675 2485 δύ-

2098 2519 2289 2574 νασθαι
2329 2523 2533 2583 ποιεῖν,
2576 2519 2651 2584 ὡς
2703 2520 2861 2584 εἰδὼς
2907 2521 3148 2592 δηλονότι
3198 2523 3289 2577 τὸν
3335 2524 3545 2594 ἀμείνω
3586 2523 3676 2577 καὶ

2099 2609 2452 2680 ὑπερέχοντα.
2492 2609 2563 2662 Σὺ
2613 2608 2670 2662 δὲ
2725 2604 2792 2662 αὖ
2843 2609 3006 2663 πάλιν
3043 2611 3173 2681 ἡμῖν
3211 2609 3548 2681 κατασοφίζῃ
3587 2609 3679 2662 τὸν

2098 2699 2271 2768 λόγον.
2304 2700 2368 2752 Τί
2407 2695 2498 2755 οῦν
2535 2700 2671 2772 πρὸς
2709 2700 2906 2767 ταῦτα,
2947 2701 3042 2756 καὶ
3083 2705 3210 2772 παρ’
3241 2703 3430 2774 ήμῶνς
3472 2699 3678 2773 Ἀνδρί-

2100 2791 2250 2855 ζεται
2278 2791 2437 2845 πάλιν
2487 2793 2568 2856 εἰς
2607 2792 2917 2863 δυσφημίας
2952 2793 2980 2844 6
3013 2794 3398 2864 χριστομάχος,
3447 2793 3543 2847 καὶ
3582 2809 3678 2864 με-

2099 2883 2243 2936 θύων
2276 2883 2334 2948 ἐξ
2370 2882 2728 2947 ἀπαιδευσίας
2765 2885 2864 2936 οὐκ
2913 2883 3250 2938 αἰσθάνεται.
3282 2885 3434 2955 Χρῆν
3472 2883 3602 2955 γὰρ,
3631 2877 3677 2936 ὦ

2101 2973 2374 3045 βέλτιστε,
2427 2973 2738 3045 δοκιμάζειν
2783 2974 3026 3048 ἀκριϐῶς
3067 2975 3175 3030 τῶν
3222 2977 3528 3047 εἰρημένων
3578 2975 3677 3046 τὴν

2098 3063 2346 3136 δύναμιν,
2384 3064 2476 3117 καὶ
2517 3065 2590 3136 μὴ
2629 3065 2934 3137 προχείρως
2981 3065 3250 3136 ἐπιπηδᾷν
3293 3069 3408 3130 τοῖς
3445 3066 3504 3132 ἐξ
3536 3067 3678 3137 ἀμα-

2100 3157 2221 3220 θίας
2261 3157 2588 3210 εἰσϐαίνουσι
2630 3157 2928 3227 λογισμοῖς.
2980 3159 3137 3211 Κατά
3174 3157 3294 3211 τίνα
3327 3158 3435 3230 γάρ
3477 3160 3678 3230 τρόπον

2100 3251 2200 3321 τῆς
2247 3250 2490 3321 ἰσότητος
2537 3251 2637 3320 τῆς
2692 3251 2826 3321 πρὸς
2867 3251 2960 3304 τὸν
3015 3251 3234 3322 Πατέρα
3290 3251 3678 3320 κατακομίζειν

2099 3338 2200 3391 οῐει
2247 3339 2441 3409 χρῆναι
2491 3339 2584 3392 τὸν
2636 3339 2785 3403 Υἱδν,
2835 3339 2920 3392 διά
2967 3339 3061 3394 τοῦ
3099 3339 3262 3410 φάναι
3308 3341 3382 3411 μὴ
3420 3339 3686 3393 δύνασθαι.

2101 3432 2275 3485 ποιεῖν
2302 3431 2396 3500 ἀφ’
2417 3429 2607 3484 ἑαυτοῦ
2644 3431 2828 3502 μηδὲν,
2854 3431 2946 3484 ἐὰν
2980 3432 3109 3503 μήτι
3142 3430 3312 3502 βλέπῃ
3342 3431 3433 3484 τὸν
3461 3430 3682 3501 Πατέρα

2101 3520 2388 3588 ποιοῦντα;
2431 3517 2578 3594 Ἀρα
2609 3522 2716 3594 γὰρ
2744 3522 2819 3586 ὡς
2844 3522 2944 3576 οὐκ
2972 3521 3110 3592 ἔχων
3133 3525 3189 3576 ἐν
3215 3521 3438 3594 δύναμει
3476 3521 3537 3575 τὸ
3565 3518 3682 3574 ἴσον

2101 3613 2172 3668 τὰ
2196 3612 2419 3668 τοιαῦτά
2441 3630 2603 3684 φησι;
2637 3614 2811 3668 καίτοι
2839 3615 2933 3668 καὶ
2961 3614 3018 3680 ἐξ
3044 3613 3221 3668 αὐτῶν
3248 3613 3358 3668 τῶν
3384 3611 3681 3684 προκειμέ-

2103 3724 2209 3761 νων
2245 3706 2372 3760 ίδεῖν
2397 3704 2542 3759 ἐστιν
2573 3706 2949 3760 ἰσοσθενοῦντα
2995 3706 3071 3777 τῷ
3123 3706 3351 3776 φύσαντι
3385 3705 3478 3758 τὸν
3531 3705 3683 3770 Υἱὸν,

2102 3798 2249 3869 ἢπερ
2277 3795 2460 3866 ἰσχύος
2495 3798 2594 3867 τῆς
2623 3794 2960 3869 θεοπρεποῦς
2989 3796 3198 3850 ἐπιδεᾶ.
3240 3797 3313 3850 Οὐ
3343 3796 3452 3869 γὰρ
3498 3795 3683 3866 φαίνε-

2102 3907 2197 3944 ται
2222 3889 2420 3955 λέγων,
2452 3888 2526 3942 Οὐ
2559 3887 2779 3942 δύναται
2809 3891 2838 3941 6
2877 3888 3004 3952 Υἱὸς
3035 3891 3207 3944 ποιεῖν
3247 3889 3340 3960 ἀφ’
3363 3889 3558 3944 ἑαυτοῦ
3589 3889 3685 3945 οὐ·

2103 3980 2228 4048 δὲν,
2275 3979 2369 4033 ἐὰν
2411 3978 2486 4051 μὴ
2527 3980 2667 4053 λάϐῃ
2709 3979 2771 4032 τὸ
2809 3979 3065 4034 δύνασθαι
3110 3981 3260 4052 παρά
3302 3981 3396 4034 τοῦ
3435 3983 3682 4054 Πατρός’

2103 4073 2262 4127 τοῦτο
2289 4072 2401 4146 γάρ
2439 4067 2507 4144 ἦν
2532 4072 2698 4136 ὅντως
2713 4070 3067 4135 ἀσθενοῦντος
3083 4074 3255 4126 εἰπεῖν
3274 4091 3287 4104 ·
3331 4073 3467 4139 ἀλλ’,
3497 4092 3515 4124 ι
3559 4073 3683 4126 Ἐἀν

2109 4164 2182 4235 μή
2209 4180 2264 4217 τι
2302 4163 2473 4236 βλέπῃ
2504 4162 2594 4218 τὸν
2615 4162 2834 4233 Πατέρα
2867 4161 3147 4217 ποιοῦντα.
3183 4181 3202 4215 t
3231 4163 3350 4216 Ὅτι
3379 4163 3437 4216 δὲ
3465 4163 3552 4217 διὰ
3584 4163 3684 4234 τῆς

2105 4254 2338 4325 ὀπτικῆς
2369 4253 2674 4325 αἰσθήσεως
2705 4253 2805 4306 οὐκ
2837 4254 2918 4317 εἰς
2955 4253 3015 4307 τὺ
3051 4253 3413 4325 δυναμοῦσθαι
3462 4256 3684 4326 μᾶλλον,

2105 4344 2221 4401 ἀλλ’
2263 4347 2342 4410 εἰς
2384 4344 2618 4417 θεωρίαν
2661 4344 2760 4415 τὴν
2806 4343 2967 4398 τινῶν
3011 4344 3292 4400 καλεῖσθαι
3340 4347 3682 4418 πεφύκαμεν,

2107 4438 2519 4509 ἀντιστατήσειν
2548 4433 2702 4508 οἶμαι
2733 4435 2952 4506 μηδένα.
2982 4437 3190 4490 Οὐκοῦν
3218 4441 3332 4502 τοῖς
3372 4437 3465 4491 τοῦ
3495 4440 3685 4510 γεννή-

2112 4548 2304 4594 σαντος
2341 4529 2522 4602 ἔργοις
2558 4527 2882 4592 ἐνατενίζειν
2905 4529 3093 4582 ἐαυτὸν
3116 4529 3350 4602 εἰρηκὼς
3375 4531 3403 4584 6
3436 4530 3565 4593 Υἱὸς
3587 4529 3685 4583 οὐκ

2111 4623 2438 4678 ἀσθενοῦντα
2470 4621 2725 4687 δεικνύει,
2776 4620 3020 4692 ζηλωτὴν
3064 4621 3122 4675 δέ
3168 4622 3386 4693 μᾶλλον,
3412 4623 3530 4694 ἦτοι
3559 4623 3684 4676 Θεα-

2111 4713 2231 4784 τὴν,
2271 4713 2367 4767 καὶ
2412 4712 2560 4776 ὅπως
2609 4712 2999 4785 ἀκριϐέστερον
3047 4715 3178 4784 ἡμῖν
3227 4716 3283 4768 ἐν
3330 4717 3443 4779 τοῖς
3493 4713 3688 4784 ἐφεξῆς

2111 4804 2410 4876 εἰρήσεται.
2437 4803 2558 4855 Ὀτι
2585 4802 2641 4856 δὲ
2667 4803 2756 4858 διά
2792 4803 2889 4875 τῆς
2914 4803 3334 4874 ἀπαραλλάκτου
3377 4805 3470 4858 καὶ
3508 4805 3687 4875 ὁμοιο-

2111 4895 2278 4966 τάτης
2302 4894 2602 4965 ἐνεργείας,
2628 4897 2728 4965 τῆς
2767 4897 2848 4958 εἰς
2881 4894 3095 4949 ἅπαντα
3117 4897 3284 4965 φημὶ,
3306 4895 3367 4948 τὸ
3402 4891 3521 4949 ἶσον
3554 4897 3688 4966 ἔχων

2115 4989 2174 5040 ἐν
2207 4988 2274 5057 τῇ
2314 4984 2538 5055 δυνάμει
2579 4984 2849 5052 φαίνεται,
2889 4985 3089 5050 διδάξει
3138 4985 3326 5056 σαφῶς
3367 4988 3425 5040 ἐν
3455 4989 3568 5050 τοῖς
3603 4989 3691 5054 ἐφ-

2117 5078 2246 5148 εξῆς
2265 5076 2531 5145 ἐπιλέγων
2557 5076 2718 5140 αὐτὸς
2739 5076 2814 5140 ὡς
2848 5076 2973 5148 περὶ
2997 5077 3090 5130 τοῦ
3125 5077 3254 5130 ἰδίου
3290 5078 3504 5149 Πατρός
3524 5095 3537 5109 ·
3569 5097 3588 5130 ι
3625 5079 3693 5132 Ἃ

2119 5173 2226 5243 γὰρ
2246 5171 2312 5225 ἀν
2343 5171 2548 5234 ἐκεῖνος
2574 5172 2726 5240 ποιῇ,
2757 5168 2929 5222 ταῦτα
2951 5167 3046 5222 καὶ
3071 5169 3098 5220 6
3119 5169 3246 5233 Υἱὸς
3273 5170 3473 5240 ὁμοίως
3493 5172 3686 5223 ποιεῖ..

2121 5261 2246 5325 Πῶς
2268 5253 2362 5314 οῦν
2385 5259 2622 5314 ἐλάττων
2673 5256 2841 5320 ἐστὶν,
2865 5257 2893 5307 6
2933 5257 3057 5318 ταῖς
3104 5257 3416 5328 ἰσοῤῥόποις
3455 5257 3534 5328 τῷ
3577 5259 3694 5321 Θεῷ

2119 5355 2213 5407 καὶ
2255 5353 2429 5425 Πατρὶ
2476 5350 2778 5421 διαπρεπὴς
2833 5348 3168 5419 ἐνεργείαιςς
3233 5350 3549 5422 Ἐνεργήσει
3589 5355 3698 5421 γὰρ

2117 5446 2225 5516 ἄρα
2284 5445 2354 5499 τά
2398 5443 2568 5514 πυρὸς
2605 5441 2792 5510 ἕτερόν
2833 5459 2884 5494 τι
2932 5440 3085 5512 παρά
3125 5440 3186 5493 τὸ
3244 5441 3394 5512 πῦρ,
3443 5441 3698 5512 οὐδεμιᾶς

2117 5537 2237 5592 κατ’
2278 5536 2560 5605 ἐνέργειαν
2610 5532 2991 5603 θεωρουμένης
3051 5532 3389 5601 ἐξαλλαγῆς;
3432 5533 3543 5586 Καὶ
3580 5531 3695 5594 πῶ,

2115 5629 2179 5684 ἂν
2222 5628 2430 5698 γένοιτο
2469 5625 2628 5681 τοῦτό
2678 5642 2848 5693 ποτε;
2881 5624 3007 5690 Πῶς
3054 5619 3144 5680 οῦν
3171 5623 3370 5695 ὁμοίως
3404 5623 3696 5694 ἐργάσεται
