  <div class='ocr_page' id='page_1' title='image "/cluster/home/n/w/nwhite01/storage/ocr_20150623/73/mdp.39015078384479/184.png"; bbox 0 0 4078 6262; ppageno 0'>
   <div class='ocr_carea' id='block_1_1' title="bbox 362 296 3621 362">
    <p class='ocr_par' dir='ltr' id='par_1_1' title="bbox 362 296 3621 362">
     <span class='ocr_line' id='line_1_1' title="bbox 362 296 3621 362; baseline 0.001 -2"><span class='ocrx_word' id='word_1_1' title='bbox 362 307 469 362; x_wconf 69' lang='lat'>355</span> <span class='ocrx_word' id='word_1_2' title='bbox 1440 299 1502 354; x_wconf 71' lang='lat' dir='ltr'>IN</span> <span class='ocrx_word' id='word_1_3' title='bbox 1555 297 1846 354; x_wconf 80' lang='lat' dir='ltr'>JOANNIS</span> <span class='ocrx_word' id='word_1_4' title='bbox 1886 296 2335 356; x_wconf 79' lang='lat' dir='ltr'>EVANGELIUM</span> <span class='ocrx_word' id='word_1_5' title='bbox 2377 297 2504 354; x_wconf 85' lang='lat' dir='ltr'>LIB.</span> <span class='ocrx_word' id='word_1_6' title='bbox 2539 297 2604 356; x_wconf 86' lang='lat' dir='ltr'>ll.</span> <span class='ocrx_word' id='word_1_7' title='bbox 3513 305 3621 362; x_wconf 62' lang='grc' dir='ltr'>εει</span> 
     </span>
    </p>
   </div>
   <div class='ocr_carea' id='block_1_2' title="bbox 362 409 1937 483">
    <p class='ocr_par' dir='ltr' id='par_1_2' title="bbox 362 409 1937 483">
     <span class='ocr_line' id='line_1_2' title="bbox 362 409 1937 483; baseline -0.001 -19"><span class='ocrx_word' id='word_1_8' title='bbox 362 417 433 470; x_wconf 86' lang='grc' dir='ltr'>τὰ</span> <span class='ocrx_word' id='word_1_9' title='bbox 455 412 549 468; x_wconf 91' lang='grc' dir='ltr'>τοῦ</span> <span class='ocrx_word' id='word_1_10' title='bbox 583 411 793 483; x_wconf 84' lang='grc' dir='ltr'>Πατρὸς</span> <span class='ocrx_word' id='word_1_11' title='bbox 816 414 844 465; x_wconf 99' lang='lat'>6</span> <span class='ocrx_word' id='word_1_12' title='bbox 867 411 1011 474; x_wconf 83' lang='grc' dir='ltr'>Υἱὸς,</span> <span class='ocrx_word' id='word_1_13' title='bbox 1040 413 1086 464; x_wconf 81' lang='grc' dir='ltr'>εἰ</span> <span class='ocrx_word' id='word_1_14' title='bbox 1125 411 1211 464; x_wconf 78' lang='grc' dir='ltr'>διὰ</span> <span class='ocrx_word' id='word_1_15' title='bbox 1236 409 1394 464; x_wconf 88' lang='grc' dir='ltr'>τοῦτο</span> <span class='ocrx_word' id='word_1_16' title='bbox 1421 411 1640 466; x_wconf 78' lang='grc' dir='ltr'>ἔλαττον</span> <span class='ocrx_word' id='word_1_17' title='bbox 1670 413 1815 482; x_wconf 72' lang='grc' dir='ltr'>ἔχειν</span> <span class='ocrx_word' id='word_1_18' title='bbox 1844 412 1937 482; x_wconf 82' lang='grc' dir='ltr'>τῆς</span> 
     </span>
    </p>
   </div>
   <div class='ocr_carea' id='block_1_3' title="bbox 2038 409 3621 483">
    <p class='ocr_par' dir='ltr' id='par_1_3' title="bbox 2044 413 3621 476">
     <span class='ocr_line' id='line_1_3' title="bbox 2044 413 3621 476; baseline 0.005 -10"><span class='ocrx_word' id='word_1_19' title='bbox 2044 413 2459 469; x_wconf 86' lang='lat' dir='ltr'>consideremus</span> <span class='ocrx_word' id='word_1_20' title='bbox 2492 423 2679 470; x_wconf 83' lang='lat' dir='ltr'><strong>autem</strong></span> <span class='ocrx_word' id='word_1_21' title='bbox 2716 431 2910 474; x_wconf 84' lang='lat' dir='ltr'>rursus</span> <span class='ocrx_word' id='word_1_22' title='bbox 2944 417 3102 473; x_wconf 90' lang='lat' dir='ltr'><strong>aliter</strong></span> <span class='ocrx_word' id='word_1_23' title='bbox 3131 432 3201 472; x_wconf 88' lang='lat' dir='ltr'>an</span> <span class='ocrx_word' id='word_1_24' title='bbox 3245 417 3366 475; x_wconf 81' lang='lat' dir='ltr'><strong>Filii</strong></span> <span class='ocrx_word' id='word_1_25' title='bbox 3417 429 3621 476; x_wconf 90' lang='lat' dir='ltr'><strong>natura</strong></span> 
     </span>
    </p>
   </div>
   <div class='ocr_carea' id='block_1_4' title="bbox 366 497 1937 577">
    <p class='ocr_par' dir='ltr' id='par_1_4' title="bbox 366 503 1937 577">
     <span class='ocr_line' id='line_1_4' title="bbox 366 503 1937 577; baseline -0.001 -21"><span class='ocrx_word' id='word_1_26' title='bbox 366 505 488 577; x_wconf 69' lang='grc' dir='ltr'>ίίσης</span> <span class='ocrx_word' id='word_1_27' title='bbox 525 507 600 569; x_wconf 85' lang='grc' dir='ltr'>ὡς</span> <span class='ocrx_word' id='word_1_28' title='bbox 654 505 788 576; x_wconf 85' lang='grc' dir='ltr'>πρὸς</span> <span class='ocrx_word' id='word_1_29' title='bbox 839 504 995 558; x_wconf 89' lang='grc' dir='ltr'>αὐτὸν</span> <span class='ocrx_word' id='word_1_30' title='bbox 1053 503 1235 574; x_wconf 81' lang='grc' dir='ltr'>ίσχύος</span> <span class='ocrx_word' id='word_1_31' title='bbox 1303 503 1776 574; x_wconf 85' lang='grc' dir='ltr'>ἁπολιμπάνεται;</span> <span class='ocrx_word' id='word_1_32' title='bbox 1835 503 1937 555; x_wconf 65' lang='grc' dir='ltr'>Καὶ</span> 
     </span>
    </p>
   </div>
   <div class='ocr_carea' id='block_1_5' title="bbox 2038 497 3617 577">
    <p class='ocr_par' dir='ltr' id='par_1_5' title="bbox 2050 497 3617 577">
     <span class='ocr_line' id='line_1_5' title="bbox 2050 497 3617 577; baseline 0.009 -26"><span class='ocrx_word' id='word_1_33' title='bbox 2050 497 2214 555; x_wconf 89' lang='lat' dir='ltr'><strong>Patre</strong></span> <span class='ocrx_word' id='word_1_34' title='bbox 2243 504 2419 570; x_wconf 92' lang='lat' dir='ltr'><strong>possit</strong></span> <span class='ocrx_word' id='word_1_35' title='bbox 2451 518 2573 557; x_wconf 90' lang='lat' dir='ltr'><strong>csse</strong></span> <span class='ocrx_word' id='word_1_36' title='bbox 2604 504 2851 572; x_wconf 89' lang='lat' dir='ltr'><strong>inferior,</strong></span> <span class='ocrx_word' id='word_1_37' title='bbox 2874 506 3098 561; x_wconf 88' lang='lat' dir='ltr'><strong>virtutis</strong></span> <span class='ocrx_word' id='word_1_38' title='bbox 3129 517 3182 561; x_wconf 88' lang='lat' dir='ltr'>et</span> <span class='ocrx_word' id='word_1_39' title='bbox 3211 511 3498 577; x_wconf 71' lang='lat' dir='ltr'>potestatis</span> <span class='ocrx_word' id='word_1_40' title='bbox 3529 527 3617 565; x_wconf 89' lang='lat' dir='ltr'><strong>ra-</strong></span> 
     </span>
    </p>
   </div>
   <div class='ocr_carea' id='block_1_6' title="bbox 363 591 1937 668">
    <p class='ocr_par' dir='ltr' id='par_1_6' title="bbox 363 595 1937 668">
     <span class='ocr_line' id='line_1_6' title="bbox 363 595 1937 668; baseline -0.004 -16"><span class='ocrx_word' id='word_1_41' title='bbox 363 598 540 652; x_wconf 88' lang='grc' dir='ltr'>ταῦτα</span> <span class='ocrx_word' id='word_1_42' title='bbox 581 598 680 668; x_wconf 85' lang='grc' dir='ltr'>μὲν</span> <span class='ocrx_word' id='word_1_43' title='bbox 715 598 861 666; x_wconf 83' lang='grc' dir='ltr'>ἡμῖν,</span> <span class='ocrx_word' id='word_1_44' title='bbox 909 596 982 658; x_wconf 82' lang='grc' dir='ltr'>ὡς</span> <span class='ocrx_word' id='word_1_45' title='bbox 1039 598 1102 648; x_wconf 87' lang='grc' dir='ltr'>ἐκ</span> <span class='ocrx_word' id='word_1_46' title='bbox 1157 596 1250 648; x_wconf 80' lang='grc' dir='ltr'>τοῦ</span> <span class='ocrx_word' id='word_1_47' title='bbox 1299 595 1660 666; x_wconf 77' lang='grc' dir='ltr'>προκειμένου</span> <span class='ocrx_word' id='word_1_48' title='bbox 1709 595 1846 666; x_wconf 83' lang='grc' dir='ltr'>πρὸς</span> <span class='ocrx_word' id='word_1_49' title='bbox 1883 595 1937 646; x_wconf 83' lang='grc' dir='ltr'>τὸ</span> 
     </span>
    </p>
   </div>
   <div class='ocr_carea' id='block_1_7' title="bbox 2038 591 3624 668">
    <p class='ocr_par' dir='ltr' id='par_1_7' title="bbox 2048 591 3624 668">
     <span class='ocr_line' id='line_1_7' title="bbox 2048 591 3624 668; baseline 0.007 -25"><span class='ocrx_word' id='word_1_50' title='bbox 2048 591 2198 645; x_wconf 89' lang='lat' dir='ltr'><strong>tione</strong></span> <span class='ocrx_word' id='word_1_51' title='bbox 2231 594 2489 647; x_wconf 90' lang='lat' dir='ltr'><strong>similiter</strong></span> <span class='ocrx_word' id='word_1_52' title='bbox 2525 596 2686 650; x_wconf 89' lang='lat' dir='ltr'><strong>nobis</strong></span> <span class='ocrx_word' id='word_1_53' title='bbox 2716 599 3026 668; x_wconf 81' lang='lat' dir='ltr'><strong>pr0posita.</strong></span> <span class='ocrx_word' id='word_1_54' title='bbox 3063 601 3146 653; x_wconf 84' lang='lat' dir='ltr'><strong>An</strong></span> <span class='ocrx_word' id='word_1_55' title='bbox 3179 599 3346 653; x_wconf 86' lang='lat' dir='ltr'><strong>Deum</strong></span> <span class='ocrx_word' id='word_1_56' title='bbox 3397 602 3464 655; x_wconf 88' lang='lat' dir='ltr'>de</span> <span class='ocrx_word' id='word_1_57' title='bbox 3509 600 3624 656; x_wconf 84' lang='lat' dir='ltr'>Doo</span> 
     </span>
    </p>
   </div>
   <div class='ocr_carea' id='block_1_8' title="bbox 369 682 1937 759">
    <p class='ocr_par' dir='ltr' id='par_1_8' title="bbox 369 685 1937 759">
     <span class='ocr_line' id='line_1_8' title="bbox 369 685 1937 759; baseline -0.003 -17"><span class='ocrx_word' id='word_1_58' title='bbox 369 687 545 759; x_wconf 87' lang='grc' dir='ltr'>παρὸν</span> <span class='ocrx_word' id='word_1_59' title='bbox 576 686 776 756; x_wconf 75' lang='grc' dir='ltr'>ἐλήφθη</span> <span class='ocrx_word' id='word_1_60' title='bbox 808 685 970 756; x_wconf 77' lang='grc' dir='ltr'>ῥητοῦ</span> <span class='ocrx_word' id='word_1_61' title='bbox 992 703 1005 716; x_wconf 87' lang='grc'><strong>·</strong></span> <span class='ocrx_word' id='word_1_62' title='bbox 1037 687 1237 756; x_wconf 73' lang='grc' dir='ltr'>ἴδωμεν</span> <span class='ocrx_word' id='word_1_63' title='bbox 1264 687 1320 740; x_wconf 83' lang='grc' dir='ltr'>δὲ</span> <span class='ocrx_word' id='word_1_64' title='bbox 1342 687 1503 741; x_wconf 87' lang='grc' dir='ltr'>πάλιν</span> <span class='ocrx_word' id='word_1_65' title='bbox 1526 687 1618 740; x_wconf 72' lang='grc' dir='ltr'>καὶ</span> <span class='ocrx_word' id='word_1_66' title='bbox 1645 686 1711 738; x_wconf 80' lang='grc' dir='ltr'>δι’</span> <span class='ocrx_word' id='word_1_67' title='bbox 1740 685 1937 752; x_wconf 83' lang='grc' dir='ltr'>ἐτέρων</span> 
     </span>
    </p>
   </div>
   <div class='ocr_carea' id='block_1_9' title="bbox 2038 682 3622 759">
    <p class='ocr_par' dir='ltr' id='par_1_9' title="bbox 2048 682 3622 750">
     <span class='ocr_line' id='line_1_9' title="bbox 2048 682 3622 750; baseline 0.006 -16"><span class='ocrx_word' id='word_1_68' title='bbox 2048 682 2354 736; x_wconf 90' lang='lat' dir='ltr'><strong>secundum</strong></span> <span class='ocrx_word' id='word_1_69' title='bbox 2406 692 2663 738; x_wconf 89' lang='lat' dir='ltr'><strong>naturam</strong></span> <span class='ocrx_word' id='word_1_70' title='bbox 2713 701 2776 741; x_wconf 90' lang='lat' dir='ltr'>ac</span> <span class='ocrx_word' id='word_1_71' title='bbox 2825 703 3051 750; x_wconf 90' lang='lat' dir='ltr'><strong>verum,</strong></span> <span class='ocrx_word' id='word_1_72' title='bbox 3099 696 3153 742; x_wconf 91' lang='lat' dir='ltr'><strong>et</strong></span> <span class='ocrx_word' id='word_1_73' title='bbox 3200 689 3268 743; x_wconf 88' lang='lat' dir='ltr'>de</span> <span class='ocrx_word' id='word_1_74' title='bbox 3317 690 3622 744; x_wconf 75' lang='lat' dir='ltr'>substantia</span> 
     </span>
    </p>
   </div>
   <div class='ocr_carea' id='block_1_10' title="bbox 373 768 1937 844">
    <p class='ocr_par' dir='ltr' id='par_1_10' title="bbox 373 773 1937 844">
     <span class='ocr_line' id='line_1_10' title="bbox 373 773 1937 844; baseline -0.004 -16"><span class='ocrx_word' id='word_1_75' title='bbox 373 775 541 839; x_wconf 82' lang='grc' dir='ltr'>ἰόντες</span> <span class='ocrx_word' id='word_1_76' title='bbox 558 774 938 844; x_wconf 82' lang='grc' dir='ltr'>θεωρημάτων,</span> <span class='ocrx_word' id='word_1_77' title='bbox 965 774 1012 826; x_wconf 87' lang='grc' dir='ltr'>εί</span> <span class='ocrx_word' id='word_1_78' title='bbox 1035 774 1342 843; x_wconf 82' lang='grc' dir='ltr'>ἐπιδέχεται</span> <span class='ocrx_word' id='word_1_79' title='bbox 1375 792 1466 827; x_wconf 87' lang='grc' dir='ltr'>ποι</span> <span class='ocrx_word' id='word_1_80' title='bbox 1496 773 1556 826; x_wconf 88' lang='grc' dir='ltr'>τὸ</span> <span class='ocrx_word' id='word_1_81' title='bbox 1587 775 1645 826; x_wconf 89' lang='grc' dir='ltr'>ἐν</span> <span class='ocrx_word' id='word_1_82' title='bbox 1671 773 1937 841; x_wconf 86' lang='grc' dir='ltr'>δευτέροις</span> 
     </span>
    </p>
   </div>
   <div class='ocr_carea' id='block_1_11' title="bbox 2038 768 3621 844">
    <p class='ocr_par' dir='ltr' id='par_1_11' title="bbox 2045 768 3621 844">
     <span class='ocr_line' id='line_1_11' title="bbox 2045 768 3621 844; baseline 0.007 -22"><span class='ocrx_word' id='word_1_83' title='bbox 2045 768 2228 826; x_wconf 85' lang='lat' dir='ltr'><strong>Patris</strong></span> <span class='ocrx_word' id='word_1_84' title='bbox 2287 787 2478 828; x_wconf 85' lang='lat' dir='ltr'><strong>revera</strong></span> <span class='ocrx_word' id='word_1_85' title='bbox 2539 789 2664 832; x_wconf 88' lang='lat' dir='ltr'><strong>esse</strong></span> <span class='ocrx_word' id='word_1_86' title='bbox 2725 775 2968 833; x_wconf 77' lang='lat' dir='ltr'>fatentur</span> <span class='ocrx_word' id='word_1_87' title='bbox 3011 778 3253 844; x_wconf 85' lang='lat' dir='ltr'><strong>Filium,</strong></span> <span class='ocrx_word' id='word_1_88' title='bbox 3313 789 3405 833; x_wconf 89' lang='lat' dir='ltr'>aut</span> <span class='ocrx_word' id='word_1_89' title='bbox 3452 779 3621 834; x_wconf 88' lang='lat' dir='ltr'><strong>Deum</strong></span> 
     </span>
    </p>
   </div>
   <div class='ocr_carea' id='block_1_12' title="bbox 370 861 1937 936">
    <p class='ocr_par' dir='ltr' id='par_1_12' title="bbox 370 861 1937 936">
     <span class='ocr_line' id='line_1_12' title="bbox 370 861 1937 936; baseline -0.003 -18"><span class='ocrx_word' id='word_1_90' title='bbox 370 861 510 920; x_wconf 80' lang='grc' dir='ltr'>εἶναι</span> <span class='ocrx_word' id='word_1_91' title='bbox 556 863 646 918; x_wconf 84' lang='grc' dir='ltr'>τοῦ</span> <span class='ocrx_word' id='word_1_92' title='bbox 695 865 906 934; x_wconf 88' lang='grc' dir='ltr'>Πατρὸς</span> <span class='ocrx_word' id='word_1_93' title='bbox 959 866 992 936; x_wconf 88' lang='grc' dir='ltr'><strong>ή</strong></span> <span class='ocrx_word' id='word_1_94' title='bbox 1045 865 1136 918; x_wconf 87' lang='grc' dir='ltr'>τοῦ</span> <span class='ocrx_word' id='word_1_95' title='bbox 1187 864 1316 918; x_wconf 87' lang='grc' dir='ltr'>Υἱοῦ</span> <span class='ocrx_word' id='word_1_96' title='bbox 1371 865 1568 934; x_wconf 77' lang='grc' dir='ltr'>φύσις⁸</span> <span class='ocrx_word' id='word_1_97' title='bbox 1630 862 1937 933; x_wconf 79' lang='grc' dir='ltr'>προκείσθω</span> 
     </span>
    </p>
   </div>
   <div class='ocr_carea' id='block_1_13' title="bbox 2038 861 3624 936">
    <p class='ocr_par' dir='ltr' id='par_1_13' title="bbox 2045 862 3624 932">
     <span class='ocr_line' id='line_1_13' title="bbox 2045 862 3624 932; baseline 0.008 -18"><span class='ocrx_word' id='word_1_98' title='bbox 2045 862 2267 932; x_wconf 86' lang='lat' dir='ltr'><strong>quidem</strong></span> <span class='ocrx_word' id='word_1_99' title='bbox 2305 880 2430 920; x_wconf 89' lang='lat' dir='ltr'><strong>esse</strong></span> <span class='ocrx_word' id='word_1_100' title='bbox 2457 866 2685 932; x_wconf 90' lang='lat' dir='ltr'><strong>dicunt,</strong></span> <span class='ocrx_word' id='word_1_101' title='bbox 2725 869 2819 924; x_wconf 90' lang='lat' dir='ltr'>sed</span> <span class='ocrx_word' id='word_1_102' title='bbox 2875 885 2905 924; x_wconf 90' lang='lat' dir='ltr'>a</span> <span class='ocrx_word' id='word_1_103' title='bbox 2959 871 3143 926; x_wconf 84' lang='lat' dir='ltr'><strong>Patris</strong></span> <span class='ocrx_word' id='word_1_104' title='bbox 3199 873 3442 928; x_wconf 86' lang='lat' dir='ltr'><strong>alienum</strong></span> <span class='ocrx_word' id='word_1_105' title='bbox 3497 886 3624 927; x_wconf 86' lang='lat' dir='ltr'><strong>esse</strong></span> 
     </span>
    </p>
   </div>
   <div class='ocr_carea' id='block_1_14' title="bbox 370 951 1940 1026">
    <p class='ocr_par' dir='ltr' id='par_1_14' title="bbox 370 951 1940 1026">
     <span class='ocr_line' id='line_1_14' title="bbox 370 951 1940 1026; baseline -0.001 -18"><span class='ocrx_word' id='word_1_106' title='bbox 370 957 424 1008; x_wconf 82' lang='grc' dir='ltr'>δὲ</span> <span class='ocrx_word' id='word_1_107' title='bbox 468 956 662 1026; x_wconf 80' lang='grc' dir='ltr'>ὁμοίως</span> <span class='ocrx_word' id='word_1_108' title='bbox 687 957 819 1026; x_wconf 80' lang='grc' dir='ltr'>ἡμῖν</span> <span class='ocrx_word' id='word_1_109' title='bbox 864 956 893 1007; x_wconf 91' lang='lat'>6</span> <span class='ocrx_word' id='word_1_110' title='bbox 942 955 1068 1024; x_wconf 70' lang='grc' dir='ltr'>περὶ</span> <span class='ocrx_word' id='word_1_111' title='bbox 1109 955 1391 1026; x_wconf 78' lang='grc' dir='ltr'>δυνάμεως</span> <span class='ocrx_word' id='word_1_112' title='bbox 1422 955 1599 1023; x_wconf 89' lang='grc' dir='ltr'>λόγος.</span> <span class='ocrx_word' id='word_1_113' title='bbox 1628 951 1775 1025; x_wconf 75' lang='grc' dir='ltr'>Ἀρά</span> <span class='ocrx_word' id='word_1_114' title='bbox 1808 951 1940 1006; x_wconf 89' lang='grc' dir='ltr'>Θεὸν</span> 
     </span>
    </p>
   </div>
   <div class='ocr_carea' id='block_1_15' title="bbox 2046 953 2848 1027">
    <p class='ocr_par' dir='ltr' id='par_1_15' title="bbox 2046 953 2848 1027">
     <span class='ocr_line' id='line_1_15' title="bbox 2046 953 2848 1027; baseline 0.01 -20"><span class='ocrx_word' id='word_1_115' title='bbox 2046 953 2354 1010; x_wconf 89' lang='lat' dir='ltr'><strong>substantia</strong></span> <span class='ocrx_word' id='word_1_116' title='bbox 2388 959 2553 1027; x_wconf 90' lang='lat' dir='ltr'><strong>impie</strong></span> <span class='ocrx_word' id='word_1_117' title='bbox 2587 957 2848 1015; x_wconf 83' lang='lat' dir='ltr'><strong>addunt?</strong></span> 
     </span>
    </p>
   </div>
   <div class='ocr_carea' id='block_1_16' title="bbox 367 1045 3620 1128">
    <p class='ocr_par' dir='ltr' id='par_1_16' title="bbox 367 1045 3620 1128">
     <span class='ocr_line' id='line_1_16' title="bbox 367 1045 3620 1128; baseline 0.003 -27"><span class='ocrx_word' id='word_1_118' title='bbox 367 1050 429 1102; x_wconf 87' lang='grc' dir='ltr'>ὲκ</span> <span class='ocrx_word' id='word_1_119' title='bbox 455 1047 582 1101; x_wconf 89' lang='grc' dir='ltr'>Θεοῦ</span> <span class='ocrx_word' id='word_1_120' title='bbox 613 1049 754 1103; x_wconf 87' lang='grc' dir='ltr'>κατὰ</span> <span class='ocrx_word' id='word_1_121' title='bbox 783 1049 1060 1118; x_wconf 72' lang='grc' dir='ltr'>φύσινκαὶ</span> <span class='ocrx_word' id='word_1_122' title='bbox 1099 1049 1370 1119; x_wconf 86' lang='grc' dir='ltr'>ἀληθινὸν,</span> <span class='ocrx_word' id='word_1_123' title='bbox 1395 1049 1491 1104; x_wconf 71' lang='grc' dir='ltr'>καὶ</span> <span class='ocrx_word' id='word_1_124' title='bbox 1531 1050 1594 1101; x_wconf 91' lang='grc' dir='ltr'>ἐκ</span> <span class='ocrx_word' id='word_1_125' title='bbox 1632 1051 1732 1119; x_wconf 76' lang='grc' dir='ltr'>τῆς</span> <span class='ocrx_word' id='word_1_126' title='bbox 1754 1046 1942 1108; x_wconf 88' lang='grc' dir='ltr'>οὐσίας</span> <span class='ocrx_word' id='word_1_127' title='bbox 1982 1045 2154 1109; x_wconf 80' lang='grc' dir='ltr'>ὅντως</span> <span class='ocrx_word' id='word_1_128' title='bbox 2200 1049 2296 1101; x_wconf 89' lang='grc' dir='ltr'>τοῦ</span> <span class='ocrx_word' id='word_1_129' title='bbox 2350 1051 2563 1122; x_wconf 85' lang='grc' dir='ltr'>Ηατρὸς</span> <span class='ocrx_word' id='word_1_130' title='bbox 2603 1053 2954 1124; x_wconf 82' lang='grc' dir='ltr'>ὁμολογοῦσιν</span> <span class='ocrx_word' id='word_1_131' title='bbox 3005 1057 3276 1128; x_wconf 83' lang='grc' dir='ltr'>ὑπάρχειν</span> <span class='ocrx_word' id='word_1_132' title='bbox 3337 1058 3428 1111; x_wconf 87' lang='grc' dir='ltr'>τὸν</span> <span class='ocrx_word' id='word_1_133' title='bbox 3469 1057 3620 1124; x_wconf 83' lang='grc' dir='ltr'>Υίὸν,</span> 
     </span>
    </p>
   </div>
   <div class='ocr_carea' id='block_1_17' title="bbox 362 1137 3221 1218">
    <p class='ocr_par' dir='ltr' id='par_1_17' title="bbox 362 1137 3221 1218">
     <span class='ocr_line' id='line_1_17' title="bbox 362 1137 3221 1218; baseline 0.002 -23"><span class='ocrx_word' id='word_1_134' title='bbox 362 1145 394 1216; x_wconf 81' lang='grc' dir='ltr'>ἢ</span> <span class='ocrx_word' id='word_1_135' title='bbox 433 1142 560 1195; x_wconf 84' lang='grc' dir='ltr'>Θεὸν</span> <span class='ocrx_word' id='word_1_136' title='bbox 594 1143 693 1212; x_wconf 83' lang='grc' dir='ltr'>μὲν</span> <span class='ocrx_word' id='word_1_137' title='bbox 722 1138 861 1194; x_wconf 76' lang='grc' dir='ltr'>εἶναι</span> <span class='ocrx_word' id='word_1_138' title='bbox 894 1143 1047 1210; x_wconf 68' lang='grc' dir='ltr'>φασὶ,</span> <span class='ocrx_word' id='word_1_139' title='bbox 1079 1143 1140 1195; x_wconf 88' lang='grc' dir='ltr'>τὸ</span> <span class='ocrx_word' id='word_1_140' title='bbox 1189 1143 1245 1195; x_wconf 86' lang='grc' dir='ltr'>δὲ</span> <span class='ocrx_word' id='word_1_141' title='bbox 1278 1143 1595 1212; x_wconf 83' lang='grc' dir='ltr'>ἐξῳκεῖσθαι</span> <span class='ocrx_word' id='word_1_142' title='bbox 1623 1143 1722 1214; x_wconf 83' lang='grc' dir='ltr'>τῆς</span> <span class='ocrx_word' id='word_1_143' title='bbox 1747 1139 1934 1202; x_wconf 78' lang='grc' dir='ltr'>οὐσίας</span> <span class='ocrx_word' id='word_1_144' title='bbox 1971 1137 2065 1192; x_wconf 85' lang='grc' dir='ltr'>τοῦ</span> <span class='ocrx_word' id='word_1_145' title='bbox 2095 1142 2328 1212; x_wconf 88' lang='grc' dir='ltr'>Πατρὸς,</span> <span class='ocrx_word' id='word_1_146' title='bbox 2363 1143 2767 1211; x_wconf 74' lang='grc' dir='ltr'>δυσσεϐοῦντες,</span> <span class='ocrx_word' id='word_1_147' title='bbox 2795 1149 3221 1218; x_wconf 74' lang='grc' dir='ltr'>προσάπτουσιν.</span> 
     </span>
    </p>
   </div>
   <div class='ocr_carea' id='block_1_18' title="bbox 428 1231 1938 1307">
    <p class='ocr_par' dir='ltr' id='par_1_18' title="bbox 428 1231 1938 1307">
     <span class='ocr_line' id='line_1_18' title="bbox 428 1231 1938 1307; baseline -0.004 -17"><span class='ocrx_word' id='word_1_148' title='bbox 428 1237 490 1290; x_wconf 79' lang='lat' dir='ltr'>Ei</span> <span class='ocrx_word' id='word_1_149' title='bbox 518 1236 615 1306; x_wconf 80' lang='grc' dir='ltr'>μὲν</span> <span class='ocrx_word' id='word_1_150' title='bbox 640 1231 733 1288; x_wconf 81' lang='grc' dir='ltr'>οῦν</span> <span class='ocrx_word' id='word_1_151' title='bbox 764 1236 864 1288; x_wconf 90' lang='grc' dir='ltr'>οὐκ</span> <span class='ocrx_word' id='word_1_152' title='bbox 896 1237 959 1288; x_wconf 82' lang='grc' dir='ltr'>ἐκ</span> <span class='ocrx_word' id='word_1_153' title='bbox 986 1238 1083 1307; x_wconf 81' lang='grc' dir='ltr'>τῆς</span> <span class='ocrx_word' id='word_1_154' title='bbox 1103 1235 1291 1299; x_wconf 78' lang='grc' dir='ltr'>οὐσίας</span> <span class='ocrx_word' id='word_1_155' title='bbox 1312 1236 1403 1288; x_wconf 86' lang='grc' dir='ltr'>τοῦ</span> <span class='ocrx_word' id='word_1_156' title='bbox 1437 1237 1652 1306; x_wconf 87' lang='grc' dir='ltr'>Πατρὸς</span> <span class='ocrx_word' id='word_1_157' title='bbox 1682 1232 1822 1288; x_wconf 78' lang='grc' dir='ltr'>εῖναι</span> <span class='ocrx_word' id='word_1_158' title='bbox 1848 1232 1938 1285; x_wconf 84' lang='grc' dir='ltr'>λέ-</span> 
     </span>
    </p>
   </div>
   <div class='ocr_carea' id='block_1_19' title="bbox 360 1324 1939 1397">
    <p class='ocr_par' dir='ltr' id='par_1_19' title="bbox 360 1324 1939 1397">
     <span class='ocr_line' id='line_1_19' title="bbox 360 1324 1939 1397; baseline -0.003 -16"><span class='ocrx_word' id='word_1_159' title='bbox 360 1344 546 1397; x_wconf 86' lang='grc' dir='ltr'>γουσιν</span> <span class='ocrx_word' id='word_1_160' title='bbox 569 1327 751 1392; x_wconf 87' lang='grc' dir='ltr'>αὐτὸν,</span> <span class='ocrx_word' id='word_1_161' title='bbox 782 1326 904 1378; x_wconf 83' lang='grc' dir='ltr'>οὐτε</span> <span class='ocrx_word' id='word_1_162' title='bbox 933 1326 1062 1389; x_wconf 78' lang='grc' dir='ltr'>Θεὸς</span> <span class='ocrx_word' id='word_1_163' title='bbox 1094 1327 1244 1380; x_wconf 78' lang='grc' dir='ltr'>ἔσται</span> <span class='ocrx_word' id='word_1_164' title='bbox 1271 1327 1410 1380; x_wconf 84' lang='grc' dir='ltr'>κατὰ</span> <span class='ocrx_word' id='word_1_165' title='bbox 1439 1327 1621 1395; x_wconf 84' lang='grc' dir='ltr'>φύσιν,</span> <span class='ocrx_word' id='word_1_166' title='bbox 1654 1324 1777 1379; x_wconf 85' lang='grc' dir='ltr'>οὐτε</span> <span class='ocrx_word' id='word_1_167' title='bbox 1806 1324 1939 1386; x_wconf 86' lang='grc' dir='ltr'>Θεὸς</span> 
     </span>
    </p>
   </div>
   <div class='ocr_carea' id='block_1_20' title="bbox 361 1415 1934 1490">
    <p class='ocr_par' dir='ltr' id='par_1_20' title="bbox 361 1415 1934 1490">
     <span class='ocr_line' id='line_1_20' title="bbox 361 1415 1934 1490; baseline -0.003 -19"><span class='ocrx_word' id='word_1_168' title='bbox 361 1418 630 1490; x_wconf 78' lang='grc' dir='ltr'>ἀληθινός.</span> <span class='ocrx_word' id='word_1_169' title='bbox 683 1417 742 1471; x_wconf 86' lang='lat'>&#39;0</span> <span class='ocrx_word' id='word_1_170' title='bbox 770 1415 878 1488; x_wconf 87' lang='grc' dir='ltr'>γὰρ</span> <span class='ocrx_word' id='word_1_171' title='bbox 913 1416 988 1487; x_wconf 87' lang='grc' dir='ltr'>μὴ</span> <span class='ocrx_word' id='word_1_172' title='bbox 1022 1420 1084 1470; x_wconf 84' lang='grc' dir='ltr'>ἐκ</span> <span class='ocrx_word' id='word_1_173' title='bbox 1113 1417 1246 1471; x_wconf 89' lang='grc' dir='ltr'>Θεοῦ</span> <span class='ocrx_word' id='word_1_174' title='bbox 1295 1417 1436 1471; x_wconf 79' lang='grc' dir='ltr'>κατὰ</span> <span class='ocrx_word' id='word_1_175' title='bbox 1469 1417 1628 1485; x_wconf 83' lang='grc' dir='ltr'>φύσιν</span> <span class='ocrx_word' id='word_1_176' title='bbox 1654 1415 1934 1486; x_wconf 83' lang='grc' dir='ltr'>ὑπάρχων,</span> 
     </span>
    </p>
   </div>
   <div class='ocr_carea' id='block_1_21' title="bbox 359 1503 1936 1576">
    <p class='ocr_par' dir='ltr' id='par_1_21' title="bbox 359 1503 1936 1576">
     <span class='ocr_line' id='line_1_21' title="bbox 359 1503 1936 1576; baseline -0.004 -13"><span class='ocrx_word' id='word_1_177' title='bbox 359 1510 550 1563; x_wconf 84' lang='grc' dir='ltr'>οὐδ’ἂν</span> <span class='ocrx_word' id='word_1_178' title='bbox 576 1509 715 1572; x_wconf 83' lang='grc' dir='ltr'>ὅλως</span> <span class='ocrx_word' id='word_1_179' title='bbox 738 1511 908 1562; x_wconf 86' lang='grc' dir='ltr'>νοοῖτο</span> <span class='ocrx_word' id='word_1_180' title='bbox 933 1507 1072 1562; x_wconf 83' lang='grc' dir='ltr'>κατὰ</span> <span class='ocrx_word' id='word_1_181' title='bbox 1099 1511 1168 1576; x_wconf 75' lang='grc' dir='ltr'>φῦ</span> <span class='ocrx_word' id='word_1_182' title='bbox 1179 1525 1259 1561; x_wconf 90' lang='grc' dir='ltr'>σιν</span> <span class='ocrx_word' id='word_1_183' title='bbox 1289 1507 1442 1572; x_wconf 87' lang='grc' dir='ltr'>Θεὸς,</span> <span class='ocrx_word' id='word_1_184' title='bbox 1465 1507 1586 1560; x_wconf 87' lang='grc' dir='ltr'>οὐδὲ</span> <span class='ocrx_word' id='word_1_185' title='bbox 1609 1507 1756 1569; x_wconf 88' lang='grc' dir='ltr'>Υίὸς,</span> <span class='ocrx_word' id='word_1_186' title='bbox 1782 1507 1831 1558; x_wconf 83' lang='grc' dir='ltr'>εί</span> <span class='ocrx_word' id='word_1_187' title='bbox 1860 1503 1936 1575; x_wconf 86' lang='grc' dir='ltr'>μὴ</span> 
     </span>
    </p>
   </div>
   <div class='ocr_carea' id='block_1_22' title="bbox 361 1597 1938 1670">
    <p class='ocr_par' dir='ltr' id='par_1_22' title="bbox 361 1597 1938 1670">
     <span class='ocr_line' id='line_1_22' title="bbox 361 1597 1938 1670; baseline -0.003 -18"><span class='ocrx_word' id='word_1_188' title='bbox 361 1601 426 1652; x_wconf 86' lang='grc' dir='ltr'>ἐκ</span> <span class='ocrx_word' id='word_1_189' title='bbox 453 1600 551 1670; x_wconf 82' lang='grc' dir='ltr'>τῆς</span> <span class='ocrx_word' id='word_1_190' title='bbox 593 1599 780 1661; x_wconf 79' lang='grc' dir='ltr'>οὐσίας</span> <span class='ocrx_word' id='word_1_191' title='bbox 827 1599 1085 1669; x_wconf 78' lang='grc' dir='ltr'>ἐγεννήθη</span> <span class='ocrx_word' id='word_1_192' title='bbox 1128 1599 1224 1652; x_wconf 88' lang='grc' dir='ltr'>τοῦ</span> <span class='ocrx_word' id='word_1_193' title='bbox 1269 1599 1498 1669; x_wconf 83' lang='grc' dir='ltr'>Πατρός·</span> <span class='ocrx_word' id='word_1_194' title='bbox 1540 1598 1689 1652; x_wconf 80' lang='grc' dir='ltr'>νόθον</span> <span class='ocrx_word' id='word_1_195' title='bbox 1716 1597 1775 1652; x_wconf 83' lang='grc' dir='ltr'>δὲ</span> <span class='ocrx_word' id='word_1_196' title='bbox 1803 1599 1938 1667; x_wconf 80' lang='grc' dir='ltr'>ἡμῖν</span> 
     </span>
    </p>
   </div>
   <div class='ocr_carea' id='block_1_23' title="bbox 363 1688 1937 1761">
    <p class='ocr_par' dir='ltr' id='par_1_23' title="bbox 363 1688 1937 1761">
     <span class='ocr_line' id='line_1_23' title="bbox 363 1688 1937 1761; baseline -0.003 -17"><span class='ocrx_word' id='word_1_197' title='bbox 363 1691 460 1744; x_wconf 71' lang='grc' dir='ltr'>καὶ</span> <span class='ocrx_word' id='word_1_198' title='bbox 493 1691 802 1761; x_wconf 83' lang='grc' dir='ltr'>πρόσφατόν</span> <span class='ocrx_word' id='word_1_199' title='bbox 840 1708 960 1743; x_wconf 89' lang='grc' dir='ltr'>τινα</span> <span class='ocrx_word' id='word_1_200' title='bbox 990 1691 1381 1761; x_wconf 81' lang='grc' dir='ltr'>παρεισάγουσι</span> <span class='ocrx_word' id='word_1_201' title='bbox 1407 1690 1557 1744; x_wconf 88' lang='grc' dir='ltr'>Θεόν.</span> <span class='ocrx_word' id='word_1_202' title='bbox 1598 1691 1662 1744; x_wconf 80' lang='lat' dir='ltr'><strong>Ei</strong></span> <span class='ocrx_word' id='word_1_203' title='bbox 1695 1690 1752 1744; x_wconf 88' lang='grc' dir='ltr'>δέ</span> <span class='ocrx_word' id='word_1_204' title='bbox 1778 1688 1937 1742; x_wconf 86' lang='grc' dir='ltr'>τοῦτο</span> 
     </span>
    </p>
   </div>
   <div class='ocr_carea' id='block_1_24' title="bbox 371 1781 1936 1854">
    <p class='ocr_par' dir='ltr' id='par_1_24' title="bbox 371 1781 1936 1854">
     <span class='ocr_line' id='line_1_24' title="bbox 371 1781 1936 1854; baseline -0.002 -19"><span class='ocrx_word' id='word_1_205' title='bbox 371 1783 469 1854; x_wconf 84' lang='grc' dir='ltr'>μὲν</span> <span class='ocrx_word' id='word_1_206' title='bbox 511 1783 613 1835; x_wconf 87' lang='grc' dir='ltr'>οὐκ</span> <span class='ocrx_word' id='word_1_207' title='bbox 654 1781 858 1853; x_wconf 89' lang='grc' dir='ltr'>ἐροῦσι,</span> <span class='ocrx_word' id='word_1_208' title='bbox 899 1781 996 1852; x_wconf 86' lang='grc' dir='ltr'>τὴν</span> <span class='ocrx_word' id='word_1_209' title='bbox 1029 1784 1086 1835; x_wconf 86' lang='grc' dir='ltr'>ἐν</span> <span class='ocrx_word' id='word_1_210' title='bbox 1118 1784 1229 1845; x_wconf 86' lang='grc' dir='ltr'>τοῖς</span> <span class='ocrx_word' id='word_1_211' title='bbox 1266 1782 1483 1844; x_wconf 73' lang='grc' dir='ltr'>οἰκείοις</span> <span class='ocrx_word' id='word_1_212' title='bbox 1521 1781 1781 1851; x_wconf 84' lang='grc' dir='ltr'>δόγμασιν</span> <span class='ocrx_word' id='word_1_213' title='bbox 1813 1781 1936 1834; x_wconf 83' lang='grc' dir='ltr'>ἀτο-</span> 
     </span>
    </p>
   </div>
   <div class='ocr_carea' id='block_1_25' title="bbox 367 1869 1938 1943">
    <p class='ocr_par' dir='ltr' id='par_1_25' title="bbox 367 1869 1938 1943">
     <span class='ocr_line' id='line_1_25' title="bbox 367 1869 1938 1943; baseline -0.002 -18"><span class='ocrx_word' id='word_1_214' title='bbox 367 1873 502 1925; x_wconf 85' lang='grc' dir='ltr'>πίαν</span> <span class='ocrx_word' id='word_1_215' title='bbox 543 1871 984 1943; x_wconf 85' lang='grc' dir='ltr'>ἐρυθριάσαντες,</span> <span class='ocrx_word' id='word_1_216' title='bbox 1033 1871 1262 1924; x_wconf 86' lang='grc' dir='ltr'>δώσουσι</span> <span class='ocrx_word' id='word_1_217' title='bbox 1293 1871 1348 1924; x_wconf 82' lang='grc' dir='ltr'>δὲ</span> <span class='ocrx_word' id='word_1_218' title='bbox 1389 1870 1603 1940; x_wconf 80' lang='grc' dir='ltr'>άληθῶς</span> <span class='ocrx_word' id='word_1_219' title='bbox 1633 1873 1695 1923; x_wconf 87' lang='grc' dir='ltr'>ἐκ</span> <span class='ocrx_word' id='word_1_220' title='bbox 1727 1869 1938 1939; x_wconf 85' lang='grc' dir='ltr'>Πατρὸς</span> 
     </span>
    </p>
   </div>
   <div class='ocr_carea' id='block_1_26' title="bbox 370 1956 1936 2032">
    <p class='ocr_par' dir='ltr' id='par_1_26' title="bbox 370 1956 1936 2032">
     <span class='ocr_line' id='line_1_26' title="bbox 370 1956 1936 2032; baseline -0.003 -15"><span class='ocrx_word' id='word_1_221' title='bbox 370 1963 639 2032; x_wconf 78' lang='grc' dir='ltr'>ὑπάρχειν</span> <span class='ocrx_word' id='word_1_222' title='bbox 672 1962 762 2016; x_wconf 89' lang='grc' dir='ltr'>τὸν</span> <span class='ocrx_word' id='word_1_223' title='bbox 801 1962 1101 2032; x_wconf 86' lang='grc' dir='ltr'>Μονογενῆ,</span> <span class='ocrx_word' id='word_1_224' title='bbox 1147 1962 1242 2016; x_wconf 74' lang='grc' dir='ltr'>καὶ</span> <span class='ocrx_word' id='word_1_225' title='bbox 1275 1956 1417 2016; x_wconf 78' lang='grc' dir='ltr'>εἶναι</span> <span class='ocrx_word' id='word_1_226' title='bbox 1448 1961 1578 2015; x_wconf 89' lang='grc' dir='ltr'>Θεὸν</span> <span class='ocrx_word' id='word_1_227' title='bbox 1607 1961 1748 2014; x_wconf 83' lang='grc' dir='ltr'>κατὰ</span> <span class='ocrx_word' id='word_1_228' title='bbox 1779 1960 1936 2029; x_wconf 83' lang='grc' dir='ltr'>φύσιν</span> 
     </span>
    </p>
   </div>
   <div class='ocr_carea' id='block_1_27' title="bbox 371 2049 1936 2121">
    <p class='ocr_par' dir='ltr' id='par_1_27' title="bbox 371 2049 1936 2121">
     <span class='ocr_line' id='line_1_27' title="bbox 371 2049 1936 2121; baseline -0.003 -15"><span class='ocrx_word' id='word_1_229' title='bbox 371 2053 464 2106; x_wconf 82' lang='grc' dir='ltr'>καὶ</span> <span class='ocrx_word' id='word_1_230' title='bbox 488 2051 754 2121; x_wconf 84' lang='grc' dir='ltr'>ἀληθινῶς</span> <span class='ocrx_word' id='word_1_231' title='bbox 779 2067 794 2082; x_wconf 80' lang='lat'><strong><em>°</em></strong></span> <span class='ocrx_word' id='word_1_232' title='bbox 825 2053 942 2115; x_wconf 83' lang='grc' dir='ltr'>πῶς</span> <span class='ocrx_word' id='word_1_233' title='bbox 966 2053 1023 2104; x_wconf 85' lang='grc' dir='ltr'>ἐν</span> <span class='ocrx_word' id='word_1_234' title='bbox 1048 2052 1322 2106; x_wconf 74' lang='grc' dir='ltr'>ἐλάττοσιν</span> <span class='ocrx_word' id='word_1_235' title='bbox 1350 2050 1501 2105; x_wconf 83' lang='grc' dir='ltr'>ἐσται</span> <span class='ocrx_word' id='word_1_236' title='bbox 1530 2050 1620 2104; x_wconf 88' lang='grc' dir='ltr'>τοῦ</span> <span class='ocrx_word' id='word_1_237' title='bbox 1652 2049 1936 2121; x_wconf 78' lang='grc' dir='ltr'>Πατρός,ἢ</span> 
     </span>
    </p>
   </div>
   <div class='ocr_carea' id='block_1_28' title="bbox 369 2139 1937 2212">
    <p class='ocr_par' dir='ltr' id='par_1_28' title="bbox 369 2139 1937 2212">
     <span class='ocr_line' id='line_1_28' title="bbox 369 2139 1937 2212; baseline -0.002 -18"><span class='ocrx_word' id='word_1_238' title='bbox 369 2143 486 2204; x_wconf 85' lang='grc' dir='ltr'>πῶς</span> <span class='ocrx_word' id='word_1_239' title='bbox 533 2143 778 2212; x_wconf 85' lang='grc' dir='ltr'>ἀτονήσει</span> <span class='ocrx_word' id='word_1_240' title='bbox 826 2141 952 2212; x_wconf 87' lang='grc' dir='ltr'>περί</span> <span class='ocrx_word' id='word_1_241' title='bbox 998 2159 1071 2207; x_wconf 86' lang='grc' dir='ltr'>τι,</span> <span class='ocrx_word' id='word_1_242' title='bbox 1121 2143 1215 2195; x_wconf 62' lang='grc' dir='ltr'>καὶ⁹</span> <span class='ocrx_word' id='word_1_243' title='bbox 1259 2141 1379 2212; x_wconf 81' lang='grc' dir='ltr'>οὐχὶ</span> <span class='ocrx_word' id='word_1_244' title='bbox 1421 2142 1520 2211; x_wconf 82' lang='grc' dir='ltr'>τῆς</span> <span class='ocrx_word' id='word_1_245' title='bbox 1559 2139 1650 2194; x_wconf 89' lang='grc' dir='ltr'>τοῦ</span> <span class='ocrx_word' id='word_1_246' title='bbox 1687 2141 1937 2202; x_wconf 86' lang='grc' dir='ltr'>τεκόντος</span> 
     </span>
    </p>
   </div>
   <div class='ocr_carea' id='block_1_29' title="bbox 364 2229 1938 2304">
    <p class='ocr_par' dir='ltr' id='par_1_29' title="bbox 364 2229 1938 2304">
     <span class='ocr_line' id='line_1_29' title="bbox 364 2229 1938 2304; baseline -0.001 -20"><span class='ocrx_word' id='word_1_247' title='bbox 364 2232 552 2295; x_wconf 78' lang='grc' dir='ltr'>οὐσίας</span> <span class='ocrx_word' id='word_1_248' title='bbox 583 2233 947 2304; x_wconf 82' lang='grc' dir='ltr'>κατηγορήσει</span> <span class='ocrx_word' id='word_1_249' title='bbox 973 2231 1034 2284; x_wconf 91' lang='grc' dir='ltr'>τὸ</span> <span class='ocrx_word' id='word_1_250' title='bbox 1072 2235 1338 2303; x_wconf 76' lang='grc' dir='ltr'>πρᾶγμας</span> <span class='ocrx_word' id='word_1_251' title='bbox 1389 2232 1452 2284; x_wconf 81' lang='grc' dir='ltr'><strong>Εἰ</strong></span> <span class='ocrx_word' id='word_1_252' title='bbox 1483 2230 1589 2302; x_wconf 80' lang='grc' dir='ltr'>γάρ</span> <span class='ocrx_word' id='word_1_253' title='bbox 1615 2230 1749 2292; x_wconf 83' lang='grc' dir='ltr'>ὅλως</span> <span class='ocrx_word' id='word_1_254' title='bbox 1777 2229 1938 2284; x_wconf 83' lang='grc' dir='ltr'>ἀσθε-</span> 
     </span>
    </p>
   </div>
   <div class='ocr_carea' id='block_1_30' title="bbox 363 2320 1936 2394">
    <p class='ocr_par' dir='ltr' id='par_1_30' title="bbox 363 2320 1936 2394">
     <span class='ocr_line' id='line_1_30' title="bbox 363 2320 1936 2394; baseline -0.003 -18"><span class='ocrx_word' id='word_1_255' title='bbox 363 2325 474 2376; x_wconf 86' lang='grc' dir='ltr'>νεῖν</span> <span class='ocrx_word' id='word_1_256' title='bbox 504 2323 773 2394; x_wconf 80' lang='grc' dir='ltr'>ἐνδέχεται</span> <span class='ocrx_word' id='word_1_257' title='bbox 803 2323 894 2376; x_wconf 90' lang='grc' dir='ltr'>τὸν</span> <span class='ocrx_word' id='word_1_258' title='bbox 929 2322 1068 2376; x_wconf 78' lang='grc' dir='ltr'>κατὰ</span> <span class='ocrx_word' id='word_1_259' title='bbox 1103 2322 1265 2391; x_wconf 83' lang='grc' dir='ltr'>φύσιν</span> <span class='ocrx_word' id='word_1_260' title='bbox 1302 2322 1428 2375; x_wconf 74' lang='grc' dir='ltr'>ὄντα</span> <span class='ocrx_word' id='word_1_261' title='bbox 1457 2321 1608 2386; x_wconf 85' lang='grc' dir='ltr'>Θεὸν,</span> <span class='ocrx_word' id='word_1_262' title='bbox 1641 2320 1694 2374; x_wconf 87' lang='grc' dir='ltr'>τί</span> <span class='ocrx_word' id='word_1_263' title='bbox 1730 2321 1791 2373; x_wconf 90' lang='grc' dir='ltr'>τὸ</span> <span class='ocrx_word' id='word_1_264' title='bbox 1825 2338 1936 2372; x_wconf 91' lang='grc' dir='ltr'>κω-</span> 
     </span>
    </p>
   </div>
   <div class='ocr_carea' id='block_1_31' title="bbox 361 2407 1938 2487">
    <p class='ocr_par' dir='ltr' id='par_1_31' title="bbox 361 2407 1938 2487">
     <span class='ocr_line' id='line_1_31' title="bbox 361 2407 1938 2487; baseline -0.003 -20"><span class='ocrx_word' id='word_1_265' title='bbox 361 2407 489 2467; x_wconf 81' lang='grc' dir='ltr'>λῦον</span> <span class='ocrx_word' id='word_1_266' title='bbox 513 2413 630 2466; x_wconf 75' lang='grc' dir='ltr'>ἐστὶ</span> <span class='ocrx_word' id='word_1_267' title='bbox 653 2412 809 2466; x_wconf 86' lang='grc' dir='ltr'>τοῦτο</span> <span class='ocrx_word' id='word_1_268' title='bbox 838 2413 1028 2466; x_wconf 84' lang='grc' dir='ltr'>παθεῖν</span> <span class='ocrx_word' id='word_1_269' title='bbox 1062 2414 1154 2467; x_wconf 88' lang='grc' dir='ltr'>τὸν</span> <span class='ocrx_word' id='word_1_270' title='bbox 1186 2414 1424 2487; x_wconf 84' lang='grc' dir='ltr'>Πατέρα,</span> <span class='ocrx_word' id='word_1_271' title='bbox 1444 2413 1673 2484; x_wconf 85' lang='grc' dir='ltr'>ἐχούσης</span> <span class='ocrx_word' id='word_1_272' title='bbox 1700 2412 1848 2477; x_wconf 74' lang='grc' dir='ltr'>ἅπαξ</span> <span class='ocrx_word' id='word_1_273' title='bbox 1876 2411 1938 2464; x_wconf 85' lang='grc' dir='ltr'>τὸ</span> 
     </span>
    </p>
   </div>
   <div class='ocr_carea' id='block_1_32' title="bbox 363 2503 1937 2577">
    <p class='ocr_par' dir='ltr' id='par_1_32' title="bbox 363 2503 1937 2577">
     <span class='ocr_line' id='line_1_32' title="bbox 363 2503 1937 2577; baseline -0.002 -19"><span class='ocrx_word' id='word_1_274' title='bbox 363 2504 622 2559; x_wconf 72' lang='grc' dir='ltr'>δύνασθαι</span> <span class='ocrx_word' id='word_1_275' title='bbox 663 2503 856 2557; x_wconf 85' lang='grc' dir='ltr'>παθεῖν</span> <span class='ocrx_word' id='word_1_276' title='bbox 887 2509 986 2574; x_wconf 83' lang='grc' dir='ltr'>τῆς</span> <span class='ocrx_word' id='word_1_277' title='bbox 1015 2504 1165 2567; x_wconf 85' lang='grc' dir='ltr'>θείας</span> <span class='ocrx_word' id='word_1_278' title='bbox 1190 2505 1286 2558; x_wconf 55' lang='grc' dir='ltr'>καὶ¹</span> <span class='ocrx_word' id='word_1_279' title='bbox 1313 2507 1552 2577; x_wconf 78' lang='grc' dir='ltr'>ἀρρήτου</span> <span class='ocrx_word' id='word_1_280' title='bbox 1583 2503 1814 2574; x_wconf 82' lang='grc' dir='ltr'>φύσεως,</span> <span class='ocrx_word' id='word_1_281' title='bbox 1845 2503 1937 2557; x_wconf 72' lang='grc' dir='ltr'>καὶ</span> 
     </span>
    </p>
   </div>
   <div class='ocr_carea' id='block_1_33' title="bbox 364 2593 1938 2665">
    <p class='ocr_par' dir='ltr' id='par_1_33' title="bbox 364 2593 1938 2665">
     <span class='ocr_line' id='line_1_33' title="bbox 364 2593 1938 2665; baseline 0 -18"><span class='ocrx_word' id='word_1_282' title='bbox 364 2594 534 2657; x_wconf 78' lang='grc' dir='ltr'>οὓτως</span> <span class='ocrx_word' id='word_1_283' title='bbox 576 2595 675 2665; x_wconf 70' lang='grc' dir='ltr'>ήδη</span> <span class='ocrx_word' id='word_1_284' title='bbox 711 2593 1038 2664; x_wconf 83' lang='grc' dir='ltr'>φαινομένης</span> <span class='ocrx_word' id='word_1_285' title='bbox 1079 2595 1136 2647; x_wconf 88' lang='grc' dir='ltr'>ἐν</span> <span class='ocrx_word' id='word_1_286' title='bbox 1165 2593 1280 2664; x_wconf 84' lang='grc' dir='ltr'>Υἱῷ</span> <span class='ocrx_word' id='word_1_287' title='bbox 1313 2594 1453 2648; x_wconf 74' lang='grc' dir='ltr'>κατὰ</span> <span class='ocrx_word' id='word_1_288' title='bbox 1485 2596 1573 2647; x_wconf 89' lang='grc' dir='ltr'>τὸν</span> <span class='ocrx_word' id='word_1_289' title='bbox 1603 2595 1826 2648; x_wconf 76' lang='grc' dir='ltr'>ἐκείνων</span> <span class='ocrx_word' id='word_1_290' title='bbox 1849 2595 1938 2647; x_wconf 78' lang='grc' dir='ltr'>λό-</span> 
     </span>
    </p>
   </div>
   <div class='ocr_carea' id='block_1_34' title="bbox 365 2685 1936 2754">
    <p class='ocr_par' dir='ltr' id='par_1_34' title="bbox 365 2685 1936 2754">
     <span class='ocr_line' id='line_1_34' title="bbox 365 2685 1936 2754; baseline 0.001 -16"><span class='ocrx_word' id='word_1_291' title='bbox 365 2703 494 2754; x_wconf 88' lang='grc' dir='ltr'>γον;</span> <span class='ocrx_word' id='word_1_292' title='bbox 543 2685 750 2739; x_wconf 89' lang='grc' dir='ltr'>Οὐκοῦν</span> <span class='ocrx_word' id='word_1_293' title='bbox 784 2686 905 2739; x_wconf 88' lang='grc' dir='ltr'>οὐδέ</span> <span class='ocrx_word' id='word_1_294' title='bbox 947 2685 1156 2750; x_wconf 81' lang='grc' dir='ltr'>ἀπαθὲς</span> <span class='ocrx_word' id='word_1_295' title='bbox 1203 2686 1292 2740; x_wconf 81' lang='grc' dir='ltr'>διὰ</span> <span class='ocrx_word' id='word_1_296' title='bbox 1324 2687 1480 2739; x_wconf 87' lang='grc' dir='ltr'>τοῦτο</span> <span class='ocrx_word' id='word_1_297' title='bbox 1520 2687 1581 2740; x_wconf 88' lang='grc' dir='ltr'>τὸ</span> <span class='ocrx_word' id='word_1_298' title='bbox 1613 2687 1774 2752; x_wconf 88' lang='grc' dir='ltr'>θεῖον,</span> <span class='ocrx_word' id='word_1_299' title='bbox 1821 2686 1936 2739; x_wconf 86' lang='grc' dir='ltr'>ἀλλ’</span> 
     </span>
    </p>
   </div>
   <div class='ocr_carea' id='block_1_35' title="bbox 365 2778 1936 2850">
    <p class='ocr_par' dir='ltr' id='par_1_35' title="bbox 365 2778 1936 2850">
     <span class='ocr_line' id='line_1_35' title="bbox 365 2778 1936 2850; baseline 0.001 -18"><span class='ocrx_word' id='word_1_300' title='bbox 365 2779 484 2832; x_wconf 87' lang='grc' dir='ltr'>οὐδέ</span> <span class='ocrx_word' id='word_1_301' title='bbox 513 2780 570 2831; x_wconf 85' lang='grc' dir='ltr'>ἐν</span> <span class='ocrx_word' id='word_1_302' title='bbox 598 2779 884 2849; x_wconf 89' lang='grc' dir='ltr'>ταυτότητι</span> <span class='ocrx_word' id='word_1_303' title='bbox 935 2779 1027 2832; x_wconf 75' lang='grc' dir='ltr'>καὶ</span> <span class='ocrx_word' id='word_1_304' title='bbox 1060 2778 1419 2850; x_wconf 73' lang='grc' dir='ltr'>ἀμεταϐλήτῳ</span> <span class='ocrx_word' id='word_1_305' title='bbox 1451 2779 1689 2832; x_wconf 88' lang='grc' dir='ltr'>κείσεται</span> <span class='ocrx_word' id='word_1_306' title='bbox 1720 2779 1936 2843; x_wconf 88' lang='grc' dir='ltr'>πάντως</span> 
     </span>
    </p>
   </div>
   <div class='ocr_carea' id='block_1_36' title="bbox 370 2865 1936 2940">
    <p class='ocr_par' dir='ltr' id='par_1_36' title="bbox 370 2865 1936 2940">
     <span class='ocr_line' id='line_1_36' title="bbox 370 2865 1936 2940; baseline 0 -19"><span class='ocrx_word' id='word_1_307' title='bbox 370 2869 746 2940; x_wconf 84' lang='grc' dir='ltr'>μακαριότητι.</span> <span class='ocrx_word' id='word_1_308' title='bbox 802 2865 936 2921; x_wconf 76' lang='grc' dir='ltr'>Εἶτα</span> <span class='ocrx_word' id='word_1_309' title='bbox 971 2868 1076 2933; x_wconf 89' lang='grc' dir='ltr'>τίς,</span> <span class='ocrx_word' id='word_1_310' title='bbox 1128 2869 1250 2921; x_wconf 87' lang='grc' dir='ltr'>είπὲ</span> <span class='ocrx_word' id='word_1_311' title='bbox 1301 2886 1410 2938; x_wconf 92' lang='grc' dir='ltr'>μοι,</span> <span class='ocrx_word' id='word_1_312' title='bbox 1453 2871 1562 2922; x_wconf 86' lang='grc' dir='ltr'>τῶν</span> <span class='ocrx_word' id='word_1_313' title='bbox 1607 2871 1674 2922; x_wconf 71' lang='grc' dir='ltr'>τὰ</span> <span class='ocrx_word' id='word_1_314' title='bbox 1715 2870 1936 2923; x_wconf 85' lang='grc' dir='ltr'>τοιαῦτα</span> 
     </span>
    </p>
   </div>
   <div class='ocr_carea' id='block_1_37' title="bbox 365 2959 1935 3033">
    <p class='ocr_par' dir='ltr' id='par_1_37' title="bbox 365 2959 1935 3033">
     <span class='ocr_line' id='line_1_37' title="bbox 365 2959 1935 3033; baseline 0.001 -19"><span class='ocrx_word' id='word_1_315' title='bbox 365 2961 691 3025; x_wconf 76' lang='grc' dir='ltr'>δοξαζόντων</span> <span class='ocrx_word' id='word_1_316' title='bbox 719 2960 1000 3026; x_wconf 85' lang='grc' dir='ltr'>ὰνέξεται;</span> <span class='ocrx_word' id='word_1_317' title='bbox 1034 2960 1129 3022; x_wconf 89' lang='grc' dir='ltr'>Τίς</span> <span class='ocrx_word' id='word_1_318' title='bbox 1157 2959 1232 3024; x_wconf 85' lang='grc' dir='ltr'>δέ,</span> <span class='ocrx_word' id='word_1_319' title='bbox 1266 2961 1365 3031; x_wconf 84' lang='grc' dir='ltr'>τῆς</span> <span class='ocrx_word' id='word_1_320' title='bbox 1387 2960 1531 3023; x_wconf 81' lang='grc' dir='ltr'>θείας</span> <span class='ocrx_word' id='word_1_321' title='bbox 1556 2959 1764 3032; x_wconf 85' lang='grc' dir='ltr'>βοώσης</span> <span class='ocrx_word' id='word_1_322' title='bbox 1792 2962 1935 3033; x_wconf 87' lang='grc' dir='ltr'>Γρα-</span> 
     </span>
    </p>
   </div>
   <div class='ocr_carea' id='block_1_38' title="bbox 2115 1232 3620 1309">
    <p class='ocr_par' dir='ltr' id='par_1_38' title="bbox 2115 1232 3620 1309">
     <span class='ocr_line' id='line_1_38' title="bbox 2115 1232 3620 1309; baseline 0.004 -21"><span class='ocrx_word' id='word_1_323' title='bbox 2115 1232 2275 1300; x_wconf 89' lang='lat' dir='ltr'><strong>Quod</strong></span> <span class='ocrx_word' id='word_1_324' title='bbox 2309 1237 2354 1292; x_wconf 93' lang='lat' dir='ltr'><strong>si</strong></span> <span class='ocrx_word' id='word_1_325' title='bbox 2397 1237 2466 1292; x_wconf 90' lang='lat' dir='ltr'><strong>de</strong></span> <span class='ocrx_word' id='word_1_326' title='bbox 2512 1239 2824 1294; x_wconf 88' lang='lat' dir='ltr'><strong>substantia</strong></span> <span class='ocrx_word' id='word_1_327' title='bbox 2877 1237 3059 1295; x_wconf 88' lang='lat' dir='ltr'><strong>Patris</strong></span> <span class='ocrx_word' id='word_1_328' title='bbox 3104 1239 3285 1309; x_wconf 91' lang='lat' dir='ltr'><strong>ipsum</strong></span> <span class='ocrx_word' id='word_1_329' title='bbox 3336 1253 3444 1292; x_wconf 89' lang='lat' dir='ltr'>non</span> <span class='ocrx_word' id='word_1_330' title='bbox 3495 1254 3620 1294; x_wconf 85' lang='lat' dir='ltr'><strong>csse</strong></span> 
     </span>
    </p>
   </div>
   <div class='ocr_carea' id='block_1_39' title="bbox 2042 1321 3614 1396">
    <p class='ocr_par' dir='ltr' id='par_1_39' title="bbox 2042 1321 3614 1396">
     <span class='ocr_line' id='line_1_39' title="bbox 2042 1321 3614 1396; baseline 0.004 -20"><span class='ocrx_word' id='word_1_331' title='bbox 2042 1321 2268 1387; x_wconf 90' lang='lat' dir='ltr'><strong>dicunt,</strong></span> <span class='ocrx_word' id='word_1_332' title='bbox 2299 1325 2460 1396; x_wconf 73' lang='lat'>217</span> <span class='ocrx_word' id='word_1_333' title='bbox 2490 1341 2668 1396; x_wconf 91' lang='lat' dir='ltr'><strong>neque</strong></span> <span class='ocrx_word' id='word_1_334' title='bbox 2695 1326 2836 1382; x_wconf 86' lang='lat' dir='ltr'><strong>Deus</strong></span> <span class='ocrx_word' id='word_1_335' title='bbox 2863 1329 2968 1383; x_wconf 87' lang='lat' dir='ltr'><strong>erit</strong></span> <span class='ocrx_word' id='word_1_336' title='bbox 2995 1328 3298 1383; x_wconf 88' lang='lat' dir='ltr'><strong>secundum</strong></span> <span class='ocrx_word' id='word_1_337' title='bbox 3329 1335 3614 1394; x_wconf 88' lang='lat' dir='ltr'><strong>naturam,</strong></span> 
     </span>
    </p>
   </div>
   <div class='ocr_carea' id='block_1_40' title="bbox 2042 1414 3619 1485">
    <p class='ocr_par' dir='ltr' id='par_1_40' title="bbox 2042 1414 3619 1485">
     <span class='ocr_line' id='line_1_40' title="bbox 2042 1414 3619 1485; baseline 0.004 -17"><span class='ocrx_word' id='word_1_338' title='bbox 2042 1429 2218 1483; x_wconf 92' lang='lat' dir='ltr'><strong>neque</strong></span> <span class='ocrx_word' id='word_1_339' title='bbox 2269 1414 2416 1473; x_wconf 87' lang='lat' dir='ltr'><strong>Deus</strong></span> <span class='ocrx_word' id='word_1_340' title='bbox 2464 1433 2650 1474; x_wconf 87' lang='lat' dir='ltr'><strong>verus.</strong></span> <span class='ocrx_word' id='word_1_341' title='bbox 2697 1417 2800 1485; x_wconf 89' lang='lat' dir='ltr'><strong>Qui</strong></span> <span class='ocrx_word' id='word_1_342' title='bbox 2845 1420 2990 1474; x_wconf 91' lang='lat' dir='ltr'><strong>enim</strong></span> <span class='ocrx_word' id='word_1_343' title='bbox 3025 1419 3090 1474; x_wconf 86' lang='lat' dir='ltr'>de</span> <span class='ocrx_word' id='word_1_344' title='bbox 3123 1418 3234 1474; x_wconf 88' lang='lat' dir='ltr'>Deo</span> <span class='ocrx_word' id='word_1_345' title='bbox 3271 1435 3380 1473; x_wconf 91' lang='lat' dir='ltr'>non</span> <span class='ocrx_word' id='word_1_346' title='bbox 3416 1428 3499 1475; x_wconf 89' lang='lat' dir='ltr'>est</span> <span class='ocrx_word' id='word_1_347' title='bbox 3531 1436 3619 1475; x_wconf 87' lang='lat' dir='ltr'><strong>se-</strong></span> 
     </span>
    </p>
   </div>
   <div class='ocr_carea' id='block_1_41' title="bbox 2040 1503 3616 1580">
    <p class='ocr_par' dir='ltr' id='par_1_41' title="bbox 2040 1503 3616 1580">
     <span class='ocr_line' id='line_1_41' title="bbox 2040 1503 3616 1580; baseline 0.006 -22"><span class='ocrx_word' id='word_1_348' title='bbox 2040 1503 2284 1560; x_wconf 90' lang='lat' dir='ltr'><strong>cundum</strong></span> <span class='ocrx_word' id='word_1_349' title='bbox 2312 1516 2607 1575; x_wconf 89' lang='lat' dir='ltr'><strong>naturam,</strong></span> <span class='ocrx_word' id='word_1_350' title='bbox 2642 1524 2743 1562; x_wconf 89' lang='lat' dir='ltr'>nec</span> <span class='ocrx_word' id='word_1_351' title='bbox 2772 1507 2918 1564; x_wconf 90' lang='lat' dir='ltr'><strong>Deus</strong></span> <span class='ocrx_word' id='word_1_352' title='bbox 2950 1510 3142 1580; x_wconf 90' lang='lat' dir='ltr'><strong>utique</strong></span> <span class='ocrx_word' id='word_1_353' title='bbox 3176 1510 3494 1566; x_wconf 87' lang='lat' dir='ltr'><strong>censebitur</strong></span> <span class='ocrx_word' id='word_1_354' title='bbox 3525 1526 3616 1566; x_wconf 88' lang='lat' dir='ltr'>se-</span> 
     </span>
    </p>
   </div>
   <div class='ocr_carea' id='block_1_42' title="bbox 2037 1595 3614 1670">
    <p class='ocr_par' dir='ltr' id='par_1_42' title="bbox 2037 1595 3614 1670">
     <span class='ocr_line' id='line_1_42' title="bbox 2037 1595 3614 1670; baseline 0.005 -22"><span class='ocrx_word' id='word_1_355' title='bbox 2037 1595 2282 1650; x_wconf 89' lang='lat' dir='ltr'><strong>cundum</strong></span> <span class='ocrx_word' id='word_1_356' title='bbox 2316 1605 2608 1666; x_wconf 89' lang='lat' dir='ltr'><strong>naturam,</strong></span> <span class='ocrx_word' id='word_1_357' title='bbox 2645 1615 2824 1670; x_wconf 88' lang='lat' dir='ltr'><strong>neque</strong></span> <span class='ocrx_word' id='word_1_358' title='bbox 2855 1599 3064 1666; x_wconf 89' lang='lat' dir='ltr'><strong>Filius,</strong></span> <span class='ocrx_word' id='word_1_359' title='bbox 3098 1602 3204 1657; x_wconf 90' lang='lat' dir='ltr'><strong>nisi</strong></span> <span class='ocrx_word' id='word_1_360' title='bbox 3245 1617 3311 1657; x_wconf 82' lang='lat' dir='ltr'><strong>ex</strong></span> <span class='ocrx_word' id='word_1_361' title='bbox 3350 1603 3614 1658; x_wconf 85' lang='lat' dir='ltr'><strong>Substan-</strong></span> 
     </span>
    </p>
   </div>
   <div class='ocr_carea' id='block_1_43' title="bbox 2036 1685 3614 1772">
    <p class='ocr_par' dir='ltr' id='par_1_43' title="bbox 2036 1685 3614 1772">
     <span class='ocr_line' id='line_1_43' title="bbox 2036 1685 3614 1772; baseline 0.005 -33"><span class='ocrx_word' id='word_1_362' title='bbox 2036 1685 2112 1739; x_wconf 91' lang='lat' dir='ltr'>tia</span> <span class='ocrx_word' id='word_1_363' title='bbox 2143 1685 2326 1742; x_wconf 86' lang='lat' dir='ltr'><strong>Patris</strong></span> <span class='ocrx_word' id='word_1_364' title='bbox 2355 1688 2428 1743; x_wconf 86' lang='lat' dir='ltr'>sit</span> <span class='ocrx_word' id='word_1_365' title='bbox 2455 1689 2710 1757; x_wconf 84' lang='lat' dir='ltr'><strong>genitus,</strong></span> <span class='ocrx_word' id='word_1_366' title='bbox 2759 1690 2857 1746; x_wconf 90' lang='lat' dir='ltr'>scd</span> <span class='ocrx_word' id='word_1_367' title='bbox 2899 1690 3244 1747; x_wconf 89' lang='lat' dir='ltr'><strong>adulterinus</strong></span> <span class='ocrx_word' id='word_1_368' title='bbox 3287 1692 3614 1772; x_wconf 58' lang='lat' dir='ltr'><strong>quidam,“</strong></span> 
     </span>
    </p>
   </div>
   <div class='ocr_carea' id='block_1_44' title="bbox 2038 1777 3615 1852">
    <p class='ocr_par' dir='ltr' id='par_1_44' title="bbox 2038 1777 3615 1852">
     <span class='ocr_line' id='line_1_44' title="bbox 2038 1777 3615 1852; baseline 0.004 -20"><span class='ocrx_word' id='word_1_369' title='bbox 2038 1793 2216 1833; x_wconf 78' lang='lat' dir='ltr'><strong>novus</strong></span> <span class='ocrx_word' id='word_1_370' title='bbox 2249 1777 2396 1835; x_wconf 90' lang='lat' dir='ltr'><strong>Deus</strong></span> <span class='ocrx_word' id='word_1_371' title='bbox 2425 1781 2586 1836; x_wconf 89' lang='lat' dir='ltr'><strong>nobis</strong></span> <span class='ocrx_word' id='word_1_372' title='bbox 2619 1781 2689 1836; x_wconf 90' lang='lat' dir='ltr'>ab</span> <span class='ocrx_word' id='word_1_373' title='bbox 2722 1781 2858 1852; x_wconf 89' lang='lat' dir='ltr'><strong>ipsis</strong></span> <span class='ocrx_word' id='word_1_374' title='bbox 2891 1783 3191 1837; x_wconf 89' lang='lat' dir='ltr'><strong>invehitur.</strong></span> <span class='ocrx_word' id='word_1_375' title='bbox 3225 1782 3385 1848; x_wconf 86' lang='lat' dir='ltr'><strong>Quod</strong></span> <span class='ocrx_word' id='word_1_376' title='bbox 3421 1784 3470 1837; x_wconf 89' lang='lat' dir='ltr'><strong>si</strong></span> <span class='ocrx_word' id='word_1_377' title='bbox 3507 1783 3615 1838; x_wconf 89' lang='lat' dir='ltr'>hoc</span> 
     </span>
    </p>
   </div>
   <div class='ocr_carea' id='block_1_45' title="bbox 2037 1869 3616 1940">
    <p class='ocr_par' dir='ltr' id='par_1_45' title="bbox 2037 1869 3616 1940">
     <span class='ocr_line' id='line_1_45' title="bbox 2037 1869 3616 1940; baseline 0.004 -17"><span class='ocrx_word' id='word_1_378' title='bbox 2037 1869 2264 1924; x_wconf 89' lang='lat' dir='ltr'><strong>minime</strong></span> <span class='ocrx_word' id='word_1_379' title='bbox 2293 1871 2516 1940; x_wconf 88' lang='lat' dir='ltr'><strong>quidem</strong></span> <span class='ocrx_word' id='word_1_380' title='bbox 2549 1871 2749 1926; x_wconf 88' lang='lat' dir='ltr'><strong>dicturi</strong></span> <span class='ocrx_word' id='word_1_381' title='bbox 2805 1880 2972 1939; x_wconf 81' lang='lat' dir='ltr'><strong>sunt,</strong></span> <span class='ocrx_word' id='word_1_382' title='bbox 3018 1874 3180 1928; x_wconf 85' lang='lat' dir='ltr'><strong>veriti</strong></span> <span class='ocrx_word' id='word_1_383' title='bbox 3236 1890 3461 1930; x_wconf 75' lang='lat' dir='ltr'><strong>suorum</strong></span> <span class='ocrx_word' id='word_1_384' title='bbox 3515 1873 3616 1929; x_wconf 90' lang='lat' dir='ltr'><strong>do-</strong></span> 
     </span>
    </p>
   </div>
   <div class='ocr_carea' id='block_1_46' title="bbox 2038 1961 3615 2028">
    <p class='ocr_par' dir='ltr' id='par_1_46' title="bbox 2038 1961 3615 2028">
     <span class='ocr_line' id='line_1_46' title="bbox 2038 1961 3615 2028; baseline 0.004 -16"><span class='ocrx_word' id='word_1_385' title='bbox 2038 1969 2278 2028; x_wconf 88' lang='lat' dir='ltr'><strong>gmatum</strong></span> <span class='ocrx_word' id='word_1_386' title='bbox 2309 1961 2705 2017; x_wconf 86' lang='lat' dir='ltr'><strong>absurditatem</strong></span> <span class='ocrx_word' id='word_1_387' title='bbox 2728 2001 2744 2028; x_wconf 94' lang='lat'>,</span> <span class='ocrx_word' id='word_1_388' title='bbox 2771 1963 2866 2018; x_wconf 89' lang='lat' dir='ltr'>sed</span> <span class='ocrx_word' id='word_1_389' title='bbox 2889 1961 3194 2018; x_wconf 88' lang='lat' dir='ltr'><strong>concedent</strong></span> <span class='ocrx_word' id='word_1_390' title='bbox 3217 1977 3342 2018; x_wconf 89' lang='lat' dir='ltr'><strong>vere</strong></span> <span class='ocrx_word' id='word_1_391' title='bbox 3365 1979 3428 2019; x_wconf 76' lang='lat' dir='ltr'><strong>ex</strong></span> <span class='ocrx_word' id='word_1_392' title='bbox 3452 1961 3615 2018; x_wconf 81' lang='lat' dir='ltr'><strong>Patre</strong></span> 
     </span>
    </p>
   </div>
   <div class='ocr_carea' id='block_1_47' title="bbox 2039 2049 3613 2122">
    <p class='ocr_par' dir='ltr' id='par_1_47' title="bbox 2039 2049 3613 2122">
     <span class='ocr_line' id='line_1_47' title="bbox 2039 2049 3613 2122; baseline 0.003 -17"><span class='ocrx_word' id='word_1_393' title='bbox 2039 2049 2395 2122; x_wconf 85' lang='lat' dir='ltr'><strong>Unigenitum</strong></span> <span class='ocrx_word' id='word_1_394' title='bbox 2431 2054 2736 2117; x_wconf 80' lang='lat' dir='ltr'><strong>exsistere,</strong></span> <span class='ocrx_word' id='word_1_395' title='bbox 2780 2061 2835 2108; x_wconf 90' lang='lat' dir='ltr'>et</span> <span class='ocrx_word' id='word_1_396' title='bbox 2883 2054 3187 2108; x_wconf 89' lang='lat' dir='ltr'><strong>secundum</strong></span> <span class='ocrx_word' id='word_1_397' title='bbox 3237 2062 3497 2109; x_wconf 90' lang='lat' dir='ltr'><strong>naturam</strong></span> <span class='ocrx_word' id='word_1_398' title='bbox 3546 2069 3613 2110; x_wconf 87' lang='lat' dir='ltr'>ac</span> 
     </span>
    </p>
   </div>
   <div class='ocr_carea' id='block_1_48' title="bbox 2036 2141 3614 2215">
    <p class='ocr_par' dir='ltr' id='par_1_48' title="bbox 2036 2141 3614 2215">
     <span class='ocr_line' id='line_1_48' title="bbox 2036 2141 3614 2215; baseline 0.003 -19"><span class='ocrx_word' id='word_1_399' title='bbox 2036 2157 2165 2197; x_wconf 88' lang='lat' dir='ltr'><strong>vere</strong></span> <span class='ocrx_word' id='word_1_400' title='bbox 2195 2141 2368 2197; x_wconf 90' lang='lat' dir='ltr'><strong>Deum</strong></span> <span class='ocrx_word' id='word_1_401' title='bbox 2405 2159 2567 2199; x_wconf 87' lang='lat' dir='ltr'><strong>esse:</strong></span> <span class='ocrx_word' id='word_1_402' title='bbox 2603 2144 2881 2215; x_wconf 88' lang='lat' dir='ltr'><strong>quomodo</strong></span> <span class='ocrx_word' id='word_1_403' title='bbox 2907 2143 3067 2198; x_wconf 86' lang='lat' dir='ltr'><strong>Patre</strong></span> <span class='ocrx_word' id='word_1_404' title='bbox 3102 2146 3284 2200; x_wconf 92' lang='lat' dir='ltr'><strong>minor</strong></span> <span class='ocrx_word' id='word_1_405' title='bbox 3328 2146 3470 2212; x_wconf 89' lang='lat' dir='ltr'><strong>erit,</strong></span> <span class='ocrx_word' id='word_1_406' title='bbox 3517 2156 3614 2201; x_wconf 91' lang='lat' dir='ltr'>aut</span> 
     </span>
    </p>
   </div>
   <div class='ocr_carea' id='block_1_49' title="bbox 2037 2235 3612 2307">
    <p class='ocr_par' dir='ltr' id='par_1_49' title="bbox 2037 2235 3612 2307">
     <span class='ocr_line' id='line_1_49' title="bbox 2037 2235 3612 2307; baseline 0.003 -21"><span class='ocrx_word' id='word_1_407' title='bbox 2037 2235 2342 2303; x_wconf 90' lang='lat' dir='ltr'><strong>quomodo,</strong></span> <span class='ocrx_word' id='word_1_408' title='bbox 2374 2236 2422 2288; x_wconf 88' lang='lat' dir='ltr'><strong>si</strong></span> <span class='ocrx_word' id='word_1_409' title='bbox 2455 2236 2640 2290; x_wconf 87' lang='lat' dir='ltr'><strong>minus</strong></span> <span class='ocrx_word' id='word_1_410' title='bbox 2670 2236 2788 2306; x_wconf 89' lang='lat' dir='ltr'><strong>ipse</strong></span> <span class='ocrx_word' id='word_1_411' title='bbox 2818 2251 2980 2305; x_wconf 88' lang='lat' dir='ltr'><strong>quam</strong></span> <span class='ocrx_word' id='word_1_412' title='bbox 3008 2235 3247 2291; x_wconf 85' lang='lat' dir='ltr'><strong>Paterin</strong></span> <span class='ocrx_word' id='word_1_413' title='bbox 3273 2237 3459 2305; x_wconf 89' lang='lat' dir='ltr'><strong>aliquo</strong></span> <span class='ocrx_word' id='word_1_414' title='bbox 3489 2252 3612 2307; x_wconf 88' lang='lat' dir='ltr'><strong>pos-</strong></span> 
     </span>
    </p>
   </div>
   <div class='ocr_carea' id='block_1_50' title="bbox 2037 2324 3611 2399">
    <p class='ocr_par' dir='ltr' id='par_1_50' title="bbox 2037 2324 3611 2399">
     <span class='ocr_line' id='line_1_50' title="bbox 2037 2324 3611 2399; baseline 0.003 -20"><span class='ocrx_word' id='word_1_415' title='bbox 2037 2324 2140 2388; x_wconf 87' lang='lat' dir='ltr'><strong>sit,</strong></span> <span class='ocrx_word' id='word_1_416' title='bbox 2173 2325 2576 2382; x_wconf 80' lang='lat' dir='ltr'><strong>imbecillitatis</strong></span> <span class='ocrx_word' id='word_1_417' title='bbox 2605 2335 2793 2382; x_wconf 89' lang='lat' dir='ltr'><strong>notam</strong></span> <span class='ocrx_word' id='word_1_418' title='bbox 2824 2326 2933 2383; x_wconf 90' lang='lat' dir='ltr'>Deo</span> <span class='ocrx_word' id='word_1_419' title='bbox 2963 2344 3072 2383; x_wconf 92' lang='lat' dir='ltr'>non</span> <span class='ocrx_word' id='word_1_420' title='bbox 3103 2328 3362 2399; x_wconf 82' lang='lat' dir='ltr'><strong>amngct?</strong></span> <span class='ocrx_word' id='word_1_421' title='bbox 3395 2329 3528 2384; x_wconf 87' lang='lat' dir='ltr'><strong>Nam</strong></span> <span class='ocrx_word' id='word_1_422' title='bbox 3562 2331 3611 2386; x_wconf 89' lang='lat' dir='ltr'>si</span> 
     </span>
    </p>
   </div>
   <div class='ocr_carea' id='block_1_51' title="bbox 2036 2415 3613 2490">
    <p class='ocr_par' dir='ltr' id='par_1_51' title="bbox 2036 2415 3613 2490">
     <span class='ocr_line' id='line_1_51' title="bbox 2036 2415 3613 2490; baseline 0.006 -23"><span class='ocrx_word' id='word_1_423' title='bbox 2036 2415 2310 2470; x_wconf 85' lang='lat' dir='ltr'><strong>naturalis</strong></span> <span class='ocrx_word' id='word_1_424' title='bbox 2337 2415 2479 2471; x_wconf 89' lang='lat' dir='ltr'><strong>Deus</strong></span> <span class='ocrx_word' id='word_1_425' title='bbox 2506 2417 2802 2472; x_wconf 90' lang='lat' dir='ltr'><strong>imbecillis</strong></span> <span class='ocrx_word' id='word_1_426' title='bbox 2829 2418 2942 2473; x_wconf 87' lang='lat' dir='ltr'><strong>fieri</strong></span> <span class='ocrx_word' id='word_1_427' title='bbox 2974 2425 3174 2488; x_wconf 87' lang='lat' dir='ltr'><strong>potest,</strong></span> <span class='ocrx_word' id='word_1_428' title='bbox 3196 2421 3327 2488; x_wconf 90' lang='lat' dir='ltr'><strong>quid</strong></span> <span class='ocrx_word' id='word_1_429' title='bbox 3355 2421 3613 2490; x_wconf 91' lang='lat' dir='ltr'><strong>prohibet</strong></span> 
     </span>
    </p>
   </div>
   <div class='ocr_carea' id='block_1_52' title="bbox 2036 2505 3614 2581">
    <p class='ocr_par' dir='ltr' id='par_1_52' title="bbox 2036 2505 3614 2581">
     <span class='ocr_line' id='line_1_52' title="bbox 2036 2505 3614 2581; baseline 0.006 -22"><span class='ocrx_word' id='word_1_430' title='bbox 2036 2505 2254 2562; x_wconf 89' lang='lat' dir='ltr'><strong>Patrem</strong></span> <span class='ocrx_word' id='word_1_431' title='bbox 2290 2507 2346 2562; x_wconf 95' lang='lat' dir='ltr'>in</span> <span class='ocrx_word' id='word_1_432' title='bbox 2378 2523 2436 2562; x_wconf 89' lang='lat' dir='ltr'>se</span> <span class='ocrx_word' id='word_1_433' title='bbox 2467 2524 2689 2579; x_wconf 88' lang='lat' dir='ltr'><strong>quoque</strong></span> <span class='ocrx_word' id='word_1_434' title='bbox 2720 2509 2774 2564; x_wconf 90' lang='lat' dir='ltr'><strong>id</strong></span> <span class='ocrx_word' id='word_1_435' title='bbox 2811 2510 3130 2581; x_wconf 89' lang='lat' dir='ltr'><strong>suscipere,</strong></span> <span class='ocrx_word' id='word_1_436' title='bbox 3176 2527 3300 2566; x_wconf 91' lang='lat' dir='ltr'>cum</span> <span class='ocrx_word' id='word_1_437' title='bbox 3344 2513 3531 2567; x_wconf 89' lang='lat' dir='ltr'><strong>divina</strong></span> <span class='ocrx_word' id='word_1_438' title='bbox 3558 2524 3614 2568; x_wconf 89' lang='lat' dir='ltr'><strong>et</strong></span> 
     </span>
    </p>
   </div>
   <div class='ocr_carea' id='block_1_53' title="bbox 2037 2598 3610 2673">
    <p class='ocr_par' dir='ltr' id='par_1_53' title="bbox 2037 2598 3610 2673">
     <span class='ocr_line' id='line_1_53' title="bbox 2037 2598 3610 2673; baseline 0.003 -21"><span class='ocrx_word' id='word_1_439' title='bbox 2037 2598 2335 2656; x_wconf 82' lang='lat' dir='ltr'><strong>ineﬂabilis</strong></span> <span class='ocrx_word' id='word_1_440' title='bbox 2383 2607 2578 2654; x_wconf 88' lang='lat' dir='ltr'><strong>natura</strong></span> <span class='ocrx_word' id='word_1_441' title='bbox 2627 2601 2680 2655; x_wconf 93' lang='lat' dir='ltr'><strong>id</strong></span> <span class='ocrx_word' id='word_1_442' title='bbox 2730 2603 2900 2656; x_wconf 81' lang='lat' dir='ltr'><strong>semel</strong></span> <span class='ocrx_word' id='word_1_443' title='bbox 2945 2602 3145 2657; x_wconf 87' lang='lat' dir='ltr'><strong>habeat</strong></span> <span class='ocrx_word' id='word_1_444' title='bbox 3174 2611 3231 2656; x_wconf 93' lang='lat' dir='ltr'><strong>ut</strong></span> <span class='ocrx_word' id='word_1_445' title='bbox 3263 2604 3374 2672; x_wconf 88' lang='lat' dir='ltr'><strong>pati</strong></span> <span class='ocrx_word' id='word_1_446' title='bbox 3402 2604 3610 2673; x_wconf 82' lang='lat' dir='ltr'><strong>possit,</strong></span> 
     </span>
    </p>
   </div>
   <div class='ocr_carea' id='block_1_54' title="bbox 2039 2689 3619 2762">
    <p class='ocr_par' dir='ltr' id='par_1_54' title="bbox 2039 2689 3619 2762">
     <span class='ocr_line' id='line_1_54' title="bbox 2039 2689 3619 2762; baseline 0.004 -21"><span class='ocrx_word' id='word_1_447' title='bbox 2039 2698 2206 2757; x_wconf 90' lang='lat' dir='ltr'><strong>atque</strong></span> <span class='ocrx_word' id='word_1_448' title='bbox 2234 2689 2308 2743; x_wconf 91' lang='lat' dir='ltr'>ita</span> <span class='ocrx_word' id='word_1_449' title='bbox 2333 2689 2448 2758; x_wconf 88' lang='lat' dir='ltr'>jam</span> <span class='ocrx_word' id='word_1_450' title='bbox 2473 2729 2488 2754; x_wconf 94' lang='lat'>,</span> <span class='ocrx_word' id='word_1_451' title='bbox 2521 2697 2582 2743; x_wconf 93' lang='lat' dir='ltr'>ut</span> <span class='ocrx_word' id='word_1_452' title='bbox 2613 2691 2692 2744; x_wconf 92' lang='lat' dir='ltr'><strong>illi</strong></span> <span class='ocrx_word' id='word_1_453' title='bbox 2725 2693 2949 2755; x_wconf 85' lang='lat' dir='ltr'><strong>volunt,</strong></span> <span class='ocrx_word' id='word_1_454' title='bbox 3003 2703 3268 2762; x_wconf 88' lang='lat' dir='ltr'><strong>appareat</strong></span> <span class='ocrx_word' id='word_1_455' title='bbox 3317 2693 3372 2747; x_wconf 94' lang='lat' dir='ltr'><strong>in</strong></span> <span class='ocrx_word' id='word_1_456' title='bbox 3421 2693 3567 2749; x_wconf 85' lang='lat' dir='ltr'><strong>Filio</strong></span> <span class='ocrx_word' id='word_1_457' title='bbox 3589 2695 3619 2748; x_wconf 72' lang='grc' dir='ltr'><strong><em>τ</em></strong></span> 
     </span>
    </p>
   </div>
   <div class='ocr_carea' id='block_1_55' title="bbox 2037 2777 3671 2853">
    <p class='ocr_par' dir='ltr' id='par_1_55' title="bbox 2037 2777 3671 2853">
     <span class='ocr_line' id='line_1_55' title="bbox 2037 2777 3671 2853; baseline 0.008 -22"><span class='ocrx_word' id='word_1_458' title='bbox 2037 2777 2212 2849; x_wconf 86' lang='lat' dir='ltr'><strong>Igitur</strong></span> <span class='ocrx_word' id='word_1_459' title='bbox 2238 2795 2339 2834; x_wconf 90' lang='lat' dir='ltr'>nec</span> <span class='ocrx_word' id='word_1_460' title='bbox 2367 2779 2510 2836; x_wconf 84' lang='lat' dir='ltr'><strong>Deus</strong></span> <span class='ocrx_word' id='word_1_461' title='bbox 2547 2781 2867 2850; x_wconf 90' lang='lat' dir='ltr'><strong>impatibilis</strong></span> <span class='ocrx_word' id='word_1_462' title='bbox 2893 2784 2999 2838; x_wconf 91' lang='lat' dir='ltr'><strong>erit</strong></span> <span class='ocrx_word' id='word_1_463' title='bbox 3020 2824 3033 2847; x_wconf 91' lang='lat'>,</span> <span class='ocrx_word' id='word_1_464' title='bbox 3066 2799 3168 2837; x_wconf 92' lang='lat' dir='ltr'>nec</span> <span class='ocrx_word' id='word_1_465' title='bbox 3202 2799 3417 2853; x_wconf 82' lang='lat' dir='ltr'><strong>semper</strong></span> <span class='ocrx_word' id='word_1_466' title='bbox 3444 2785 3610 2852; x_wconf 87' lang='lat' dir='ltr'><strong>idem,</strong></span> <span class='ocrx_word' id='word_1_467' title='bbox 3668 2842 3671 2844; x_wconf 93' lang='lat'><em>_</em></span> 
     </span>
    </p>
   </div>
   <div class='ocr_carea' id='block_1_56' title="bbox 2036 2869 3612 2942">
    <p class='ocr_par' dir='ltr' id='par_1_56' title="bbox 2036 2869 3612 2942">
     <span class='ocr_line' id='line_1_56' title="bbox 2036 2869 3612 2942; baseline 0.003 -18"><span class='ocrx_word' id='word_1_468' title='bbox 2036 2885 2142 2924; x_wconf 90' lang='lat' dir='ltr'>nec</span> <span class='ocrx_word' id='word_1_469' title='bbox 2188 2869 2532 2925; x_wconf 90' lang='lat' dir='ltr'><strong>infelicitate</strong></span> <span class='ocrx_word' id='word_1_470' title='bbox 2565 2871 2898 2925; x_wconf 85' lang='lat' dir='ltr'><strong>immutabili</strong></span> <span class='ocrx_word' id='word_1_471' title='bbox 2947 2873 3298 2926; x_wconf 90' lang='lat' dir='ltr'><strong>constitutus.</strong></span> <span class='ocrx_word' id='word_1_472' title='bbox 3348 2873 3418 2926; x_wconf 82' lang='lat' dir='ltr'><strong>At</strong></span> <span class='ocrx_word' id='word_1_473' title='bbox 3465 2875 3612 2942; x_wconf 87' lang='lat' dir='ltr'><strong>quis,</strong></span> 
     </span>
    </p>
   </div>
   <div class='ocr_carea' id='block_1_57' title="bbox 2038 2960 3613 3027">
    <p class='ocr_par' dir='ltr' id='par_1_57' title="bbox 2038 2960 3613 3027">
     <span class='ocr_line' id='line_1_57' title="bbox 2038 2960 3613 3027; baseline 0.003 -12"><span class='ocrx_word' id='word_1_474' title='bbox 2038 2960 2295 3025; x_wconf 90' lang='lat' dir='ltr'><strong>obsecro,</strong></span> <span class='ocrx_word' id='word_1_475' title='bbox 2339 2975 2512 3016; x_wconf 88' lang='lat' dir='ltr'><strong>sanus</strong></span> <span class='ocrx_word' id='word_1_476' title='bbox 2553 2961 2667 3016; x_wconf 84' lang='lat' dir='ltr'><strong>haec</strong></span> <span class='ocrx_word' id='word_1_477' title='bbox 2718 2961 2898 3016; x_wconf 84' lang='lat' dir='ltr'><strong>feret?</strong></span> <span class='ocrx_word' id='word_1_478' title='bbox 2929 2960 3086 3027; x_wconf 84' lang='lat' dir='ltr'><strong>Quis,</strong></span> <span class='ocrx_word' id='word_1_479' title='bbox 3120 2962 3306 3017; x_wconf 90' lang='lat' dir='ltr'><strong>divina</strong></span> <span class='ocrx_word' id='word_1_480' title='bbox 3336 2962 3613 3019; x_wconf 84' lang='lat' dir='ltr'><strong>clamante</strong></span> 
     </span>
    </p>
   </div>
   <div class='ocr_carea' id='block_1_58' title="bbox 364 3050 1937 3134">
    <p class='ocr_par' dir='ltr' id='par_1_58' title="bbox 364 3050 1933 3122">
     <span class='ocr_line' id='line_1_58' title="bbox 364 3050 1933 3122; baseline -0.024 12"><span class='ocrx_word' id='word_1_481' title='bbox 364 3051 507 3122; x_wconf 64' lang='grc' dir='ltr'>φής’</span> <span class='ocrx_word' id='word_1_482' title='bbox 555 3052 634 3104; x_wconf 69' lang='grc' dir='ltr'>δτι</span> <span class='ocrx_word' id='word_1_483' title='bbox 674 3050 875 3120; x_wconf 69' lang='grc' dir='ltr'>Κύριος</span> <span class='ocrx_word' id='word_1_484' title='bbox 923 3051 1029 3103; x_wconf 78' lang='grc' dir='ltr'>τῶν</span> <span class='ocrx_word' id='word_1_485' title='bbox 1068 3050 1351 3122; x_wconf 78' lang='grc' dir='ltr'>δυνάμεων</span> <span class='ocrx_word' id='word_1_486' title='bbox 1395 3053 1540 3105; x_wconf 85' lang='grc' dir='ltr'>ἐστιν</span> <span class='ocrx_word' id='word_1_487' title='bbox 1582 3053 1611 3104; x_wconf 88' lang='lat'>6</span> <span class='ocrx_word' id='word_1_488' title='bbox 1659 3053 1816 3116; x_wconf 85' lang='grc' dir='ltr'>Υίὸς,</span> <span class='ocrx_word' id='word_1_489' title='bbox 1873 3052 1933 3105; x_wconf 84' lang='grc' dir='ltr'>οὐ</span> 
     </span>
    </p>
   </div>
   <div class='ocr_carea' id='block_1_59' title="bbox 2038 3050 3612 3134">
    <p class='ocr_par' dir='ltr' id='par_1_59' title="bbox 2042 3051 3612 3122">
     <span class='ocr_line' id='line_1_59' title="bbox 2042 3051 3612 3122; baseline 0.003 -16"><span class='ocrx_word' id='word_1_490' title='bbox 2042 3051 2366 3122; x_wconf 88' lang='lat' dir='ltr'><strong>Scriptura,</strong></span> <span class='ocrx_word' id='word_1_491' title='bbox 2418 3051 2710 3107; x_wconf 89' lang='lat' dir='ltr'><strong>Dominum</strong></span> <span class='ocrx_word' id='word_1_492' title='bbox 2756 3053 3022 3108; x_wconf 85' lang='lat' dir='ltr'><strong>virtutum</strong></span> <span class='ocrx_word' id='word_1_493' title='bbox 3059 3068 3179 3108; x_wconf 90' lang='lat' dir='ltr'><strong>esse</strong></span> <span class='ocrx_word' id='word_1_494' title='bbox 3211 3051 3446 3118; x_wconf 89' lang='lat' dir='ltr'><strong>Filium,</strong></span> <span class='ocrx_word' id='word_1_495' title='bbox 3499 3069 3612 3110; x_wconf 92' lang='lat' dir='ltr'>non</span> 
     </span>
    </p>
   </div>
   <div class='ocr_carea' id='block_1_60' title="bbox 367 3141 1934 3215">
    <p class='ocr_par' dir='ltr' id='par_1_60' title="bbox 367 3141 1934 3215">
     <span class='ocr_line' id='line_1_60' title="bbox 367 3141 1934 3215; baseline 0 -19"><span class='ocrx_word' id='word_1_496' title='bbox 367 3144 772 3215; x_wconf 69' lang='grc' dir='ltr'>ιαταναρκὴσει</span> <span class='ocrx_word' id='word_1_497' title='bbox 819 3143 1025 3212; x_wconf 86' lang='grc' dir='ltr'>λέγων,</span> <span class='ocrx_word' id='word_1_498' title='bbox 1075 3141 1440 3214; x_wconf 82' lang='grc' dir='ltr'>δυναμοῦσθαι</span> <span class='ocrx_word' id='word_1_499' title='bbox 1484 3143 1704 3214; x_wconf 79' lang='grc' dir='ltr'>χρῄζειν</span> <span class='ocrx_word' id='word_1_500' title='bbox 1753 3144 1934 3209; x_wconf 89' lang='grc' dir='ltr'>αὐτὸν,</span> 
     </span>
    </p>
   </div>
   <div class='ocr_carea' id='block_1_61' title="bbox 367 3233 1938 3306">
    <p class='ocr_par' dir='ltr' id='par_1_61' title="bbox 367 3233 1938 3306">
     <span class='ocr_line' id='line_1_61' title="bbox 367 3233 1938 3306; baseline -0.001 -18"><span class='ocrx_word' id='word_1_501' title='bbox 367 3235 460 3288; x_wconf 70' lang='grc' dir='ltr'>καὶ</span> <span class='ocrx_word' id='word_1_502' title='bbox 489 3235 655 3305; x_wconf 86' lang='grc' dir='ltr'>ἀτελῆ</span> <span class='ocrx_word' id='word_1_503' title='bbox 685 3235 828 3288; x_wconf 75' lang='grc' dir='ltr'>κατὰ</span> <span class='ocrx_word' id='word_1_504' title='bbox 853 3234 1011 3288; x_wconf 89' lang='grc' dir='ltr'>τοῦτο</span> <span class='ocrx_word' id='word_1_505' title='bbox 1041 3233 1327 3306; x_wconf 89' lang='grc' dir='ltr'>ὑπάρχειν,</span> <span class='ocrx_word' id='word_1_506' title='bbox 1361 3235 1390 3288; x_wconf 83' lang='grc' dir='ltr'>ὃ</span> <span class='ocrx_word' id='word_1_507' title='bbox 1418 3235 1624 3306; x_wconf 79' lang='grc' dir='ltr'>κυρίως</span> <span class='ocrx_word' id='word_1_508' title='bbox 1665 3236 1758 3288; x_wconf 80' lang='grc' dir='ltr'>καὶ</span> <span class='ocrx_word' id='word_1_509' title='bbox 1793 3235 1938 3306; x_wconf 90' lang='grc' dir='ltr'>μόνῳ</span> 
     </span>
    </p>
   </div>
   <div class='ocr_carea' id='block_1_62' title="bbox 367 3319 1935 3402">
    <p class='ocr_par' dir='ltr' id='par_1_62' title="bbox 367 3319 1935 3402">
     <span class='ocr_line' id='line_1_62' title="bbox 367 3319 1935 3402; baseline 0.001 -24"><span class='ocrx_word' id='word_1_510' title='bbox 367 3319 655 3397; x_wconf 84' lang='grc' dir='ltr'>πρόσεστιν</span> <span class='ocrx_word' id='word_1_511' title='bbox 684 3325 833 3397; x_wconf 86' lang='grc' dir='ltr'>αὐτῷ</span> <span class='ocrx_word' id='word_1_512' title='bbox 863 3325 1000 3402; x_wconf 62' lang='grc' dir='ltr'>μετὰ</span> <span class='ocrx_word' id='word_1_513' title='bbox 1026 3326 1236 3396; x_wconf 88' lang='grc' dir='ltr'>Πατρὸς</span> <span class='ocrx_word' id='word_1_514' title='bbox 1266 3327 1361 3380; x_wconf 77' lang='grc' dir='ltr'>καὶ</span> <span class='ocrx_word' id='word_1_515' title='bbox 1389 3327 1544 3394; x_wconf 80' lang='grc' dir='ltr'>ἁγίου</span> <span class='ocrx_word' id='word_1_516' title='bbox 1581 3326 1935 3396; x_wconf 85' lang='grc' dir='ltr'>Πνεύματος;</span> 
     </span>
    </p>
   </div>
   <div class='ocr_carea' id='block_1_63' title="bbox 381 3416 1937 3487">
    <p class='ocr_par' dir='ltr' id='par_1_63' title="bbox 381 3416 1937 3487">
     <span class='ocr_line' id='line_1_63' title="bbox 381 3416 1937 3487; baseline 0.001 -19"><span class='ocrx_word' id='word_1_517' title='bbox 381 3417 525 3486; x_wconf 85' lang='grc' dir='ltr'>Ἐρεῖ</span> <span class='ocrx_word' id='word_1_518' title='bbox 547 3417 602 3469; x_wconf 84' lang='grc' dir='ltr'>δέ</span> <span class='ocrx_word' id='word_1_519' title='bbox 624 3417 784 3470; x_wconf 87' lang='grc' dir='ltr'>πάλιν</span> <span class='ocrx_word' id='word_1_520' title='bbox 801 3418 931 3487; x_wconf 85' lang='grc' dir='ltr'>ἡμῖν</span> <span class='ocrx_word' id='word_1_521' title='bbox 962 3419 989 3468; x_wconf 86' lang='grc' dir='ltr'>ό</span> <span class='ocrx_word' id='word_1_522' title='bbox 1011 3416 1078 3469; x_wconf 86' lang='grc' dir='ltr'>δι’</span> <span class='ocrx_word' id='word_1_523' title='bbox 1099 3417 1365 3480; x_wconf 89' lang='grc' dir='ltr'>ἐναντίας·</span> <span class='ocrx_word' id='word_1_524' title='bbox 1398 3416 1556 3470; x_wconf 81' lang='grc' dir='ltr'>Κατὰ</span> <span class='ocrx_word' id='word_1_525' title='bbox 1575 3416 1732 3470; x_wconf 87' lang='grc' dir='ltr'>τοῦτό</span> <span class='ocrx_word' id='word_1_526' title='bbox 1757 3433 1937 3486; x_wconf 86' lang='grc' dir='ltr'>φαμεν</span> 
     </span>
    </p>
   </div>
   <div class='ocr_carea' id='block_1_64' title="bbox 367 3505 1937 3578">
    <p class='ocr_par' dir='ltr' id='par_1_64' title="bbox 367 3505 1937 3578">
     <span class='ocr_line' id='line_1_64' title="bbox 367 3505 1937 3578; baseline 0.001 -20"><span class='ocrx_word' id='word_1_527' title='bbox 367 3505 723 3576; x_wconf 89' lang='grc' dir='ltr'>ὑπερκεῖσθαι</span> <span class='ocrx_word' id='word_1_528' title='bbox 756 3505 851 3558; x_wconf 90' lang='grc' dir='ltr'>τοῦ</span> <span class='ocrx_word' id='word_1_529' title='bbox 883 3505 1011 3558; x_wconf 81' lang='grc' dir='ltr'>Υίοῦ</span> <span class='ocrx_word' id='word_1_530' title='bbox 1040 3505 1131 3559; x_wconf 87' lang='grc' dir='ltr'>τὸν</span> <span class='ocrx_word' id='word_1_531' title='bbox 1159 3507 1402 3578; x_wconf 81' lang='grc' dir='ltr'>Πατέρα.</span> <span class='ocrx_word' id='word_1_532' title='bbox 1449 3507 1508 3560; x_wconf 88' lang='lat'>&#39;0</span> <span class='ocrx_word' id='word_1_533' title='bbox 1549 3507 1646 3577; x_wconf 82' lang='grc' dir='ltr'>μὲν</span> <span class='ocrx_word' id='word_1_534' title='bbox 1676 3506 1782 3578; x_wconf 87' lang='grc' dir='ltr'>γάρ</span> <span class='ocrx_word' id='word_1_535' title='bbox 1820 3508 1937 3559; x_wconf 90' lang='grc' dir='ltr'>ἐστι</span> 
     </span>
    </p>
   </div>
   <div class='ocr_carea' id='block_1_65' title="bbox 360 3595 1938 3669">
    <p class='ocr_par' dir='ltr' id='par_1_65' title="bbox 360 3595 1938 3669">
     <span class='ocr_line' id='line_1_65' title="bbox 360 3595 1938 3669; baseline 0.004 -25"><span class='ocrx_word' id='word_1_536' title='bbox 360 3596 472 3650; x_wconf 74' lang='grc' dir='ltr'>τῶν</span> <span class='ocrx_word' id='word_1_537' title='bbox 500 3595 674 3666; x_wconf 79' lang='grc' dir='ltr'>ἔργων</span> <span class='ocrx_word' id='word_1_538' title='bbox 700 3597 1191 3667; x_wconf 89' lang='grc' dir='ltr'>προκαταρκτικὸς,</span> <span class='ocrx_word' id='word_1_539' title='bbox 1242 3597 1316 3661; x_wconf 86' lang='grc' dir='ltr'>ὡς</span> <span class='ocrx_word' id='word_1_540' title='bbox 1351 3596 1488 3668; x_wconf 80' lang='grc' dir='ltr'>ἔχων</span> <span class='ocrx_word' id='word_1_541' title='bbox 1519 3597 1574 3650; x_wconf 82' lang='grc' dir='ltr'>ἐν</span> <span class='ocrx_word' id='word_1_542' title='bbox 1601 3615 1659 3650; x_wconf 92' lang='grc' dir='ltr'>τε</span> <span class='ocrx_word' id='word_1_543' title='bbox 1688 3599 1752 3669; x_wconf 79' lang='grc' dir='ltr'>τῇ</span> <span class='ocrx_word' id='word_1_544' title='bbox 1782 3597 1938 3650; x_wconf 89' lang='grc' dir='ltr'>δυνά-</span> 
     </span>
    </p>
   </div>
   <div class='ocr_carea' id='block_1_66' title="bbox 370 3687 1935 3759">
    <p class='ocr_par' dir='ltr' id='par_1_66' title="bbox 370 3687 1935 3759">
     <span class='ocr_line' id='line_1_66' title="bbox 370 3687 1935 3759; baseline 0 -19"><span class='ocrx_word' id='word_1_545' title='bbox 370 3704 458 3756; x_wconf 87' lang='grc' dir='ltr'>μει</span> <span class='ocrx_word' id='word_1_546' title='bbox 487 3687 579 3739; x_wconf 77' lang='grc' dir='ltr'>καὶ</span> <span class='ocrx_word' id='word_1_547' title='bbox 605 3689 661 3740; x_wconf 91' lang='grc' dir='ltr'>ἐν</span> <span class='ocrx_word' id='word_1_548' title='bbox 689 3687 766 3757; x_wconf 84' lang='grc' dir='ltr'>τῷ</span> <span class='ocrx_word' id='word_1_549' title='bbox 798 3687 975 3740; x_wconf 87' lang='grc' dir='ltr'>πάντα</span> <span class='ocrx_word' id='word_1_550' title='bbox 1014 3687 1213 3740; x_wconf 85' lang='grc' dir='ltr'>είδέναι</span> <span class='ocrx_word' id='word_1_551' title='bbox 1246 3687 1306 3740; x_wconf 90' lang='grc' dir='ltr'>τὸ</span> <span class='ocrx_word' id='word_1_552' title='bbox 1330 3688 1536 3742; x_wconf 86' lang='grc' dir='ltr'>τέλειον</span> <span class='ocrx_word' id='word_1_553' title='bbox 1562 3704 1576 3718; x_wconf 83' lang='lat'><strong><em>°</em></strong></span> <span class='ocrx_word' id='word_1_554' title='bbox 1604 3689 1632 3741; x_wconf 90' lang='lat'>6</span> <span class='ocrx_word' id='word_1_555' title='bbox 1651 3688 1706 3741; x_wconf 81' lang='grc' dir='ltr'>δὲ</span> <span class='ocrx_word' id='word_1_556' title='bbox 1738 3689 1935 3759; x_wconf 89' lang='grc' dir='ltr'>πρότε-</span> 
     </span>
    </p>
   </div>
   <div class='ocr_carea' id='block_1_67' title="bbox 369 3774 1935 3852">
    <p class='ocr_par' dir='ltr' id='par_1_67' title="bbox 369 3774 1935 3852">
     <span class='ocr_line' id='line_1_67' title="bbox 369 3774 1935 3852; baseline 0.001 -21"><span class='ocrx_word' id='word_1_557' title='bbox 369 3796 458 3850; x_wconf 92' lang='grc' dir='ltr'>ρον</span> <span class='ocrx_word' id='word_1_558' title='bbox 501 3779 708 3846; x_wconf 88' lang='grc' dir='ltr'>γίνεται</span> <span class='ocrx_word' id='word_1_559' title='bbox 761 3778 990 3850; x_wconf 82' lang='grc' dir='ltr'>θεατὴς,</span> <span class='ocrx_word' id='word_1_560' title='bbox 1044 3774 1143 3832; x_wconf 83' lang='grc' dir='ltr'>εἷθ’</span> <span class='ocrx_word' id='word_1_561' title='bbox 1203 3779 1376 3843; x_wconf 82' lang='grc' dir='ltr'>οὑτως</span> <span class='ocrx_word' id='word_1_562' title='bbox 1425 3781 1662 3851; x_wconf 85' lang='grc' dir='ltr'>ἐργάτης</span> <span class='ocrx_word' id='word_1_563' title='bbox 1710 3784 1808 3852; x_wconf 86' lang='grc' dir='ltr'>τῆς</span> <span class='ocrx_word' id='word_1_564' title='bbox 1840 3778 1935 3834; x_wconf 88' lang='grc' dir='ltr'>τοῦ</span> 
     </span>
    </p>
   </div>
   <div class='ocr_carea' id='block_1_68' title="bbox 365 3870 1938 3943">
    <p class='ocr_par' dir='ltr' id='par_1_68' title="bbox 365 3870 1938 3943">
     <span class='ocr_line' id='line_1_68' title="bbox 365 3870 1938 3943; baseline 0.002 -21"><span class='ocrx_word' id='word_1_565' title='bbox 365 3870 576 3941; x_wconf 86' lang='grc' dir='ltr'>ΙΙατρὸς</span> <span class='ocrx_word' id='word_1_566' title='bbox 608 3871 883 3940; x_wconf 88' lang='grc' dir='ltr'>ἐνεργείας</span> <span class='ocrx_word' id='word_1_567' title='bbox 920 3871 1357 3942; x_wconf 85' lang='grc' dir='ltr'>άναματτόμενος</span> <span class='ocrx_word' id='word_1_568' title='bbox 1383 3874 1462 3936; x_wconf 90' lang='grc' dir='ltr'>είς</span> <span class='ocrx_word' id='word_1_569' title='bbox 1496 3873 1686 3926; x_wconf 78' lang='grc' dir='ltr'>ἑαυτὸν</span> <span class='ocrx_word' id='word_1_570' title='bbox 1714 3871 1811 3943; x_wconf 77' lang='grc' dir='ltr'>τὴν</span> <span class='ocrx_word' id='word_1_571' title='bbox 1849 3872 1938 3941; x_wconf 87' lang='grc' dir='ltr'>μί-</span> 
     </span>
    </p>
   </div>
   <div class='ocr_carea' id='block_1_69' title="bbox 368 3961 1939 4035">
    <p class='ocr_par' dir='ltr' id='par_1_69' title="bbox 368 3961 1939 4035">
     <span class='ocr_line' id='line_1_69' title="bbox 368 3961 1939 4035; baseline 0.002 -22"><span class='ocrx_word' id='word_1_572' title='bbox 368 3978 552 4034; x_wconf 80' lang='grc' dir='ltr'>μησιν,</span> <span class='ocrx_word' id='word_1_573' title='bbox 585 3961 670 4015; x_wconf 81' lang='grc' dir='ltr'>ἵνα</span> <span class='ocrx_word' id='word_1_574' title='bbox 703 3963 788 4017; x_wconf 85' lang='grc' dir='ltr'>διὰ</span> <span class='ocrx_word' id='word_1_575' title='bbox 813 3965 909 4034; x_wconf 80' lang='grc' dir='ltr'>τῆς</span> <span class='ocrx_word' id='word_1_576' title='bbox 941 3964 1050 4018; x_wconf 86' lang='grc' dir='ltr'>τῶν</span> <span class='ocrx_word' id='word_1_577' title='bbox 1080 3964 1256 4034; x_wconf 75' lang='grc' dir='ltr'>ἔργων</span> <span class='ocrx_word' id='word_1_578' title='bbox 1284 3963 1622 4035; x_wconf 83' lang='grc' dir='ltr'>ὁμοιότητος,</span> <span class='ocrx_word' id='word_1_579' title='bbox 1649 3964 1746 4017; x_wconf 76' lang='grc' dir='ltr'>καὶ</span> <span class='ocrx_word' id='word_1_580' title='bbox 1775 3963 1939 4027; x_wconf 90' lang='grc' dir='ltr'>αὐτὸς</span> 
     </span>
    </p>
   </div>
   <div class='ocr_carea' id='block_1_70' title="bbox 371 4054 1938 4128">
    <p class='ocr_par' dir='ltr' id='par_1_70' title="bbox 371 4054 1938 4128">
     <span class='ocr_line' id='line_1_70' title="bbox 371 4054 1938 4128; baseline 0.001 -22"><span class='ocrx_word' id='word_1_581' title='bbox 371 4055 549 4123; x_wconf 67' lang='grc' dir='ltr'>νοῆται</span> <span class='ocrx_word' id='word_1_582' title='bbox 582 4054 734 4118; x_wconf 88' lang='grc' dir='ltr'>Θεός.</span> <span class='ocrx_word' id='word_1_583' title='bbox 768 4055 938 4108; x_wconf 89' lang='grc' dir='ltr'>Τοῦτο</span> <span class='ocrx_word' id='word_1_584' title='bbox 970 4055 1075 4128; x_wconf 80' lang='grc' dir='ltr'>γὰρ</span> <span class='ocrx_word' id='word_1_585' title='bbox 1113 4057 1260 4127; x_wconf 78' lang='grc' dir='ltr'>ἡμᾶς</span> <span class='ocrx_word' id='word_1_586' title='bbox 1297 4055 1603 4109; x_wconf 80' lang='grc' dir='ltr'>ἐκδιδάσκει</span> <span class='ocrx_word' id='word_1_587' title='bbox 1632 4055 1829 4124; x_wconf 89' lang='grc' dir='ltr'>λέγων,</span> <span class='ocrx_word' id='word_1_588' title='bbox 1861 4054 1938 4126; x_wconf 80' lang='grc' dir='ltr'>μὴ</span> 
     </span>
    </p>
   </div>
   <div class='ocr_carea' id='block_1_71' title="bbox 365 4145 1936 4219">
    <p class='ocr_par' dir='ltr' id='par_1_71' title="bbox 365 4145 1936 4219">
     <span class='ocr_line' id='line_1_71' title="bbox 365 4145 1936 4219; baseline 0.002 -22"><span class='ocrx_word' id='word_1_589' title='bbox 365 4145 620 4198; x_wconf 75' lang='grc' dir='ltr'>δύνασθαι</span> <span class='ocrx_word' id='word_1_590' title='bbox 649 4149 821 4200; x_wconf 86' lang='grc' dir='ltr'>ποιεῖν</span> <span class='ocrx_word' id='word_1_591' title='bbox 862 4147 954 4215; x_wconf 81' lang='grc' dir='ltr'>ἀφ’</span> <span class='ocrx_word' id='word_1_592' title='bbox 985 4148 1174 4202; x_wconf 89' lang='grc' dir='ltr'>ἐαυτοῦ</span> <span class='ocrx_word' id='word_1_593' title='bbox 1208 4148 1394 4218; x_wconf 85' lang='grc' dir='ltr'>μηδὲν,</span> <span class='ocrx_word' id='word_1_594' title='bbox 1439 4148 1532 4200; x_wconf 88' lang='grc' dir='ltr'>ἐὰν</span> <span class='ocrx_word' id='word_1_595' title='bbox 1567 4148 1639 4218; x_wconf 86' lang='grc' dir='ltr'>μή</span> <span class='ocrx_word' id='word_1_596' title='bbox 1666 4165 1718 4200; x_wconf 90' lang='grc' dir='ltr'>τι</span> <span class='ocrx_word' id='word_1_597' title='bbox 1764 4147 1936 4219; x_wconf 79' lang='grc' dir='ltr'>βλέπῃ</span> 
     </span>
    </p>
   </div>
   <div class='ocr_carea' id='block_1_72' title="bbox 372 4233 1938 4310">
    <p class='ocr_par' dir='ltr' id='par_1_72' title="bbox 372 4233 1938 4310">
     <span class='ocr_line' id='line_1_72' title="bbox 372 4233 1938 4310; baseline 0.001 -22"><span class='ocrx_word' id='word_1_598' title='bbox 372 4237 455 4288; x_wconf 87' lang='grc' dir='ltr'>τὸν</span> <span class='ocrx_word' id='word_1_599' title='bbox 481 4237 700 4305; x_wconf 84' lang='grc' dir='ltr'>Πατέρα</span> <span class='ocrx_word' id='word_1_600' title='bbox 733 4236 1005 4292; x_wconf 88' lang='grc' dir='ltr'>ποιοῦντα.</span> <span class='ocrx_word' id='word_1_601' title='bbox 1040 4238 1106 4292; x_wconf 87' lang='grc' dir='ltr'>Τί</span> <span class='ocrx_word' id='word_1_602' title='bbox 1138 4239 1263 4310; x_wconf 80' lang='grc' dir='ltr'>φὴς,</span> <span class='ocrx_word' id='word_1_603' title='bbox 1289 4233 1335 4292; x_wconf 81' lang='grc' dir='ltr'><strong>ὦ</strong></span> <span class='ocrx_word' id='word_1_604' title='bbox 1365 4240 1637 4310; x_wconf 85' lang='grc' dir='ltr'>πάντολμε</span> <span class='ocrx_word' id='word_1_605' title='bbox 1672 4237 1735 4291; x_wconf 86' lang='grc' dir='ltr'>σύ</span> <span class='ocrx_word' id='word_1_606' title='bbox 1762 4254 1776 4303; x_wconf 91' lang='grc'><strong>;</strong></span> <span class='ocrx_word' id='word_1_607' title='bbox 1827 4239 1938 4309; x_wconf 84' lang='grc' dir='ltr'>Τῆς</span> 
     </span>
    </p>
   </div>
   <div class='ocr_carea' id='block_1_73' title="bbox 363 4325 1938 4399">
    <p class='ocr_par' dir='ltr' id='par_1_73' title="bbox 363 4325 1938 4399">
     <span class='ocr_line' id='line_1_73' title="bbox 363 4325 1938 4399; baseline 0.003 -21"><span class='ocrx_word' id='word_1_608' title='bbox 363 4325 458 4378; x_wconf 84' lang='grc' dir='ltr'>τοῦ</span> <span class='ocrx_word' id='word_1_609' title='bbox 491 4326 698 4396; x_wconf 85' lang='grc' dir='ltr'>Πατρὸς</span> <span class='ocrx_word' id='word_1_610' title='bbox 744 4328 1019 4397; x_wconf 83' lang='grc' dir='ltr'>ἐνεργείας</span> <span class='ocrx_word' id='word_1_611' title='bbox 1052 4329 1415 4399; x_wconf 86' lang='grc' dir='ltr'>ἀναμάττεται</span> <span class='ocrx_word' id='word_1_612' title='bbox 1455 4331 1584 4395; x_wconf 83' lang='grc' dir='ltr'>τοὺς</span> <span class='ocrx_word' id='word_1_613' title='bbox 1627 4327 1831 4393; x_wconf 86' lang='grc' dir='ltr'>τύπους</span> <span class='ocrx_word' id='word_1_614' title='bbox 1859 4330 1938 4392; x_wconf 85' lang='grc' dir='ltr'>είς</span> 
     </span>
    </p>
   </div>
   <div class='ocr_carea' id='block_1_74' title="bbox 2039 3144 3613 3216">
    <p class='ocr_par' dir='ltr' id='par_1_74' title="bbox 2039 3144 3613 3216">
     <span class='ocr_line' id='line_1_74' title="bbox 2039 3144 3613 3216; baseline 0.001 -18"><span class='ocrx_word' id='word_1_615' title='bbox 2039 3145 2357 3216; x_wconf 77' lang='lat' dir='ltr'><strong>gravabitur</strong></span> <span class='ocrx_word' id='word_1_616' title='bbox 2385 3144 2573 3200; x_wconf 88' lang='lat' dir='ltr'><strong>dicere</strong></span> <span class='ocrx_word' id='word_1_617' title='bbox 2608 3145 2786 3214; x_wconf 91' lang='lat' dir='ltr'><strong>ipsum</strong></span> <span class='ocrx_word' id='word_1_618' title='bbox 2820 3144 3172 3199; x_wconf 90' lang='lat' dir='ltr'><strong>corroborari</strong></span> <span class='ocrx_word' id='word_1_619' title='bbox 3216 3151 3506 3214; x_wconf 89' lang='lat' dir='ltr'><strong>oportere,</strong></span> <span class='ocrx_word' id='word_1_620' title='bbox 3556 3153 3613 3200; x_wconf 87' lang='lat' dir='ltr'>et</span> 
     </span>
    </p>
   </div>
   <div class='ocr_carea' id='block_1_75' title="bbox 2037 3232 3612 3307">
    <p class='ocr_par' dir='ltr' id='par_1_75' title="bbox 2037 3232 3612 3307">
     <span class='ocr_line' id='line_1_75' title="bbox 2037 3232 3612 3307; baseline 0 -18"><span class='ocrx_word' id='word_1_621' title='bbox 2037 3236 2183 3307; x_wconf 90' lang='lat' dir='ltr'><strong>quod</strong></span> <span class='ocrx_word' id='word_1_622' title='bbox 2220 3235 2440 3306; x_wconf 90' lang='lat' dir='ltr'><strong>proprie</strong></span> <span class='ocrx_word' id='word_1_623' title='bbox 2468 3244 2522 3289; x_wconf 88' lang='lat' dir='ltr'>et</span> <span class='ocrx_word' id='word_1_624' title='bbox 2549 3236 2655 3304; x_wconf 79' lang='lat' dir='ltr'><strong>ipsi</strong></span> <span class='ocrx_word' id='word_1_625' title='bbox 2687 3235 2791 3288; x_wconf 90' lang='lat' dir='ltr'><strong>soli</strong></span> <span class='ocrx_word' id='word_1_626' title='bbox 2823 3235 2966 3289; x_wconf 86' lang='lat' dir='ltr'><strong>inest</strong></span> <span class='ocrx_word' id='word_1_627' title='bbox 2996 3249 3122 3288; x_wconf 89' lang='lat' dir='ltr'><strong>cum</strong></span> <span class='ocrx_word' id='word_1_628' title='bbox 3151 3232 3314 3288; x_wconf 88' lang='lat' dir='ltr'><strong>Patre</strong></span> <span class='ocrx_word' id='word_1_629' title='bbox 3338 3241 3392 3288; x_wconf 88' lang='lat' dir='ltr'>et</span> <span class='ocrx_word' id='word_1_630' title='bbox 3419 3241 3612 3290; x_wconf 90' lang='lat' dir='ltr'><strong>sancto</strong></span> 
     </span>
    </p>
   </div>
   <div class='ocr_carea' id='block_1_76' title="bbox 2039 3325 3612 3396">
    <p class='ocr_par' dir='ltr' id='par_1_76' title="bbox 2039 3325 3612 3396">
     <span class='ocr_line' id='line_1_76' title="bbox 2039 3325 3612 3396; baseline -0.001 -16"><span class='ocrx_word' id='word_1_631' title='bbox 2039 3326 2285 3395; x_wconf 91' lang='lat' dir='ltr'><strong>Spiritu,</strong></span> <span class='ocrx_word' id='word_1_632' title='bbox 2317 3325 2442 3380; x_wconf 88' lang='lat' dir='ltr'><strong>ideo</strong></span> <span class='ocrx_word' id='word_1_633' title='bbox 2475 3325 2856 3396; x_wconf 90' lang='lat' dir='ltr'><strong>imperfectum</strong></span> <span class='ocrx_word' id='word_1_634' title='bbox 2889 3326 3057 3381; x_wconf 83' lang='lat' dir='ltr'><strong>esse?</strong></span> <span class='ocrx_word' id='word_1_635' title='bbox 3082 3325 3189 3379; x_wconf 88' lang='lat' dir='ltr'><strong>Sed</strong></span> <span class='ocrx_word' id='word_1_636' title='bbox 3239 3341 3459 3381; x_wconf 87' lang='lat' dir='ltr'><strong>rursum</strong></span> <span class='ocrx_word' id='word_1_637' title='bbox 3509 3342 3612 3380; x_wconf 90' lang='lat' dir='ltr'><strong>no-</strong></span> 
     </span>
    </p>
   </div>
   <div class='ocr_carea' id='block_1_77' title="bbox 2036 3414 3611 3483">
    <p class='ocr_par' dir='ltr' id='par_1_77' title="bbox 2036 3414 3611 3483">
     <span class='ocr_line' id='line_1_77' title="bbox 2036 3414 3611 3483; baseline 0.001 -13"><span class='ocrx_word' id='word_1_638' title='bbox 2036 3415 2122 3470; x_wconf 84' lang='lat' dir='ltr'>bis</span> <span class='ocrx_word' id='word_1_639' title='bbox 2157 3415 2550 3470; x_wconf 80' lang='lat' dir='ltr'><strong>adversarius:</strong></span> <span class='ocrx_word' id='word_1_640' title='bbox 2597 3415 2726 3472; x_wconf 89' lang='lat' dir='ltr'><strong>ldeo</strong></span> <span class='ocrx_word' id='word_1_641' title='bbox 2773 3414 3077 3469; x_wconf 90' lang='lat' dir='ltr'><strong>asserimus</strong></span> <span class='ocrx_word' id='word_1_642' title='bbox 3118 3415 3458 3483; x_wconf 89' lang='lat' dir='ltr'><strong>superiorem</strong></span> <span class='ocrx_word' id='word_1_643' title='bbox 3487 3430 3611 3470; x_wconf 89' lang='lat' dir='ltr'><strong>esse</strong></span> 
     </span>
    </p>
   </div>
   <div class='ocr_carea' id='block_1_78' title="bbox 2035 3504 3610 3575">
    <p class='ocr_par' dir='ltr' id='par_1_78' title="bbox 2035 3504 3610 3575">
     <span class='ocr_line' id='line_1_78' title="bbox 2035 3504 3610 3575; baseline -0.001 -14"><span class='ocrx_word' id='word_1_644' title='bbox 2035 3506 2175 3562; x_wconf 89' lang='lat' dir='ltr'><strong>Filio</strong></span> <span class='ocrx_word' id='word_1_645' title='bbox 2199 3506 2440 3562; x_wconf 87' lang='lat' dir='ltr'><strong>Patrem.</strong></span> <span class='ocrx_word' id='word_1_646' title='bbox 2474 3504 2577 3560; x_wconf 86' lang='lat' dir='ltr'><strong>Hic</strong></span> <span class='ocrx_word' id='word_1_647' title='bbox 2603 3505 2752 3560; x_wconf 93' lang='lat' dir='ltr'><strong>enim</strong></span> <span class='ocrx_word' id='word_1_648' title='bbox 2797 3505 2977 3575; x_wconf 90' lang='lat' dir='ltr'><strong>prima</strong></span> <span class='ocrx_word' id='word_1_649' title='bbox 3015 3519 3182 3560; x_wconf 87' lang='lat' dir='ltr'><strong>causa</strong></span> <span class='ocrx_word' id='word_1_650' title='bbox 3223 3514 3308 3560; x_wconf 92' lang='lat' dir='ltr'>est</span> <span class='ocrx_word' id='word_1_651' title='bbox 3345 3520 3570 3574; x_wconf 90' lang='lat' dir='ltr'><strong>operum</strong></span> <span class='ocrx_word' id='word_1_652' title='bbox 3592 3547 3610 3572; x_wconf 95' lang='lat'>,</span> 
     </span>
    </p>
   </div>
   <div class='ocr_carea' id='block_1_79' title="bbox 2036 3595 3614 3669">
    <p class='ocr_par' dir='ltr' id='par_1_79' title="bbox 2036 3595 3614 3669">
     <span class='ocr_line' id='line_1_79' title="bbox 2036 3595 3614 3669; baseline -0.001 -17"><span class='ocrx_word' id='word_1_653' title='bbox 2036 3607 2228 3669; x_wconf 85' lang='lat' dir='ltr'><strong>utpote</strong></span> <span class='ocrx_word' id='word_1_654' title='bbox 2289 3613 2415 3653; x_wconf 90' lang='lat' dir='ltr'>cum</span> <span class='ocrx_word' id='word_1_655' title='bbox 2469 3597 2750 3668; x_wconf 90' lang='lat' dir='ltr'><strong>perfectus</strong></span> <span class='ocrx_word' id='word_1_656' title='bbox 2807 3597 2879 3652; x_wconf 93' lang='lat' dir='ltr'>sit</span> <span class='ocrx_word' id='word_1_657' title='bbox 2932 3595 3139 3651; x_wconf 82' lang='lat' dir='ltr'><strong>virtute</strong></span> <span class='ocrx_word' id='word_1_658' title='bbox 3189 3605 3246 3652; x_wconf 88' lang='lat' dir='ltr'>et</span> <span class='ocrx_word' id='word_1_659' title='bbox 3293 3597 3614 3667; x_wconf 74' lang='lat' dir='ltr'><strong>cognitione</strong></span> 
     </span>
    </p>
   </div>
   <div class='ocr_carea' id='block_1_80' title="bbox 2035 3686 3615 3758">
    <p class='ocr_par' dir='ltr' id='par_1_80' title="bbox 2035 3686 3615 3758">
     <span class='ocr_line' id='line_1_80' title="bbox 2035 3686 3615 3758; baseline -0.001 -14"><span class='ocrx_word' id='word_1_660' title='bbox 2035 3704 2260 3744; x_wconf 88' lang='lat' dir='ltr'><strong>rerum:</strong></span> <span class='ocrx_word' id='word_1_661' title='bbox 2295 3689 2386 3744; x_wconf 91' lang='lat' dir='ltr'><strong>ille</strong></span> <span class='ocrx_word' id='word_1_662' title='bbox 2424 3702 2560 3743; x_wconf 88' lang='lat' dir='ltr'><strong>vero</strong></span> <span class='ocrx_word' id='word_1_663' title='bbox 2608 3687 2768 3758; x_wconf 89' lang='lat' dir='ltr'><strong>prius</strong></span> <span class='ocrx_word' id='word_1_664' title='bbox 2815 3687 2873 3741; x_wconf 88' lang='lat' dir='ltr'>fit</span> <span class='ocrx_word' id='word_1_665' title='bbox 2916 3695 3213 3757; x_wconf 88' lang='lat' dir='ltr'><strong>spectator,</strong></span> <span class='ocrx_word' id='word_1_666' title='bbox 3251 3692 3366 3740; x_wconf 89' lang='lat' dir='ltr'>tum</span> <span class='ocrx_word' id='word_1_667' title='bbox 3412 3686 3615 3742; x_wconf 85' lang='lat' dir='ltr'><strong>deinde</strong></span> 
     </span>
    </p>
   </div>
   <div class='ocr_carea' id='block_1_81' title="bbox 2035 3773 3612 3848">
    <p class='ocr_par' dir='ltr' id='par_1_81' title="bbox 2035 3773 3612 3848">
     <span class='ocr_line' id='line_1_81' title="bbox 2035 3773 3612 3848; baseline -0.003 -16"><span class='ocrx_word' id='word_1_668' title='bbox 2035 3785 2322 3848; x_wconf 83' lang='lat' dir='ltr'><strong>cperatur,</strong></span> <span class='ocrx_word' id='word_1_669' title='bbox 2351 3775 2688 3845; x_wconf 91' lang='lat' dir='ltr'><strong>operationis</strong></span> <span class='ocrx_word' id='word_1_670' title='bbox 2715 3773 2901 3830; x_wconf 85' lang='lat' dir='ltr'><strong>Patris</strong></span> <span class='ocrx_word' id='word_1_671' title='bbox 2937 3774 3300 3828; x_wconf 88' lang='lat' dir='ltr'><strong>imitationem</strong></span> <span class='ocrx_word' id='word_1_672' title='bbox 3338 3774 3394 3829; x_wconf 90' lang='lat' dir='ltr'><strong>in</strong></span> <span class='ocrx_word' id='word_1_673' title='bbox 3426 3790 3485 3830; x_wconf 88' lang='lat' dir='ltr'>se</span> <span class='ocrx_word' id='word_1_674' title='bbox 3516 3789 3612 3829; x_wconf 75' lang='lat' dir='ltr'>ex-</span> 
     </span>
    </p>
   </div>
   <div class='ocr_carea' id='block_1_82' title="bbox 2035 3865 3614 3939">
    <p class='ocr_par' dir='ltr' id='par_1_82' title="bbox 2035 3865 3614 3939">
     <span class='ocr_line' id='line_1_82' title="bbox 2035 3865 3614 3939; baseline -0.002 -17"><span class='ocrx_word' id='word_1_675' title='bbox 2035 3870 2280 3939; x_wconf 91' lang='lat' dir='ltr'><strong>primens</strong></span> <span class='ocrx_word' id='word_1_676' title='bbox 2304 3907 2319 3933; x_wconf 90' lang='lat'>,</span> <span class='ocrx_word' id='word_1_677' title='bbox 2357 3875 2418 3922; x_wconf 92' lang='lat' dir='ltr'>ut</span> <span class='ocrx_word' id='word_1_678' title='bbox 2447 3882 2545 3937; x_wconf 91' lang='lat' dir='ltr'><strong>per</strong></span> <span class='ocrx_word' id='word_1_679' title='bbox 2577 3865 2993 3921; x_wconf 90' lang='lat' dir='ltr'><strong>similitudinem</strong></span> <span class='ocrx_word' id='word_1_680' title='bbox 3029 3880 3258 3936; x_wconf 86' lang='lat' dir='ltr'><strong>operum</strong></span> <span class='ocrx_word' id='word_1_681' title='bbox 3294 3866 3459 3920; x_wconf 87' lang='lat' dir='ltr'><strong>etiam</strong></span> <span class='ocrx_word' id='word_1_682' title='bbox 3496 3865 3614 3935; x_wconf 87' lang='lat' dir='ltr'><strong>ipse</strong></span> 
     </span>
    </p>
   </div>
   <div class='ocr_carea' id='block_1_83' title="bbox 2037 3954 3614 4032">
    <p class='ocr_par' dir='ltr' id='par_1_83' title="bbox 2037 3954 3614 4032">
     <span class='ocr_line' id='line_1_83' title="bbox 2037 3954 3614 4032; baseline -0.006 -16"><span class='ocrx_word' id='word_1_683' title='bbox 2037 3962 2371 4032; x_wconf 77' lang='lat' dir='ltr'><strong>intelligatur</strong></span> <span class='ocrx_word' id='word_1_684' title='bbox 2420 3958 2587 4014; x_wconf 90' lang='lat' dir='ltr'><strong>Deus.</strong></span> <span class='ocrx_word' id='word_1_685' title='bbox 2641 3955 2760 4012; x_wconf 88' lang='lat' dir='ltr'>Hoc</span> <span class='ocrx_word' id='word_1_686' title='bbox 2809 3957 2958 4011; x_wconf 91' lang='lat' dir='ltr'><strong>enim</strong></span> <span class='ocrx_word' id='word_1_687' title='bbox 2999 3971 3100 4012; x_wconf 90' lang='lat' dir='ltr'>nos</span> <span class='ocrx_word' id='word_1_688' title='bbox 3135 3957 3328 4020; x_wconf 89' lang='lat' dir='ltr'><strong>docet,</strong></span> <span class='ocrx_word' id='word_1_689' title='bbox 3379 3969 3502 4008; x_wconf 91' lang='lat' dir='ltr'>cum</span> <span class='ocrx_word' id='word_1_690' title='bbox 3535 3954 3614 4007; x_wconf 90' lang='lat' dir='ltr'>ait</span> 
     </span>
    </p>
   </div>
   <div class='ocr_carea' id='block_1_84' title="bbox 2036 4045 3612 4122">
    <p class='ocr_par' dir='ltr' id='par_1_84' title="bbox 2036 4045 3612 4122">
     <span class='ocr_line' id='line_1_84' title="bbox 2036 4045 3612 4122; baseline -0.005 -15"><span class='ocrx_word' id='word_1_691' title='bbox 2036 4067 2146 4107; x_wconf 88' lang='lat' dir='ltr'>non</span> <span class='ocrx_word' id='word_1_692' title='bbox 2174 4067 2342 4122; x_wconf 90' lang='lat' dir='ltr'><strong>posse</strong></span> <span class='ocrx_word' id='word_1_693' title='bbox 2369 4065 2400 4105; x_wconf 87' lang='lat' dir='ltr'>a</span> <span class='ocrx_word' id='word_1_694' title='bbox 2426 4065 2486 4106; x_wconf 89' lang='lat' dir='ltr'>se</span> <span class='ocrx_word' id='word_1_695' title='bbox 2516 4049 2701 4105; x_wconf 90' lang='lat' dir='ltr'><strong>facere</strong></span> <span class='ocrx_word' id='word_1_696' title='bbox 2730 4048 3056 4118; x_wconf 85' lang='lat' dir='ltr'><strong>quidquam,</strong></span> <span class='ocrx_word' id='word_1_697' title='bbox 3085 4047 3192 4100; x_wconf 90' lang='lat' dir='ltr'><strong>nisi</strong></span> <span class='ocrx_word' id='word_1_698' title='bbox 3230 4045 3381 4114; x_wconf 92' lang='lat' dir='ltr'><strong>quod</strong></span> <span class='ocrx_word' id='word_1_699' title='bbox 3411 4045 3612 4099; x_wconf 89' lang='lat' dir='ltr'><strong>viderit</strong></span> 
     </span>
    </p>
   </div>
   <div class='ocr_carea' id='block_1_85' title="bbox 2035 4135 3611 4207">
    <p class='ocr_par' dir='ltr' id='par_1_85' title="bbox 2035 4135 3611 4207">
     <span class='ocr_line' id='line_1_85' title="bbox 2035 4135 3611 4207; baseline -0.006 -9"><span class='ocrx_word' id='word_1_700' title='bbox 2035 4145 2251 4200; x_wconf 90' lang='lat' dir='ltr'><strong>Patrem</strong></span> <span class='ocrx_word' id='word_1_701' title='bbox 2287 4143 2597 4198; x_wconf 85' lang='lat' dir='ltr'><strong>facientem.</strong></span> <span class='ocrx_word' id='word_1_702' title='bbox 2633 4139 2778 4207; x_wconf 86' lang='lat' dir='ltr'><strong>Quid</strong></span> <span class='ocrx_word' id='word_1_703' title='bbox 2813 4142 2929 4203; x_wconf 89' lang='lat' dir='ltr'><strong>ais,</strong></span> <span class='ocrx_word' id='word_1_704' title='bbox 2965 4137 3377 4193; x_wconf 84' lang='lat' dir='ltr'><strong>audacissime?</strong></span> <span class='ocrx_word' id='word_1_705' title='bbox 3406 4135 3611 4206; x_wconf 87' lang='lat' dir='ltr'><strong>Opera-</strong></span> 
     </span>
    </p>
   </div>
   <div class='ocr_carea' id='block_1_86' title="bbox 2035 4226 3612 4299">
    <p class='ocr_par' dir='ltr' id='par_1_86' title="bbox 2035 4226 3612 4299">
     <span class='ocr_line' id='line_1_86' title="bbox 2035 4226 3612 4299; baseline -0.007 -8"><span class='ocrx_word' id='word_1_706' title='bbox 2035 4235 2204 4291; x_wconf 91' lang='lat' dir='ltr'><strong>tionis</strong></span> <span class='ocrx_word' id='word_1_707' title='bbox 2233 4234 2416 4290; x_wconf 90' lang='lat' dir='ltr'><strong>Patris</strong></span> <span class='ocrx_word' id='word_1_708' title='bbox 2447 4233 2655 4288; x_wconf 82' lang='lat' dir='ltr'><strong>formas</strong></span> <span class='ocrx_word' id='word_1_709' title='bbox 2685 4232 2740 4284; x_wconf 94' lang='lat' dir='ltr'><strong>in</strong></span> <span class='ocrx_word' id='word_1_710' title='bbox 2773 4246 2833 4286; x_wconf 89' lang='lat' dir='ltr'>se</span> <span class='ocrx_word' id='word_1_711' title='bbox 2860 4228 3123 4299; x_wconf 79' lang='lat' dir='ltr'><strong>exprimit</strong></span> <span class='ocrx_word' id='word_1_712' title='bbox 3169 4227 3339 4282; x_wconf 92' lang='lat' dir='ltr'><strong>Filius</strong></span> <span class='ocrx_word' id='word_1_713' title='bbox 3359 4267 3372 4291; x_wconf 90' lang='lat'>,</span> <span class='ocrx_word' id='word_1_714' title='bbox 3403 4235 3463 4280; x_wconf 92' lang='lat' dir='ltr'>ut</span> <span class='ocrx_word' id='word_1_715' title='bbox 3505 4226 3612 4280; x_wconf 88' lang='lat' dir='ltr'>hoc</span> 
     </span>
    </p>
   </div>
   <div class='ocr_carea' id='block_1_87' title="bbox 2037 4316 3608 4397">
    <p class='ocr_par' dir='ltr' id='par_1_87' title="bbox 2037 4316 3608 4397">
     <span class='ocr_line' id='line_1_87' title="bbox 2037 4316 3608 4397; baseline -0.008 -17"><span class='ocrx_word' id='word_1_716' title='bbox 2037 4334 2201 4397; x_wconf 87' lang='lat' dir='ltr'><strong>pacto</strong></span> <span class='ocrx_word' id='word_1_717' title='bbox 2235 4325 2380 4380; x_wconf 91' lang='lat' dir='ltr'><strong>Deus</strong></span> <span class='ocrx_word' id='word_1_718' title='bbox 2414 4321 2795 4393; x_wconf 84' lang='lat' dir='ltr'><strong>intelligatur?</strong></span> <span class='ocrx_word' id='word_1_719' title='bbox 2829 4319 3130 4387; x_wconf 88' lang='lat' dir='ltr'><strong>Disciplina</strong></span> <span class='ocrx_word' id='word_1_720' title='bbox 3163 4332 3296 4388; x_wconf 89' lang='lat' dir='ltr'><strong>ergo</strong></span> <span class='ocrx_word' id='word_1_721' title='bbox 3323 4316 3464 4371; x_wconf 86' lang='lat' dir='ltr'><strong>Deus</strong></span> <span class='ocrx_word' id='word_1_722' title='bbox 3495 4324 3608 4379; x_wconf 84' lang='lat' dir='ltr'><strong>est,</strong></span> 
     </span>
    </p>
   </div>
   <div class='ocr_carea' id='block_1_88' title="bbox 367 4407 1937 4490">
    <p class='ocr_par' dir='ltr' id='par_1_88' title="bbox 367 4415 1937 4490">
     <span class='ocr_line' id='line_1_88' title="bbox 367 4415 1937 4490; baseline 0.003 -24"><span class='ocrx_word' id='word_1_723' title='bbox 367 4416 558 4468; x_wconf 85' lang='grc' dir='ltr'>ἐαυτὸν</span> <span class='ocrx_word' id='word_1_724' title='bbox 586 4416 613 4466; x_wconf 89' lang='grc' dir='ltr'>ὁ</span> <span class='ocrx_word' id='word_1_725' title='bbox 643 4415 789 4482; x_wconf 87' lang='grc' dir='ltr'>Υἱὸς,</span> <span class='ocrx_word' id='word_1_726' title='bbox 821 4416 907 4469; x_wconf 77' lang='grc' dir='ltr'>ἵνα</span> <span class='ocrx_word' id='word_1_727' title='bbox 930 4417 1018 4470; x_wconf 78' lang='grc' dir='ltr'>διὰ</span> <span class='ocrx_word' id='word_1_728' title='bbox 1035 4419 1220 4471; x_wconf 81' lang='grc' dir='ltr'>τούτου</span> <span class='ocrx_word' id='word_1_729' title='bbox 1253 4420 1441 4490; x_wconf 81' lang='grc' dir='ltr'>νοῆται</span> <span class='ocrx_word' id='word_1_730' title='bbox 1465 4419 1631 4485; x_wconf 86' lang='grc' dir='ltr'>Θεός;</span> <span class='ocrx_word' id='word_1_731' title='bbox 1664 4418 1937 4482; x_wconf 85' lang='grc' dir='ltr'>Διδακτῶς</span> 
     </span>
    </p>
   </div>
   <div class='ocr_carea' id='block_1_89' title="bbox 2038 4407 3616 4490">
    <p class='ocr_par' dir='ltr' id='par_1_89' title="bbox 2045 4407 3616 4473">
     <span class='ocr_line' id='line_1_89' title="bbox 2045 4407 3616 4473; baseline -0.008 -1"><span class='ocrx_word' id='word_1_732' title='bbox 2045 4434 2156 4473; x_wconf 92' lang='lat' dir='ltr'>non</span> <span class='ocrx_word' id='word_1_733' title='bbox 2197 4426 2377 4473; x_wconf 90' lang='lat' dir='ltr'><strong>autem</strong></span> <span class='ocrx_word' id='word_1_734' title='bbox 2421 4423 2618 4470; x_wconf 91' lang='lat' dir='ltr'><strong>natura</strong></span> <span class='ocrx_word' id='word_1_735' title='bbox 2647 4431 2660 4467; x_wconf 89' lang='lat'><strong>:</strong></span> <span class='ocrx_word' id='word_1_736' title='bbox 2693 4419 2748 4467; x_wconf 92' lang='lat' dir='ltr'><strong>et</strong></span> <span class='ocrx_word' id='word_1_737' title='bbox 2775 4411 2940 4466; x_wconf 85' lang='lat' dir='ltr'><strong>sicuti</strong></span> <span class='ocrx_word' id='word_1_738' title='bbox 2977 4410 3032 4464; x_wconf 91' lang='lat' dir='ltr'>in</span> <span class='ocrx_word' id='word_1_739' title='bbox 3076 4409 3238 4464; x_wconf 89' lang='lat' dir='ltr'><strong>nobis</strong></span> <span class='ocrx_word' id='word_1_740' title='bbox 3265 4415 3349 4463; x_wconf 90' lang='lat' dir='ltr'>est</span> <span class='ocrx_word' id='word_1_741' title='bbox 3383 4407 3616 4462; x_wconf 90' lang='lat' dir='ltr'><strong>scientia</strong></span> 
     </span>
    </p>
   </div>
   <div class='ocr_carea' id='block_1_90' title="bbox 367 4503 1939 4582">
    <p class='ocr_par' dir='ltr' id='par_1_90' title="bbox 367 4503 1939 4582">
     <span class='ocr_line' id='line_1_90' title="bbox 367 4503 1939 4582; baseline 0.001 -22"><span class='ocrx_word' id='word_1_742' title='bbox 367 4503 460 4560; x_wconf 81' lang='grc' dir='ltr'>οὖν</span> <span class='ocrx_word' id='word_1_743' title='bbox 490 4507 606 4560; x_wconf 87' lang='grc' dir='ltr'>ἐστι</span> <span class='ocrx_word' id='word_1_744' title='bbox 634 4506 783 4573; x_wconf 86' lang='grc' dir='ltr'>Θεὸς,</span> <span class='ocrx_word' id='word_1_745' title='bbox 817 4507 911 4560; x_wconf 78' lang='grc' dir='ltr'>καὶ</span> <span class='ocrx_word' id='word_1_746' title='bbox 938 4509 1116 4562; x_wconf 84' lang='grc' dir='ltr'>οὐκέτι</span> <span class='ocrx_word' id='word_1_747' title='bbox 1141 4511 1281 4564; x_wconf 84' lang='grc' dir='ltr'>κατὰ</span> <span class='ocrx_word' id='word_1_748' title='bbox 1309 4511 1468 4580; x_wconf 71' lang='grc' dir='ltr'>φύσιν</span> <span class='ocrx_word' id='word_1_749' title='bbox 1487 4529 1501 4542; x_wconf 88' lang='grc'><strong>·</strong></span> <span class='ocrx_word' id='word_1_750' title='bbox 1552 4512 1743 4582; x_wconf 82' lang='grc' dir='ltr'>ὥσπερ</span> <span class='ocrx_word' id='word_1_751' title='bbox 1785 4511 1842 4563; x_wconf 90' lang='grc' dir='ltr'>δὲ</span> <span class='ocrx_word' id='word_1_752' title='bbox 1881 4511 1939 4562; x_wconf 86' lang='grc' dir='ltr'>ἐν</span> 
     </span>
    </p>
   </div>
   <div class='ocr_carea' id='block_1_91' title="bbox 367 4599 1937 4674">
    <p class='ocr_par' dir='ltr' id='par_1_91' title="bbox 367 4599 1937 4674">
     <span class='ocr_line' id='line_1_91' title="bbox 367 4599 1937 4674; baseline 0.001 -22"><span class='ocrx_word' id='word_1_753' title='bbox 367 4601 499 4670; x_wconf 81' lang='grc' dir='ltr'>ἡμῖν</span> <span class='ocrx_word' id='word_1_754' title='bbox 529 4599 806 4670; x_wconf 86' lang='grc' dir='ltr'>ἐπιστήμη</span> <span class='ocrx_word' id='word_1_755' title='bbox 841 4599 936 4653; x_wconf 77' lang='grc' dir='ltr'>καὶ</span> <span class='ocrx_word' id='word_1_756' title='bbox 959 4599 1122 4670; x_wconf 81' lang='grc' dir='ltr'>τέχνη</span> <span class='ocrx_word' id='word_1_757' title='bbox 1157 4603 1335 4672; x_wconf 85' lang='grc' dir='ltr'>τυχὸν,</span> <span class='ocrx_word' id='word_1_758' title='bbox 1365 4603 1535 4667; x_wconf 84' lang='grc' dir='ltr'>οὑτως</span> <span class='ocrx_word' id='word_1_759' title='bbox 1562 4604 1671 4674; x_wconf 81' lang='grc' dir='ltr'>ἄρα</span> <span class='ocrx_word' id='word_1_760' title='bbox 1703 4604 1761 4656; x_wconf 90' lang='grc' dir='ltr'>ἐν</span> <span class='ocrx_word' id='word_1_761' title='bbox 1789 4601 1937 4672; x_wconf 82' lang='grc' dir='ltr'>αὐτῷ</span> 
     </span>
    </p>
   </div>
   <div class='ocr_carea' id='block_1_92' title="bbox 365 4689 1940 4763">
    <p class='ocr_par' dir='ltr' id='par_1_92' title="bbox 365 4689 1940 4763">
     <span class='ocr_line' id='line_1_92' title="bbox 365 4689 1940 4763; baseline 0.001 -17"><span class='ocrx_word' id='word_1_762' title='bbox 365 4695 480 4746; x_wconf 86' lang='grc' dir='ltr'>ἐστι</span> <span class='ocrx_word' id='word_1_763' title='bbox 525 4692 585 4744; x_wconf 90' lang='grc' dir='ltr'>τὸ</span> <span class='ocrx_word' id='word_1_764' title='bbox 627 4689 862 4762; x_wconf 83' lang='grc' dir='ltr'>ἀξίωμα,</span> <span class='ocrx_word' id='word_1_765' title='bbox 911 4690 1007 4744; x_wconf 80' lang='grc' dir='ltr'>καὶ</span> <span class='ocrx_word' id='word_1_766' title='bbox 1039 4691 1288 4762; x_wconf 86' lang='grc' dir='ltr'>τεχνίτης</span> <span class='ocrx_word' id='word_1_767' title='bbox 1323 4692 1521 4763; x_wconf 85' lang='grc' dir='ltr'>μᾶλλόν</span> <span class='ocrx_word' id='word_1_768' title='bbox 1557 4695 1672 4747; x_wconf 89' lang='grc' dir='ltr'>ἐστι</span> <span class='ocrx_word' id='word_1_769' title='bbox 1698 4693 1805 4747; x_wconf 83' lang='grc' dir='ltr'>τῶν</span> <span class='ocrx_word' id='word_1_770' title='bbox 1838 4693 1940 4762; x_wconf 85' lang='grc' dir='ltr'>τῆς</span> 
     </span>
    </p>
   </div>
   <div class='ocr_carea' id='block_1_93' title="bbox 363 4780 1937 4855">
    <p class='ocr_par' dir='ltr' id='par_1_93' title="bbox 363 4780 1937 4855">
     <span class='ocr_line' id='line_1_93' title="bbox 363 4780 1937 4855; baseline -0.001 -18"><span class='ocrx_word' id='word_1_771' title='bbox 363 4785 615 4854; x_wconf 85' lang='grc' dir='ltr'>θεότητος</span> <span class='ocrx_word' id='word_1_772' title='bbox 644 4783 841 4853; x_wconf 81' lang='grc' dir='ltr'>ἔργων,</span> <span class='ocrx_word' id='word_1_773' title='bbox 880 4781 913 4852; x_wconf 79' lang='grc' dir='ltr'><strong>ἢ</strong></span> <span class='ocrx_word' id='word_1_774' title='bbox 949 4780 1080 4844; x_wconf 88' lang='grc' dir='ltr'>Θεὸς</span> <span class='ocrx_word' id='word_1_775' title='bbox 1107 4781 1356 4852; x_wconf 86' lang='grc' dir='ltr'>ἀληθινός</span> <span class='ocrx_word' id='word_1_776' title='bbox 1386 4800 1401 4814; x_wconf 81' lang='grc'><em>’</em></span> <span class='ocrx_word' id='word_1_777' title='bbox 1454 4784 1637 4854; x_wconf 76' lang='grc' dir='ltr'>ἕτερος</span> <span class='ocrx_word' id='word_1_778' title='bbox 1676 4785 1731 4838; x_wconf 86' lang='grc' dir='ltr'>δὲ</span> <span class='ocrx_word' id='word_1_779' title='bbox 1761 4784 1937 4855; x_wconf 85' lang='grc' dir='ltr'>δήπου</span> 
     </span>
    </p>
   </div>
   <div class='ocr_carea' id='block_1_94' title="bbox 366 4873 1938 4948">
    <p class='ocr_par' dir='ltr' id='par_1_94' title="bbox 366 4873 1938 4948">
     <span class='ocr_line' id='line_1_94' title="bbox 366 4873 1938 4948; baseline 0.002 -19"><span class='ocrx_word' id='word_1_780' title='bbox 366 4877 579 4938; x_wconf 81' lang='grc' dir='ltr'>πάντως</span> <span class='ocrx_word' id='word_1_781' title='bbox 605 4874 764 4937; x_wconf 88' lang='grc' dir='ltr'>αὐτὸς</span> <span class='ocrx_word' id='word_1_782' title='bbox 790 4874 940 4944; x_wconf 74' lang='grc' dir='ltr'>παρὰ</span> <span class='ocrx_word' id='word_1_783' title='bbox 966 4874 1064 4944; x_wconf 80' lang='grc' dir='ltr'>τὴν</span> <span class='ocrx_word' id='word_1_784' title='bbox 1085 4874 1142 4926; x_wconf 91' lang='grc' dir='ltr'>ἐν</span> <span class='ocrx_word' id='word_1_785' title='bbox 1169 4873 1316 4944; x_wconf 84' lang='grc' dir='ltr'>αὐτῷ</span> <span class='ocrx_word' id='word_1_786' title='bbox 1343 4874 1556 4945; x_wconf 87' lang='grc' dir='ltr'>τέχνην,</span> <span class='ocrx_word' id='word_1_787' title='bbox 1582 4876 1688 4930; x_wconf 82' lang='grc' dir='ltr'>κᾶν</span> <span class='ocrx_word' id='word_1_788' title='bbox 1714 4877 1938 4948; x_wconf 85' lang='grc' dir='ltr'>ὑπάρχῃ</span> 
     </span>
    </p>
   </div>
   <div class='ocr_carea' id='block_1_95' title="bbox 366 4960 1938 5037">
    <p class='ocr_par' dir='ltr' id='par_1_95' title="bbox 366 4960 1938 5037">
     <span class='ocr_line' id='line_1_95' title="bbox 366 4960 1938 5037; baseline 0 -18"><span class='ocrx_word' id='word_1_789' title='bbox 366 4967 696 5037; x_wconf 76' lang='grc' dir='ltr'>θεοπρεπὴς.</span> <span class='ocrx_word' id='word_1_790' title='bbox 729 4966 852 5028; x_wconf 83' lang='grc' dir='ltr'>Πῶς</span> <span class='ocrx_word' id='word_1_791' title='bbox 877 4960 970 5018; x_wconf 80' lang='grc' dir='ltr'>οὖν</span> <span class='ocrx_word' id='word_1_792' title='bbox 1002 4965 1112 5036; x_wconf 78' lang='grc' dir='ltr'>ἄρα</span> <span class='ocrx_word' id='word_1_793' title='bbox 1137 4965 1231 5017; x_wconf 89' lang='grc' dir='ltr'>τὸν</span> <span class='ocrx_word' id='word_1_794' title='bbox 1259 4963 1368 5018; x_wconf 84' lang='grc' dir='ltr'>τῶν</span> <span class='ocrx_word' id='word_1_795' title='bbox 1391 4965 1493 5034; x_wconf 79' lang='grc' dir='ltr'>τῆς</span> <span class='ocrx_word' id='word_1_796' title='bbox 1520 4965 1768 5036; x_wconf 88' lang='grc' dir='ltr'>θεότητος</span> <span class='ocrx_word' id='word_1_797' title='bbox 1794 4967 1938 5037; x_wconf 85' lang='grc' dir='ltr'>ὅρων</span> 
     </span>
    </p>
   </div>
   <div class='ocr_carea' id='block_1_96' title="bbox 369 5055 1937 5127">
    <p class='ocr_par' dir='ltr' id='par_1_96' title="bbox 369 5055 1937 5127">
     <span class='ocr_line' id='line_1_96' title="bbox 369 5055 1937 5127; baseline 0 -18"><span class='ocrx_word' id='word_1_798' title='bbox 369 5056 704 5123; x_wconf 78' lang='grc' dir='ltr'>ἐκϐεϐηκότα</span> <span class='ocrx_word' id='word_1_799' title='bbox 730 5095 744 5120; x_wconf 97' lang='grc'>,</span> <span class='ocrx_word' id='word_1_800' title='bbox 791 5056 885 5108; x_wconf 73' lang='grc' dir='ltr'>καὶ</span> <span class='ocrx_word' id='word_1_801' title='bbox 925 5056 985 5107; x_wconf 89' lang='grc' dir='ltr'>ἐν</span> <span class='ocrx_word' id='word_1_802' title='bbox 1034 5055 1170 5127; x_wconf 84' lang='grc' dir='ltr'>μόνῃ</span> <span class='ocrx_word' id='word_1_803' title='bbox 1213 5057 1278 5126; x_wconf 82' lang='grc' dir='ltr'>τῇ</span> <span class='ocrx_word' id='word_1_804' title='bbox 1326 5055 1490 5126; x_wconf 81' lang='grc' dir='ltr'>τέχνῃ</span> <span class='ocrx_word' id='word_1_805' title='bbox 1531 5056 1798 5127; x_wconf 83' lang='grc' dir='ltr'>φοροῦντα</span> <span class='ocrx_word' id='word_1_806' title='bbox 1837 5056 1937 5126; x_wconf 84' lang='grc' dir='ltr'>τὴν</span> 
     </span>
    </p>
   </div>
   <div class='ocr_carea' id='block_1_97' title="bbox 369 5145 1938 5218">
    <p class='ocr_par' dir='ltr' id='par_1_97' title="bbox 369 5145 1938 5218">
     <span class='ocr_line' id='line_1_97' title="bbox 369 5145 1938 5218; baseline 0.001 -17"><span class='ocrx_word' id='word_1_807' title='bbox 369 5148 526 5211; x_wconf 79' lang='grc' dir='ltr'>δόξαν</span> <span class='ocrx_word' id='word_1_808' title='bbox 560 5145 917 5215; x_wconf 88' lang='grc' dir='ltr'>προσκυνοῦσι</span> <span class='ocrx_word' id='word_1_809' title='bbox 948 5147 1047 5217; x_wconf 86' lang='grc' dir='ltr'>μὲν</span> <span class='ocrx_word' id='word_1_810' title='bbox 1079 5146 1297 5214; x_wconf 81' lang='grc' dir='ltr'>ἄγγελοι</span> <span class='ocrx_word' id='word_1_811' title='bbox 1333 5148 1454 5200; x_wconf 82' lang='grc' dir='ltr'>κατ’</span> <span class='ocrx_word' id='word_1_812' title='bbox 1483 5147 1734 5217; x_wconf 91' lang='grc' dir='ltr'>οὐρανὸν,</span> <span class='ocrx_word' id='word_1_813' title='bbox 1767 5165 1938 5218; x_wconf 89' lang='grc' dir='ltr'>προσ-</span> 
     </span>
    </p>
   </div>
   <div class='ocr_carea' id='block_1_98' title="bbox 379 5233 1938 5307">
    <p class='ocr_par' dir='ltr' id='par_1_98' title="bbox 379 5233 1938 5307">
     <span class='ocr_line' id='line_1_98' title="bbox 379 5233 1938 5307; baseline -0.001 -16"><span class='ocrx_word' id='word_1_814' title='bbox 379 5234 662 5305; x_wconf 87' lang='grc' dir='ltr'>κυνοῦμεν</span> <span class='ocrx_word' id='word_1_815' title='bbox 695 5233 751 5285; x_wconf 83' lang='grc' dir='ltr'>δὲ</span> <span class='ocrx_word' id='word_1_816' title='bbox 785 5234 878 5286; x_wconf 72' lang='grc' dir='ltr'>καὶ</span> <span class='ocrx_word' id='word_1_817' title='bbox 919 5235 1079 5304; x_wconf 79' lang='grc' dir='ltr'>ἡμεῖς</span> <span class='ocrx_word' id='word_1_818' title='bbox 1125 5235 1497 5306; x_wconf 85' lang='grc' dir='ltr'>ἀνεγκλήτως,</span> <span class='ocrx_word' id='word_1_819' title='bbox 1546 5235 1607 5290; x_wconf 86' lang='grc' dir='ltr'>τὸ</span> <span class='ocrx_word' id='word_1_820' title='bbox 1640 5237 1712 5306; x_wconf 81' lang='grc' dir='ltr'>μὴ</span> <span class='ocrx_word' id='word_1_821' title='bbox 1740 5238 1938 5307; x_wconf 78' lang='grc' dir='ltr'>χρῆναι</span> 
     </span>
    </p>
   </div>
   <div class='ocr_carea' id='block_1_99' title="bbox 369 5324 1938 5400">
    <p class='ocr_par' dir='ltr' id='par_1_99' title="bbox 369 5324 1938 5400">
     <span class='ocr_line' id='line_1_99' title="bbox 369 5324 1938 5400; baseline -0.002 -17"><span class='ocrx_word' id='word_1_822' title='bbox 369 5326 650 5400; x_wconf 77' lang='grc' dir='ltr'>λατρεύειν</span> <span class='ocrx_word' id='word_1_823' title='bbox 678 5324 846 5394; x_wconf 72' lang='grc' dir='ltr'>ἑτέρῳ</span> <span class='ocrx_word' id='word_1_824' title='bbox 873 5325 1023 5395; x_wconf 88' lang='grc' dir='ltr'>παρὰ</span> <span class='ocrx_word' id='word_1_825' title='bbox 1050 5326 1138 5379; x_wconf 87' lang='grc' dir='ltr'>τὸν</span> <span class='ocrx_word' id='word_1_826' title='bbox 1165 5327 1332 5390; x_wconf 79' lang='grc' dir='ltr'>ὅντως</span> <span class='ocrx_word' id='word_1_827' title='bbox 1354 5327 1481 5378; x_wconf 71' lang='grc' dir='ltr'>ὄντα</span> <span class='ocrx_word' id='word_1_828' title='bbox 1508 5326 1639 5379; x_wconf 88' lang='grc' dir='ltr'>Θεὸν</span> <span class='ocrx_word' id='word_1_829' title='bbox 1661 5326 1760 5396; x_wconf 86' lang='grc' dir='ltr'>τῆς</span> <span class='ocrx_word' id='word_1_830' title='bbox 1780 5328 1938 5396; x_wconf 83' lang='grc' dir='ltr'>ἁγίας</span> 
     </span>
    </p>
   </div>
   <div class='ocr_carea' id='block_1_100' title="bbox 371 5415 1937 5490">
    <p class='ocr_par' dir='ltr' id='par_1_100' title="bbox 371 5415 1937 5490">
     <span class='ocr_line' id='line_1_100' title="bbox 371 5415 1937 5490; baseline -0.003 -15"><span class='ocrx_word' id='word_1_831' title='bbox 371 5417 761 5490; x_wconf 77' lang='grc' dir='ltr'>νομοθετούσης</span> <span class='ocrx_word' id='word_1_832' title='bbox 788 5417 918 5486; x_wconf 79' lang='grc' dir='ltr'>ἡμῖν</span> <span class='ocrx_word' id='word_1_833' title='bbox 945 5415 1202 5485; x_wconf 79' lang='grc' dir='ltr'>Γραφῆς;</span> <span class='ocrx_word' id='word_1_834' title='bbox 1253 5417 1519 5488; x_wconf 70' lang='grc' dir='ltr'>(Κύριον,</span> <span class='ocrx_word' id='word_1_835' title='bbox 1564 5436 1582 5468; x_wconf 75' lang='grc' dir='ltr'>ι</span> <span class='ocrx_word' id='word_1_836' title='bbox 1623 5416 1734 5487; x_wconf 85' lang='grc' dir='ltr'>γὰρ</span> <span class='ocrx_word' id='word_1_837' title='bbox 1784 5421 1937 5489; x_wconf 76' lang='grc' dir='ltr'>φησὶ,</span> 
     </span>
    </p>
   </div>
   <div class='ocr_carea' id='block_1_101' title="bbox 379 5508 1944 5580">
    <p class='ocr_par' dir='ltr' id='par_1_101' title="bbox 379 5508 1944 5580">
     <span class='ocr_line' id='line_1_101' title="bbox 379 5508 1944 5580; baseline -0.001 -16"><span class='ocrx_word' id='word_1_838' title='bbox 379 5533 396 5564; x_wconf 81' lang='grc' dir='ltr'>ι</span> <span class='ocrx_word' id='word_1_839' title='bbox 421 5514 508 5564; x_wconf 80' lang='grc' dir='ltr'>τὸν</span> <span class='ocrx_word' id='word_1_840' title='bbox 535 5511 664 5562; x_wconf 84' lang='grc' dir='ltr'>Θεόν</span> <span class='ocrx_word' id='word_1_841' title='bbox 696 5526 787 5561; x_wconf 85' lang='grc' dir='ltr'>σου</span> <span class='ocrx_word' id='word_1_842' title='bbox 817 5508 1231 5578; x_wconf 83' lang='grc' dir='ltr'>προσκυνήσεις,</span> <span class='ocrx_word' id='word_1_843' title='bbox 1258 5510 1351 5562; x_wconf 76' lang='grc' dir='ltr'>καὶ</span> <span class='ocrx_word' id='word_1_844' title='bbox 1376 5508 1523 5578; x_wconf 84' lang='grc' dir='ltr'>αὐτῷ</span> <span class='ocrx_word' id='word_1_845' title='bbox 1552 5509 1696 5579; x_wconf 78' lang='grc' dir='ltr'>μόνῳ</span> <span class='ocrx_word' id='word_1_846' title='bbox 1723 5509 1944 5580; x_wconf 83' lang='grc' dir='ltr'>λατρεύ-</span> 
     </span>
    </p>
   </div>
   <div class='ocr_carea' id='block_1_102' title="bbox 445 5686 1324 5757">
    <p class='ocr_par' dir='ltr' id='par_1_102' title="bbox 445 5686 1324 5757">
     <span class='ocr_line' id='line_1_102' title="bbox 445 5686 1324 5757; baseline 0.002 -15"><span class='ocrx_word' id='word_1_847' title='bbox 445 5690 488 5722; x_wconf 63' lang='lat'><strong>3‘</strong></span> <span class='ocrx_word' id='word_1_848' title='bbox 516 5688 698 5746; x_wconf 73' lang='lat' dir='ltr'><strong>Matth.</strong></span> <span class='ocrx_word' id='word_1_849' title='bbox 737 5709 806 5757; x_wconf 81' lang='lat' dir='ltr'>tv,</span> <span class='ocrx_word' id='word_1_850' title='bbox 841 5692 932 5756; x_wconf 85' lang='lat' dir='ltr'>l0;</span> <span class='ocrx_word' id='word_1_851' title='bbox 974 5690 1127 5743; x_wconf 61' lang='lat' dir='ltr'><strong>Deut.</strong></span> <span class='ocrx_word' id='word_1_852' title='bbox 1168 5703 1238 5753; x_wconf 85' lang='lat' dir='ltr'>vt,</span> <span class='ocrx_word' id='word_1_853' title='bbox 1273 5686 1324 5744; x_wconf 82' lang='grc'>5.</span> 
     </span>
    </p>
   </div>
   <div class='ocr_carea' id='block_1_103' title="bbox 2039 4500 3614 4575">
    <p class='ocr_par' dir='ltr' id='par_1_103' title="bbox 2039 4500 3614 4575">
     <span class='ocr_line' id='line_1_103' title="bbox 2039 4500 3614 4575; baseline -0.009 -9"><span class='ocrx_word' id='word_1_854' title='bbox 2039 4518 2093 4566; x_wconf 90' lang='lat' dir='ltr'>et</span> <span class='ocrx_word' id='word_1_855' title='bbox 2125 4524 2216 4565; x_wconf 85' lang='lat' dir='ltr'>ars</span> <span class='ocrx_word' id='word_1_856' title='bbox 2239 4547 2256 4573; x_wconf 92' lang='lat'>,</span> <span class='ocrx_word' id='word_1_857' title='bbox 2291 4509 2368 4562; x_wconf 90' lang='lat' dir='ltr'>ita</span> <span class='ocrx_word' id='word_1_858' title='bbox 2393 4515 2479 4562; x_wconf 91' lang='lat' dir='ltr'>est</span> <span class='ocrx_word' id='word_1_859' title='bbox 2509 4507 2565 4560; x_wconf 93' lang='lat' dir='ltr'>in</span> <span class='ocrx_word' id='word_1_860' title='bbox 2597 4506 2720 4575; x_wconf 88' lang='lat' dir='ltr'><strong>ipso</strong></span> <span class='ocrx_word' id='word_1_861' title='bbox 2749 4502 2993 4573; x_wconf 90' lang='lat' dir='ltr'><strong>dignitas</strong></span> <span class='ocrx_word' id='word_1_862' title='bbox 3017 4518 3032 4568; x_wconf 88' lang='lat'>;</span> <span class='ocrx_word' id='word_1_863' title='bbox 3065 4509 3119 4555; x_wconf 91' lang='lat' dir='ltr'><strong>et</strong></span> <span class='ocrx_word' id='word_1_864' title='bbox 3144 4500 3363 4555; x_wconf 89' lang='lat' dir='ltr'><strong>deitatis</strong></span> <span class='ocrx_word' id='word_1_865' title='bbox 3392 4513 3614 4568; x_wconf 87' lang='lat' dir='ltr'><strong>operum</strong></span> 
     </span>
    </p>
   </div>
   <div class='ocr_carea' id='block_1_104' title="bbox 2038 4587 3618 4672">
    <p class='ocr_par' dir='ltr' id='par_1_104' title="bbox 2038 4587 3618 4672">
     <span class='ocr_line' id='line_1_104' title="bbox 2038 4587 3618 4672; baseline -0.01 -15"><span class='ocrx_word' id='word_1_866' title='bbox 2038 4601 2222 4672; x_wconf 86' lang='lat' dir='ltr'><strong>potius</strong></span> <span class='ocrx_word' id='word_1_867' title='bbox 2252 4607 2338 4655; x_wconf 91' lang='lat' dir='ltr'>est</span> <span class='ocrx_word' id='word_1_868' title='bbox 2366 4597 2564 4653; x_wconf 83' lang='lat' dir='ltr'><strong>artifex</strong></span> <span class='ocrx_word' id='word_1_869' title='bbox 2586 4635 2602 4661; x_wconf 88' lang='lat'>,</span> <span class='ocrx_word' id='word_1_870' title='bbox 2630 4610 2794 4666; x_wconf 90' lang='lat' dir='ltr'><strong>quam</strong></span> <span class='ocrx_word' id='word_1_871' title='bbox 2826 4592 2970 4648; x_wconf 86' lang='lat' dir='ltr'><strong>Deus</strong></span> <span class='ocrx_word' id='word_1_872' title='bbox 2993 4606 3158 4646; x_wconf 87' lang='lat' dir='ltr'><strong>verus</strong></span> <span class='ocrx_word' id='word_1_873' title='bbox 3181 4598 3236 4644; x_wconf 93' lang='lat' dir='ltr'>et</span> <span class='ocrx_word' id='word_1_874' title='bbox 3261 4588 3406 4643; x_wconf 90' lang='lat' dir='ltr'><strong>alius</strong></span> <span class='ocrx_word' id='word_1_875' title='bbox 3431 4587 3618 4656; x_wconf 88' lang='lat' dir='ltr'><strong>utique</strong></span> 
     </span>
    </p>
   </div>
   <div class='ocr_carea' id='block_1_105' title="bbox 2037 4680 3616 4763">
    <p class='ocr_par' dir='ltr' id='par_1_105' title="bbox 2037 4680 3616 4763">
     <span class='ocr_line' id='line_1_105' title="bbox 2037 4680 3616 4763; baseline -0.011 -15"><span class='ocrx_word' id='word_1_876' title='bbox 2037 4694 2157 4763; x_wconf 91' lang='lat' dir='ltr'><strong>ipse</strong></span> <span class='ocrx_word' id='word_1_877' title='bbox 2199 4707 2230 4746; x_wconf 87' lang='lat' dir='ltr'>a</span> <span class='ocrx_word' id='word_1_878' title='bbox 2277 4706 2377 4746; x_wconf 90' lang='lat' dir='ltr'>sua</span> <span class='ocrx_word' id='word_1_879' title='bbox 2407 4697 2527 4744; x_wconf 90' lang='lat' dir='ltr'><strong>arte</strong></span> <span class='ocrx_word' id='word_1_880' title='bbox 2548 4728 2562 4754; x_wconf 95' lang='lat'>,</span> <span class='ocrx_word' id='word_1_881' title='bbox 2595 4686 2850 4758; x_wconf 91' lang='lat' dir='ltr'><strong>quamvis</strong></span> <span class='ocrx_word' id='word_1_882' title='bbox 2881 4683 2994 4738; x_wconf 92' lang='lat' dir='ltr'>Deo</span> <span class='ocrx_word' id='word_1_883' title='bbox 3025 4683 3097 4738; x_wconf 90' lang='lat' dir='ltr'>sit</span> <span class='ocrx_word' id='word_1_884' title='bbox 3130 4681 3223 4735; x_wconf 89' lang='lat' dir='ltr'><strong>illa</strong></span> <span class='ocrx_word' id='word_1_885' title='bbox 3255 4680 3616 4735; x_wconf 88' lang='lat' dir='ltr'><strong>conveniens.</strong></span> 
     </span>
    </p>
   </div>
   <div class='ocr_carea' id='block_1_106' title="bbox 2039 4770 3617 4853">
    <p class='ocr_par' dir='ltr' id='par_1_106' title="bbox 2039 4770 3617 4853">
     <span class='ocr_line' id='line_1_106' title="bbox 2039 4770 3617 4853; baseline -0.011 -13"><span class='ocrx_word' id='word_1_886' title='bbox 2039 4784 2327 4850; x_wconf 89' lang='lat' dir='ltr'><strong>Quomodo</strong></span> <span class='ocrx_word' id='word_1_887' title='bbox 2353 4782 2521 4853; x_wconf 88' lang='lat' dir='ltr'><strong>igitur</strong></span> <span class='ocrx_word' id='word_1_888' title='bbox 2549 4779 2768 4850; x_wconf 87' lang='lat' dir='ltr'><strong>angeli,</strong></span> <span class='ocrx_word' id='word_1_889' title='bbox 2800 4789 3014 4845; x_wconf 90' lang='lat' dir='ltr'><strong>nosque</strong></span> <span class='ocrx_word' id='word_1_890' title='bbox 3042 4789 3166 4830; x_wconf 88' lang='lat' dir='ltr'>cum</span> <span class='ocrx_word' id='word_1_891' title='bbox 3198 4773 3306 4827; x_wconf 92' lang='lat' dir='ltr'><strong>illis</strong></span> <span class='ocrx_word' id='word_1_892' title='bbox 3334 4773 3472 4827; x_wconf 89' lang='lat' dir='ltr'><strong>citra</strong></span> <span class='ocrx_word' id='word_1_893' title='bbox 3505 4770 3617 4824; x_wconf 83' lang='lat' dir='ltr'><strong>cul-</strong></span> 
     </span>
    </p>
   </div>
   <div class='ocr_carea' id='block_1_107' title="bbox 2040 4861 3616 4946">
    <p class='ocr_par' dir='ltr' id='par_1_107' title="bbox 2040 4861 3616 4946">
     <span class='ocr_line' id='line_1_107' title="bbox 2040 4861 3616 4946; baseline -0.01 -17"><span class='ocrx_word' id='word_1_894' title='bbox 2040 4890 2167 4946; x_wconf 90' lang='lat' dir='ltr'>pam</span> <span class='ocrx_word' id='word_1_895' title='bbox 2196 4874 2489 4929; x_wconf 90' lang='lat' dir='ltr'><strong>adoramus</strong></span> <span class='ocrx_word' id='word_1_896' title='bbox 2519 4887 2643 4926; x_wconf 89' lang='lat' dir='ltr'><strong>eum</strong></span> <span class='ocrx_word' id='word_1_897' title='bbox 2680 4870 2772 4939; x_wconf 92' lang='lat' dir='ltr'><strong>qui</strong></span> <span class='ocrx_word' id='word_1_898' title='bbox 2807 4868 3034 4923; x_wconf 88' lang='lat' dir='ltr'><strong>deitatis</strong></span> <span class='ocrx_word' id='word_1_899' title='bbox 3076 4863 3334 4919; x_wconf 91' lang='lat' dir='ltr'><strong>terminis</strong></span> <span class='ocrx_word' id='word_1_900' title='bbox 3375 4861 3616 4925; x_wconf 79' lang='lat' dir='ltr'><strong>excidit,</strong></span> 
     </span>
    </p>
   </div>
   <div class='ocr_carea' id='block_1_108' title="bbox 2038 4955 3618 5030">
    <p class='ocr_par' dir='ltr' id='par_1_108' title="bbox 2038 4955 3618 5030">
     <span class='ocr_line' id='line_1_108' title="bbox 2038 4955 3618 5030; baseline -0.009 -11"><span class='ocrx_word' id='word_1_901' title='bbox 2038 4973 2096 5020; x_wconf 89' lang='lat' dir='ltr'><strong>et</strong></span> <span class='ocrx_word' id='word_1_902' title='bbox 2126 4965 2180 5019; x_wconf 90' lang='lat' dir='ltr'>in</span> <span class='ocrx_word' id='word_1_903' title='bbox 2211 4963 2329 5018; x_wconf 90' lang='lat' dir='ltr'><strong>sola</strong></span> <span class='ocrx_word' id='word_1_904' title='bbox 2360 4971 2476 5015; x_wconf 86' lang='lat' dir='ltr'><strong>arte</strong></span> <span class='ocrx_word' id='word_1_905' title='bbox 2509 4960 2740 5030; x_wconf 86' lang='lat' dir='ltr'><strong>gloriam</strong></span> <span class='ocrx_word' id='word_1_906' title='bbox 2773 4959 3007 5028; x_wconf 90' lang='lat' dir='ltr'><strong>positam</strong></span> <span class='ocrx_word' id='word_1_907' title='bbox 3040 4955 3241 5020; x_wconf 90' lang='lat' dir='ltr'><strong>habet,</strong></span> <span class='ocrx_word' id='word_1_908' title='bbox 3272 4968 3395 5008; x_wconf 93' lang='lat' dir='ltr'>cum</span> <span class='ocrx_word' id='word_1_909' title='bbox 3424 4958 3618 5008; x_wconf 87' lang='lat' dir='ltr'><strong>sancta</strong></span> 
     </span>
    </p>
   </div>
   <div class='ocr_carea' id='block_1_109' title="bbox 2041 5043 3618 5119">
    <p class='ocr_par' dir='ltr' id='par_1_109' title="bbox 2041 5043 3618 5119">
     <span class='ocr_line' id='line_1_109' title="bbox 2041 5043 3618 5119; baseline -0.008 -13"><span class='ocrx_word' id='word_1_910' title='bbox 2041 5051 2332 5119; x_wconf 84' lang='lat' dir='ltr'><strong>Scriptura</strong></span> <span class='ocrx_word' id='word_1_911' title='bbox 2377 5054 2604 5102; x_wconf 89' lang='lat' dir='ltr'><strong>cautum</strong></span> <span class='ocrx_word' id='word_1_912' title='bbox 2637 5046 2797 5101; x_wconf 89' lang='lat' dir='ltr'><strong>nobis</strong></span> <span class='ocrx_word' id='word_1_913' title='bbox 2845 5045 2917 5101; x_wconf 90' lang='lat' dir='ltr'>sit</span> <span class='ocrx_word' id='word_1_914' title='bbox 2959 5060 3031 5099; x_wconf 90' lang='lat' dir='ltr'>ne</span> <span class='ocrx_word' id='word_1_915' title='bbox 3064 5043 3233 5098; x_wconf 90' lang='lat' dir='ltr'><strong>alium</strong></span> <span class='ocrx_word' id='word_1_916' title='bbox 3279 5057 3444 5112; x_wconf 90' lang='lat' dir='ltr'><strong>quam</strong></span> <span class='ocrx_word' id='word_1_917' title='bbox 3492 5053 3618 5096; x_wconf 86' lang='lat' dir='ltr'><strong>eum</strong></span> 
     </span>
    </p>
   </div>
   <div class='ocr_carea' id='block_1_110' title="bbox 2038 5130 3616 5213">
    <p class='ocr_par' dir='ltr' id='par_1_110' title="bbox 2038 5130 3616 5213">
     <span class='ocr_line' id='line_1_110' title="bbox 2038 5130 3616 5213; baseline -0.012 -16"><span class='ocrx_word' id='word_1_918' title='bbox 2038 5143 2135 5213; x_wconf 91' lang='lat' dir='ltr'><strong>qui</strong></span> <span class='ocrx_word' id='word_1_919' title='bbox 2166 5153 2357 5195; x_wconf 87' lang='lat' dir='ltr'><strong>revera</strong></span> <span class='ocrx_word' id='word_1_920' title='bbox 2389 5139 2536 5194; x_wconf 90' lang='lat' dir='ltr'><strong>Deus</strong></span> <span class='ocrx_word' id='word_1_921' title='bbox 2558 5144 2643 5192; x_wconf 90' lang='lat' dir='ltr'>est</span> <span class='ocrx_word' id='word_1_922' title='bbox 2663 5136 2956 5190; x_wconf 89' lang='lat' dir='ltr'><strong>adoremus</strong></span> <span class='ocrx_word' id='word_1_923' title='bbox 2978 5134 3002 5186; x_wconf 67' lang='grc' dir='ltr'><em>Υ</em></span> <span class='ocrx_word' id='word_1_924' title='bbox 3023 5151 3044 5184; x_wconf 79' lang='grc' dir='ltr'>ι</span> <span class='ocrx_word' id='word_1_925' title='bbox 3067 5131 3360 5187; x_wconf 88' lang='lat' dir='ltr'><strong>Dominum</strong></span> <span class='ocrx_word' id='word_1_926' title='bbox 3393 5148 3412 5180; x_wconf 71' lang='grc' dir='ltr'>ι</span> <span class='ocrx_word' id='word_1_927' title='bbox 3435 5130 3579 5183; x_wconf 91' lang='lat' dir='ltr'><strong>enim</strong></span> <span class='ocrx_word' id='word_1_928' title='bbox 3599 5164 3616 5189; x_wconf 93' lang='lat'>,</span> 
     </span>
    </p>
   </div>
   <div class='ocr_carea' id='block_1_111' title="bbox 2041 5216 3622 5304">
    <p class='ocr_par' dir='ltr' id='par_1_111' title="bbox 2041 5216 3622 5304">
     <span class='ocr_line' id='line_1_111' title="bbox 2041 5216 3622 5304; baseline -0.014 -15"><span class='ocrx_word' id='word_1_929' title='bbox 2041 5233 2260 5304; x_wconf 88' lang='lat' dir='ltr'><strong>inquit,</strong></span> <span class='ocrx_word' id='word_1_930' title='bbox 2293 5250 2311 5283; x_wconf 83' lang='grc' dir='ltr'>ι</span> <span class='ocrx_word' id='word_1_931' title='bbox 2344 5231 2513 5286; x_wconf 85' lang='lat' dir='ltr'><strong>Deum</strong></span> <span class='ocrx_word' id='word_1_932' title='bbox 2545 5237 2703 5283; x_wconf 87' lang='lat' dir='ltr'><strong>tuum</strong></span> <span class='ocrx_word' id='word_1_933' title='bbox 2743 5225 2996 5280; x_wconf 87' lang='lat' dir='ltr'><strong>adorabis</strong></span> <span class='ocrx_word' id='word_1_934' title='bbox 3017 5265 3030 5287; x_wconf 95' lang='lat'>,</span> <span class='ocrx_word' id='word_1_935' title='bbox 3081 5232 3134 5279; x_wconf 89' lang='lat' dir='ltr'><strong>et</strong></span> <span class='ocrx_word' id='word_1_936' title='bbox 3183 5221 3290 5290; x_wconf 89' lang='lat' dir='ltr'><strong>ipsi</strong></span> <span class='ocrx_word' id='word_1_937' title='bbox 3323 5219 3425 5272; x_wconf 89' lang='lat' dir='ltr'><strong>soli</strong></span> <span class='ocrx_word' id='word_1_938' title='bbox 3457 5216 3622 5284; x_wconf 75' lang='lat'>218</span> 
     </span>
    </p>
   </div>
   <div class='ocr_carea' id='block_1_112' title="bbox 2044 5307 3623 5383">
    <p class='ocr_par' dir='ltr' id='par_1_112' title="bbox 2044 5307 3623 5383">
     <span class='ocr_line' id='line_1_112' title="bbox 2044 5307 3623 5383; baseline -0.016 -1"><span class='ocrx_word' id='word_1_939' title='bbox 2044 5326 2251 5383; x_wconf 88' lang='lat' dir='ltr'><strong>servies</strong></span> <span class='ocrx_word' id='word_1_940' title='bbox 2285 5325 2380 5377; x_wconf 73' lang='grc'>³⁵.»</span> <span class='ocrx_word' id='word_1_941' title='bbox 2411 5321 2520 5376; x_wconf 89' lang='lat' dir='ltr'>Sed</span> <span class='ocrx_word' id='word_1_942' title='bbox 2551 5336 2580 5373; x_wconf 91' lang='lat' dir='ltr'>a</span> <span class='ocrx_word' id='word_1_943' title='bbox 2611 5321 2813 5375; x_wconf 87' lang='lat' dir='ltr'><strong>decoro</strong></span> <span class='ocrx_word' id='word_1_944' title='bbox 2842 5333 2954 5373; x_wconf 89' lang='lat' dir='ltr'>non</span> <span class='ocrx_word' id='word_1_945' title='bbox 2986 5317 3207 5370; x_wconf 85' lang='lat' dir='ltr'><strong>aberrat</strong></span> <span class='ocrx_word' id='word_1_946' title='bbox 3235 5316 3424 5363; x_wconf 87' lang='lat' dir='ltr'><strong>sancta</strong></span> <span class='ocrx_word' id='word_1_947' title='bbox 3457 5307 3623 5376; x_wconf 87' lang='lat' dir='ltr'><strong>potis-</strong></span> 
     </span>
    </p>
   </div>
   <div class='ocr_carea' id='block_1_113' title="bbox 2046 5399 3624 5485">
    <p class='ocr_par' dir='ltr' id='par_1_113' title="bbox 2046 5399 3624 5485">
     <span class='ocr_line' id='line_1_113' title="bbox 2046 5399 3624 5485; baseline -0.02 -10"><span class='ocrx_word' id='word_1_948' title='bbox 2046 5421 2245 5475; x_wconf 91' lang='lat' dir='ltr'><strong>simum</strong></span> <span class='ocrx_word' id='word_1_949' title='bbox 2274 5416 2590 5485; x_wconf 87' lang='lat' dir='ltr'><strong>angelorum</strong></span> <span class='ocrx_word' id='word_1_950' title='bbox 2623 5411 2813 5475; x_wconf 90' lang='lat' dir='ltr'><strong>turba,</strong></span> <span class='ocrx_word' id='word_1_951' title='bbox 2841 5409 2935 5464; x_wconf 89' lang='lat' dir='ltr'>scd</span> <span class='ocrx_word' id='word_1_952' title='bbox 2960 5407 3153 5459; x_wconf 86' lang='lat' dir='ltr'><strong>Filium</strong></span> <span class='ocrx_word' id='word_1_953' title='bbox 3186 5399 3378 5453; x_wconf 87' lang='lat' dir='ltr'><strong>adorat</strong></span> <span class='ocrx_word' id='word_1_954' title='bbox 3400 5436 3413 5456; x_wconf 89' lang='lat'>,</span> <span class='ocrx_word' id='word_1_955' title='bbox 3441 5402 3494 5485; x_wconf 74' lang='lat' dir='ltr'>et</span> <span class='ocrx_word' id='word_1_956' title='bbox 3523 5408 3624 5447; x_wconf 90' lang='lat' dir='ltr'><strong>no-</strong></span> 
     </span>
    </p>
   </div>
   <div class='ocr_carea' id='block_1_114' title="bbox 2049 5483 3621 5573">
    <p class='ocr_par' dir='ltr' id='par_1_114' title="bbox 2049 5483 3621 5573">
     <span class='ocr_line' id='line_1_114' title="bbox 2049 5483 3621 5573; baseline -0.02 -8"><span class='ocrx_word' id='word_1_957' title='bbox 2049 5512 2260 5566; x_wconf 85' lang='lat' dir='ltr'><strong>biscum</strong></span> <span class='ocrx_word' id='word_1_958' title='bbox 2296 5483 2420 5562; x_wconf 79' lang='lat' dir='ltr'><strong>eum</strong></span> <span class='ocrx_word' id='word_1_959' title='bbox 2461 5505 2595 5560; x_wconf 91' lang='lat' dir='ltr'><strong>colit</strong></span> <span class='ocrx_word' id='word_1_960' title='bbox 2624 5517 2784 5573; x_wconf 87' lang='lat' dir='ltr'><strong>quem</strong></span> <span class='ocrx_word' id='word_1_961' title='bbox 2822 5496 3126 5556; x_wconf 87' lang='lat' dir='ltr'><strong>secundum</strong></span> <span class='ocrx_word' id='word_1_962' title='bbox 3159 5495 3414 5544; x_wconf 88' lang='lat' dir='ltr'><strong>naturam</strong></span> <span class='ocrx_word' id='word_1_963' title='bbox 3451 5483 3621 5539; x_wconf 88' lang='lat' dir='ltr'><strong>Deum</strong></span> 
     </span>
    </p>
   </div>
  </div>
