4078 6262
472 333 579 389 355

1457 330 1518 385 S.
1562 324 1840 386 CYRILLI
1872 324 2351 384 ALEXANDRINI
2375 320 2698 381 ARCHIEP.

3622 322 3719 382 356

468 454 624 508 novit
649 467 809 518 eSSe,
843 464 1020 523 neque
1046 450 1372 522 disciplina,
1400 459 1459 505 ut
1488 451 1567 505 illi
1596 460 1874 520 nugantur
1898 466 1914 506 :
1941 464 2036 504 nec

2145 464 2312 510 σειςδ
2363 444 2500 499 Ἀλλ’
2530 445 2629 499 ούκ
2660 444 2724 497 ἂν
2758 440 3048 511 ἀπεσφάλη
3079 441 3172 494 τοῦ
3206 441 3505 511 πρέποντος
3536 441 3570 509 ἡ
3603 442 3725 509 ἀγία

467 545 616 600 enim
641 585 658 612 ,
680 552 739 599 ut
769 553 1033 615 apparet,
1058 543 1305 598 sentiunt
1326 551 1563 613 quantas
1590 543 1646 597 in
1676 542 2047 598 absurditates

469 636 599 691 inde
630 635 1010 706 prolabantur.
1050 633 1293 689 Primum
1326 633 1530 689 etenim
1562 630 1737 687 Filius
1770 630 2049 687 alteratio-

469 743 595 783 nem
628 734 683 781 et
713 727 1076 781 mutationem
1106 725 1161 780 in
1194 725 1377 795 majus
1421 739 1452 779 a
1495 723 1699 779 minori
1741 722 2044 792 suscipiet,

468 818 723 887 quamvis
755 832 852 888 per
882 816 1206 886 prophetam
1250 816 1372 886 ipse
1414 814 1563 869 dicat
1590 832 1603 867 :
1636 832 1654 866 ι
1686 809 1916 876 Videte,
1961 810 2045 866 vi-

469 908 593 963 dete
623 908 751 978 quia
794 923 895 978 ego
940 923 1092 973 sum,
1128 915 1183 962 et
1223 922 1334 962 non
1383 914 1569 961 mutor
1601 906 1669 959 ³⁸.
1702 924 1721 958 ι
1752 904 1859 961 Sed
1893 919 2049 960 men-

468 996 639 1050 tietur
668 996 858 1066 utique
884 994 1178 1051 Psalmista
1205 994 1457 1050 clamans
1489 995 1544 1050 in
1589 993 1799 1065 Spiritu
1841 993 1911 1049 ad
1956 991 2048 1048 Fi-

469 1086 603 1142 lium
628 1105 640 1139 :
669 1086 781 1141 «Tu
807 1096 995 1141 autem
1022 1086 1164 1141 idem
1194 1086 1313 1155 ipse
1336 1100 1397 1142 es
1417 1085 1514 1139 ⁸⁸.»
1537 1084 1837 1155 Exspectat
1859 1084 2005 1140 enim
2028 1122 2046 1150 ,

470 1188 534 1232 ut
564 1178 641 1232 illi
670 1187 970 1243 asserunt,
1003 1176 1131 1231 dum
1166 1175 1330 1230 Pater
1361 1176 1509 1231 circa
1541 1175 1750 1245 aliquid
1784 1182 2046 1246 operetur

469 1277 736 1338 tanquam
766 1268 879 1321 dux
925 1274 981 1322 et
1031 1268 1316 1336 magister,
1346 1273 1430 1331 ut,
1452 1280 1519 1321 eo
1560 1274 1892 1335 conspecto,
1922 1265 2046 1334 ejus

468 1359 717 1415 imitator
745 1358 858 1412 ﬁat.
888 1358 956 1412 At
983 1357 1078 1428 qui
1107 1356 1227 1411 ﬁeri
1256 1365 1439 1427 potest
1480 1363 1540 1410 ut
1580 1356 1673 1426 qui
1722 1354 2043 1425 hujusmodi

462 1458 554 1505 est
604 1464 715 1504 non
766 1449 1020 1503 videatur
1063 1463 1128 1503 ex
1179 1448 1535 1518 ignoratione
1584 1446 1652 1501 ad
1684 1446 2042 1527 agnitionem

466 1540 836 1612 quorumdam
873 1540 1065 1605 evehi,
1099 1547 1153 1594 et
1183 1555 1215 1593 a
1248 1539 1512 1595 deteriori
1545 1540 1601 1594 in
1634 1539 1831 1595 melius
1860 1545 2046 1595 trans-

466 1633 707 1697 mutari,
756 1631 803 1687 si
843 1631 977 1686 boni
1024 1630 1315 1700 cujusdam
1361 1630 1652 1685 scientiam
1701 1630 2047 1700 ignoratione

466 1724 929 1795 praastabiliorem
974 1737 1100 1778 esse
1135 1721 1496 1791 judicemus?
1537 1721 1607 1774 At
1648 1720 1910 1792 quidnam
1953 1722 2043 1775 in-

2150 539 2383 609 μάλιστα
2429 536 2537 591 τῶν
2589 537 2837 607 ἀγγέλων
2887 535 3132 606 πληθὺς,
3183 535 3485 603 προσκυνεῖ
3539 532 3598 587 δὲ
3639 535 3724 588 τὸν

2147 630 2296 695 Υίὸν,
2331 629 2425 682 xui.
2447 627 2697 699 λατρεύει
2730 626 2850 699 μεθ’
2882 626 3061 698 ἡμῶν,
3095 625 3237 680 κατὰ
3268 624 3431 693 φύσιν
3449 625 3579 678 ὅντα
3601 625 3726 681 Θεὸν

2144 721 2604 790 ὲπιγινώσκουσα,
2639 719 2735 773 καὶ
2760 720 2821 773 ού
2855 717 3141 782 διδακτῶς,
3169 717 3245 780 ὡς
3271 718 3467 771 ἐκεῖνοι
3503 715 3727 788 ληροῦν-

2144 811 2237 875 τές
2264 828 2426 880 φασιν
2449 827 2464 842 ⁸
2507 811 2567 864 οὐ
2595 810 2703 881 γὰρ
2734 809 3098 874 αἰσθάνονται,
3134 808 3275 861 κατὰ
3303 808 3364 861 τὸ
3397 808 3564 873 εἰκὸς,
3589 808 3726 872 ὅσοις

2145 900 2396 955 ἐντεῦθεν
2418 901 2841 973 περιπεσοῦνται
2868 903 2982 964 τοῖς
3006 899 3179 970 ἀτοπή
3190 912 3340 969 μασι.
3379 897 3604 968 Πρῶτον
3631 897 3722 968 μὶν

2145 993 2253 1068 γὰρ
2278 994 2309 1048 ὁ
2331 994 2458 1059 Υίὸς
2490 993 2776 1049 ἀλλοίωσίν
2803 1010 2863 1047 τε
2893 992 2987 1046 καὶ⁵
3009 991 3220 1064 τροπὴν
3258 991 3357 1061 τὴν
3389 991 3483 1043 ἐπὶ
3511 988 3572 1044 τὸ
3611 988 3724 1060 μεῖ-

2145 1086 2236 1152 ζον
2267 1085 2341 1150 ὡς
2369 1084 2429 1151 ἐξ
2453 1086 2735 1148 ἐλάττονος
2767 1084 3094 1151 ἐπιδέξεται,
3142 1082 3319 1137 καίτοι
3356 1081 3447 1135 διὰ
3469 1081 3564 1135 τοῦ
3595 1095 3727 1152 προ-

2144 1179 2314 1249 φήτου
2338 1177 2511 1247 λέγων
2537 1175 2698 1241 αὐτός
2721 1192 2736 1206 ο
2776 1194 2797 1229 ι
2823 1176 3013 1239 Ἴδετε,
3044 1174 3181 1228 ἴδετε
3206 1175 3289 1227 ὅτι
3322 1170 3433 1242 ἐγὼ
3463 1172 3603 1242 εἰμὶ,
3635 1170 3728 1226 καὶ

2143 1267 2245 1320 οὐκ
2270 1266 2595 1337 ὴλλοίωμαι.
2622 1285 2640 1317 ι
2684 1264 3042 1334 Διαψεύσεται
3070 1262 3128 1317 δὲ
3157 1263 3373 1325 πάντως
3400 1263 3494 1315 καὶ
3519 1259 3548 1314 6
3574 1260 3724 1315 Ψαλ-

2149 1359 2321 1430 μῳδὸς
2356 1362 2413 1413 ἐν
2442 1357 2742 1429 Πνεύματι,
2782 1357 2883 1410 ιΣὺ
2918 1356 2975 1410 δὲ
3003 1358 3031 1409 ὁ
3057 1354 3219 1418 αὐτὸς
3250 1347 3319 1416 εἴ,
3352 1372 3370 1404 ι
3422 1353 3560 1424 βοῶν
3594 1352 3726 1424 πρὸς

2145 1451 2236 1505 τὸν
2279 1451 2428 1505 Υίόν.
2477 1450 2769 1522 Περιμένει
2819 1448 2947 1520 γὰρ,
2997 1447 3073 1512 ὡς
3121 1447 3317 1502 ἐκεῖνοί
3356 1463 3540 1517 φασιν,
3579 1448 3726 1517 ἐνερ-

2144 1543 2344 1614 γοῦντα
2374 1543 2466 1596 τὸν
2496 1542 2716 1613 Πατέρα
2748 1540 2875 1612 περί
2904 1556 2957 1592 τι
2989 1538 3097 1594 τῶν
3138 1537 3327 1603 ὅντων,
3359 1537 3525 1590 οἱονεὶ
3558 1534 3726 1606 καθη-

2145 1635 2319 1705 γητήν
2363 1649 2485 1688 τινα
2533 1632 2627 1686 καὶ
2661 1629 3002 1695 διδάσκαλον,
3051 1629 3140 1683 ἵνα
3170 1630 3459 1701 θεωρήσας
3501 1629 3725 1697 γένηται

2153 1725 2411 1798 μιμητής.
2443 1720 2578 1776 Εἶτα
2610 1721 2726 1786 πῶς
2749 1724 2777 1775 6
2801 1720 3039 1785 τοιοῦτος
3063 1721 3162 1775 οὐκ
3186 1720 3249 1775 ἀν
3276 1738 3353 1791 τῳ
3374 1719 3526 1786 δόξαι
3547 1718 3726 1772 λοιπὸν

469 1792 637 1891 super
681 1816 908 1872 absurdi
951 1821 1237 1885 sequatur,
1284 1812 1475 1868 dicant
1522 1812 1683 1868 nobis
1723 1813 1817 1883 qui
1872 1812 2036 1883 magi-

2152 1792 2463 1885 véé‘dt’yvoiac
2492 1817 2592 1887 τῆς
2623 1830 2785 1868 τινων
2818 1812 3127 1867 ἀναϐαίνειν
3153 1814 3234 1876 είς
3257 1811 3479 1880 γνῶσιν,
3505 1812 3599 1864 καὶ
3623 1808 3725 1863 ἀπὸ

467 1918 642 1964 strum
689 1908 872 1978 potius
905 1922 1069 1977 quam
1112 1904 1330 1961 Patrem
1374 1904 1550 1959 Deum
1577 1919 1701 1960 esse
1750 1912 2042 1960 statuunt:

469 2010 656 2054 utrum
688 1998 862 2054 Filius
891 2000 1158 2070 ignorans
1188 1997 1375 2054 Patris
1404 2011 1571 2067 opera
1598 2004 1887 2068 exspectat
1913 1996 2044 2053 dum

467 2091 685 2153 videat,
715 2106 781 2144 an
811 2090 1224 2145 exactissimam
1253 2104 1447 2143 eorum
1492 2087 1746 2142 notitiam
1789 2102 1903 2142 non
1948 2086 2047 2141 ha-

468 2184 652 2240 bens?
684 2183 822 2238 Nam
855 2184 899 2237 si
933 2183 1121 2238 dicent
1152 2191 1507 2252 exspectare,
1536 2180 1789 2251 quamvis
1828 2180 1920 2234 illa
1953 2194 2045 2236 co-

468 2282 701 2344 gnoscat
721 2314 736 2338 ,
768 2275 917 2328 clare
945 2268 1237 2329 ostendent
1268 2271 1516 2327 inaniter
1540 2271 1756 2335 facere,
1789 2278 1843 2327 ct
1872 2273 2045 2326 vanis-

468 2366 621 2422 simae
650 2365 731 2420 rei
764 2379 986 2434 operam
1018 2363 1151 2418 dare
1181 2362 1423 2418 Patrem.
1456 2362 1553 2418 Ille
1583 2363 1731 2418 enim
1763 2362 1913 2433 quod
1946 2378 2043 2433 ap-

467 2458 643 2529 prime
694 2458 880 2524 novit,
932 2465 995 2511 ut
1048 2456 1312 2526 ignorans
1360 2454 1717 2511 considerat:
1758 2455 1849 2510 hic
1894 2455 2043 2512 illius

467 2564 702 2621 gnarum
734 2548 934 2604 docere
964 2548 1301 2619 aggreditur.
1335 2547 1568 2603 Cuinam
1596 2556 1779 2602 autem
1812 2548 2042 2605 dubium

468 2654 592 2695 esse
620 2648 799 2709 potest
828 2642 961 2709 quin
995 2640 1111 2694 haec
1141 2640 1302 2709 plane
1335 2638 1576 2693 ridicula
1610 2639 1767 2694 sint?
1796 2638 1904 2695 Sed
1940 2640 2043 2697 hoc

467 2729 655 2786 forsan
681 2731 880 2786 dicturi
908 2747 1016 2786 non
1045 2741 1208 2799 sunt,
1242 2733 1351 2787 imo
1374 2732 1708 2787 contrariam
1743 2732 1798 2788 in
1831 2742 2040 2806 partem

464 2821 651 2892 potius
685 2837 744 2877 se
778 2820 1140 2878 transferent.
1167 2823 1434 2879 Asserent
1461 2823 1607 2878 enim
1634 2823 1813 2895 ipsum
1847 2841 2040 2882 neces-

467 2910 619 2964 sario
646 2921 975 2980 exspectare
1005 2911 1135 2966 dum
1166 2910 1333 2967 Pater
1369 2923 1650 2983 operetur,
1680 2922 1740 2969 nt
1784 2931 1852 2970 ex
1890 2916 2040 2972 illius

465 3001 938 3071 contemplatione
966 3002 1146 3058 discat
1178 3004 1418 3073 operari.
1445 3003 1734 3070 Quomodo
1759 3021 1891 3077 ergo
1921 3006 2041 3062 uni-

2145 1910 2241 1965 τοῢ
2287 1910 2529 1984 χείρονος
2583 1907 3022 1981 μετατρέπεσθαι
3075 1907 3214 1979 πρὸς
3257 1907 3515 1978 ἄμεινον,
3570 1906 3724 1977 εἴπερ

2146 1996 2286 2057 εἶναι
2315 2001 2646 2072 λογιούμιθα
2677 1998 2738 2055 τὸ
2769 2000 2967 2055 εἰδέναι
3005 2017 3058 2055 τι
3098 1998 3208 2054 τῶν
3241 1998 3484 2068 ἀγαθῶν,
3524 1998 3619 2051 τοῦ
3653 1998 3722 2069 μὴ

2146 2093 2344 2148 εἰδέναι
2393 2092 2649 2159 κάλλιον;
2714 2086 2847 2145 Εἶτα
2894 2108 2947 2145 τι
2994 2088 3133 2161 πρὸς
3173 2089 3385 2153 τούτοις
3431 2090 3619 2160 ὁρᾶται
3669 2084 3724 2141 τὸ

2144 2184 2367 2250 ἄτοπον,
2398 2183 2660 2252 λεγόντων
2688 2185 2820 2259 ἡμῖν
2850 2185 2898 2236 οἱ
2926 2181 3240 2253 παιδευτὴν,
3269 2180 3304 2251 ἢ
3335 2179 3557 2251 Πατέρα
3593 2179 3717 2251 μᾶλα

2144 2278 2236 2333 λον
2273 2276 2617 2348 εἰσφέροντες
2648 2275 2739 2330 τὸν
2778 2276 2941 2330 Θεόνο
2979 2274 3209 2346 πότερόν
3242 2291 3372 2326 ποτε
3408 2273 3519 2326 τῶν
3551 2273 3721 2345 ἔργων

2143 2369 2238 2424 τοῦ
2270 2369 2479 2439 Πατρὸς
2511 2370 2568 2423 ἐν
2604 2368 2797 2440 ἀγνοίᾳ
2834 2365 3189 2438 καθεστηκὼς
3218 2368 3246 2420 6
3273 2366 3401 2430 Υἱὸς
3444 2366 3720 2436 περιμένει

2142 2459 2205 2514 τὸ
2240 2460 2389 2523 ἰδεῖν,
2423 2457 2457 2530 ἢ
2489 2457 2589 2529 τὴν
2616 2456 2709 2511 ἐπὶ
2736 2455 2947 2517 τούτοις
2970 2457 3171 2525 γνῶσιν
3200 2456 3303 2510 οὐκ
3333 2455 3471 2526 ἔχων
3502 2455 3720 2525 ἀκριϐεο

2146 2552 2381 2623 στάτην;
2410 2551 2476 2603 Ei
2506 2549 2604 2621 μέν
2623 2543 2716 2603 οὖν
2745 2548 2923 2602 εἰδότα
2949 2547 3265 2618 περιμένειν
3296 2546 3511 2619 ἐροῦσιν
3541 2545 3717 2612 αὐτὸν,

2143 2641 2527 2714 περιττότατόν
2571 2658 2625 2694 τι
2674 2637 2935 2694 ποιοῦντα
2980 2635 3169 2708 σαφῶς
3214 2637 3573 2704 ἐπιδείξουσι,
3628 2635 3719 2690 καὶ

2121 2733 2479 2788 νείκαιοτάτου
2509 2732 2836 2803 πράγματος
2868 2729 3223 2801 ἐπιτηδευτὴν
3253 2728 3345 2782 τὸν
3373 2729 3616 2799 Πατέρα.
3663 2727 3718 2781 '0

2144 2827 2244 2899 μὲν
2290 2825 2421 2898 γὰρ,
2469 2824 2607 2895 ὅπερ
2650 2819 2792 2879 οἶδεν
2822 2822 3084 2892 ἀκριϐῶς,
3123 2821 3200 2885 ὡς
3249 2819 3460 2889 ἀγνοῶν
3501 2818 3719 2872 ἐπισκέ-

2142 2933 2360 2981 πτεται,
2390 2917 2419 2970 6
2449 2913 2507 2969 δὶ
2532 2914 2624 2969 τὸν
2656 2913 2831 2969 είδότα
2855 2912 3124 2968 διδάσκειν
3155 2914 3441 2983 ἐπιχειρεῖ.
3476 2913 3589 2965 Καὶ
3616 2910 3717 2965 τίνι

2139 3006 2250 3060 τῶν
2273 3005 2440 3059 όντων
2462 3005 2564 3058 οὐκ
2586 3003 2735 3057 ἔσται
2760 3004 3091 3075 καταφανὲς,
3112 3003 3196 3057 ὅτι
3217 3002 3316 3073 τῆς
3347 3001 3585 3072 ἐσχάτης
3622 3014 3712 3069 γει

464 3108 624 3149 versa
655 3094 809 3149 novit
838 3102 1133 3163 antequam
1172 3094 1307 3150 ﬁant
1338 3096 1418 3151 '7?
1445 3105 1540 3152 aut
1585 3098 1863 3168 quomodo
1910 3115 2036 3157 vere

2137 3096 2409 3168 λοιότητος
2430 3096 2561 3149 εῖσω
2585 3095 2826 3150 κείσεται
2845 3095 2915 3148 τά
2933 3094 3156 3149 τοιαῦτα
3183 3111 3199 3161 ;
3248 3093 3408 3147 Ἀλλά
3432 3092 3590 3147 τοῦτο
3620 3093 3714 3163 μὲν

463 3184 613 3239 dicet
662 3185 781 3254 ipse
828 3184 898 3240 de
946 3187 1169 3257 seipso:
1205 3205 1226 3240 ι
1255 3186 1400 3245 Deus
1438 3191 1890 3261 appropinquans
1937 3206 2039 3263 ego

464 3291 623 3341 sum,
655 3276 790 3330 dicit
821 3276 1123 3342 Dominus,
1155 3287 1210 3335 et
1233 3294 1345 3335 non
1373 3278 1517 3338 Deus
1545 3282 1614 3337 de
1657 3282 1815 3354 longe
1843 3298 1856 3334 :
1903 3298 2038 3339 num

464 3368 838 3424 abscondetur
863 3368 996 3441 quid
1030 3385 1061 3424 a
1089 3386 1179 3426 me
1212 3372 1255 3404 ³⁸
1276 3372 1334 3426 ii
1359 3372 1650 3440 Quomodo
1687 3390 1799 3430 non
1841 3374 2039 3433 absura

418 3512 419 3515 η
463 3458 593 3513 dum
623 3469 687 3538 et
711 3460 982 3517 insulsum
1020 3462 1127 3518 erit
1175 3462 1406 3534 Spiritui
1452 3466 1711 3533 credere,
1755 3474 1808 3522 et
1852 3466 2039 3538 inqui-

463 3564 587 3605 rere
632 3565 697 3605 ac
725 3552 868 3606 scire
899 3551 1167 3621 profunda
1197 3553 1326 3621 Dei,
1356 3558 1673 3614 existimare
1709 3566 1889 3614 autem
1919 3560 2035 3615 lar-

464 3641 693 3712 gitorem
736 3641 977 3711 Spiritus
999 3643 1257 3712 ignorare
1279 3644 1461 3703 Patris
1492 3662 1681 3717 opera,
1709 3658 1763 3704 et
1784 3666 1890 3706 suo
1921 3649 2042 3721 Spi-

463 3730 576 3787 ritu
602 3732 787 3800 quoad
814 3731 1187 3804 cognitionem
1214 3735 1532 3793 inl‘eriorem
1558 3741 1728 3795 esse?
1772 3739 2035 3812 Nunquid

463 3822 611 3877 enim
658 3821 834 3878 Filius
885 3840 1106 3896 quoque
1138 3823 1423 3896 Sapientia
1451 3844 1575 3885 esse
1617 3831 1860 3900 desinet,
1904 3850 2032 3891 cum

462 3913 659 3983 utique
699 3914 950 3985 ignoret,
985 3915 1362 3987 discendoque
1392 3922 1706 3992 percipiat?
1739 3922 2035 3996 Sapientia:

460 4002 609 4058 enim
641 4013 826 4074 potius
854 4020 1031 4077 capax
1070 4007 1210 4072 erit,
1242 4023 1407 4078 quam
1454 4012 1690 4081 ipsamet
1727 4016 2032 4073 secundum

460 4101 711 4148 naturam
741 4092 1043 4168 Sapientia.
1076 4096 1355 4168 Sapientia
1397 4102 1603 4174 quippe
1645 4113 1730 4161 est
1782 4106 1838 4163 id
1886 4110 2033 4179 quod

459 4185 786 4256 sapientiam
819 4188 1070 4259 largitur,
1105 4186 1217 4246 non
1250 4194 1396 4262 quod
1429 4197 1759 4267 sapientiam
1793 4203 2027 4273 accipit,

461 4277 928 4345 quemadmodum
985 4296 1179 4351 nempe
1229 4283 1392 4338 etiam
1451 4286 1637 4341 lumen
1691 4299 1776 4345 est
1828 4291 2032 4348 illumi-

457 4382 628 4432 nans,
686 4369 852 4439 2‘19
898 4385 1011 4426 non
1056 4372 1202 4444 quod
1242 4374 1605 4434 illuminatur.
1658 4377 1825 4450 Igitur
1879 4382 2027 4437 aliud

2140 3190 2241 3244 οὐκ
2270 3188 2456 3261 ἐροῦσι
2475 3186 2637 3258 τυχόν
2656 3202 2670 3217 ·
2710 3187 3108 3259 μεταϐήσονται
3127 3186 3182 3241 δέ
3198 3187 3333 3260 πρὸς
3368 3185 3431 3239 τὸ
3456 3186 3714 3240 ἐναντίον.

2140 3280 2464 3355 Περιμένειν
2491 3279 2600 3352 γὰρ
2637 3279 2800 3333 αὑτὸν
2830 3280 3143 3348 ἀναγκαίως
3185 3277 3514 3352 ἐνεργοῦντα
3541 3277 3717 3330 διαϐεο

2140 3370 2466 3425 ϐαιὼσονται
2492 3368 2583 3422 τὸν
2615 3368 2837 3440 Πατέρα
2864 3369 3000 3441 πρὸς
3026 3369 3087 3422 τὸ
3116 3368 3468 3440 θεωρήσαντα
3505 3367 3714 3438 μαθεῖν.

2138 3461 2264 3526 Πῶς
2295 3457 2389 3516 οὖν
2421 3454 2530 3514 οἶδε
2561 3459 2634 3513 τὰ
2680 3459 2879 3525 πάντα,
2929 3460 3057 3533 πρὶν
3101 3461 3369 3529 γενέσεως
3414 3460 3634 3526 αὐτῶν;
3682 3456 3715 3531 ἦ

2140 3553 2258 3617 πῶς
2282 3550 2573 3623 ἀληθεύσει
2609 3550 2784 3621 λέγων
2810 3551 2973 3616 αὐτὸς
3005 3553 3134 3625 περὶ
3163 3551 3357 3606 ἑαυτοῦ
3377 3568 3390 3581 ·
3436 3551 3599 3613 (Θεὸς
3626 3552 3718 3619 ἐγ-

2138 3643 2309 3713 γίζων
2336 3644 2448 3713 ἐγώ
2478 3646 2616 3717 είμι,
2649 3645 2799 3714 λέγει
2839 3643 3065 3717 Κύριος,
3106 3645 3200 3699 καὶ
3231 3644 3351 3715 ούχὶ
3388 3642 3671 3715 πόρῤωθεν
3696 3657 3711 3675 ⁸

2139 3737 2217 3808 μὴ
2252 3738 2345 3791 ἀπ’
2372 3737 2507 3809 ἐμοῦ
2539 3738 2873 3811 κρυϐήσεταί
2904 3755 2989 3805 τι;
3021 3758 3039 3792 ι
3078 3737 3203 3802 Πῶς
3223 3738 3280 3792 δὲ
3309 3739 3409 3792 οὐκ
3429 3737 3629 3793 ἄτοπόν
3655 3751 3715 3791 τε

2137 3829 2233 3883 καὶ
2265 3828 2475 3899 ἀμαθὲς
2506 3829 2586 3901 τῷ
2625 3829 2723 3901 μὲν
2757 3829 3036 3902 Πνεύματι
3072 3830 3369 3895 πιστεύειν,
3400 3831 3628 3901 ἐρευνᾷν
3654 3845 3714 3882 τε

2135 3916 2231 3971 καὶ
2257 3916 2451 3971 εἰδέναι
2483 3919 2549 3972 τὰ
2574 3918 2710 3990 βάθη
2740 3918 2834 3972 τοῦ
2862 3918 3017 3985 Θεοῦ,
3061 3918 3153 3972 τὸν
3181 3918 3239 3973 δὲ
3270 3919 3365 3973 τοῦ
3398 3920 3713 3990 Πνεύματος

2133 4009 2369 4082 χορηγὸν
2404 4011 2463 4064 ἐν
2511 4011 2706 4083 ἀγνοίᾳ
2734 4010 3063 4066 καθεστάναι
3106 4010 3345 4083 νομίζειν
3381 4013 3488 4066 τῶν
3536 4011 3713 4083 ἔργων

2134 4100 2227 4156 τοῦ
2250 4102 2484 4174 Πατρὸς,
2512 4104 2607 4157 καὶ
2630 4102 2724 4157 τοῦ
2751 4102 2878 4156 ίδίου
2909 4103 3048 4157 Πνεύ
3056 4119 3243 4175 ματος,
3265 4105 3387 4157 ὅσον
3411 4106 3491 4168 εἰς
3510 4105 3712 4175 γνῶσιν

2131 4194 2654 4265 ἀπολιμπάνεσθαι;
2703 4190 2852 4266 τΑρα
2896 4194 3005 4267 γὰρ
3057 4196 3157 4250 οὐκ
3201 4196 3466 4251 ἀποϐαλεῖ
3512 4199 3607 4252 καὶ
3650 4195 3712 4250 τὸ

2133 4283 2271 4340 εἶναι
2300 4287 2461 4357 σοφία
2488 4286 2672 4341 λοιπὸν
2709 4289 2737 4341 6
2781 4287 2930 4352 Υίὸς,
2966 4288 3196 4359 ἐπείπερ
3225 4289 3360 4353 ὅλως
3385 4291 3588 4359 ἀγνοεῖ,
3617 4289 3711 4343 καὶ

2132 4377 2399 4448 λαμϐάνει
2428 4378 2516 4432 διὰ
2553 4377 2878 4449 μαθήσεωςς
2925 4379 3124 4450 Σοφίας
3156 4380 3267 4451 γὰρ
3317 4380 3516 4450 μᾶλλον
3557 4380 3710 4434 ἔσται

456 4461 718 4531 quiddam
769 4465 890 4534 ipse
932 4480 1126 4522 rursus
1172 4468 1279 4521 erit
1324 4468 1394 4524 ab
1438 4485 1501 4524 ea
1554 4484 1677 4541 quae
1706 4472 1760 4526 in
1793 4473 1915 4544 ipso
1944 4486 2031 4531 est

2137 4469 2397 4536 δεκτικὸς,
2422 4472 2564 4542 1ἤπερ
2595 4470 2726 4524 αὐτὸ
2749 4472 2887 4525 κατᾶ
2908 4473 3068 4542 φύσιν
3107 4472 3287 4542 σοφία.
3323 4474 3492 4543 Σοφία
3519 4473 3624 4546 γὰρ
3650 4474 3709 4527 τὸ

457 4553 767 4624 sapientia:
826 4562 881 4610 et
928 4556 1167 4626 primum
1201 4559 1422 4628 quidem
1470 4576 1580 4615 non
1632 4562 1883 4633 simplex,
1930 4568 2026 4621 sed

454 4644 799 4713 compositus
829 4660 892 4699 ex
935 4646 1191 4715 duobus;
1238 4647 1437 4704 deinde
1482 4650 1626 4705 Deus
1652 4667 1774 4708 esse
1807 4669 2029 4725 quoque

456 4732 712 4788 desinet:
747 4733 918 4790 Deum
969 4748 1148 4792 autem
1181 4738 1306 4795 dico
1338 4742 1639 4797 secundum
1676 4752 1927 4801 naturam
1976 4757 2029 4803 et

456 4818 923 4876 substantialiter.
958 4822 1181 4881 Discere
1205 4841 1443 4899 namque
1480 4830 1549 4885 ab
1580 4831 1788 4902 aliquo,
1837 4844 1891 4891 et
1926 4837 2027 4892 du-

454 4907 653 4979 plicem
688 4924 813 4965 esse
841 4920 1005 4983 atque
1037 4916 1423 4989 compositum,
1457 4922 1700 4979 alienum
1745 4933 1830 4983 est
1864 4929 2020 4998 peni-

454 5008 606 5054 tusa
645 4998 867 5057 deitatis
918 5012 1133 5071 natura,
1185 5009 1275 5062 cui
1318 5017 1580 5080 tanquam
1636 5018 1915 5085 proprium
1967 5028 2025 5074 et

451 5090 917 5161 perfectissimum
952 5093 1158 5151 bonum
1188 5099 1513 5170 simplicitas
1546 5103 1712 5159 inest.
1768 5106 1923 5173 Quod
1972 5112 2021 5165 si

452 5180 596 5239 Deus
625 5196 733 5238 non
764 5192 851 5240 est
878 5186 1182 5243 secundum
1211 5199 1461 5246 naturam
1516 5192 1710 5262 Filius,
1743 5204 2021 5267 quomodo

452 5286 712 5345 operatur
749 5281 805 5329 et
854 5282 1080 5345 praestat
1117 5292 1181 5333 ea
1219 5294 1343 5349 quae
1384 5282 1486 5335 soli
1520 5281 1631 5338 Deo
1660 5293 2022 5357 congruunt?

449 5364 533 5420 An
563 5367 713 5423 enim
744 5364 945 5422 dicturi
976 5376 1108 5423 sunt
1140 5370 1190 5422 ei
1231 5367 1481 5427 sumeere
1510 5372 1578 5428 ad
1622 5376 1877 5432 virtutem
1912 5378 2020 5437 Deo

449 5457 861 5514 convenientem
892 5457 1040 5530 quod
1071 5460 1448 5518 tantummodo
1488 5463 1658 5521 Deum
1695 5480 2012 5538 Operantem

450 5547 700 5623 aspiciat,
727 5556 782 5604 et
808 5551 927 5606 solo
947 5565 1170 5622 aspectu
1197 5552 1250 5609 id
1277 5552 1499 5623 habere,
1524 5568 1578 5612 ut
1610 5560 1683 5613 sit
1712 5564 2012 5619 secundum

2129 4558 2346 4626 σοφούν,
2374 4559 2434 4613 ού
2457 4559 2517 4612 τὸ
2549 4559 2843 4630 σοφοῦσθαι
2869 4561 3131 4629 πεφυκὸς,
3170 4561 3359 4633 ὥσπερ
3394 4560 3487 4617 οὖν
3514 4564 3709 4635 ἀμέλει

2126 4648 2222 4703 καὶ
2264 4650 2380 4719 φῶς
2427 4649 2489 4703 τὸ
2534 4649 2802 4719 φωτίζον,
2848 4652 2909 4704 οὐ
2959 4651 3020 4704 τὸ
3066 4651 3394 4721 φωτίζεσθαι
3441 4656 3705 4721 πεφυκός.

2124 4738 2330 4792 Οὐκοῦν
2361 4740 2546 4808 ἕτερόν
2573 4758 2624 4794 τι
2662 4741 2825 4795 πάλιν
2861 4742 3021 4806 αὐτὸς
3047 4743 3199 4815 παρὰ
3229 4744 3325 4813 τὴν
3348 4747 3408 4798 ἐν
3432 4744 3582 4815 αὐτῷ
3614 4762 3708 4798 σο-

2126 4831 2275 4900 φίαν,
2308 4832 2401 4884 καὶ
2440 4832 2654 4905 πρῶτον
2700 4835 2797 4903 μὲν
2827 4836 2926 4905 οὐχ
2958 4835 3183 4901 ἁπλοῦς,
3225 4836 3337 4889 ἀλλ’
3366 4838 3431 4890 ἐκ
3465 4837 3559 4890 δύο
3592 4838 3705 4892 λοι-

2126 4922 2227 4974 πὸν
2260 4921 2610 4992 συγκείμενος
2634 4940 2647 4954 ·
2683 4920 2800 4979 εἶτα
2825 4925 2960 4996 πρὸς
2987 4925 3165 4991 τοῦτο,
3197 4928 3291 4981 καὶ
3317 4927 3379 4982 τὸ
3407 4923 3546 4983 εἶναι
3570 4928 3707 4993 Θεὸς

2127 5010 2403 5077 ἀπολέσει,
2437 5012 2567 5067 Θεὸν
2596 5014 2652 5068 δέ
2687 5034 2829 5087 φημι
2878 5020 3020 5074 κατά
3058 5019 3220 5089 φύσιν
3263 5021 3357 5075 καὶ
3405 5021 3700 5085 ούσιωδῶς.

2128 5103 2432 5174 Μαθήσεως
2460 5105 2568 5177 γὰρ
2594 5107 2693 5178 τῆς
2721 5108 2827 5161 ἀπό
2850 5126 2993 5174 τινος
3026 5111 3183 5179 ὅλως,
3224 5114 3320 5168 καὶ
3349 5111 3573 5185 διπλόης
3600 5114 3705 5183 τῆς

2127 5195 2270 5250 κατά
2312 5196 2621 5270 σύνθεσινὴ
2661 5197 2780 5254 θεία
2827 5200 2988 5270 φύσις
3032 5204 3133 5257 οὐκ
3174 5205 3445 5277 ἀνέχεται,
3493 5208 3591 5262 καὶ
3640 5208 3705 5262 τὸ

2127 5285 2329 5340 ἁπλοῦν
2354 5287 2430 5350 ὡς
2474 5288 2601 5342 ῐδιον
2630 5289 2851 5359 ἀγαθὸν,
2903 5292 2997 5345 καὶ
3032 5293 3093 5346 τὸ
3134 5296 3447 5350 παντέλειον
3482 5297 3700 5368 ἔχουσα.

2127 5376 2238 5429 Καὶ
2262 5376 2309 5429 εί
2335 5377 2409 5447 μὴ
2440 5375 2556 5428 ἐστι
2584 5377 2716 5442 Θεὸς
2741 5379 2883 5433 κατά
2906 5381 3066 5450 φύσιν
3084 5384 3113 5436 6
3138 5383 3284 5451 Υίὸς,
3320 5385 3439 5450 πῶς
3461 5386 3530 5439 τά
3554 5388 3703 5458 μόνῳ

2126 5464 2403 5531 πρέποντα
2449 5465 2567 5535 Θεῷ
2612 5467 2707 5520 καὶ
2741 5468 2973 5540 ἐνεργεῖ,
3027 5473 3120 5526 καὶ
3165 5472 3494 5545 ἐργάξεταις
3550 5471 3703 5546 *Αρα

2121 5556 2228 5625 γὰρ
2260 5554 2575 5626 ἐξαρκέσειν
2609 5558 2822 5628 ἐροῦσιν
2853 5560 3021 5633 αὐτῷ,
3054 5564 3146 5618 καὶ
3178 5565 3311 5634 πρὸς
3345 5565 3577 5645 δύναμιν
3599 5567 3702 5640 τὴν

519 5696 821 5755 "Malach.
864 5717 955 5772 ιιι,
994 5706 1046 5761 6.
1091 5706 1134 5740 ³⁶
1161 5707 1307 5764 Psal.
1345 5724 1417 5775 Cl,
1459 5712 1538 5767 15.
1617 5714 1661 5747 ’τ
1692 5713 1827 5769 Dan.
1870 5734 1991 5787 xm,
2032 5721 2121 5776 42.
2206 5727 2247 5755 ³³⁸
2278 5725 2476 5781 Jcrcm.
2515 5744 2669 5794 xxm,
2707 5729 2798 5800 25,
2834 5730 2922 5786 21.
