4078 6262
352 313 460 369 557
1423 308 1488 363 ΙΝ
1524 303 1808 362 ιοΑΝΝιε
1850 302 2318 362 EVANGELIUM.
2356 307 2484 364 LIB.
2508 308 2574 363 ll.
3516 300 3622 361 δδς

351 420 663 493 θεοπρεπῆ,
690 422 749 475 τὸ
774 420 932 492 μόνον
965 419 1093 476 ίδεῖν
1113 419 1439 491 ἐνεργοῦντα
1461 420 1548 472 τὸν
1565 418 1806 490 Πατέρα,
1838 416 1921 468 κα]

2036 424 2288 471 naturam
2324 415 2490 483 Deus,
2532 424 2587 472 et
2616 423 2725 470 tam
2754 416 2926 470 multa
2958 415 3173 472 efﬁcere
3199 417 3376 486 possit
3405 427 3611 486 quanta

236 544 243 553 ι
348 514 439 567 διὰ
457 512 619 582 ψιλῆς
664 513 845 583 ὂψεως
878 510 1289 582 ἀποκερδαίνειν
1321 511 1382 564 τὸ
1416 506 1553 563 εἶναι
1598 508 1740 562 κατὰ
1769 507 1921 577 φύσιν

2032 507 2081 562 is
2119 507 2289 562 etiam
2328 507 2421 578 qui
2457 509 2508 563 ei
2543 506 2819 563 ostendit?
2852 506 3002 561 Nihil
3035 522 3168 577 ergo
3195 508 3450 577 prohibet
3473 526 3612 580 quo.

352 606 509 669 Θεὸς,
535 603 634 657 καὶ
656 602 888 656 τοσαῦτα
919 602 1176 656 δύνασθαι
1216 605 1409 669 ποιεῖν,
1444 602 1655 672 ὅσαπερ
1684 600 1750 655 ἂν
1782 599 1875 654 καὶ
1903 601 1921 653 ί

2031 601 2216 656 minus
2240 602 2400 655 multi
2433 601 2524 655 alii
2555 615 2777 671 quoque
2806 599 2881 653 dii
2905 599 3229 666 evadant,si
3258 599 3421 656 Pater
3443 605 3608 658 etiam

353 695 618 749 δεικνύων
649 694 824 765 αὐτῷ;
872 696 1035 749 Οὐδὲν
1079 690 1172 749 οὖν
1195 695 1306 765 ἄρα
1337 694 1399 747 τὸ
1426 693 1634 748 κωλύον
1663 692 1801 757 ἐστὶ,
1837 693 1931 747 καὶ

357 786 589 849 πολλοὺς
633 787 762 856 ἡμῖν
808 785 1027 856 ἐτέρους
1086 784 1471 854 ἀναδειχθῆναι
1520 784 1694 847 θεοὺς,
1744 781 1931 853 ἐθελή-

360 892 550 941 σαντος
581 876 673 937 καὶ
700 875 863 929 αὐτοῦ
898 877 1161 940 ἐπιδεῖξαι
1189 876 1285 928 τοῦ
1321 875 1532 943 [ἰατρὸς
1560 876 1671 928 τῶν
1712 873 1929 928 οἰκείων

359 967 532 1038 ἔργων
555 967 651 1037 τὴν
674 967 809 1030 ὁδὸν,
839 967 932 1020 καὶ
954 967 1010 1018 ἐν
1036 965 1113 1036 τῷ
1139 966 1329 1035 μαθεῖν
1356 983 1408 1018 τι
1437 963 1687 1035 περιττὸν
1711 963 1812 1032 τῆς
1832 961 1927 1015 τοῦ

356 1057 563 1127 Πατρὸς
591 1056 779 1118 οὐσίας
818 1056 1062 1109 κείσεται
1090 1056 1153 1109 τὸ
1183 1055 1460 1125 ἐξαίρετον
1484 1071 1499 1086 ⁸
1524 1056 1585 1107 οὐ
1614 1053 1724 1122 γὰρ
1749 1053 1929 1106 διδακ-

350 1150 475 1216 τῶς,
498 1149 575 1213 ὡς
602 1149 802 1202 ἐκεῖνοί
826 1165 1008 1217 φασιν,
1044 1150 1123 1211 είς
1153 1147 1371 1216 ἀξίωμα
1392 1147 1452 1200 τὸ
1479 1147 1577 1217 τῆς
1598 1144 1738 1200 κατά
1765 1144 1926 1215 φύσιν

346 1246 596 1316 θεότητος
628 1242 956 1314 ἀναδραμὼν
993 1242 1306 1314 εὑρίσκεται
1348 1241 1522 1310 λέγων
1545 1256 1559 1269 ·
1607 1259 1625 1292 ι
1664 1239 1804 1308 Ἐγὼ
1832 1238 1927 1292 καὶ

343 1339 373 1391 ὁ
416 1337 608 1407 Πατὴρ
654 1335 714 1388 ἓν
760 1337 946 1404 ἐσμεν.
1010 1334 1070 1386 '0
1116 1333 1374 1403 ἑωρακὼς
1416 1331 1537 1401 ἐμὲ,
1576 1329 1788 1400 ἑώρακε
1833 1330 1924 1383 τὸν

344 1431 587 1499 Πατέρα.
608 1448 627 1480 ι
677 1427 1186 1497 ’Λναμετρείτωσαν
1217 1426 1396 1478 τοίνυν
1426 1425 1548 1486 ὅσος
1584 1424 1769 1485 αὐτοῖς
1796 1422 1925 1476 δυσ-

344 1513 558 1588 φηιῖίας
607 1517 765 1588 ὄχλος
821 1519 886 1570 ὲκ
926 1517 1023 1569 τοῦ
1069 1516 1290 1570 τοιῶσδε
1344 1518 1484 1570 νοεῖν
1541 1514 1747 1568 ἐθέλειν
1803 1515 1923 1566 ἐπι-

345 1611 671 1682 σωρεύεται,
712 1609 807 1663 καὶ
852 1610 1218 1680 φρονείτωσαν
1259 1607 1432 1678 ἀληθῆ
1484 1608 1613 1679 περὶ
1646 1606 1742 1661 τοῦ
1789 1607 1921 1661 Υίοῢ

344 1703 491 1756 καθά
524 1702 855 1770 γέγραπται.
910 1698 1050 1752 Οὐτε
1082 1700 1192 1770 γὰρ
1222 1700 1285 1752 ὲκ
1326 1698 1554 1768 θεωρίας
1584 1697 1685 1769 τῆς
1720 1698 1779 1752 ὲν
1809 1700 1922 1762 τοῖς

346 1793 754 1863 ἀποτελέσμασι
786 1790 879 1845 τοῦ
914 1792 1130 1865 Πατρὸς
1153 1829 1169 1855 ,
1233 1789 1354 1845 οὐτε
1408 1790 1512 1861 μὴν
1554 1789 1628 1854 ὡς
1676 1807 1913 1863 προκατ-
1952 1773 1995 1829 Β

347 1887 624 1960 αρκτικῶς
658 1889 717 1942 ὲν
743 1890 854 1947 τοῖς
908 1885 1091 1958 ἔργοις
1119 1883 1255 1954 ἔχων
1287 1882 1468 1950 αὐτὸν,
1494 1885 1722 1955 ποιητής
1750 1885 1918 1946 ἐστιν,

349 1981 383 2051 ἢ
420 1978 853 2049 θαυματουργὺς,
892 1979 988 2032 καὶ
1029 1975 1118 2030 διὰ
1147 1975 1301 2029 τοῦτό
1342 1977 1488 2030 ἐστιν
1512 1975 1659 2042 Υἱὸς,
1696 1975 1808 2029 ἀλλ’
1841 1977 1922 2030 ὅτι

349 2072 575 2142 φυσικὸς
607 2072 795 2142 ὥσπερ
812 2088 894 2134 τις
925 2069 1091 2124 αὐτὸν
1120 2069 1382 2138 ἀποφέρει
1407 2068 1568 2138 νόμος
1597 2067 1689 2121 ἐπὶ
1709 2069 1806 2138 τὴν
1828 2067 1920 2121 τοῦ

344 2165 703 2232 γεννήσαντος
737 2163 1157 2233 ἀπαράλλακτον
1185 2160 1497 2232 ὁμοιότητα,
1527 2162 1576 2213 εί
1605 2159 1714 2232 [ἶσ.
1737 2159 1795 2232 ἧ]
1824 2160 1919 2214 καὶ

340 2253 429 2306 διὰ
454 2254 553 2322 τῆς
578 2252 684 2305 τῶν
710 2251 885 2321 ἔργων
911 2249 1235 2314 ἀνελλιποῦς
1266 2251 1562 2320 ὲμῳερείας
1583 2251 1915 2321 ἀναλάμπει,

341 2347 437 2399 καὶ
477 2344 748 2414 φαίνεται.
800 2342 1149 2413 Παραθέντες
1172 2342 1229 2395 δὲ
1258 2344 1351 2396 καὶ
1376 2343 1637 2408 εἰσαῦθις,
1670 2346 1719 2398 εί
1747 2345 1916 2413 δοκεῖ,

2031 691 2149 761 ipse
2177 691 2414 746 voluerit
2463 706 2691 747 suorum
2723 706 2954 761 operum
2986 692 3130 746 viam
3168 692 3437 760 indicare,
3469 700 3525 749 et
3554 694 3611 749 in

2029 797 2437 852 supervacanea
2461 798 2522 838 re
2541 783 2810 839 discenda
2839 790 3087 854 paterna:
3119 785 3443 841 substantiae
3472 801 3613 855 prae.

2028 876 2232 932 stantia
2252 876 2639 932 collocabitur.
2669 874 2791 931 Non
2829 875 2979 931 enim
3010 876 3291 943 doctrina,
3320 885 3383 931 ut
3406 877 3486 931 illi
3522 877 3609 931 di-

2027 975 2180 1034 cunt,
2211 969 2282 1023 ad
2332 969 2975 1039 dignitatemnaturalis
3026 970 3250 1026 deitatis
3288 970 3611 1026 ascendisse

2026 1060 2388 1130 compcritur,
2441 1075 2567 1114 cum
2602 1060 2718 1115 ait:
2771 1078 2791 1113 ι
2844 1059 2958 1131 Ego
2998 1069 3054 1116 et
3094 1061 3260 1114 Pater
3303 1076 3472 1114 unum
3513 1074 3609 1114 su-

2027 1165 2154 1205 mus
2182 1150 2251 1203 ³³.
2282 1149 2388 1217 Qui
2421 1152 2558 1205 vidit
2585 1166 2694 1219 me,
2720 1152 2856 1207 vidit
2891 1160 2947 1207 et
2975 1150 3189 1207 Patrem
3224 1152 3292 1206 “.
3330 1169 3350 1204 ι
3393 1150 3609 1220 Expen-

2025 1240 2159 1296 dant
2186 1242 2351 1313 igitur
2377 1250 2644 1313 quantam
2671 1244 2778 1298 vim
2808 1244 3279 1314 blasphemiarum
3307 1259 3375 1299 ex
3410 1244 3607 1313 hujus-

2025 1332 2174 1387 modi
2202 1335 2479 1390 sententia
2513 1336 2801 1405 colligant,
2830 1344 2886 1389 et
2914 1349 3042 1389 vera
3074 1335 3142 1390 de
3171 1334 3312 1389 Filio
3343 1337 3603 1397 sentiant,

2026 1433 2089 1481 ut
2133 1428 2400 1497 scriptum
2437 1434 2547 1481 est.
2591 1425 2783 1497 Neque
2828 1427 2978 1482 enim
3021 1442 3091 1482 ex
3140 1428 3609 1495 contemplatione

2026 1526 2385 1589 paternorum
2425 1533 2674 1589 operum,
2708 1533 2884 1582 neque
2917 1528 3069 1574 certe
3109 1527 3169 1573 ut
3203 1520 3297 1589 qui
3332 1519 3511 1587 ipsum
3551 1520 3605 1573 in

2024 1608 2285 1677 operibus
2313 1608 2507 1663 ducem
2543 1624 2609 1663 ac
2636 1610 2963 1679 magistrum
3005 1610 3227 1676 habeat,
3261 1609 3487 1665 effector
3522 1620 3607 1666 est

2026 1706 2122 1754 aut
2168 1708 2418 1770 patrator
2454 1701 2894 1767 miraculorum,
2933 1710 3099 1771 atque
3162 1704 3375 1758 idcirco
3429 1703 3604 1759 Filius

2022 1800 2128 1858 est,
2168 1793 2262 1849 sed
2295 1793 2556 1863 quoniam
2588 1795 2855 1849 naturalis
2881 1794 3049 1849 veluti
3079 1795 3330 1864 quaedam
3369 1796 3454 1849 lex
3478 1809 3603 1850 eum

2024 1885 2092 1940 ad
2135 1884 2389 1940 eamdem
2440 1899 2541 1955 per
2586 1884 2772 1939 omnia
2817 1900 2943 1940 cum
2978 1884 3140 1940 Patre
3184 1886 3602 1941 similitudinem

2021 1977 2213 2043 infert,
2233 1992 2356 2048 qua:
2387 1977 2551 2032 etiam
2586 1992 2683 2047 per
2714 1991 2941 2047 operum
2968 1977 3277 2033 absolutam
3308 1978 3603 2047 imaginem

2023 2072 2201 2127 elucet
2226 2080 2278 2126 et
2309 2080 2551 2140 apparet.
2586 2067 2693 2123 Sed
2722 2069 3007 2139 proposito
3045 2084 3245 2125 rursus
3287 2076 3462 2134 textu,
3506 2082 3602 2123 eo-

2022 2177 2130 2234 que
2178 2161 2398 2216 acutius
2420 2159 2811 2230 pervestigato,
2856 2159 3150 2228 diligenter
3185 2159 3602 2215 consideremus

2023 2268 2275 2326 quamam
2317 2254 2390 2309 sit
2421 2252 2698 2306 dictorum
2730 2254 3024 2316 sententia,
3050 2257 3103 2306 et
3132 2265 3240 2321 qua
3274 2251 3481 2322 pietate
3515 2251 3603 2305 in-

2025 2346 2267 2415 telligere
2296 2342 2453 2397 decet
2484 2341 2910 2413 perspiciamus.

339 2436 400 2489 τὸ
455 2434 550 2487 τοῦ
590 2435 750 2502 λόγου
798 2434 1114 2501 κεφάλαιον,
1163 2435 1256 2486 καὶ
1300 2434 1656 2505 δριμυτέραις
1702 2436 1951 2508 ὲρεύναις
2003 2414 2580 2509 αὐτὸίβασανίζοντες,
2626 2434 2921 2505 Θεωρῶμεν
2947 2431 3218 2507 ἀκριϐῶς,
3270 2414 3356 2500 τίς
3400 2435 3469 2490 ἂν
3515 2435 3600 2508 εῖη

340 2525 527 2576 λοιπὸν
564 2523 671 2576 τῶν
697 2520 1006 2591 λεγομένων
1034 2523 1066 2592 ἡ
1094 2520 1342 2592 δύναμις,
1376 2523 1472 2575 καὶ
1509 2524 1657 2587 ὅπως
1693 2531 1961 2600 προσήκει
1992 2529 2245 2591 νοοῦντας
2276 2526 2542 2593 εὐσεϐεῖν,
2576 2526 2677 2597 ἤδη
2713 2525 3229 2597 περισκεπτώμεθα.

408 2613 639 2679 Οὐκοῦν,
686 2613 891 2682 Ἀμὴν,
938 2611 1101 2682 ἀμὴν
1139 2610 1293 2688 λέγω
1331 2614 1492 2682 ὑμῖν,
1534 2617 1606 2669 οὐ
1643 2615 1916 2686 δύναται,

2097 2620 2269 2689 Igitur
2309 2633 2322 2668 :
2357 2620 2547 2683 Amen,
2594 2632 2744 2670 amen
2790 2618 2909 2671 dico
2951 2618 3114 2684 vobis,
3156 2634 3260 2672 non
3294 2627 3483 2687 potest,
3515 2620 3604 2674 in-

340 2709 526 2779 φησιν,
557 2704 587 2757 ὁ
621 2704 754 2771 Υἱὸς
782 2704 975 2758 ποιεῖν
1008 2704 1107 2772 ἀφ’
1139 2704 1358 2759 ἑαυτοῦ
1382 2705 1582 2771 οὐδὲν,
1624 2707 1736 2762 ἐὰν
1756 2709 1840 2779 μή
1863 2727 1918 2766 τι

2025 2711 2166 2780 quit,
2197 2707 2371 2761 Filius
2413 2725 2446 2761 a
2483 2724 2538 2761 se
2567 2708 2742 2776 facere
2766 2710 3077 2779 quidquam,
3107 2710 3210 2763 nisi
3237 2711 3376 2779 quod
3417 2711 3603 2767 viderit

334 2800 540 2868 ,ϐλέπῃ
570 2799 679 2851 τὸν
717 2796 950 2865 Πατέρα
992 2797 1283 2851 ποιοῦντα
1308 2813 1323 2829 ·
1370 2798 1409 2851 ἃ
1439 2800 1547 2868 γὰρ
1586 2800 1662 2854 ἂν
1687 2802 1916 2870 ἐκεῖνος

2025 2799 2243 2853 Patrem
2269 2799 2582 2867 facientem:
2621 2812 2943 2869 quwcunque
2971 2800 3110 2852 enim
3135 2800 3224 2852 ille
3251 2802 3453 2869 fecerit,
3491 2801 3603 2858 hec

340 2890 504 2961 ποιῇ,
540 2890 728 2944 ταῦτα
750 2888 849 2942 καὶ
873 2891 904 2942 ὁ
940 2886 1073 2955 Υἱὸς
1106 2888 1320 2955 ὁμοίως
1353 2888 1526 2942 ποιεῖ.
1572 2891 1734 2963 Ὁρᾷς
1767 2894 1916 2957 ὅπως

2023 2901 2072 2946 et
2106 2888 2279 2943 Filius
2307 2889 2555 2940 similiter
2586 2887 2742 2956 facit.
2779 2886 2977 2941 Cernis
3010 2896 3070 2941 ut
3099 2889 3265 2941 etiam
3300 2905 3396 2958 per
3435 2890 3601 2943 abso-

339 2985 432 3038 καὶ
458 2983 548 3036 διὰ
573 2983 671 3052 τῆς
697 2984 754 3035 ὲν
772 2983 890 3073 τοῖς.
913 2979 1094 3073 ἔργοις
1118 2980 1539 3050 ἀπαραλλάκτου
1567 2984 1914 3054 ταύτότητος,
1946 3015 1987 3073 C

338 3076 521 3146 ὅμοιον
552 3073 741 3127 ἑαυτὸν
767 3071 908 3126 κατὰ
942 3072 1119 3125 πάντα
1148 3073 1382 3126 δεικνύει
1412 3073 1491 3144 τῷ
1518 3076 1712 3146 Πατρὶ,
1742 3076 1830 3130 ἴνα
1853 3076 1916 3147 δὴ

340 3170 596 3240 φαίνηται
626 3167 714 3221 διά
749 3166 941 3220 τούτου
980 3166 1076 3219 καὶ
1105 3165 1205 3236 τῆς
1247 3166 1436 3230 οὐσίας
1465 3167 1629 3220 αὐτοῦ
1662 3168 1917 3239 κληρονό-

342 3279 440 3334 μος
468 3278 482 3292 ’
514 3262 589 3324 ὡς
610 3261 717 3330 γάρ
743 3257 1054 3327 ἀναγκαίως
1084 3275 1142 3311 τε
1168 3258 1263 3311 καὶ
1286 3260 1693 3330 ἀναντιρῤήτως
1717 3260 1913 3332 νοηθη-

340 3354 566 3426 σομένου
591 3351 725 3406 Θεοῦ
765 3351 907 3406 κατά
940 3350 1099 3420 φύσιν
1134 3350 1398 3421 ὑπάρχειν
1424 3349 1518 3404 τοῦ
1549 3352 1646 3423 τὴν
1678 3352 1798 3423 ἴσην
1831 3356 1916 3406 ὲν·-

337 3445 558 3517 έργειαν
585 3442 796 3514 ἔχοντος
822 3441 899 3511 τῷ
920 3426 1045 3511 ’Θεῷ
1069 3440 1163 3495 καὶ
1190 3441 1385 3509 Πατρὶ,
1412 3440 1480 3494 τά
1500 3442 1727 3495 τοιαῦτά
1748 3458 1915 3512 φησιν

337 3541 366 3593 ὁ
413 3537 623 3609 Σωτήρ.
673 3533 1111 3599 Σκανδαλιζέσθω
1149 3532 1207 3587 δὲ
1244 3532 1454 3603 μηδεὶς,
1498 3533 1626 3587 ὅταν
1654 3534 1912 3606 φαίνηται

339 3631 511 3700 λέγων
544 3627 928 3699 οἰκονομικῶς,
979 3627 1055 3698 μὴ
1097 3625 1355 3680 δύνασθαι
1388 3629 1564 3679 ποιεῖν
1593 3626 1685 3695 ἀφ’
1716 3627 1911 3681 ἑαυτοῦ

342 3723 527 3793 μηδὲν,
560 3721 653 3774 ἐὰν
699 3723 771 3790 μή
815 3736 866 3772 τι
897 3718 1068 3789 βλέπῃ
1098 3715 1190 3771 τὸν
1233 3717 1450 3789 Πατέρα
1489 3716 1746 3772 ποιοῦντα
1772 3733 1787 3749 ⁶
1835 3718 1912 3782 ὡς

339 3811 570 3883 γάριῆδη
602 3809 699 3880 τὴν
730 3807 824 3862 τοῦ
851 3807 1036 3861 δούλου
1070 3806 1281 3878 μορφὴν
1322 3807 1704 3879 περικείμενος
1732 3807 1818 3860 διὰ
1850 3806 1912 3861 τὸ

340 3903 604 3972 ἑνωθῆναι
659 3900 854 3971 σαρκὶ,
914 3900 1015 3952 οὐκ
1067 3898 1392 3967 ἐλευθέραν,
1447 3898 1570 3952 οὐδὲ
1620 3899 1910 3968 ἀνειμένην

339 3991 614 4053 παντελῶς
646 3993 724 4053 είς
750 3987 1026 4058 θεοπρεπῆ
1058 3986 1368 4057 παρρησίαν
1402 3988 1639 4039 ἐποιεῖτο
1666 3988 1764 4056 τὴν
1798 3986 1912 4039 διά-

337 4084 512 4150 λεξιν·
548 4083 742 4152 ἐχρῆτο
782 4081 840 4133 δὲ
876 4079 1072 4149 μᾶλλον
1099 4077 1324 4149 τοιαύτῃ
1350 4077 1416 4131 δι’
1446 4078 1756 4147 οἰκονομίαν
1798 4076 1911 4130 ἔσθ’

338 4179 449 4239 ὅτε,
496 4177 638 4245 ἢπερ
691 4173 756 4225 ἂν
787 4170 985 4242 πρέποι
1030 4167 1148 4238 Θεῷ
1190 4185 1251 4221 τε
1296 4168 1431 4239 ὁμοῦ
1473 4168 1570 4223 καὶ
1617 4167 1908 4239 ἀνθρώπῳ.

339 4268 451 4323 Καὶ
493 4266 601 4335 γὰρ
633 4260 700 4333 ἦν
724 4263 892 4324 ὅντως
928 4260 1068 4314 κατὰ
1099 4256 1296 4313 ταυτὸν
1326 4261 1611 4331 ἀμφότερα
1637 4276 1651 4290 ·
1701 4254 1780 4325 εἷς
1814 4261 1911 4331 μὲν

2023 2981 2351 3037 lutissimam
2386 2993 2617 3049 operum
2669 2978 3017 3033 identitatem
3068 2979 3302 3033 similem
3345 2995 3404 3034 se
3454 2979 3601 3033 Patri

2023 3076 2080 3129 in
2110 3073 2372 3129 omnibus
2404 3070 2663 3134 ostendit,
2704 3077 2764 3124 ut
2804 3085 2901 3139 per
2957 3070 3062 3123 hoc
3098 3082 3247 3126 certe
3280 3072 3605 3126 substantiae

2022 3181 2244 3237 quoque
2268 3163 2451 3218 Patris
2486 3162 2660 3217 haeres
2700 3169 2982 3231 appareat.
3018 3158 3274 3215 Salvator
3310 3161 3456 3215 enim
3487 3161 3603 3217 hanc

2022 3257 2117 3318 ait,
2170 3254 2329 3324 quasi
2359 3254 2677 3306 necessario
2699 3259 2754 3305 et
2790 3251 2933 3305 citra
2965 3252 3399 3306 controversiam
3437 3252 3599 3307 intel-

2022 3347 2273 3418 ligendus
2306 3345 2379 3400 sit
2408 3344 2551 3399 Deus
2576 3342 2883 3399 secundum
2919 3352 3170 3396 naturam
3193 3343 3482 3405 exsistere,
3510 3344 3599 3397 cui

2020 3439 2250 3510 aequalis
2277 3438 2351 3493 sit
2377 3453 2502 3493 cum
2537 3436 2651 3490 Deo
2670 3443 2726 3491 et
2751 3434 2917 3504 220
2936 3433 3099 3489 Patre
3128 3434 3400 3503 operatio.
3430 3432 3604 3490 Nemo

2021 3543 2199 3589 autem
2238 3531 2670 3595 scandalizetur,
2707 3545 2832 3584 cum
2880 3544 2977 3600 per
3003 3528 3474 3599 dispensationem
3516 3528 3600 3582 di-
3645 3558 3653 3569 ι

2020 3642 2144 3682 cere
2169 3626 2387 3680 videtur
2410 3622 2585 3677 Filius
2614 3636 2723 3675 non
2747 3636 2913 3691 posse
2943 3635 2973 3674 a
2993 3635 3050 3674 se
3070 3619 3250 3676 facere
3274 3621 3596 3691 quidquam,

2017 3717 2126 3773 nisi
2174 3717 2323 3787 quod
2372 3714 2575 3770 viderit
2621 3711 2842 3768 Patrem
2896 3711 3231 3767 facientem:
3287 3728 3411 3766 nam
3468 3712 3597 3783 quia

2019 3812 2161 3882 servi
2197 3809 2429 3865 formam
2454 3808 2755 3876 assumpsit
2777 3804 2919 3869 “-"',
2951 3813 3006 3859 et
3035 3804 3200 3859 homo
3231 3804 3409 3860 factus
3438 3812 3523 3859 est
3549 3804 3597 3836 ⁵³

2016 3912 2240 3972 propter
2277 3900 2464 3955 carnis
2495 3897 2968 3966 conjunctionem,
2998 3909 3107 3949 non
3138 3910 3355 3964 semper
3376 3910 3438 3949 ea
3474 3910 3598 3964 qua:

2018 3994 2128 4048 Deo
2188 3990 2448 4046 convenit
2496 3989 2751 4044 libertate
2803 3996 2971 4058 atque
3020 3987 3350 4042 auctoritate
3404 3987 3456 4039 in
3516 3988 3598 4039 lo-

2016 4083 2235 4155 quendo
2274 4082 2555 4147 utebatur,
2597 4081 2729 4150 quin
2763 4081 2949 4149 potius
2990 4093 3087 4147 per
3122 4079 3595 4148 dispensationem

2016 4189 2136 4230 eam
2182 4172 2454 4228 interdum
2496 4171 2811 4235 adhibebat,
2855 4186 2977 4240 qua:
3028 4168 3139 4223 Deo
3169 4170 3379 4239 pariter
3406 4179 3461 4224 et
3489 4170 3595 4223 ho-

2017 4266 2153 4321 mini
2180 4264 2488 4320 conveniat.
2522 4261 2651 4315 Erat
2674 4262 2819 4316 enim
2854 4269 3154 4330 utrumque
3186 4260 3350 4315 simul
3379 4275 3590 4316 revera.

337 4360 408 4431 δὴ
437 4359 595 4425 λόγος
614 4348 767 4416 οὗτος
792 4353 1014 4422 ἀληθής·
1039 4346 1193 4422 οἶμαι
1219 4352 1277 4405 δὲ
1300 4352 1410 4406 δεῖν
1430 4352 1525 4406 καὶ
1554 4352 1725 4424 ἑτέρῳ
1748 4352 1910 4406 πάλιν

2020 4356 2143 4413 Haec
2181 4357 2401 4427 quidem
2440 4354 2696 4410 doctrina
2740 4366 2868 4407 vera
2910 4358 3027 4417 est;
3080 4352 3177 4407 sed
3219 4351 3328 4405 alio
3374 4366 3594 4422 quoque

339 4445 724 4518 ἐπεξηγεῖσθαι
774 4443 959 4514 τρόπῳ
987 4441 1050 4493 τὸ
1096 4443 1474 4512 προκείμενον,
1520 4444 1613 4496 καὶ
1656 4441 1911 4513 ὀξύτερόν

340 4558 459 4605 πως
491 4541 556 4611 τῇ
586 4536 681 4591 τοῦ
709 4535 1057 4607 θεωρήματος
1088 4533 1341 4604 ἀκριϐείᾳ.
1370 4534 1747 4605 προσϐάλλειν.
1790 4553 1809 4585 ι
1833 4534 1908 4587 Οὐ

336 4633 584 4693 δύναται,
607 4647 626 4680 ι
661 4626 846 4697 φησὶν,
871 4643 889 4677 ι
912 4623 1077 4686 ὁΥίὸς
1101 4625 1275 4676 ποιεῖν
1292 4622 1383 4692 ἀφ’
1411 4620 1603 4675 ἑαυτοῦ
1629 4621 1908 4686 οὐδὲν,ἐάν

339 4727 480 4798 μήτι
504 4721 679 4793 βλέπῃ
696 4719 784 4771 τὸν
800 4716 1019 4787 Πατέρα
1035 4714 1308 4769 ποιοῦντα.
1336 4733 1354 4764 ι
1376 4713 1467 4777 Τὸ,
1492 4732 1510 4763 σ
1532 4714 1592 4766 οὒ
1618 4712 1860 4778 δύναται,
1883 4731 1902 4764 ³

335 4819 453 4888 ἦτοι
480 4813 540 4867 τὸ
568 4811 826 4866 ἀδύνατον
848 4810 1233 4879 κατηγορεῖται
1252 4804 1432 4870 τινῶν,
1464 4806 1581 4877 ἦτοι
1608 4804 1718 4859 τῶν
1739 4804 1909 4859 ὄντων

336 4907 473 4958 τισὶν
506 4904 839 4974 ἐπιφέρεται.
879 4899 1049 4953 Τοῦτο
1082 4899 1204 4975 γὰρ
1245 4897 1328 4968 δὴ,
1359 4897 1420 4949 τὸ
1461 4896 1905 4969 κατηγορεῖσθαι,

337 4994 536 5064 φαμὲν,
571 4994 690 5061 οὐχὶ
721 4992 939 5054 πάντως
972 4990 1249 5060 ἀνάγκης,
1304 4988 1425 5041 οὐδὲ
1468 4988 1749 5052 ἀσθενείας
1790 4987 1908 5041 ἐστὶ

340 5083 690 5153 σημαντικόν·
719 5083 954 5137 διδάσκει
974 5083 1030 5135 δὲ
1058 5080 1315 5143 πολλάκις
1340 5081 1434 5133 καὶ
1462 5081 1673 5149 φύσεων
1698 5080 1904 5152 ἑδραιό-

337 5192 498 5245 τητα,
545 5174 640 5226 καὶ
684 5174 877 5227 οὐσιῶν
909 5174 1200 5244 ἀκλόνητον
1247 5173 1456 5236 στάσιν,
1491 5172 1591 5243 τὴν
1634 5174 1717 5240 ἐφ’
1762 5167 1905 5243 οἷςῆ

337 5269 504 5330 ἐστιν,
531 5265 564 5338 ἢ
588 5265 807 5334 γέγονεν
832 5266 1029 5336 ἑκάστη
1050 5264 1156 5319 τῶν
1185 5265 1619 5335 σημαινομένων,
1643 5263 1740 5317 καὶ
1764 5263 1908 5334 άπερ

334 5357 440 5414 οἶδε
475 5358 718 5431 φυσικῶς
765 5374 824 5409 τε
870 5357 964 5409 καὶ
998 5358 1350 5426 ἀμεταθέτως
1392 5359 1653 5427 ἐνεργεῖν.
1698 5355 1907 5413 Ἡκέτω

332 5452 411 5521 δὲ,
439 5455 488 5507 εί
512 5452 680 5513 δοκεῖ,
722 5449 815 5504 καὶ
848 5447 936 5502 διὰ
974 5448 1428 5520 παραδειγμάτων
1461 5450 1489 5502 ὁ
1523 5446 1699 5516 λόγος.
1735 5448 1905 5501 Ὅταν

402 5703 446 5733 ³⁵
473 5712 631 5769 Joan.
664 5731 693 5768 χ
720 5757 733 5780 ,
765 5714 853 5770 50.
934 5716 980 5747 ’⁸ο
1012 5712 1169 5767 Joan.
1206 5731 1315 5781 xw,
1346 5715 1398 5769 9.
1476 5716 1593 5747 δυ’
1625 5714 1818 5785 Philip.
1863 5730 1898 5767 ll
1929 5758 1939 5775 ,
1976 5716 2026 5767 τ.

2016 4448 2181 4504 modo
2228 4463 2341 4502 rem
2379 4446 2718 4516 propositam
2770 4443 2998 4512 insuper
3043 4441 3593 4513 explicandam-esse

2015 4555 2159 4606 reor,
2200 4545 2256 4595 et
2287 4540 2504 4593 acutius
2536 4535 2684 4590 illius
2729 4534 3089 4589 theorematis
3130 4535 3398 4589 rationem
3438 4535 3588 4588 intu-

2014 4631 2233 4686 endam.
2268 4648 2285 4681 ι
2312 4629 2427 4685 Νοη
2461 4635 2665 4698 potest,
2716 4645 2733 4678 ι
2764 4626 2968 4697 inquit,
2996 4645 3014 4676 ι
3051 4624 3223 4681 Filius
3247 4640 3276 4679 a
3316 4641 3375 4681 se
3411 4624 3592 4682 facere

2016 4722 2338 4792 quidquam,
2366 4721 2473 4774 nisi
2508 4719 2655 4790 quod
2701 4716 2902 4774 viderit
2942 4716 3158 4772 Patrem
3213 4715 3521 4771 facientem.
3563 4735 3584 4769 ι

2015 4812 2154 4868 Illud
2186 4832 2206 4864 ι
2246 4811 2366 4866 Νοη
2400 4818 2602 4881 potest,
2651 4829 2670 4862 ›
2707 4810 2823 4866 sive
2860 4808 3185 4880 impossibile
3228 4818 3327 4875 est,
3358 4809 3425 4864 de
3463 4810 3585 4878 qui-

2017 4902 2248 4957 busdam
2272 4901 2624 4972 praedicatur,
2649 4902 2766 4957 sive
2796 4901 3081 4957 nonnullis
3105 4902 3271 4957 rebus
3306 4900 3585 4956 tribuitur.

2014 4993 2151 5049 Illud
2176 4996 2343 5058 enim,
2378 4994 2690 5064 praedicari,
2721 5011 2828 5050 non
2860 4996 3049 5065 utique
3077 4995 3460 5050 necessitatem
3494 5000 3589 5047 aut

2015 5084 2443 5140 imbecillitatem
2488 5085 2806 5155 significare
2837 5088 3094 5153 dicimus,
3132 5085 3227 5142 sed
3270 5087 3590 5156 plerumque

2012 5175 2234 5231 denotat
2272 5185 2598 5232 naturarum
2629 5178 3011 5245 stabilitatem,
3061 5186 3115 5233 et
3153 5179 3585 5235 substantiarum

2009 5276 2212 5323 Statum
2244 5269 2640 5324 inconcussum
2673 5271 2857 5338 quoad
2888 5271 3217 5336 essentiam,
3257 5277 3311 5323 et
3362 5274 3589 5319 natura-

2013 5358 2118 5414 lem
2171 5366 2338 5428 atque
2378 5360 2775 5416 immutabilem
2825 5362 3196 5431 operationem
3233 5352 3588 5422 uniuscujus—-

2011 5465 2136 5519 que.
2157 5448 2286 5514 Sed,
2315 5450 2360 5504 si
2386 5449 2561 5519 juvat,
2594 5451 2761 5506 etiam
2786 5450 3054 5519 exemplis
3083 5462 3197 5502 rem
3229 5442 3584 5513 explicemus.

2107 5716 2148 5747 ’⁸³
2174 5716 2330 5770 Joan.
2368 5731 2404 5782 ι,
2441 5716 2528 5769 14.
