4078 6262
492 284 598 343 359

1513 281 1568 337 S.
1606 279 1885 336 CYRILLI
1923 278 2393 337 ALEXANDRINI
2432 277 2748 337 ARCIHEP.

3631 279 3736 338 360

495 399 552 453 Si
579 397 723 468 quis,
767 394 1003 466 exempli
1036 392 1234 466 gratia,
1283 394 1433 448 dicat
1462 410 1520 450 se
1555 411 1660 449 non
1703 412 1865 465 posse
1893 411 2060 467 grave

2171 399 2442 468 Ξνθρωπος
2470 397 2600 470 εἴπῃ
2623 398 2803 468 τυχὸν,
2849 395 3031 466 atme
3061 412 3119 448 τε
3155 389 3266 464 [Ian
3294 391 3528 466 ἀπηχὲς]
3567 394 3737 461 εἰκὸς,

495 500 658 560 atque
707 496 924 558 portatu
970 487 1188 542 diﬁicile
1238 486 1444 557 lignum
1493 496 1729 557 gestare,
1757 502 1912 544 suam
1957 489 2062 541 im-

497 580 852 636 becillitatem
897 578 1102 648 prodit.
1157 576 1253 631 Sin
1290 587 1470 632 autem
1499 579 1642 634 alius
1671 579 1857 634 dicat:
1893 577 2066 634 Homo

497 669 726 724 rationis
771 682 996 738 compos
1027 681 1152 721 cum
1182 667 1311 731 sim,
1355 677 1408 721 et
1457 667 1713 721 rationali
1763 675 2065 738 prognatus

497 770 670 831 patre,
705 774 814 815 non
840 762 1064 830 possum
1096 758 1277 814 facere
1304 759 1587 829 proprium
1613 760 1781 814 veluti
1803 759 2064 829 quiddam

491 861 550 907 et
589 867 619 906 a
654 853 884 922 meipso.
915 850 1062 921 quod
1108 866 1219 905 non
1253 849 1465 905 videam
1512 851 1692 906 inesse
1719 858 1931 906 natura
1971 849 2068 904 Pa-

496 944 639 1009 tris;
675 952 808 998 tunc
847 942 981 997 illud
1015 961 1036 993 ι
1073 940 1191 997 Non
1229 957 1454 1012 possum
1509 960 1528 994 ›
1565 942 1930 998 substantiam
1971 940 2066 995 ﬁr-

497 1050 640 1090 mam
663 1050 808 1098 esse,
831 1041 886 1088 et
915 1033 1112 1087 mutari
1143 1048 1256 1088 non
1286 1049 1446 1104 posse
1471 1035 1527 1088 in
1555 1034 1702 1088 aliud
1727 1035 1795 1089 ab
1823 1049 1890 1090 eo
1917 1034 2066 1104 quod

492 1131 602 1187 est,
629 1122 923 1194 signiﬁcat.
960 1121 1078 1175 Non
1112 1137 1336 1191 possum
1355 1121 1524 1187 enim,
1557 1123 1757 1193 inquit,
1792 1138 1823 1176 a
1855 1123 2066 1194 meipso

496 1231 606 1270 non
653 1214 1024 1271 esse'animal
1072 1213 1306 1268 rationis
1351 1228 1599 1284 compos,
1643 1213 1950 1285 proﬂigatis
1996 1215 2065 1270 iis

494 1321 618 1377 qua:
666 1313 875 1360 naturae
911 1306 1100 1360 insunt
1143 1304 1540 1374 prterogativis.
1578 1304 1699 1360 Non
1733 1305 1881 1361 enim
1906 1305 2067 1360 video

499 1409 659 1463 posse
682 1393 787 1447 hoc
805 1393 918 1462 pati
945 1393 1000 1446 in
1030 1393 1206 1463 patris
1228 1399 1446 1446 natura.
1473 1392 1677 1449 Eodem
1698 1396 1882 1465 itaque
1903 1395 2066 1450 modo

495 1484 774 1540 Christum
821 1483 1091 1539 dicentem
1123 1483 1434 1555 intelliges:
1467 1501 1487 1535 ι
1519 1483 1640 1540 Non
1685 1493 1865 1556 potest
1893 1485 2065 1542 Filius

495 1589 528 1626 a
571 1588 630 1628 se
679 1573 859 1629 facere
904 1573 1231 1644 quidquam,
1269 1574 1378 1630 nisi
1411 1575 1559 1646 quod
1600 1575 1798 1632 viderit
1842 1576 2064 1632 Patrem

495 1665 815 1720 facientem.
869 1683 888 1716 ι
942 1663 1120 1719 Nolite
1155 1663 1300 1719 enim
1330 1706 1350 1731 ,
1394 1665 1614 1734 inquit,
1659 1667 2067 1738 reprehendere

2167 489 2260 542 καὶ
2287 488 2424 558 βαρὺ
2461 488 2534 558 μὴ
2556 486 2811 541 δύνασθαι
2831 484 3166 556 διακομίζειν
3191 483 3364 550 ξύλον,
3395 483 3493 554 τῆς
3515 482 3740 554 ἐνούσης

2165 580 2345 632 αὑτῶν
2374 579 2481 652 [ῑσ.
2506 577 2676 650 αὐτῷ]
2716 577 3001 640 ἀσθενείας
3032 577 3367 647 κατηγορεῖ·
3411 575 3541 629 ὅταν
3572 574 3630 628 δέ
3659 591 3742 638 τις

2165 671 2349 740 ἕτερος
2377 669 2530 742 εἴπῃ,
2567 669 2888 739 ’Ἄνθρωπος
2909 667 2984 720 ῶν
3012 667 3228 735 λογικὸς
3261 665 3401 719 κατὰ
3436 665 3620 735 φύσιν,
3649 665 3740 718 καὶ

2166 762 2230 814 ἐκ
2271 760 2490 830 λογικοῦ
2542 760 2683 813 κατὰ
2727 759 2888 830 φύσιν
2937 759 3336 829 γεγεννημένος
3382 756 3628 826 πατρὸς,
3680 757 3740 808 of.

2164 851 2400 922 δύναμαι
2429 853 2604 904 ποιεῖν
2632 849 2820 920 ὥσπερ
2850 849 2979 902 ἴδιόν
3003 867 3056 902 τι
3082 849 3176 904 καὶ
3201 849 3293 902 ἀπ’
3325 846 3588 920 ἐμαυτοῦ,
3612 846 3642 898 6
3667 846 3740 917 μὴ

2168 939 2378 1008 βλέπων
2401 938 2784 1009 προσπεφυκὸς
2806 941 2872 1009 τῇ
2903 938 2998 992 τοῦ
3023 939 3386 1008 γεννήσαντος
3415 936 3596 1005 φύσει,
3620 937 3741 988 τότε

2163 1031 2225 1083 τὸ
2251 1047 2269 1080 ι
2293 1029 2368 1082 Ού
2400 1028 2634 1099 δύναμαι
2655 1047 2674 1080 ι
2705 1028 2805 1098 τὴν
2829 1027 2930 1098 τῆς
2953 1027 3141 1090 οὐσίας
3174 1026 3517 1098 ἑδραιότητα,
3549 1025 3645 1080 καὶ
3679 1023 3742 1077 τὸ

2165 1123 2558 1194 ἀμετάπτωτον
2585 1122 2663 1186 είς
2687 1119 2874 1190 ἕτερόν
2898 1136 2952 1171 τι
2983 1117 3113 1190 παρ’
3143 1119 3281 1188 ὅπερ
3311 1117 3544 1187 ὑπάρχει
3569 1115 3736 1186 δηλοῖ.

2166 1214 2242 1267 Οὑ
2268 1212 2498 1283 δύναμαι
2540 1210 2673 1280 γὰρ,
2702 1210 2887 1279 φησὶν,
2919 1207 3016 1263 ἀπ’
3048 1206 3286 1277 ἐμαυτοῦ
3321 1205 3396 1276 μὴ
3423 1203 3563 1258 εἶναι
3602 1203 3741 1267 ζῶον

2166 1303 2401 1372 λογικὸν,
2444 1302 2554 1355 τῶν
2583 1303 2649 1372 τῇ
2698 1300 2857 1369 φύσει
2904 1298 3215 1370 προσόντων
3259 1295 3740 1366 κατευμεγεθήσας

2166 1392 2671 1465 πλεονεκτημάτων.
2697 1391 2770 1444 Ού
2797 1391 2906 1462 γάρ
2929 1389 3042 1461 ὁρῶ
3067 1389 3129 1442 τὺ
3161 1387 3417 1442 δύνασθαι
3446 1387 3605 1440 τοῦτο
3636 1404 3741 1440 παο

2166 1484 2278 1538 θεῖν
2303 1485 2361 1537 ἐν
2385 1486 2452 1554 τῇ
2482 1482 2576 1536 τοῦ
2601 1481 2849 1544 τεκόντος
2884 1480 3064 1549 φύσει.
3107 1480 3262 1534 Κατὰ
3294 1478 3482 1532 τοῦτον
3511 1473 3604 1532 οὖν
3632 1479 3741 1549 ἄρα

2163 1578 2256 1632 τὸν
2281 1577 2483 1648 τρόπον
2505 1575 2714 1646 ἀκούσῃ
2738 1574 2989 1643 λέγοντος
3015 1572 3110 1626 τοῦ
3138 1570 3374 1642 Χριστοῦ
3392 1587 3406 1600 ο
3446 1589 3465 1622 ι
3485 1569 3560 1622 Οὑ
3581 1569 3740 1623 δύνα-

2165 1687 2256 1723 ται
2277 1671 2306 1723 6
2336 1669 2464 1732 Υίὸς
2496 1670 2670 1721 ποιεῖν
2700 1667 2792 1736 ἀφ’
2818 1665 3012 1721 ἐαυτοῦ
3049 1663 3220 1730 οὐδὲν,
3249 1663 3344 1716 ἐὰν
3377 1663 3449 1734 μή
3479 1679 3530 1714 τι
3565 1661 3741 1734 βλέπῃ

496 1772 662 1828 opera
705 1755 829 1811 Filii
862 1773 878 1810 :
910 1754 1186 1810 Genitoris
1233 1757 1435 1826 quippe
1468 1759 1553 1814 sui
1583 1760 1883 1814 essentiam
1919 1759 2066 1814 velut

2171 1759 2256 1813 τὸν
2286 1759 2506 1828 Πατέρα
2545 1757 2825 1812 ποιοῦντα.
2866 1775 2884 1808 ι
2937 1755 3029 1827 Μὴ
3075 1755 3364 1824 ἐπιτιμᾶτε
3409 1752 3538 1823 γὰρ,
3583 1753 3738 1823 φησὶ,

498 1849 555 1903 in
610 1848 731 1904 suis
780 1847 1213 1916 cogitationibus
1264 1849 1382 1904 sive
1427 1850 1777 1906 naturalibus
1823 1851 2066 1907 motibus

498 1939 898 2008 contemplans,
937 1954 1170 2009 quarum
1207 1955 1390 1996 rerum
1438 1942 1689 2012 opiﬁcem
1733 1942 2069 2000 convenien-

499 2036 584 2085 ter
632 2045 755 2086 esse
808 2031 975 2098 videt,
1017 2031 1118 2088 has
1178 2033 1367 2103 utique
1414 2033 1567 2101 facit,
1595 2050 1660 2091 ac
1711 2035 1850 2090 nihil
1892 2036 2066 2105 aliud,

499 2136 625 2176 cum
688 2137 796 2178 non
854 2125 1029 2194 possit
1070 2126 1276 2195 aliquid
1325 2142 1515 2182 eorum
1565 2143 1689 2198 quae
1731 2135 1929 2199 praeter
1971 2144 2071 2184 na-

499 2219 682 2268 turam
738 2229 893 2268 suam
940 2223 1070 2269 sunt
1100 2217 1258 2286 .pati,
1300 2226 1591 2287 prapterea
1639 2219 1785 2288 quod
1834 2233 1903 2274 ex
1948 2218 2070 2289 ipsa

501 2315 606 2361 est.
657 2305 900 2375 Exempli
930 2308 1144 2378 gratia:
1196 2316 1396 2362 natura
1445 2307 1626 2364 Patris
1686 2309 1849 2364 habet
1895 2318 1954 2364 ut
1997 2310 2072 2365 sit

502 2399 865 2466 misericors;
901 2400 1004 2454 hoc
1038 2407 1192 2454 certo
1226 2398 1400 2456 Filius
1439 2415 1563 2455 cum
1605 2401 1654 2456 ei
1706 2415 1928 2472 quoque
1980 2402 2071 2457 in-

503 2503 624 2543 esse
665 2489 869 2552 videat,
905 2497 964 2542 ut
1013 2489 1107 2558 qui
1154 2489 1228 2544 sit
1279 2503 1348 2544 ex
1406 2488 1548 2559 ipso,
1604 2491 1933 2546 naturaliter
1965 2492 2072 2547 mi-

504 2582 744 2634 scricors
774 2587 878 2642 est,
913 2596 1014 2636 nec
1041 2589 1223 2651 potest
1260 2581 1409 2636 aliud
1449 2597 1572 2638 esse
1596 2597 1760 2654 quam
1793 2584 1939 2654 quod
1976 2585 2073 2640 illa

504 2671 664 2740 221
698 2677 803 2724 est.
835 2669 1006 2726 Habet
1049 2671 1195 2724 enim
1232 2685 1298 2725 ex
1330 2669 1510 2736 Patre,
1547 2680 1608 2726 ut
1655 2674 1969 2740 essentiam,
1997 2675 2072 2729 ita

505 2776 724 2831 quoque
780 2761 1031 2817 essentiae
1069 2761 1210 2816 bona
1247 2778 1261 2814 :
1303 2761 1625 2831 simpliciter
1670 2762 1968 2831 nimirum,
2017 2773 2074 2820 et

504 2854 643 2908 citra
691 2852 1165 2922 compositionem,
1215 2861 1274 2906 ut
1307 2851 1489 2907 Deus:
1519 2853 1750 2923 ideoque
1798 2855 2074 2924 sapienter

506 2943 692 3000 statim
745 2943 968 3013 subjicit
1001 2959 1017 2996 :
1049 2961 1067 2993 ι
1103 2941 1452 3012 Quaecunque
1505 2943 1650 2997 enim
1709 2943 1801 2998 ille
1846 2942 2071 3007 fecerit,

505 3035 623 3091 haec
659 3043 714 3090 et
749 3033 921 3090 Filius
949 3033 1198 3089 similiter
1230 3033 1382 3100 facit,
1425 3051 1443 3085 ι
1478 3041 1666 3099 lotam,
1691 3043 1751 3089 ut
1773 3035 1828 3089 in
1859 3049 2071 3090 summa

505 3124 710 3190 dicam,
751 3124 1200 3195 signiﬁcationem
1231 3123 1423 3178 horum
1452 3125 1764 3188 verborum,
1784 3138 1889 3180 non
1912 3139 2074 3194 posse

505 3229 539 3269 a
597 3217 889 3285 semetipso
941 3214 1120 3270 facere
1164 3214 1488 3285 quidquam,
1537 3216 1645 3270 nisi
1674 3215 1824 3286 quod
1871 3215 2076 3271 viderit

502 3305 723 3362 Patrem
757 3304 1068 3369 facientem,
1098 3305 1189 3359 hic
1233 3305 1522 3375 colligens.
1553 3304 1707 3370 Quod
1743 3305 1792 3360 si
1823 3318 2071 3370 causam,

505 3397 576 3450 oh
614 3411 777 3466 quam
801 3397 916 3449 lure
949 3395 1118 3451 Filius
1143 3395 1296 3460 dicit,
1341 3397 1607 3465 inquiras,
1649 3397 1962 3453 accuratius
1992 3398 2078 3452 di-

507 3489 614 3543 ctis
654 3488 894 3542 animum
935 3489 1206 3542 advertes.
1238 3485 1409 3558 Igitur
1437 3488 1698 3556 quoniam
1725 3489 1813 3544 die
1849 3489 2076 3544 Sabbati

507 3579 794 3649 paralytici
826 3579 1083 3633 misertus
1099 3586 1238 3640 erat,
1281 3576 1453 3633 Judaei
1481 3578 1658 3646 ipsum
1679 3579 1938 3634 insectari
1965 3594 2077 3634 caa-

509 3675 750 3735 perunt:
784 3665 878 3720 sed
926 3665 1179 3720 Christus
1232 3680 1328 3720 eos
1364 3664 1719 3731 iconfundit,
1779 3665 2076 3721 ostendens

511 3757 680 3810 Deum
707 3770 769 3808 ac
795 3755 1010 3811 Patrem
1057 3756 1306 3810 misereri
1337 3755 1597 3810 Sabbato;
1635 3753 1748 3810 Nec
1781 3756 1924 3810 enim
1952 3770 2078 3850 pro;

506 3847 745 3902 hibenda
779 3847 992 3902 censuit
1015 3863 1137 3916 quae
1158 3847 1224 3901 ad
1243 3847 1472 3902 salutem
1495 3854 1741 3902 nostram
1761 3846 2073 3902 conferunt.

511 3936 578 3990 Et
600 3945 747 3992 certe
775 3937 934 3992 initio
956 3937 1127 3992 dixit:
1153 3955 1172 3990 ι
1194 3936 1357 3992 Pater
1378 3952 1533 3992 meus
1563 3952 1739 4007 usque
1761 3938 1925 3993 modo
1942 3952 2074 4008 ope-

508 4039 684 4094 ratur,
735 4039 790 4084 et
853 4043 954 4099 ego
1012 4044 1230 4099 operor.
1269 4047 1288 4080 ›
1321 4028 1429 4084 Sed
1460 4030 1716 4098 quoniam
1765 4045 1876 4100 pra:
1905 4032 2076 4086 multa

508 4121 754 4179 vecordia
789 4127 1011 4190 gravate
1055 4121 1170 4175 haec
1209 4121 1351 4176 ferre
1377 4120 1722 4185 videbantur,
1741 4120 1926 4176 subdit
1949 4137 2077 4177 rur-

507 4227 628 4268 sum
657 4227 671 4264 :
709 4230 728 4263 ι
766 4211 884 4266 Non
912 4218 1092 4282 potest
1115 4209 1287 4266 Filius
1317 4225 1348 4265 a
1390 4213 1682 4282 semetipso
1713 4210 1896 4268 facere
1919 4212 2079 4282 quid-

507 4317 693 4371 quam,
736 4301 843 4356 nisi
887 4299 1034 4371 quod
1084 4299 1282 4355 viderit
1320 4299 1534 4356 Patrem
1576 4299 1890 4356 facientem.
1915 4301 2077 4366 Quae-

2165 1851 2278 1912 τοῖς
2303 1848 2486 1920 ἔργοις
2511 1847 2603 1901 τοῦ
2631 1845 2763 1900 Υίοῦ
2789 1863 2804 1878 ο
2847 1844 2947 1916 τὴν
2969 1845 3076 1916 γὰρ
3095 1843 3188 1896 τοῦ
3211 1842 3456 1905 τεκόντος
3477 1841 3638 1894 αὑτὸν
3665 1841 3741 1904 ὼς

2167 1943 2225 1997 ἐν
2249 1941 2406 2006 ίδίαις
2423 1941 2670 2008 ἐννοίαις,
2694 1941 2809 2010 ήτοι
2833 1940 3078 2010 φυσικοῖς
3099 1937 3394 2008 κινήμασιν
3416 1934 3741 2005 ἀναθεωρῶν

2167 2035 2376 2102 οὑσίαν,
2395 2027 2577 2105 ὧνπερ
2589 2033 2654 2088 ἂν
2671 2032 2770 2086 ῖδοι
2789 2031 3101 2102 πρεπόντως
3117 2027 3338 2099 ἐργάτιν
3368 2025 3556 2096 αὑτὴν,
3570 2025 3743 2078 ταῦτα

2168 2127 2234 2199 δὴ
2249 2127 2594 2200 πράττει,καὶ
2609 2126 2695 2179 ’ἐτε
2704 2142 2792 2196 ρον
2805 2123 2976 2187 οὐδὲν,
2990 2121 3181 2176 παθεῖν
3194 2140 3248 2176 τι
3262 2120 3373 2174 τῶν
3394 2118 3544 2189 παρὰ
3559 2119 3740 2186 φύσιν⁹

2169 2217 2258 2271 διὰ
2279 2216 2342 2270 τὸ
2369 2215 2430 2280 ἐξ
2444 2214 2614 2284 αὐτῆς
2641 2213 2927 2284 ὑπάρχειν,
2947 2212 3008 2264 οὑ
3030 2210 3346 2281 δυνάμενος.
3366 2204 3510 2275 Οἷον,
3542 2207 3654 2278 ἔχει
3682 2206 3741 2260 τὸ

2172 2305 2347 2362 θέλειν
2369 2307 2590 2376 ἐλεεῖνή
2613 2303 2706 2357 τοῦ
2731 2303 2942 2375 Πατρὺς
2973 2302 3134 2372 φύσις
3155 2318 3168 2331 ·
3212 2301 3369 2354 τοῦτο
3402 2300 3466 2371 δὴ
3495 2301 3589 2353 καὶ
3619 2301 3740 2352 ἐνυ-

2172 2398 2382 2470 πάρχον
2407 2397 2544 2468 αὑτῇ
2579 2395 2800 2466 θεωρῶν
2821 2396 2850 2447 6
2887 2394 3031 2458 Υίδς,
3069 2394 3144 2457 ὡς
3177 2391 3237 2457 ἐξ
3272 2391 3460 2457 αὑτοῦ,
3497 2390 3742 2461 φυσικῶς

2172 2490 2416 2562 ἐλεήμων
2440 2487 2609 2552 ἐστὶν,
2625 2488 2686 2540 οὑ
2706 2487 3000 2556 δυνάμενος
3013 2485 3098 2538 ἐτε
3109 2484 3196 2555 ρόν
3211 2501 3264 2538 τι
3288 2485 3417 2554 παρ’
3437 2483 3575 2552 ὅπερ
3596 2482 3743 2536 ἐστὶν

2172 2580 2356 2651 ἐκείνη
2381 2578 2653 2649 γενέσθαι.
2692 2577 2844 2648 Ἔχει
2887 2577 2996 2649 γὰρ
3030 2579 3094 2630 ἐκ
3127 2575 3360 2648 Πατρός,
3402 2574 3590 2646 ὥσπερ
3644 2574 3742 2646 τήν

2173 2672 2379 2735 οὑσίαν,
2413 2670 2556 2725 οὑτω
2581 2669 2676 2724 καὶ
2725 2669 2794 2723 τά
2839 2651 2940 2740 τῆς
2985 2668 3173 2732 οὐσίας
3220 2667 3434 2737 άγαοά⁶
3476 2667 3662 2730 ἁπλῶς
3688 2666 3744 2720 δέ

2171 2761 2332 2832 δῆλον
2362 2763 2444 2816 ὅτι
2475 2761 2570 2816 καὶ
2593 2759 2898 2822 άσυνθέτως
2928 2759 3002 2822 ὡς
3045 2758 3209 2822 Θεόςο
3241 2758 3412 2811 διάτοι
3445 2755 3604 2810 τοῦτο
3633 2756 3746 2819 τοῖς

2173 2854 2411 2928 πρώτοις
2436 2854 2675 2923 ἐπιλέγει
2707 2852 2885 2924 σοφῶς
2905 2868 2920 2883 ·
2951 2869 2972 2903 ι
3006 2853 3074 2904 Ἀ
3113 2849 3328 2929 γὰρίἂν
3361 2850 3566 2911 ἐκεῖνος
3592 2848 3743 2916 ποιῇ,

2172 2947 2346 3002 ταῦτα
2369 2947 2462 3000 καὶ
2481 2949 2510 3000 6
2535 2945 2665 3009 Υἱὸς
2691 2945 2890 3016 ὁμοίως
2912 2945 3104 2997 ποιεῖ’»
3129 2943 3277 3014 ὅλην,
3303 2941 3380 3000 ὡς
3405 2940 3534 3004 ἐπος
3550 2939 3742 3002 εἰπεῖν,

2172 3038 2273 3109 τὴν
2307 3037 2582 3106 περίνοιαν
2620 3035 2714 3089 τοῦ
2770 3035 2844 3106 μὴ
2886 3034 3147 3088 δύνασθαι
3191 3037 3363 3088 ποιεῖν
3414 3034 3506 3102 ἀφ’
3549 3029 3744 3086 ἐαυτοῦ

2177 3127 2364 3199 μηδὲν,
2397 3127 2492 3181 ἐὰν
2527 3127 2601 3197 μή
2638 3143 2692 3179 τι
2727 3125 2899 3199 βλέπῃ
2930 3125 3020 3179 τὸν
3064 3125 3280 3196 Πατέρα
3316 3123 3593 3190 ποιοῦντα,
3625 3140 3746 3178 συν-

2173 3218 2322 3286 άγων
2351 3217 2408 3272 ἐν
2440 3215 2670 3280 τούτοις.
2715 3215 3189 3287 Ἀναλογιζόμενος
3214 3215 3270 3268 δέ
3293 3215 3392 3286 τὴν
3419 3215 3622 3280 αἰτίαν,
3657 3213 3746 3282 ἐφ’

2173 3303 2209 3382 ᾖ
2241 3309 2310 3362 τὰ
2337 3307 2561 3364 τοιαῦτά
2599 3323 2762 3378 φησιν
2807 3309 2836 3360 6
2868 3308 3016 3375 Υἱὸς,
3051 3306 3438 3378 ἀκριϐέστερον
3469 3309 3582 3369 τοῖς
3613 3303 3745 3376 παρ’

2174 3397 2354 3452 αὑτῶν
2386 3397 2695 3469 είρημένοις
2748 3398 3062 3466 ἐπιστήσεις
3086 3397 3178 3450 τὸν
3202 3395 3346 3450 νοῦν.
3370 3395 3581 3450 Οὐκοῦν
3602 3399 3746 3448 ἐπει-

2173 3489 2348 3560 δήπερ
2404 3491 2462 3543 ἐν
2508 3488 2690 3560 ἡμέρᾳ
2728 3487 3007 3542 Σαϐϐάτου
3060 3487 3151 3541 τὸν
3189 3486 3510 3558 παράλυπον
3574 3485 3741 3557 ἠλέει,

2173 3578 2388 3632 διώκειν
2433 3578 2596 3632 αὑτὸν
2650 3579 2968 3649 ἐπεχείρουν
3012 3579 3063 3631 οἱ
3104 3577 3378 3631 Ἰουδαῖοι·
3421 3577 3675 3630 δυσωπεῖ·
3691 3575 3746 3628 δέ

2175 3671 2374 3734 αὐτοὺς
2419 3673 2448 3724 6
2494 3670 2749 3742 Χριστὸς,
2809 3669 3062 3723 ἐλεοῦντα
3110 3668 3322 3732 δεικνὺς
3361 3667 3452 3720 τὸν
3491 3667 3626 3720 Θεὸν
3657 3667 3749 3722 καὶ

2175 3763 2394 3834 Πατέρα
2426 3763 2567 3818 κατὰ
2613 3764 2674 3817 τὸ
2715 3761 3013 3816 Σάϐϐατον.
3045 3761 3121 3816 Οὑ
3157 3761 3266 3831 γὰρ
3307 3760 3459 3831 ᾠήθη
3485 3758 3595 3812 δεῖν
3623 3761 3756 3812 ἁπο-

2176 3855 2417 3910 κωλῦσαί
2448 3872 2578 3908 ποτε
2617 3854 2685 3908 τά
2730 3855 2830 3908 δσα
2874 3854 2978 3926 πέρ
3013 3854 3160 3907 ἐστιν
3199 3854 3280 3915 εἰς
3333 3851 3608 3922 σωτηρίαν
3650 3850 3750 3920 τήν

2176 3945 2448 4018 ἡμετέραν
2490 3946 2858 4001 συντείνοντα.
2894 3945 3006 3999 Καὶ
3048 3945 3112 4016 δὴ
3146 3945 3241 3997 καὶ
3278 3943 3514 4012 ἔφασκεν
3550 3943 3608 3994 ἐν
3653 3943 3748 4010 ἀρ-

2176 4040 2327 4108 χαῖς’
2369 4056 2389 4090 ι
2438 4037 2495 4092 Ὁ
2535 4038 2729 4108 Πατήρ
2779 4055 2881 4108 μου
2931 4037 3036 4100 ἕως
3074 4038 3198 4108 ἄρτι
3237 4036 3550 4106 ἐργάζεται,
3593 4033 3746 4101 κάγὼ

2175 4128 2499 4200 ἐργάζομαι.
2537 4145 2557 4180 ι
2586 4126 2805 4196 Ἐπειδὴ
2835 4127 2890 4180 δέ
2914 4129 3007 4180 καὶ
3029 4127 3386 4197 ἀσχάλλοντες
3403 4125 3541 4196 πρὸς
3574 4125 3745 4178 ταῦτα

2175 4220 2262 4275 διὰ
2279 4219 2477 4292 πολλὴν
2493 4219 2774 4288 ἐφαίνοντο
2794 4217 3130 4284 δυσϐουλίαν,
3161 4219 3402 4287 ἐπιλέγει
3428 4217 3610 4271 πάλιν
3645 4215 3744 4270 «οὑ

2175 4311 2398 4365 δύναται
2447 4313 2476 4364 6
2501 4309 2632 4373 Υἱὸς
2664 4313 2838 4363 ποιεῖν
2891 4309 2985 4378 ἀφ’
3013 4311 3206 4364 ἐαυτοῦ
3253 4310 3429 4372 οὐδὲν,
3466 4309 3562 4362 ἐὰν
3593 4310 3666 4380 μή
3694 4325 3746 4362 τι

507 4404 723 4457 cunque
751 4390 895 4445 enim
925 4389 1015 4444 ille
1031 4388 1179 4455 facit,
1198 4390 1314 4444 haec
1338 4397 1391 4445 et
1417 4391 1588 4447 Filius
1613 4391 1867 4446 similiter
1889 4389 2069 4446 facit.»

2181 4402 2354 4475 βλέπῃ
2383 4403 2473 4455 τὸν
2500 4400 2720 4472 Πατέρα
2747 4399 3022 4454 ποιοῦντα.
3056 4401 3124 4453 Ἀ
3148 4400 3257 4471 γὰρ
3273 4399 3336 4454 ἂν
3361 4402 3565 4462 ἐκεῖνος
3596 4401 3744 4470 ποιῇ,

509 4482 774 4549 Quoniam
813 4481 959 4536 enim
996 4479 1157 4536 Pater
1191 4496 1302 4535 non
1347 4489 1584 4547 recusat,
1621 4482 1818 4553 inquit,
1849 4481 1904 4535 in
1942 4479 2078 4537 Sab-

506 4575 638 4630 bato
657 4573 928 4639 misereri,
946 4589 1072 4628 cum
1089 4589 1215 4628 eum
1245 4588 1640 4645 usquequaque
1665 4572 2074 4628 misericordem

509 4681 632 4721 esse
663 4666 896 4730 videam,
929 4665 1135 4720 ideirco
1163 4665 1327 4720 etiam
1359 4680 1461 4736 ego
1483 4679 1876 4735 usquequaque
1907 4665 2074 4720 mise-

510 4769 655 4815 reor,
684 4756 777 4824 qui
807 4755 987 4810 Patris
1014 4757 1307 4811 essentiam
1336 4757 1392 4810 in
1417 4756 1626 4826 meipso
1645 4755 1936 4813 immutare
1962 4774 2076 4814 non

511 4859 758 4915 possum,
799 4845 874 4900 ita
908 4855 968 4901 ut
1002 4861 1108 4901 non
1139 4847 1323 4902 videar
1345 4854 1398 4902 et
1436 4846 1537 4902 sim
1575 4847 1719 4914 talis,
1752 4849 1932 4920 qualis
1959 4850 2077 4920 ipse

509 4941 595 4989 est
629 4935 928 4989 secundum
952 4945 1222 4992 naturam.
1247 4935 1603 5007 Quaacunque
1618 4939 1763 4994 enim
1789 4939 1910 5010 ejus
1947 4949 2076 4997 sunt

509 5038 732 5095 operor,
764 5034 821 5076 ut
845 5025 1117 5081 exsistens
1150 5041 1214 5081 ex
1255 5027 1399 5095 ipso.
1428 5028 1619 5083 Dicere
1648 5037 1827 5084 autem
1853 5029 2077 5087 Patrem

507 5129 675 5186 opera
702 5113 854 5184 prius
911 5114 1190 5180 inchoare,
1247 5125 1489 5171 extrema
1519 5132 1626 5171 non
1661 5127 1810 5173 caret
1833 5119 2076 5177 inscitia.

509 5205 795 5274 Quomodo
821 5207 966 5260 enim
1003 5206 1118 5275 ipse
1156 5207 1382 5262 seorsim
1417 5222 1480 5262 ac
1528 5209 1678 5264 solus
1710 5209 2075 5285 inchoaverit,

508 5313 631 5352 cum
659 5297 837 5352 virtus
860 5297 980 5366 ejus
1007 5311 1114 5366 qua
1138 5298 1192 5350 in
1212 5297 1471 5353 omnibus
1503 5307 1760 5368 operatur
1786 5299 1857 5354 sit
1880 5299 2075 5377 Filius,

509 5387 601 5458 qui
633 5387 703 5442 ab
756 5396 960 5443 aeterno
1010 5387 1230 5458 quidem
1279 5386 1329 5441 ei
1373 5385 1534 5452 inest,
1563 5387 1896 5444 voluntatem
1948 5406 2077 5446 vero

509 5477 631 5544 ejus
667 5489 719 5532 et
749 5480 1040 5536 motionem
1063 5478 1118 5534 in
1153 5477 1366 5546 agendo
1385 5477 1663 5548 exprimit.
1681 5478 1801 5534 Jam
1834 5482 1880 5536 si
1910 5482 2080 5538 stulte

511 5569 843 5624 contendunt
874 5572 1050 5641 ipsum
1093 5580 1412 5641 ex5pectare
1460 5571 1514 5624 in
1553 5585 1885 5643 unoquoque
1911 5588 2076 5642 opere

512 5656 841 5728 singularem
871 5663 1049 5720 Patris
1082 5663 1476 5735 operationem,
1521 5671 1579 5718 ut
1605 5663 1857 5724 similiter
1896 5666 2074 5722 imite—

2178 4491 2347 4545 ταῦτα
2374 4490 2510 4544 καὶὸ
2541 4489 2666 4552 Υἱὸς
2686 4488 2887 4560 ὁμοίως
2925 4491 3085 4542 ποιεῖ.
3120 4506 3138 4538 ι
3169 4488 3320 4540 Ἐπεὶ
3338 4488 3446 4556 γὰρ
3467 4488 3528 4540 οὑ
3553 4504 3746 4557 παραι-

2177 4583 2376 4647 τεῖται,
2412 4580 2596 4650 φησὶν,
2645 4580 2674 4632 6
2727 4577 2918 4649 Πατὴρ
2946 4579 3114 4630 ἐλεεῖν
3139 4577 3197 4630 ἐν
3219 4577 3501 4647 Σαϐϐάτῳ,
3537 4577 3749 4648 βλέπων

2177 4671 2308 4725 δντα
2359 4670 2448 4724 διὰ
2507 4669 2707 4732 παντὸς
2772 4667 3182 4739 φιλοικτίρμονα
3203 4707 3218 4731 ,
3276 4667 3536 4740 ταύτῃτοι
3595 4666 3748 4734 κάγὼ

2176 4761 2266 4814 διὰ
2293 4761 2494 4821 παντὸς
2525 4758 2682 4823 ἐλεῶ,
2710 4757 3100 4828 καινοτομῆσαί
3145 4775 3262 4821 πως
3287 4757 3382 4810 τοῦ
3412 4757 3622 4828 Πατρός
3654 4758 3747 4826 τὴν

2177 4850 2364 4904 οὑσίαν
2391 4851 2448 4902 ἐν
2473 4848 2695 4919 ἐμαυτῷ
2733 4849 2808 4920 μὴ
2852 4848 3165 4919 δυνάμενος,
3195 4849 3283 4902 διὰ
3313 4847 3406 4902 τοῦ
3457 4848 3531 4920 μὴ
3561 4849 3750 4918 φαίνε-

2179 4940 2304 4994 σθαι
2333 4939 2428 4993 καὶ
2461 4934 2602 4992 εἶναι
2629 4937 2887 5002 τοιοῦτος,
2925 4939 3106 5003 ὁποῖός
3152 4940 3269 4992 ἐστι
3298 4944 3440 4994 κατὰ
3463 4939 3622 5008 φύσιν
3655 4941 3749 4993 αὑ-

2176 5030 2286 5092 τός.
2330 5027 2599 5099 Ἐνεργῶν
2635 5027 2746 5098 γὰρ
2787 5025 3024 5090 πάντως.
3051 5027 3128 5090 ὡς
3165 5025 3225 5090 ἐξ
3256 5026 3443 5092 αὑτοῦ,
3465 5026 3534 5079 τὰ
3562 5025 3746 5079 αὑτοῦ.

2176 5121 2250 5174 Τὸ
2275 5120 2332 5174 δέ
2361 5119 2538 5188 λέγειν
2562 5117 3035 5189 προκαταρκτικὸν
3062 5117 3170 5170 τῶν
3197 5116 3374 5188 ἔργων
3401 5117 3492 5170 τὸν
3532 5117 3749 5187 Πατέρα

2178 5211 2462 5283 ὑπάρχειν,
2501 5209 2740 5280 ἀμαθίας
2777 5208 3012 5278 ἐσχάτης
3057 5209 3157 5261 οὑκ
3196 5209 3435 5280 ἀμοιρεῖ.
3477 5208 3603 5272 Πῶς
3643 5209 3748 5278 γὰρ

2176 5305 2244 5358 ἂν
2270 5303 2428 5367 αὑτὸς
2461 5302 2564 5372 ίδίᾳ
2584 5301 2676 5356 καὶ
2709 5300 2864 5371 μόνος
2887 5299 3322 5371 προκατάρξαιτὸ
3345 5317 3497 5363 ποτε,
3520 5299 3748 5368 δύναμιν

2175 5395 2313 5464 ἔχων
2363 5391 2447 5462 ἐφ’
2487 5391 2689 5444 ἅπασιν
2737 5390 3091 5462 ἐνεργητικὴν
3135 5389 3225 5443 τὸν
3264 5390 3428 5457 Υίὸν,
3475 5391 3748 5460 συνυπάρα

2176 5501 2340 5554 χοντα
2373 5484 2472 5554 μὲν
2499 5482 2682 5544 ἁῖδίως
2721 5481 2891 5553 αὐτῷ,
2923 5482 3192 5552 θελήσεως
3223 5482 3280 5535 δὲ
3323 5481 3422 5552 τῆς
3455 5480 3549 5534 ἐπί
3576 5497 3631 5533 τι
3659 5481 3748 5532 καὶ

2179 5576 2440 5645 κινήσεως
2457 5577 2554 5644 τῆς
2575 5574 2695 5626 κατ’
2718 5572 2996 5644 ἐνέργειαν
3013 5574 3108 5644 τὴν
3125 5572 3215 5626 ἐπί
3231 5587 3373 5624 τισιν
3401 5571 3742 5640 ὲκφαντικόν.

2177 5667 2287 5720 Καὶ
2320 5668 2367 5719 εί
2393 5664 2705 5735 περιμένειν
2744 5665 2906 5721 αὑτὸν
2931 5665 3027 5737 τὴν
3070 5666 3155 5735 ἐφ’
3184 5663 3400 5734 ἑκάστῳ
3433 5664 3542 5718 τῶν
3572 5663 3747 5736 ἔργων
