  <div class='ocr_page' id='page_1' title='image "/cluster/home/n/w/nwhite01/storage/ocr_20150623/73/mdp.39015078384479/188.png"; bbox 0 0 4078 6262; ppageno 0'>
   <div class='ocr_carea' id='block_1_1' title="bbox 313 342 411 399">
    <p class='ocr_par' dir='ltr' id='par_1_1' title="bbox 313 342 411 399">
     <span class='ocr_line' id='line_1_1' title="bbox 313 342 411 399; baseline 0 -2"><span class='ocrx_word' id='word_1_1' title='bbox 313 342 411 399; x_wconf 66' lang='lat'><strong>3!?!</strong></span> 
     </span>
    </p>
   </div>
   <div class='ocr_carea' id='block_1_2' title="bbox 1342 334 2520 398">
    <p class='ocr_par' dir='ltr' id='par_1_2' title="bbox 1342 334 2520 398">
     <span class='ocr_line' id='line_1_2' title="bbox 1342 334 2520 398; baseline -0.006 -2"><span class='ocrx_word' id='word_1_2' title='bbox 1342 340 1407 397; x_wconf 83' lang='lat' dir='ltr'><strong>IN</strong></span> <span class='ocrx_word' id='word_1_3' title='bbox 1431 340 1719 398; x_wconf 76' lang='lat' dir='ltr'><strong>JOANNIS</strong></span> <span class='ocrx_word' id='word_1_4' title='bbox 1760 334 2208 395; x_wconf 75' lang='lat' dir='ltr'><strong>EVANGELlUM</strong></span> <span class='ocrx_word' id='word_1_5' title='bbox 2272 336 2398 390; x_wconf 84' lang='lat' dir='ltr'><strong>LIB.</strong></span> <span class='ocrx_word' id='word_1_6' title='bbox 2456 334 2520 389; x_wconf 85' lang='lat' dir='ltr'><strong>Il.</strong></span> 
     </span>
    </p>
   </div>
   <div class='ocr_carea' id='block_1_3' title="bbox 3475 331 3580 387">
    <p class='ocr_par' dir='ltr' id='par_1_3' title="bbox 3475 331 3580 387">
     <span class='ocr_line' id='line_1_3' title="bbox 3475 331 3580 387; baseline -0.048 1"><span class='ocrx_word' id='word_1_7' title='bbox 3475 331 3580 387; x_wconf 70' lang='grc' dir='ltr'><strong>5ῧέ</strong></span> 
     </span>
    </p>
   </div>
   <div class='ocr_carea' id='block_1_4' title="bbox 307 440 1899 530">
    <p class='ocr_par' dir='ltr' id='par_1_4' title="bbox 307 440 1893 530">
     <span class='ocr_line' id='line_1_4' title="bbox 307 440 1893 530; baseline -0.001 -16"><span class='ocrx_word' id='word_1_8' title='bbox 307 460 486 529; x_wconf 75' lang='grc' dir='ltr'>ίδικὴν</span> <span class='ocrx_word' id='word_1_9' title='bbox 529 440 812 530; x_wconf 73' lang='grc' dir='ltr'>ἐνέργειαν</span> <span class='ocrx_word' id='word_1_10' title='bbox 851 460 947 511; x_wconf 78' lang='grc' dir='ltr'><strong>τοῦ</strong></span> <span class='ocrx_word' id='word_1_11' title='bbox 1001 458 1215 530; x_wconf 84' lang='grc' dir='ltr'>Πατρὸς</span> <span class='ocrx_word' id='word_1_12' title='bbox 1262 459 1602 525; x_wconf 74' lang='grc' dir='ltr'><strong>ἀπαιδεύτως</strong></span> <span class='ocrx_word' id='word_1_13' title='bbox 1627 460 1893 530; x_wconf 72' lang='grc' dir='ltr'>διισχυρί-</span> 
     </span>
    </p>
   </div>
   <div class='ocr_carea' id='block_1_5' title="bbox 2004 440 3583 530">
    <p class='ocr_par' dir='ltr' id='par_1_5' title="bbox 2004 452 3583 522">
     <span class='ocr_line' id='line_1_5' title="bbox 2004 452 3583 522; baseline 0.001 -14"><span class='ocrx_word' id='word_1_14' title='bbox 2004 469 2107 517; x_wconf 85' lang='lat' dir='ltr'><strong>tur,</strong></span> <span class='ocrx_word' id='word_1_15' title='bbox 2149 454 2442 510; x_wconf 88' lang='lat' dir='ltr'><strong>ostendant</strong></span> <span class='ocrx_word' id='word_1_16' title='bbox 2482 454 2640 510; x_wconf 92' lang='lat' dir='ltr'><strong>nobis</strong></span> <span class='ocrx_word' id='word_1_17' title='bbox 2661 452 2876 507; x_wconf 81' lang='lat' dir='ltr'><strong>Patrem</strong></span> <span class='ocrx_word' id='word_1_18' title='bbox 2897 452 3109 522; x_wconf 78' lang='lat' dir='ltr'><strong>uspiam</strong></span> <span class='ocrx_word' id='word_1_19' title='bbox 3143 460 3427 522; x_wconf 87' lang='lat' dir='ltr'><strong>operatum</strong></span> <span class='ocrx_word' id='word_1_20' title='bbox 3460 469 3583 509; x_wconf 88' lang='lat' dir='ltr'><strong>esse</strong></span> 
     </span>
    </p>
   </div>
   <div class='ocr_carea' id='block_1_6' title="bbox 308 549 1895 622">
    <p class='ocr_par' dir='ltr' id='par_1_6' title="bbox 308 549 1895 622">
     <span class='ocr_line' id='line_1_6' title="bbox 308 549 1895 622; baseline 0.003 -20"><span class='ocrx_word' id='word_1_21' title='bbox 308 550 517 614; x_wconf 80' lang='grc' dir='ltr'>ζονται,</span> <span class='ocrx_word' id='word_1_22' title='bbox 556 550 695 616; x_wconf 82' lang='grc' dir='ltr'>πρὸς</span> <span class='ocrx_word' id='word_1_23' title='bbox 753 549 812 603; x_wconf 87' lang='grc' dir='ltr'><strong>τὸ</strong></span> <span class='ocrx_word' id='word_1_24' title='bbox 854 549 963 601; x_wconf 75' lang='grc' dir='ltr'>ἴσον</span> <span class='ocrx_word' id='word_1_25' title='bbox 1002 550 1483 622; x_wconf 86' lang='grc' dir='ltr'>ἀπομιμήσασθαι,</span> <span class='ocrx_word' id='word_1_26' title='bbox 1512 552 1895 606; x_wconf 81' lang='grc' dir='ltr'>δεικνύτωσαν</span> 
     </span>
    </p>
   </div>
   <div class='ocr_carea' id='block_1_7' title="bbox 309 643 1896 718">
    <p class='ocr_par' dir='ltr' id='par_1_7' title="bbox 309 643 1896 718">
     <span class='ocr_line' id='line_1_7' title="bbox 309 643 1896 718; baseline 0.002 -21"><span class='ocrx_word' id='word_1_27' title='bbox 309 646 445 716; x_wconf 80' lang='grc' dir='ltr'>ἡμῖν</span> <span class='ocrx_word' id='word_1_28' title='bbox 468 643 578 717; x_wconf 69' lang='grc' dir='ltr'>[δία</span> <span class='ocrx_word' id='word_1_29' title='bbox 601 644 698 698; x_wconf 58' lang='grc' dir='ltr'><strong>καὶ⁸</strong></span> <span class='ocrx_word' id='word_1_30' title='bbox 723 643 839 697; x_wconf 81' lang='grc' dir='ltr'>καθ’</span> <span class='ocrx_word' id='word_1_31' title='bbox 858 643 1048 697; x_wconf 74' lang='grc' dir='ltr'>ἑαυτὸν</span> <span class='ocrx_word' id='word_1_32' title='bbox 1077 644 1451 716; x_wconf 83' lang='grc' dir='ltr'>ὲργασάμενόν</span> <span class='ocrx_word' id='word_1_33' title='bbox 1483 663 1535 699; x_wconf 88' lang='grc' dir='ltr'><strong>τι</strong></span> <span class='ocrx_word' id='word_1_34' title='bbox 1566 646 1657 700; x_wconf 81' lang='grc' dir='ltr'><strong>τὸν</strong></span> <span class='ocrx_word' id='word_1_35' title='bbox 1674 647 1896 718; x_wconf 84' lang='grc' dir='ltr'>Πατέρα</span> 
     </span>
    </p>
   </div>
   <div class='ocr_carea' id='block_1_8' title="bbox 313 732 1896 811">
    <p class='ocr_par' dir='ltr' id='par_1_8' title="bbox 313 732 1896 811">
     <span class='ocr_line' id='line_1_8' title="bbox 313 732 1896 811; baseline 0.004 -24"><span class='ocrx_word' id='word_1_36' title='bbox 313 732 629 805; x_wconf 78' lang='grc' dir='ltr'>πώποτε,ῆ</span> <span class='ocrx_word' id='word_1_37' title='bbox 668 734 760 787; x_wconf 79' lang='grc' dir='ltr'>καὶ</span> <span class='ocrx_word' id='word_1_38' title='bbox 790 736 938 787; x_wconf 85' lang='grc' dir='ltr'>ποῖον</span> <span class='ocrx_word' id='word_1_39' title='bbox 983 733 1146 799; x_wconf 71' lang='grc' dir='ltr'>αὐτὸς</span> <span class='ocrx_word' id='word_1_40' title='bbox 1208 736 1660 808; x_wconf 80' lang='grc' dir='ltr'><strong>προθεραπεύσας</strong></span> <span class='ocrx_word' id='word_1_41' title='bbox 1718 740 1896 811; x_wconf 82' lang='grc' dir='ltr'>παρά-</span> 
     </span>
    </p>
   </div>
   <div class='ocr_carea' id='block_1_9' title="bbox 314 822 1899 899">
    <p class='ocr_par' dir='ltr' id='par_1_9' title="bbox 314 822 1899 899">
     <span class='ocr_line' id='line_1_9' title="bbox 314 822 1899 899; baseline 0.006 -25"><span class='ocrx_word' id='word_1_42' title='bbox 314 822 495 889; x_wconf 90' lang='grc' dir='ltr'>λυτον,</span> <span class='ocrx_word' id='word_1_43' title='bbox 545 822 768 876; x_wconf 85' lang='grc' dir='ltr'>δέδωκεν</span> <span class='ocrx_word' id='word_1_44' title='bbox 811 823 886 886; x_wconf 83' lang='grc' dir='ltr'><strong>ὡς</strong></span> <span class='ocrx_word' id='word_1_45' title='bbox 909 834 926 845; x_wconf 77' lang='grc'><strong><em>⁸</em></strong></span> <span class='ocrx_word' id='word_1_46' title='bbox 948 824 1005 877; x_wconf 82' lang='grc' dir='ltr'>ἐν</span> <span class='ocrx_word' id='word_1_47' title='bbox 1034 823 1190 895; x_wconf 85' lang='grc' dir='ltr'>τύπῳ</span> <span class='ocrx_word' id='word_1_48' title='bbox 1219 825 1281 879; x_wconf 83' lang='grc' dir='ltr'><strong>τὸ</strong></span> <span class='ocrx_word' id='word_1_49' title='bbox 1334 829 1569 898; x_wconf 75' lang='grc' dir='ltr'>πρᾶγμα</span> <span class='ocrx_word' id='word_1_50' title='bbox 1591 828 1669 898; x_wconf 82' lang='grc' dir='ltr'>τῷ</span> <span class='ocrx_word' id='word_1_51' title='bbox 1699 830 1899 899; x_wconf 78' lang='grc' dir='ltr'>Γεννή-</span> 
     </span>
    </p>
   </div>
   <div class='ocr_carea' id='block_1_10' title="bbox 324 931 476 984">
    <p class='ocr_par' dir='ltr' id='par_1_10' title="bbox 324 931 476 984">
     <span class='ocr_line' id='line_1_10' title="bbox 324 931 476 984; baseline 0.013 -18"><span class='ocrx_word' id='word_1_52' title='bbox 324 931 476 984; x_wconf 87' lang='grc' dir='ltr'>ματι.</span> 
     </span>
    </p>
   </div>
   <div class='ocr_carea' id='block_1_11' title="bbox 403 1004 1332 1074">
    <p class='ocr_par' dir='ltr' id='par_1_11' title="bbox 403 1004 1332 1074">
     <span class='ocr_line' id='line_1_11' title="bbox 403 1004 1332 1074; baseline 0.005 -17"><span class='ocrx_word' id='word_1_53' title='bbox 403 1005 463 1057; x_wconf 89' lang='lat'><strong>&#39;0</strong></span> <span class='ocrx_word' id='word_1_54' title='bbox 484 1004 589 1074; x_wconf 72' lang='grc' dir='ltr'>γὰρ</span> <span class='ocrx_word' id='word_1_55' title='bbox 629 1006 829 1074; x_wconf 80' lang='grc' dir='ltr'>Πατὴρ</span> <span class='ocrx_word' id='word_1_56' title='bbox 860 1005 1146 1074; x_wconf 63' lang='grc' dir='ltr'>φιλεῖτὸν</span> <span class='ocrx_word' id='word_1_57' title='bbox 1177 1009 1332 1062; x_wconf 80' lang='grc' dir='ltr'><strong>Υιόν.</strong></span> 
     </span>
    </p>
   </div>
   <div class='ocr_carea' id='block_1_12' title="bbox 400 1095 1899 1172">
    <p class='ocr_par' dir='ltr' id='par_1_12' title="bbox 400 1095 1899 1172">
     <span class='ocr_line' id='line_1_12' title="bbox 400 1095 1899 1172; baseline 0.006 -26"><span class='ocrx_word' id='word_1_58' title='bbox 400 1096 696 1159; x_wconf 84' lang='grc' dir='ltr'>Ἀσυνέτως</span> <span class='ocrx_word' id='word_1_59' title='bbox 723 1095 1178 1168; x_wconf 80' lang='grc' dir='ltr'>ὲξαγοιουμένους</span> <span class='ocrx_word' id='word_1_60' title='bbox 1201 1099 1280 1163; x_wconf 86' lang='grc' dir='ltr'><strong>είς</strong></span> <span class='ocrx_word' id='word_1_61' title='bbox 1309 1100 1525 1155; x_wconf 81' lang='grc' dir='ltr'>εἰκαίαν</span> <span class='ocrx_word' id='word_1_62' title='bbox 1554 1101 1746 1172; x_wconf 76' lang='grc' dir='ltr'>ὀργὴν,</span> <span class='ocrx_word' id='word_1_63' title='bbox 1774 1103 1899 1166; x_wconf 73' lang='grc' dir='ltr'>τοὺς</span> 
     </span>
    </p>
   </div>
   <div class='ocr_carea' id='block_1_13' title="bbox 315 1176 1900 1257">
    <p class='ocr_par' dir='ltr' id='par_1_13' title="bbox 315 1176 1900 1257">
     <span class='ocr_line' id='line_1_13' title="bbox 315 1176 1900 1257; baseline 0.008 -25"><span class='ocrx_word' id='word_1_64' title='bbox 315 1180 471 1251; x_wconf 77' lang='grc' dir='ltr'>οἵπερ</span> <span class='ocrx_word' id='word_1_65' title='bbox 498 1176 641 1252; x_wconf 80' lang='grc' dir='ltr'>ἦσαν</span> <span class='ocrx_word' id='word_1_66' title='bbox 671 1183 1059 1249; x_wconf 76' lang='grc' dir='ltr'>δυσσεϐοῦντες</span> <span class='ocrx_word' id='word_1_67' title='bbox 1088 1189 1170 1251; x_wconf 82' lang='grc' dir='ltr'><strong>είς</strong></span> <span class='ocrx_word' id='word_1_68' title='bbox 1193 1188 1354 1241; x_wconf 79' lang='grc' dir='ltr'>αὐτὸν</span> <span class='ocrx_word' id='word_1_69' title='bbox 1386 1189 1709 1257; x_wconf 76' lang='grc' dir='ltr'><strong>ἀφυλάκτως</strong></span> <span class='ocrx_word' id='word_1_70' title='bbox 1728 1191 1817 1246; x_wconf 86' lang='grc' dir='ltr'><strong>διὰ</strong></span> <span class='ocrx_word' id='word_1_71' title='bbox 1840 1192 1900 1244; x_wconf 90' lang='grc' dir='ltr'><strong>τὸ</strong></span> 
     </span>
    </p>
   </div>
   <div class='ocr_carea' id='block_1_14' title="bbox 314 1271 1899 1352">
    <p class='ocr_par' dir='ltr' id='par_1_14' title="bbox 314 1271 1899 1352">
     <span class='ocr_line' id='line_1_14' title="bbox 314 1271 1899 1352; baseline 0.007 -29"><span class='ocrx_word' id='word_1_72' title='bbox 314 1271 599 1327; x_wconf 76' lang='grc' dir='ltr'>Σάϐϐατόν</span> <span class='ocrx_word' id='word_1_73' title='bbox 659 1274 934 1346; x_wconf 81' lang='grc' dir='ltr'>ἐξελέγχει</span> <span class='ocrx_word' id='word_1_74' title='bbox 998 1279 1262 1348; x_wconf 84' lang='grc' dir='ltr'>Χριστὸς,</span> <span class='ocrx_word' id='word_1_75' title='bbox 1346 1279 1755 1352; x_wconf 76' lang='grc' dir='ltr'><strong>ἐναργεστάτην</strong></span> <span class='ocrx_word' id='word_1_76' title='bbox 1804 1282 1899 1336; x_wconf 89' lang='grc' dir='ltr'><strong>τοῦ</strong></span> 
     </span>
    </p>
   </div>
   <div class='ocr_carea' id='block_1_15' title="bbox 314 1360 1901 1441">
    <p class='ocr_par' dir='ltr' id='par_1_15' title="bbox 314 1360 1901 1441">
     <span class='ocr_line' id='line_1_15' title="bbox 314 1360 1901 1441; baseline 0.008 -27"><span class='ocrx_word' id='word_1_77' title='bbox 314 1360 641 1433; x_wconf 86' lang='grc' dir='ltr'>πράγματος</span> <span class='ocrx_word' id='word_1_78' title='bbox 670 1366 990 1437; x_wconf 86' lang='grc' dir='ltr'>ποιούμενος</span> <span class='ocrx_word' id='word_1_79' title='bbox 1040 1369 1141 1440; x_wconf 76' lang='grc' dir='ltr'>τὴν</span> <span class='ocrx_word' id='word_1_80' title='bbox 1180 1370 1451 1437; x_wconf 85' lang='grc' dir='ltr'>ἀπόδειξιν</span> <span class='ocrx_word' id='word_1_81' title='bbox 1486 1373 1575 1426; x_wconf 75' lang='grc' dir='ltr'>διὰ</span> <span class='ocrx_word' id='word_1_82' title='bbox 1605 1373 1700 1426; x_wconf 88' lang='grc' dir='ltr'><strong>τοῦ</strong></span> <span class='ocrx_word' id='word_1_83' title='bbox 1726 1373 1901 1441; x_wconf 85' lang='grc' dir='ltr'>φιλεῖ-</span> 
     </span>
    </p>
   </div>
   <div class='ocr_carea' id='block_1_16' title="bbox 315 1454 1902 1536">
    <p class='ocr_par' dir='ltr' id='par_1_16' title="bbox 315 1454 1902 1536">
     <span class='ocr_line' id='line_1_16' title="bbox 315 1454 1902 1536; baseline 0.008 -31"><span class='ocrx_word' id='word_1_84' title='bbox 315 1454 437 1507; x_wconf 89' lang='grc' dir='ltr'>σθαι</span> <span class='ocrx_word' id='word_1_85' title='bbox 460 1454 646 1522; x_wconf 77' lang='grc' dir='ltr'>λέγειν</span> <span class='ocrx_word' id='word_1_86' title='bbox 674 1459 805 1527; x_wconf 79' lang='grc' dir='ltr'>περὶ</span> <span class='ocrx_word' id='word_1_87' title='bbox 842 1459 935 1513; x_wconf 85' lang='grc' dir='ltr'><strong>τοῦ</strong></span> <span class='ocrx_word' id='word_1_88' title='bbox 963 1461 1103 1516; x_wconf 70' lang='grc' dir='ltr'>ἰδίου</span> <span class='ocrx_word' id='word_1_89' title='bbox 1121 1463 1469 1536; x_wconf 83' lang='grc' dir='ltr'>Γεννήτορος.</span> <span class='ocrx_word' id='word_1_90' title='bbox 1508 1463 1569 1516; x_wconf 85' lang='grc' dir='ltr'>Εἰ</span> <span class='ocrx_word' id='word_1_91' title='bbox 1609 1464 1719 1535; x_wconf 78' lang='grc' dir='ltr'><strong>γάρ</strong></span> <span class='ocrx_word' id='word_1_92' title='bbox 1756 1465 1902 1529; x_wconf 74' lang='grc' dir='ltr'>ὒλως</span> 
     </span>
    </p>
   </div>
   <div class='ocr_carea' id='block_1_17' title="bbox 312 1546 1899 1626">
    <p class='ocr_par' dir='ltr' id='par_1_17' title="bbox 312 1546 1899 1626">
     <span class='ocr_line' id='line_1_17' title="bbox 312 1546 1899 1626; baseline 0.006 -27"><span class='ocrx_word' id='word_1_93' title='bbox 312 1546 459 1614; x_wconf 86' lang='grc' dir='ltr'>φιλεῖ</span> <span class='ocrx_word' id='word_1_94' title='bbox 479 1547 574 1599; x_wconf 86' lang='grc' dir='ltr'><strong>τὸν</strong></span> <span class='ocrx_word' id='word_1_95' title='bbox 602 1548 729 1601; x_wconf 80' lang='grc' dir='ltr'>Υίὸν</span> <span class='ocrx_word' id='word_1_96' title='bbox 758 1551 785 1602; x_wconf 99' lang='lat'><strong>6</strong></span> <span class='ocrx_word' id='word_1_97' title='bbox 807 1550 1016 1623; x_wconf 74' lang='grc' dir='ltr'>Πατὴρ,</span> <span class='ocrx_word' id='word_1_98' title='bbox 1047 1554 1107 1606; x_wconf 81' lang='grc' dir='ltr'><strong>οὐ</strong></span> <span class='ocrx_word' id='word_1_99' title='bbox 1137 1554 1411 1609; x_wconf 87' lang='grc' dir='ltr'>λυποῦντα</span> <span class='ocrx_word' id='word_1_100' title='bbox 1435 1554 1596 1626; x_wconf 77' lang='grc' dir='ltr'>δῆλον</span> <span class='ocrx_word' id='word_1_101' title='bbox 1629 1558 1712 1609; x_wconf 87' lang='grc' dir='ltr'><strong>ὅτι</strong></span> <span class='ocrx_word' id='word_1_102' title='bbox 1732 1556 1899 1625; x_wconf 81' lang='grc' dir='ltr'>φιλεῖ,</span> 
     </span>
    </p>
   </div>
   <div class='ocr_carea' id='block_1_18' title="bbox 312 1639 1903 1718">
    <p class='ocr_par' dir='ltr' id='par_1_18' title="bbox 312 1639 1903 1718">
     <span class='ocr_line' id='line_1_18' title="bbox 312 1639 1903 1718; baseline 0.009 -29"><span class='ocrx_word' id='word_1_103' title='bbox 312 1639 794 1708; x_wconf 82' lang='grc' dir='ltr'>κατευφραίνοντα</span> <span class='ocrx_word' id='word_1_104' title='bbox 819 1640 1089 1711; x_wconf 80' lang='grc' dir='ltr'>δὲμᾶλλον</span> <span class='ocrx_word' id='word_1_105' title='bbox 1133 1647 1218 1714; x_wconf 75' lang='grc' dir='ltr'><strong>ἐφ’</strong></span> <span class='ocrx_word' id='word_1_106' title='bbox 1239 1641 1319 1710; x_wconf 80' lang='grc' dir='ltr'>οἷς</span> <span class='ocrx_word' id='word_1_107' title='bbox 1348 1647 1414 1700; x_wconf 83' lang='grc' dir='ltr'>ἂν</span> <span class='ocrx_word' id='word_1_108' title='bbox 1442 1650 1566 1718; x_wconf 83' lang='grc' dir='ltr'>ποιῇ</span> <span class='ocrx_word' id='word_1_109' title='bbox 1616 1649 1708 1701; x_wconf 71' lang='grc' dir='ltr'><strong>καὶ</strong></span> <span class='ocrx_word' id='word_1_110' title='bbox 1736 1650 1903 1718; x_wconf 81' lang='grc' dir='ltr'>ἐργά-</span> 
     </span>
    </p>
   </div>
   <div class='ocr_carea' id='block_1_19' title="bbox 314 1724 1901 1803">
    <p class='ocr_par' dir='ltr' id='par_1_19' title="bbox 314 1724 1901 1803">
     <span class='ocr_line' id='line_1_19' title="bbox 314 1724 1901 1803; baseline 0.009 -26"><span class='ocrx_word' id='word_1_111' title='bbox 314 1724 498 1797; x_wconf 77' lang='grc' dir='ltr'>ζηται.</span> <span class='ocrx_word' id='word_1_112' title='bbox 537 1729 734 1799; x_wconf 83' lang='grc' dir='ltr'>Μάτην</span> <span class='ocrx_word' id='word_1_113' title='bbox 759 1727 853 1783; x_wconf 79' lang='grc' dir='ltr'><strong>οὖν</strong></span> <span class='ocrx_word' id='word_1_114' title='bbox 892 1731 1001 1803; x_wconf 64' lang='grc' dir='ltr'>ἄρα.</span> <span class='ocrx_word' id='word_1_115' title='bbox 1056 1732 1313 1788; x_wconf 88' lang='grc' dir='ltr'>διώκουσι</span> <span class='ocrx_word' id='word_1_116' title='bbox 1337 1736 1428 1788; x_wconf 87' lang='grc' dir='ltr'><strong>τὸν</strong></span> <span class='ocrx_word' id='word_1_117' title='bbox 1456 1737 1623 1790; x_wconf 78' lang='grc' dir='ltr'>ἐλεεῖν</span> <span class='ocrx_word' id='word_1_118' title='bbox 1661 1740 1719 1793; x_wconf 83' lang='grc' dir='ltr'>ὲν</span> <span class='ocrx_word' id='word_1_119' title='bbox 1764 1738 1901 1791; x_wconf 78' lang='grc' dir='ltr'><strong>Σαϐ-</strong></span> 
     </span>
    </p>
   </div>
   <div class='ocr_carea' id='block_1_20' title="bbox 2001 540 3581 615">
    <p class='ocr_par' dir='ltr' id='par_1_20' title="bbox 2001 540 3581 615">
     <span class='ocr_line' id='line_1_20' title="bbox 2001 540 3581 615; baseline -0.003 -17"><span class='ocrx_word' id='word_1_120' title='bbox 2001 543 2259 615; x_wconf 84' lang='lat' dir='ltr'><strong>quiddam</strong></span> <span class='ocrx_word' id='word_1_121' title='bbox 2298 543 2529 597; x_wconf 89' lang='lat' dir='ltr'><strong>seorsim</strong></span> <span class='ocrx_word' id='word_1_122' title='bbox 2557 557 2618 595; x_wconf 82' lang='lat' dir='ltr'><strong>ac</strong></span> <span class='ocrx_word' id='word_1_123' title='bbox 2649 555 2743 610; x_wconf 90' lang='lat' dir='ltr'><strong>per</strong></span> <span class='ocrx_word' id='word_1_124' title='bbox 2768 555 2846 601; x_wconf 88' lang='lat' dir='ltr'><strong>se,</strong></span> <span class='ocrx_word' id='word_1_125' title='bbox 2881 548 2974 593; x_wconf 88' lang='lat' dir='ltr'><strong>aut</strong></span> <span class='ocrx_word' id='word_1_126' title='bbox 2998 540 3160 593; x_wconf 87' lang='lat' dir='ltr'><strong>etiam</strong></span> <span class='ocrx_word' id='word_1_127' title='bbox 3188 541 3581 609; x_wconf 85' lang='lat' dir='ltr'><strong>quonamipse,</strong></span> 
     </span>
    </p>
   </div>
   <div class='ocr_carea' id='block_1_21' title="bbox 2001 631 3577 707">
    <p class='ocr_par' dir='ltr' id='par_1_21' title="bbox 2001 631 3577 707">
     <span class='ocr_line' id='line_1_21' title="bbox 2001 631 3577 707; baseline -0.004 -16"><span class='ocrx_word' id='word_1_128' title='bbox 2001 635 2300 707; x_wconf 80' lang='lat' dir='ltr'><strong>paralytico</strong></span> <span class='ocrx_word' id='word_1_129' title='bbox 2349 634 2507 704; x_wconf 89' lang='lat' dir='ltr'><strong>prius</strong></span> <span class='ocrx_word' id='word_1_130' title='bbox 2568 641 2783 697; x_wconf 87' lang='lat' dir='ltr'><strong>sanato,</strong></span> <span class='ocrx_word' id='word_1_131' title='bbox 2816 631 2961 687; x_wconf 92' lang='lat' dir='ltr'><strong>istud</strong></span> <span class='ocrx_word' id='word_1_132' title='bbox 2989 632 3133 686; x_wconf 83' lang='lat' dir='ltr'><strong>velut</strong></span> <span class='ocrx_word' id='word_1_133' title='bbox 3157 633 3212 688; x_wconf 88' lang='lat' dir='ltr'><strong>in</strong></span> <span class='ocrx_word' id='word_1_134' title='bbox 3247 641 3377 703; x_wconf 81' lang='lat' dir='ltr'><strong>typo</strong></span> <span class='ocrx_word' id='word_1_135' title='bbox 3406 632 3577 689; x_wconf 82' lang='lat' dir='ltr'><strong>Geni-</strong></span> 
     </span>
    </p>
   </div>
   <div class='ocr_carea' id='block_1_22' title="bbox 2002 724 2448 783">
    <p class='ocr_par' dir='ltr' id='par_1_22' title="bbox 2002 724 2448 783">
     <span class='ocr_line' id='line_1_22' title="bbox 2002 724 2448 783; baseline -0.007 -3"><span class='ocrx_word' id='word_1_136' title='bbox 2002 726 2134 780; x_wconf 89' lang='lat' dir='ltr'><strong>mini</strong></span> <span class='ocrx_word' id='word_1_137' title='bbox 2173 724 2448 783; x_wconf 83' lang='lat' dir='ltr'><strong>tribuerit.</strong></span> 
     </span>
    </p>
   </div>
   <div class='ocr_carea' id='block_1_23' title="bbox 2079 1007 3096 1081">
    <p class='ocr_par' dir='ltr' id='par_1_23' title="bbox 2079 1007 3096 1081">
     <span class='ocr_line' id='line_1_23' title="bbox 2079 1007 3096 1081; baseline -0.004 -16"><span class='ocrx_word' id='word_1_138' title='bbox 2079 1013 2142 1077; x_wconf 86' lang='lat' dir='ltr'><strong>V,</strong></span> <span class='ocrx_word' id='word_1_139' title='bbox 2183 1013 2273 1068; x_wconf 75' lang='lat'><strong>20.</strong></span> <span class='ocrx_word' id='word_1_140' title='bbox 2309 1010 2472 1067; x_wconf 80' lang='lat' dir='ltr'><strong>Pater</strong></span> <span class='ocrx_word' id='word_1_141' title='bbox 2501 1013 2639 1066; x_wconf 81' lang='lat' dir='ltr'><strong>enim</strong></span> <span class='ocrx_word' id='word_1_142' title='bbox 2657 1009 2831 1081; x_wconf 82' lang='lat' dir='ltr'><strong>diligit</strong></span> <span class='ocrx_word' id='word_1_143' title='bbox 2878 1007 3096 1062; x_wconf 82' lang='lat' dir='ltr'><strong>Filium.</strong></span> 
     </span>
    </p>
   </div>
   <div class='ocr_carea' id='block_1_24' title="bbox 2078 1099 3582 1173">
    <p class='ocr_par' dir='ltr' id='par_1_24' title="bbox 2078 1099 3582 1173">
     <span class='ocr_line' id='line_1_24' title="bbox 2078 1099 3582 1173; baseline -0.005 -14"><span class='ocrx_word' id='word_1_144' title='bbox 2078 1104 2232 1160; x_wconf 74' lang='lat' dir='ltr'><strong>Vana</strong></span> <span class='ocrx_word' id='word_1_145' title='bbox 2296 1105 2377 1160; x_wconf 89' lang='lat' dir='ltr'><strong>ira</strong></span> <span class='ocrx_word' id='word_1_146' title='bbox 2425 1106 2593 1173; x_wconf 83' lang='lat' dir='ltr'><strong>stulte</strong></span> <span class='ocrx_word' id='word_1_147' title='bbox 2636 1102 2891 1159; x_wconf 77' lang='lat' dir='ltr'><strong>eﬂ&#39;cr—atos</strong></span> <span class='ocrx_word' id='word_1_148' title='bbox 2917 1117 3013 1157; x_wconf 88' lang='lat' dir='ltr'><strong>eos</strong></span> <span class='ocrx_word' id='word_1_149' title='bbox 3059 1116 3088 1154; x_wconf 94' lang='lat' dir='ltr'><strong>a</strong></span> <span class='ocrx_word' id='word_1_150' title='bbox 3118 1099 3321 1171; x_wconf 86' lang='lat' dir='ltr'><strong>quibus</strong></span> <span class='ocrx_word' id='word_1_151' title='bbox 3358 1107 3582 1169; x_wconf 81' lang='lat' dir='ltr'><strong>propter</strong></span> 
     </span>
    </p>
   </div>
   <div class='ocr_carea' id='block_1_25' title="bbox 2005 1194 3583 1271">
    <p class='ocr_par' dir='ltr' id='par_1_25' title="bbox 2005 1194 3583 1271">
     <span class='ocr_line' id='line_1_25' title="bbox 2005 1194 3583 1271; baseline -0.006 -13"><span class='ocrx_word' id='word_1_152' title='bbox 2005 1202 2308 1258; x_wconf 89' lang='lat' dir='ltr'><strong>Sabbatum</strong></span> <span class='ocrx_word' id='word_1_153' title='bbox 2339 1210 2545 1258; x_wconf 83' lang='lat' dir='ltr'><strong>temere</strong></span> <span class='ocrx_word' id='word_1_154' title='bbox 2564 1209 2617 1255; x_wconf 91' lang='lat' dir='ltr'><strong>et</strong></span> <span class='ocrx_word' id='word_1_155' title='bbox 2643 1200 2808 1271; x_wconf 85' lang='lat' dir='ltr'><strong>impie</strong></span> <span class='ocrx_word' id='word_1_156' title='bbox 2833 1198 3126 1254; x_wconf 83' lang='lat' dir='ltr'><strong>lacessitus</strong></span> <span class='ocrx_word' id='word_1_157' title='bbox 3178 1203 3295 1251; x_wconf 88' lang='lat' dir='ltr'><strong>erat</strong></span> <span class='ocrx_word' id='word_1_158' title='bbox 3326 1194 3583 1249; x_wconf 83' lang='lat' dir='ltr'><strong>Christus</strong></span> 
     </span>
    </p>
   </div>
   <div class='ocr_carea' id='block_1_26' title="bbox 2003 1276 3582 1366">
    <p class='ocr_par' dir='ltr' id='par_1_26' title="bbox 2003 1276 3582 1366">
     <span class='ocr_line' id='line_1_26' title="bbox 2003 1276 3582 1366; baseline -0.013 -11"><span class='ocrx_word' id='word_1_159' title='bbox 2003 1296 2264 1361; x_wconf 85' lang='lat' dir='ltr'><strong>ostendit,</strong></span> <span class='ocrx_word' id='word_1_160' title='bbox 2292 1295 2456 1366; x_wconf 83' lang='lat' dir='ltr'><strong>idque</strong></span> <span class='ocrx_word' id='word_1_161' title='bbox 2480 1280 2807 1358; x_wconf 84' lang='lat' dir='ltr'><strong>clarissime,</strong></span> <span class='ocrx_word' id='word_1_162' title='bbox 2841 1282 2981 1346; x_wconf 80' lang='lat' dir='ltr'><strong>cum</strong></span> <span class='ocrx_word' id='word_1_163' title='bbox 3002 1276 3098 1353; x_wconf 81' lang='lat' dir='ltr'><strong>ait,</strong></span> <span class='ocrx_word' id='word_1_164' title='bbox 3131 1304 3191 1344; x_wconf 93' lang='lat' dir='ltr'><strong>se</strong></span> <span class='ocrx_word' id='word_1_165' title='bbox 3218 1287 3367 1357; x_wconf 70' lang='lat' dir='ltr'><strong>diligi</strong></span> <span class='ocrx_word' id='word_1_166' title='bbox 3419 1286 3582 1356; x_wconf 75' lang='lat'><strong>222</strong></span> 
     </span>
    </p>
   </div>
   <div class='ocr_carea' id='block_1_27' title="bbox 2006 1374 3584 1451">
    <p class='ocr_par' dir='ltr' id='par_1_27' title="bbox 2006 1374 3584 1451">
     <span class='ocr_line' id='line_1_27' title="bbox 2006 1374 3584 1451; baseline -0.009 -11"><span class='ocrx_word' id='word_1_167' title='bbox 2006 1402 2035 1440; x_wconf 91' lang='lat' dir='ltr'><strong>a</strong></span> <span class='ocrx_word' id='word_1_168' title='bbox 2063 1385 2248 1441; x_wconf 83' lang='lat' dir='ltr'><strong>Patre.</strong></span> <span class='ocrx_word' id='word_1_169' title='bbox 2276 1384 2411 1439; x_wconf 88' lang='lat' dir='ltr'><strong>Nam</strong></span> <span class='ocrx_word' id='word_1_170' title='bbox 2444 1384 2488 1438; x_wconf 93' lang='lat' dir='ltr'><strong>si</strong></span> <span class='ocrx_word' id='word_1_171' title='bbox 2518 1382 2678 1438; x_wconf 86' lang='lat' dir='ltr'><strong>Pater</strong></span> <span class='ocrx_word' id='word_1_172' title='bbox 2706 1380 2883 1451; x_wconf 78' lang='lat' dir='ltr'><strong>diligit</strong></span> <span class='ocrx_word' id='word_1_173' title='bbox 2897 1377 3117 1440; x_wconf 83' lang='lat' dir='ltr'><strong>Filium,</strong></span> <span class='ocrx_word' id='word_1_174' title='bbox 3160 1374 3352 1443; x_wconf 88' lang='lat' dir='ltr'><strong>utique</strong></span> <span class='ocrx_word' id='word_1_175' title='bbox 3384 1388 3493 1428; x_wconf 92' lang='lat' dir='ltr'><strong>non</strong></span> <span class='ocrx_word' id='word_1_176' title='bbox 3523 1387 3584 1427; x_wconf 87' lang='lat' dir='ltr'><strong>se</strong></span> 
     </span>
    </p>
   </div>
   <div class='ocr_carea' id='block_1_28' title="bbox 2007 1466 3586 1546">
    <p class='ocr_par' dir='ltr' id='par_1_28' title="bbox 2007 1466 3586 1546">
     <span class='ocr_line' id='line_1_28' title="bbox 2007 1466 3586 1546; baseline -0.008 -14"><span class='ocrx_word' id='word_1_177' title='bbox 2007 1477 2426 1532; x_wconf 81' lang='lat' dir='ltr'><strong>contristanth</strong></span> <span class='ocrx_word' id='word_1_178' title='bbox 2443 1475 2640 1546; x_wconf 76' lang='lat' dir='ltr'><strong>diligit,</strong></span> <span class='ocrx_word' id='word_1_179' title='bbox 2678 1472 2773 1528; x_wconf 84' lang='lat' dir='ltr'><strong>sed</strong></span> <span class='ocrx_word' id='word_1_180' title='bbox 2805 1470 3201 1527; x_wconf 79' lang='lat' dir='ltr'><strong>exhilarantem</strong></span> <span class='ocrx_word' id='word_1_181' title='bbox 3222 1466 3428 1537; x_wconf 86' lang='lat' dir='ltr'><strong>potius,</strong></span> <span class='ocrx_word' id='word_1_182' title='bbox 3460 1481 3586 1535; x_wconf 88' lang='lat' dir='ltr'><strong>pro-</strong></span> 
     </span>
    </p>
   </div>
   <div class='ocr_carea' id='block_1_29' title="bbox 2005 1557 3589 1653">
    <p class='ocr_par' dir='ltr' id='par_1_29' title="bbox 2005 1557 3589 1653">
     <span class='ocr_line' id='line_1_29' title="bbox 2005 1557 3589 1653; baseline -0.008 -34"><span class='ocrx_word' id='word_1_183' title='bbox 2005 1572 2124 1635; x_wconf 83' lang='lat' dir='ltr'><strong>pter</strong></span> <span class='ocrx_word' id='word_1_184' title='bbox 2146 1581 2209 1621; x_wconf 90' lang='lat' dir='ltr'><strong>ea</strong></span> <span class='ocrx_word' id='word_1_185' title='bbox 2236 1580 2359 1653; x_wconf 67' lang='lat' dir='ltr'><strong>quae</strong></span> <span class='ocrx_word' id='word_1_186' title='bbox 2398 1563 2530 1619; x_wconf 77' lang='lat' dir='ltr'><strong>facit</strong></span> <span class='ocrx_word' id='word_1_187' title='bbox 2556 1572 2611 1619; x_wconf 86' lang='lat' dir='ltr'><strong>et</strong></span> <span class='ocrx_word' id='word_1_188' title='bbox 2647 1569 2923 1633; x_wconf 78' lang='lat' dir='ltr'><strong>operatur.</strong></span> <span class='ocrx_word' id='word_1_189' title='bbox 2969 1557 3197 1613; x_wconf 88' lang='lat' dir='ltr'><strong>Frustra</strong></span> <span class='ocrx_word' id='word_1_190' title='bbox 3238 1557 3420 1627; x_wconf 81' lang='lat' dir='ltr'><strong>itaque</strong></span> <span class='ocrx_word' id='word_1_191' title='bbox 3464 1570 3589 1625; x_wconf 86' lang='lat' dir='ltr'><strong>per-</strong></span> 
     </span>
    </p>
   </div>
   <div class='ocr_carea' id='block_1_30' title="bbox 2007 1649 3588 1727">
    <p class='ocr_par' dir='ltr' id='par_1_30' title="bbox 2007 1649 3588 1727">
     <span class='ocr_line' id='line_1_30' title="bbox 2007 1649 3588 1727; baseline -0.008 -14"><span class='ocrx_word' id='word_1_192' title='bbox 2007 1649 2311 1727; x_wconf 81' lang='lat' dir='ltr'><strong>sequuntur</strong></span> <span class='ocrx_word' id='word_1_193' title='bbox 2341 1672 2487 1722; x_wconf 90' lang='lat' dir='ltr'><strong>eum,</strong></span> <span class='ocrx_word' id='word_1_194' title='bbox 2519 1653 2667 1725; x_wconf 87' lang='lat' dir='ltr'><strong>quod</strong></span> <span class='ocrx_word' id='word_1_195' title='bbox 2707 1654 2762 1708; x_wconf 91' lang='lat' dir='ltr'><strong>in</strong></span> <span class='ocrx_word' id='word_1_196' title='bbox 2809 1652 3052 1707; x_wconf 88' lang='lat' dir='ltr'><strong>Sabbato</strong></span> <span class='ocrx_word' id='word_1_197' title='bbox 3084 1649 3334 1705; x_wconf 88' lang='lat' dir='ltr'><strong>misereri</strong></span> <span class='ocrx_word' id='word_1_198' title='bbox 3371 1662 3478 1702; x_wconf 92' lang='lat' dir='ltr'><strong>non</strong></span> <span class='ocrx_word' id='word_1_199' title='bbox 3499 1661 3588 1701; x_wconf 88' lang='lat' dir='ltr'><strong>re-</strong></span> 
     </span>
    </p>
   </div>
   <div class='ocr_carea' id='block_1_31' title="bbox 2006 1739 3586 1815">
    <p class='ocr_par' dir='ltr' id='par_1_31' title="bbox 2006 1739 3586 1815">
     <span class='ocr_line' id='line_1_31' title="bbox 2006 1739 3586 1815; baseline -0.006 -12"><span class='ocrx_word' id='word_1_200' title='bbox 2006 1757 2181 1815; x_wconf 87' lang='lat' dir='ltr'><strong>cuset,</strong></span> <span class='ocrx_word' id='word_1_201' title='bbox 2217 1757 2272 1805; x_wconf 90' lang='lat' dir='ltr'><strong>et</strong></span> <span class='ocrx_word' id='word_1_202' title='bbox 2301 1748 2395 1804; x_wconf 91' lang='lat' dir='ltr'><strong>Dei</strong></span> <span class='ocrx_word' id='word_1_203' title='bbox 2427 1762 2491 1803; x_wconf 92' lang='lat' dir='ltr'><strong>ac</strong></span> <span class='ocrx_word' id='word_1_204' title='bbox 2529 1740 2713 1801; x_wconf 85' lang='lat' dir='ltr'><strong>Patris</strong></span> <span class='ocrx_word' id='word_1_205' title='bbox 2765 1745 2984 1815; x_wconf 86' lang='lat' dir='ltr'><strong>placitis</strong></span> <span class='ocrx_word' id='word_1_206' title='bbox 3028 1755 3335 1813; x_wconf 82' lang='lat' dir='ltr'><strong>repugnare</strong></span> <span class='ocrx_word' id='word_1_207' title='bbox 3375 1739 3586 1793; x_wconf 83' lang='lat' dir='ltr'><strong>idcirco</strong></span> 
     </span>
    </p>
   </div>
   <div class='ocr_carea' id='block_1_32' title="bbox 315 1799 1899 1907">
    <p class='ocr_par' dir='ltr' id='par_1_32' title="bbox 315 1799 1895 1893">
     <span class='ocr_line' id='line_1_32' title="bbox 315 1799 1895 1893; baseline 0.009 -24"><span class='ocrx_word' id='word_1_208' title='bbox 315 1816 469 1889; x_wconf 78' lang='grc' dir='ltr'>ϐάτῳ</span> <span class='ocrx_word' id='word_1_209' title='bbox 497 1818 572 1890; x_wconf 74' lang='grc' dir='ltr'><strong>μὴ</strong></span> <span class='ocrx_word' id='word_1_210' title='bbox 602 1799 1060 1893; x_wconf 81' lang='grc' dir='ltr'>παραιτούμενον,</span> <span class='ocrx_word' id='word_1_211' title='bbox 1086 1825 1181 1879; x_wconf 75' lang='grc' dir='ltr'>καὶ</span> <span class='ocrx_word' id='word_1_212' title='bbox 1206 1830 1324 1890; x_wconf 86' lang='grc' dir='ltr'>ταῖς</span> <span class='ocrx_word' id='word_1_213' title='bbox 1348 1826 1439 1880; x_wconf 89' lang='grc' dir='ltr'><strong>τοῦ</strong></span> <span class='ocrx_word' id='word_1_214' title='bbox 1472 1827 1607 1881; x_wconf 84' lang='grc' dir='ltr'>Θεοῦ</span> <span class='ocrx_word' id='word_1_215' title='bbox 1659 1830 1753 1883; x_wconf 72' lang='grc' dir='ltr'><strong>καὶ</strong></span> <span class='ocrx_word' id='word_1_216' title='bbox 1781 1831 1895 1884; x_wconf 83' lang='grc' dir='ltr'><strong>Πα-</strong></span> 
     </span>
    </p>
   </div>
   <div class='ocr_carea' id='block_1_33' title="bbox 2004 1799 3586 1907">
    <p class='ocr_par' dir='ltr' id='par_1_33' title="bbox 2004 1799 3586 1907">
     <span class='ocr_line' id='line_1_33' title="bbox 2004 1799 3586 1907; baseline -0.007 -17"><span class='ocrx_word' id='word_1_217' title='bbox 2004 1799 2501 1907; x_wconf 72' lang='lat' dir='ltr'><strong>deprebenduntur.</strong></span> <span class='ocrx_word' id='word_1_218' title='bbox 2545 1799 2877 1889; x_wconf 59' lang='lat' dir='ltr'><strong>Existimant</strong></span> <span class='ocrx_word' id='word_1_219' title='bbox 2906 1831 3051 1885; x_wconf 90' lang='lat' dir='ltr'><strong>enim</strong></span> <span class='ocrx_word' id='word_1_220' title='bbox 3092 1799 3225 1883; x_wconf 70' lang='lat' dir='ltr'><strong>odio</strong></span> <span class='ocrx_word' id='word_1_221' title='bbox 3271 1827 3586 1883; x_wconf 86' lang='lat' dir='ltr'><strong>habendum</strong></span> 
     </span>
    </p>
   </div>
   <div class='ocr_carea' id='block_1_34' title="bbox 317 1909 1897 1984">
    <p class='ocr_par' dir='ltr' id='par_1_34' title="bbox 317 1909 1897 1984">
     <span class='ocr_line' id='line_1_34' title="bbox 317 1909 1897 1984; baseline 0.009 -25"><span class='ocrx_word' id='word_1_222' title='bbox 317 1925 347 1959; x_wconf 84' lang='grc' dir='ltr'><strong>τ</strong></span> <span class='ocrx_word' id='word_1_223' title='bbox 357 1909 449 1979; x_wconf 85' lang='grc' dir='ltr'><strong>ρὸς</strong></span> <span class='ocrx_word' id='word_1_224' title='bbox 473 1910 860 1975; x_wconf 86' lang='grc' dir='ltr'>ἀντιτείνοντες</span> <span class='ocrx_word' id='word_1_225' title='bbox 892 1912 1094 1984; x_wconf 80' lang='grc' dir='ltr'>ψήφοις</span> <span class='ocrx_word' id='word_1_226' title='bbox 1121 1915 1211 1970; x_wconf 87' lang='grc' dir='ltr'><strong>διά</strong></span> <span class='ocrx_word' id='word_1_227' title='bbox 1248 1916 1434 1970; x_wconf 78' lang='grc' dir='ltr'>τούτου</span> <span class='ocrx_word' id='word_1_228' title='bbox 1462 1918 1623 1972; x_wconf 88' lang='grc' dir='ltr'>πάλιν</span> <span class='ocrx_word' id='word_1_229' title='bbox 1649 1920 1897 1974; x_wconf 67' lang='grc' dir='ltr'>ἁλίσκονς</span> 
     </span>
    </p>
   </div>
   <div class='ocr_carea' id='block_1_35' title="bbox 321 2002 1899 2083">
    <p class='ocr_par' dir='ltr' id='par_1_35' title="bbox 321 2002 1899 2083">
     <span class='ocr_line' id='line_1_35' title="bbox 321 2002 1899 2083; baseline 0.009 -31"><span class='ocrx_word' id='word_1_230' title='bbox 321 2016 434 2052; x_wconf 91' lang='grc' dir='ltr'>ται.</span> <span class='ocrx_word' id='word_1_231' title='bbox 461 2002 675 2072; x_wconf 83' lang='grc' dir='ltr'>Χρῆναι</span> <span class='ocrx_word' id='word_1_232' title='bbox 721 2003 827 2075; x_wconf 73' lang='grc' dir='ltr'>γὰρ</span> <span class='ocrx_word' id='word_1_233' title='bbox 869 2004 1067 2059; x_wconf 73' lang='grc' dir='ltr'>οἴονται</span> <span class='ocrx_word' id='word_1_234' title='bbox 1123 2010 1321 2078; x_wconf 78' lang='grc' dir='ltr'>μισεῖν,</span> <span class='ocrx_word' id='word_1_235' title='bbox 1389 2009 1448 2064; x_wconf 84' lang='grc' dir='ltr'>ὃν</span> <span class='ocrx_word' id='word_1_236' title='bbox 1487 2010 1649 2074; x_wconf 82' lang='grc' dir='ltr'>αὐτὸς</span> <span class='ocrx_word' id='word_1_237' title='bbox 1690 2012 1899 2083; x_wconf 81' lang='grc' dir='ltr'>ἀγαπᾷ,</span> 
     </span>
    </p>
   </div>
   <div class='ocr_carea' id='block_1_36' title="bbox 321 2090 1899 2177">
    <p class='ocr_par' dir='ltr' id='par_1_36' title="bbox 321 2090 1899 2177">
     <span class='ocr_line' id='line_1_36' title="bbox 321 2090 1899 2177; baseline 0.011 -35"><span class='ocrx_word' id='word_1_238' title='bbox 321 2090 478 2160; x_wconf 79' lang='grc' dir='ltr'>δῆλον</span> <span class='ocrx_word' id='word_1_239' title='bbox 520 2092 575 2144; x_wconf 85' lang='grc' dir='ltr'>δὲ</span> <span class='ocrx_word' id='word_1_240' title='bbox 622 2093 793 2165; x_wconf 76' lang='grc' dir='ltr'>δήπου</span> <span class='ocrx_word' id='word_1_241' title='bbox 833 2097 1050 2161; x_wconf 84' lang='grc' dir='ltr'>πάντως</span> <span class='ocrx_word' id='word_1_242' title='bbox 1100 2100 1269 2164; x_wconf 79' lang='grc' dir='ltr'>ἐστὶν,</span> <span class='ocrx_word' id='word_1_243' title='bbox 1300 2099 1377 2163; x_wconf 82' lang='grc' dir='ltr'><strong>ὡς</strong></span> <span class='ocrx_word' id='word_1_244' title='bbox 1400 2100 1500 2154; x_wconf 83' lang='grc' dir='ltr'><strong>οὐκ</strong></span> <span class='ocrx_word' id='word_1_245' title='bbox 1540 2101 1606 2156; x_wconf 80' lang='grc' dir='ltr'>ἂν</span> <span class='ocrx_word' id='word_1_246' title='bbox 1645 2103 1899 2177; x_wconf 76' lang='grc' dir='ltr'>ἠγάπησέ</span> 
     </span>
    </p>
   </div>
   <div class='ocr_carea' id='block_1_37' title="bbox 319 2183 1897 2266">
    <p class='ocr_par' dir='ltr' id='par_1_37' title="bbox 319 2183 1897 2266">
     <span class='ocr_line' id='line_1_37' title="bbox 319 2183 1897 2266; baseline 0.011 -33"><span class='ocrx_word' id='word_1_247' title='bbox 319 2196 452 2234; x_wconf 85' lang='grc' dir='ltr'>ποτε</span> <span class='ocrx_word' id='word_1_248' title='bbox 481 2183 580 2255; x_wconf 85' lang='grc' dir='ltr'><strong>τὴν</strong></span> <span class='ocrx_word' id='word_1_249' title='bbox 620 2186 711 2239; x_wconf 83' lang='grc' dir='ltr'><strong>τοῦ</strong></span> <span class='ocrx_word' id='word_1_250' title='bbox 737 2188 985 2253; x_wconf 82' lang='grc' dir='ltr'>τεκόντος</span> <span class='ocrx_word' id='word_1_251' title='bbox 1006 2190 1167 2243; x_wconf 77' lang='grc' dir='ltr'>αὐτὸν</span> <span class='ocrx_word' id='word_1_252' title='bbox 1191 2195 1602 2263; x_wconf 79' lang='grc' dir='ltr'>παρατρέχοντα</span> <span class='ocrx_word' id='word_1_253' title='bbox 1624 2193 1897 2266; x_wconf 81' lang='grc' dir='ltr'>βούλησιν,</span> 
     </span>
    </p>
   </div>
   <div class='ocr_carea' id='block_1_38' title="bbox 321 2274 1900 2357">
    <p class='ocr_par' dir='ltr' id='par_1_38' title="bbox 321 2274 1900 2357">
     <span class='ocr_line' id='line_1_38' title="bbox 321 2274 1900 2357; baseline 0.009 -30"><span class='ocrx_word' id='word_1_254' title='bbox 321 2275 416 2327; x_wconf 74' lang='grc' dir='ltr'><strong>καὶ</strong></span> <span class='ocrx_word' id='word_1_255' title='bbox 449 2274 555 2347; x_wconf 68' lang='grc' dir='ltr'>ἰδίᾳ</span> <span class='ocrx_word' id='word_1_256' title='bbox 608 2278 701 2329; x_wconf 77' lang='grc' dir='ltr'><strong>καὶ</strong></span> <span class='ocrx_word' id='word_1_257' title='bbox 745 2278 906 2349; x_wconf 89' lang='grc' dir='ltr'>μόνον</span> <span class='ocrx_word' id='word_1_258' title='bbox 940 2281 1076 2351; x_wconf 84' lang='grc' dir='ltr'>ὅπερ</span> <span class='ocrx_word' id='word_1_259' title='bbox 1127 2280 1195 2335; x_wconf 79' lang='grc' dir='ltr'>ἂν</span> <span class='ocrx_word' id='word_1_260' title='bbox 1242 2282 1405 2346; x_wconf 77' lang='grc' dir='ltr'>αὐτὸς</span> <span class='ocrx_word' id='word_1_261' title='bbox 1441 2282 1696 2357; x_wconf 79' lang='grc' dir='ltr'>ἐθελήσαι</span> <span class='ocrx_word' id='word_1_262' title='bbox 1727 2291 1900 2342; x_wconf 85' lang='grc' dir='ltr'>ποιεῖν</span> 
     </span>
    </p>
   </div>
   <div class='ocr_carea' id='block_1_39' title="bbox 319 2364 1904 2448">
    <p class='ocr_par' dir='ltr' id='par_1_39' title="bbox 319 2364 1904 2448">
     <span class='ocr_line' id='line_1_39' title="bbox 319 2364 1904 2448; baseline 0.01 -33"><span class='ocrx_word' id='word_1_263' title='bbox 319 2364 644 2436; x_wconf 75' lang='grc' dir='ltr'>εἰθισμένον.</span> <span class='ocrx_word' id='word_1_264' title='bbox 694 2369 907 2441; x_wconf 80' lang='grc' dir='ltr'>Ἐπειδὴ</span> <span class='ocrx_word' id='word_1_265' title='bbox 937 2370 992 2423; x_wconf 86' lang='grc' dir='ltr'>δὲ</span> <span class='ocrx_word' id='word_1_266' title='bbox 1024 2371 1262 2435; x_wconf 80' lang='grc' dir='ltr'>δικαίως·</span> <span class='ocrx_word' id='word_1_267' title='bbox 1292 2372 1501 2443; x_wconf 73' lang='grc' dir='ltr'>ἀγαπᾷ,</span> <span class='ocrx_word' id='word_1_268' title='bbox 1536 2379 1773 2430; x_wconf 84' lang='grc' dir='ltr'>συναινεῖ</span> <span class='ocrx_word' id='word_1_269' title='bbox 1810 2377 1904 2448; x_wconf 86' lang='grc' dir='ltr'>δη-</span> 
     </span>
    </p>
   </div>
   <div class='ocr_carea' id='block_1_40' title="bbox 2004 1918 3588 1998">
    <p class='ocr_par' dir='ltr' id='par_1_40' title="bbox 2004 1918 3588 1998">
     <span class='ocr_line' id='line_1_40' title="bbox 2004 1918 3588 1998; baseline -0.006 -16"><span class='ocrx_word' id='word_1_270' title='bbox 2004 1942 2165 1996; x_wconf 88' lang='lat' dir='ltr'><strong>quem</strong></span> <span class='ocrx_word' id='word_1_271' title='bbox 2202 1928 2320 1998; x_wconf 87' lang='lat' dir='ltr'><strong>ipse</strong></span> <span class='ocrx_word' id='word_1_272' title='bbox 2352 1925 2560 1997; x_wconf 78' lang='lat' dir='ltr'><strong>diligit;</strong></span> <span class='ocrx_word' id='word_1_273' title='bbox 2599 1923 2950 1980; x_wconf 81' lang='lat' dir='ltr'><strong>manifestum</strong></span> <span class='ocrx_word' id='word_1_274' title='bbox 2974 1929 3056 1977; x_wconf 89' lang='lat' dir='ltr'><strong>est</strong></span> <span class='ocrx_word' id='word_1_275' title='bbox 3083 1933 3264 1975; x_wconf 88' lang='lat' dir='ltr'><strong>autem</strong></span> <span class='ocrx_word' id='word_1_276' title='bbox 3303 1918 3448 1990; x_wconf 92' lang='lat' dir='ltr'><strong>quod</strong></span> <span class='ocrx_word' id='word_1_277' title='bbox 3474 1933 3588 1973; x_wconf 89' lang='lat' dir='ltr'><strong>non</strong></span> 
     </span>
    </p>
   </div>
   <div class='ocr_carea' id='block_1_41' title="bbox 2004 2016 3588 2084">
    <p class='ocr_par' dir='ltr' id='par_1_41' title="bbox 2004 2016 3588 2084">
     <span class='ocr_line' id='line_1_41' title="bbox 2004 2016 3588 2084; baseline -0.006 -8"><span class='ocrx_word' id='word_1_278' title='bbox 2004 2020 2290 2076; x_wconf 82' lang='lat' dir='ltr'><strong>dilexisset</strong></span> <span class='ocrx_word' id='word_1_279' title='bbox 2347 2035 2494 2084; x_wconf 89' lang='lat' dir='ltr'><strong>eum,</strong></span> <span class='ocrx_word' id='word_1_280' title='bbox 2552 2016 2731 2073; x_wconf 86' lang='lat' dir='ltr'><strong>Patris</strong></span> <span class='ocrx_word' id='word_1_281' title='bbox 2764 2017 2848 2072; x_wconf 90' lang='lat' dir='ltr'><strong>sui</strong></span> <span class='ocrx_word' id='word_1_282' title='bbox 2894 2016 3228 2070; x_wconf 89' lang='lat' dir='ltr'><strong>voluntatem</strong></span> <span class='ocrx_word' id='word_1_283' title='bbox 3266 2022 3588 2083; x_wconf 73' lang='lat' dir='ltr'><strong>praetergre-</strong></span> 
     </span>
    </p>
   </div>
   <div class='ocr_carea' id='block_1_42' title="bbox 2004 2104 3584 2179">
    <p class='ocr_par' dir='ltr' id='par_1_42' title="bbox 2004 2104 3584 2179">
     <span class='ocr_line' id='line_1_42' title="bbox 2004 2104 3584 2179; baseline -0.003 -15"><span class='ocrx_word' id='word_1_284' title='bbox 2004 2112 2268 2175; x_wconf 85' lang='lat' dir='ltr'><strong>dientem,</strong></span> <span class='ocrx_word' id='word_1_285' title='bbox 2302 2118 2356 2166; x_wconf 89' lang='lat' dir='ltr'><strong>et</strong></span> <span class='ocrx_word' id='word_1_286' title='bbox 2385 2111 2614 2167; x_wconf 88' lang='lat' dir='ltr'><strong>scorsim</strong></span> <span class='ocrx_word' id='word_1_287' title='bbox 2631 2107 2776 2179; x_wconf 89' lang='lat' dir='ltr'><strong>quod</strong></span> <span class='ocrx_word' id='word_1_288' title='bbox 2799 2107 2900 2162; x_wconf 84' lang='lat' dir='ltr'><strong>sibi</strong></span> <span class='ocrx_word' id='word_1_289' title='bbox 2922 2106 3132 2176; x_wconf 87' lang='lat' dir='ltr'><strong>placeat</strong></span> <span class='ocrx_word' id='word_1_290' title='bbox 3152 2120 3309 2176; x_wconf 79' lang='lat' dir='ltr'><strong>agere</strong></span> <span class='ocrx_word' id='word_1_291' title='bbox 3341 2104 3584 2160; x_wconf 88' lang='lat' dir='ltr'><strong>solitum.</strong></span> 
     </span>
    </p>
   </div>
   <div class='ocr_carea' id='block_1_43' title="bbox 2007 2193 3587 2272">
    <p class='ocr_par' dir='ltr' id='par_1_43' title="bbox 2007 2193 3587 2272">
     <span class='ocr_line' id='line_1_43' title="bbox 2007 2193 3587 2272; baseline -0.008 -14"><span class='ocrx_word' id='word_1_292' title='bbox 2007 2201 2112 2258; x_wconf 87' lang='lat' dir='ltr'><strong>Sed</strong></span> <span class='ocrx_word' id='word_1_293' title='bbox 2145 2215 2270 2256; x_wconf 87' lang='lat' dir='ltr'><strong>cum</strong></span> <span class='ocrx_word' id='word_1_294' title='bbox 2298 2202 2421 2272; x_wconf 87' lang='lat' dir='ltr'><strong>jure</strong></span> <span class='ocrx_word' id='word_1_295' title='bbox 2450 2200 2658 2272; x_wconf 81' lang='lat' dir='ltr'><strong>diligat,</strong></span> <span class='ocrx_word' id='word_1_296' title='bbox 2691 2198 2968 2253; x_wconf 86' lang='lat' dir='ltr'><strong>consentit</strong></span> <span class='ocrx_word' id='word_1_297' title='bbox 3009 2196 3267 2250; x_wconf 88' lang='lat' dir='ltr'><strong>nimirum</strong></span> <span class='ocrx_word' id='word_1_298' title='bbox 3311 2202 3366 2249; x_wconf 87' lang='lat' dir='ltr'><strong>et</strong></span> <span class='ocrx_word' id='word_1_299' title='bbox 3423 2193 3587 2247; x_wconf 86' lang='lat' dir='ltr'><strong>simul</strong></span> 
     </span>
    </p>
   </div>
   <div class='ocr_carea' id='block_1_44' title="bbox 2007 2286 3586 2359">
    <p class='ocr_par' dir='ltr' id='par_1_44' title="bbox 2007 2286 3586 2359">
     <span class='ocr_line' id='line_1_44' title="bbox 2007 2286 3586 2359; baseline -0.006 -12"><span class='ocrx_word' id='word_1_300' title='bbox 2007 2290 2200 2349; x_wconf 79' lang='lat' dir='ltr'><strong>annuit</strong></span> <span class='ocrx_word' id='word_1_301' title='bbox 2229 2294 2363 2349; x_wconf 90' lang='lat' dir='ltr'><strong>solvi</strong></span> <span class='ocrx_word' id='word_1_302' title='bbox 2391 2291 2711 2356; x_wconf 86' lang='lat' dir='ltr'><strong>Sabbatnm,</strong></span> <span class='ocrx_word' id='word_1_303' title='bbox 2737 2289 2984 2359; x_wconf 83' lang='lat' dir='ltr'><strong>nihilque</strong></span> <span class='ocrx_word' id='word_1_304' title='bbox 3004 2287 3205 2342; x_wconf 85' lang='lat' dir='ltr'><strong>habere</strong></span> <span class='ocrx_word' id='word_1_305' title='bbox 3222 2286 3586 2347; x_wconf 88' lang='lat' dir='ltr'><strong>demonstrat,</strong></span> 
     </span>
    </p>
   </div>
   <div class='ocr_carea' id='block_1_45' title="bbox 2010 2377 3411 2454">
    <p class='ocr_par' dir='ltr' id='par_1_45' title="bbox 2010 2377 3411 2454">
     <span class='ocr_line' id='line_1_45' title="bbox 2010 2377 3411 2454; baseline -0.006 -14"><span class='ocrx_word' id='word_1_306' title='bbox 2010 2386 2080 2441; x_wconf 88' lang='lat' dir='ltr'><strong>ob</strong></span> <span class='ocrx_word' id='word_1_307' title='bbox 2112 2379 2258 2454; x_wconf 75' lang='lat' dir='ltr'><strong>quod</strong></span> <span class='ocrx_word' id='word_1_308' title='bbox 2296 2384 2443 2442; x_wconf 91' lang='lat' dir='ltr'><strong>Deus</strong></span> <span class='ocrx_word' id='word_1_309' title='bbox 2473 2383 2607 2452; x_wconf 75' lang='lat' dir='ltr'><strong>legis</strong></span> <span class='ocrx_word' id='word_1_310' title='bbox 2641 2379 3046 2449; x_wconf 88' lang='lat' dir='ltr'><strong>Dominusjure</strong></span> <span class='ocrx_word' id='word_1_311' title='bbox 3077 2377 3411 2448; x_wconf 84' lang='lat' dir='ltr'><strong>indignetur.</strong></span> 
     </span>
    </p>
   </div>
   <div class='ocr_carea' id='block_1_46' title="bbox 321 2450 3586 2547">
    <p class='ocr_par' dir='ltr' id='par_1_46' title="bbox 321 2450 3586 2547">
     <span class='ocr_line' id='line_1_46' title="bbox 321 2450 3586 2547; baseline 0.003 -40"><span class='ocrx_word' id='word_1_312' title='bbox 321 2455 497 2508; x_wconf 87' lang='grc' dir='ltr'>λονότι</span> <span class='ocrx_word' id='word_1_313' title='bbox 561 2450 656 2511; x_wconf 78' lang='grc' dir='ltr'><strong>καὶ</strong></span> <span class='ocrx_word' id='word_1_314' title='bbox 717 2460 1108 2527; x_wconf 81' lang='grc' dir='ltr'>συγκατανεύει</span> <span class='ocrx_word' id='word_1_315' title='bbox 1132 2461 1227 2514; x_wconf 86' lang='grc' dir='ltr'><strong>τοῦ</strong></span> <span class='ocrx_word' id='word_1_316' title='bbox 1264 2460 1543 2537; x_wconf 77' lang='grc' dir='ltr'>Σαδσάτου</span> <span class='ocrx_word' id='word_1_317' title='bbox 1582 2462 1680 2534; x_wconf 76' lang='grc' dir='ltr'>τὴν</span> <span class='ocrx_word' id='word_1_318' title='bbox 1732 2464 1908 2534; x_wconf 85' lang='grc' dir='ltr'>λύσιν,</span> <span class='ocrx_word' id='word_1_319' title='bbox 1945 2472 2039 2525; x_wconf 72' lang='grc' dir='ltr'><strong>καὶ</strong></span> <span class='ocrx_word' id='word_1_320' title='bbox 2075 2450 2228 2530; x_wconf 81' lang='grc' dir='ltr'>οὐδὲν</span> <span class='ocrx_word' id='word_1_321' title='bbox 2261 2475 2491 2547; x_wconf 77' lang='grc' dir='ltr'>ἔχουσαν</span> <span class='ocrx_word' id='word_1_322' title='bbox 2516 2450 2927 2525; x_wconf 63' lang='grc' dir='ltr'>έπιδεικνύειτὸ</span> <span class='ocrx_word' id='word_1_323' title='bbox 2955 2468 3041 2538; x_wconf 71' lang='grc' dir='ltr'><strong>ἐφ’</strong></span> <span class='ocrx_word' id='word_1_324' title='bbox 3096 2459 3249 2537; x_wconf 79' lang='grc' dir='ltr'>ᾧπερ</span> <span class='ocrx_word' id='word_1_325' title='bbox 3269 2464 3335 2519; x_wconf 85' lang='grc' dir='ltr'><strong>ἂν</strong></span> <span class='ocrx_word' id='word_1_326' title='bbox 3362 2465 3586 2527; x_wconf 83' lang='grc' dir='ltr'>εἰκότως</span> 
     </span>
    </p>
   </div>
   <div class='ocr_carea' id='block_1_47' title="bbox 324 2550 1482 2626">
    <p class='ocr_par' dir='ltr' id='par_1_47' title="bbox 324 2550 1482 2626">
     <span class='ocr_line' id='line_1_47' title="bbox 324 2550 1482 2626; baseline 0.005 -24"><span class='ocrx_word' id='word_1_327' title='bbox 324 2550 704 2621; x_wconf 74' lang='grc' dir='ltr'>ἀγανακτῆσαι</span> <span class='ocrx_word' id='word_1_328' title='bbox 737 2552 868 2616; x_wconf 82' lang='grc' dir='ltr'>Θεὸς</span> <span class='ocrx_word' id='word_1_329' title='bbox 893 2556 921 2606; x_wconf 91' lang='lat'><strong>6</strong></span> <span class='ocrx_word' id='word_1_330' title='bbox 942 2553 1035 2607; x_wconf 83' lang='grc' dir='ltr'><strong>τοῦ</strong></span> <span class='ocrx_word' id='word_1_331' title='bbox 1066 2555 1233 2624; x_wconf 87' lang='grc' dir='ltr'>νόμου</span> <span class='ocrx_word' id='word_1_332' title='bbox 1258 2553 1482 2626; x_wconf 86' lang='grc' dir='ltr'>Κύριος.</span> 
     </span>
    </p>
   </div>
   <div class='ocr_carea' id='block_1_48' title="bbox 392 2642 1757 2719">
    <p class='ocr_par' dir='ltr' id='par_1_48' title="bbox 392 2642 1757 2719">
     <span class='ocr_line' id='line_1_48' title="bbox 392 2642 1757 2719; baseline 0.007 -21"><span class='ocrx_word' id='word_1_333' title='bbox 392 2644 501 2699; x_wconf 79' lang='grc' dir='ltr'><strong>Καὶ</strong></span> <span class='ocrx_word' id='word_1_334' title='bbox 527 2644 722 2701; x_wconf 76' lang='grc' dir='ltr'>πάντα</span> <span class='ocrx_word' id='word_1_335' title='bbox 751 2645 1063 2701; x_wconf 79' lang='grc' dir='ltr'>δείκνυσιν</span> <span class='ocrx_word' id='word_1_336' title='bbox 1092 2642 1287 2715; x_wconf 65' lang='grc' dir='ltr'>αὐτῷ,</span> <span class='ocrx_word' id='word_1_337' title='bbox 1305 2648 1343 2704; x_wconf 85' lang='lat' dir='ltr'><strong>d</strong></span> <span class='ocrx_word' id='word_1_338' title='bbox 1366 2652 1551 2719; x_wconf 81' lang='grc' dir='ltr'>αὐτὸς</span> <span class='ocrx_word' id='word_1_339' title='bbox 1579 2653 1757 2707; x_wconf 83' lang='grc' dir='ltr'>ποιεῖ,</span> 
     </span>
    </p>
   </div>
   <div class='ocr_carea' id='block_1_49' title="bbox 406 2735 1902 2813">
    <p class='ocr_par' dir='ltr' id='par_1_49' title="bbox 406 2735 1902 2813">
     <span class='ocr_line' id='line_1_49' title="bbox 406 2735 1902 2813; baseline 0.009 -27"><span class='ocrx_word' id='word_1_340' title='bbox 406 2735 741 2803; x_wconf 79' lang='grc' dir='ltr'>Ἀναγκαίως</span> <span class='ocrx_word' id='word_1_341' title='bbox 786 2737 879 2788; x_wconf 75' lang='grc' dir='ltr'><strong>καὶ</strong></span> <span class='ocrx_word' id='word_1_342' title='bbox 919 2736 1090 2793; x_wconf 78' lang='grc' dir='ltr'>ταῦτα</span> <span class='ocrx_word' id='word_1_343' title='bbox 1118 2741 1231 2802; x_wconf 83' lang='grc' dir='ltr'>τοῖς</span> <span class='ocrx_word' id='word_1_344' title='bbox 1271 2741 1632 2812; x_wconf 73' lang='grc' dir='ltr'>προλαϐοῦσιν</span> <span class='ocrx_word' id='word_1_345' title='bbox 1687 2745 1902 2813; x_wconf 76' lang='grc' dir='ltr'>ἐπάγει,</span> 
     </span>
    </p>
   </div>
   <div class='ocr_carea' id='block_1_50' title="bbox 324 2825 1904 2909">
    <p class='ocr_par' dir='ltr' id='par_1_50' title="bbox 324 2825 1904 2909">
     <span class='ocr_line' id='line_1_50' title="bbox 324 2825 1904 2909; baseline 0.006 -29"><span class='ocrx_word' id='word_1_346' title='bbox 324 2826 418 2880; x_wconf 73' lang='lat' dir='ltr'><strong>mi.</strong></span> <span class='ocrx_word' id='word_1_347' title='bbox 435 2825 524 2879; x_wconf 72' lang='grc' dir='ltr'>διὰ</span> <span class='ocrx_word' id='word_1_348' title='bbox 551 2825 707 2880; x_wconf 89' lang='grc' dir='ltr'>ποίαν</span> <span class='ocrx_word' id='word_1_349' title='bbox 733 2827 934 2893; x_wconf 81' lang='grc' dir='ltr'>αἰτίαν,</span> <span class='ocrx_word' id='word_1_350' title='bbox 970 2828 1079 2900; x_wconf 77' lang='grc' dir='ltr'><strong>ἐρῶ</strong></span> <span class='ocrx_word' id='word_1_351' title='bbox 1104 2828 1167 2899; x_wconf 79' lang='grc' dir='ltr'><strong>δὴ</strong></span> <span class='ocrx_word' id='word_1_352' title='bbox 1195 2830 1372 2885; x_wconf 86' lang='grc' dir='ltr'>πάλιν.</span> <span class='ocrx_word' id='word_1_353' title='bbox 1394 2834 1636 2904; x_wconf 85' lang='grc' dir='ltr'>Πατέρες</span> <span class='ocrx_word' id='word_1_354' title='bbox 1666 2834 1766 2905; x_wconf 86' lang='grc' dir='ltr'><strong>μὲν</strong></span> <span class='ocrx_word' id='word_1_355' title='bbox 1794 2837 1904 2909; x_wconf 90' lang='grc' dir='ltr'><strong>γάρ</strong></span> 
     </span>
    </p>
   </div>
   <div class='ocr_carea' id='block_1_51' title="bbox 326 2917 1902 2995">
    <p class='ocr_par' dir='ltr' id='par_1_51' title="bbox 326 2917 1902 2995">
     <span class='ocr_line' id='line_1_51' title="bbox 326 2917 1902 2995; baseline 0.007 -26"><span class='ocrx_word' id='word_1_356' title='bbox 326 2917 374 2970; x_wconf 78' lang='grc' dir='ltr'><strong>οἱ</strong></span> <span class='ocrx_word' id='word_1_357' title='bbox 403 2917 532 2987; x_wconf 80' lang='grc' dir='ltr'>παρ’</span> <span class='ocrx_word' id='word_1_358' title='bbox 562 2918 712 2987; x_wconf 83' lang='grc' dir='ltr'>ἡμῖν,</span> <span class='ocrx_word' id='word_1_359' title='bbox 752 2921 1011 2987; x_wconf 78' lang='grc' dir='ltr'>φυσικαῖς</span> <span class='ocrx_word' id='word_1_360' title='bbox 1044 2919 1155 2973; x_wconf 77' lang='grc' dir='ltr'>ἔσθ’</span> <span class='ocrx_word' id='word_1_361' title='bbox 1178 2923 1266 2975; x_wconf 85' lang='grc' dir='ltr'><strong>ὅτε</strong></span> <span class='ocrx_word' id='word_1_362' title='bbox 1286 2922 1690 2995; x_wconf 87' lang='grc' dir='ltr'>φιλοστοργίαις</span> <span class='ocrx_word' id='word_1_363' title='bbox 1727 2924 1902 2992; x_wconf 81' lang='grc' dir='ltr'>ἡττώ-</span> 
     </span>
    </p>
   </div>
   <div class='ocr_carea' id='block_1_52' title="bbox 329 3008 1903 3083">
    <p class='ocr_par' dir='ltr' id='par_1_52' title="bbox 329 3008 1903 3083">
     <span class='ocr_line' id='line_1_52' title="bbox 329 3008 1903 3083; baseline 0.007 -23"><span class='ocrx_word' id='word_1_364' title='bbox 329 3025 500 3079; x_wconf 85' lang='grc' dir='ltr'>μενοι,</span> <span class='ocrx_word' id='word_1_365' title='bbox 531 3009 625 3061; x_wconf 77' lang='grc' dir='ltr'>καὶ</span> <span class='ocrx_word' id='word_1_366' title='bbox 668 3008 982 3063; x_wconf 81' lang='grc' dir='ltr'>λυπούντων</span> <span class='ocrx_word' id='word_1_367' title='bbox 1020 3011 1302 3082; x_wconf 82' lang='grc' dir='ltr'>ἀνέχονται</span> <span class='ocrx_word' id='word_1_368' title='bbox 1334 3013 1443 3067; x_wconf 84' lang='grc' dir='ltr'><strong>τῶν</strong></span> <span class='ocrx_word' id='word_1_369' title='bbox 1476 3015 1631 3080; x_wconf 82' lang='grc' dir='ltr'>υἱῶν,</span> <span class='ocrx_word' id='word_1_370' title='bbox 1667 3017 1761 3070; x_wconf 82' lang='grc' dir='ltr'><strong>καὶ</strong></span> <span class='ocrx_word' id='word_1_371' title='bbox 1790 3020 1903 3083; x_wconf 84' lang='grc' dir='ltr'>τοῖς</span> 
     </span>
    </p>
   </div>
   <div class='ocr_carea' id='block_1_53' title="bbox 324 3100 1900 3174">
    <p class='ocr_par' dir='ltr' id='par_1_53' title="bbox 324 3100 1900 3174">
     <span class='ocr_line' id='line_1_53' title="bbox 324 3100 1900 3174; baseline 0.006 -21"><span class='ocrx_word' id='word_1_372' title='bbox 324 3102 476 3169; x_wconf 84' lang='grc' dir='ltr'><strong>παρά</strong></span> <span class='ocrx_word' id='word_1_373' title='bbox 505 3100 729 3171; x_wconf 82' lang='grc' dir='ltr'>γνώμην</span> <span class='ocrx_word' id='word_1_374' title='bbox 768 3100 1173 3171; x_wconf 78' lang='grc' dir='ltr'>ἐπιχειροῦντες</span> <span class='ocrx_word' id='word_1_375' title='bbox 1221 3103 1464 3174; x_wconf 82' lang='grc' dir='ltr'>ὁρῶντας</span> <span class='ocrx_word' id='word_1_376' title='bbox 1516 3106 1900 3170; x_wconf 77' lang='grc' dir='ltr'>ἀνεξικακοῦσι</span> 
     </span>
    </p>
   </div>
   <div class='ocr_carea' id='block_1_54' title="bbox 325 3168 1975 3270">
    <p class='ocr_par' dir='ltr' id='par_1_54' title="bbox 325 3168 1975 3270">
     <span class='ocr_line' id='line_1_54' title="bbox 325 3168 1975 3270; baseline 0.006 -27"><span class='ocrx_word' id='word_1_377' title='bbox 325 3168 605 3254; x_wconf 74' lang='grc' dir='ltr'>πολλάκις.</span> <span class='ocrx_word' id='word_1_378' title='bbox 623 3168 843 3263; x_wconf 24' lang='grc' dir='ltr'>*Δριμὺς</span> <span class='ocrx_word' id='word_1_379' title='bbox 983 3209 1065 3256; x_wconf 90' lang='grc' dir='ltr'><strong>τις</strong></span> <span class='ocrx_word' id='word_1_380' title='bbox 1095 3168 1276 3258; x_wconf 79' lang='grc' dir='ltr'>αὐτοῖς</span> <span class='ocrx_word' id='word_1_381' title='bbox 1295 3198 1321 3248; x_wconf 91' lang='lat'><strong>6</strong></span> <span class='ocrx_word' id='word_1_382' title='bbox 1336 3213 1400 3249; x_wconf 89' lang='grc' dir='ltr'><strong>πε</strong></span> <span class='ocrx_word' id='word_1_383' title='bbox 1410 3197 1462 3267; x_wconf 67' lang='lat' dir='ltr'><strong>pi</strong></span> <span class='ocrx_word' id='word_1_384' title='bbox 1492 3168 1689 3262; x_wconf 75' lang='grc' dir='ltr'>παῖδας</span> <span class='ocrx_word' id='word_1_385' title='bbox 1710 3199 1903 3270; x_wconf 62' lang='grc' dir='ltr'>ξνῴκι-</span> <span class='ocrx_word' id='word_1_386' title='bbox 1931 3168 1975 3229; x_wconf 80' lang='lat' dir='ltr'><strong>C</strong></span> 
     </span>
    </p>
   </div>
   <div class='ocr_carea' id='block_1_55' title="bbox 328 3281 1904 3362">
    <p class='ocr_par' dir='ltr' id='par_1_55' title="bbox 328 3281 1904 3362">
     <span class='ocr_line' id='line_1_55' title="bbox 328 3281 1904 3362; baseline 0.003 -28"><span class='ocrx_word' id='word_1_387' title='bbox 328 3299 451 3335; x_wconf 86' lang='grc' dir='ltr'>σται</span> <span class='ocrx_word' id='word_1_388' title='bbox 486 3281 857 3345; x_wconf 83' lang='grc' dir='ltr'>πόθος,πᾶσαν</span> <span class='ocrx_word' id='word_1_389' title='bbox 878 3284 1186 3351; x_wconf 82' lang='grc' dir='ltr'>ἀναπείθων</span> <span class='ocrx_word' id='word_1_390' title='bbox 1217 3286 1313 3358; x_wconf 80' lang='grc' dir='ltr'>τὴν</span> <span class='ocrx_word' id='word_1_391' title='bbox 1330 3288 1421 3339; x_wconf 73' lang='grc' dir='ltr'>ἐπ’</span> <span class='ocrx_word' id='word_1_392' title='bbox 1447 3288 1674 3353; x_wconf 79' lang='grc' dir='ltr'>ἐκείνοις</span> <span class='ocrx_word' id='word_1_393' title='bbox 1710 3307 1904 3362; x_wconf 65' lang='grc' dir='ltr'>μικρο,</span> 
     </span>
    </p>
   </div>
   <div class='ocr_carea' id='block_1_56' title="bbox 325 3373 1906 3453">
    <p class='ocr_par' dir='ltr' id='par_1_56' title="bbox 325 3373 1906 3453">
     <span class='ocr_line' id='line_1_56' title="bbox 325 3373 1906 3453; baseline 0.004 -25"><span class='ocrx_word' id='word_1_394' title='bbox 325 3373 529 3445; x_wconf 78' lang='grc' dir='ltr'>ψυχίαν</span> <span class='ocrx_word' id='word_1_395' title='bbox 567 3374 924 3429; x_wconf 83' lang='grc' dir='ltr'>πλεονεκτεῖν.</span> <span class='ocrx_word' id='word_1_396' title='bbox 974 3374 1113 3429; x_wconf 85' lang='grc' dir='ltr'>Ἀλλ’</span> <span class='ocrx_word' id='word_1_397' title='bbox 1151 3376 1248 3447; x_wconf 85' lang='grc' dir='ltr'><strong>οὐχ</strong></span> <span class='ocrx_word' id='word_1_398' title='bbox 1280 3376 1475 3441; x_wconf 81' lang='grc' dir='ltr'>οὕτως,</span> <span class='ocrx_word' id='word_1_399' title='bbox 1507 3380 1690 3449; x_wconf 74' lang='grc' dir='ltr'>φησὶν,</span> <span class='ocrx_word' id='word_1_400' title='bbox 1716 3382 1906 3453; x_wconf 84' lang='grc' dir='ltr'>ἀγαπᾷ</span> 
     </span>
    </p>
   </div>
   <div class='ocr_carea' id='block_1_57' title="bbox 325 3463 1902 3541">
    <p class='ocr_par' dir='ltr' id='par_1_57' title="bbox 325 3463 1902 3541">
     <span class='ocr_line' id='line_1_57' title="bbox 325 3463 1902 3541; baseline 0.004 -23"><span class='ocrx_word' id='word_1_401' title='bbox 325 3464 419 3519; x_wconf 86' lang='grc' dir='ltr'><strong>τὸν</strong></span> <span class='ocrx_word' id='word_1_402' title='bbox 448 3463 577 3519; x_wconf 84' lang='grc' dir='ltr'>Υἱὸν</span> <span class='ocrx_word' id='word_1_403' title='bbox 594 3468 620 3519; x_wconf 94' lang='lat'><strong>6</strong></span> <span class='ocrx_word' id='word_1_404' title='bbox 645 3464 776 3529; x_wconf 83' lang='grc' dir='ltr'>Θεὸς</span> <span class='ocrx_word' id='word_1_405' title='bbox 804 3466 900 3520; x_wconf 73' lang='grc' dir='ltr'><strong>καὶ</strong></span> <span class='ocrx_word' id='word_1_406' title='bbox 916 3465 1127 3538; x_wconf 84' lang='grc' dir='ltr'>Πατήρ.</span> <span class='ocrx_word' id='word_1_407' title='bbox 1156 3467 1231 3520; x_wconf 86' lang='grc' dir='ltr'><strong>υύ</strong></span> <span class='ocrx_word' id='word_1_408' title='bbox 1253 3466 1475 3521; x_wconf 88' lang='grc' dir='ltr'>δύναται</span> <span class='ocrx_word' id='word_1_409' title='bbox 1501 3472 1607 3541; x_wconf 77' lang='grc' dir='ltr'><strong>γάρ</strong></span> <span class='ocrx_word' id='word_1_410' title='bbox 1633 3474 1902 3538; x_wconf 80' lang='grc' dir='ltr'>τιποιεῖν,</span> 
     </span>
    </p>
   </div>
   <div class='ocr_carea' id='block_1_58' title="bbox 323 3553 1904 3634">
    <p class='ocr_par' dir='ltr' id='par_1_58' title="bbox 323 3553 1904 3634">
     <span class='ocr_line' id='line_1_58' title="bbox 323 3553 1904 3634; baseline 0.006 -27"><span class='ocrx_word' id='word_1_411' title='bbox 323 3553 353 3607; x_wconf 81' lang='grc' dir='ltr'><strong>ὃ</strong></span> <span class='ocrx_word' id='word_1_412' title='bbox 384 3555 459 3626; x_wconf 84' lang='grc' dir='ltr'><strong>μὴ</strong></span> <span class='ocrx_word' id='word_1_413' title='bbox 520 3555 762 3624; x_wconf 78' lang='grc' dir='ltr'>πέφυκεν</span> <span class='ocrx_word' id='word_1_414' title='bbox 807 3555 1135 3628; x_wconf 76' lang='grc' dir='ltr'>ἐργάζεσθαι</span> <span class='ocrx_word' id='word_1_415' title='bbox 1170 3560 1262 3611; x_wconf 81' lang='grc' dir='ltr'><strong>καὶ</strong></span> <span class='ocrx_word' id='word_1_416' title='bbox 1315 3561 1480 3624; x_wconf 77' lang='grc' dir='ltr'>αὐτός</span> <span class='ocrx_word' id='word_1_417' title='bbox 1504 3581 1516 3593; x_wconf 86' lang='grc'><strong>·</strong></span> <span class='ocrx_word' id='word_1_418' title='bbox 1552 3562 1627 3625; x_wconf 83' lang='grc' dir='ltr'><strong>ὡς</strong></span> <span class='ocrx_word' id='word_1_419' title='bbox 1683 3561 1739 3615; x_wconf 83' lang='grc' dir='ltr'><strong>δὲ</strong></span> <span class='ocrx_word' id='word_1_420' title='bbox 1774 3562 1904 3634; x_wconf 86' lang='grc' dir='ltr'>μίαν</span> 
     </span>
    </p>
   </div>
   <div class='ocr_carea' id='block_1_59' title="bbox 325 3645 1903 3721">
    <p class='ocr_par' dir='ltr' id='par_1_59' title="bbox 325 3645 1903 3721">
     <span class='ocr_line' id='line_1_59' title="bbox 325 3645 1903 3721; baseline 0.008 -24"><span class='ocrx_word' id='word_1_421' title='bbox 325 3645 462 3716; x_wconf 72' lang='grc' dir='ltr'>ἔχων</span> <span class='ocrx_word' id='word_1_422' title='bbox 493 3646 628 3718; x_wconf 89' lang='grc' dir='ltr'>πρὸς</span> <span class='ocrx_word' id='word_1_423' title='bbox 651 3647 811 3701; x_wconf 80' lang='grc' dir='ltr'>αὑτὸν</span> <span class='ocrx_word' id='word_1_424' title='bbox 850 3647 950 3719; x_wconf 80' lang='grc' dir='ltr'>τὴν</span> <span class='ocrx_word' id='word_1_425' title='bbox 983 3650 1190 3717; x_wconf 81' lang='grc' dir='ltr'>οὐσίαν,</span> <span class='ocrx_word' id='word_1_426' title='bbox 1222 3655 1474 3721; x_wconf 82' lang='grc' dir='ltr'>φυσικοῖς</span> <span class='ocrx_word' id='word_1_427' title='bbox 1508 3671 1673 3720; x_wconf 89' lang='grc' dir='ltr'>τισιν,</span> <span class='ocrx_word' id='word_1_428' title='bbox 1715 3656 1782 3709; x_wconf 82' lang='grc' dir='ltr'>ἵν’</span> <span class='ocrx_word' id='word_1_429' title='bbox 1810 3654 1903 3708; x_wconf 77' lang='grc' dir='ltr'>οῦ-</span> 
     </span>
    </p>
   </div>
   <div class='ocr_carea' id='block_1_60' title="bbox 319 3735 1901 3813">
    <p class='ocr_par' dir='ltr' id='par_1_60' title="bbox 319 3735 1901 3813">
     <span class='ocr_line' id='line_1_60' title="bbox 319 3735 1901 3813; baseline 0.008 -26"><span class='ocrx_word' id='word_1_430' title='bbox 319 3751 431 3799; x_wconf 87' lang='grc' dir='ltr'><strong>τως</strong></span> <span class='ocrx_word' id='word_1_431' title='bbox 459 3735 718 3807; x_wconf 83' lang='grc' dir='ltr'>εἴπωμεν,</span> <span class='ocrx_word' id='word_1_432' title='bbox 769 3737 952 3808; x_wconf 86' lang='grc' dir='ltr'>νόμοις</span> <span class='ocrx_word' id='word_1_433' title='bbox 997 3740 1133 3810; x_wconf 88' lang='grc' dir='ltr'>πρὸς</span> <span class='ocrx_word' id='word_1_434' title='bbox 1183 3742 1602 3813; x_wconf 82' lang='grc' dir='ltr'>ἀπαράλλακτον</span> <span class='ocrx_word' id='word_1_435' title='bbox 1654 3745 1901 3799; x_wconf 83' lang='grc' dir='ltr'>καλεῖται</span> 
     </span>
    </p>
   </div>
   <div class='ocr_carea' id='block_1_61' title="bbox 322 3824 1900 3906">
    <p class='ocr_par' dir='ltr' id='par_1_61' title="bbox 322 3824 1900 3906">
     <span class='ocr_line' id='line_1_61' title="bbox 322 3824 1900 3906; baseline 0.008 -30"><span class='ocrx_word' id='word_1_436' title='bbox 322 3824 539 3895; x_wconf 78' lang='grc' dir='ltr'>θέλησίν</span> <span class='ocrx_word' id='word_1_437' title='bbox 570 3842 627 3878; x_wconf 89' lang='grc' dir='ltr'><strong>τε</strong></span> <span class='ocrx_word' id='word_1_438' title='bbox 668 3827 760 3879; x_wconf 75' lang='grc' dir='ltr'>καὶ</span> <span class='ocrx_word' id='word_1_439' title='bbox 796 3826 1047 3899; x_wconf 86' lang='grc' dir='ltr'>δύναμιν.</span> <span class='ocrx_word' id='word_1_440' title='bbox 1078 3829 1243 3885; x_wconf 81' lang='grc' dir='ltr'>Οὐδὲν</span> <span class='ocrx_word' id='word_1_441' title='bbox 1281 3826 1374 3884; x_wconf 84' lang='grc' dir='ltr'><strong>οῦν</strong></span> <span class='ocrx_word' id='word_1_442' title='bbox 1406 3832 1533 3903; x_wconf 82' lang='grc' dir='ltr'>ἄρα,</span> <span class='ocrx_word' id='word_1_443' title='bbox 1562 3834 1718 3904; x_wconf 76' lang='grc' dir='ltr'>φησὶ,</span> <span class='ocrx_word' id='word_1_444' title='bbox 1744 3835 1900 3906; x_wconf 81' lang='grc' dir='ltr'>παρὰ</span> 
     </span>
    </p>
   </div>
   <div class='ocr_carea' id='block_1_62' title="bbox 318 3916 1897 3997">
    <p class='ocr_par' dir='ltr' id='par_1_62' title="bbox 318 3916 1897 3997">
     <span class='ocr_line' id='line_1_62' title="bbox 318 3916 1897 3997; baseline 0.006 -28"><span class='ocrx_word' id='word_1_445' title='bbox 318 3916 381 3969; x_wconf 87' lang='grc' dir='ltr'><strong>τὸ</strong></span> <span class='ocrx_word' id='word_1_446' title='bbox 412 3917 489 3987; x_wconf 80' lang='grc' dir='ltr'>τῷ</span> <span class='ocrx_word' id='word_1_447' title='bbox 515 3918 722 3972; x_wconf 76' lang='grc' dir='ltr'>τεκόντι</span> <span class='ocrx_word' id='word_1_448' title='bbox 769 3918 955 3973; x_wconf 80' lang='grc' dir='ltr'>δοκοῦν</span> <span class='ocrx_word' id='word_1_449' title='bbox 1014 3921 1048 3990; x_wconf 82' lang='grc' dir='ltr'>ἢ</span> <span class='ocrx_word' id='word_1_450' title='bbox 1107 3922 1314 3992; x_wconf 80' lang='grc' dir='ltr'>πρέπον</span> <span class='ocrx_word' id='word_1_451' title='bbox 1342 3926 1371 3977; x_wconf 93' lang='lat'><strong>6</strong></span> <span class='ocrx_word' id='word_1_452' title='bbox 1416 3924 1544 3987; x_wconf 88' lang='grc' dir='ltr'>Υἱὸς</span> <span class='ocrx_word' id='word_1_453' title='bbox 1585 3926 1897 3997; x_wconf 78' lang='grc' dir='ltr'>ἐργάζεται,</span> 
     </span>
    </p>
   </div>
   <div class='ocr_carea' id='block_1_63' title="bbox 316 4005 1897 4087">
    <p class='ocr_par' dir='ltr' id='par_1_63' title="bbox 316 4005 1897 4087">
     <span class='ocr_line' id='line_1_63' title="bbox 316 4005 1897 4087; baseline 0.008 -28"><span class='ocrx_word' id='word_1_454' title='bbox 316 4005 441 4059; x_wconf 79' lang='grc' dir='ltr'>οὐδὲ</span> <span class='ocrx_word' id='word_1_455' title='bbox 499 4006 600 4075; x_wconf 82' lang='grc' dir='ltr'>τῆς</span> <span class='ocrx_word' id='word_1_456' title='bbox 649 4006 742 4060; x_wconf 89' lang='grc' dir='ltr'><strong>τοῦ</strong></span> <span class='ocrx_word' id='word_1_457' title='bbox 788 4009 1000 4080; x_wconf 87' lang='grc' dir='ltr'>Πατρὸς</span> <span class='ocrx_word' id='word_1_458' title='bbox 1046 4011 1266 4082; x_wconf 87' lang='grc' dir='ltr'>ἀγάπης</span> <span class='ocrx_word' id='word_1_459' title='bbox 1334 4017 1897 4087; x_wconf 87' lang='grc' dir='ltr'>καταπερπερεύεται,</span> 
     </span>
    </p>
   </div>
   <div class='ocr_carea' id='block_1_64' title="bbox 321 4094 1901 4173">
    <p class='ocr_par' dir='ltr' id='par_1_64' title="bbox 321 4094 1901 4173">
     <span class='ocr_line' id='line_1_64' title="bbox 321 4094 1901 4173; baseline 0.009 -28"><span class='ocrx_word' id='word_1_460' title='bbox 321 4094 634 4161; x_wconf 86' lang='grc' dir='ltr'>φιλότεκνός</span> <span class='ocrx_word' id='word_1_461' title='bbox 656 4113 740 4160; x_wconf 89' lang='grc' dir='ltr'><strong>τις</strong></span> <span class='ocrx_word' id='word_1_462' title='bbox 770 4095 882 4169; x_wconf 83' lang='grc' dir='ltr'><strong>[ἷσ.</strong></span> <span class='ocrx_word' id='word_1_463' title='bbox 910 4097 1220 4168; x_wconf 78' lang='grc' dir='ltr'>φιλότεκνός</span> <span class='ocrx_word' id='word_1_464' title='bbox 1252 4100 1358 4173; x_wconf 87' lang='grc' dir='ltr'>τις]</span> <span class='ocrx_word' id='word_1_465' title='bbox 1413 4103 1672 4173; x_wconf 83' lang='grc' dir='ltr'>ὑπάρχων</span> <span class='ocrx_word' id='word_1_466' title='bbox 1705 4107 1763 4158; x_wconf 82' lang='grc' dir='ltr'><strong>ἐν</strong></span> <span class='ocrx_word' id='word_1_467' title='bbox 1788 4109 1901 4171; x_wconf 91' lang='grc' dir='ltr'>τοῖς</span> 
     </span>
    </p>
   </div>
   <div class='ocr_carea' id='block_1_65' title="bbox 318 4177 1902 4269">
    <p class='ocr_par' dir='ltr' id='par_1_65' title="bbox 318 4177 1902 4269">
     <span class='ocr_line' id='line_1_65' title="bbox 318 4177 1902 4269; baseline 0.009 -33"><span class='ocrx_word' id='word_1_468' title='bbox 318 4185 503 4254; x_wconf 73' lang='grc' dir='ltr'>ἔργοις</span> <span class='ocrx_word' id='word_1_469' title='bbox 544 4187 638 4239; x_wconf 79' lang='grc' dir='ltr'><strong>καὶ</strong></span> <span class='ocrx_word' id='word_1_470' title='bbox 661 4186 886 4257; x_wconf 76' lang='grc' dir='ltr'>ὲξήνιοςο</span> <span class='ocrx_word' id='word_1_471' title='bbox 916 4189 1031 4241; x_wconf 81' lang='grc' dir='ltr'>ἀλλ’</span> <span class='ocrx_word' id='word_1_472' title='bbox 1061 4183 1245 4262; x_wconf 84' lang='grc' dir='ltr'>ὧνπερ</span> <span class='ocrx_word' id='word_1_473' title='bbox 1283 4192 1412 4246; x_wconf 77' lang='grc' dir='ltr'>ὂντα</span> <span class='ocrx_word' id='word_1_474' title='bbox 1444 4177 1696 4248; x_wconf 85' lang='grc' dir='ltr'>θεάσαιτο</span> <span class='ocrx_word' id='word_1_475' title='bbox 1741 4213 1902 4269; x_wconf 81' lang='grc' dir='ltr'>ποιη-</span> 
     </span>
    </p>
   </div>
   <div class='ocr_carea' id='block_1_66' title="bbox 318 4272 1904 4355">
    <p class='ocr_par' dir='ltr' id='par_1_66' title="bbox 318 4272 1904 4355">
     <span class='ocr_line' id='line_1_66' title="bbox 318 4272 1904 4355; baseline 0.008 -27"><span class='ocrx_word' id='word_1_476' title='bbox 318 4275 444 4343; x_wconf 79' lang='grc' dir='ltr'>τὴν,</span> <span class='ocrx_word' id='word_1_477' title='bbox 472 4272 546 4336; x_wconf 87' lang='grc' dir='ltr'>ὡς</span> <span class='ocrx_word' id='word_1_478' title='bbox 587 4276 643 4327; x_wconf 81' lang='grc' dir='ltr'>ὲν</span> <span class='ocrx_word' id='word_1_479' title='bbox 666 4276 893 4340; x_wconf 73' lang='grc' dir='ltr'>ἐννοίαις</span> <span class='ocrx_word' id='word_1_480' title='bbox 910 4278 966 4330; x_wconf 77' lang='grc' dir='ltr'>δὲ</span> <span class='ocrx_word' id='word_1_481' title='bbox 984 4279 1162 4343; x_wconf 84' lang='grc' dir='ltr'>πάλιν,</span> <span class='ocrx_word' id='word_1_482' title='bbox 1178 4282 1349 4335; x_wconf 87' lang='grc' dir='ltr'>ταῦτα</span> <span class='ocrx_word' id='word_1_483' title='bbox 1365 4284 1429 4355; x_wconf 83' lang='grc' dir='ltr'>δὴ</span> <span class='ocrx_word' id='word_1_484' title='bbox 1457 4285 1630 4339; x_wconf 88' lang='grc' dir='ltr'>πάντα</span> <span class='ocrx_word' id='word_1_485' title='bbox 1663 4286 1904 4341; x_wconf 81' lang='grc' dir='ltr'>ἐπιτελεῖ</span> 
     </span>
    </p>
   </div>
   <div class='ocr_carea' id='block_1_67' title="bbox 319 4365 1901 4450">
    <p class='ocr_par' dir='ltr' id='par_1_67' title="bbox 319 4365 1901 4450">
     <span class='ocr_line' id='line_1_67' title="bbox 319 4365 1901 4450; baseline 0.01 -33"><span class='ocrx_word' id='word_1_486' title='bbox 319 4368 388 4435; x_wconf 78' lang='grc' dir='ltr'>τῇ</span> <span class='ocrx_word' id='word_1_487' title='bbox 420 4365 711 4435; x_wconf 84' lang='grc' dir='ltr'>ταυτότητι</span> <span class='ocrx_word' id='word_1_488' title='bbox 742 4368 840 4438; x_wconf 81' lang='grc' dir='ltr'>τῆς</span> <span class='ocrx_word' id='word_1_489' title='bbox 886 4369 1095 4437; x_wconf 83' lang='grc' dir='ltr'>οὐσίας,</span> <span class='ocrx_word' id='word_1_490' title='bbox 1117 4374 1195 4436; x_wconf 89' lang='grc' dir='ltr'><strong>είς</strong></span> <span class='ocrx_word' id='word_1_491' title='bbox 1222 4374 1282 4427; x_wconf 91' lang='grc' dir='ltr'><strong>τὸ</strong></span> <span class='ocrx_word' id='word_1_492' title='bbox 1327 4375 1577 4448; x_wconf 83' lang='grc' dir='ltr'>μηδαμοῦ</span> <span class='ocrx_word' id='word_1_493' title='bbox 1624 4379 1901 4450; x_wconf 73' lang='grc' dir='ltr'>παρεκπε-</span> 
     </span>
    </p>
   </div>
   <div class='ocr_carea' id='block_1_68' title="bbox 2086 2643 3502 2717">
    <p class='ocr_par' dir='ltr' id='par_1_68' title="bbox 2086 2643 3502 2717">
     <span class='ocr_line' id='line_1_68' title="bbox 2086 2643 3502 2717; baseline -0.008 -12"><span class='ocrx_word' id='word_1_494' title='bbox 2086 2653 2149 2717; x_wconf 85' lang='lat' dir='ltr'><strong>V,</strong></span> <span class='ocrx_word' id='word_1_495' title='bbox 2186 2652 2278 2707; x_wconf 67' lang='lat'><strong>20.</strong></span> <span class='ocrx_word' id='word_1_496' title='bbox 2325 2651 2387 2705; x_wconf 85' lang='lat' dir='ltr'><strong>Et</strong></span> <span class='ocrx_word' id='word_1_497' title='bbox 2431 2650 2609 2705; x_wconf 86' lang='lat' dir='ltr'><strong>omnia</strong></span> <span class='ocrx_word' id='word_1_498' title='bbox 2638 2650 2965 2703; x_wconf 73' lang='lat' dir='ltr'><strong>dembnstrat</strong></span> <span class='ocrx_word' id='word_1_499' title='bbox 2996 2647 3044 2700; x_wconf 85' lang='lat' dir='ltr'><strong>ei</strong></span> <span class='ocrx_word' id='word_1_500' title='bbox 3073 2660 3188 2714; x_wconf 77' lang='lat' dir='ltr'><strong>qua:</strong></span> <span class='ocrx_word' id='word_1_501' title='bbox 3219 2644 3327 2713; x_wconf 78' lang='lat' dir='ltr'><strong>ipse</strong></span> <span class='ocrx_word' id='word_1_502' title='bbox 3348 2643 3502 2712; x_wconf 81' lang='lat' dir='ltr'><strong>facit.</strong></span> 
     </span>
    </p>
   </div>
   <div class='ocr_carea' id='block_1_69' title="bbox 2079 2734 3584 2808">
    <p class='ocr_par' dir='ltr' id='par_1_69' title="bbox 2079 2734 3584 2808">
     <span class='ocr_line' id='line_1_69' title="bbox 2079 2734 3584 2808; baseline -0.009 -7"><span class='ocrx_word' id='word_1_503' title='bbox 2079 2744 2404 2800; x_wconf 80' lang='lat' dir='ltr'><strong>Necessario</strong></span> <span class='ocrx_word' id='word_1_504' title='bbox 2471 2741 2585 2795; x_wconf 68' lang='lat' dir='ltr'><strong>haec</strong></span> <span class='ocrx_word' id='word_1_505' title='bbox 2648 2739 2800 2793; x_wconf 88' lang='lat' dir='ltr'><strong>addit</strong></span> <span class='ocrx_word' id='word_1_506' title='bbox 2856 2752 3074 2808; x_wconf 86' lang='lat' dir='ltr'><strong>quoque</strong></span> <span class='ocrx_word' id='word_1_507' title='bbox 3128 2734 3584 2805; x_wconf 65' lang='lat' dir='ltr'><strong>praecedentibus,</strong></span> 
     </span>
    </p>
   </div>
   <div class='ocr_carea' id='block_1_70' title="bbox 2005 2825 3665 2912">
    <p class='ocr_par' dir='ltr' id='par_1_70' title="bbox 2005 2825 3665 2912">
     <span class='ocr_line' id='line_1_70' title="bbox 2005 2825 3665 2912; baseline -0.009 -19"><span class='ocrx_word' id='word_1_508' title='bbox 2005 2854 2169 2912; x_wconf 87' lang='lat' dir='ltr'><strong>quam</strong></span> <span class='ocrx_word' id='word_1_509' title='bbox 2194 2845 2374 2891; x_wconf 90' lang='lat' dir='ltr'><strong>autem</strong></span> <span class='ocrx_word' id='word_1_510' title='bbox 2421 2834 2492 2889; x_wconf 89' lang='lat' dir='ltr'><strong>ob</strong></span> <span class='ocrx_word' id='word_1_511' title='bbox 2541 2846 2786 2901; x_wconf 85' lang='lat' dir='ltr'><strong>causam,</strong></span> <span class='ocrx_word' id='word_1_512' title='bbox 2845 2828 3021 2883; x_wconf 89' lang='lat' dir='ltr'><strong>dicam</strong></span> <span class='ocrx_word' id='word_1_513' title='bbox 3075 2827 3275 2883; x_wconf 85' lang='lat' dir='ltr'><strong>denuo.</strong></span> <span class='ocrx_word' id='word_1_514' title='bbox 3322 2825 3586 2880; x_wconf 81' lang='lat' dir='ltr'><strong>Parentes</strong></span> <span class='ocrx_word' id='word_1_515' title='bbox 3662 2852 3665 2855; x_wconf 95' lang='lat'><strong><em>-</em></strong></span> 
     </span>
    </p>
   </div>
   <div class='ocr_carea' id='block_1_71' title="bbox 2006 2918 3585 2991">
    <p class='ocr_par' dir='ltr' id='par_1_71' title="bbox 2006 2918 3585 2991">
     <span class='ocr_line' id='line_1_71' title="bbox 2006 2918 3585 2991; baseline -0.011 -3"><span class='ocrx_word' id='word_1_516' title='bbox 2006 2930 2180 2988; x_wconf 88' lang='lat' dir='ltr'><strong>nostri</strong></span> <span class='ocrx_word' id='word_1_517' title='bbox 2205 2926 2440 2983; x_wconf 87' lang='lat' dir='ltr'><strong>naturali</strong></span> <span class='ocrx_word' id='word_1_518' title='bbox 2472 2938 2657 2980; x_wconf 86' lang='lat' dir='ltr'><strong>amore</strong></span> <span class='ocrx_word' id='word_1_519' title='bbox 2709 2921 2838 2977; x_wconf 88' lang='lat' dir='ltr'><strong>victi</strong></span> <span class='ocrx_word' id='word_1_520' title='bbox 2874 2920 3205 2991; x_wconf 90' lang='lat' dir='ltr'><strong>quandoque</strong></span> <span class='ocrx_word' id='word_1_521' title='bbox 3245 2918 3385 2973; x_wconf 85' lang='lat' dir='ltr'><strong>lilios</strong></span> <span class='ocrx_word' id='word_1_522' title='bbox 3410 2918 3585 2973; x_wconf 83' lang='lat' dir='ltr'><strong>mole-</strong></span> 
     </span>
    </p>
   </div>
   <div class='ocr_carea' id='block_1_72' title="bbox 2008 3009 3585 3088">
    <p class='ocr_par' dir='ltr' id='par_1_72' title="bbox 2008 3009 3585 3088">
     <span class='ocr_line' id='line_1_72' title="bbox 2008 3009 3585 3088; baseline -0.01 -9"><span class='ocrx_word' id='word_1_523' title='bbox 2008 3034 2124 3079; x_wconf 78' lang='lat' dir='ltr'><strong>SIos</strong></span> <span class='ocrx_word' id='word_1_524' title='bbox 2164 3020 2369 3084; x_wconf 79' lang='lat' dir='ltr'><strong>ferunt,</strong></span> <span class='ocrx_word' id='word_1_525' title='bbox 2401 3025 2457 3074; x_wconf 90' lang='lat' dir='ltr'><strong>et</strong></span> <span class='ocrx_word' id='word_1_526' title='bbox 2517 3014 2839 3088; x_wconf 65' lang='lat' dir='ltr'><strong>praefractus</strong></span> <span class='ocrx_word' id='word_1_527' title='bbox 2874 3020 3041 3081; x_wconf 82' lang='lat' dir='ltr'><strong>atque</strong></span> <span class='ocrx_word' id='word_1_528' title='bbox 3070 3009 3447 3065; x_wconf 88' lang='lat' dir='ltr'><strong>inobedientcs</strong></span> <span class='ocrx_word' id='word_1_529' title='bbox 3476 3023 3585 3065; x_wconf 82' lang='lat' dir='ltr'><strong>sae-</strong></span> 
     </span>
    </p>
   </div>
   <div class='ocr_carea' id='block_1_73' title="bbox 2007 3103 3582 3185">
    <p class='ocr_par' dir='ltr' id='par_1_73' title="bbox 2007 3103 3582 3185">
     <span class='ocr_line' id='line_1_73' title="bbox 2007 3103 3582 3185; baseline -0.008 -16"><span class='ocrx_word' id='word_1_530' title='bbox 2007 3126 2303 3185; x_wconf 89' lang='lat' dir='ltr'><strong>penumero</strong></span> <span class='ocrx_word' id='word_1_531' title='bbox 2331 3108 2631 3181; x_wconf 89' lang='lat' dir='ltr'><strong>patiuntur.</strong></span> <span class='ocrx_word' id='word_1_532' title='bbox 2665 3104 2888 3162; x_wconf 87' lang='lat' dir='ltr'><strong>lnsitum</strong></span> <span class='ocrx_word' id='word_1_533' title='bbox 2902 3104 2982 3160; x_wconf 91' lang='lat' dir='ltr'><strong>eis</strong></span> <span class='ocrx_word' id='word_1_534' title='bbox 2996 3103 3141 3158; x_wconf 90' lang='lat' dir='ltr'><strong>enim</strong></span> <span class='ocrx_word' id='word_1_535' title='bbox 3175 3107 3261 3157; x_wconf 92' lang='lat' dir='ltr'><strong>est</strong></span> <span class='ocrx_word' id='word_1_536' title='bbox 3288 3105 3582 3157; x_wconf 80' lang='lat' dir='ltr'><strong>vehemens</strong></span> 
     </span>
    </p>
   </div>
   <div class='ocr_carea' id='block_1_74' title="bbox 2006 3191 3580 3275">
    <p class='ocr_par' dir='ltr' id='par_1_74' title="bbox 2006 3191 3580 3275">
     <span class='ocr_line' id='line_1_74' title="bbox 2006 3191 3580 3275; baseline -0.011 -15"><span class='ocrx_word' id='word_1_537' title='bbox 2006 3219 2135 3275; x_wconf 81' lang='lat' dir='ltr'><strong>erga</strong></span> <span class='ocrx_word' id='word_1_538' title='bbox 2166 3192 2670 3263; x_wconf 46' lang='lat' dir='ltr'><strong>liberos‘studium,</strong></span> <span class='ocrx_word' id='word_1_539' title='bbox 2724 3195 2872 3267; x_wconf 90' lang='lat' dir='ltr'><strong>quod</strong></span> <span class='ocrx_word' id='word_1_540' title='bbox 2923 3208 3036 3265; x_wconf 86' lang='lat' dir='ltr'><strong>_eos</strong></span> <span class='ocrx_word' id='word_1_541' title='bbox 3076 3192 3246 3263; x_wconf 84' lang='lat' dir='ltr'><strong>adigit</strong></span> <span class='ocrx_word' id='word_1_542' title='bbox 3298 3199 3354 3245; x_wconf 93' lang='lat' dir='ltr'><strong>ut</strong></span> <span class='ocrx_word' id='word_1_543' title='bbox 3409 3191 3580 3245; x_wconf 85' lang='lat' dir='ltr'><strong>animi</strong></span> 
     </span>
    </p>
   </div>
   <div class='ocr_carea' id='block_1_75' title="bbox 2008 3282 3582 3366">
    <p class='ocr_par' dir='ltr' id='par_1_75' title="bbox 2008 3282 3582 3366">
     <span class='ocr_line' id='line_1_75' title="bbox 2008 3282 3582 3366; baseline -0.008 -18"><span class='ocrx_word' id='word_1_544' title='bbox 2008 3290 2315 3366; x_wconf 71' lang='lat' dir='ltr'><strong>angustiam</strong></span> <span class='ocrx_word' id='word_1_545' title='bbox 2387 3295 2665 3361; x_wconf 88' lang='lat' dir='ltr'><strong>superent.</strong></span> <span class='ocrx_word' id='word_1_546' title='bbox 2711 3285 2819 3343; x_wconf 90' lang='lat' dir='ltr'><strong>Sed</strong></span> <span class='ocrx_word' id='word_1_547' title='bbox 2872 3299 2981 3339; x_wconf 91' lang='lat' dir='ltr'><strong>non</strong></span> <span class='ocrx_word' id='word_1_548' title='bbox 3016 3285 3096 3339; x_wconf 92' lang='lat' dir='ltr'><strong>sic</strong></span> <span class='ocrx_word' id='word_1_549' title='bbox 3128 3282 3347 3347; x_wconf 88' lang='lat' dir='ltr'><strong>Filium,</strong></span> <span class='ocrx_word' id='word_1_550' title='bbox 3382 3282 3582 3352; x_wconf 88' lang='lat' dir='ltr'><strong>inquit,</strong></span> 
     </span>
    </p>
   </div>
   <div class='ocr_carea' id='block_1_76' title="bbox 2008 3370 3581 3449">
    <p class='ocr_par' dir='ltr' id='par_1_76' title="bbox 2008 3370 3581 3449">
     <span class='ocr_line' id='line_1_76' title="bbox 2008 3370 3581 3449; baseline -0.013 -8"><span class='ocrx_word' id='word_1_551' title='bbox 2008 3386 2154 3440; x_wconf 85' lang='lat' dir='ltr'><strong>Deus</strong></span> <span class='ocrx_word' id='word_1_552' title='bbox 2210 3399 2275 3437; x_wconf 91' lang='lat' dir='ltr'><strong>ac</strong></span> <span class='ocrx_word' id='word_1_553' title='bbox 2314 3381 2471 3436; x_wconf 88' lang='lat' dir='ltr'><strong>Pater</strong></span> <span class='ocrx_word' id='word_1_554' title='bbox 2532 3378 2728 3449; x_wconf 82' lang='lat' dir='ltr'><strong>diligit.</strong></span> <span class='ocrx_word' id='word_1_555' title='bbox 2780 3374 2927 3429; x_wconf 86' lang='lat' dir='ltr'><strong>Nihil</strong></span> <span class='ocrx_word' id='word_1_556' title='bbox 2965 3371 3110 3429; x_wconf 82' lang='lat' dir='ltr'><strong>enim</strong></span> <span class='ocrx_word' id='word_1_557' title='bbox 3157 3370 3339 3426; x_wconf 80' lang='lat' dir='ltr'><strong>facere</strong></span> <span class='ocrx_word' id='word_1_558' title='bbox 3377 3377 3581 3440; x_wconf 87' lang='lat' dir='ltr'><strong>potest,</strong></span> 
     </span>
    </p>
   </div>
   <div class='ocr_carea' id='block_1_77' title="bbox 2006 3464 3581 3546">
    <p class='ocr_par' dir='ltr' id='par_1_77' title="bbox 2006 3464 3581 3546">
     <span class='ocr_line' id='line_1_77' title="bbox 2006 3464 3581 3546; baseline -0.012 -16"><span class='ocrx_word' id='word_1_559' title='bbox 2006 3473 2154 3546; x_wconf 89' lang='lat' dir='ltr'><strong>quod</strong></span> <span class='ocrx_word' id='word_1_560' title='bbox 2181 3487 2291 3528; x_wconf 88' lang='lat' dir='ltr'><strong>non</strong></span> <span class='ocrx_word' id='word_1_561' title='bbox 2332 3470 2448 3541; x_wconf 89' lang='lat' dir='ltr'><strong>ipse</strong></span> <span class='ocrx_word' id='word_1_562' title='bbox 2471 3482 2691 3539; x_wconf 90' lang='lat' dir='ltr'><strong>quoque</strong></span> <span class='ocrx_word' id='word_1_563' title='bbox 2721 3464 2887 3520; x_wconf 89' lang='lat' dir='ltr'><strong>Pater</strong></span> <span class='ocrx_word' id='word_1_564' title='bbox 2914 3469 3172 3534; x_wconf 88' lang='lat' dir='ltr'><strong>operetur</strong></span> <span class='ocrx_word' id='word_1_565' title='bbox 3198 3477 3213 3527; x_wconf 90' lang='lat'><strong>;</strong></span> <span class='ocrx_word' id='word_1_566' title='bbox 3243 3474 3367 3514; x_wconf 89' lang='lat' dir='ltr'><strong>cum</strong></span> <span class='ocrx_word' id='word_1_567' title='bbox 3396 3466 3581 3512; x_wconf 89' lang='lat' dir='ltr'><strong>autem</strong></span> 
     </span>
    </p>
   </div>
   <div class='ocr_carea' id='block_1_78' title="bbox 2006 3547 3582 3625">
    <p class='ocr_par' dir='ltr' id='par_1_78' title="bbox 2006 3547 3582 3625">
     <span class='ocr_line' id='line_1_78' title="bbox 2006 3547 3582 3625; baseline -0.012 -6"><span class='ocrx_word' id='word_1_568' title='bbox 2006 3579 2171 3619; x_wconf 87' lang='lat' dir='ltr'><strong>unam</strong></span> <span class='ocrx_word' id='word_1_569' title='bbox 2239 3561 2437 3616; x_wconf 87' lang='lat' dir='ltr'><strong>habeat</strong></span> <span class='ocrx_word' id='word_1_570' title='bbox 2468 3572 2592 3614; x_wconf 90' lang='lat' dir='ltr'><strong>cum</strong></span> <span class='ocrx_word' id='word_1_571' title='bbox 2641 3555 2762 3625; x_wconf 89' lang='lat' dir='ltr'><strong>ipso</strong></span> <span class='ocrx_word' id='word_1_572' title='bbox 2789 3550 3178 3614; x_wconf 88' lang='lat' dir='ltr'><strong>substantiam,</strong></span> <span class='ocrx_word' id='word_1_573' title='bbox 3213 3556 3423 3603; x_wconf 76' lang='lat' dir='ltr'><strong>natura:</strong></span> <span class='ocrx_word' id='word_1_574' title='bbox 3456 3547 3582 3618; x_wconf 80' lang='lat' dir='ltr'><strong>qui-</strong></span> 
     </span>
    </p>
   </div>
   <div class='ocr_carea' id='block_1_79' title="bbox 2005 3640 3584 3720">
    <p class='ocr_par' dir='ltr' id='par_1_79' title="bbox 2005 3640 3584 3720">
     <span class='ocr_line' id='line_1_79' title="bbox 2005 3640 3584 3720; baseline -0.013 -8"><span class='ocrx_word' id='word_1_575' title='bbox 2005 3653 2283 3720; x_wconf 77' lang='lat' dir='ltr'><strong>busdatn,.</strong></span> <span class='ocrx_word' id='word_1_576' title='bbox 2319 3659 2378 3704; x_wconf 89' lang='lat' dir='ltr'><strong>ut</strong></span> <span class='ocrx_word' id='word_1_577' title='bbox 2417 3650 2491 3703; x_wconf 85' lang='lat' dir='ltr'><strong>ita</strong></span> <span class='ocrx_word' id='word_1_578' title='bbox 2543 3647 2815 3710; x_wconf 80' lang='lat' dir='ltr'><strong>dicamus,</strong></span> <span class='ocrx_word' id='word_1_579' title='bbox 2858 3643 3066 3713; x_wconf 79' lang='lat' dir='ltr'><strong>legibus</strong></span> <span class='ocrx_word' id='word_1_580' title='bbox 3094 3641 3160 3696; x_wconf 93' lang='lat' dir='ltr'><strong>ad</strong></span> <span class='ocrx_word' id='word_1_581' title='bbox 3204 3640 3449 3696; x_wconf 89' lang='lat' dir='ltr'><strong>eamdem</strong></span> <span class='ocrx_word' id='word_1_582' title='bbox 3487 3653 3584 3710; x_wconf 89' lang='lat' dir='ltr'><strong>per</strong></span> 
     </span>
    </p>
   </div>
   <div class='ocr_carea' id='block_1_80' title="bbox 2005 3730 3580 3803">
    <p class='ocr_par' dir='ltr' id='par_1_80' title="bbox 2005 3730 3580 3803">
     <span class='ocr_line' id='line_1_80' title="bbox 2005 3730 3580 3803; baseline -0.013 -1"><span class='ocrx_word' id='word_1_583' title='bbox 2005 3747 2188 3803; x_wconf 90' lang='lat' dir='ltr'><strong>omnia</strong></span> <span class='ocrx_word' id='word_1_584' title='bbox 2219 3753 2447 3799; x_wconf 83' lang='lat' dir='ltr'><strong>vocatur</strong></span> <span class='ocrx_word' id='word_1_585' title='bbox 2478 3740 2809 3795; x_wconf 83' lang='lat' dir='ltr'><strong>voluntatem</strong></span> <span class='ocrx_word' id='word_1_586' title='bbox 2834 3750 2898 3789; x_wconf 91' lang='lat' dir='ltr'><strong>ac</strong></span> <span class='ocrx_word' id='word_1_587' title='bbox 2924 3734 3201 3789; x_wconf 90' lang='lat' dir='ltr'><strong>virtutem.</strong></span> <span class='ocrx_word' id='word_1_588' title='bbox 3221 3730 3366 3786; x_wconf 81' lang='lat' dir='ltr'><strong>Nihil</strong></span> <span class='ocrx_word' id='word_1_589' title='bbox 3392 3730 3580 3800; x_wconf 81' lang='lat' dir='ltr'><strong>igitur,</strong></span> 
     </span>
    </p>
   </div>
   <div class='ocr_carea' id='block_1_81' title="bbox 2006 3818 3583 3904">
    <p class='ocr_par' dir='ltr' id='par_1_81' title="bbox 2006 3818 3583 3904">
     <span class='ocr_line' id='line_1_81' title="bbox 2006 3818 3583 3904; baseline -0.01 -15"><span class='ocrx_word' id='word_1_590' title='bbox 2006 3834 2206 3904; x_wconf 89' lang='lat' dir='ltr'><strong>inquit,</strong></span> <span class='ocrx_word' id='word_1_591' title='bbox 2236 3839 2600 3903; x_wconf 85' lang='lat' dir='ltr'><strong>praeterquam</strong></span> <span class='ocrx_word' id='word_1_592' title='bbox 2628 3829 2772 3897; x_wconf 89' lang='lat' dir='ltr'><strong>quod</strong></span> <span class='ocrx_word' id='word_1_593' title='bbox 2798 3823 3045 3881; x_wconf 87' lang='lat' dir='ltr'><strong>Genitori</strong></span> <span class='ocrx_word' id='word_1_594' title='bbox 3069 3821 3336 3894; x_wconf 88' lang='lat' dir='ltr'><strong>placuerit</strong></span> <span class='ocrx_word' id='word_1_595' title='bbox 3363 3829 3459 3875; x_wconf 88' lang='lat' dir='ltr'><strong>aut</strong></span> <span class='ocrx_word' id='word_1_596' title='bbox 3486 3818 3583 3874; x_wconf 84' lang='lat' dir='ltr'><strong>de-</strong></span> 
     </span>
    </p>
   </div>
   <div class='ocr_carea' id='block_1_82' title="bbox 2005 3908 3580 3989">
    <p class='ocr_par' dir='ltr' id='par_1_82' title="bbox 2005 3908 3580 3989">
     <span class='ocr_line' id='line_1_82' title="bbox 2005 3908 3580 3989; baseline -0.011 -11"><span class='ocrx_word' id='word_1_597' title='bbox 2005 3922 2336 3988; x_wconf 89' lang='lat' dir='ltr'><strong>ceat,Filius</strong></span> <span class='ocrx_word' id='word_1_598' title='bbox 2364 3926 2646 3989; x_wconf 88' lang='lat' dir='ltr'><strong>operatur,</strong></span> <span class='ocrx_word' id='word_1_599' title='bbox 2682 3928 2858 3983; x_wconf 88' lang='lat' dir='ltr'><strong>neque</strong></span> <span class='ocrx_word' id='word_1_600' title='bbox 2892 3913 3158 3968; x_wconf 83' lang='lat' dir='ltr'><strong>adversus</strong></span> <span class='ocrx_word' id='word_1_601' title='bbox 3188 3910 3368 3964; x_wconf 82' lang='lat' dir='ltr'><strong>Patris</strong></span> <span class='ocrx_word' id='word_1_602' title='bbox 3396 3908 3580 3964; x_wconf 86' lang='lat' dir='ltr'><strong>chari-</strong></span> 
     </span>
    </p>
   </div>
   <div class='ocr_carea' id='block_1_83' title="bbox 2004 3999 3580 4084">
    <p class='ocr_par' dir='ltr' id='par_1_83' title="bbox 2004 3999 3580 4084">
     <span class='ocr_line' id='line_1_83' title="bbox 2004 3999 3580 4084; baseline -0.01 -17"><span class='ocrx_word' id='word_1_603' title='bbox 2004 4021 2170 4068; x_wconf 88' lang='lat' dir='ltr'><strong>tatem</strong></span> <span class='ocrx_word' id='word_1_604' title='bbox 2186 4013 2297 4084; x_wconf 88' lang='lat' dir='ltr'><strong>agit</strong></span> <span class='ocrx_word' id='word_1_605' title='bbox 2311 4022 2615 4081; x_wconf 88' lang='lat' dir='ltr'><strong>perperam,</strong></span> <span class='ocrx_word' id='word_1_606' title='bbox 2643 4004 2932 4061; x_wconf 86' lang='lat' dir='ltr'><strong>ambitiosa</strong></span> <span class='ocrx_word' id='word_1_607' title='bbox 2951 4000 3213 4073; x_wconf 89' lang='lat' dir='ltr'><strong>operandi</strong></span> <span class='ocrx_word' id='word_1_608' title='bbox 3236 3999 3580 4055; x_wconf 72' lang='lat' dir='ltr'><strong>aﬂ‘ematione</strong></span> 
     </span>
    </p>
   </div>
   <div class='ocr_carea' id='block_1_84' title="bbox 2003 4091 3579 4169">
    <p class='ocr_par' dir='ltr' id='par_1_84' title="bbox 2003 4091 3579 4169">
     <span class='ocr_line' id='line_1_84' title="bbox 2003 4091 3579 4169; baseline -0.011 -9"><span class='ocrx_word' id='word_1_609' title='bbox 2003 4114 2058 4161; x_wconf 91' lang='lat' dir='ltr'><strong>et</strong></span> <span class='ocrx_word' id='word_1_610' title='bbox 2092 4101 2439 4158; x_wconf 88' lang='lat' dir='ltr'><strong>contumacia</strong></span> <span class='ocrx_word' id='word_1_611' title='bbox 2469 4099 2601 4167; x_wconf 89' lang='lat' dir='ltr'><strong>;sed</strong></span> <span class='ocrx_word' id='word_1_612' title='bbox 2638 4113 2757 4169; x_wconf 73' lang='lat' dir='ltr'><strong>qua:</strong></span> <span class='ocrx_word' id='word_1_613' title='bbox 2790 4111 2914 4152; x_wconf 91' lang='lat' dir='ltr'><strong>eum</strong></span> <span class='ocrx_word' id='word_1_614' title='bbox 2962 4095 3254 4148; x_wconf 82' lang='lat' dir='ltr'><strong>facientem</strong></span> <span class='ocrx_word' id='word_1_615' title='bbox 3296 4091 3579 4145; x_wconf 87' lang='lat' dir='ltr'><strong>intellectu</strong></span> 
     </span>
    </p>
   </div>
   <div class='ocr_carea' id='block_1_85' title="bbox 2003 4179 3580 4261">
    <p class='ocr_par' dir='ltr' id='par_1_85' title="bbox 2003 4179 3580 4261">
     <span class='ocr_line' id='line_1_85' title="bbox 2003 4179 3580 4261; baseline -0.012 -12"><span class='ocrx_word' id='word_1_616' title='bbox 2003 4194 2173 4260; x_wconf 83' lang='lat' dir='ltr'><strong>videt,</strong></span> <span class='ocrx_word' id='word_1_617' title='bbox 2204 4193 2318 4248; x_wconf 55' lang='lat' dir='ltr'><strong>hac</strong></span> <span class='ocrx_word' id='word_1_618' title='bbox 2348 4192 2538 4261; x_wconf 90' lang='lat' dir='ltr'><strong>utique</strong></span> <span class='ocrx_word' id='word_1_619' title='bbox 2577 4189 2835 4243; x_wconf 75' lang='lat' dir='ltr'><strong>universa</strong></span> <span class='ocrx_word' id='word_1_620' title='bbox 2864 4183 3094 4255; x_wconf 81' lang='lat' dir='ltr'><strong>perﬁcit,</strong></span> <span class='ocrx_word' id='word_1_621' title='bbox 3128 4196 3252 4235; x_wconf 89' lang='lat' dir='ltr'><strong>cum</strong></span> <span class='ocrx_word' id='word_1_622' title='bbox 3284 4181 3353 4234; x_wconf 88' lang='lat' dir='ltr'><strong>ob</strong></span> <span class='ocrx_word' id='word_1_623' title='bbox 3384 4179 3580 4233; x_wconf 86' lang='lat' dir='ltr'><strong>identi-</strong></span> 
     </span>
    </p>
   </div>
   <div class='ocr_carea' id='block_1_86' title="bbox 2004 4269 3581 4349">
    <p class='ocr_par' dir='ltr' id='par_1_86' title="bbox 2004 4269 3581 4349">
     <span class='ocr_line' id='line_1_86' title="bbox 2004 4269 3581 4349; baseline -0.011 -11"><span class='ocrx_word' id='word_1_624' title='bbox 2004 4293 2167 4340; x_wconf 87' lang='lat' dir='ltr'><strong>tatem</strong></span> <span class='ocrx_word' id='word_1_625' title='bbox 2197 4282 2519 4338; x_wconf 63' lang='lat' dir='ltr'><strong>substantiae</strong></span> <span class='ocrx_word' id='word_1_626' title='bbox 2544 4292 2814 4349; x_wconf 85' lang='lat' dir='ltr'><strong>nusquam</strong></span> <span class='ocrx_word' id='word_1_627' title='bbox 2847 4277 2915 4329; x_wconf 87' lang='lat' dir='ltr'><strong>ab</strong></span> <span class='ocrx_word' id='word_1_628' title='bbox 2936 4289 3003 4329; x_wconf 91' lang='lat' dir='ltr'><strong>eo</strong></span> <span class='ocrx_word' id='word_1_629' title='bbox 3031 4273 3177 4343; x_wconf 90' lang='lat' dir='ltr'><strong>quod</strong></span> <span class='ocrx_word' id='word_1_630' title='bbox 3197 4271 3303 4326; x_wconf 89' lang='lat' dir='ltr'><strong>Deo</strong></span> <span class='ocrx_word' id='word_1_631' title='bbox 3325 4269 3581 4325; x_wconf 81' lang='lat' dir='ltr'><strong>convenit</strong></span> 
     </span>
    </p>
   </div>
   <div class='ocr_carea' id='block_1_87' title="bbox 2003 4361 3580 4447">
    <p class='ocr_par' dir='ltr' id='par_1_87' title="bbox 2003 4361 3580 4447">
     <span class='ocr_line' id='line_1_87' title="bbox 2003 4361 3580 4447; baseline -0.013 -14"><span class='ocrx_word' id='word_1_632' title='bbox 2003 4376 2255 4433; x_wconf 83' lang='lat' dir='ltr'><strong>excidere</strong></span> <span class='ocrx_word' id='word_1_633' title='bbox 2277 4383 2458 4447; x_wconf 89' lang='lat' dir='ltr'><strong>queat.</strong></span> <span class='ocrx_word' id='word_1_634' title='bbox 2493 4370 2682 4427; x_wconf 80' lang='lat' dir='ltr'><strong>Omnis</strong></span> <span class='ocrx_word' id='word_1_635' title='bbox 2723 4367 2867 4422; x_wconf 88' lang='lat' dir='ltr'><strong>enim</strong></span> <span class='ocrx_word' id='word_1_636' title='bbox 2918 4362 3240 4419; x_wconf 66' lang='lat' dir='ltr'><strong>mutationis</strong></span> <span class='ocrx_word' id='word_1_637' title='bbox 3289 4368 3342 4416; x_wconf 89' lang='lat' dir='ltr'><strong>et</strong></span> <span class='ocrx_word' id='word_1_638' title='bbox 3383 4361 3580 4414; x_wconf 85' lang='lat' dir='ltr'><strong>altera-</strong></span> 
     </span>
    </p>
   </div>
   <div class='ocr_carea' id='block_1_88' title="bbox 322 4450 1899 4556">
    <p class='ocr_par' dir='ltr' id='par_1_88' title="bbox 322 4455 1899 4556">
     <span class='ocr_line' id='line_1_88' title="bbox 322 4455 1899 4556; baseline 0.013 -51"><span class='ocrx_word' id='word_1_639' title='bbox 322 4472 482 4556; x_wconf 53' lang='grc' dir='ltr'>πτειν</span> <span class='ocrx_word' id='word_1_640' title='bbox 511 4455 572 4556; x_wconf 75' lang='grc' dir='ltr'><strong>τὸ</strong></span> <span class='ocrx_word' id='word_1_641' title='bbox 599 4456 736 4556; x_wconf 42' lang='grc' dir='ltr'><strong>Θεῷ.</strong></span> <span class='ocrx_word' id='word_1_642' title='bbox 763 4462 971 4556; x_wconf 65' lang='grc' dir='ltr'>πρεπον</span> <span class='ocrx_word' id='word_1_643' title='bbox 1008 4461 1483 4536; x_wconf 87' lang='grc' dir='ltr'>διακρατούμενος.</span> <span class='ocrx_word' id='word_1_644' title='bbox 1528 4470 1750 4541; x_wconf 82' lang='grc' dir='ltr'>Τροπῆς</span> <span class='ocrx_word' id='word_1_645' title='bbox 1790 4473 1899 4543; x_wconf 87' lang='grc' dir='ltr'><strong>γάρ</strong></span> 
     </span>
    </p>
   </div>
   <div class='ocr_carea' id='block_1_89' title="bbox 2004 4450 3580 4556">
    <p class='ocr_par' dir='ltr' id='par_1_89' title="bbox 2006 4450 3580 4540">
     <span class='ocr_line' id='line_1_89' title="bbox 2006 4450 3580 4540; baseline -0.015 -14"><span class='ocrx_word' id='word_1_646' title='bbox 2006 4472 2171 4528; x_wconf 87' lang='lat' dir='ltr'><strong>tionis</strong></span> <span class='ocrx_word' id='word_1_647' title='bbox 2203 4478 2287 4526; x_wconf 90' lang='lat' dir='ltr'><strong>est</strong></span> <span class='ocrx_word' id='word_1_648' title='bbox 2309 4482 2528 4540; x_wconf 81' lang='lat' dir='ltr'><strong>expers,</strong></span> <span class='ocrx_word' id='word_1_649' title='bbox 2560 4463 2653 4520; x_wconf 87' lang='lat' dir='ltr'><strong>sed</strong></span> <span class='ocrx_word' id='word_1_650' title='bbox 2686 4466 2871 4516; x_wconf 88' lang='lat' dir='ltr'><strong>manet</strong></span> <span class='ocrx_word' id='word_1_651' title='bbox 2902 4457 3043 4512; x_wconf 86' lang='lat' dir='ltr'><strong>idem</strong></span> <span class='ocrx_word' id='word_1_652' title='bbox 3070 4470 3307 4525; x_wconf 89' lang='lat' dir='ltr'><strong>semper,</strong></span> <span class='ocrx_word' id='word_1_653' title='bbox 3338 4461 3397 4507; x_wconf 92' lang='lat' dir='ltr'><strong>ut</strong></span> <span class='ocrx_word' id='word_1_654' title='bbox 3429 4450 3580 4505; x_wconf 83' lang='lat' dir='ltr'><strong>Psal-</strong></span> 
     </span>
    </p>
   </div>
   <div class='ocr_carea' id='block_1_90' title="bbox 322 4544 1897 4628">
    <p class='ocr_par' dir='ltr' id='par_1_90' title="bbox 322 4544 1897 4628">
     <span class='ocr_line' id='line_1_90' title="bbox 322 4544 1897 4628; baseline 0.015 -34"><span class='ocrx_word' id='word_1_655' title='bbox 322 4544 423 4614; x_wconf 83' lang='grc' dir='ltr'>τῆς</span> <span class='ocrx_word' id='word_1_656' title='bbox 444 4544 535 4597; x_wconf 84' lang='grc' dir='ltr'>ὲπί</span> <span class='ocrx_word' id='word_1_657' title='bbox 550 4563 602 4599; x_wconf 93' lang='grc' dir='ltr'><strong>τι</strong></span> <span class='ocrx_word' id='word_1_658' title='bbox 655 4547 748 4601; x_wconf 77' lang='grc' dir='ltr'><strong>καὶ</strong></span> <span class='ocrx_word' id='word_1_659' title='bbox 777 4548 1112 4616; x_wconf 85' lang='grc' dir='ltr'>ἀλλοιώσεως</span> <span class='ocrx_word' id='word_1_660' title='bbox 1135 4554 1381 4626; x_wconf 87' lang='grc' dir='ltr'>ἀμοιρεῖ·</span> <span class='ocrx_word' id='word_1_661' title='bbox 1411 4559 1560 4628; x_wconf 83' lang='grc' dir='ltr'>μένει</span> <span class='ocrx_word' id='word_1_662' title='bbox 1589 4560 1649 4614; x_wconf 82' lang='grc' dir='ltr'>δὲ</span> <span class='ocrx_word' id='word_1_663' title='bbox 1667 4564 1695 4615; x_wconf 88' lang='lat'><strong>6</strong></span> <span class='ocrx_word' id='word_1_664' title='bbox 1733 4562 1897 4628; x_wconf 81' lang='grc' dir='ltr'>αὐτὸς</span> 
     </span>
    </p>
   </div>
   <div class='ocr_carea' id='block_1_91' title="bbox 262 4636 1899 4721">
    <p class='ocr_par' dir='ltr' id='par_1_91' title="bbox 262 4636 1899 4721">
     <span class='ocr_line' id='line_1_91' title="bbox 262 4636 1899 4721; baseline 0.013 -34"><span class='ocrx_word' id='word_1_665' title='bbox 262 4673 299 4687; x_wconf 52' lang='grc' dir='ltr'><strong>ε</strong></span> <span class='ocrx_word' id='word_1_666' title='bbox 321 4636 701 4705; x_wconf 80' lang='grc' dir='ltr'>ἀδιαλείπτως,</span> <span class='ocrx_word' id='word_1_667' title='bbox 729 4640 805 4705; x_wconf 86' lang='grc' dir='ltr'>ὡς</span> <span class='ocrx_word' id='word_1_668' title='bbox 833 4643 863 4695; x_wconf 93' lang='lat'><strong>6</strong></span> <span class='ocrx_word' id='word_1_669' title='bbox 913 4642 1218 4715; x_wconf 85' lang='grc' dir='ltr'>Ψαλμῳδός</span> <span class='ocrx_word' id='word_1_670' title='bbox 1249 4648 1351 4701; x_wconf 86' lang='grc' dir='ltr'><strong>πού</strong></span> <span class='ocrx_word' id='word_1_671' title='bbox 1397 4667 1549 4721; x_wconf 83' lang='grc' dir='ltr'>φησι.</span> <span class='ocrx_word' id='word_1_672' title='bbox 1572 4653 1814 4707; x_wconf 88' lang='grc' dir='ltr'>Δεικνύει</span> <span class='ocrx_word' id='word_1_673' title='bbox 1837 4655 1899 4709; x_wconf 68' lang='grc' dir='ltr'>δὲ</span> 
     </span>
    </p>
   </div>
   <div class='ocr_carea' id='block_1_92' title="bbox 319 4728 1893 4819">
    <p class='ocr_par' dir='ltr' id='par_1_92' title="bbox 319 4728 1893 4819">
     <span class='ocr_line' id='line_1_92' title="bbox 319 4728 1893 4819; baseline 0.013 -38"><span class='ocrx_word' id='word_1_674' title='bbox 319 4728 481 4819; x_wconf 84' lang='grc' dir='ltr'>πάλιν</span> <span class='ocrx_word' id='word_1_675' title='bbox 502 4731 530 4783; x_wconf 97' lang='lat'><strong>6</strong></span> <span class='ocrx_word' id='word_1_676' title='bbox 557 4731 745 4804; x_wconf 83' lang='grc' dir='ltr'>Πατὴρ</span> <span class='ocrx_word' id='word_1_677' title='bbox 760 4732 839 4805; x_wconf 81' lang='grc' dir='ltr'>τῷ</span> <span class='ocrx_word' id='word_1_678' title='bbox 877 4734 1014 4806; x_wconf 83' lang='grc' dir='ltr'>Υίῷ,</span> <span class='ocrx_word' id='word_1_679' title='bbox 1052 4736 1088 4790; x_wconf 84' lang='grc' dir='ltr'>ἃ</span> <span class='ocrx_word' id='word_1_680' title='bbox 1109 4738 1270 4803; x_wconf 87' lang='grc' dir='ltr'>αὐτὸς</span> <span class='ocrx_word' id='word_1_681' title='bbox 1302 4744 1463 4808; x_wconf 86' lang='grc' dir='ltr'>ποιεῖ,</span> <span class='ocrx_word' id='word_1_682' title='bbox 1476 4743 1538 4796; x_wconf 83' lang='grc' dir='ltr'><strong>ού</strong></span> <span class='ocrx_word' id='word_1_683' title='bbox 1567 4744 1817 4819; x_wconf 87' lang='grc' dir='ltr'>καθάπερ</span> <span class='ocrx_word' id='word_1_684' title='bbox 1836 4747 1893 4801; x_wconf 75' lang='grc' dir='ltr'><strong>ἒν</strong></span> 
     </span>
    </p>
   </div>
   <div class='ocr_carea' id='block_1_93' title="bbox 320 4818 1894 4904">
    <p class='ocr_par' dir='ltr' id='par_1_93' title="bbox 320 4818 1894 4904">
     <span class='ocr_line' id='line_1_93' title="bbox 320 4818 1894 4904; baseline 0.013 -34"><span class='ocrx_word' id='word_1_685' title='bbox 320 4818 507 4873; x_wconf 86' lang='grc' dir='ltr'>πίνακι</span> <span class='ocrx_word' id='word_1_686' title='bbox 554 4819 1008 4897; x_wconf 85' lang='grc' dir='ltr'>διαγεγραμμένα</span> <span class='ocrx_word' id='word_1_687' title='bbox 1053 4828 1396 4898; x_wconf 77' lang='grc' dir='ltr'>παρατιθεὶς,</span> <span class='ocrx_word' id='word_1_688' title='bbox 1428 4832 1460 4903; x_wconf 82' lang='grc' dir='ltr'>ἢ</span> <span class='ocrx_word' id='word_1_689' title='bbox 1498 4833 1573 4897; x_wconf 84' lang='grc' dir='ltr'>ὡς</span> <span class='ocrx_word' id='word_1_690' title='bbox 1596 4818 1894 4904; x_wconf 77' lang='grc' dir='ltr'>ἀγνοοῦντα</span> 
     </span>
    </p>
   </div>
   <div class='ocr_carea' id='block_1_94' title="bbox 317 4907 1893 4989">
    <p class='ocr_par' dir='ltr' id='par_1_94' title="bbox 317 4907 1893 4989">
     <span class='ocr_line' id='line_1_94' title="bbox 317 4907 1893 4989; baseline 0.011 -28"><span class='ocrx_word' id='word_1_691' title='bbox 317 4907 581 4964; x_wconf 83' lang='grc' dir='ltr'>διδάσκων</span> <span class='ocrx_word' id='word_1_692' title='bbox 605 4913 801 4981; x_wconf 87' lang='grc' dir='ltr'>(πάντα</span> <span class='ocrx_word' id='word_1_693' title='bbox 819 4915 930 4987; x_wconf 88' lang='grc' dir='ltr'><strong>γάρ</strong></span> <span class='ocrx_word' id='word_1_694' title='bbox 955 4912 1096 4970; x_wconf 76' lang='grc' dir='ltr'>οἶδεν</span> <span class='ocrx_word' id='word_1_695' title='bbox 1124 4917 1200 4982; x_wconf 80' lang='grc' dir='ltr'>ὡς</span> <span class='ocrx_word' id='word_1_696' title='bbox 1227 4918 1403 4989; x_wconf 85' lang='grc' dir='ltr'>Θεὸς),</span> <span class='ocrx_word' id='word_1_697' title='bbox 1431 4922 1546 4976; x_wconf 78' lang='grc' dir='ltr'>ἀλλ’</span> <span class='ocrx_word' id='word_1_698' title='bbox 1566 4922 1684 4978; x_wconf 84' lang='grc' dir='ltr'>ὅλον</span> <span class='ocrx_word' id='word_1_699' title='bbox 1701 4925 1893 4979; x_wconf 80' lang='grc' dir='ltr'>ἑαυτὸν</span> 
     </span>
    </p>
   </div>
   <div class='ocr_carea' id='block_1_95' title="bbox 314 5001 1892 5086">
    <p class='ocr_par' dir='ltr' id='par_1_95' title="bbox 314 5001 1892 5086">
     <span class='ocr_line' id='line_1_95' title="bbox 314 5001 1892 5086; baseline 0.012 -32"><span class='ocrx_word' id='word_1_700' title='bbox 314 5001 374 5054; x_wconf 77' lang='grc' dir='ltr'>ὲν</span> <span class='ocrx_word' id='word_1_701' title='bbox 403 5006 471 5074; x_wconf 76' lang='grc' dir='ltr'>τῇ</span> <span class='ocrx_word' id='word_1_702' title='bbox 503 5004 596 5057; x_wconf 91' lang='grc' dir='ltr'><strong>τοῦ</strong></span> <span class='ocrx_word' id='word_1_703' title='bbox 619 5006 958 5080; x_wconf 85' lang='grc' dir='ltr'>Γεννήματος</span> <span class='ocrx_word' id='word_1_704' title='bbox 981 5011 1142 5082; x_wconf 87' lang='grc' dir='ltr'>φύσει</span> <span class='ocrx_word' id='word_1_705' title='bbox 1165 5015 1495 5086; x_wconf 81' lang='grc' dir='ltr'>ζωγραφῶν,</span> <span class='ocrx_word' id='word_1_706' title='bbox 1536 5019 1628 5072; x_wconf 74' lang='grc' dir='ltr'><strong>καὶ</strong></span> <span class='ocrx_word' id='word_1_707' title='bbox 1643 5018 1712 5072; x_wconf 82' lang='grc' dir='ltr'><strong>τά</strong></span> <span class='ocrx_word' id='word_1_708' title='bbox 1744 5018 1892 5081; x_wconf 78' lang='grc' dir='ltr'>ἰδίως</span> 
     </span>
    </p>
   </div>
   <div class='ocr_carea' id='block_1_96' title="bbox 316 5090 1890 5179">
    <p class='ocr_par' dir='ltr' id='par_1_96' title="bbox 316 5090 1890 5179">
     <span class='ocr_line' id='line_1_96' title="bbox 316 5090 1890 5179; baseline 0.017 -37"><span class='ocrx_word' id='word_1_709' title='bbox 316 5090 469 5160; x_wconf 83' lang='grc' dir='ltr'><strong>αὑτῷ</strong></span> <span class='ocrx_word' id='word_1_710' title='bbox 502 5101 919 5167; x_wconf 81' lang='grc' dir='ltr'>προσπεφυκότα</span> <span class='ocrx_word' id='word_1_711' title='bbox 975 5104 1238 5161; x_wconf 84' lang='grc' dir='ltr'>δεικνύων</span> <span class='ocrx_word' id='word_1_712' title='bbox 1260 5108 1318 5161; x_wconf 85' lang='grc' dir='ltr'>ὲν</span> <span class='ocrx_word' id='word_1_713' title='bbox 1359 5108 1559 5179; x_wconf 80' lang='grc' dir='ltr'>ἐαυτῷ,</span> <span class='ocrx_word' id='word_1_714' title='bbox 1588 5109 1677 5163; x_wconf 78' lang='grc' dir='ltr'>ἵνα</span> <span class='ocrx_word' id='word_1_715' title='bbox 1723 5110 1783 5173; x_wconf 76' lang='grc' dir='ltr'>ἐξ</span> <span class='ocrx_word' id='word_1_716' title='bbox 1816 5103 1890 5163; x_wconf 85' lang='grc' dir='ltr'>ὧν</span> 
     </span>
    </p>
   </div>
   <div class='ocr_carea' id='block_1_97' title="bbox 316 5181 1891 5263">
    <p class='ocr_par' dir='ltr' id='par_1_97' title="bbox 316 5181 1891 5263">
     <span class='ocr_line' id='line_1_97' title="bbox 316 5181 1891 5263; baseline 0.011 -28"><span class='ocrx_word' id='word_1_717' title='bbox 316 5181 483 5244; x_wconf 81' lang='grc' dir='ltr'>αὐτὸς</span> <span class='ocrx_word' id='word_1_718' title='bbox 509 5183 740 5255; x_wconf 80' lang='grc' dir='ltr'>ὑπάρχει</span> <span class='ocrx_word' id='word_1_719' title='bbox 767 5189 861 5242; x_wconf 57' lang='grc' dir='ltr'><strong>καὶ¹</strong></span> <span class='ocrx_word' id='word_1_720' title='bbox 882 5193 1150 5261; x_wconf 83' lang='grc' dir='ltr'>φαίνεται,</span> <span class='ocrx_word' id='word_1_721' title='bbox 1175 5198 1420 5262; x_wconf 87' lang='grc' dir='ltr'>ποταπός</span> <span class='ocrx_word' id='word_1_722' title='bbox 1439 5214 1498 5252; x_wconf 90' lang='grc' dir='ltr'><strong>τε</strong></span> <span class='ocrx_word' id='word_1_723' title='bbox 1521 5199 1614 5252; x_wconf 78' lang='grc' dir='ltr'><strong>καὶ</strong></span> <span class='ocrx_word' id='word_1_724' title='bbox 1644 5199 1725 5263; x_wconf 90' lang='grc' dir='ltr'><strong>τίς</strong></span> <span class='ocrx_word' id='word_1_725' title='bbox 1749 5199 1891 5253; x_wconf 88' lang='grc' dir='ltr'><strong>κατά</strong></span> 
     </span>
    </p>
   </div>
   <div class='ocr_carea' id='block_1_98' title="bbox 314 5274 1886 5360">
    <p class='ocr_par' dir='ltr' id='par_1_98' title="bbox 314 5274 1886 5360">
     <span class='ocr_line' id='line_1_98' title="bbox 314 5274 1886 5360; baseline 0.015 -38"><span class='ocrx_word' id='word_1_726' title='bbox 314 5279 479 5340; x_wconf 84' lang='grc' dir='ltr'>φύσιν</span> <span class='ocrx_word' id='word_1_727' title='bbox 531 5274 681 5328; x_wconf 78' lang='grc' dir='ltr'>ἐστὶν</span> <span class='ocrx_word' id='word_1_728' title='bbox 725 5278 889 5352; x_wconf 83' lang='grc' dir='ltr'>εἰδείη</span> <span class='ocrx_word' id='word_1_729' title='bbox 945 5283 1036 5337; x_wconf 87' lang='grc' dir='ltr'><strong>τὸν</strong></span> <span class='ocrx_word' id='word_1_730' title='bbox 1073 5287 1396 5359; x_wconf 81' lang='grc' dir='ltr'>Γεννήτορα.</span> <span class='ocrx_word' id='word_1_731' title='bbox 1436 5291 1536 5344; x_wconf 83' lang='grc' dir='ltr'><strong>Διὰ</strong></span> <span class='ocrx_word' id='word_1_732' title='bbox 1579 5290 1689 5360; x_wconf 87' lang='grc' dir='ltr'>γὰρ</span> <span class='ocrx_word' id='word_1_733' title='bbox 1729 5290 1886 5345; x_wconf 86' lang='grc' dir='ltr'>τοῦτό</span> 
     </span>
    </p>
   </div>
   <div class='ocr_carea' id='block_1_99' title="bbox 314 5367 1889 5448">
    <p class='ocr_par' dir='ltr' id='par_1_99' title="bbox 314 5367 1889 5448">
     <span class='ocr_line' id='line_1_99' title="bbox 314 5367 1889 5448; baseline 0.012 -32"><span class='ocrx_word' id='word_1_734' title='bbox 314 5380 479 5432; x_wconf 86' lang='grc' dir='ltr'>φησιν</span> <span class='ocrx_word' id='word_1_735' title='bbox 509 5367 537 5417; x_wconf 92' lang='lat'><strong>6</strong></span> <span class='ocrx_word' id='word_1_736' title='bbox 561 5367 813 5438; x_wconf 84' lang='grc' dir='ltr'>Χριστὸς,</span> <span class='ocrx_word' id='word_1_737' title='bbox 863 5370 938 5435; x_wconf 85' lang='grc' dir='ltr'><strong>ώς</strong></span> <span class='ocrx_word' id='word_1_738' title='bbox 962 5392 981 5425; x_wconf 73' lang='grc' dir='ltr'><strong>ι</strong></span> <span class='ocrx_word' id='word_1_739' title='bbox 1026 5377 1209 5441; x_wconf 73' lang='grc' dir='ltr'>υύδεὶς</span> <span class='ocrx_word' id='word_1_740' title='bbox 1248 5380 1506 5448; x_wconf 81' lang='grc' dir='ltr'>γινώσκει</span> <span class='ocrx_word' id='word_1_741' title='bbox 1556 5381 1641 5446; x_wconf 87' lang='grc' dir='ltr'><strong>τίς</strong></span> <span class='ocrx_word' id='word_1_742' title='bbox 1683 5383 1829 5435; x_wconf 79' lang='grc' dir='ltr'>ἐστιν</span> <span class='ocrx_word' id='word_1_743' title='bbox 1860 5383 1889 5435; x_wconf 86' lang='lat'><strong>6</strong></span> 
     </span>
    </p>
   </div>
   <div class='ocr_carea' id='block_1_100' title="bbox 315 5455 1888 5545">
    <p class='ocr_par' dir='ltr' id='par_1_100' title="bbox 315 5455 1888 5545">
     <span class='ocr_line' id='line_1_100' title="bbox 315 5455 1888 5545; baseline 0.012 -37"><span class='ocrx_word' id='word_1_744' title='bbox 315 5455 459 5521; x_wconf 79' lang='grc' dir='ltr'>Υἱὸς,</span> <span class='ocrx_word' id='word_1_745' title='bbox 490 5457 538 5509; x_wconf 87' lang='grc' dir='ltr'><strong>εί</strong></span> <span class='ocrx_word' id='word_1_746' title='bbox 562 5458 638 5530; x_wconf 84' lang='grc' dir='ltr'><strong>μὴ</strong></span> <span class='ocrx_word' id='word_1_747' title='bbox 657 5461 683 5513; x_wconf 81' lang='lat'><strong>6</strong></span> <span class='ocrx_word' id='word_1_748' title='bbox 708 5462 916 5533; x_wconf 84' lang='grc' dir='ltr'>Πατὴρ,</span> <span class='ocrx_word' id='word_1_749' title='bbox 940 5466 1060 5520; x_wconf 83' lang='grc' dir='ltr'>οὐδὲ</span> <span class='ocrx_word' id='word_1_750' title='bbox 1072 5469 1163 5522; x_wconf 80' lang='grc' dir='ltr'><strong>τὸν</strong></span> <span class='ocrx_word' id='word_1_751' title='bbox 1180 5471 1394 5545; x_wconf 86' lang='grc' dir='ltr'>Πατέρα</span> <span class='ocrx_word' id='word_1_752' title='bbox 1420 5491 1503 5537; x_wconf 90' lang='grc' dir='ltr'><strong>τις</strong></span> <span class='ocrx_word' id='word_1_753' title='bbox 1516 5474 1888 5543; x_wconf 73' lang='grc' dir='ltr'>ἐπιγινώσκει,</span> 
     </span>
    </p>
   </div>
   <div class='ocr_carea' id='block_1_101' title="bbox 313 5548 1891 5636">
    <p class='ocr_par' dir='ltr' id='par_1_101' title="bbox 313 5548 1891 5636">
     <span class='ocr_line' id='line_1_101' title="bbox 313 5548 1891 5636; baseline 0.012 -34"><span class='ocrx_word' id='word_1_754' title='bbox 313 5548 395 5612; x_wconf 84' lang='grc' dir='ltr'><strong>τίς</strong></span> <span class='ocrx_word' id='word_1_755' title='bbox 423 5553 589 5618; x_wconf 72' lang='grc' dir='ltr'>ἐστιν,</span> <span class='ocrx_word' id='word_1_756' title='bbox 620 5555 668 5606; x_wconf 81' lang='grc' dir='ltr'><strong>εί</strong></span> <span class='ocrx_word' id='word_1_757' title='bbox 701 5557 774 5625; x_wconf 83' lang='grc' dir='ltr'><strong>μὴ</strong></span> <span class='ocrx_word' id='word_1_758' title='bbox 801 5558 829 5608; x_wconf 88' lang='lat'><strong>6</strong></span> <span class='ocrx_word' id='word_1_759' title='bbox 862 5557 1006 5616; x_wconf 79' lang='grc' dir='ltr'>Υἱός.</span> <span class='ocrx_word' id='word_1_760' title='bbox 1034 5561 1222 5632; x_wconf 81' lang='grc' dir='ltr'>Κεῖται</span> <span class='ocrx_word' id='word_1_761' title='bbox 1245 5563 1352 5634; x_wconf 90' lang='grc' dir='ltr'><strong>γάρ</strong></span> <span class='ocrx_word' id='word_1_762' title='bbox 1379 5566 1436 5618; x_wconf 81' lang='grc' dir='ltr'>ὲν</span> <span class='ocrx_word' id='word_1_763' title='bbox 1464 5566 1668 5636; x_wconf 87' lang='grc' dir='ltr'>ἀμφοῖν</span> <span class='ocrx_word' id='word_1_764' title='bbox 1694 5567 1726 5636; x_wconf 82' lang='grc' dir='ltr'>ἡ</span> <span class='ocrx_word' id='word_1_765' title='bbox 1761 5568 1891 5619; x_wconf 74' lang='grc' dir='ltr'>ἑκα-</span> 
     </span>
    </p>
   </div>
   <div class='ocr_carea' id='block_1_102' title="bbox 384 5727 864 5798">
    <p class='ocr_par' dir='ltr' id='par_1_102' title="bbox 384 5727 864 5798">
     <span class='ocr_line' id='line_1_102' title="bbox 384 5727 864 5798; baseline 0.015 -16"><span class='ocrx_word' id='word_1_766' title='bbox 384 5728 429 5760; x_wconf 76' lang='grc'><strong>⁸⁴⁵</strong></span> <span class='ocrx_word' id='word_1_767' title='bbox 461 5727 607 5785; x_wconf 85' lang='lat' dir='ltr'><strong>Psal.</strong></span> <span class='ocrx_word' id='word_1_768' title='bbox 641 5728 715 5798; x_wconf 75' lang='lat' dir='ltr'><strong>(it,</strong></span> <span class='ocrx_word' id='word_1_769' title='bbox 747 5749 864 5789; x_wconf 78' lang='lat' dir='ltr'><strong>cm.</strong></span> 
     </span>
    </p>
   </div>
   <div class='ocr_carea' id='block_1_103' title="bbox 638 5823 1357 5890">
    <p class='ocr_par' dir='ltr' id='par_1_103' title="bbox 638 5823 1357 5890">
     <span class='ocr_line' id='line_1_103' title="bbox 638 5823 1357 5890; baseline 0.006 -6"><span class='ocrx_word' id='word_1_770' title='bbox 638 5823 909 5887; x_wconf 66' lang='lat' dir='ltr'><strong>Parnm.</strong></span> <span class='ocrx_word' id='word_1_771' title='bbox 956 5826 1068 5886; x_wconf 73' lang='lat' dir='ltr'><strong>Gn.</strong></span> <span class='ocrx_word' id='word_1_772' title='bbox 1104 5826 1357 5890; x_wconf 80' lang='lat' dir='ltr'><strong>LXXIII.</strong></span> 
     </span>
    </p>
   </div>
   <div class='ocr_carea' id='block_1_104' title="bbox 2004 4552 3581 4619">
    <p class='ocr_par' dir='ltr' id='par_1_104' title="bbox 2004 4552 3581 4619">
     <span class='ocr_line' id='line_1_104' title="bbox 2004 4552 3581 4619; baseline -0.011 -2"><span class='ocrx_word' id='word_1_773' title='bbox 2004 4563 2167 4619; x_wconf 87' lang='lat' dir='ltr'><strong>mista</strong></span> <span class='ocrx_word' id='word_1_774' title='bbox 2210 4561 2360 4617; x_wconf 91' lang='lat' dir='ltr'><strong>canit</strong></span> <span class='ocrx_word' id='word_1_775' title='bbox 2413 4555 2696 4613; x_wconf 74' lang='lat' dir='ltr'><strong>alicubi“.</strong></span> <span class='ocrx_word' id='word_1_776' title='bbox 2756 4552 3106 4607; x_wconf 82' lang='lat' dir='ltr'><strong>Demonstrat</strong></span> <span class='ocrx_word' id='word_1_777' title='bbox 3157 4554 3336 4601; x_wconf 86' lang='lat' dir='ltr'><strong>autem</strong></span> <span class='ocrx_word' id='word_1_778' title='bbox 3389 4558 3581 4599; x_wconf 83' lang='lat' dir='ltr'><strong>rursus</strong></span> 
     </span>
    </p>
   </div>
   <div class='ocr_carea' id='block_1_105' title="bbox 2004 4635 3580 4721">
    <p class='ocr_par' dir='ltr' id='par_1_105' title="bbox 2004 4635 3580 4721">
     <span class='ocr_line' id='line_1_105' title="bbox 2004 4635 3580 4721; baseline -0.015 -12"><span class='ocrx_word' id='word_1_779' title='bbox 2004 4654 2164 4708; x_wconf 81' lang='lat' dir='ltr'><strong>Pater</strong></span> <span class='ocrx_word' id='word_1_780' title='bbox 2215 4650 2353 4706; x_wconf 82' lang='lat' dir='ltr'><strong>Filio</strong></span> <span class='ocrx_word' id='word_1_781' title='bbox 2396 4665 2518 4721; x_wconf 73' lang='lat' dir='ltr'><strong>qua:</strong></span> <span class='ocrx_word' id='word_1_782' title='bbox 2566 4649 2681 4718; x_wconf 89' lang='lat' dir='ltr'><strong>ipse</strong></span> <span class='ocrx_word' id='word_1_783' title='bbox 2712 4644 2865 4706; x_wconf 81' lang='lat' dir='ltr'><strong>facit,</strong></span> <span class='ocrx_word' id='word_1_784' title='bbox 2911 4656 3020 4696; x_wconf 91' lang='lat' dir='ltr'><strong>non</strong></span> <span class='ocrx_word' id='word_1_785' title='bbox 3056 4639 3212 4709; x_wconf 90' lang='lat' dir='ltr'><strong>quasi</strong></span> <span class='ocrx_word' id='word_1_786' title='bbox 3257 4636 3473 4706; x_wconf 82' lang='lat' dir='ltr'><strong>depicta</strong></span> <span class='ocrx_word' id='word_1_787' title='bbox 3524 4635 3580 4688; x_wconf 91' lang='lat' dir='ltr'><strong>in</strong></span> 
     </span>
    </p>
   </div>
   <div class='ocr_carea' id='block_1_106' title="bbox 2004 4729 3579 4813">
    <p class='ocr_par' dir='ltr' id='par_1_106' title="bbox 2004 4729 3579 4813">
     <span class='ocr_line' id='line_1_106' title="bbox 2004 4729 3579 4813; baseline -0.01 -15"><span class='ocrx_word' id='word_1_788' title='bbox 2004 4743 2204 4800; x_wconf 85' lang='lat' dir='ltr'><strong>tabulis</strong></span> <span class='ocrx_word' id='word_1_789' title='bbox 2252 4748 2543 4813; x_wconf 88' lang='lat' dir='ltr'><strong>proponat,</strong></span> <span class='ocrx_word' id='word_1_790' title='bbox 2590 4746 2683 4792; x_wconf 89' lang='lat' dir='ltr'><strong>aut</strong></span> <span class='ocrx_word' id='word_1_791' title='bbox 2744 4734 2901 4805; x_wconf 89' lang='lat' dir='ltr'><strong>quasi</strong></span> <span class='ocrx_word' id='word_1_792' title='bbox 2963 4732 3158 4788; x_wconf 88' lang='lat' dir='ltr'><strong>doceat</strong></span> <span class='ocrx_word' id='word_1_793' title='bbox 3215 4729 3579 4800; x_wconf 88' lang='lat' dir='ltr'><strong>ignorantem,</strong></span> 
     </span>
    </p>
   </div>
   <div class='ocr_carea' id='block_1_107' title="bbox 2003 4819 3582 4898">
    <p class='ocr_par' dir='ltr' id='par_1_107' title="bbox 2003 4819 3582 4898">
     <span class='ocr_line' id='line_1_107' title="bbox 2003 4819 3582 4898; baseline -0.012 -7"><span class='ocrx_word' id='word_1_794' title='bbox 2003 4844 2198 4891; x_wconf 89' lang='lat' dir='ltr'><strong>cuncta</strong></span> <span class='ocrx_word' id='word_1_795' title='bbox 2225 4833 2372 4888; x_wconf 89' lang='lat' dir='ltr'><strong>enim</strong></span> <span class='ocrx_word' id='word_1_796' title='bbox 2406 4832 2578 4898; x_wconf 87' lang='lat' dir='ltr'><strong>novit,</strong></span> <span class='ocrx_word' id='word_1_797' title='bbox 2613 4840 2671 4884; x_wconf 91' lang='lat' dir='ltr'><strong>ut</strong></span> <span class='ocrx_word' id='word_1_798' title='bbox 2700 4826 2874 4894; x_wconf 87' lang='lat' dir='ltr'><strong>Deus;</strong></span> <span class='ocrx_word' id='word_1_799' title='bbox 2899 4824 2994 4882; x_wconf 90' lang='lat' dir='ltr'><strong>sed</strong></span> <span class='ocrx_word' id='word_1_800' title='bbox 3026 4826 3269 4895; x_wconf 88' lang='lat' dir='ltr'><strong>seipsum</strong></span> <span class='ocrx_word' id='word_1_801' title='bbox 3311 4828 3484 4875; x_wconf 88' lang='lat' dir='ltr'><strong>totum</strong></span> <span class='ocrx_word' id='word_1_802' title='bbox 3523 4819 3582 4873; x_wconf 89' lang='lat' dir='ltr'><strong>in</strong></span> 
     </span>
    </p>
   </div>
   <div class='ocr_carea' id='block_1_108' title="bbox 2003 4912 3584 4993">
    <p class='ocr_par' dir='ltr' id='par_1_108' title="bbox 2003 4912 3584 4993">
     <span class='ocr_line' id='line_1_108' title="bbox 2003 4912 3584 4993; baseline -0.012 -9"><span class='ocrx_word' id='word_1_803' title='bbox 2003 4925 2310 4984; x_wconf 88' lang='lat' dir='ltr'><strong>Geniminis</strong></span> <span class='ocrx_word' id='word_1_804' title='bbox 2338 4932 2535 4978; x_wconf 90' lang='lat' dir='ltr'><strong>natura</strong></span> <span class='ocrx_word' id='word_1_805' title='bbox 2568 4922 2908 4993; x_wconf 74' lang='lat' dir='ltr'><strong>exprimens,</strong></span> <span class='ocrx_word' id='word_1_806' title='bbox 2938 4924 2992 4973; x_wconf 89' lang='lat' dir='ltr'><strong>et</strong></span> <span class='ocrx_word' id='word_1_807' title='bbox 3012 4928 3353 4988; x_wconf 63' lang='lat' dir='ltr'><strong>quamunque</strong></span> <span class='ocrx_word' id='word_1_808' title='bbox 3380 4912 3429 4968; x_wconf 91' lang='lat' dir='ltr'><strong>ei</strong></span> <span class='ocrx_word' id='word_1_809' title='bbox 3453 4926 3584 4983; x_wconf 87' lang='lat' dir='ltr'><strong>pro-</strong></span> 
     </span>
    </p>
   </div>
   <div class='ocr_carea' id='block_1_109' title="bbox 2001 5001 3582 5089">
    <p class='ocr_par' dir='ltr' id='par_1_109' title="bbox 2001 5001 3582 5089">
     <span class='ocr_line' id='line_1_109' title="bbox 2001 5001 3582 5089; baseline -0.012 -17"><span class='ocrx_word' id='word_1_810' title='bbox 2001 5019 2119 5089; x_wconf 89' lang='lat' dir='ltr'><strong>prie</strong></span> <span class='ocrx_word' id='word_1_811' title='bbox 2170 5017 2381 5080; x_wconf 83' lang='lat' dir='ltr'><strong>insunt,</strong></span> <span class='ocrx_word' id='word_1_812' title='bbox 2429 5014 2486 5068; x_wconf 91' lang='lat' dir='ltr'><strong>in</strong></span> <span class='ocrx_word' id='word_1_813' title='bbox 2542 5014 2722 5083; x_wconf 88' lang='lat' dir='ltr'><strong>seipso</strong></span> <span class='ocrx_word' id='word_1_814' title='bbox 2746 5012 3153 5070; x_wconf 87' lang='lat' dir='ltr'><strong>demonstrans,</strong></span> <span class='ocrx_word' id='word_1_815' title='bbox 3184 5013 3242 5060; x_wconf 92' lang='lat' dir='ltr'><strong>ut</strong></span> <span class='ocrx_word' id='word_1_816' title='bbox 3282 5001 3582 5074; x_wconf 81' lang='lat' dir='ltr'><strong>exquibus</strong></span> 
     </span>
    </p>
   </div>
   <div class='ocr_carea' id='block_1_110' title="bbox 2001 5093 3577 5181">
    <p class='ocr_par' dir='ltr' id='par_1_110' title="bbox 2001 5093 3577 5181">
     <span class='ocr_line' id='line_1_110' title="bbox 2001 5093 3577 5181; baseline -0.015 -15"><span class='ocrx_word' id='word_1_817' title='bbox 2001 5111 2118 5181; x_wconf 88' lang='lat' dir='ltr'><strong>ipse</strong></span> <span class='ocrx_word' id='word_1_818' title='bbox 2168 5117 2253 5165; x_wconf 89' lang='lat' dir='ltr'><strong>est</strong></span> <span class='ocrx_word' id='word_1_819' title='bbox 2297 5115 2351 5163; x_wconf 89' lang='lat' dir='ltr'><strong>et</strong></span> <span class='ocrx_word' id='word_1_820' title='bbox 2380 5113 2623 5178; x_wconf 87' lang='lat' dir='ltr'><strong>apparet,</strong></span> <span class='ocrx_word' id='word_1_821' title='bbox 2643 5105 2865 5174; x_wconf 89' lang='lat' dir='ltr'><strong>quinam</strong></span> <span class='ocrx_word' id='word_1_822' title='bbox 2916 5107 2965 5155; x_wconf 90' lang='lat' dir='ltr'><strong>et</strong></span> <span class='ocrx_word' id='word_1_823' title='bbox 2993 5105 3235 5170; x_wconf 89' lang='lat' dir='ltr'><strong>quantus</strong></span> <span class='ocrx_word' id='word_1_824' title='bbox 3270 5093 3577 5152; x_wconf 82' lang='lat' dir='ltr'><strong>secundum</strong></span> 
     </span>
    </p>
   </div>
   <div class='ocr_carea' id='block_1_111' title="bbox 2001 5184 3581 5267">
    <p class='ocr_par' dir='ltr' id='par_1_111' title="bbox 2001 5184 3581 5267">
     <span class='ocr_line' id='line_1_111' title="bbox 2001 5184 3581 5267; baseline -0.016 -9"><span class='ocrx_word' id='word_1_825' title='bbox 2001 5211 2251 5258; x_wconf 87' lang='lat' dir='ltr'><strong>naturam</strong></span> <span class='ocrx_word' id='word_1_826' title='bbox 2274 5199 2347 5256; x_wconf 90' lang='lat' dir='ltr'><strong>sit</strong></span> <span class='ocrx_word' id='word_1_827' title='bbox 2374 5199 2556 5262; x_wconf 84' lang='lat' dir='ltr'><strong>Pater,</strong></span> <span class='ocrx_word' id='word_1_828' title='bbox 2595 5202 2878 5267; x_wconf 79' lang='lat' dir='ltr'><strong>agnoscat.</strong></span> <span class='ocrx_word' id='word_1_829' title='bbox 2906 5191 3118 5248; x_wconf 85' lang='lat' dir='ltr'><strong>Idcirco</strong></span> <span class='ocrx_word' id='word_1_830' title='bbox 3152 5192 3296 5245; x_wconf 89' lang='lat' dir='ltr'><strong>enim</strong></span> <span class='ocrx_word' id='word_1_831' title='bbox 3329 5184 3581 5241; x_wconf 81' lang='lat' dir='ltr'><strong>Christus</strong></span> 
     </span>
    </p>
   </div>
   <div class='ocr_carea' id='block_1_112' title="bbox 2001 5274 3568 5364">
    <p class='ocr_par' dir='ltr' id='par_1_112' title="bbox 2001 5274 3568 5364">
     <span class='ocr_line' id='line_1_112' title="bbox 2001 5274 3568 5364; baseline -0.014 -17"><span class='ocrx_word' id='word_1_832' title='bbox 2001 5292 2095 5360; x_wconf 88' lang='lat' dir='ltr'><strong>ait,</strong></span> <span class='ocrx_word' id='word_1_833' title='bbox 2112 5290 2465 5364; x_wconf 70' lang='lat' dir='ltr'><strong>quodiNemo</strong></span> <span class='ocrx_word' id='word_1_834' title='bbox 2481 5289 2630 5345; x_wconf 83' lang='lat' dir='ltr'><strong>novit</strong></span> <span class='ocrx_word' id='word_1_835' title='bbox 2649 5288 2808 5359; x_wconf 74' lang='lat'><strong>223</strong></span> <span class='ocrx_word' id='word_1_836' title='bbox 2826 5288 2950 5358; x_wconf 87' lang='lat' dir='ltr'><strong>quis</strong></span> <span class='ocrx_word' id='word_1_837' title='bbox 2969 5285 3038 5342; x_wconf 87' lang='lat' dir='ltr'><strong>sit</strong></span> <span class='ocrx_word' id='word_1_838' title='bbox 3056 5281 3247 5346; x_wconf 87' lang='lat' dir='ltr'><strong>Filius,</strong></span> <span class='ocrx_word' id='word_1_839' title='bbox 3266 5277 3371 5334; x_wconf 89' lang='lat' dir='ltr'><strong>nisi</strong></span> <span class='ocrx_word' id='word_1_840' title='bbox 3385 5274 3568 5364; x_wconf 67' lang='lat' dir='ltr'><strong>Pater;</strong></span> 
     </span>
    </p>
   </div>
   <div class='ocr_carea' id='block_1_113' title="bbox 1995 5360 3579 5455">
    <p class='ocr_par' dir='ltr' id='par_1_113' title="bbox 1995 5360 3579 5455">
     <span class='ocr_line' id='line_1_113' title="bbox 1995 5360 3579 5455; baseline -0.017 -16"><span class='ocrx_word' id='word_1_841' title='bbox 1995 5360 2173 5455; x_wconf 72' lang='lat' dir='ltr'><strong>neque</strong></span> <span class='ocrx_word' id='word_1_842' title='bbox 2199 5383 2415 5439; x_wconf 87' lang='lat' dir='ltr'><strong>Patrem</strong></span> <span class='ocrx_word' id='word_1_843' title='bbox 2443 5383 2566 5452; x_wconf 87' lang='lat' dir='ltr'><strong>quis</strong></span> <span class='ocrx_word' id='word_1_844' title='bbox 2599 5374 2749 5436; x_wconf 85' lang='lat' dir='ltr'><strong>novit</strong></span> <span class='ocrx_word' id='word_1_845' title='bbox 2791 5380 2916 5452; x_wconf 90' lang='lat' dir='ltr'><strong>quis</strong></span> <span class='ocrx_word' id='word_1_846' title='bbox 2946 5379 3038 5441; x_wconf 88' lang='lat' dir='ltr'><strong>sit,</strong></span> <span class='ocrx_word' id='word_1_847' title='bbox 3067 5375 3171 5430; x_wconf 88' lang='lat' dir='ltr'><strong>nisi</strong></span> <span class='ocrx_word' id='word_1_848' title='bbox 3198 5365 3407 5425; x_wconf 87' lang='lat' dir='ltr'><strong>Filius?</strong></span> <span class='ocrx_word' id='word_1_849' title='bbox 3438 5384 3456 5415; x_wconf 69' lang='grc' dir='ltr'><strong>ι</strong></span> <span class='ocrx_word' id='word_1_850' title='bbox 3480 5360 3579 5414; x_wconf 88' lang='lat' dir='ltr'><strong>Est</strong></span> 
     </span>
    </p>
   </div>
   <div class='ocr_carea' id='block_1_114' title="bbox 1998 5457 3578 5549">
    <p class='ocr_par' dir='ltr' id='par_1_114' title="bbox 1998 5457 3578 5549">
     <span class='ocr_line' id='line_1_114' title="bbox 1998 5457 3578 5549; baseline 0.001 -15"><span class='ocrx_word' id='word_1_851' title='bbox 1998 5480 2143 5534; x_wconf 88' lang='lat' dir='ltr'><strong>enim</strong></span> <span class='ocrx_word' id='word_1_852' title='bbox 2180 5479 2236 5534; x_wconf 91' lang='lat' dir='ltr'><strong>in</strong></span> <span class='ocrx_word' id='word_1_853' title='bbox 2286 5487 2521 5549; x_wconf 90' lang='lat' dir='ltr'><strong>utroque</strong></span> <span class='ocrx_word' id='word_1_854' title='bbox 2552 5479 2840 5548; x_wconf 90' lang='lat' dir='ltr'><strong>utriusque</strong></span> <span class='ocrx_word' id='word_1_855' title='bbox 2871 5469 3133 5543; x_wconf 72' lang='lat' dir='ltr'><strong>cognitio.</strong></span> <span class='ocrx_word' id='word_1_856' title='bbox 3167 5480 3274 5519; x_wconf 80' lang='grc' dir='ltr'><strong>ηοη</strong></span> <span class='ocrx_word' id='word_1_857' title='bbox 3304 5457 3578 5549; x_wconf 66' lang='grc' dir='ltr'><strong>δοθιτί¹¹ξ¹⁶</strong></span> 
     </span>
    </p>
   </div>
   <div class='ocr_carea' id='block_1_115' title="bbox 2003 5542 3577 5636">
    <p class='ocr_par' dir='ltr' id='par_1_115' title="bbox 2003 5542 3577 5636">
     <span class='ocr_line' id='line_1_115' title="bbox 2003 5542 3577 5636; baseline -0.017 -14"><span class='ocrx_word' id='word_1_858' title='bbox 2003 5567 2099 5622; x_wconf 89' lang='lat' dir='ltr'><strong>sed</strong></span> <span class='ocrx_word' id='word_1_859' title='bbox 2146 5575 2342 5623; x_wconf 88' lang='lat' dir='ltr'><strong>natura</strong></span> <span class='ocrx_word' id='word_1_860' title='bbox 2395 5542 2490 5623; x_wconf 72' lang='lat' dir='ltr'><strong>:et</strong></span> <span class='ocrx_word' id='word_1_861' title='bbox 2525 5567 2674 5622; x_wconf 87' lang='lat' dir='ltr'><strong>videt</strong></span> <span class='ocrx_word' id='word_1_862' title='bbox 2737 5542 2963 5636; x_wconf 67' lang='lat' dir='ltr'><strong>quidem</strong></span> <span class='ocrx_word' id='word_1_863' title='bbox 3008 5558 3150 5611; x_wconf 91' lang='lat' dir='ltr'><strong>Deus</strong></span> <span class='ocrx_word' id='word_1_864' title='bbox 3191 5568 3254 5608; x_wconf 89' lang='lat' dir='ltr'><strong>ac</strong></span> <span class='ocrx_word' id='word_1_865' title='bbox 3308 5548 3471 5603; x_wconf 81' lang='lat' dir='ltr'><strong>Pater</strong></span> <span class='ocrx_word' id='word_1_866' title='bbox 3521 5542 3577 5597; x_wconf 89' lang='lat' dir='ltr'><strong>in</strong></span> 
     </span>
    </p>
   </div>
   <div class='ocr_carea' id='block_1_116' title="bbox 3186 5819 3258 5886">
    <p class='ocr_par' dir='ltr' id='par_1_116' title="bbox 3186 5819 3258 5886">
     <span class='ocr_line' id='line_1_116' title="bbox 3186 5819 3258 5886; baseline -0.056 0"><span class='ocrx_word' id='word_1_867' title='bbox 3186 5819 3258 5886; x_wconf 76' lang='lat'><strong>12</strong></span> 
     </span>
    </p>
   </div>
  </div>
