  <div class='ocr_page' id='page_1' title='image "/cluster/home/n/w/nwhite01/storage/ocr_20150623/73/mdp.39015078384479/189.png"; bbox 0 0 4078 6262; ppageno 0'>
   <div class='ocr_carea' id='block_1_1' title="bbox 525 295 630 349">
    <p class='ocr_par' dir='ltr' id='par_1_1' title="bbox 525 295 630 349">
     <span class='ocr_line' id='line_1_1' title="bbox 525 295 630 349; baseline 0 0"><span class='ocrx_word' id='word_1_1' title='bbox 525 295 630 349; x_wconf 78' lang='grc'><strong>365</strong></span> 
     </span>
    </p>
   </div>
   <div class='ocr_carea' id='block_1_2' title="bbox 1513 292 2761 357">
    <p class='ocr_par' dir='ltr' id='par_1_2' title="bbox 1513 292 2761 357">
     <span class='ocr_line' id='line_1_2' title="bbox 1513 292 2761 357; baseline 0.006 -10"><span class='ocrx_word' id='word_1_2' title='bbox 1513 293 1570 350; x_wconf 91' lang='lat' dir='ltr'><strong>S.</strong></span> <span class='ocrx_word' id='word_1_3' title='bbox 1607 292 1889 349; x_wconf 78' lang='lat' dir='ltr'><strong>CYRILLI</strong></span> <span class='ocrx_word' id='word_1_4' title='bbox 1924 294 2397 352; x_wconf 69' lang='lat' dir='ltr'><strong>ALEXANDRINI</strong></span> <span class='ocrx_word' id='word_1_5' title='bbox 2437 297 2761 357; x_wconf 73' lang='lat' dir='ltr'><strong>ARCINEP.</strong></span> 
     </span>
    </p>
   </div>
   <div class='ocr_carea' id='block_1_3' title="bbox 3679 301 3782 352">
    <p class='ocr_par' dir='ltr' id='par_1_3' title="bbox 3679 301 3782 352">
     <span class='ocr_line' id='line_1_3' title="bbox 3679 301 3782 352; baseline 0.019 -4"><span class='ocrx_word' id='word_1_6' title='bbox 3679 301 3782 352; x_wconf 65' lang='grc'><strong>364</strong></span> 
     </span>
    </p>
   </div>
   <div class='ocr_carea' id='block_1_4' title="bbox 526 410 2098 489">
    <p class='ocr_par' dir='ltr' id='par_1_4' title="bbox 526 410 2098 483">
     <span class='ocr_line' id='line_1_4' title="bbox 526 410 2098 483; baseline 0.001 -16"><span class='ocrx_word' id='word_1_7' title='bbox 526 415 709 483; x_wconf 78' lang='lat' dir='ltr'><strong>scipso</strong></span> <span class='ocrx_word' id='word_1_8' title='bbox 733 410 950 479; x_wconf 81' lang='lat' dir='ltr'><strong>Filium,</strong></span> <span class='ocrx_word' id='word_1_9' title='bbox 981 426 1044 466; x_wconf 89' lang='lat' dir='ltr'><strong>ac</strong></span> <span class='ocrx_word' id='word_1_10' title='bbox 1075 412 1312 467; x_wconf 74' lang='lat' dir='ltr'><strong>vicissim</strong></span> <span class='ocrx_word' id='word_1_11' title='bbox 1342 410 1515 466; x_wconf 80' lang='lat' dir='ltr'><strong>Filius</strong></span> <span class='ocrx_word' id='word_1_12' title='bbox 1556 414 1611 466; x_wconf 88' lang='lat' dir='ltr'><strong>in</strong></span> <span class='ocrx_word' id='word_1_13' title='bbox 1660 413 1842 483; x_wconf 78' lang='lat' dir='ltr'><strong>seipso</strong></span> <span class='ocrx_word' id='word_1_14' title='bbox 1862 413 2098 468; x_wconf 85' lang='lat' dir='ltr'><strong>Patrem.</strong></span> 
     </span>
    </p>
   </div>
   <div class='ocr_carea' id='block_1_5' title="bbox 2201 410 3791 489">
    <p class='ocr_par' dir='ltr' id='par_1_5' title="bbox 2209 415 3791 489">
     <span class='ocr_line' id='line_1_5' title="bbox 2209 415 3791 489; baseline 0.003 -21"><span class='ocrx_word' id='word_1_15' title='bbox 2209 416 2372 487; x_wconf 80' lang='grc' dir='ltr'>τέρου</span> <span class='ocrx_word' id='word_1_16' title='bbox 2405 417 2607 484; x_wconf 81' lang='grc' dir='ltr'>γνῶσις</span> <span class='ocrx_word' id='word_1_17' title='bbox 2633 418 2692 469; x_wconf 87' lang='grc' dir='ltr'><strong>ού</strong></span> <span class='ocrx_word' id='word_1_18' title='bbox 2742 415 3024 480; x_wconf 81' lang='grc' dir='ltr'>διδακτῶς,</span> <span class='ocrx_word' id='word_1_19' title='bbox 3065 416 3198 470; x_wconf 74' lang='grc' dir='ltr'><strong>ἀλλά</strong></span> <span class='ocrx_word' id='word_1_20' title='bbox 3248 416 3524 485; x_wconf 78' lang='grc' dir='ltr'><strong>φυσικῶς·</strong></span> <span class='ocrx_word' id='word_1_21' title='bbox 3567 420 3660 471; x_wconf 75' lang='grc' dir='ltr'><strong>καὶ</strong></span> <span class='ocrx_word' id='word_1_22' title='bbox 3690 422 3791 489; x_wconf 67' lang='grc' dir='ltr'>ὸς).ῃί</span> 
     </span>
    </p>
   </div>
   <div class='ocr_carea' id='block_1_6' title="bbox 527 503 2095 575">
    <p class='ocr_par' dir='ltr' id='par_1_6' title="bbox 527 503 2095 575">
     <span class='ocr_line' id='line_1_6' title="bbox 527 503 2095 575; baseline 0.001 -19"><span class='ocrx_word' id='word_1_23' title='bbox 527 504 732 561; x_wconf 86' lang='lat' dir='ltr'><strong>Idcirco</strong></span> <span class='ocrx_word' id='word_1_24' title='bbox 761 508 835 557; x_wconf 90' lang='lat' dir='ltr'><strong>ait</strong></span> <span class='ocrx_word' id='word_1_25' title='bbox 862 523 874 559; x_wconf 90' lang='lat'><strong>:</strong></span> <span class='ocrx_word' id='word_1_26' title='bbox 908 522 925 555; x_wconf 85' lang='grc' dir='ltr'><strong>ι</strong></span> <span class='ocrx_word' id='word_1_27' title='bbox 961 503 1072 575; x_wconf 75' lang='lat' dir='ltr'><strong>Ego</strong></span> <span class='ocrx_word' id='word_1_28' title='bbox 1100 504 1153 557; x_wconf 86' lang='lat' dir='ltr'><strong>in</strong></span> <span class='ocrx_word' id='word_1_29' title='bbox 1184 503 1362 568; x_wconf 83' lang='lat' dir='ltr'><strong>Patre,</strong></span> <span class='ocrx_word' id='word_1_30' title='bbox 1393 514 1445 558; x_wconf 88' lang='lat' dir='ltr'><strong>et</strong></span> <span class='ocrx_word' id='word_1_31' title='bbox 1474 503 1635 575; x_wconf 58' lang='lat' dir='ltr'><strong>Pater</strong></span> <span class='ocrx_word' id='word_1_32' title='bbox 1663 505 1716 558; x_wconf 90' lang='lat' dir='ltr'><strong>iu</strong></span> <span class='ocrx_word' id='word_1_33' title='bbox 1751 520 1835 559; x_wconf 89' lang='lat' dir='ltr'><strong>me</strong></span> <span class='ocrx_word' id='word_1_34' title='bbox 1868 515 1951 560; x_wconf 81' lang='lat' dir='ltr'><strong>est</strong></span> <span class='ocrx_word' id='word_1_35' title='bbox 1982 506 2048 557; x_wconf 72' lang='lat'><strong>&quot;.</strong></span> <span class='ocrx_word' id='word_1_36' title='bbox 2075 526 2095 558; x_wconf 73' lang='grc' dir='ltr'><strong>ι</strong></span> 
     </span>
    </p>
   </div>
   <div class='ocr_carea' id='block_1_7' title="bbox 527 589 2104 656">
    <p class='ocr_par' dir='ltr' id='par_1_7' title="bbox 527 589 2104 656">
     <span class='ocr_line' id='line_1_7' title="bbox 527 589 2104 656; baseline 0.006 -14"><span class='ocrx_word' id='word_1_37' title='bbox 527 589 661 644; x_wconf 86' lang='lat' dir='ltr'><strong>Illud</strong></span> <span class='ocrx_word' id='word_1_38' title='bbox 690 599 894 655; x_wconf 89' lang='lat' dir='ltr'><strong>autem.</strong></span> <span class='ocrx_word' id='word_1_39' title='bbox 931 592 1100 648; x_wconf 81' lang='lat' dir='ltr'><strong>ridere</strong></span> <span class='ocrx_word' id='word_1_40' title='bbox 1126 600 1179 646; x_wconf 91' lang='lat' dir='ltr'><strong>et</strong></span> <span class='ocrx_word' id='word_1_41' title='bbox 1230 592 1415 656; x_wconf 76' lang='lat' dir='ltr'><strong>videri,</strong></span> <span class='ocrx_word' id='word_1_42' title='bbox 1457 591 1565 647; x_wconf 92' lang='lat' dir='ltr'><strong>Deo</strong></span> <span class='ocrx_word' id='word_1_43' title='bbox 1597 594 1985 649; x_wconf 64' lang='lat' dir='ltr'><strong>convenienter</strong></span> <span class='ocrx_word' id='word_1_44' title='bbox 2015 595 2104 652; x_wconf 89' lang='lat' dir='ltr'><strong>hic</strong></span> 
     </span>
    </p>
   </div>
   <div class='ocr_carea' id='block_1_8' title="bbox 442 684 1216 757">
    <p class='ocr_par' dir='ltr' id='par_1_8' title="bbox 442 684 1216 757">
     <span class='ocr_line' id='line_1_8' title="bbox 442 684 1216 757; baseline 0.005 -23"><span class='ocrx_word' id='word_1_45' title='bbox 442 721 451 728; x_wconf 78' lang='lat'><strong>.</strong></span> <span class='ocrx_word' id='word_1_46' title='bbox 526 697 720 740; x_wconf 82' lang='lat' dir='ltr'><strong>rursus</strong></span> <span class='ocrx_word' id='word_1_47' title='bbox 750 684 1075 757; x_wconf 81' lang='lat' dir='ltr'><strong>capiendum</strong></span> <span class='ocrx_word' id='word_1_48' title='bbox 1110 691 1216 738; x_wconf 86' lang='lat' dir='ltr'><strong>est.</strong></span> 
     </span>
    </p>
   </div>
   <div class='ocr_carea' id='block_1_9' title="bbox 598 951 2102 1022">
    <p class='ocr_par' dir='ltr' id='par_1_9' title="bbox 598 951 2102 1022">
     <span class='ocr_line' id='line_1_9' title="bbox 598 951 2102 1022; baseline 0.002 -17"><span class='ocrx_word' id='word_1_49' title='bbox 598 951 640 1005; x_wconf 70' lang='grc' dir='ltr'>Υ</span> <span class='ocrx_word' id='word_1_50' title='bbox 662 991 677 1016; x_wconf 92' lang='grc'><strong>,</strong></span> <span class='ocrx_word' id='word_1_51' title='bbox 712 952 803 1007; x_wconf 72' lang='lat'><strong>20.</strong></span> <span class='ocrx_word' id='word_1_52' title='bbox 850 951 914 1005; x_wconf 86' lang='lat' dir='ltr'><strong>E’t</strong></span> <span class='ocrx_word' id='word_1_53' title='bbox 944 952 1149 1022; x_wconf 81' lang='lat' dir='ltr'><strong>majora</strong></span> <span class='ocrx_word' id='word_1_54' title='bbox 1182 953 1264 1006; x_wconf 81' lang='lat' dir='ltr'><strong>his</strong></span> <span class='ocrx_word' id='word_1_55' title='bbox 1302 955 1685 1009; x_wconf 73' lang='lat' dir='ltr'><strong>demonstrabit</strong></span> <span class='ocrx_word' id='word_1_56' title='bbox 1723 957 1773 1009; x_wconf 84' lang='lat' dir='ltr'><strong>ei</strong></span> <span class='ocrx_word' id='word_1_57' title='bbox 1811 972 1968 1021; x_wconf 72' lang='lat' dir='ltr'><strong>opera</strong></span> <span class='ocrx_word' id='word_1_58' title='bbox 1990 995 2005 1018; x_wconf 91' lang='lat'><strong>,</strong></span> <span class='ocrx_word' id='word_1_59' title='bbox 2045 967 2102 1009; x_wconf 84' lang='lat' dir='ltr'><strong>ut</strong></span> 
     </span>
    </p>
   </div>
   <div class='ocr_carea' id='block_1_10' title="bbox 527 1044 925 1099">
    <p class='ocr_par' dir='ltr' id='par_1_10' title="bbox 527 1044 925 1099">
     <span class='ocr_line' id='line_1_10' title="bbox 527 1044 925 1099; baseline -0.003 -1"><span class='ocrx_word' id='word_1_60' title='bbox 527 1061 615 1099; x_wconf 76' lang='lat' dir='ltr'><strong>vos</strong></span> <span class='ocrx_word' id='word_1_61' title='bbox 640 1044 925 1097; x_wconf 79' lang='lat' dir='ltr'><strong>miremini.</strong></span> 
     </span>
    </p>
   </div>
   <div class='ocr_carea' id='block_1_11' title="bbox 600 1135 2102 1207">
    <p class='ocr_par' dir='ltr' id='par_1_11' title="bbox 600 1135 2102 1207">
     <span class='ocr_line' id='line_1_11' title="bbox 600 1135 2102 1207; baseline 0.003 -18"><span class='ocrx_word' id='word_1_62' title='bbox 600 1136 655 1190; x_wconf 94' lang='lat' dir='ltr'><strong>In</strong></span> <span class='ocrx_word' id='word_1_63' title='bbox 700 1136 1077 1207; x_wconf 80' lang='lat' dir='ltr'><strong>superioribus</strong></span> <span class='ocrx_word' id='word_1_64' title='bbox 1109 1135 1275 1190; x_wconf 85' lang='lat' dir='ltr'><strong>refert</strong></span> <span class='ocrx_word' id='word_1_65' title='bbox 1293 1136 1486 1191; x_wconf 88' lang='lat' dir='ltr'><strong>beatus</strong></span> <span class='ocrx_word' id='word_1_66' title='bbox 1520 1138 1850 1207; x_wconf 78' lang='lat' dir='ltr'><strong>evangelista</strong></span> <span class='ocrx_word' id='word_1_67' title='bbox 1881 1137 2102 1194; x_wconf 72' lang='lat' dir='ltr'><strong>Judaeos</strong></span> 
     </span>
    </p>
   </div>
   <div class='ocr_carea' id='block_1_12' title="bbox 525 1225 2100 1297">
    <p class='ocr_par' dir='ltr' id='par_1_12' title="bbox 525 1225 2100 1297">
     <span class='ocr_line' id='line_1_12' title="bbox 525 1225 2100 1297; baseline 0.001 -18"><span class='ocrx_word' id='word_1_68' title='bbox 525 1225 715 1281; x_wconf 89' lang='lat' dir='ltr'><strong>Jesum</strong></span> <span class='ocrx_word' id='word_1_69' title='bbox 763 1226 1205 1281; x_wconf 76' lang='lat' dir='ltr'><strong>interficiendum</strong></span> <span class='ocrx_word' id='word_1_70' title='bbox 1243 1242 1516 1296; x_wconf 66' lang='lat' dir='ltr'><strong>quaerere,</strong></span> <span class='ocrx_word' id='word_1_71' title='bbox 1562 1229 1819 1297; x_wconf 89' lang='lat' dir='ltr'><strong>quoniam</strong></span> <span class='ocrx_word' id='word_1_72' title='bbox 1866 1243 1972 1283; x_wconf 92' lang='lat' dir='ltr'><strong>non</strong></span> <span class='ocrx_word' id='word_1_73' title='bbox 2008 1244 2100 1283; x_wconf 90' lang='lat' dir='ltr'><strong>sn-</strong></span> 
     </span>
    </p>
   </div>
   <div class='ocr_carea' id='block_1_13' title="bbox 525 1317 2102 1383">
    <p class='ocr_par' dir='ltr' id='par_1_13' title="bbox 525 1317 2102 1383">
     <span class='ocr_line' id='line_1_13' title="bbox 525 1317 2102 1383; baseline 0.002 -12"><span class='ocrx_word' id='word_1_74' title='bbox 525 1320 635 1372; x_wconf 90' lang='lat' dir='ltr'><strong>lum</strong></span> <span class='ocrx_word' id='word_1_75' title='bbox 660 1318 904 1374; x_wconf 81' lang='lat' dir='ltr'><strong>solvebat</strong></span> <span class='ocrx_word' id='word_1_76' title='bbox 953 1317 1248 1372; x_wconf 88' lang='lat' dir='ltr'><strong>Sabbatum</strong></span> <span class='ocrx_word' id='word_1_77' title='bbox 1275 1358 1289 1383; x_wconf 94' lang='lat'><strong>,</strong></span> <span class='ocrx_word' id='word_1_78' title='bbox 1341 1317 1437 1374; x_wconf 89' lang='lat' dir='ltr'><strong>sed</strong></span> <span class='ocrx_word' id='word_1_79' title='bbox 1483 1327 1536 1374; x_wconf 86' lang='lat' dir='ltr'><strong>et</strong></span> <span class='ocrx_word' id='word_1_80' title='bbox 1560 1318 1779 1373; x_wconf 87' lang='lat' dir='ltr'><strong>Patrem</strong></span> <span class='ocrx_word' id='word_1_81' title='bbox 1825 1336 1984 1374; x_wconf 90' lang='lat' dir='ltr'><strong>suum</strong></span> <span class='ocrx_word' id='word_1_82' title='bbox 2019 1321 2102 1374; x_wconf 89' lang='lat' dir='ltr'><strong>di—</strong></span> 
     </span>
    </p>
   </div>
   <div class='ocr_carea' id='block_1_14' title="bbox 524 1407 2103 1477">
    <p class='ocr_par' dir='ltr' id='par_1_14' title="bbox 524 1407 2103 1477">
     <span class='ocr_line' id='line_1_14' title="bbox 524 1407 2103 1477; baseline 0.003 -16"><span class='ocrx_word' id='word_1_83' title='bbox 524 1407 891 1471; x_wconf 86' lang='lat' dir='ltr'><strong>ccbatDeum,</strong></span> <span class='ocrx_word' id='word_1_84' title='bbox 917 1409 1179 1476; x_wconf 71' lang='lat' dir='ltr'><strong>mqualem</strong></span> <span class='ocrx_word' id='word_1_85' title='bbox 1211 1409 1454 1477; x_wconf 87' lang='lat' dir='ltr'><strong>seipsum</strong></span> <span class='ocrx_word' id='word_1_86' title='bbox 1486 1407 1693 1462; x_wconf 80' lang='lat' dir='ltr'><strong>faciens</strong></span> <span class='ocrx_word' id='word_1_87' title='bbox 1728 1409 1837 1464; x_wconf 77' lang='lat' dir='ltr'><strong>Deo</strong></span> <span class='ocrx_word' id='word_1_88' title='bbox 1873 1410 1967 1462; x_wconf 58' lang='grc' dir='ltr'><strong>δι’.</strong></span> <span class='ocrx_word' id='word_1_89' title='bbox 1996 1412 2103 1465; x_wconf 86' lang='lat' dir='ltr'><strong>Ac-</strong></span> 
     </span>
    </p>
   </div>
   <div class='ocr_carea' id='block_1_15' title="bbox 524 1497 2101 1569">
    <p class='ocr_par' dir='ltr' id='par_1_15' title="bbox 524 1497 2101 1569">
     <span class='ocr_line' id='line_1_15' title="bbox 524 1497 2101 1569; baseline 0.003 -18"><span class='ocrx_word' id='word_1_90' title='bbox 524 1500 859 1553; x_wconf 90' lang='lat' dir='ltr'><strong>cusationem</strong></span> <span class='ocrx_word' id='word_1_91' title='bbox 894 1499 1060 1569; x_wconf 77' lang='lat' dir='ltr'><strong>igitur</strong></span> <span class='ocrx_word' id='word_1_92' title='bbox 1080 1498 1268 1554; x_wconf 81' lang='lat' dir='ltr'><strong>violati</strong></span> <span class='ocrx_word' id='word_1_93' title='bbox 1305 1497 1532 1554; x_wconf 85' lang='lat' dir='ltr'><strong>Sabbati</strong></span> <span class='ocrx_word' id='word_1_94' title='bbox 1562 1501 1823 1556; x_wconf 84' lang='lat' dir='ltr'><strong>refutavit</strong></span> <span class='ocrx_word' id='word_1_95' title='bbox 1852 1541 1866 1567; x_wconf 97' lang='lat'><strong>,</strong></span> <span class='ocrx_word' id='word_1_96' title='bbox 1910 1510 2101 1556; x_wconf 88' lang='lat' dir='ltr'><strong>osten-</strong></span> 
     </span>
    </p>
   </div>
   <div class='ocr_carea' id='block_1_16' title="bbox 523 1590 2100 1661">
    <p class='ocr_par' dir='ltr' id='par_1_16' title="bbox 523 1590 2100 1661">
     <span class='ocr_line' id='line_1_16' title="bbox 523 1590 2100 1661; baseline 0.003 -17"><span class='ocrx_word' id='word_1_97' title='bbox 523 1591 662 1646; x_wconf 81' lang='lat' dir='ltr'><strong>dens</strong></span> <span class='ocrx_word' id='word_1_98' title='bbox 702 1591 881 1661; x_wconf 89' lang='lat' dir='ltr'><strong>ipsum</strong></span> <span class='ocrx_word' id='word_1_99' title='bbox 928 1606 1153 1661; x_wconf 88' lang='lat' dir='ltr'><strong>quoque</strong></span> <span class='ocrx_word' id='word_1_100' title='bbox 1192 1590 1409 1646; x_wconf 80' lang='lat' dir='ltr'><strong>Patrem</strong></span> <span class='ocrx_word' id='word_1_101' title='bbox 1458 1592 1675 1661; x_wconf 89' lang='lat' dir='ltr'><strong>operari</strong></span> <span class='ocrx_word' id='word_1_102' title='bbox 1730 1593 1786 1646; x_wconf 90' lang='lat' dir='ltr'><strong>in</strong></span> <span class='ocrx_word' id='word_1_103' title='bbox 1829 1592 2100 1660; x_wconf 81' lang='lat' dir='ltr'><strong>Sabbato,</strong></span> 
     </span>
    </p>
   </div>
   <div class='ocr_carea' id='block_1_17' title="bbox 523 1683 2102 1755">
    <p class='ocr_par' dir='ltr' id='par_1_17' title="bbox 523 1683 2102 1755">
     <span class='ocr_line' id='line_1_17' title="bbox 523 1683 2102 1755; baseline 0.001 -17"><span class='ocrx_word' id='word_1_104' title='bbox 523 1684 688 1755; x_wconf 82' lang='lat' dir='ltr'><strong>longa</strong></span> <span class='ocrx_word' id='word_1_105' title='bbox 746 1684 803 1739; x_wconf 92' lang='lat' dir='ltr'><strong>in</strong></span> <span class='ocrx_word' id='word_1_106' title='bbox 858 1683 910 1738; x_wconf 91' lang='lat' dir='ltr'><strong>id</strong></span> <span class='ocrx_word' id='word_1_107' title='bbox 959 1685 1210 1739; x_wconf 88' lang='lat' dir='ltr'><strong>oratione</strong></span> <span class='ocrx_word' id='word_1_108' title='bbox 1253 1693 1598 1755; x_wconf 88' lang='lat' dir='ltr'><strong>consumpta.</strong></span> <span class='ocrx_word' id='word_1_109' title='bbox 1634 1685 1876 1740; x_wconf 87' lang='lat' dir='ltr'><strong>Conatur</strong></span> <span class='ocrx_word' id='word_1_110' title='bbox 1922 1695 2102 1741; x_wconf 91' lang='lat' dir='ltr'><strong>autem</strong></span> 
     </span>
    </p>
   </div>
   <div class='ocr_carea' id='block_1_18' title="bbox 2209 507 3788 579">
    <p class='ocr_par' dir='ltr' id='par_1_18' title="bbox 2209 507 3788 579">
     <span class='ocr_line' id='line_1_18' title="bbox 2209 507 3788 579; baseline 0.003 -19"><span class='ocrx_word' id='word_1_111' title='bbox 2209 508 2349 577; x_wconf 78' lang='grc' dir='ltr'>μὲνό</span> <span class='ocrx_word' id='word_1_112' title='bbox 2369 507 2501 570; x_wconf 82' lang='grc' dir='ltr'><strong>Θεὸς</strong></span> <span class='ocrx_word' id='word_1_113' title='bbox 2524 509 2618 560; x_wconf 69' lang='grc' dir='ltr'><strong>καὶ</strong></span> <span class='ocrx_word' id='word_1_114' title='bbox 2643 508 2834 578; x_wconf 81' lang='grc' dir='ltr'>Πατὴρ</span> <span class='ocrx_word' id='word_1_115' title='bbox 2876 510 2932 561; x_wconf 87' lang='grc' dir='ltr'><strong>ἐν</strong></span> <span class='ocrx_word' id='word_1_116' title='bbox 2978 508 3156 576; x_wconf 80' lang='grc' dir='ltr'>ἐαυτῷ</span> <span class='ocrx_word' id='word_1_117' title='bbox 3186 508 3275 561; x_wconf 70' lang='grc' dir='ltr'>τὸν</span> <span class='ocrx_word' id='word_1_118' title='bbox 3309 507 3455 573; x_wconf 78' lang='grc' dir='ltr'>Υἱδν,</span> <span class='ocrx_word' id='word_1_119' title='bbox 3500 510 3603 579; x_wconf 77' lang='grc' dir='ltr'>ὁρᾷ</span> <span class='ocrx_word' id='word_1_120' title='bbox 3635 510 3689 562; x_wconf 80' lang='grc' dir='ltr'>δὲ</span> <span class='ocrx_word' id='word_1_121' title='bbox 3723 510 3788 564; x_wconf 73' lang='grc' dir='ltr'>αὖ</span> 
     </span>
    </p>
   </div>
   <div class='ocr_carea' id='block_1_19' title="bbox 2205 598 3789 676">
    <p class='ocr_par' dir='ltr' id='par_1_19' title="bbox 2205 598 3789 676">
     <span class='ocr_line' id='line_1_19' title="bbox 2205 598 3789 676; baseline 0.003 -26"><span class='ocrx_word' id='word_1_122' title='bbox 2205 600 2365 652; x_wconf 68' lang='grc' dir='ltr'>πάλιν</span> <span class='ocrx_word' id='word_1_123' title='bbox 2410 600 2437 651; x_wconf 98' lang='lat'><strong>6</strong></span> <span class='ocrx_word' id='word_1_124' title='bbox 2490 599 2613 663; x_wconf 78' lang='grc' dir='ltr'>Υἱὸς</span> <span class='ocrx_word' id='word_1_125' title='bbox 2659 601 2717 653; x_wconf 88' lang='grc' dir='ltr'><strong>ἐν</strong></span> <span class='ocrx_word' id='word_1_126' title='bbox 2763 598 2938 669; x_wconf 80' lang='grc' dir='ltr'>ἐαυτῷ</span> <span class='ocrx_word' id='word_1_127' title='bbox 2970 599 3058 651; x_wconf 75' lang='grc' dir='ltr'><strong>τὸν</strong></span> <span class='ocrx_word' id='word_1_128' title='bbox 3108 599 3353 669; x_wconf 79' lang='grc' dir='ltr'>Πατέρα.</span> <span class='ocrx_word' id='word_1_129' title='bbox 3381 599 3480 651; x_wconf 77' lang='grc' dir='ltr'>Διά</span> <span class='ocrx_word' id='word_1_130' title='bbox 3511 617 3593 652; x_wconf 87' lang='grc' dir='ltr'><strong>τοι</strong></span> <span class='ocrx_word' id='word_1_131' title='bbox 3632 602 3789 676; x_wconf 66' lang='grc' dir='ltr'>τοῦτό</span> 
     </span>
    </p>
   </div>
   <div class='ocr_carea' id='block_1_20' title="bbox 2204 688 3787 760">
    <p class='ocr_par' dir='ltr' id='par_1_20' title="bbox 2204 688 3787 760">
     <span class='ocr_line' id='line_1_20' title="bbox 2204 688 3787 760; baseline 0.003 -18"><span class='ocrx_word' id='word_1_132' title='bbox 2204 707 2390 759; x_wconf 82' lang='grc' dir='ltr'>φησιν·</span> <span class='ocrx_word' id='word_1_133' title='bbox 2440 688 2578 758; x_wconf 84' lang='grc' dir='ltr'><strong>Ἐγὼ</strong></span> <span class='ocrx_word' id='word_1_134' title='bbox 2603 691 2660 743; x_wconf 85' lang='grc' dir='ltr'><strong>ἐν</strong></span> <span class='ocrx_word' id='word_1_135' title='bbox 2697 689 2776 759; x_wconf 81' lang='grc' dir='ltr'>τῷ</span> <span class='ocrx_word' id='word_1_136' title='bbox 2802 689 2996 760; x_wconf 67' lang='lat' dir='ltr'><strong>“arpi,</strong></span> <span class='ocrx_word' id='word_1_137' title='bbox 3023 691 3115 742; x_wconf 72' lang='grc' dir='ltr'><strong>καὶ</strong></span> <span class='ocrx_word' id='word_1_138' title='bbox 3135 692 3163 742; x_wconf 93' lang='lat'><strong>6</strong></span> <span class='ocrx_word' id='word_1_139' title='bbox 3192 689 3379 760; x_wconf 77' lang='grc' dir='ltr'>Πατὴρ</span> <span class='ocrx_word' id='word_1_140' title='bbox 3409 693 3467 743; x_wconf 86' lang='grc' dir='ltr'><strong>ἐν</strong></span> <span class='ocrx_word' id='word_1_141' title='bbox 3498 692 3620 760; x_wconf 88' lang='grc' dir='ltr'>ἐμοί</span> <span class='ocrx_word' id='word_1_142' title='bbox 3651 696 3787 749; x_wconf 80' lang='grc' dir='ltr'>ἐστι.</span> 
     </span>
    </p>
   </div>
   <div class='ocr_carea' id='block_1_21' title="bbox 2205 780 3790 850">
    <p class='ocr_par' dir='ltr' id='par_1_21' title="bbox 2205 780 3790 850">
     <span class='ocr_line' id='line_1_21' title="bbox 2205 780 3790 850; baseline 0.001 -13"><span class='ocrx_word' id='word_1_143' title='bbox 2205 783 2277 837; x_wconf 84' lang='grc' dir='ltr'>Τὸ</span> <span class='ocrx_word' id='word_1_144' title='bbox 2304 784 2359 837; x_wconf 81' lang='grc' dir='ltr'>δὲ</span> <span class='ocrx_word' id='word_1_145' title='bbox 2390 781 2539 850; x_wconf 76' lang='grc' dir='ltr'><strong>όρᾷν</strong></span> <span class='ocrx_word' id='word_1_146' title='bbox 2554 799 2634 846; x_wconf 84' lang='grc' dir='ltr'><strong>τε,</strong></span> <span class='ocrx_word' id='word_1_147' title='bbox 2657 782 2748 834; x_wconf 73' lang='grc' dir='ltr'><strong>καὶ</strong></span> <span class='ocrx_word' id='word_1_148' title='bbox 2771 780 3044 849; x_wconf 81' lang='grc' dir='ltr'>ὁρᾶσθαι,</span> <span class='ocrx_word' id='word_1_149' title='bbox 3069 780 3234 833; x_wconf 77' lang='grc' dir='ltr'>πάλιν</span> <span class='ocrx_word' id='word_1_150' title='bbox 3258 783 3315 833; x_wconf 88' lang='grc' dir='ltr'><strong>ἐν</strong></span> <span class='ocrx_word' id='word_1_151' title='bbox 3336 780 3545 846; x_wconf 80' lang='grc' dir='ltr'><strong>τούτοις</strong></span> <span class='ocrx_word' id='word_1_152' title='bbox 3563 786 3790 839; x_wconf 79' lang='grc' dir='ltr'><strong>νοείσθω</strong></span> 
     </span>
    </p>
   </div>
   <div class='ocr_carea' id='block_1_22' title="bbox 2206 874 2554 943">
    <p class='ocr_par' dir='ltr' id='par_1_22' title="bbox 2206 874 2554 943">
     <span class='ocr_line' id='line_1_22' title="bbox 2206 874 2554 943; baseline -0.003 -16"><span class='ocrx_word' id='word_1_153' title='bbox 2206 874 2554 943; x_wconf 83' lang='grc' dir='ltr'>θεοπρεπῶς.</span> 
     </span>
    </p>
   </div>
   <div class='ocr_carea' id='block_1_23' title="bbox 2274 962 3790 1035">
    <p class='ocr_par' dir='ltr' id='par_1_23' title="bbox 2274 962 3790 1035">
     <span class='ocr_line' id='line_1_23' title="bbox 2274 962 3790 1035; baseline -0.002 -16"><span class='ocrx_word' id='word_1_154' title='bbox 2274 965 2383 1019; x_wconf 76' lang='grc' dir='ltr'><strong>Καὶ</strong></span> <span class='ocrx_word' id='word_1_155' title='bbox 2397 964 2638 1035; x_wconf 76' lang='grc' dir='ltr'>μείζονα</span> <span class='ocrx_word' id='word_1_156' title='bbox 2657 965 2882 1018; x_wconf 81' lang='grc' dir='ltr'>τούτων</span> <span class='ocrx_word' id='word_1_157' title='bbox 2907 965 3050 1034; x_wconf 70' lang='grc' dir='ltr'>ἔργα</span> <span class='ocrx_word' id='word_1_158' title='bbox 3074 964 3254 1030; x_wconf 78' lang='grc' dir='ltr'>δείξει</span> <span class='ocrx_word' id='word_1_159' title='bbox 3280 962 3441 1029; x_wconf 77' lang='grc' dir='ltr'>αὐτῷ</span> <span class='ocrx_word' id='word_1_160' title='bbox 3462 1005 3477 1030; x_wconf 92' lang='grc'><strong>,</strong></span> <span class='ocrx_word' id='word_1_161' title='bbox 3499 965 3602 1018; x_wconf 78' lang='grc' dir='ltr'><strong>ἵνα</strong></span> <span class='ocrx_word' id='word_1_162' title='bbox 3622 963 3790 1033; x_wconf 82' lang='grc' dir='ltr'><strong>ὑμεῖς</strong></span> 
     </span>
    </p>
   </div>
   <div class='ocr_carea' id='block_1_24' title="bbox 2205 1053 2552 1125">
    <p class='ocr_par' dir='ltr' id='par_1_24' title="bbox 2205 1053 2552 1125">
     <span class='ocr_line' id='line_1_24' title="bbox 2205 1053 2552 1125; baseline 0.003 -15"><span class='ocrx_word' id='word_1_163' title='bbox 2205 1053 2552 1125; x_wconf 76' lang='grc' dir='ltr'>θαυμάζητε.</span> 
     </span>
    </p>
   </div>
   <div class='ocr_carea' id='block_1_25' title="bbox 2288 1124 3784 1219">
    <p class='ocr_par' dir='ltr' id='par_1_25' title="bbox 2288 1124 3784 1219">
     <span class='ocr_line' id='line_1_25' title="bbox 2288 1124 3784 1219; baseline -0.005 -20"><span class='ocrx_word' id='word_1_164' title='bbox 2288 1124 2375 1199; x_wconf 85' lang='grc' dir='ltr'>Ἐν</span> <span class='ocrx_word' id='word_1_165' title='bbox 2402 1124 2514 1210; x_wconf 65' lang='grc' dir='ltr'>τὀἰς</span> <span class='ocrx_word' id='word_1_166' title='bbox 2536 1147 2791 1219; x_wconf 80' lang='grc' dir='ltr'><strong>ἀνωτέρω</strong></span> <span class='ocrx_word' id='word_1_167' title='bbox 2818 1144 3023 1214; x_wconf 69' lang='grc' dir='ltr'>φησὶνὸ</span> <span class='ocrx_word' id='word_1_168' title='bbox 3054 1144 3342 1214; x_wconf 75' lang='grc' dir='ltr'>Μακάριος</span> <span class='ocrx_word' id='word_1_169' title='bbox 3370 1139 3784 1211; x_wconf 80' lang='grc' dir='ltr'>εύαγγελιστὴς,</span> 
     </span>
    </p>
   </div>
   <div class='ocr_carea' id='block_1_26' title="bbox 2204 1232 3786 1307">
    <p class='ocr_par' dir='ltr' id='par_1_26' title="bbox 2204 1232 3786 1307">
     <span class='ocr_line' id='line_1_26' title="bbox 2204 1232 3786 1307; baseline -0.003 -20"><span class='ocrx_word' id='word_1_170' title='bbox 2204 1236 2278 1298; x_wconf 84' lang='grc' dir='ltr'>ὡς</span> <span class='ocrx_word' id='word_1_171' title='bbox 2314 1237 2538 1307; x_wconf 76' lang='grc' dir='ltr'><strong>ἐζήτουν</strong></span> <span class='ocrx_word' id='word_1_172' title='bbox 2579 1237 2629 1289; x_wconf 81' lang='grc' dir='ltr'>οἱ</span> <span class='ocrx_word' id='word_1_173' title='bbox 2674 1235 2913 1289; x_wconf 80' lang='grc' dir='ltr'>Ἰουδαῖοι</span> <span class='ocrx_word' id='word_1_174' title='bbox 2954 1234 3044 1288; x_wconf 84' lang='grc' dir='ltr'><strong>τὸν</strong></span> <span class='ocrx_word' id='word_1_175' title='bbox 3086 1232 3292 1302; x_wconf 79' lang='grc' dir='ltr'>Ἰησοῦν</span> <span class='ocrx_word' id='word_1_176' title='bbox 3324 1233 3664 1293; x_wconf 82' lang='grc' dir='ltr'>ἀποκτεῖναι,</span> <span class='ocrx_word' id='word_1_177' title='bbox 3703 1232 3786 1284; x_wconf 82' lang='grc' dir='ltr'>ὅτι.</span> 
     </span>
    </p>
   </div>
   <div class='ocr_carea' id='block_1_27' title="bbox 2204 1323 3785 1396">
    <p class='ocr_par' dir='ltr' id='par_1_27' title="bbox 2204 1323 3785 1396">
     <span class='ocr_line' id='line_1_27' title="bbox 2204 1323 3785 1396; baseline -0.001 -19"><span class='ocrx_word' id='word_1_178' title='bbox 2204 1327 2263 1378; x_wconf 84' lang='grc' dir='ltr'><strong>ού</strong></span> <span class='ocrx_word' id='word_1_179' title='bbox 2307 1325 2464 1396; x_wconf 88' lang='grc' dir='ltr'>μόνον</span> <span class='ocrx_word' id='word_1_180' title='bbox 2509 1324 2630 1378; x_wconf 77' lang='grc' dir='ltr'>ἔλυε</span> <span class='ocrx_word' id='word_1_181' title='bbox 2665 1326 2727 1380; x_wconf 83' lang='grc' dir='ltr'>τὸ</span> <span class='ocrx_word' id='word_1_182' title='bbox 2776 1324 3072 1387; x_wconf 71' lang='grc' dir='ltr'>Σάϐϐατον,</span> <span class='ocrx_word' id='word_1_183' title='bbox 3098 1323 3233 1376; x_wconf 70' lang='grc' dir='ltr'>ἀλλὰ</span> <span class='ocrx_word' id='word_1_184' title='bbox 3281 1323 3379 1396; x_wconf 53' lang='grc' dir='ltr'><strong>καί</strong></span> <span class='ocrx_word' id='word_1_185' title='bbox 3404 1323 3622 1391; x_wconf 84' lang='grc' dir='ltr'><strong>Πατέρα</strong></span> <span class='ocrx_word' id='word_1_186' title='bbox 3654 1324 3785 1377; x_wconf 77' lang='grc' dir='ltr'>ἴδιον</span> 
     </span>
    </p>
   </div>
   <div class='ocr_carea' id='block_1_28' title="bbox 2205 1385 3784 1503">
    <p class='ocr_par' dir='ltr' id='par_1_28' title="bbox 2205 1385 3784 1503">
     <span class='ocr_line' id='line_1_28' title="bbox 2307 1385 3607 1427; baseline -0.003 -31"><span class='ocrx_word' id='word_1_187' title='bbox 2307 1385 2319 1396; x_wconf 92' lang='grc'><strong>.</strong></span> <span class='ocrx_word' id='word_1_188' title='bbox 2744 1410 2747 1415; x_wconf 21' lang='grc' dir='ltr'><strong>Δ</strong></span> <span class='ocrx_word' id='word_1_189' title='bbox 3061 1385 3067 1387; x_wconf 91' lang='grc'><strong>.</strong></span> <span class='ocrx_word' id='word_1_190' title='bbox 3169 1412 3195 1423; x_wconf 75' lang='lat'>_</span> <span class='ocrx_word' id='word_1_191' title='bbox 3304 1411 3329 1422; x_wconf 35' lang='grc' dir='ltr'><strong><em>η</em></strong></span> <span class='ocrx_word' id='word_1_192' title='bbox 3364 1385 3379 1420; x_wconf 57' lang='grc' dir='ltr'><em>Ι</em></span> <span class='ocrx_word' id='word_1_193' title='bbox 3454 1411 3477 1421; x_wconf 39' lang='grc' dir='ltr'>ς</span> <span class='ocrx_word' id='word_1_194' title='bbox 3558 1385 3567 1391; x_wconf 94' lang='grc'><strong>.</strong></span> <span class='ocrx_word' id='word_1_195' title='bbox 3597 1410 3607 1427; x_wconf 22' lang='grc' dir='ltr'><strong>ἢ</strong></span> 
     </span>
     <span class='ocr_line' id='line_1_29' title="bbox 2205 1411 3784 1503; baseline -0.002 -36"><span class='ocrx_word' id='word_1_196' title='bbox 2205 1414 2358 1483; x_wconf 76' lang='grc' dir='ltr'>ἔλεγε</span> <span class='ocrx_word' id='word_1_197' title='bbox 2386 1415 2477 1503; x_wconf 57' lang='grc' dir='ltr'>τὸν</span> <span class='ocrx_word' id='word_1_198' title='bbox 2518 1414 2669 1479; x_wconf 83' lang='grc' dir='ltr'><strong>Θεὸν,</strong></span> <span class='ocrx_word' id='word_1_199' title='bbox 2710 1417 2822 1468; x_wconf 79' lang='grc' dir='ltr'>ἴσον</span> <span class='ocrx_word' id='word_1_200' title='bbox 2854 1413 3042 1467; x_wconf 81' lang='grc' dir='ltr'>ἐαυτὸν</span> <span class='ocrx_word' id='word_1_201' title='bbox 3070 1428 3235 1464; x_wconf 79' lang='grc' dir='ltr'>ποιων</span> <span class='ocrx_word' id='word_1_202' title='bbox 3262 1429 3338 1481; x_wconf 79' lang='grc' dir='ltr'>τῳ</span> <span class='ocrx_word' id='word_1_203' title='bbox 3369 1411 3506 1479; x_wconf 76' lang='grc' dir='ltr'>Θεῳ.</span> <span class='ocrx_word' id='word_1_204' title='bbox 3544 1412 3587 1463; x_wconf 89' lang='grc' dir='ltr'><strong>Τ</strong></span> <span class='ocrx_word' id='word_1_205' title='bbox 3590 1428 3654 1481; x_wconf 82' lang='grc' dir='ltr'><strong>ην</strong></span> <span class='ocrx_word' id='word_1_206' title='bbox 3688 1412 3784 1481; x_wconf 77' lang='grc' dir='ltr'>μὲν</span> 
     </span>
    </p>
   </div>
   <div class='ocr_carea' id='block_1_29' title="bbox 2204 1500 3785 1575">
    <p class='ocr_par' dir='ltr' id='par_1_29' title="bbox 2204 1500 3785 1575">
     <span class='ocr_line' id='line_1_30' title="bbox 2204 1500 3785 1575; baseline -0.001 -19"><span class='ocrx_word' id='word_1_207' title='bbox 2204 1500 2296 1557; x_wconf 78' lang='grc' dir='ltr'><strong>οὖν</strong></span> <span class='ocrx_word' id='word_1_208' title='bbox 2334 1504 2427 1557; x_wconf 76' lang='grc' dir='ltr'><strong>ἐπὶ</strong></span> <span class='ocrx_word' id='word_1_209' title='bbox 2454 1500 2537 1574; x_wconf 81' lang='grc' dir='ltr'>τῷ</span> <span class='ocrx_word' id='word_1_210' title='bbox 2563 1504 2823 1575; x_wconf 78' lang='grc' dir='ltr'>Σαϐϐἆτῳ</span> <span class='ocrx_word' id='word_1_211' title='bbox 2862 1503 3199 1572; x_wconf 81' lang='grc' dir='ltr'><strong>κατηγορίαν</strong></span> <span class='ocrx_word' id='word_1_212' title='bbox 3230 1503 3655 1567; x_wconf 79' lang='grc' dir='ltr'>ἀπεσκευάζετο,</span> <span class='ocrx_word' id='word_1_213' title='bbox 3690 1505 3785 1556; x_wconf 67' lang='grc' dir='ltr'><strong>καὶ</strong></span> 
     </span>
    </p>
   </div>
   <div class='ocr_carea' id='block_1_30' title="bbox 2205 1594 3782 1665">
    <p class='ocr_par' dir='ltr' id='par_1_30' title="bbox 2205 1594 3782 1665">
     <span class='ocr_line' id='line_1_31' title="bbox 2205 1594 3782 1665; baseline -0.001 -17"><span class='ocrx_word' id='word_1_214' title='bbox 2205 1595 2367 1649; x_wconf 78' lang='grc' dir='ltr'>αὑτὸν</span> <span class='ocrx_word' id='word_1_215' title='bbox 2416 1597 2720 1659; x_wconf 71' lang='grc' dir='ltr'>ἐπιδεικνὺς</span> <span class='ocrx_word' id='word_1_216' title='bbox 2750 1594 2970 1665; x_wconf 79' lang='grc' dir='ltr'>ἐνεργὸν</span> <span class='ocrx_word' id='word_1_217' title='bbox 3016 1595 3072 1647; x_wconf 89' lang='grc' dir='ltr'><strong>ἐν</strong></span> <span class='ocrx_word' id='word_1_218' title='bbox 3115 1594 3377 1664; x_wconf 71' lang='grc' dir='ltr'>Σαϐὖάτῳ</span> <span class='ocrx_word' id='word_1_219' title='bbox 3420 1594 3511 1646; x_wconf 77' lang='grc' dir='ltr'><strong>τὸν</strong></span> <span class='ocrx_word' id='word_1_220' title='bbox 3542 1594 3782 1665; x_wconf 81' lang='grc' dir='ltr'><strong>Πατέρα,</strong></span> 
     </span>
    </p>
   </div>
   <div class='ocr_carea' id='block_1_31' title="bbox 2205 1684 3784 1757">
    <p class='ocr_par' dir='ltr' id='par_1_31' title="bbox 2205 1684 3784 1757">
     <span class='ocr_line' id='line_1_32' title="bbox 2205 1684 3784 1757; baseline -0.001 -18"><span class='ocrx_word' id='word_1_221' title='bbox 2205 1686 2301 1739; x_wconf 68' lang='grc' dir='ltr'>καὶ</span> <span class='ocrx_word' id='word_1_222' title='bbox 2329 1686 2543 1757; x_wconf 77' lang='grc' dir='ltr'>μακρὸν</span> <span class='ocrx_word' id='word_1_223' title='bbox 2576 1688 2668 1740; x_wconf 71' lang='grc' dir='ltr'><strong>ἐπὶ</strong></span> <span class='ocrx_word' id='word_1_224' title='bbox 2706 1686 2882 1757; x_wconf 84' lang='grc' dir='ltr'>τούτῳ</span> <span class='ocrx_word' id='word_1_225' title='bbox 2908 1684 3330 1757; x_wconf 77' lang='grc' dir='ltr'>προσαναλώσας</span> <span class='ocrx_word' id='word_1_226' title='bbox 3365 1684 3540 1753; x_wconf 89' lang='grc' dir='ltr'>λόγον.</span> <span class='ocrx_word' id='word_1_227' title='bbox 3573 1685 3697 1739; x_wconf 83' lang='grc' dir='ltr'>Ὅτι</span> <span class='ocrx_word' id='word_1_228' title='bbox 3727 1684 3784 1738; x_wconf 92' lang='grc' dir='ltr'><strong>δέ</strong></span> 
     </span>
    </p>
   </div>
   <div class='ocr_carea' id='block_1_32' title="bbox 523 1767 2098 1850">
    <p class='ocr_par' dir='ltr' id='par_1_32' title="bbox 523 1775 2098 1847">
     <span class='ocr_line' id='line_1_33' title="bbox 523 1775 2098 1847; baseline 0.001 -18"><span class='ocrx_word' id='word_1_229' title='bbox 523 1776 908 1831; x_wconf 80' lang='lat' dir='ltr'><strong>denmnstrare</strong></span> <span class='ocrx_word' id='word_1_230' title='bbox 948 1775 1115 1829; x_wconf 90' lang='lat' dir='ltr'><strong>etiam</strong></span> <span class='ocrx_word' id='word_1_231' title='bbox 1149 1775 1405 1844; x_wconf 79' lang='lat' dir='ltr'><strong>quamvis</strong></span> <span class='ocrx_word' id='word_1_232' title='bbox 1439 1784 1663 1847; x_wconf 81' lang='lat' dir='ltr'><strong>propter</strong></span> <span class='ocrx_word' id='word_1_233' title='bbox 1696 1792 1800 1832; x_wconf 84' lang='lat' dir='ltr'><strong>nos</strong></span> <span class='ocrx_word' id='word_1_234' title='bbox 1837 1776 2001 1832; x_wconf 89' lang='lat' dir='ltr'><strong>homo</strong></span> <span class='ocrx_word' id='word_1_235' title='bbox 2035 1777 2098 1832; x_wconf 89' lang='lat' dir='ltr'><strong>sit</strong></span> 
     </span>
    </p>
   </div>
   <div class='ocr_carea' id='block_1_33' title="bbox 2201 1767 3784 1850">
    <p class='ocr_par' dir='ltr' id='par_1_33' title="bbox 2211 1776 3784 1850">
     <span class='ocr_line' id='line_1_34' title="bbox 2211 1776 3784 1850; baseline -0.003 -18"><span class='ocrx_word' id='word_1_236' title='bbox 2211 1781 2357 1832; x_wconf 87' lang='grc' dir='ltr'>ἐστιν</span> <span class='ocrx_word' id='word_1_237' title='bbox 2390 1781 2448 1833; x_wconf 87' lang='grc' dir='ltr'><strong>ἐν</strong></span> <span class='ocrx_word' id='word_1_238' title='bbox 2489 1779 2694 1848; x_wconf 77' lang='grc' dir='ltr'>ἰσότητι</span> <span class='ocrx_word' id='word_1_239' title='bbox 2723 1781 2787 1850; x_wconf 81' lang='grc' dir='ltr'>τῇ</span> <span class='ocrx_word' id='word_1_240' title='bbox 2819 1778 2957 1850; x_wconf 77' lang='grc' dir='ltr'>πρὸς</span> <span class='ocrx_word' id='word_1_241' title='bbox 2985 1777 3074 1830; x_wconf 86' lang='grc' dir='ltr'><strong>τὸν</strong></span> <span class='ocrx_word' id='word_1_242' title='bbox 3103 1777 3344 1848; x_wconf 81' lang='grc' dir='ltr'>Πατέρα,</span> <span class='ocrx_word' id='word_1_243' title='bbox 3380 1777 3476 1831; x_wconf 76' lang='grc' dir='ltr'><strong>καὶ</strong></span> <span class='ocrx_word' id='word_1_244' title='bbox 3501 1776 3784 1848; x_wconf 77' lang='grc' dir='ltr'>ἄνθρωπος</span> 
     </span>
    </p>
   </div>
   <div class='ocr_carea' id='block_1_34' title="bbox 524 1866 2104 1937">
    <p class='ocr_par' dir='ltr' id='par_1_34' title="bbox 524 1866 2104 1937">
     <span class='ocr_line' id='line_1_35' title="bbox 524 1866 2104 1937; baseline 0.002 -16"><span class='ocrx_word' id='word_1_245' title='bbox 524 1867 742 1933; x_wconf 82' lang='lat' dir='ltr'><strong>factus,</strong></span> <span class='ocrx_word' id='word_1_246' title='bbox 784 1867 1050 1937; x_wconf 83' lang='lat' dir='ltr'><strong>aequalem</strong></span> <span class='ocrx_word' id='word_1_247' title='bbox 1091 1876 1273 1921; x_wconf 88' lang='lat' dir='ltr'><strong>tamen</strong></span> <span class='ocrx_word' id='word_1_248' title='bbox 1310 1882 1433 1923; x_wconf 84' lang='lat' dir='ltr'><strong>esse</strong></span> <span class='ocrx_word' id='word_1_249' title='bbox 1466 1866 1636 1922; x_wconf 93' lang='lat' dir='ltr'><strong>Patri.</strong></span> <span class='ocrx_word' id='word_1_250' title='bbox 1676 1868 1789 1923; x_wconf 85' lang='lat' dir='ltr'><strong>lloc</strong></span> <span class='ocrx_word' id='word_1_251' title='bbox 1832 1869 1978 1923; x_wconf 90' lang='lat' dir='ltr'><strong>enim</strong></span> <span class='ocrx_word' id='word_1_252' title='bbox 2015 1870 2104 1924; x_wconf 89' lang='lat' dir='ltr'><strong>di-</strong></span> 
     </span>
    </p>
   </div>
   <div class='ocr_carea' id='block_1_35' title="bbox 524 1959 2104 2030">
    <p class='ocr_par' dir='ltr' id='par_1_35' title="bbox 524 1959 2104 2030">
     <span class='ocr_line' id='line_1_36' title="bbox 524 1959 2104 2030; baseline 0.001 -14"><span class='ocrx_word' id='word_1_253' title='bbox 524 1961 757 2016; x_wconf 87' lang='lat' dir='ltr'><strong>cendum</strong></span> <span class='ocrx_word' id='word_1_254' title='bbox 795 1960 1055 2015; x_wconf 86' lang='lat' dir='ltr'><strong>restabat.</strong></span> <span class='ocrx_word' id='word_1_255' title='bbox 1081 1959 1318 2030; x_wconf 83' lang='lat' dir='ltr'><strong>Ideoque</strong></span> <span class='ocrx_word' id='word_1_256' title='bbox 1344 1961 1454 2013; x_wconf 90' lang='lat' dir='ltr'><strong>ait:</strong></span> <span class='ocrx_word' id='word_1_257' title='bbox 1484 1980 1502 2012; x_wconf 85' lang='grc' dir='ltr'><strong>ι</strong></span> <span class='ocrx_word' id='word_1_258' title='bbox 1527 1961 1734 2030; x_wconf 83' lang='lat' dir='ltr'><strong>Majora</strong></span> <span class='ocrx_word' id='word_1_259' title='bbox 1758 1961 1842 2017; x_wconf 91' lang='lat' dir='ltr'><strong>his</strong></span> <span class='ocrx_word' id='word_1_260' title='bbox 1871 1966 2104 2018; x_wconf 88' lang='lat' dir='ltr'><strong>demon-</strong></span> 
     </span>
    </p>
   </div>
   <div class='ocr_carea' id='block_1_36' title="bbox 526 2052 2102 2123">
    <p class='ocr_par' dir='ltr' id='par_1_36' title="bbox 526 2052 2102 2123">
     <span class='ocr_line' id='line_1_37' title="bbox 526 2052 2102 2123; baseline -0.002 -14"><span class='ocrx_word' id='word_1_261' title='bbox 526 2054 725 2109; x_wconf 88' lang='lat' dir='ltr'><strong>strabit</strong></span> <span class='ocrx_word' id='word_1_262' title='bbox 747 2054 794 2108; x_wconf 91' lang='lat' dir='ltr'><strong>ei</strong></span> <span class='ocrx_word' id='word_1_263' title='bbox 818 2067 983 2123; x_wconf 88' lang='lat' dir='ltr'><strong>opera</strong></span> <span class='ocrx_word' id='word_1_264' title='bbox 1002 2092 1017 2117; x_wconf 91' lang='lat'><strong>,</strong></span> <span class='ocrx_word' id='word_1_265' title='bbox 1044 2058 1105 2104; x_wconf 90' lang='lat' dir='ltr'><strong>ut</strong></span> <span class='ocrx_word' id='word_1_266' title='bbox 1133 2067 1230 2107; x_wconf 88' lang='lat' dir='ltr'><strong>vos</strong></span> <span class='ocrx_word' id='word_1_267' title='bbox 1259 2052 1553 2107; x_wconf 87' lang='lat' dir='ltr'><strong>miremini.</strong></span> <span class='ocrx_word' id='word_1_268' title='bbox 1579 2072 1599 2103; x_wconf 76' lang='grc' dir='ltr'><strong>ι</strong></span> <span class='ocrx_word' id='word_1_269' title='bbox 1630 2054 1697 2106; x_wconf 83' lang='lat' dir='ltr'><strong>At</strong></span> <span class='ocrx_word' id='word_1_270' title='bbox 1724 2052 1856 2122; x_wconf 90' lang='lat' dir='ltr'><strong>quid</strong></span> <span class='ocrx_word' id='word_1_271' title='bbox 1883 2068 2102 2111; x_wconf 89' lang='lat' dir='ltr'><strong>rursum</strong></span> 
     </span>
    </p>
   </div>
   <div class='ocr_carea' id='block_1_37' title="bbox 522 2142 2103 2217">
    <p class='ocr_par' dir='ltr' id='par_1_37' title="bbox 522 2142 2103 2217">
     <span class='ocr_line' id='line_1_38' title="bbox 522 2142 2103 2217; baseline -0.003 -16"><span class='ocrx_word' id='word_1_272' title='bbox 522 2146 615 2202; x_wconf 79' lang='lat' dir='ltr'><strong>his</strong></span> <span class='ocrx_word' id='word_1_273' title='bbox 644 2144 826 2202; x_wconf 83' lang='lat' dir='ltr'><strong>verbis</strong></span> <span class='ocrx_word' id='word_1_274' title='bbox 855 2144 961 2199; x_wconf 89' lang='lat' dir='ltr'><strong>sibi</strong></span> <span class='ocrx_word' id='word_1_275' title='bbox 988 2144 1146 2198; x_wconf 85' lang='lat' dir='ltr'><strong>vult?</strong></span> <span class='ocrx_word' id='word_1_276' title='bbox 1181 2142 1421 2200; x_wconf 88' lang='lat' dir='ltr'><strong>Sanatus</strong></span> <span class='ocrx_word' id='word_1_277' title='bbox 1449 2152 1569 2209; x_wconf 90' lang='lat' dir='ltr'><strong>est,</strong></span> <span class='ocrx_word' id='word_1_278' title='bbox 1603 2143 1813 2214; x_wconf 91' lang='lat' dir='ltr'><strong>inquit,</strong></span> <span class='ocrx_word' id='word_1_279' title='bbox 1842 2145 2103 2217; x_wconf 78' lang='lat' dir='ltr'><strong>paralyti-</strong></span> 
     </span>
    </p>
   </div>
   <div class='ocr_carea' id='block_1_38' title="bbox 524 2234 2104 2308">
    <p class='ocr_par' dir='ltr' id='par_1_38' title="bbox 524 2234 2104 2308">
     <span class='ocr_line' id='line_1_39' title="bbox 524 2234 2104 2308; baseline 0 -15"><span class='ocrx_word' id='word_1_280' title='bbox 524 2253 659 2302; x_wconf 90' lang='lat' dir='ltr'><strong>cus,</strong></span> <span class='ocrx_word' id='word_1_281' title='bbox 712 2237 933 2308; x_wconf 82' lang='lat' dir='ltr'><strong>triginta</strong></span> <span class='ocrx_word' id='word_1_282' title='bbox 982 2244 1034 2292; x_wconf 91' lang='lat' dir='ltr'><strong>et</strong></span> <span class='ocrx_word' id='word_1_283' title='bbox 1071 2244 1196 2290; x_wconf 90' lang='lat' dir='ltr'><strong>octo</strong></span> <span class='ocrx_word' id='word_1_284' title='bbox 1236 2249 1413 2290; x_wconf 86' lang='lat' dir='ltr'><strong>annos</strong></span> <span class='ocrx_word' id='word_1_285' title='bbox 1448 2234 1657 2290; x_wconf 82' lang='lat' dir='ltr'><strong>habens</strong></span> <span class='ocrx_word' id='word_1_286' title='bbox 1692 2236 1746 2290; x_wconf 92' lang='lat' dir='ltr'><strong>in</strong></span> <span class='ocrx_word' id='word_1_287' title='bbox 1784 2236 2104 2293; x_wconf 76' lang='lat' dir='ltr'><strong>infirmitate</strong></span> 
     </span>
    </p>
   </div>
   <div class='ocr_carea' id='block_1_39' title="bbox 526 2324 2103 2395">
    <p class='ocr_par' dir='ltr' id='par_1_39' title="bbox 526 2324 2103 2395">
     <span class='ocr_line' id='line_1_40' title="bbox 526 2324 2103 2395; baseline -0.003 -10"><span class='ocrx_word' id='word_1_288' title='bbox 526 2345 646 2385; x_wconf 88' lang='lat' dir='ltr'><strong>sua.</strong></span> <span class='ocrx_word' id='word_1_289' title='bbox 675 2329 738 2384; x_wconf 85' lang='lat' dir='ltr'><strong>Et</strong></span> <span class='ocrx_word' id='word_1_290' title='bbox 766 2330 903 2383; x_wconf 89' lang='lat' dir='ltr'><strong>mira</strong></span> <span class='ocrx_word' id='word_1_291' title='bbox 928 2338 1014 2384; x_wconf 91' lang='lat' dir='ltr'><strong>est</strong></span> <span class='ocrx_word' id='word_1_292' title='bbox 1045 2342 1178 2383; x_wconf 87' lang='lat' dir='ltr'><strong>sane</strong></span> <span class='ocrx_word' id='word_1_293' title='bbox 1202 2326 1384 2382; x_wconf 87' lang='lat' dir='ltr'><strong>virtus</strong></span> <span class='ocrx_word' id='word_1_294' title='bbox 1414 2324 1538 2393; x_wconf 86' lang='lat' dir='ltr'><strong>ejus</strong></span> <span class='ocrx_word' id='word_1_295' title='bbox 1567 2326 1658 2395; x_wconf 91' lang='lat' dir='ltr'><strong>qui</strong></span> <span class='ocrx_word' id='word_1_296' title='bbox 1692 2327 1940 2394; x_wconf 81' lang='lat' dir='ltr'><strong>sanavit,</strong></span> <span class='ocrx_word' id='word_1_297' title='bbox 1964 2328 2103 2381; x_wconf 87' lang='lat' dir='ltr'><strong>divi-</strong></span> 
     </span>
    </p>
   </div>
   <div class='ocr_carea' id='block_1_40' title="bbox 523 2416 2098 2492">
    <p class='ocr_par' dir='ltr' id='par_1_40' title="bbox 523 2416 2098 2492">
     <span class='ocr_line' id='line_1_41' title="bbox 523 2416 2098 2492; baseline -0.003 -16"><span class='ocrx_word' id='word_1_298' title='bbox 523 2436 704 2492; x_wconf 84' lang='lat' dir='ltr'><strong>naque</strong></span> <span class='ocrx_word' id='word_1_299' title='bbox 738 2421 897 2490; x_wconf 89' lang='lat' dir='ltr'><strong>plane</strong></span> <span class='ocrx_word' id='word_1_300' title='bbox 938 2426 1204 2491; x_wconf 87' lang='lat' dir='ltr'><strong>potestas.</strong></span> <span class='ocrx_word' id='word_1_301' title='bbox 1238 2416 1342 2473; x_wconf 77' lang='lat' dir='ltr'><strong>Sed</strong></span> <span class='ocrx_word' id='word_1_302' title='bbox 1388 2428 1495 2472; x_wconf 87' lang='lat' dir='ltr'><strong>tam</strong></span> <span class='ocrx_word' id='word_1_303' title='bbox 1540 2417 1876 2472; x_wconf 90' lang='lat' dir='ltr'><strong>mirabilium</strong></span> <span class='ocrx_word' id='word_1_304' title='bbox 1914 2434 2098 2473; x_wconf 85' lang='lat' dir='ltr'><strong>rerum</strong></span> 
     </span>
    </p>
   </div>
   <div class='ocr_carea' id='block_1_41' title="bbox 525 2510 2103 2585">
    <p class='ocr_par' dir='ltr' id='par_1_41' title="bbox 525 2510 2103 2585">
     <span class='ocr_line' id='line_1_42' title="bbox 525 2510 2103 2585; baseline -0.002 -16"><span class='ocrx_word' id='word_1_305' title='bbox 525 2522 856 2585; x_wconf 88' lang='lat' dir='ltr'><strong>patratorem</strong></span> <span class='ocrx_word' id='word_1_306' title='bbox 884 2555 896 2578; x_wconf 81' lang='lat'><strong>,</strong></span> <span class='ocrx_word' id='word_1_307' title='bbox 931 2528 1090 2569; x_wconf 89' lang='lat' dir='ltr'><strong>nemo</strong></span> <span class='ocrx_word' id='word_1_308' title='bbox 1126 2527 1275 2567; x_wconf 75' lang='lat' dir='ltr'><strong>sana:</strong></span> <span class='ocrx_word' id='word_1_309' title='bbox 1303 2512 1501 2567; x_wconf 90' lang='lat' dir='ltr'><strong>mentis</strong></span> <span class='ocrx_word' id='word_1_310' title='bbox 1521 2551 1534 2576; x_wconf 92' lang='lat'><strong>,</strong></span> <span class='ocrx_word' id='word_1_311' title='bbox 1568 2511 1785 2580; x_wconf 81' lang='lat' dir='ltr'><strong>opinor.</strong></span> <span class='ocrx_word' id='word_1_312' title='bbox 1816 2510 2103 2581; x_wconf 84' lang='lat' dir='ltr'><strong>reprehen-</strong></span> 
     </span>
    </p>
   </div>
   <div class='ocr_carea' id='block_1_42' title="bbox 522 2598 2096 2672">
    <p class='ocr_par' dir='ltr' id='par_1_42' title="bbox 522 2598 2096 2672">
     <span class='ocr_line' id='line_1_43' title="bbox 522 2598 2096 2672; baseline -0.004 -11"><span class='ocrx_word' id='word_1_313' title='bbox 522 2606 687 2672; x_wconf 73' lang='lat' dir='ltr'><strong>derit,</strong></span> <span class='ocrx_word' id='word_1_314' title='bbox 723 2620 783 2659; x_wconf 89' lang='lat' dir='ltr'><strong>se</strong></span> <span class='ocrx_word' id='word_1_315' title='bbox 819 2603 990 2659; x_wconf 88' lang='lat' dir='ltr'><strong>Deum</strong></span> <span class='ocrx_word' id='word_1_316' title='bbox 1026 2618 1150 2659; x_wconf 87' lang='lat' dir='ltr'><strong>esse</strong></span> <span class='ocrx_word' id='word_1_317' title='bbox 1179 2602 1486 2669; x_wconf 87' lang='lat' dir='ltr'><strong>dicentem,</strong></span> <span class='ocrx_word' id='word_1_318' title='bbox 1519 2609 1572 2655; x_wconf 90' lang='lat' dir='ltr'><strong>et</strong></span> <span class='ocrx_word' id='word_1_319' title='bbox 1606 2600 1734 2672; x_wconf 88' lang='lat' dir='ltr'><strong>quia</strong></span> <span class='ocrx_word' id='word_1_320' title='bbox 1766 2598 1943 2657; x_wconf 87' lang='lat' dir='ltr'><strong>Filius</strong></span> <span class='ocrx_word' id='word_1_321' title='bbox 1977 2609 2096 2667; x_wconf 89' lang='lat' dir='ltr'><strong>est,</strong></span> 
     </span>
    </p>
   </div>
   <div class='ocr_carea' id='block_1_43' title="bbox 523 2693 2098 2768">
    <p class='ocr_par' dir='ltr' id='par_1_43' title="bbox 523 2693 2098 2768">
     <span class='ocr_line' id='line_1_44' title="bbox 523 2693 2098 2768; baseline -0.004 -15"><span class='ocrx_word' id='word_1_322' title='bbox 523 2713 621 2768; x_wconf 83' lang='lat' dir='ltr'><strong>per</strong></span> <span class='ocrx_word' id='word_1_323' title='bbox 652 2697 837 2753; x_wconf 86' lang='lat' dir='ltr'><strong>omnia</strong></span> <span class='ocrx_word' id='word_1_324' title='bbox 875 2695 1021 2749; x_wconf 84' lang='lat' dir='ltr'><strong>Patri</strong></span> <span class='ocrx_word' id='word_1_325' title='bbox 1062 2695 1350 2765; x_wconf 83' lang='lat' dir='ltr'><strong>aequalem.</strong></span> <span class='ocrx_word' id='word_1_326' title='bbox 1393 2693 1667 2760; x_wconf 86' lang='lat' dir='ltr'><strong>Quoniam</strong></span> <span class='ocrx_word' id='word_1_327' title='bbox 1704 2701 1884 2767; x_wconf 79' lang='lat' dir='ltr'><strong>autem</strong></span> <span class='ocrx_word' id='word_1_328' title='bbox 1923 2694 2098 2765; x_wconf 89' lang='lat' dir='ltr'><strong>pessi-</strong></span> 
     </span>
    </p>
   </div>
   <div class='ocr_carea' id='block_1_44' title="bbox 519 2784 2099 2857">
    <p class='ocr_par' dir='ltr' id='par_1_44' title="bbox 519 2784 2099 2857">
     <span class='ocr_line' id='line_1_45' title="bbox 519 2784 2099 2857; baseline 0 -15"><span class='ocrx_word' id='word_1_329' title='bbox 519 2802 616 2843; x_wconf 85' lang='lat' dir='ltr'><strong>me</strong></span> <span class='ocrx_word' id='word_1_330' title='bbox 642 2802 706 2842; x_wconf 89' lang='lat' dir='ltr'><strong>ac</strong></span> <span class='ocrx_word' id='word_1_331' title='bbox 736 2786 1062 2843; x_wconf 76' lang='lat' dir='ltr'><strong>stultissime</strong></span> <span class='ocrx_word' id='word_1_332' title='bbox 1096 2784 1406 2851; x_wconf 85' lang='lat' dir='ltr'><strong>sentiendo,</strong></span> <span class='ocrx_word' id='word_1_333' title='bbox 1439 2786 1635 2856; x_wconf 89' lang='lat' dir='ltr'><strong>inquit,</strong></span> <span class='ocrx_word' id='word_1_334' title='bbox 1665 2795 1885 2856; x_wconf 85' lang='lat' dir='ltr'><strong>propter</strong></span> <span class='ocrx_word' id='word_1_335' title='bbox 1908 2785 2099 2857; x_wconf 85' lang='lat' dir='ltr'><strong>fragile</strong></span> 
     </span>
    </p>
   </div>
   <div class='ocr_carea' id='block_1_45' title="bbox 517 2878 2095 2948">
    <p class='ocr_par' dir='ltr' id='par_1_45' title="bbox 517 2878 2095 2948">
     <span class='ocr_line' id='line_1_46' title="bbox 517 2878 2095 2948; baseline -0.001 -13"><span class='ocrx_word' id='word_1_336' title='bbox 517 2882 629 2935; x_wconf 80' lang='lat' dir='ltr'><strong>hoc</strong></span> <span class='ocrx_word' id='word_1_337' title='bbox 664 2893 865 2948; x_wconf 90' lang='lat' dir='ltr'><strong>corpus</strong></span> <span class='ocrx_word' id='word_1_338' title='bbox 912 2878 1401 2942; x_wconf 86' lang='lat' dir='ltr'><strong>scandalizamini,</strong></span> <span class='ocrx_word' id='word_1_339' title='bbox 1451 2879 1768 2933; x_wconf 83' lang='lat' dir='ltr'><strong>necessario</strong></span> <span class='ocrx_word' id='word_1_340' title='bbox 1808 2878 2095 2934; x_wconf 89' lang='lat' dir='ltr'><strong>sciendum</strong></span> 
     </span>
    </p>
   </div>
   <div class='ocr_carea' id='block_1_46' title="bbox 518 2965 2098 3035">
    <p class='ocr_par' dir='ltr' id='par_1_46' title="bbox 518 2965 2098 3035">
     <span class='ocr_line' id='line_1_47' title="bbox 518 2965 2098 3035; baseline -0.002 -12"><span class='ocrx_word' id='word_1_341' title='bbox 518 2968 678 3024; x_wconf 75' lang='lat' dir='ltr'><strong>vobis</strong></span> <span class='ocrx_word' id='word_1_342' title='bbox 706 2974 813 3033; x_wconf 88' lang='lat' dir='ltr'><strong>est,</strong></span> <span class='ocrx_word' id='word_1_343' title='bbox 840 2966 985 3021; x_wconf 84' lang='lat' dir='ltr'><strong>hunc</strong></span> <span class='ocrx_word' id='word_1_344' title='bbox 1020 2980 1130 3020; x_wconf 84' lang='lat' dir='ltr'><strong>non</strong></span> <span class='ocrx_word' id='word_1_345' title='bbox 1167 2965 1283 3020; x_wconf 82' lang='lat' dir='ltr'><strong>fore</strong></span> <span class='ocrx_word' id='word_1_346' title='bbox 1313 2967 1603 3035; x_wconf 84' lang='lat' dir='ltr'><strong>potestatis</strong></span> <span class='ocrx_word' id='word_1_347' title='bbox 1627 2980 1690 3020; x_wconf 84' lang='lat' dir='ltr'><strong>ac</strong></span> <span class='ocrx_word' id='word_1_348' title='bbox 1722 2966 1940 3021; x_wconf 86' lang='lat' dir='ltr'><strong>virtutis</strong></span> <span class='ocrx_word' id='word_1_349' title='bbox 1966 2981 2098 3020; x_wconf 69' lang='lat' dir='ltr'><strong>mete</strong></span> 
     </span>
    </p>
   </div>
   <div class='ocr_carea' id='block_1_47' title="bbox 514 3056 2092 3127">
    <p class='ocr_par' dir='ltr' id='par_1_47' title="bbox 514 3056 2092 3127">
     <span class='ocr_line' id='line_1_48' title="bbox 514 3056 2092 3127; baseline -0.001 -13"><span class='ocrx_word' id='word_1_350' title='bbox 514 3058 816 3116; x_wconf 77' lang='lat' dir='ltr'><strong>terminum</strong></span> <span class='ocrx_word' id='word_1_351' title='bbox 846 3076 859 3113; x_wconf 87' lang='lat'><strong>:</strong></span> <span class='ocrx_word' id='word_1_352' title='bbox 892 3058 1102 3126; x_wconf 86' lang='lat' dir='ltr'><strong>majora</strong></span> <span class='ocrx_word' id='word_1_353' title='bbox 1124 3070 1386 3126; x_wconf 88' lang='lat' dir='ltr'><strong>namque,</strong></span> <span class='ocrx_word' id='word_1_354' title='bbox 1418 3056 1504 3110; x_wconf 88' lang='lat' dir='ltr'><strong>vel</strong></span> <span class='ocrx_word' id='word_1_355' title='bbox 1539 3056 1718 3120; x_wconf 82' lang='lat' dir='ltr'><strong>inviti,</strong></span> <span class='ocrx_word' id='word_1_356' title='bbox 1748 3057 2092 3127; x_wconf 87' lang='lat' dir='ltr'><strong>spectabitis,</strong></span> 
     </span>
    </p>
   </div>
   <div class='ocr_carea' id='block_1_48' title="bbox 521 3148 2096 3218">
    <p class='ocr_par' dir='ltr' id='par_1_48' title="bbox 521 3148 2096 3218">
     <span class='ocr_line' id='line_1_49' title="bbox 521 3148 2096 3218; baseline -0.001 -13"><span class='ocrx_word' id='word_1_357' title='bbox 521 3157 863 3206; x_wconf 88' lang='lat' dir='ltr'><strong>mortuorum</strong></span> <span class='ocrx_word' id='word_1_358' title='bbox 892 3149 1105 3204; x_wconf 87' lang='lat' dir='ltr'><strong>scilicet</strong></span> <span class='ocrx_word' id='word_1_359' title='bbox 1134 3148 1596 3204; x_wconf 86' lang='lat' dir='ltr'><strong>resurrectionem</strong></span> <span class='ocrx_word' id='word_1_360' title='bbox 1621 3167 1633 3203; x_wconf 93' lang='lat'><strong>:</strong></span> <span class='ocrx_word' id='word_1_361' title='bbox 1660 3156 1891 3218; x_wconf 88' lang='lat' dir='ltr'><strong>tumque</strong></span> <span class='ocrx_word' id='word_1_362' title='bbox 1923 3148 2096 3218; x_wconf 81' lang='lat' dir='ltr'><strong>magis</strong></span> 
     </span>
    </p>
   </div>
   <div class='ocr_carea' id='block_1_49' title="bbox 520 3237 2101 3310">
    <p class='ocr_par' dir='ltr' id='par_1_49' title="bbox 520 3237 2101 3310">
     <span class='ocr_line' id='line_1_50' title="bbox 520 3237 2101 3310; baseline -0.001 -13"><span class='ocrx_word' id='word_1_363' title='bbox 520 3238 889 3305; x_wconf 86' lang='lat' dir='ltr'><strong>mirabimini,</strong></span> <span class='ocrx_word' id='word_1_364' title='bbox 934 3237 1180 3293; x_wconf 84' lang='lat' dir='ltr'><strong>divinam</strong></span> <span class='ocrx_word' id='word_1_365' title='bbox 1220 3239 1452 3310; x_wconf 77' lang='lat' dir='ltr'><strong>gloriam</strong></span> <span class='ocrx_word' id='word_1_366' title='bbox 1494 3254 1560 3295; x_wconf 87' lang='lat' dir='ltr'><strong>ac</strong></span> <span class='ocrx_word' id='word_1_367' title='bbox 1593 3240 1854 3295; x_wconf 86' lang='lat' dir='ltr'><strong>virtutem</strong></span> <span class='ocrx_word' id='word_1_368' title='bbox 1908 3239 1969 3294; x_wconf 92' lang='lat' dir='ltr'><strong>in</strong></span> <span class='ocrx_word' id='word_1_369' title='bbox 2016 3254 2101 3296; x_wconf 81' lang='lat' dir='ltr'><strong>me</strong></span> 
     </span>
    </p>
   </div>
   <div class='ocr_carea' id='block_1_50' title="bbox 514 3330 2100 3401">
    <p class='ocr_par' dir='ltr' id='par_1_50' title="bbox 514 3330 2100 3401">
     <span class='ocr_line' id='line_1_51' title="bbox 514 3330 2100 3401; baseline -0.003 -13"><span class='ocrx_word' id='word_1_370' title='bbox 514 3339 843 3400; x_wconf 77' lang='lat' dir='ltr'><strong>cernentes,</strong></span> <span class='ocrx_word' id='word_1_371' title='bbox 868 3345 1029 3401; x_wconf 86' lang='lat' dir='ltr'><strong>quem</strong></span> <span class='ocrx_word' id='word_1_372' title='bbox 1057 3330 1413 3401; x_wconf 61' lang='lat' dir='ltr'><strong>blasphemia</strong></span> <span class='ocrx_word' id='word_1_373' title='bbox 1436 3331 1669 3386; x_wconf 88' lang='lat' dir='ltr'><strong>crimine</strong></span> <span class='ocrx_word' id='word_1_374' title='bbox 1692 3346 1839 3386; x_wconf 88' lang='lat' dir='ltr'><strong>nunc</strong></span> <span class='ocrx_word' id='word_1_375' title='bbox 1868 3330 2100 3387; x_wconf 85' lang='lat' dir='ltr'><strong>involvi-</strong></span> 
     </span>
    </p>
   </div>
   <div class='ocr_carea' id='block_1_51' title="bbox 518 3420 2090 3492">
    <p class='ocr_par' dir='ltr' id='par_1_51' title="bbox 518 3420 2090 3492">
     <span class='ocr_line' id='line_1_52' title="bbox 518 3420 2090 3492; baseline -0.001 -15"><span class='ocrx_word' id='word_1_376' title='bbox 518 3423 612 3486; x_wconf 85' lang='lat' dir='ltr'><strong>tis,</strong></span> <span class='ocrx_word' id='word_1_377' title='bbox 644 3432 698 3478; x_wconf 92' lang='lat' dir='ltr'><strong>et</strong></span> <span class='ocrx_word' id='word_1_378' title='bbox 729 3421 981 3491; x_wconf 88' lang='lat' dir='ltr'><strong>persequi</strong></span> <span class='ocrx_word' id='word_1_379' title='bbox 1012 3436 1121 3475; x_wconf 88' lang='lat' dir='ltr'><strong>non</strong></span> <span class='ocrx_word' id='word_1_380' title='bbox 1149 3420 1454 3485; x_wconf 84' lang='lat' dir='ltr'><strong>veremini,</strong></span> <span class='ocrx_word' id='word_1_381' title='bbox 1490 3428 1786 3492; x_wconf 83' lang='lat' dir='ltr'><strong>propterea</strong></span> <span class='ocrx_word' id='word_1_382' title='bbox 1821 3423 1966 3492; x_wconf 91' lang='lat' dir='ltr'><strong>quod</strong></span> <span class='ocrx_word' id='word_1_383' title='bbox 2007 3438 2090 3478; x_wconf 85' lang='lat' dir='ltr'><strong>so-</strong></span> 
     </span>
    </p>
   </div>
   <div class='ocr_carea' id='block_1_52' title="bbox 522 3509 2098 3583">
    <p class='ocr_par' dir='ltr' id='par_1_52' title="bbox 522 3509 2098 3583">
     <span class='ocr_line' id='line_1_53' title="bbox 522 3509 2098 3583; baseline 0.001 -16"><span class='ocrx_word' id='word_1_384' title='bbox 522 3517 632 3568; x_wconf 89' lang='lat' dir='ltr'><strong>tum</strong></span> <span class='ocrx_word' id='word_1_385' title='bbox 663 3511 799 3575; x_wconf 74' lang='lat' dir='ltr'><strong>dixi,</strong></span> <span class='ocrx_word' id='word_1_386' title='bbox 822 3525 909 3565; x_wconf 89' lang='lat' dir='ltr'><strong>me</strong></span> <span class='ocrx_word' id='word_1_387' title='bbox 932 3509 1024 3566; x_wconf 90' lang='lat' dir='ltr'><strong>Dei</strong></span> <span class='ocrx_word' id='word_1_388' title='bbox 1051 3510 1249 3566; x_wconf 86' lang='lat' dir='ltr'><strong>Filium</strong></span> <span class='ocrx_word' id='word_1_389' title='bbox 1280 3527 1430 3569; x_wconf 88' lang='lat' dir='ltr'><strong>esse.</strong></span> <span class='ocrx_word' id='word_1_390' title='bbox 1453 3512 1574 3579; x_wconf 87' lang='lat' dir='ltr'><strong>Quo</strong></span> <span class='ocrx_word' id='word_1_391' title='bbox 1597 3521 1760 3583; x_wconf 90' lang='lat' dir='ltr'><strong>pacto</strong></span> <span class='ocrx_word' id='word_1_392' title='bbox 1786 3528 1919 3569; x_wconf 86' lang='lat' dir='ltr'><strong>vero</strong></span> <span class='ocrx_word' id='word_1_393' title='bbox 1956 3513 2098 3569; x_wconf 88' lang='lat' dir='ltr'><strong>Deus</strong></span> 
     </span>
    </p>
   </div>
   <div class='ocr_carea' id='block_1_53' title="bbox 521 3600 2098 3674">
    <p class='ocr_par' dir='ltr' id='par_1_53' title="bbox 521 3600 2098 3674">
     <span class='ocr_line' id='line_1_54' title="bbox 521 3600 2098 3674; baseline 0.001 -18"><span class='ocrx_word' id='word_1_394' title='bbox 521 3620 587 3659; x_wconf 77' lang='lat' dir='ltr'><strong>ac</strong></span> <span class='ocrx_word' id='word_1_395' title='bbox 628 3602 788 3657; x_wconf 90' lang='lat' dir='ltr'><strong>Pater</strong></span> <span class='ocrx_word' id='word_1_396' title='bbox 828 3615 996 3671; x_wconf 87' lang='lat' dir='ltr'><strong>opera</strong></span> <span class='ocrx_word' id='word_1_397' title='bbox 1044 3600 1184 3657; x_wconf 83' lang='lat' dir='ltr'><strong>Filio</strong></span> <span class='ocrx_word' id='word_1_398' title='bbox 1227 3602 1611 3670; x_wconf 88' lang='lat' dir='ltr'><strong>demonstret,</strong></span> <span class='ocrx_word' id='word_1_399' title='bbox 1661 3605 1889 3674; x_wconf 87' lang='lat' dir='ltr'><strong>copiose</strong></span> <span class='ocrx_word' id='word_1_400' title='bbox 1939 3614 2098 3660; x_wconf 89' lang='lat' dir='ltr'><strong>antea</strong></span> 
     </span>
    </p>
   </div>
   <div class='ocr_carea' id='block_1_54' title="bbox 520 3697 781 3753">
    <p class='ocr_par' dir='ltr' id='par_1_54' title="bbox 520 3697 781 3753">
     <span class='ocr_line' id='line_1_55' title="bbox 520 3697 781 3753; baseline -0.015 0"><span class='ocrx_word' id='word_1_401' title='bbox 520 3697 781 3753; x_wconf 76' lang='lat' dir='ltr'><strong>diximus.</strong></span> 
     </span>
    </p>
   </div>
   <div class='ocr_carea' id='block_1_55' title="bbox 595 3957 2097 4027">
    <p class='ocr_par' dir='ltr' id='par_1_55' title="bbox 595 3957 2097 4027">
     <span class='ocr_line' id='line_1_56' title="bbox 595 3957 2097 4027; baseline 0.004 -16"><span class='ocrx_word' id='word_1_402' title='bbox 595 3957 776 4023; x_wconf 74' lang='lat' dir='ltr'><strong>V,2l.</strong></span> <span class='ocrx_word' id='word_1_403' title='bbox 812 3958 961 4015; x_wconf 78' lang='lat' dir='ltr'><strong>Sicut</strong></span> <span class='ocrx_word' id='word_1_404' title='bbox 987 3959 1125 4012; x_wconf 81' lang='lat' dir='ltr'><strong>enim</strong></span> <span class='ocrx_word' id='word_1_405' title='bbox 1158 3958 1321 4012; x_wconf 78' lang='lat' dir='ltr'><strong>Pater</strong></span> <span class='ocrx_word' id='word_1_406' title='bbox 1349 3959 1574 4013; x_wconf 75' lang='lat' dir='ltr'><strong>suscitat</strong></span> <span class='ocrx_word' id='word_1_407' title='bbox 1605 3969 1860 4027; x_wconf 78' lang='lat' dir='ltr'><strong>mortuos,</strong></span> <span class='ocrx_word' id='word_1_408' title='bbox 1887 3971 1937 4017; x_wconf 80' lang='lat' dir='ltr'><strong>et</strong></span> <span class='ocrx_word' id='word_1_409' title='bbox 1968 3964 2097 4017; x_wconf 77' lang='lat' dir='ltr'><strong>vivi-</strong></span> 
     </span>
    </p>
   </div>
   <div class='ocr_carea' id='block_1_56' title="bbox 519 4049 1656 4121">
    <p class='ocr_par' dir='ltr' id='par_1_56' title="bbox 519 4049 1656 4121">
     <span class='ocr_line' id='line_1_57' title="bbox 519 4049 1656 4121; baseline 0.001 -17"><span class='ocrx_word' id='word_1_410' title='bbox 519 4052 679 4121; x_wconf 75' lang='lat' dir='ltr'><strong>ﬂeat.</strong></span> <span class='ocrx_word' id='word_1_411' title='bbox 710 4052 788 4105; x_wconf 79' lang='lat' dir='ltr'><strong>sic</strong></span> <span class='ocrx_word' id='word_1_412' title='bbox 816 4060 865 4105; x_wconf 82' lang='lat' dir='ltr'><strong>et</strong></span> <span class='ocrx_word' id='word_1_413' title='bbox 902 4049 1081 4105; x_wconf 74' lang='lat' dir='ltr'><strong>Filius</strong></span> <span class='ocrx_word' id='word_1_414' title='bbox 1106 4067 1234 4120; x_wconf 79' lang='lat' dir='ltr'><strong>quos</strong></span> <span class='ocrx_word' id='word_1_415' title='bbox 1266 4050 1376 4104; x_wconf 85' lang='lat' dir='ltr'><strong>vult</strong></span> <span class='ocrx_word' id='word_1_416' title='bbox 1407 4051 1656 4120; x_wconf 76' lang='lat' dir='ltr'><strong>viviﬁcat.</strong></span> 
     </span>
    </p>
   </div>
   <div class='ocr_carea' id='block_1_57' title="bbox 595 4139 2097 4211">
    <p class='ocr_par' dir='ltr' id='par_1_57' title="bbox 595 4139 2097 4211">
     <span class='ocr_line' id='line_1_58' title="bbox 595 4139 2097 4211; baseline 0.005 -17"><span class='ocrx_word' id='word_1_417' title='bbox 595 4139 729 4196; x_wconf 82' lang='lat' dir='ltr'><strong>Vide</strong></span> <span class='ocrx_word' id='word_1_418' title='bbox 752 4155 948 4196; x_wconf 89' lang='lat' dir='ltr'><strong>rursus</strong></span> <span class='ocrx_word' id='word_1_419' title='bbox 977 4141 1343 4211; x_wconf 65' lang='lat' dir='ltr'><strong>aequalitatem</strong></span> <span class='ocrx_word' id='word_1_420' title='bbox 1371 4140 1455 4195; x_wconf 90' lang='lat' dir='ltr'><strong>his</strong></span> <span class='ocrx_word' id='word_1_421' title='bbox 1484 4141 1662 4196; x_wconf 86' lang='lat' dir='ltr'><strong>verbis</strong></span> <span class='ocrx_word' id='word_1_422' title='bbox 1691 4143 1841 4199; x_wconf 88' lang='lat' dir='ltr'><strong>clare</strong></span> <span class='ocrx_word' id='word_1_423' title='bbox 1866 4144 2097 4202; x_wconf 88' lang='lat' dir='ltr'><strong>demon-</strong></span> 
     </span>
    </p>
   </div>
   <div class='ocr_carea' id='block_1_58' title="bbox 520 4231 2098 4307">
    <p class='ocr_par' dir='ltr' id='par_1_58' title="bbox 520 4231 2098 4307">
     <span class='ocr_line' id='line_1_59' title="bbox 520 4231 2098 4307; baseline 0 -18"><span class='ocrx_word' id='word_1_424' title='bbox 520 4233 706 4289; x_wconf 79' lang='lat' dir='ltr'><strong>strari.</strong></span> <span class='ocrx_word' id='word_1_425' title='bbox 727 4231 829 4299; x_wconf 73' lang='lat' dir='ltr'><strong>Qui</strong></span> <span class='ocrx_word' id='word_1_426' title='bbox 850 4234 995 4287; x_wconf 88' lang='lat' dir='ltr'><strong>enim</strong></span> <span class='ocrx_word' id='word_1_427' title='bbox 1018 4232 1305 4300; x_wconf 61' lang='lat' dir='ltr'><strong>aequaliter</strong></span> <span class='ocrx_word' id='word_1_428' title='bbox 1324 4231 1376 4285; x_wconf 89' lang='lat' dir='ltr'><strong>in</strong></span> <span class='ocrx_word' id='word_1_429' title='bbox 1404 4232 1743 4288; x_wconf 88' lang='lat' dir='ltr'><strong>suscitandis</strong></span> <span class='ocrx_word' id='word_1_430' title='bbox 1771 4234 1934 4307; x_wconf 65' lang='grc'><strong>224</strong></span> <span class='ocrx_word' id='word_1_431' title='bbox 1956 4253 2098 4293; x_wconf 86' lang='lat' dir='ltr'><strong>mor-</strong></span> 
     </span>
    </p>
   </div>
   <div class='ocr_carea' id='block_1_59' title="bbox 2206 1858 3782 1942">
    <p class='ocr_par' dir='ltr' id='par_1_59' title="bbox 2206 1858 3782 1942">
     <span class='ocr_line' id='line_1_60' title="bbox 2206 1858 3782 1942; baseline -0.003 -18"><span class='ocrx_word' id='word_1_432' title='bbox 2206 1871 2444 1939; x_wconf 77' lang='grc' dir='ltr'>γεγονὼς</span> <span class='ocrx_word' id='word_1_433' title='bbox 2468 1858 2541 1923; x_wconf 62' lang='grc' dir='ltr'>δι’</span> <span class='ocrx_word' id='word_1_434' title='bbox 2562 1872 2708 1942; x_wconf 70' lang='grc' dir='ltr'>ἡμᾶς</span> <span class='ocrx_word' id='word_1_435' title='bbox 2727 1912 2740 1935; x_wconf 91' lang='grc'><strong>,</strong></span> <span class='ocrx_word' id='word_1_436' title='bbox 2777 1871 3033 1941; x_wconf 79' lang='grc' dir='ltr'>πειρᾶται</span> <span class='ocrx_word' id='word_1_437' title='bbox 3059 1869 3350 1923; x_wconf 72' lang='grc' dir='ltr'><strong>διδάσκειν.</strong></span> <span class='ocrx_word' id='word_1_438' title='bbox 3378 1868 3548 1921; x_wconf 88' lang='grc' dir='ltr'>Τοῦτο</span> <span class='ocrx_word' id='word_1_439' title='bbox 3576 1868 3686 1939; x_wconf 79' lang='grc' dir='ltr'>γὰρ</span> <span class='ocrx_word' id='word_1_440' title='bbox 3712 1863 3782 1938; x_wconf 77' lang='grc' dir='ltr'>ἦν</span> 
     </span>
    </p>
   </div>
   <div class='ocr_carea' id='block_1_60' title="bbox 2206 1960 3786 2034">
    <p class='ocr_par' dir='ltr' id='par_1_60' title="bbox 2206 1960 3786 2034">
     <span class='ocr_line' id='line_1_61' title="bbox 2206 1960 3786 2034; baseline -0.001 -20"><span class='ocrx_word' id='word_1_441' title='bbox 2206 1964 2297 2015; x_wconf 77' lang='grc' dir='ltr'><strong>ἐπὶ</strong></span> <span class='ocrx_word' id='word_1_442' title='bbox 2330 1962 2406 2034; x_wconf 81' lang='grc' dir='ltr'>τῷ</span> <span class='ocrx_word' id='word_1_443' title='bbox 2454 1962 2595 2034; x_wconf 87' lang='grc' dir='ltr'>λόγῳ</span> <span class='ocrx_word' id='word_1_444' title='bbox 2622 1963 2684 2016; x_wconf 86' lang='grc' dir='ltr'><strong>τὸ</strong></span> <span class='ocrx_word' id='word_1_445' title='bbox 2738 1962 2941 2015; x_wconf 83' lang='grc' dir='ltr'>λεῖπον.</span> <span class='ocrx_word' id='word_1_446' title='bbox 2979 1961 3087 2014; x_wconf 78' lang='grc' dir='ltr'><strong>Καὶ</strong></span> <span class='ocrx_word' id='word_1_447' title='bbox 3142 1960 3231 2014; x_wconf 83' lang='grc' dir='ltr'>διὰ</span> <span class='ocrx_word' id='word_1_448' title='bbox 3264 1961 3421 2014; x_wconf 87' lang='grc' dir='ltr'>τοῦτό</span> <span class='ocrx_word' id='word_1_449' title='bbox 3471 1977 3672 2031; x_wconf 83' lang='grc' dir='ltr'>φησιν,</span> <span class='ocrx_word' id='word_1_450' title='bbox 3703 1960 3786 2013; x_wconf 85' lang='grc' dir='ltr'>ὅτι</span> 
     </span>
    </p>
   </div>
   <div class='ocr_carea' id='block_1_61' title="bbox 2210 2050 3784 2123">
    <p class='ocr_par' dir='ltr' id='par_1_61' title="bbox 2210 2050 3784 2123">
     <span class='ocr_line' id='line_1_62' title="bbox 2210 2050 3784 2123; baseline 0 -19"><span class='ocrx_word' id='word_1_451' title='bbox 2210 2072 2230 2103; x_wconf 74' lang='grc' dir='ltr'><strong>ι</strong></span> <span class='ocrx_word' id='word_1_452' title='bbox 2264 2054 2502 2117; x_wconf 77' lang='grc' dir='ltr'>Μείζονα</span> <span class='ocrx_word' id='word_1_453' title='bbox 2533 2052 2739 2106; x_wconf 87' lang='grc' dir='ltr'>τούτων</span> <span class='ocrx_word' id='word_1_454' title='bbox 2766 2051 2929 2116; x_wconf 77' lang='grc' dir='ltr'>δείξει</span> <span class='ocrx_word' id='word_1_455' title='bbox 2964 2051 3112 2123; x_wconf 83' lang='grc' dir='ltr'>αὑτῷ</span> <span class='ocrx_word' id='word_1_456' title='bbox 3143 2050 3299 2122; x_wconf 81' lang='grc' dir='ltr'>ἔργα,</span> <span class='ocrx_word' id='word_1_457' title='bbox 3340 2052 3428 2104; x_wconf 81' lang='grc' dir='ltr'><strong>ἵνα</strong></span> <span class='ocrx_word' id='word_1_458' title='bbox 3459 2052 3617 2122; x_wconf 85' lang='grc' dir='ltr'>ὑμεῖς</span> <span class='ocrx_word' id='word_1_459' title='bbox 3657 2050 3784 2105; x_wconf 89' lang='grc' dir='ltr'>θαυ-</span> 
     </span>
    </p>
   </div>
   <div class='ocr_carea' id='block_1_62' title="bbox 2206 2140 3781 2213">
    <p class='ocr_par' dir='ltr' id='par_1_62' title="bbox 2206 2140 3781 2213">
     <span class='ocr_line' id='line_1_63' title="bbox 2206 2140 3781 2213; baseline -0.002 -17"><span class='ocrx_word' id='word_1_460' title='bbox 2206 2141 2436 2213; x_wconf 76' lang='grc' dir='ltr'>μάζητε.</span> <span class='ocrx_word' id='word_1_461' title='bbox 2473 2161 2492 2192; x_wconf 76' lang='grc' dir='ltr'><strong>ι</strong></span> <span class='ocrx_word' id='word_1_462' title='bbox 2532 2142 2641 2197; x_wconf 76' lang='grc' dir='ltr'><strong>Καὶ</strong></span> <span class='ocrx_word' id='word_1_463' title='bbox 2683 2144 2737 2196; x_wconf 92' lang='grc' dir='ltr'><strong>τί</strong></span> <span class='ocrx_word' id='word_1_464' title='bbox 2794 2143 2954 2197; x_wconf 78' lang='grc' dir='ltr'>πάλιν</span> <span class='ocrx_word' id='word_1_465' title='bbox 2996 2143 3126 2213; x_wconf 79' lang='grc' dir='ltr'>ἡμῖν</span> <span class='ocrx_word' id='word_1_466' title='bbox 3163 2141 3413 2213; x_wconf 78' lang='grc' dir='ltr'>βούλεται</span> <span class='ocrx_word' id='word_1_467' title='bbox 3455 2142 3543 2194; x_wconf 80' lang='grc' dir='ltr'><strong>διὰ</strong></span> <span class='ocrx_word' id='word_1_468' title='bbox 3595 2140 3781 2195; x_wconf 84' lang='grc' dir='ltr'>τούτου</span> 
     </span>
    </p>
   </div>
   <div class='ocr_carea' id='block_1_63' title="bbox 2204 2218 3782 2307">
    <p class='ocr_par' dir='ltr' id='par_1_63' title="bbox 2204 2218 3782 2307">
     <span class='ocr_line' id='line_1_64' title="bbox 2204 2218 3782 2307; baseline 0.001 -21"><span class='ocrx_word' id='word_1_469' title='bbox 2204 2233 2395 2301; x_wconf 75' lang='grc' dir='ltr'>δηλοῦν</span> <span class='ocrx_word' id='word_1_470' title='bbox 2431 2249 2445 2298; x_wconf 91' lang='grc'><strong>;</strong></span> <span class='ocrx_word' id='word_1_471' title='bbox 2474 2234 2877 2303; x_wconf 83' lang='grc' dir='ltr'>Τεθερὰπευται</span> <span class='ocrx_word' id='word_1_472' title='bbox 2904 2274 2918 2296; x_wconf 91' lang='grc'><strong>,</strong></span> <span class='ocrx_word' id='word_1_473' title='bbox 2948 2236 3112 2304; x_wconf 80' lang='grc' dir='ltr'>φησὶν</span> <span class='ocrx_word' id='word_1_474' title='bbox 3136 2273 3151 2298; x_wconf 92' lang='grc'><strong>,</strong></span> <span class='ocrx_word' id='word_1_475' title='bbox 3183 2234 3212 2287; x_wconf 86' lang='lat'><strong>6</strong></span> <span class='ocrx_word' id='word_1_476' title='bbox 3259 2218 3595 2304; x_wconf 79' lang='grc' dir='ltr'>παράλυτος,</span> <span class='ocrx_word' id='word_1_477' title='bbox 3628 2233 3782 2307; x_wconf 81' lang='grc' dir='ltr'>τριά-</span> 
     </span>
    </p>
   </div>
   <div class='ocr_carea' id='block_1_64' title="bbox 2202 2322 3783 2397">
    <p class='ocr_par' dir='ltr' id='par_1_64' title="bbox 2202 2322 3783 2397">
     <span class='ocr_line' id='line_1_65' title="bbox 2202 2322 3783 2397; baseline -0.001 -20"><span class='ocrx_word' id='word_1_478' title='bbox 2202 2341 2367 2378; x_wconf 88' lang='grc' dir='ltr'>κοντα</span> <span class='ocrx_word' id='word_1_479' title='bbox 2399 2324 2492 2378; x_wconf 79' lang='grc' dir='ltr'>καὶ</span> <span class='ocrx_word' id='word_1_480' title='bbox 2524 2324 2667 2378; x_wconf 80' lang='grc' dir='ltr'>ὀκτὼ</span> <span class='ocrx_word' id='word_1_481' title='bbox 2697 2324 2791 2397; x_wconf 81' lang='grc' dir='ltr'><strong>ἐτη</strong></span> <span class='ocrx_word' id='word_1_482' title='bbox 2822 2324 2961 2396; x_wconf 75' lang='grc' dir='ltr'>ἔχων</span> <span class='ocrx_word' id='word_1_483' title='bbox 2996 2325 3053 2376; x_wconf 80' lang='grc' dir='ltr'><strong>ἐν</strong></span> <span class='ocrx_word' id='word_1_484' title='bbox 3073 2327 3137 2395; x_wconf 77' lang='grc' dir='ltr'>τῇ</span> <span class='ocrx_word' id='word_1_485' title='bbox 3175 2323 3427 2395; x_wconf 79' lang='grc' dir='ltr'>ἀσθενείᾳ</span> <span class='ocrx_word' id='word_1_486' title='bbox 3458 2322 3644 2378; x_wconf 75' lang='grc' dir='ltr'>αὐτοῦ.</span> <span class='ocrx_word' id='word_1_487' title='bbox 3677 2325 3783 2377; x_wconf 74' lang='grc' dir='ltr'><strong>Καὶ</strong></span> 
     </span>
    </p>
   </div>
   <div class='ocr_carea' id='block_1_65' title="bbox 2203 2418 3781 2491">
    <p class='ocr_par' dir='ltr' id='par_1_65' title="bbox 2203 2418 3781 2491">
     <span class='ocr_line' id='line_1_66' title="bbox 2203 2418 3781 2491; baseline -0.001 -17"><span class='ocrx_word' id='word_1_488' title='bbox 2203 2420 2488 2491; x_wconf 80' lang='grc' dir='ltr'>θαυμαστὴ</span> <span class='ocrx_word' id='word_1_489' title='bbox 2533 2419 2631 2491; x_wconf 90' lang='grc' dir='ltr'><strong>μέν</strong></span> <span class='ocrx_word' id='word_1_490' title='bbox 2665 2419 2834 2485; x_wconf 80' lang='grc' dir='ltr'>ὅντως</span> <span class='ocrx_word' id='word_1_491' title='bbox 2871 2422 2903 2490; x_wconf 80' lang='grc' dir='ltr'>ἡ</span> <span class='ocrx_word' id='word_1_492' title='bbox 2950 2418 3043 2472; x_wconf 90' lang='grc' dir='ltr'><strong>τοῦ</strong></span> <span class='ocrx_word' id='word_1_493' title='bbox 3078 2418 3509 2490; x_wconf 66' lang='grc' dir='ltr'>θεραπεύσαντος</span> <span class='ocrx_word' id='word_1_494' title='bbox 3536 2418 3781 2489; x_wconf 86' lang='grc' dir='ltr'>δύναμις,</span> 
     </span>
    </p>
   </div>
   <div class='ocr_carea' id='block_1_66' title="bbox 2202 2509 3779 2583">
    <p class='ocr_par' dir='ltr' id='par_1_66' title="bbox 2202 2509 3779 2583">
     <span class='ocr_line' id='line_1_67' title="bbox 2202 2509 3779 2583; baseline -0.002 -18"><span class='ocrx_word' id='word_1_495' title='bbox 2202 2512 2513 2583; x_wconf 75' lang='grc' dir='ltr'>θεοπρεπὴς</span> <span class='ocrx_word' id='word_1_496' title='bbox 2530 2528 2587 2564; x_wconf 90' lang='grc' dir='ltr'><strong>τε</strong></span> <span class='ocrx_word' id='word_1_497' title='bbox 2607 2510 2725 2565; x_wconf 83' lang='grc' dir='ltr'>λίαν</span> <span class='ocrx_word' id='word_1_498' title='bbox 2751 2513 2783 2582; x_wconf 84' lang='grc' dir='ltr'>ἡ</span> <span class='ocrx_word' id='word_1_499' title='bbox 2806 2509 3042 2575; x_wconf 82' lang='grc' dir='ltr'>ἐξουσία.</span> <span class='ocrx_word' id='word_1_500' title='bbox 3065 2510 3168 2564; x_wconf 82' lang='grc' dir='ltr'>Τὸν</span> <span class='ocrx_word' id='word_1_501' title='bbox 3194 2511 3253 2563; x_wconf 85' lang='grc' dir='ltr'><strong>δέ</strong></span> <span class='ocrx_word' id='word_1_502' title='bbox 3271 2509 3413 2563; x_wconf 79' lang='grc' dir='ltr'>οὓτω</span> <span class='ocrx_word' id='word_1_503' title='bbox 3439 2509 3779 2581; x_wconf 77' lang='grc' dir='ltr'>θαυματουρο</span> 
     </span>
    </p>
   </div>
   <div class='ocr_carea' id='block_1_67' title="bbox 2200 2597 3783 2672">
    <p class='ocr_par' dir='ltr' id='par_1_67' title="bbox 2200 2597 3783 2672">
     <span class='ocr_line' id='line_1_68' title="bbox 2200 2597 3783 2672; baseline -0.003 -16"><span class='ocrx_word' id='word_1_504' title='bbox 2200 2603 2294 2671; x_wconf 79' lang='grc' dir='ltr'>τὸν</span> <span class='ocrx_word' id='word_1_505' title='bbox 2319 2642 2334 2667; x_wconf 90' lang='grc'><strong>,</strong></span> <span class='ocrx_word' id='word_1_506' title='bbox 2366 2604 2466 2656; x_wconf 75' lang='grc' dir='ltr'><strong>οὐκ</strong></span> <span class='ocrx_word' id='word_1_507' title='bbox 2506 2603 2571 2657; x_wconf 76' lang='grc' dir='ltr'>ἄν</span> <span class='ocrx_word' id='word_1_508' title='bbox 2601 2618 2717 2667; x_wconf 83' lang='grc' dir='ltr'>τις,</span> <span class='ocrx_word' id='word_1_509' title='bbox 2747 2597 2900 2672; x_wconf 70' lang='grc' dir='ltr'>οἶμαι</span> <span class='ocrx_word' id='word_1_510' title='bbox 2922 2642 2935 2666; x_wconf 93' lang='grc'><strong>,</strong></span> <span class='ocrx_word' id='word_1_511' title='bbox 2970 2599 3264 2671; x_wconf 84' lang='grc' dir='ltr'>σωφρονῶν</span> <span class='ocrx_word' id='word_1_512' title='bbox 3299 2600 3604 2653; x_wconf 81' lang='grc' dir='ltr'>αἰτιάσαιτο</span> <span class='ocrx_word' id='word_1_513' title='bbox 3651 2600 3783 2653; x_wconf 74' lang='grc' dir='ltr'>θεὸν</span> 
     </span>
    </p>
   </div>
   <div class='ocr_carea' id='block_1_68' title="bbox 2200 2690 3782 2765">
    <p class='ocr_par' dir='ltr' id='par_1_68' title="bbox 2200 2690 3782 2765">
     <span class='ocr_line' id='line_1_69' title="bbox 2200 2690 3782 2765; baseline -0.001 -18"><span class='ocrx_word' id='word_1_514' title='bbox 2200 2694 2389 2747; x_wconf 81' lang='grc' dir='ltr'>ἑαυτὸν</span> <span class='ocrx_word' id='word_1_515' title='bbox 2428 2690 2565 2747; x_wconf 74' lang='grc' dir='ltr'>εἶναι</span> <span class='ocrx_word' id='word_1_516' title='bbox 2598 2694 2826 2762; x_wconf 84' lang='grc' dir='ltr'>λέγοντα</span> <span class='ocrx_word' id='word_1_517' title='bbox 2852 2734 2867 2760; x_wconf 92' lang='grc'><strong>,</strong></span> <span class='ocrx_word' id='word_1_518' title='bbox 2898 2692 2991 2746; x_wconf 76' lang='grc' dir='ltr'><strong>καὶ</strong></span> <span class='ocrx_word' id='word_1_519' title='bbox 3024 2692 3253 2765; x_wconf 87' lang='grc' dir='ltr'>ἐπείπερ</span> <span class='ocrx_word' id='word_1_520' title='bbox 3286 2694 3435 2745; x_wconf 75' lang='grc' dir='ltr'>ἐστὶν</span> <span class='ocrx_word' id='word_1_521' title='bbox 3467 2692 3593 2756; x_wconf 78' lang='grc' dir='ltr'>Υἱὸς</span> <span class='ocrx_word' id='word_1_522' title='bbox 3614 2735 3628 2758; x_wconf 90' lang='grc'><strong>,</strong></span> <span class='ocrx_word' id='word_1_523' title='bbox 3670 2694 3782 2746; x_wconf 73' lang='grc' dir='ltr'>ἶσον</span> 
     </span>
    </p>
   </div>
   <div class='ocr_carea' id='block_1_69' title="bbox 2200 2784 3782 2857">
    <p class='ocr_par' dir='ltr' id='par_1_69' title="bbox 2200 2784 3782 2857">
     <span class='ocr_line' id='line_1_70' title="bbox 2200 2784 3782 2857; baseline -0.001 -17"><span class='ocrx_word' id='word_1_524' title='bbox 2200 2785 2341 2841; x_wconf 82' lang='grc' dir='ltr'>κατὰ</span> <span class='ocrx_word' id='word_1_525' title='bbox 2370 2786 2548 2840; x_wconf 85' lang='grc' dir='ltr'>πάντα</span> <span class='ocrx_word' id='word_1_526' title='bbox 2578 2786 2656 2857; x_wconf 82' lang='grc' dir='ltr'>τῷ</span> <span class='ocrx_word' id='word_1_527' title='bbox 2688 2786 3067 2856; x_wconf 82' lang='grc' dir='ltr'>Γεγεννηκότι.</span> <span class='ocrx_word' id='word_1_528' title='bbox 3113 2784 3330 2856; x_wconf 80' lang='grc' dir='ltr'>Ἐπειδὴ</span> <span class='ocrx_word' id='word_1_529' title='bbox 3357 2784 3412 2838; x_wconf 79' lang='grc' dir='ltr'>δὲ</span> <span class='ocrx_word' id='word_1_530' title='bbox 3441 2785 3782 2856; x_wconf 81' lang='grc' dir='ltr'>φρονοῦντες,</span> 
     </span>
    </p>
   </div>
   <div class='ocr_carea' id='block_1_70' title="bbox 2200 2876 3786 2949">
    <p class='ocr_par' dir='ltr' id='par_1_70' title="bbox 2200 2876 3786 2949">
     <span class='ocr_line' id='line_1_71' title="bbox 2200 2876 3786 2949; baseline -0.001 -18"><span class='ocrx_word' id='word_1_531' title='bbox 2200 2879 2351 2949; x_wconf 75' lang='grc' dir='ltr'>φησὶ,</span> <span class='ocrx_word' id='word_1_532' title='bbox 2402 2879 2637 2932; x_wconf 82' lang='grc' dir='ltr'>κάκιστά</span> <span class='ocrx_word' id='word_1_533' title='bbox 2664 2895 2720 2931; x_wconf 88' lang='grc' dir='ltr'><strong>τε</strong></span> <span class='ocrx_word' id='word_1_534' title='bbox 2767 2878 2862 2931; x_wconf 76' lang='grc' dir='ltr'>καὶ</span> <span class='ocrx_word' id='word_1_535' title='bbox 2905 2876 3245 2946; x_wconf 83' lang='grc' dir='ltr'>ἀλογώτατα,</span> <span class='ocrx_word' id='word_1_536' title='bbox 3282 2876 3372 2930; x_wconf 77' lang='grc' dir='ltr'><strong>δια</strong></span> <span class='ocrx_word' id='word_1_537' title='bbox 3425 2876 3488 2929; x_wconf 73' lang='grc' dir='ltr'>τὸ</span> <span class='ocrx_word' id='word_1_538' title='bbox 3519 2876 3786 2948; x_wconf 79' lang='grc' dir='ltr'>ἐπίκηρον</span> 
     </span>
    </p>
   </div>
   <div class='ocr_carea' id='block_1_71' title="bbox 2197 2969 3783 3040">
    <p class='ocr_par' dir='ltr' id='par_1_71' title="bbox 2197 2969 3783 3040">
     <span class='ocr_line' id='line_1_72' title="bbox 2197 2969 3783 3040; baseline -0.003 -16"><span class='ocrx_word' id='word_1_539' title='bbox 2197 2972 2347 3024; x_wconf 77' lang='grc' dir='ltr'>τουτὶ</span> <span class='ocrx_word' id='word_1_540' title='bbox 2372 2970 2790 3034; x_wconf 74' lang='grc' dir='ltr'>σκανδαλίζεσθε</span> <span class='ocrx_word' id='word_1_541' title='bbox 2818 2970 3308 3040; x_wconf 79' lang='grc' dir='ltr'>σῶμα,ἀναγκαῖον</span> <span class='ocrx_word' id='word_1_542' title='bbox 3339 2969 3481 3039; x_wconf 81' lang='grc' dir='ltr'>ὑμᾶς</span> <span class='ocrx_word' id='word_1_543' title='bbox 3502 2969 3783 3039; x_wconf 84' lang='grc' dir='ltr'>ἐκμαθεῖν,</span> 
     </span>
    </p>
   </div>
   <div class='ocr_carea' id='block_1_72' title="bbox 2198 3057 3787 3134">
    <p class='ocr_par' dir='ltr' id='par_1_72' title="bbox 2198 3057 3787 3134">
     <span class='ocr_line' id='line_1_73' title="bbox 2198 3057 3787 3134; baseline -0.004 -18"><span class='ocrx_word' id='word_1_544' title='bbox 2198 3063 2273 3127; x_wconf 82' lang='grc' dir='ltr'>ὡς</span> <span class='ocrx_word' id='word_1_545' title='bbox 2291 3062 2351 3115; x_wconf 86' lang='grc' dir='ltr'><strong>ού</strong></span> <span class='ocrx_word' id='word_1_546' title='bbox 2375 3063 2535 3134; x_wconf 86' lang='grc' dir='ltr'>μέχρι</span> <span class='ocrx_word' id='word_1_547' title='bbox 2563 3060 2764 3115; x_wconf 84' lang='grc' dir='ltr'>τούτων</span> <span class='ocrx_word' id='word_1_548' title='bbox 2786 3060 2853 3113; x_wconf 84' lang='grc' dir='ltr'>τὰ</span> <span class='ocrx_word' id='word_1_549' title='bbox 2879 3060 2975 3131; x_wconf 79' lang='grc' dir='ltr'>τῆς</span> <span class='ocrx_word' id='word_1_550' title='bbox 2991 3059 3130 3130; x_wconf 79' lang='grc' dir='ltr'>ἐμῆς</span> <span class='ocrx_word' id='word_1_551' title='bbox 3146 3059 3467 3125; x_wconf 80' lang='grc' dir='ltr'>ἐξουσίας“τε</span> <span class='ocrx_word' id='word_1_552' title='bbox 3489 3059 3580 3112; x_wconf 71' lang='grc' dir='ltr'>καὶ</span> <span class='ocrx_word' id='word_1_553' title='bbox 3605 3057 3787 3129; x_wconf 84' lang='grc' dir='ltr'>ἰσχύος</span> 
     </span>
    </p>
   </div>
   <div class='ocr_carea' id='block_1_73' title="bbox 2207 3148 3786 3228">
    <p class='ocr_par' dir='ltr' id='par_1_73' title="bbox 2207 3148 3786 3228">
     <span class='ocr_line' id='line_1_74' title="bbox 2207 3148 3786 3228; baseline -0.004 -20"><span class='ocrx_word' id='word_1_554' title='bbox 2207 3158 2464 3228; x_wconf 85' lang='grc' dir='ltr'>στήσεται</span> <span class='ocrx_word' id='word_1_555' title='bbox 2492 3171 2506 3187; x_wconf 88' lang='grc'><strong>·</strong></span> <span class='ocrx_word' id='word_1_556' title='bbox 2540 3154 2803 3225; x_wconf 77' lang='grc' dir='ltr'>μειζόνων</span> <span class='ocrx_word' id='word_1_557' title='bbox 2843 3152 2951 3223; x_wconf 79' lang='grc' dir='ltr'><strong>γὰρ</strong></span> <span class='ocrx_word' id='word_1_558' title='bbox 2979 3150 3166 3203; x_wconf 80' lang='grc' dir='ltr'>ἔσεσθε</span> <span class='ocrx_word' id='word_1_559' title='bbox 3206 3149 3538 3221; x_wconf 75' lang='grc' dir='ltr'>παραδόξων,</span> <span class='ocrx_word' id='word_1_560' title='bbox 3577 3148 3678 3203; x_wconf 81' lang='grc' dir='ltr'><strong>κᾶν</strong></span> <span class='ocrx_word' id='word_1_561' title='bbox 3712 3148 3786 3219; x_wconf 74' lang='grc' dir='ltr'>μὴ</span> 
     </span>
    </p>
   </div>
   <div class='ocr_carea' id='block_1_74' title="bbox 2205 3241 3787 3319">
    <p class='ocr_par' dir='ltr' id='par_1_74' title="bbox 2205 3241 3787 3319">
     <span class='ocr_line' id='line_1_75' title="bbox 2205 3241 3787 3319; baseline -0.004 -18"><span class='ocrx_word' id='word_1_562' title='bbox 2205 3248 2492 3319; x_wconf 84' lang='grc' dir='ltr'>βούλησθε,</span> <span class='ocrx_word' id='word_1_563' title='bbox 2530 3246 2761 3317; x_wconf 73' lang='grc' dir='ltr'>θεωροὶ,</span> <span class='ocrx_word' id='word_1_564' title='bbox 2795 3245 2894 3313; x_wconf 78' lang='grc' dir='ltr'><strong>τῆς</strong></span> <span class='ocrx_word' id='word_1_565' title='bbox 2926 3242 3034 3297; x_wconf 84' lang='grc' dir='ltr'><strong>τῶν</strong></span> <span class='ocrx_word' id='word_1_566' title='bbox 3067 3242 3276 3313; x_wconf 85' lang='grc' dir='ltr'>νεκρῶν</span> <span class='ocrx_word' id='word_1_567' title='bbox 3308 3243 3656 3305; x_wconf 77' lang='grc' dir='ltr'>ἀναστάσεως</span> <span class='ocrx_word' id='word_1_568' title='bbox 3696 3241 3787 3309; x_wconf 87' lang='grc' dir='ltr'>δη-</span> 
     </span>
    </p>
   </div>
   <div class='ocr_carea' id='block_1_75' title="bbox 2202 3332 3784 3410">
    <p class='ocr_par' dir='ltr' id='par_1_75' title="bbox 2202 3332 3784 3410">
     <span class='ocr_line' id='line_1_76' title="bbox 2202 3332 3784 3410; baseline -0.006 -18"><span class='ocrx_word' id='word_1_569' title='bbox 2202 3339 2335 3410; x_wconf 81' lang='grc' dir='ltr'>λαδὴ</span> <span class='ocrx_word' id='word_1_570' title='bbox 2358 3380 2374 3406; x_wconf 92' lang='grc'><strong>,</strong></span> <span class='ocrx_word' id='word_1_571' title='bbox 2402 3339 2497 3393; x_wconf 75' lang='grc' dir='ltr'>καὶ</span> <span class='ocrx_word' id='word_1_572' title='bbox 2545 3338 2666 3390; x_wconf 88' lang='grc' dir='ltr'>τότε</span> <span class='ocrx_word' id='word_1_573' title='bbox 2706 3336 2968 3408; x_wconf 76' lang='grc' dir='ltr'>μειζόνως</span> <span class='ocrx_word' id='word_1_574' title='bbox 3002 3332 3489 3404; x_wconf 82' lang='grc' dir='ltr'>καταπλαγήσεσθε</span> <span class='ocrx_word' id='word_1_575' title='bbox 3512 3371 3529 3396; x_wconf 90' lang='grc'><strong>,</strong></span> <span class='ocrx_word' id='word_1_576' title='bbox 3564 3333 3664 3404; x_wconf 75' lang='grc' dir='ltr'>τὴν</span> <span class='ocrx_word' id='word_1_577' title='bbox 3707 3332 3784 3402; x_wconf 79' lang='grc' dir='ltr'>τῷ</span> 
     </span>
    </p>
   </div>
   <div class='ocr_carea' id='block_1_76' title="bbox 2200 3425 3783 3502">
    <p class='ocr_par' dir='ltr' id='par_1_76' title="bbox 2200 3425 3783 3502">
     <span class='ocr_line' id='line_1_77' title="bbox 2200 3425 3783 3502; baseline -0.003 -19"><span class='ocrx_word' id='word_1_578' title='bbox 2200 3431 2321 3502; x_wconf 80' lang='grc' dir='ltr'><strong>Θεῷ</strong></span> <span class='ocrx_word' id='word_1_579' title='bbox 2351 3431 2665 3501; x_wconf 85' lang='grc' dir='ltr'>πρέπουσαν</span> <span class='ocrx_word' id='word_1_580' title='bbox 2706 3430 2858 3500; x_wconf 86' lang='grc' dir='ltr'>ἰσχύν</span> <span class='ocrx_word' id='word_1_581' title='bbox 2892 3446 2951 3482; x_wconf 85' lang='grc' dir='ltr'><strong>τε</strong></span> <span class='ocrx_word' id='word_1_582' title='bbox 2985 3428 3079 3481; x_wconf 78' lang='grc' dir='ltr'><strong>καὶ</strong></span> <span class='ocrx_word' id='word_1_583' title='bbox 3107 3426 3265 3491; x_wconf 79' lang='grc' dir='ltr'>δόξαν</span> <span class='ocrx_word' id='word_1_584' title='bbox 3290 3427 3347 3478; x_wconf 85' lang='grc' dir='ltr'><strong>ἐν</strong></span> <span class='ocrx_word' id='word_1_585' title='bbox 3378 3427 3501 3496; x_wconf 68' lang='grc' dir='ltr'>ἐμοὶ</span> <span class='ocrx_word' id='word_1_586' title='bbox 3525 3425 3783 3496; x_wconf 79' lang='grc' dir='ltr'>κειμένην</span> 
     </span>
    </p>
   </div>
   <div class='ocr_carea' id='block_1_77' title="bbox 2201 3517 3780 3593">
    <p class='ocr_par' dir='ltr' id='par_1_77' title="bbox 2201 3517 3780 3593">
     <span class='ocr_line' id='line_1_78' title="bbox 2201 3517 3780 3593; baseline -0.004 -16"><span class='ocrx_word' id='word_1_587' title='bbox 2201 3523 2464 3593; x_wconf 75' lang='grc' dir='ltr'>ὁρῶντες,</span> <span class='ocrx_word' id='word_1_588' title='bbox 2490 3523 2549 3577; x_wconf 82' lang='grc' dir='ltr'>ὃν</span> <span class='ocrx_word' id='word_1_589' title='bbox 2594 3521 2905 3593; x_wconf 84' lang='grc' dir='ltr'>δυσφημίας</span> <span class='ocrx_word' id='word_1_590' title='bbox 2938 3520 3241 3590; x_wconf 77' lang='grc' dir='ltr'>ἐγκλήματι</span> <span class='ocrx_word' id='word_1_591' title='bbox 3284 3518 3638 3590; x_wconf 78' lang='grc' dir='ltr'>περιϐάλλετε</span> <span class='ocrx_word' id='word_1_592' title='bbox 3667 3517 3780 3581; x_wconf 82' lang='grc' dir='ltr'>νῦν,</span> 
     </span>
    </p>
   </div>
   <div class='ocr_carea' id='block_1_78' title="bbox 2199 3610 3784 3682">
    <p class='ocr_par' dir='ltr' id='par_1_78' title="bbox 2199 3610 3784 3682">
     <span class='ocr_line' id='line_1_79' title="bbox 2199 3610 3784 3682; baseline -0.004 -14"><span class='ocrx_word' id='word_1_593' title='bbox 2199 3614 2293 3668; x_wconf 76' lang='grc' dir='ltr'><strong>καὶ</strong></span> <span class='ocrx_word' id='word_1_594' title='bbox 2322 3612 2535 3667; x_wconf 82' lang='grc' dir='ltr'>διώκειν</span> <span class='ocrx_word' id='word_1_595' title='bbox 2573 3614 2674 3667; x_wconf 89' lang='grc' dir='ltr'><strong>ούκ</strong></span> <span class='ocrx_word' id='word_1_596' title='bbox 2709 3610 3051 3682; x_wconf 87' lang='grc' dir='ltr'>αἰσχύνεσθε,</span> <span class='ocrx_word' id='word_1_597' title='bbox 3081 3610 3170 3664; x_wconf 75' lang='grc' dir='ltr'>διὰ</span> <span class='ocrx_word' id='word_1_598' title='bbox 3190 3611 3253 3663; x_wconf 83' lang='grc' dir='ltr'><strong>τὸ</strong></span> <span class='ocrx_word' id='word_1_599' title='bbox 3276 3611 3435 3680; x_wconf 85' lang='grc' dir='ltr'>μόνον</span> <span class='ocrx_word' id='word_1_600' title='bbox 3471 3611 3677 3677; x_wconf 79' lang='grc' dir='ltr'>εἰπεῖν,</span> <span class='ocrx_word' id='word_1_601' title='bbox 3703 3610 3784 3663; x_wconf 79' lang='grc' dir='ltr'>ὅτι</span> 
     </span>
    </p>
   </div>
   <div class='ocr_carea' id='block_1_79' title="bbox 2200 3701 3783 3776">
    <p class='ocr_par' dir='ltr' id='par_1_79' title="bbox 2200 3701 3783 3776">
     <span class='ocr_line' id='line_1_80' title="bbox 2200 3701 3783 3776; baseline -0.003 -18"><span class='ocrx_word' id='word_1_602' title='bbox 2200 3703 2328 3768; x_wconf 79' lang='grc' dir='ltr'>Υἱὸς</span> <span class='ocrx_word' id='word_1_603' title='bbox 2384 3703 2520 3758; x_wconf 87' lang='grc' dir='ltr'>Θεοῦ</span> <span class='ocrx_word' id='word_1_604' title='bbox 2573 3706 2710 3776; x_wconf 78' lang='grc' dir='ltr'>εἰμι.</span> <span class='ocrx_word' id='word_1_605' title='bbox 2745 3704 2992 3757; x_wconf 86' lang='grc' dir='ltr'>Δεικνύει</span> <span class='ocrx_word' id='word_1_606' title='bbox 3032 3701 3089 3756; x_wconf 79' lang='grc' dir='ltr'><strong>δέ</strong></span> <span class='ocrx_word' id='word_1_607' title='bbox 3130 3703 3279 3765; x_wconf 83' lang='grc' dir='ltr'>ὅπως</span> <span class='ocrx_word' id='word_1_608' title='bbox 3309 3703 3337 3756; x_wconf 90' lang='lat'><strong>6</strong></span> <span class='ocrx_word' id='word_1_609' title='bbox 3372 3701 3505 3764; x_wconf 83' lang='grc' dir='ltr'>Θεὸς</span> <span class='ocrx_word' id='word_1_610' title='bbox 3546 3704 3643 3755; x_wconf 71' lang='grc' dir='ltr'>καὶ</span> <span class='ocrx_word' id='word_1_611' title='bbox 3669 3702 3783 3754; x_wconf 86' lang='grc' dir='ltr'><strong>Πα-</strong></span> 
     </span>
    </p>
   </div>
   <div class='ocr_carea' id='block_1_80' title="bbox 2197 3792 3785 3869">
    <p class='ocr_par' dir='ltr' id='par_1_80' title="bbox 2197 3792 3785 3869">
     <span class='ocr_line' id='line_1_81' title="bbox 2197 3792 3785 3869; baseline -0.003 -19"><span class='ocrx_word' id='word_1_612' title='bbox 2197 3797 2304 3867; x_wconf 78' lang='grc' dir='ltr'><strong>τὴρ</strong></span> <span class='ocrx_word' id='word_1_613' title='bbox 2346 3796 2415 3850; x_wconf 78' lang='grc' dir='ltr'>τὰ</span> <span class='ocrx_word' id='word_1_614' title='bbox 2446 3795 2586 3869; x_wconf 73' lang='grc' dir='ltr'>ἔργα</span> <span class='ocrx_word' id='word_1_615' title='bbox 2626 3796 2705 3867; x_wconf 81' lang='grc' dir='ltr'>τῷ</span> <span class='ocrx_word' id='word_1_616' title='bbox 2739 3795 2887 3867; x_wconf 84' lang='grc' dir='ltr'>Υἰῷ,</span> <span class='ocrx_word' id='word_1_617' title='bbox 2918 3795 3281 3866; x_wconf 77' lang='grc' dir='ltr'>προλαϐόντες</span> <span class='ocrx_word' id='word_1_618' title='bbox 3319 3793 3418 3865; x_wconf 70' lang='grc' dir='ltr'>ἤδη</span> <span class='ocrx_word' id='word_1_619' title='bbox 3453 3794 3543 3849; x_wconf 82' lang='grc' dir='ltr'>διὰ</span> <span class='ocrx_word' id='word_1_620' title='bbox 3574 3792 3785 3848; x_wconf 82' lang='grc' dir='ltr'>πολλῶν</span> 
     </span>
    </p>
   </div>
   <div class='ocr_carea' id='block_1_81' title="bbox 2200 3889 2523 3960">
    <p class='ocr_par' dir='ltr' id='par_1_81' title="bbox 2200 3889 2523 3960">
     <span class='ocr_line' id='line_1_82' title="bbox 2200 3889 2523 3960; baseline 0.003 -19"><span class='ocrx_word' id='word_1_621' title='bbox 2200 3889 2523 3960; x_wconf 84' lang='grc' dir='ltr'>εἰρήκαμεν.</span> 
     </span>
    </p>
   </div>
   <div class='ocr_carea' id='block_1_82' title="bbox 2270 3975 3781 4051">
    <p class='ocr_par' dir='ltr' id='par_1_82' title="bbox 2270 3975 3781 4051">
     <span class='ocr_line' id='line_1_83' title="bbox 2270 3975 3781 4051; baseline -0.004 -17"><span class='ocrx_word' id='word_1_622' title='bbox 2270 3980 2499 4049; x_wconf 79' lang='grc' dir='ltr'>Ὠσπερ</span> <span class='ocrx_word' id='word_1_623' title='bbox 2526 3979 2635 4051; x_wconf 77' lang='grc' dir='ltr'>γὰρ</span> <span class='ocrx_word' id='word_1_624' title='bbox 2658 3981 2691 4034; x_wconf 87' lang='lat'><strong>6</strong></span> <span class='ocrx_word' id='word_1_625' title='bbox 2723 3979 2923 4048; x_wconf 75' lang='grc' dir='ltr'>Πατὴρ</span> <span class='ocrx_word' id='word_1_626' title='bbox 2958 3977 3173 4049; x_wconf 72' lang='grc' dir='ltr'>ἐγείρει</span> <span class='ocrx_word' id='word_1_627' title='bbox 3210 3978 3351 4043; x_wconf 82' lang='grc' dir='ltr'>τοὺς</span> <span class='ocrx_word' id='word_1_628' title='bbox 3382 3975 3636 4044; x_wconf 79' lang='grc' dir='ltr'>νεκροὺς</span> <span class='ocrx_word' id='word_1_629' title='bbox 3686 3976 3781 4029; x_wconf 81' lang='grc' dir='ltr'>και</span> 
     </span>
    </p>
   </div>
   <div class='ocr_carea' id='block_1_83' title="bbox 2200 4067 3678 4137">
    <p class='ocr_par' dir='ltr' id='par_1_83' title="bbox 2200 4067 3678 4137">
     <span class='ocr_line' id='line_1_84' title="bbox 2200 4067 3678 4137; baseline -0.002 -13"><span class='ocrx_word' id='word_1_630' title='bbox 2200 4069 2480 4135; x_wconf 79' lang='grc' dir='ltr'>ζωοποιεῖ,</span> <span class='ocrx_word' id='word_1_631' title='bbox 2505 4073 2689 4137; x_wconf 79' lang='grc' dir='ltr'>οὕτως</span> <span class='ocrx_word' id='word_1_632' title='bbox 2725 4071 2823 4126; x_wconf 80' lang='grc' dir='ltr'>καὶ</span> <span class='ocrx_word' id='word_1_633' title='bbox 2847 4075 2879 4125; x_wconf 85' lang='lat' dir='ltr'><strong>d</strong></span> <span class='ocrx_word' id='word_1_634' title='bbox 2915 4071 3050 4137; x_wconf 79' lang='grc' dir='ltr'><strong>Υἱὸς</strong></span> <span class='ocrx_word' id='word_1_635' title='bbox 3079 4070 3183 4136; x_wconf 81' lang='grc' dir='ltr'>οὓς</span> <span class='ocrx_word' id='word_1_636' title='bbox 3209 4069 3368 4125; x_wconf 75' lang='grc' dir='ltr'>θέλει</span> <span class='ocrx_word' id='word_1_637' title='bbox 3394 4067 3678 4129; x_wconf 80' lang='grc' dir='ltr'>ζωοποιεῖ.</span> 
     </span>
    </p>
   </div>
   <div class='ocr_carea' id='block_1_84' title="bbox 2268 4160 3783 4234">
    <p class='ocr_par' dir='ltr' id='par_1_84' title="bbox 2268 4160 3783 4234">
     <span class='ocr_line' id='line_1_85' title="bbox 2268 4160 3783 4234; baseline -0.001 -19"><span class='ocrx_word' id='word_1_638' title='bbox 2268 4162 2379 4217; x_wconf 83' lang='grc' dir='ltr'>Θέα</span> <span class='ocrx_word' id='word_1_639' title='bbox 2406 4162 2469 4234; x_wconf 84' lang='grc' dir='ltr'>δὴ</span> <span class='ocrx_word' id='word_1_640' title='bbox 2504 4162 2666 4216; x_wconf 85' lang='grc' dir='ltr'>πάλιν</span> <span class='ocrx_word' id='word_1_641' title='bbox 2708 4164 2766 4215; x_wconf 90' lang='grc' dir='ltr'><strong>ἐν</strong></span> <span class='ocrx_word' id='word_1_642' title='bbox 2810 4162 3022 4225; x_wconf 76' lang='grc' dir='ltr'>τούτοις</span> <span class='ocrx_word' id='word_1_643' title='bbox 3067 4162 3214 4231; x_wconf 82' lang='grc' dir='ltr'>σαφῆ</span> <span class='ocrx_word' id='word_1_644' title='bbox 3246 4160 3345 4231; x_wconf 82' lang='grc' dir='ltr'>τὴν</span> <span class='ocrx_word' id='word_1_645' title='bbox 3389 4161 3488 4230; x_wconf 82' lang='grc' dir='ltr'><strong>τῆς</strong></span> <span class='ocrx_word' id='word_1_646' title='bbox 3540 4160 3783 4230; x_wconf 83' lang='grc' dir='ltr'>ἰσότητος</span> 
     </span>
    </p>
   </div>
   <div class='ocr_carea' id='block_1_85' title="bbox 2197 4246 3785 4321">
    <p class='ocr_par' dir='ltr' id='par_1_85' title="bbox 2197 4246 3785 4321">
     <span class='ocr_line' id='line_1_86' title="bbox 2197 4246 3785 4321; baseline -0.004 -18"><span class='ocrx_word' id='word_1_647' title='bbox 2197 4249 2489 4317; x_wconf 79' lang='grc' dir='ltr'>ἀπόδειξιν.</span> <span class='ocrx_word' id='word_1_648' title='bbox 2522 4251 2579 4315; x_wconf 71' lang='grc' dir='ltr'><strong>ΪΟ</strong></span> <span class='ocrx_word' id='word_1_649' title='bbox 2613 4251 2719 4320; x_wconf 82' lang='grc' dir='ltr'>γὰρ</span> <span class='ocrx_word' id='word_1_650' title='bbox 2749 4251 2879 4313; x_wconf 73' lang='grc' dir='ltr'>ἴσως</span> <span class='ocrx_word' id='word_1_651' title='bbox 2910 4249 3129 4321; x_wconf 83' lang='grc' dir='ltr'>ἐνεργὸς</span> <span class='ocrx_word' id='word_1_652' title='bbox 3164 4250 3292 4319; x_wconf 83' lang='grc' dir='ltr'><strong>περί</strong></span> <span class='ocrx_word' id='word_1_653' title='bbox 3314 4248 3412 4318; x_wconf 85' lang='grc' dir='ltr'>τὴν</span> <span class='ocrx_word' id='word_1_654' title='bbox 3437 4246 3545 4300; x_wconf 88' lang='grc' dir='ltr'><strong>τῶν</strong></span> <span class='ocrx_word' id='word_1_655' title='bbox 3574 4248 3785 4317; x_wconf 82' lang='grc' dir='ltr'>νεκρῶν</span> 
     </span>
    </p>
   </div>
   <div class='ocr_carea' id='block_1_86' title="bbox 519 4324 2098 4413">
    <p class='ocr_par' dir='ltr' id='par_1_86' title="bbox 519 4324 2098 4395">
     <span class='ocr_line' id='line_1_87' title="bbox 519 4324 2098 4395; baseline 0.004 -17"><span class='ocrx_word' id='word_1_656' title='bbox 519 4328 631 4380; x_wconf 90' lang='lat' dir='ltr'><strong>tuis</strong></span> <span class='ocrx_word' id='word_1_657' title='bbox 659 4335 919 4395; x_wconf 87' lang='lat' dir='ltr'><strong>operatur</strong></span> <span class='ocrx_word' id='word_1_658' title='bbox 942 4366 956 4391; x_wconf 88' lang='lat'><strong>,</strong></span> <span class='ocrx_word' id='word_1_659' title='bbox 992 4324 1268 4395; x_wconf 82' lang='lat' dir='ltr'><strong>quomodo</strong></span> <span class='ocrx_word' id='word_1_660' title='bbox 1310 4324 1418 4377; x_wconf 90' lang='lat' dir='ltr'><strong>ulla</strong></span> <span class='ocrx_word' id='word_1_661' title='bbox 1450 4325 1514 4380; x_wconf 78' lang='lat' dir='ltr'><strong>in</strong></span> <span class='ocrx_word' id='word_1_662' title='bbox 1555 4340 1614 4381; x_wconf 89' lang='lat' dir='ltr'><strong>re</strong></span> <span class='ocrx_word' id='word_1_663' title='bbox 1648 4335 1795 4382; x_wconf 83' lang='lat' dir='ltr'><strong>esset</strong></span> <span class='ocrx_word' id='word_1_664' title='bbox 1832 4328 2098 4384; x_wconf 81' lang='lat' dir='ltr'><strong>inferior?</strong></span> 
     </span>
    </p>
   </div>
   <div class='ocr_carea' id='block_1_87' title="bbox 2201 4324 3783 4413">
    <p class='ocr_par' dir='ltr' id='par_1_87' title="bbox 2201 4336 3783 4413">
     <span class='ocr_line' id='line_1_88' title="bbox 2201 4336 3783 4413; baseline -0.004 -17"><span class='ocrx_word' id='word_1_665' title='bbox 2201 4343 2514 4408; x_wconf 75' lang='grc' dir='ltr'>ἀναϐίωσιν,</span> <span class='ocrx_word' id='word_1_666' title='bbox 2551 4341 2668 4405; x_wconf 85' lang='grc' dir='ltr'><strong>πῶς</strong></span> <span class='ocrx_word' id='word_1_667' title='bbox 2698 4341 2763 4395; x_wconf 87' lang='grc' dir='ltr'>ἂν</span> <span class='ocrx_word' id='word_1_668' title='bbox 2801 4340 2915 4413; x_wconf 72' lang='grc' dir='ltr'>ἔχοι</span> <span class='ocrx_word' id='word_1_669' title='bbox 2955 4342 3095 4396; x_wconf 86' lang='grc' dir='ltr'><strong>κατά</strong></span> <span class='ocrx_word' id='word_1_670' title='bbox 3123 4359 3175 4393; x_wconf 92' lang='grc' dir='ltr'><strong>τι</strong></span> <span class='ocrx_word' id='word_1_671' title='bbox 3203 4340 3264 4393; x_wconf 85' lang='grc' dir='ltr'><strong>τὸ</strong></span> <span class='ocrx_word' id='word_1_672' title='bbox 3305 4336 3524 4393; x_wconf 66' lang='grc' dir='ltr'>ἔλαττον</span> <span class='ocrx_word' id='word_1_673' title='bbox 3553 4357 3569 4405; x_wconf 86' lang='lat'><strong>;</strong></span> <span class='ocrx_word' id='word_1_674' title='bbox 3602 4341 3635 4410; x_wconf 83' lang='grc' dir='ltr'>ἢ</span> <span class='ocrx_word' id='word_1_675' title='bbox 3668 4341 3783 4401; x_wconf 79' lang='grc' dir='ltr'><strong>πῶς</strong></span> 
     </span>
    </p>
   </div>
   <div class='ocr_carea' id='block_1_88' title="bbox 517 4415 2098 4504">
    <p class='ocr_par' dir='ltr' id='par_1_88' title="bbox 517 4415 2092 4493">
     <span class='ocr_line' id='line_1_89' title="bbox 517 4415 2092 4493; baseline 0.004 -22"><span class='ocrx_word' id='word_1_676' title='bbox 517 4426 611 4473; x_wconf 85' lang='lat' dir='ltr'><strong>aut</strong></span> <span class='ocrx_word' id='word_1_677' title='bbox 640 4416 916 4489; x_wconf 83' lang='lat' dir='ltr'><strong>quomodo</strong></span> <span class='ocrx_word' id='word_1_678' title='bbox 941 4417 1173 4472; x_wconf 68' lang='lat' dir='ltr'><strong>diversa:</strong></span> <span class='ocrx_word' id='word_1_679' title='bbox 1198 4426 1345 4473; x_wconf 92' lang='lat' dir='ltr'><strong>esset</strong></span> <span class='ocrx_word' id='word_1_680' title='bbox 1375 4430 1405 4469; x_wconf 88' lang='lat' dir='ltr'><strong>a</strong></span> <span class='ocrx_word' id='word_1_681' title='bbox 1433 4415 1595 4473; x_wconf 87' lang='lat' dir='ltr'><strong>Patre</strong></span> <span class='ocrx_word' id='word_1_682' title='bbox 1626 4420 1969 4487; x_wconf 62' lang='lat' dir='ltr'><strong>substantia,</strong></span> <span class='ocrx_word' id='word_1_683' title='bbox 1997 4422 2092 4493; x_wconf 90' lang='lat' dir='ltr'><strong>qui</strong></span> 
     </span>
    </p>
   </div>
   <div class='ocr_carea' id='block_1_89' title="bbox 2201 4415 3785 4504">
    <p class='ocr_par' dir='ltr' id='par_1_89' title="bbox 2201 4432 3785 4504">
     <span class='ocr_line' id='line_1_90' title="bbox 2201 4432 3785 4504; baseline -0.001 -18"><span class='ocrx_word' id='word_1_684' title='bbox 2201 4432 2265 4487; x_wconf 86' lang='grc' dir='ltr'>ἂν</span> <span class='ocrx_word' id='word_1_685' title='bbox 2287 4435 2372 4503; x_wconf 76' lang='grc' dir='ltr'><strong>εἴη</strong></span> <span class='ocrx_word' id='word_1_686' title='bbox 2400 4434 2537 4503; x_wconf 73' lang='grc' dir='ltr'>πρὸς</span> <span class='ocrx_word' id='word_1_687' title='bbox 2565 4433 2657 4486; x_wconf 79' lang='grc' dir='ltr'><strong>τὸν</strong></span> <span class='ocrx_word' id='word_1_688' title='bbox 2702 4433 2920 4503; x_wconf 79' lang='grc' dir='ltr'>Πατέρα</span> <span class='ocrx_word' id='word_1_689' title='bbox 2948 4432 3135 4486; x_wconf 82' lang='grc' dir='ltr'>λοιπὸν</span> <span class='ocrx_word' id='word_1_690' title='bbox 3172 4432 3468 4504; x_wconf 82' lang='grc' dir='ltr'>ἐτεροφυὴς</span> <span class='ocrx_word' id='word_1_691' title='bbox 3492 4433 3587 4485; x_wconf 75' lang='grc' dir='ltr'><strong>καὶ</strong></span> <span class='ocrx_word' id='word_1_692' title='bbox 3616 4432 3785 4501; x_wconf 78' lang='grc' dir='ltr'>ἔκφυ-</span> 
     </span>
    </p>
   </div>
   <div class='ocr_carea' id='block_1_90' title="bbox 520 4507 2098 4593">
    <p class='ocr_par' dir='ltr' id='par_1_90' title="bbox 520 4507 2098 4580">
     <span class='ocr_line' id='line_1_91' title="bbox 520 4507 2098 4580; baseline 0.004 -17"><span class='ocrx_word' id='word_1_693' title='bbox 520 4509 715 4565; x_wconf 85' lang='lat' dir='ltr'><strong>iisdem</strong></span> <span class='ocrx_word' id='word_1_694' title='bbox 740 4508 976 4579; x_wconf 81' lang='lat' dir='ltr'><strong>refulget</strong></span> <span class='ocrx_word' id='word_1_695' title='bbox 1009 4507 1478 4578; x_wconf 79' lang='lat' dir='ltr'><strong>proprietatibus?</strong></span> <span class='ocrx_word' id='word_1_696' title='bbox 1524 4507 1756 4580; x_wconf 86' lang='lat' dir='ltr'><strong>Pr0pria</strong></span> <span class='ocrx_word' id='word_1_697' title='bbox 1797 4520 1978 4566; x_wconf 89' lang='lat' dir='ltr'><strong>autem</strong></span> <span class='ocrx_word' id='word_1_698' title='bbox 2013 4524 2098 4570; x_wconf 89' lang='lat' dir='ltr'><strong>est</strong></span> 
     </span>
    </p>
   </div>
   <div class='ocr_carea' id='block_1_91' title="bbox 2201 4507 3783 4593">
    <p class='ocr_par' dir='ltr' id='par_1_91' title="bbox 2201 4520 3783 4593">
     <span class='ocr_line' id='line_1_92' title="bbox 2201 4520 3783 4593; baseline 0.002 -19"><span class='ocrx_word' id='word_1_699' title='bbox 2201 4522 2287 4586; x_wconf 85' lang='grc' dir='ltr'><strong>λος</strong></span> <span class='ocrx_word' id='word_1_700' title='bbox 2316 4525 2344 4576; x_wconf 92' lang='lat'><strong>6</strong></span> <span class='ocrx_word' id='word_1_701' title='bbox 2368 4526 2483 4587; x_wconf 83' lang='grc' dir='ltr'>τοῖς</span> <span class='ocrx_word' id='word_1_702' title='bbox 2505 4525 2687 4586; x_wconf 84' lang='grc' dir='ltr'>αὐτοῖς</span> <span class='ocrx_word' id='word_1_703' title='bbox 2706 4522 3029 4593; x_wconf 80' lang='grc' dir='ltr'>διαλάμπων</span> <span class='ocrx_word' id='word_1_704' title='bbox 3061 4521 3379 4593; x_wconf 82' lang='grc' dir='ltr'>ἰδιώμασιν;</span> <span class='ocrx_word' id='word_1_705' title='bbox 3415 4523 3575 4576; x_wconf 81' lang='grc' dir='ltr'>Ἶδιον</span> <span class='ocrx_word' id='word_1_706' title='bbox 3603 4520 3658 4573; x_wconf 80' lang='grc' dir='ltr'><strong>δὲ</strong></span> <span class='ocrx_word' id='word_1_707' title='bbox 3686 4520 3783 4586; x_wconf 73' lang='grc' dir='ltr'>τῆς</span> 
     </span>
    </p>
   </div>
   <div class='ocr_carea' id='block_1_92' title="bbox 519 4599 2096 4675">
    <p class='ocr_par' dir='ltr' id='par_1_92' title="bbox 519 4599 2096 4675">
     <span class='ocr_line' id='line_1_93' title="bbox 519 4599 2096 4675; baseline 0.005 -23"><span class='ocrx_word' id='word_1_708' title='bbox 519 4600 717 4655; x_wconf 69' lang='lat' dir='ltr'><strong>divina:</strong></span> <span class='ocrx_word' id='word_1_709' title='bbox 751 4600 1078 4655; x_wconf 71' lang='lat' dir='ltr'><strong>substantia:</strong></span> <span class='ocrx_word' id='word_1_710' title='bbox 1112 4599 1423 4654; x_wconf 86' lang='lat' dir='ltr'><strong>vivificandi</strong></span> <span class='ocrx_word' id='word_1_711' title='bbox 1454 4608 1701 4669; x_wconf 87' lang='lat' dir='ltr'><strong>potestas</strong></span> <span class='ocrx_word' id='word_1_712' title='bbox 1721 4641 1734 4665; x_wconf 94' lang='lat'><strong>,</strong></span> <span class='ocrx_word' id='word_1_713' title='bbox 1766 4618 1888 4671; x_wconf 85' lang='lat' dir='ltr'><strong>quae</strong></span> <span class='ocrx_word' id='word_1_714' title='bbox 1912 4616 2096 4675; x_wconf 66' lang='lat' dir='ltr'><strong>mqua-</strong></span> 
     </span>
    </p>
   </div>
   <div class='ocr_carea' id='block_1_93' title="bbox 523 4689 2095 4765">
    <p class='ocr_par' dir='ltr' id='par_1_93' title="bbox 523 4689 2095 4765">
     <span class='ocr_line' id='line_1_94' title="bbox 523 4689 2095 4765; baseline 0.005 -21"><span class='ocrx_word' id='word_1_715' title='bbox 523 4692 646 4745; x_wconf 82' lang='lat' dir='ltr'><strong>liter</strong></span> <span class='ocrx_word' id='word_1_716' title='bbox 670 4690 817 4745; x_wconf 86' lang='lat' dir='ltr'><strong>Patri</strong></span> <span class='ocrx_word' id='word_1_717' title='bbox 851 4707 917 4745; x_wconf 91' lang='lat' dir='ltr'><strong>ac</strong></span> <span class='ocrx_word' id='word_1_718' title='bbox 950 4689 1274 4746; x_wconf 83' lang='lat' dir='ltr'><strong>Filioiucst.</strong></span> <span class='ocrx_word' id='word_1_719' title='bbox 1302 4690 1438 4746; x_wconf 78' lang='lat' dir='ltr'><strong>item</strong></span> <span class='ocrx_word' id='word_1_720' title='bbox 1461 4732 1477 4757; x_wconf 93' lang='lat'><strong>,</strong></span> <span class='ocrx_word' id='word_1_721' title='bbox 1511 4707 1617 4747; x_wconf 91' lang='lat' dir='ltr'><strong>non</strong></span> <span class='ocrx_word' id='word_1_722' title='bbox 1640 4708 1746 4765; x_wconf 86' lang='lat' dir='ltr'><strong>per</strong></span> <span class='ocrx_word' id='word_1_723' title='bbox 1777 4710 1837 4750; x_wconf 92' lang='lat' dir='ltr'><strong>se</strong></span> <span class='ocrx_word' id='word_1_724' title='bbox 1864 4698 2095 4753; x_wconf 88' lang='lat' dir='ltr'><strong>seorsim</strong></span> 
     </span>
    </p>
   </div>
   <div class='ocr_carea' id='block_1_94' title="bbox 520 4779 2095 4849">
    <p class='ocr_par' dir='ltr' id='par_1_94' title="bbox 520 4779 2095 4849">
     <span class='ocr_line' id='line_1_95' title="bbox 520 4779 2095 4849; baseline 0.008 -18"><span class='ocrx_word' id='word_1_725' title='bbox 520 4779 786 4849; x_wconf 88' lang='lat' dir='ltr'><strong>quosdam</strong></span> <span class='ocrx_word' id='word_1_726' title='bbox 820 4780 978 4835; x_wconf 82' lang='lat' dir='ltr'><strong>Pater</strong></span> <span class='ocrx_word' id='word_1_727' title='bbox 1006 4782 1273 4845; x_wconf 83' lang='lat' dir='ltr'><strong>vivificat,</strong></span> <span class='ocrx_word' id='word_1_728' title='bbox 1320 4796 1385 4836; x_wconf 85' lang='lat' dir='ltr'><strong>ac</strong></span> <span class='ocrx_word' id='word_1_729' title='bbox 1433 4785 1664 4838; x_wconf 88' lang='lat' dir='ltr'><strong>seorsim</strong></span> <span class='ocrx_word' id='word_1_730' title='bbox 1711 4784 1920 4842; x_wconf 88' lang='lat' dir='ltr'><strong>Filius:</strong></span> <span class='ocrx_word' id='word_1_731' title='bbox 1969 4804 2095 4844; x_wconf 89' lang='lat' dir='ltr'><strong>cum</strong></span> 
     </span>
    </p>
   </div>
   <div class='ocr_carea' id='block_1_95' title="bbox 520 4864 2095 4938">
    <p class='ocr_par' dir='ltr' id='par_1_95' title="bbox 520 4864 2095 4938">
     <span class='ocr_line' id='line_1_96' title="bbox 520 4864 2095 4938; baseline 0.008 -20"><span class='ocrx_word' id='word_1_732' title='bbox 520 4864 669 4919; x_wconf 75' lang='lat' dir='ltr'><strong>enim</strong></span> <span class='ocrx_word' id='word_1_733' title='bbox 700 4866 898 4921; x_wconf 86' lang='lat' dir='ltr'><strong>habeat</strong></span> <span class='ocrx_word' id='word_1_734' title='bbox 941 4869 996 4924; x_wconf 88' lang='lat' dir='ltr'><strong>in</strong></span> <span class='ocrx_word' id='word_1_735' title='bbox 1031 4870 1212 4938; x_wconf 76' lang='lat' dir='ltr'><strong>seipse</strong></span> <span class='ocrx_word' id='word_1_736' title='bbox 1240 4868 1455 4925; x_wconf 86' lang='lat' dir='ltr'><strong>Patrem</strong></span> <span class='ocrx_word' id='word_1_737' title='bbox 1494 4873 1850 4935; x_wconf 90' lang='lat' dir='ltr'><strong>naturaliter.</strong></span> <span class='ocrx_word' id='word_1_738' title='bbox 1893 4887 2095 4931; x_wconf 90' lang='lat' dir='ltr'><strong>cuncta</strong></span> 
     </span>
    </p>
   </div>
   <div class='ocr_carea' id='block_1_96' title="bbox 520 4953 2092 5029">
    <p class='ocr_par' dir='ltr' id='par_1_96' title="bbox 520 4953 2092 5029">
     <span class='ocr_line' id='line_1_97' title="bbox 520 4953 2092 5029; baseline 0.008 -22"><span class='ocrx_word' id='word_1_739' title='bbox 520 4960 799 5023; x_wconf 86' lang='lat' dir='ltr'><strong>operatur,</strong></span> <span class='ocrx_word' id='word_1_740' title='bbox 821 4962 875 5007; x_wconf 90' lang='lat' dir='ltr'><strong>et</strong></span> <span class='ocrx_word' id='word_1_741' title='bbox 900 4953 1029 5009; x_wconf 87' lang='lat' dir='ltr'><strong>facit</strong></span> <span class='ocrx_word' id='word_1_742' title='bbox 1050 4966 1249 5010; x_wconf 91' lang='lat' dir='ltr'><strong>cuncta</strong></span> <span class='ocrx_word' id='word_1_743' title='bbox 1277 4956 1439 5012; x_wconf 87' lang='lat' dir='ltr'><strong>Pater</strong></span> <span class='ocrx_word' id='word_1_744' title='bbox 1459 4974 1557 5029; x_wconf 86' lang='lat' dir='ltr'><strong>per</strong></span> <span class='ocrx_word' id='word_1_745' title='bbox 1582 4960 1801 5016; x_wconf 89' lang='lat' dir='ltr'><strong>Filium.</strong></span> <span class='ocrx_word' id='word_1_746' title='bbox 1830 4962 1936 5020; x_wconf 90' lang='lat' dir='ltr'><strong>Sed</strong></span> <span class='ocrx_word' id='word_1_747' title='bbox 1966 4981 2092 5021; x_wconf 89' lang='lat' dir='ltr'><strong>cum</strong></span> 
     </span>
    </p>
   </div>
   <div class='ocr_carea' id='block_1_97' title="bbox 519 5043 2092 5121">
    <p class='ocr_par' dir='ltr' id='par_1_97' title="bbox 519 5043 2092 5121">
     <span class='ocr_line' id='line_1_98' title="bbox 519 5043 2092 5121; baseline 0.009 -24"><span class='ocrx_word' id='word_1_748' title='bbox 519 5043 834 5099; x_wconf 83' lang='lat' dir='ltr'><strong>viviticandi</strong></span> <span class='ocrx_word' id='word_1_749' title='bbox 862 5051 1185 5112; x_wconf 85' lang='lat' dir='ltr'><strong>potestatem</strong></span> <span class='ocrx_word' id='word_1_750' title='bbox 1212 5047 1411 5101; x_wconf 86' lang='lat' dir='ltr'><strong>habeat</strong></span> <span class='ocrx_word' id='word_1_751' title='bbox 1442 5047 1607 5106; x_wconf 85' lang='lat' dir='ltr'><strong>Pater</strong></span> <span class='ocrx_word' id='word_1_752' title='bbox 1638 5050 1691 5104; x_wconf 91' lang='lat' dir='ltr'><strong>in</strong></span> <span class='ocrx_word' id='word_1_753' title='bbox 1728 5067 1827 5106; x_wconf 88' lang='lat' dir='ltr'><strong>sua</strong></span> <span class='ocrx_word' id='word_1_754' title='bbox 1868 5064 2092 5121; x_wconf 88' lang='lat' dir='ltr'><strong>natura,</strong></span> 
     </span>
    </p>
   </div>
   <div class='ocr_carea' id='block_1_98' title="bbox 519 5134 2093 5214">
    <p class='ocr_par' dir='ltr' id='par_1_98' title="bbox 519 5134 2093 5214">
     <span class='ocr_line' id='line_1_99' title="bbox 519 5134 2093 5214; baseline 0.006 -22"><span class='ocrx_word' id='word_1_755' title='bbox 519 5134 984 5207; x_wconf 87' lang='lat' dir='ltr'><strong>quemadmodum</strong></span> <span class='ocrx_word' id='word_1_756' title='bbox 1047 5144 1100 5190; x_wconf 91' lang='lat' dir='ltr'><strong>et</strong></span> <span class='ocrx_word' id='word_1_757' title='bbox 1163 5137 1280 5207; x_wconf 89' lang='lat' dir='ltr'><strong>ipse</strong></span> <span class='ocrx_word' id='word_1_758' title='bbox 1314 5178 1328 5203; x_wconf 96' lang='lat'><strong>,</strong></span> <span class='ocrx_word' id='word_1_759' title='bbox 1398 5139 1521 5193; x_wconf 88' lang='lat' dir='ltr'><strong>ideo</strong></span> <span class='ocrx_word' id='word_1_760' title='bbox 1585 5140 1865 5197; x_wconf 87' lang='lat' dir='ltr'><strong>vivificare</strong></span> <span class='ocrx_word' id='word_1_761' title='bbox 1930 5161 2093 5214; x_wconf 88' lang='lat' dir='ltr'><strong>posse</strong></span> 
     </span>
    </p>
   </div>
   <div class='ocr_carea' id='block_1_99' title="bbox 519 5224 2090 5299">
    <p class='ocr_par' dir='ltr' id='par_1_99' title="bbox 519 5224 2090 5299">
     <span class='ocr_line' id='line_1_100' title="bbox 519 5224 2090 5299; baseline 0.007 -19"><span class='ocrx_word' id='word_1_762' title='bbox 519 5234 770 5282; x_wconf 89' lang='lat' dir='ltr'><strong>mortuos</strong></span> <span class='ocrx_word' id='word_1_763' title='bbox 805 5224 1024 5294; x_wconf 86' lang='lat' dir='ltr'><strong>utrique</strong></span> <span class='ocrx_word' id='word_1_764' title='bbox 1067 5227 1259 5281; x_wconf 90' lang='lat' dir='ltr'><strong>tribuit</strong></span> <span class='ocrx_word' id='word_1_765' title='bbox 1298 5229 1455 5299; x_wconf 84' lang='lat' dir='ltr'><strong>quasi</strong></span> <span class='ocrx_word' id='word_1_766' title='bbox 1493 5228 1718 5299; x_wconf 90' lang='lat' dir='ltr'><strong>utrique</strong></span> <span class='ocrx_word' id='word_1_767' title='bbox 1766 5235 1995 5289; x_wconf 87' lang='lat' dir='ltr'><strong>seorsim</strong></span> <span class='ocrx_word' id='word_1_768' title='bbox 2037 5237 2090 5291; x_wconf 92' lang='lat' dir='ltr'><strong>id</strong></span> 
     </span>
    </p>
   </div>
   <div class='ocr_carea' id='block_1_100' title="bbox 518 5322 667 5377">
    <p class='ocr_par' dir='ltr' id='par_1_100' title="bbox 518 5322 667 5377">
     <span class='ocr_line' id='line_1_101' title="bbox 518 5322 667 5377; baseline -0.013 -1"><span class='ocrx_word' id='word_1_769' title='bbox 518 5322 667 5377; x_wconf 86' lang='lat' dir='ltr'><strong>insit.</strong></span> 
     </span>
    </p>
   </div>
   <div class='ocr_carea' id='block_1_101' title="bbox 580 5496 1593 5567">
    <p class='ocr_par' dir='ltr' id='par_1_101' title="bbox 580 5496 1593 5567">
     <span class='ocr_line' id='line_1_102' title="bbox 580 5496 1593 5567; baseline 0 -12"><span class='ocrx_word' id='word_1_770' title='bbox 580 5502 626 5533; x_wconf 83' lang='lat'><strong>&quot;</strong></span> <span class='ocrx_word' id='word_1_771' title='bbox 657 5504 814 5556; x_wconf 80' lang='lat' dir='ltr'><strong>Joan.</strong></span> <span class='ocrx_word' id='word_1_772' title='bbox 855 5514 964 5564; x_wconf 80' lang='lat' dir='ltr'><strong>xlv,</strong></span> <span class='ocrx_word' id='word_1_773' title='bbox 1000 5498 1083 5553; x_wconf 87' lang='lat' dir='ltr'><strong>tl.</strong></span> <span class='ocrx_word' id='word_1_774' title='bbox 1126 5498 1189 5529; x_wconf 61' lang='grc'><strong>⁵⁸⁸</strong></span> <span class='ocrx_word' id='word_1_775' title='bbox 1217 5496 1380 5552; x_wconf 81' lang='lat' dir='ltr'><strong>Joan.</strong></span> <span class='ocrx_word' id='word_1_776' title='bbox 1414 5515 1466 5567; x_wconf 82' lang='grc' dir='ltr'><strong>ν,</strong></span> <span class='ocrx_word' id='word_1_777' title='bbox 1502 5501 1593 5555; x_wconf 76' lang='grc'><strong>18.</strong></span> 
     </span>
    </p>
   </div>
   <div class='ocr_carea' id='block_1_102' title="bbox 2201 4611 3868 4681">
    <p class='ocr_par' dir='ltr' id='par_1_102' title="bbox 2201 4611 3868 4681">
     <span class='ocr_line' id='line_1_103' title="bbox 2201 4611 3868 4681; baseline -0.003 -16"><span class='ocrx_word' id='word_1_778' title='bbox 2201 4612 2352 4677; x_wconf 83' lang='grc' dir='ltr'>θείας</span> <span class='ocrx_word' id='word_1_779' title='bbox 2396 4613 2585 4678; x_wconf 73' lang='grc' dir='ltr'>οὐσίας</span> <span class='ocrx_word' id='word_1_780' title='bbox 2642 4613 2711 4677; x_wconf 61' lang='grc' dir='ltr'>τὸ</span> <span class='ocrx_word' id='word_1_781' title='bbox 2762 4612 3024 4666; x_wconf 88' lang='grc' dir='ltr'>δύνασθαι</span> <span class='ocrx_word' id='word_1_782' title='bbox 3082 4611 3405 4680; x_wconf 80' lang='grc' dir='ltr'>ζωογονεῖν,</span> <span class='ocrx_word' id='word_1_783' title='bbox 3450 4611 3589 4681; x_wconf 84' lang='grc' dir='ltr'>ὅπερ</span> <span class='ocrx_word' id='word_1_784' title='bbox 3639 4611 3785 4662; x_wconf 75' lang='grc' dir='ltr'>ἐστὶν</span> <span class='ocrx_word' id='word_1_785' title='bbox 3862 4625 3868 4631; x_wconf 75' lang='grc'><em>’</em></span> 
     </span>
    </p>
   </div>
   <div class='ocr_carea' id='block_1_103' title="bbox 2200 4702 3785 4774">
    <p class='ocr_par' dir='ltr' id='par_1_103' title="bbox 2200 4702 3785 4774">
     <span class='ocr_line' id='line_1_104' title="bbox 2200 4702 3785 4774; baseline -0.003 -18"><span class='ocrx_word' id='word_1_786' title='bbox 2200 4704 2399 4773; x_wconf 84' lang='grc' dir='ltr'>ὁμοίως</span> <span class='ocrx_word' id='word_1_787' title='bbox 2429 4707 2486 4757; x_wconf 92' lang='grc' dir='ltr'><strong>ἐν</strong></span> <span class='ocrx_word' id='word_1_788' title='bbox 2551 4705 2727 4774; x_wconf 82' lang='grc' dir='ltr'>Πατρὶ</span> <span class='ocrx_word' id='word_1_789' title='bbox 2766 4704 2860 4756; x_wconf 76' lang='grc' dir='ltr'>καὶ</span> <span class='ocrx_word' id='word_1_790' title='bbox 2893 4703 3028 4773; x_wconf 85' lang='grc' dir='ltr'>Υἱῷ.</span> <span class='ocrx_word' id='word_1_791' title='bbox 3080 4705 3350 4771; x_wconf 80' lang='grc' dir='ltr'>Ζωογονεί</span> <span class='ocrx_word' id='word_1_792' title='bbox 3396 4702 3455 4755; x_wconf 85' lang='grc' dir='ltr'><strong>δέ</strong></span> <span class='ocrx_word' id='word_1_793' title='bbox 3483 4702 3645 4757; x_wconf 83' lang='grc' dir='ltr'>πάλιν</span> <span class='ocrx_word' id='word_1_794' title='bbox 3687 4702 3785 4753; x_wconf 73' lang='grc' dir='ltr'><strong>οὐκ</strong></span> 
     </span>
    </p>
   </div>
   <div class='ocr_carea' id='block_1_104' title="bbox 2203 4790 3786 4863">
    <p class='ocr_par' dir='ltr' id='par_1_104' title="bbox 2203 4790 3786 4863">
     <span class='ocr_line' id='line_1_105' title="bbox 2203 4790 3786 4863; baseline 0.001 -21"><span class='ocrx_word' id='word_1_795' title='bbox 2203 4790 2346 4854; x_wconf 82' lang='grc' dir='ltr'>ἰδίως</span> <span class='ocrx_word' id='word_1_796' title='bbox 2375 4793 2473 4861; x_wconf 90' lang='grc' dir='ltr'><strong>μέν</strong></span> <span class='ocrx_word' id='word_1_797' title='bbox 2510 4809 2662 4855; x_wconf 87' lang='grc' dir='ltr'>τινας</span> <span class='ocrx_word' id='word_1_798' title='bbox 2700 4791 2820 4844; x_wconf 78' lang='grc' dir='ltr'>καθ’</span> <span class='ocrx_word' id='word_1_799' title='bbox 2848 4790 3041 4844; x_wconf 83' lang='grc' dir='ltr'>ἐαυτὸν</span> <span class='ocrx_word' id='word_1_800' title='bbox 3067 4793 3094 4843; x_wconf 87' lang='lat'><strong>6</strong></span> <span class='ocrx_word' id='word_1_801' title='bbox 3132 4790 3343 4863; x_wconf 77' lang='grc' dir='ltr'>Πατὴρ,</span> <span class='ocrx_word' id='word_1_802' title='bbox 3379 4790 3519 4853; x_wconf 80' lang='grc' dir='ltr'>ἰδίως</span> <span class='ocrx_word' id='word_1_803' title='bbox 3544 4790 3602 4842; x_wconf 86' lang='grc' dir='ltr'><strong>δέ</strong></span> <span class='ocrx_word' id='word_1_804' title='bbox 3635 4806 3786 4853; x_wconf 79' lang='grc' dir='ltr'>τινας</span> 
     </span>
    </p>
   </div>
   <div class='ocr_carea' id='block_1_105' title="bbox 2200 4880 3786 4953">
    <p class='ocr_par' dir='ltr' id='par_1_105' title="bbox 2200 4880 3786 4953">
     <span class='ocr_line' id='line_1_106' title="bbox 2200 4880 3786 4953; baseline 0.001 -22"><span class='ocrx_word' id='word_1_805' title='bbox 2200 4881 2619 4951; x_wconf 82' lang='grc' dir='ltr'>κεχωρισμένως</span> <span class='ocrx_word' id='word_1_806' title='bbox 2644 4883 2673 4934; x_wconf 91' lang='lat'><strong>6</strong></span> <span class='ocrx_word' id='word_1_807' title='bbox 2707 4882 2869 4946; x_wconf 89' lang='grc' dir='ltr'>Υίός·</span> <span class='ocrx_word' id='word_1_808' title='bbox 2910 4881 3049 4953; x_wconf 77' lang='grc' dir='ltr'>ἔχων</span> <span class='ocrx_word' id='word_1_809' title='bbox 3085 4882 3193 4953; x_wconf 83' lang='grc' dir='ltr'>γὰρ</span> <span class='ocrx_word' id='word_1_810' title='bbox 3231 4883 3289 4935; x_wconf 87' lang='grc' dir='ltr'><strong>ἐν</strong></span> <span class='ocrx_word' id='word_1_811' title='bbox 3331 4880 3510 4951; x_wconf 83' lang='grc' dir='ltr'>ἐαυτῷ</span> <span class='ocrx_word' id='word_1_812' title='bbox 3538 4880 3786 4949; x_wconf 81' lang='grc' dir='ltr'>φυσικῶς</span> 
     </span>
    </p>
   </div>
   <div class='ocr_carea' id='block_1_106' title="bbox 2193 4970 3784 5044">
    <p class='ocr_par' dir='ltr' id='par_1_106' title="bbox 2193 4970 3784 5044">
     <span class='ocr_line' id='line_1_107' title="bbox 2193 4970 3784 5044; baseline 0.001 -23"><span class='ocrx_word' id='word_1_813' title='bbox 2193 4973 2285 5023; x_wconf 74' lang='grc' dir='ltr'>τὸν</span> <span class='ocrx_word' id='word_1_814' title='bbox 2324 4970 2572 5042; x_wconf 85' lang='grc' dir='ltr'>Πατέρα,</span> <span class='ocrx_word' id='word_1_815' title='bbox 2605 4973 2671 5027; x_wconf 74' lang='grc' dir='ltr'>τὰ</span> <span class='ocrx_word' id='word_1_816' title='bbox 2724 4974 2900 5027; x_wconf 84' lang='grc' dir='ltr'>πάντα</span> <span class='ocrx_word' id='word_1_817' title='bbox 2946 4973 3279 5044; x_wconf 74' lang='grc' dir='ltr'>ἐργάζεται,</span> <span class='ocrx_word' id='word_1_818' title='bbox 3306 4973 3400 5026; x_wconf 77' lang='grc' dir='ltr'><strong>καὶ</strong></span> <span class='ocrx_word' id='word_1_819' title='bbox 3452 4974 3672 5043; x_wconf 78' lang='grc' dir='ltr'>ἐνεργεῖ</span> <span class='ocrx_word' id='word_1_820' title='bbox 3719 4971 3784 5024; x_wconf 77' lang='grc' dir='ltr'>δι’</span> 
     </span>
    </p>
   </div>
   <div class='ocr_carea' id='block_1_107' title="bbox 2198 5060 3781 5138">
    <p class='ocr_par' dir='ltr' id='par_1_107' title="bbox 2198 5060 3781 5138">
     <span class='ocr_line' id='line_1_108' title="bbox 2198 5060 3781 5138; baseline 0.001 -25"><span class='ocrx_word' id='word_1_821' title='bbox 2198 5060 2328 5114; x_wconf 79' lang='grc' dir='ltr'>Υἰοῦ</span> <span class='ocrx_word' id='word_1_822' title='bbox 2355 5062 2424 5115; x_wconf 70' lang='grc' dir='ltr'><strong>τὰ</strong></span> <span class='ocrx_word' id='word_1_823' title='bbox 2454 5064 2631 5117; x_wconf 86' lang='grc' dir='ltr'>πάντα</span> <span class='ocrx_word' id='word_1_824' title='bbox 2656 5065 2684 5115; x_wconf 92' lang='lat'><strong>6</strong></span> <span class='ocrx_word' id='word_1_825' title='bbox 2713 5065 2926 5136; x_wconf 84' lang='grc' dir='ltr'>Πατήρ.</span> <span class='ocrx_word' id='word_1_826' title='bbox 2969 5065 3106 5118; x_wconf 77' lang='grc' dir='ltr'>Ἀλλ’</span> <span class='ocrx_word' id='word_1_827' title='bbox 3132 5064 3365 5135; x_wconf 84' lang='grc' dir='ltr'>ἐπείπερ</span> <span class='ocrx_word' id='word_1_828' title='bbox 3393 5063 3507 5138; x_wconf 74' lang='grc' dir='ltr'>ἔχει</span> <span class='ocrx_word' id='word_1_829' title='bbox 3537 5062 3599 5117; x_wconf 75' lang='grc' dir='ltr'>τὸ</span> <span class='ocrx_word' id='word_1_830' title='bbox 3622 5062 3781 5115; x_wconf 87' lang='grc' dir='ltr'>δύνα-</span> 
     </span>
    </p>
   </div>
   <div class='ocr_carea' id='block_1_108' title="bbox 2197 5152 3780 5229">
    <p class='ocr_par' dir='ltr' id='par_1_108' title="bbox 2197 5152 3780 5229">
     <span class='ocr_line' id='line_1_109' title="bbox 2197 5152 3780 5229; baseline 0.001 -24"><span class='ocrx_word' id='word_1_831' title='bbox 2197 5152 2317 5206; x_wconf 80' lang='grc' dir='ltr'>σθαι</span> <span class='ocrx_word' id='word_1_832' title='bbox 2366 5153 2654 5224; x_wconf 78' lang='grc' dir='ltr'>ζωογονεῖν</span> <span class='ocrx_word' id='word_1_833' title='bbox 2683 5159 2711 5210; x_wconf 90' lang='lat'><strong>6</strong></span> <span class='ocrx_word' id='word_1_834' title='bbox 2745 5156 2933 5229; x_wconf 84' lang='grc' dir='ltr'>Πατὴρ</span> <span class='ocrx_word' id='word_1_835' title='bbox 2968 5158 3025 5210; x_wconf 89' lang='grc' dir='ltr'><strong>ἐν</strong></span> <span class='ocrx_word' id='word_1_836' title='bbox 3075 5160 3142 5228; x_wconf 77' lang='grc' dir='ltr'>τῇ</span> <span class='ocrx_word' id='word_1_837' title='bbox 3181 5158 3285 5227; x_wconf 82' lang='grc' dir='ltr'>ἰδίᾳ</span> <span class='ocrx_word' id='word_1_838' title='bbox 3317 5155 3497 5223; x_wconf 84' lang='grc' dir='ltr'>φύσει,</span> <span class='ocrx_word' id='word_1_839' title='bbox 3531 5155 3780 5223; x_wconf 72' lang='grc' dir='ltr'>καθάπερ</span> 
     </span>
    </p>
   </div>
   <div class='ocr_carea' id='block_1_109' title="bbox 2192 5240 3777 5319">
    <p class='ocr_par' dir='ltr' id='par_1_109' title="bbox 2192 5240 3777 5319">
     <span class='ocr_line' id='line_1_110' title="bbox 2192 5240 3777 5319; baseline 0.003 -24"><span class='ocrx_word' id='word_1_840' title='bbox 2192 5240 2285 5296; x_wconf 64' lang='grc' dir='ltr'><strong>οὖν</strong></span> <span class='ocrx_word' id='word_1_841' title='bbox 2317 5246 2411 5298; x_wconf 68' lang='grc' dir='ltr'><strong>καὶ</strong></span> <span class='ocrx_word' id='word_1_842' title='bbox 2440 5247 2620 5312; x_wconf 82' lang='grc' dir='ltr'>αὐτὸς,</span> <span class='ocrx_word' id='word_1_843' title='bbox 2655 5248 2729 5311; x_wconf 88' lang='grc' dir='ltr'>ὠς</span> <span class='ocrx_word' id='word_1_844' title='bbox 2761 5248 2854 5302; x_wconf 74' lang='grc' dir='ltr'>καὶ</span> <span class='ocrx_word' id='word_1_845' title='bbox 2883 5248 3031 5312; x_wconf 85' lang='grc' dir='ltr'>ἰδίως</span> <span class='ocrx_word' id='word_1_846' title='bbox 3064 5248 3309 5319; x_wconf 85' lang='grc' dir='ltr'>ἐκατέρῳ</span> <span class='ocrx_word' id='word_1_847' title='bbox 3348 5246 3548 5319; x_wconf 66' lang='grc' dir='ltr'>προσὸν</span> <span class='ocrx_word' id='word_1_848' title='bbox 3584 5246 3777 5300; x_wconf 77' lang='grc' dir='ltr'>ἀπονέ-</span> 
     </span>
    </p>
   </div>
   <div class='ocr_carea' id='block_1_110' title="bbox 2205 5336 3412 5411">
    <p class='ocr_par' dir='ltr' id='par_1_110' title="bbox 2205 5336 3412 5411">
     <span class='ocr_line' id='line_1_111' title="bbox 2205 5336 3412 5411; baseline 0.003 -25"><span class='ocrx_word' id='word_1_849' title='bbox 2205 5352 2292 5404; x_wconf 85' lang='grc' dir='ltr'><strong>μει</strong></span> <span class='ocrx_word' id='word_1_850' title='bbox 2323 5336 2382 5389; x_wconf 80' lang='grc' dir='ltr'>τὸ</span> <span class='ocrx_word' id='word_1_851' title='bbox 2419 5336 2675 5394; x_wconf 84' lang='grc' dir='ltr'>δύνασθαι</span> <span class='ocrx_word' id='word_1_852' title='bbox 2703 5338 2987 5408; x_wconf 79' lang='grc' dir='ltr'>ζωογονεῖν</span> <span class='ocrx_word' id='word_1_853' title='bbox 3012 5340 3140 5404; x_wconf 79' lang='grc' dir='ltr'>τοὺς</span> <span class='ocrx_word' id='word_1_854' title='bbox 3166 5338 3412 5411; x_wconf 86' lang='grc' dir='ltr'>νεκρούς.</span> 
     </span>
    </p>
   </div>
  </div>
