4078 6262
325 317 432 378 865

929 424 1176 479 ΚΕΦΑᾹ.
1229 422 1300 473 Ζ’.

327 521 461 573 Ὀτι
486 517 605 572 τῶν
635 513 974 582 θεοπρεπῶν
997 511 1361 585 ἀξιωμάτων,
1383 510 1900 585 ﬂeverat-sorsum-

393 588 621 659 μάτων,
652 576 829 639 οὐδέν
863 584 926 636 ἐκ
951 576 1214 650 μετοχῆς
1246 581 1281 649 ἢ
1316 576 1576 633 ἐπακτὸν
1601 576 1670 629 ἐν
1700 576 1828 641 Υίῷ.

404 701 559 755 Οὐδὲ
604 700 713 771 τὰρ
744 702 776 754 ὁ
818 678 1022 765 Πατὴρ
1069 696 1260 763 κρίνει
1307 692 1556 755 οὐδένα,
1585 690 1745 746 ἀλλὰ
1787 688 1902 757 τὴν

333 794 540 862 κρίσιν
578 790 781 844 πᾶσαν
814 787 1033 841 δέδωκε
1070 784 1151 851 τῷ
1184 784 1313 851 Υὶῷ.

314 860 323 873 ι
369 860 379 862 7
408 885 627 954 Ἕτερον
660 881 903 952 εἰσφέρει
941 881 1174 950 πρᾶγμα
1202 877 1501 948 θεοπρεπὲς
1531 894 1589 929 τε
1627 875 1719 929 καὶ
1748 873 1898 938 ἐξαί-

338 989 469 1034 σιον,
498 971 581 1024 διὰ
625 969 834 1022 πολλῶν
861 968 1189 1035 ἀναπείθων,
1223 968 1307 1020 ὅτι
1335 966 1465 1029 Θεός
1489 967 1605 1018 ἐστι
1634 963 1776 1017 κατὰ
1802 963 1899 1030 φύ-

334 1078 416 1113 σιν
471 1059 562 1111 καὶ
589 1056 875 1127 ἀληθινῶς.
904 1057 1021 1110 Τίνι
1042 1054 1151 1127 γὰρ
1186 1055 1252 1109 ἂν
1292 1056 1386 1109 καὶ
1416 1053 1818 1125 ἑτέρῳ“πρέποι
1841 1051 1901 1104 τὸ

330 1156 505 1223 κρῖναι
533 1150 629 1222 τὴν
678 1151 1024 1220 οἰκουμένην,
1047 1152 1097 1202 εί
1150 1150 1225 1219 μὴ
1255 1149 1400 1218 μόνῳ
1425 1148 1503 1220 τῷ
1555 1148 1648 1201 ἐπὶ
1693 1148 1900 1209 πάντας

324 1246 435 1297 om
482 1243 622 1313 Θεῷ,
657 1242 717 1295 ὃν
769 1241 835 1312 δὴ
884 1241 976 1295 καὶ
1010 1240 1146 1312 πρὸς
1185 1239 1342 1292 τοῦτο
1383 1237 1640 1300 καλοῦσιν
1664 1228 1726 1291 αἱ
1758 1236 1899 1290 θεῖαι

324 1336 574 1403 λέγουσαι
608 1334 840 1404 Γραφαὶ,
868 1331 999 1384 ποτὲ
1031 1332 1148 1401 μὲν,
1176 1350 1195 1381 ι
1216 1330 1446 1384 Ἀνάστα
1478 1331 1506 1382 6
1536 1329 1688 1393 Θεὸς,
1716 1330 1899 1399 κρῖνον

323 1427 421 1496 τὴν
451 1427 590 1496 γῆν·
630 1444 650 1477 ›
687 1424 817 1479 ποτὲ
847 1423 904 1476 δὲ
942 1420 1009 1476 αὖ
1039 1422 1218 1487 πάλιν,
1253 1441 1271 1474 ι
1309 1422 1433 1474 Ὅτι
1471 1423 1499 1475 6
1533 1421 1666 1484 Θεὸς
1705 1420 1899 1491 κριτής

323 1519 439 1570 ἐστι
469 1557 484 1581 ,
516 1516 707 1569 τοῦτον
754 1516 1015 1577 ταπεινοῖ,
1048 1514 1141 1567 καὶ
1176 1511 1361 1566 τοῦτον
1403 1511 1544 1581 ὑψοί.
1588 1532 1606 1563 ι
1646 1510 1899 1565 Δεδόσθαι

323 1624 387 1675 γε
426 1607 532 1677 μὴν
555 1608 654 1675 τὴν
674 1604 854 1676 κρίσιν
878 1604 1054 1675 ἑαυτῷ
1083 1621 1214 1675 φησι
1245 1602 1397 1674 παρὰ
1424 1602 1517 1656 τοῦ
1552 1602 1782 1672 [ἰατρὸς.
1800 1603 1899 1671 οὐχ

328 1700 402 1761 ὡς
435 1697 539 1762 ἔξω
574 1700 674 1768 τῆς
717 1696 810 1748 ἐπὶ
854 1696 1028 1765 τούτῳ
1060 1695 1308 1765 κείμενος
1350 1692 1627 1759 ἐξουσίας,
1666 1692 1780 1747 ἀλλ’
1822 1693 1899 1756 ὡς

1364 304 1440 357 ,ΙΝ
1474 297 1760 357 ιθΑΝΝιε
1801 293 2248 352 ΕΥΛΝΕΕῙΛΠΜ
2312 294 2439 350 LIB.
2476 294 2539 349 ll.

3478 293 3580 347 566

2628 406 2779 462 CAP.
2810 406 2923 461 VII.
3162 414 3199 431 κ

2007 501 2154 567 Quod
2190 501 2337 553 nulla
2369 500 2603 568 dignitas
2634 505 2723 548 aut
2754 496 3070 568 exceilentia
3095 494 3273 568 dignm
3310 515 3372 551 ex
3408 506 3576 568 parti.

2276 564 2554 636 cipulioue.
2590 568 2665 620 rel
2697 566 2933 619 ascititia
2959 568 3027 619 sit
3054 567 3106 618 in
3138 564 3301 625 Filio.

2074 680 2138 746 V,
2170 680 2261 735 ΕΞ.
2304 680 2482 751 Neque
2508 681 2645 733 enim
2676 676 2838 733 Pater
2855 678 3068 749 judicat
3107 696 3450 751 quamquam,
3488 688 3577 737 sed

2002 772 2435 841 omnejudicium
2474 770 2615 825 dedit
2654 768 2819 823 Filio.

2070 848 2230 918 Atiud
2272 863 2533 935 quiddam
2583 862 2830 918 divinum
2884 876 2949 916 ac
2998 863 3331 932 stupendum
3376 864 3577 932 affert,

2000 956 2163 1026 longo
2210 969 2465 1010 sermone
2498 969 2558 1009 se
2600 961 2798 1007 natura
2841 959 2895 1007 et
2928 967 3056 1006 vere
3098 952 3267 1006 Deum
3296 969 3419 1009 esse
3454 971 3577 1023 pcr-

1992 1046 2260 1103 suadens.
2303 1046 2402 1102 Cui
2450 1044 2598 1102 enim
2651 1043 2745 1099 alii
2783 1028 3057 1099 terrarum
3098 1045 3288 1098 orbem
3326 1045 3578 1114 judicare

1999 1126 2332 1202 conveniat,
2375 1136 2483 1190 nisi
2531 1134 2627 1190 uni
2668 1148 2837 1204 supra
2873 1148 3067 1188 omnes
3099 1133 3388 1189 exsistenti
3428 1133 3575 1197 Deo,

1999 1242 2161 1297 quem
2184 1241 2316 1282 sane
2346 1227 2544 1282 divina:
2577 1226 2879 1297 Scriptura
2905 1226 2971 1283 ad
3001 1227 3107 1281 hoc
3141 1227 3305 1281 etiam
3339 1236 3576 1291 vocant,

1999 1317 2165 1373 modo
2197 1318 2417 1388 quidem
2476 1319 2558 1373 his
2591 1317 2774 1374 verbis
2803 1336 2816 1373 :
2853 1319 3082 1403 «_Surge
3104 1357 3120 1383 ,
3178 1316 3321 1373 Deus
3345 1356 3359 1381 ,
3385 1317 3574 1403 judica

2002 1417 2205 1463 terram
2230 1410 2307 1476 ⁴⁶;
2330 1429 2348 1462 ι
2374 1419 2429 1465 et
2457 1425 2652 1465 rursus
2687 1426 2701 1464 :
2738 1428 2756 1461 ι
2787 1400 3057 1475 Quoniam
3094 1410 3239 1467 Deus
3262 1411 3431 1480 judex
3456 1400 3574 1467 est:

2001 1501 2148 1555 hunc
2178 1501 2462 1567 humiliat,
2495 1513 2551 1558 et
2580 1503 2727 1558 hunc
2757 1503 2965 1559 exaltat
2990 1503 3079 1558 ⁸⁸⁸.
3108 1524 3125 1555 ι
3168 1502 3361 1557 Datum
3385 1514 3568 1559 autem

2000 1592 2104 1647 sibi
2127 1608 2156 1645 a
2189 1592 2349 1648 Patre
2375 1595 2452 1646 ait
2475 1594 2766 1664 judicium,
2788 1610 2895 1649 non
2929 1596 3090 1664 quasi
3118 1597 3184 1651 ab
3208 1614 3270 1651 ea
3302 1606 3577 1666 potestate

2001 1681 2073 1737 sit
2096 1682 2307 1737 alienus
2328 1721 2343 1747 ,
2374 1682 2470 1738 sed
2504 1683 2652 1754 quod
2682 1685 2845 1739 homo
2872 1699 2998 1740 cum
3035 1687 3106 1741 sit
3149 1704 3244 1757 per
3285 1690 3574 1760 dispensa—

331 1760 428 1844 ἆνο
439 1760 640 1859 ρωπος.
662 1760 1020 1857 οἰκονομικῶς
1041 1827 1055 1852 ,
1090 1760 1531 1857 πρεπωδέστερον
1588 1783 1898 1838 ἀνακεῖσθαι

2007 1775 2235 1837 tionem,
2258 1781 2469 1829 natura:
2504 1775 2703 1830 divinae
2740 1778 3133 1846 congruentius
3182 1781 3363 1834 omnia
3405 1783 3576 1837 tribui

329 1884 398 1951 τῇ
433 1879 553 1950 θείᾳ
575 1877 736 1947 φύσει
762 1878 832 1932 τὰ
858 1879 1034 1931 πάντα
1064 1878 1359 1942 διδάσκων,
1378 1872 1445 1949 ἦς
1476 1876 1568 1930 καὶ
1590 1876 1747 1937 αὐτὸς
1776 1875 1906 1928 εἴσω

338 1966 606 2038 βεϐηκὼς,
733 1966 834 2036 μὲν
867 1966 984 2019 ἔστι
1026 1966 1197 2034 Λόγος
1229 1966 1323 2019 καὶ
1365 1965 1496 2028 Θεὸς
1519 2007 1534 2031 ,
1562 1964 1769 2017 οἴκοθεν
1797 1963 1905 2033 ἔχει

334 2057 436 2126 τὴν
469 2057 554 2123 ἐφ’
594 2054 799 2107 ἅπασιν
839 2051 1086 2121 ἐξουσίαν
1122 2068 1136 2083 °
1161 2047 1195 2127 ᾗ
1223 2054 1279 2106 δὲ
1317 2053 1538 2122 γέγονεν
1585 2052 1902 2120 ἄνθρωπος,

332 2146 469 2215 πρὸς
493 2144 552 2198 ὃν
574 2145 790 2217 εἴρηταί
817 2162 941 2199 που·
979 2164 999 2196 ι
1037 2144 1102 2197 Τί
1136 2142 1244 2215 γὰρ
1270 2142 1431 2213 ἔχεις,
1460 2142 1488 2195 6
1512 2143 1611 2195 οὐκ
1641 2141 1898 2208 ἐλαῦες;ι

326 2235 571 2305 δεδέχθαι
611 2234 928 2305 πρεπόντως
956 2233 1225 2304 ὁμολογεῖ.
1260 2234 1401 2304 Πρὸς
1432 2232 1495 2302 δὴ
1531 2231 1701 2285 ταῦτα
1742 2231 1904 2285 πάλιν

327 2328 443 2398 ἐρεῖ
470 2345 551 2390 τις
602 2328 763 2398 τυχὸν
791 2327 897 2380 τῶν
930 2326 996 2379 δι’
1044 2326 1313 2389 ἐναντίας·
1362 2326 1491 2379 Ἰδοὺ
1538 2324 1834 2394 διαρρήδην
1874 2324 1904 2376 6

328 2419 455 2481 Υἱὸς
503 2418 600 2488 τὴν
647 2417 827 2489 κρίσιν
869 2416 1110 2488 δεδέχθαι
1153 2416 1286 2486 φησὶ
1335 2417 1486 2487 παρὰ
1528 2415 1620 2470 τοῦ
1668 2413 1900 2485 Πατρός.

326 2509 609 2578 Λαμῦάνει
644 2509 720 2573 δὲ,
752 2510 827 2572 ὡς
856 2508 955 2561 οὐκ
1001 2507 1139 2578 ἔχων
1188 2507 1412 2580 δηλαδή.
1442 2506 1565 2569 Πῶς
1589 2502 1681 2560 οὖν
1709 2506 1809 2559 οὐκ
1836 2504 1902 2558 ἂν

326 2602 410 2670 εἴη
442 2602 664 2671 μείζων,
703 2601 796 2653 καὶ
825 2597 1324 2669 μεγαλοφυέστερος
1352 2601 1379 2651 6
1405 2597 1577 2660 διδοὺς
1606 2596 1724 2667 μετ’
1754 2595 1902 2661 ἐξου-

330 2695 467 2755 σίας,
502 2693 596 2746 τοῦ
624 2692 877 2762 δεομένου
912 2691 1128 2757 λαϐεἰν;
1155 2691 1221 2744 Τί
1250 2690 1315 2763 δὴ
1345 2686 1436 2744 οὖν
1458 2689 1568 2761 ἄρα
1589 2689 1723 2761 πρὸς
1746 2687 1901 2742 τοῦτό

328 2799 509 2852 φαμεν
543 2799 558 2847 ;
618 2783 677 2836 '0
721 2782 818 2853 μὲν
853 2782 1010 2850 λόγος
1060 2783 1189 2852 ἡμῖν
1239 2783 1267 2834 6
1298 2781 1764 2851 προτεταγμένος,
1799 2779 1900 2832 οὐκ

326 2873 608 2943 ἀκόμψως,
657 2875 731 2938 ὠς
760 2869 912 2944 οἶμαι
943 2915 958 2937 ,
984 2873 1287 2944 διήρτισται
1308 2912 1321 2935 ,
1351 2871 1584 2941 θεωρίαν
1632 2870 1899 2941 εἰσφέρων

325 2968 423 3040 τὴν
454 2968 532 3039 τῷ
576 2966 752 3037 καιρῷ
798 2967 1027 3036 μάλιστα
1070 2965 1385 3035 πρέπουσαν
1423 2964 1521 3033 τῆς
1551 2962 1900 3033 ὲνανθρωπήι

328 3075 466 3123 σεως
520 3057 758 3129 δηλαδὴ,
791 3059 884 3109 καὶ
937 3054 1215 3125 οἰκονομία
1262 3057 1325 3126 τῇ
1371 3052 1510 3124 μετὰ
1552 3052 1753 3122 σαρκὸς
1800 3052 1898 3121 ἁρ-

328 3152 696 3223 μοδιωτάτην,
749 3151 835 3202 ὅτε
896 3147 1079 3211 δοῦλος
1130 3146 1496 3218 ἐχρημάτισεν
1524 3184 1539 3208 ,
1585 3145 1673 3197 ὅτε
1736 3160 1895 3197 τετα-

326 3245 593 3296 πείνωκεν
652 3240 881 3304 ἑαυτὸν,
915 3240 972 3291 ὲν
1027 3236 1335 3309 ὁμοιώματι
1388 3236 1464 3306 τῷ
1514 3235 1767 3307 ἡμετέρῳ
1805 3250 1898 3302 γε-

324 3333 567 3402 νόμενος.
614 3328 832 3399 Ἐπειδὴ
865 3329 920 3380 δέ
955 3342 1036 3381 σοι
1071 3328 1217 3381 δοκεῖ
1250 3325 1359 3379 τῶν
1389 3329 1486 3396 μὲν
1519 3323 1897 3396 ἁπλουστέρων

323 3422 659 3489 κατασοϐαρε
670 3422 723 3473 ύε
734 3421 853 3473 σθαι
865 3420 1167 3490 δογμάτων,
1189 3416 1607 3489 περιεργοτέραν
1627 3417 1682 3468 δὲ
1701 3415 1897 3487 μᾶλλον

250 3576 257 3581 ἲ
325 3514 594 3570 ποιεῖσθαι
630 3513 727 3583 τὴν
758 3514 1002 3584 ζήτησιν,
1045 3513 1144 3579 ἆγε
1171 3510 1235 3581 δὴ
1266 3511 1424 3565 πάλιν
1457 3513 1570 3573 τοῖς
1603 3510 1714 3572 σοῖς
1750 3509 1898 3562 ἐναν-

323 3602 452 3665 τίως
508 3602 674 3664 ἰόντες
725 3601 1091 3672 προϐλήμασι,
1126 3599 1343 3670 πρῶτον
1394 3600 1568 3651 ἐκεῖνο
1616 3597 1891 3667 λέγωμεν·

324 3695 459 3764 Οὐχὶ
491 3694 725 3757 πάντως,
758 3692 876 3745 οὐδὲ
917 3692 1248 3760 ἀναγκαίως,
1271 3684 1314 3742 ὧ
1364 3686 1539 3752 οὗτος,
1573 3690 1601 3740 6
1637 3687 1817 3741 δοῦναί
1843 3704 1895 3740 τι

323 3784 634 3853 λεγόμενος,
682 3784 756 3846 ὡς
783 3783 881 3836 οὐκ
906 3783 1080 3852 ἔχοντι
1123 3780 1200 3851 τῷ
1249 3780 1520 3850 δεχομένῳ
1575 3778 1893 3849 προσνέμει,

323 3875 437 3930 ἀλλ’
466 3876 587 3928 οὐδὲ
618 3875 817 3946 μείζων
846 3876 929 3928 ἀεὶ
950 3874 1043 3927 τοῦ
1064 3873 1435 3943 λαμϐάνοντος
1453 3873 1481 3923 6
1508 3870 1702 3933 διδούς.
1744 3869 1897 3921 Ἐπεὶ

308 3968 377 4044 ⁶τί
409 3969 670 4038 ποιήσεις,
701 3967 828 4017 ὅταν
857 3964 970 4035 ἴδῃς
992 3965 1049 4017 ὲν
1078 3954 1351 4032 Πνεύμαέει
1383 3961 1471 4017 τὸν
1502 3960 1646 4030 ἱερὸν
1670 3958 1898 4025 λέγοντα

324 4058 646 4127 Ψαλμῳδὸν,
676 4075 693 4108 ι
736 4055 863 4108 Δότε
886 4056 1042 4121 δίξαν
1071 4054 1211 4123 Θεῴ;
1256 4073 1273 4103 ι
1304 4052 1471 4121 Δόξης
1495 4053 1603 4124 ἄρα
1627 4049 1906 4105 καθεστά-

322 4165 413 4199 ναι
442 4149 530 4198 τὸν
560 4146 692 4197 Θεὸν
740 4144 926 4197 ἐπιδεᾶ
972 4143 1320 4213 λογιούμεθα,
1349 4142 1380 4214 ἢ
1411 4144 1506 4195 καὶ
1542 4141 1785 4211 μείζους,
1804 4140 1895 4193 τοῦ

326 4238 610 4298 κτίσαντος
658 4235 743 4288 διὰ
769 4233 926 4287 τοῦτο
957 4236 1171 4296 πάντως
1216 4235 1396 4303 ἡμεῖς,
1428 4234 1476 4286 οἱ
1502 4233 1706 4302 ταύτην
1748 4229 1898 4300 αὐτῷ

325 4324 627 4395 προσάγειν
666 4323 1107 4391 ὲπιταττόμενοις
1150 4321 1288 4373 Ἀλλ’
1319 4321 1425 4373 οὐδ’
1480 4320 1545 4373 ἂν
1572 4317 1732 4381 αὐτὸς
1763 4319 1899 4371 ἀπο·

2007 1867 2239 1932 doceat;
2264 1881 2509 1936 quacum
2539 1866 2611 1923 sit
2637 1866 2753 1937 ipse
2784 1868 3080 1937 prmditus,
3118 1869 3170 1924 in
3203 1881 3466 1940 quantum
3491 1879 3577 1928 est

2006 1954 2245 2010 Verbum
2274 1969 2338 2010 ac
2372 1953 2541 2022 Deus,
2578 1970 2608 2010 a
2640 1971 2698 2011 se
2726 1956 2889 2011 habet
2918 1957 3162 2011 omnium
3200 1967 3525 2028 potestatem
3557 1980 3572 2013 :

2005 2054 2278 2117 quatenus
2309 2054 2488 2101 autem
2516 2046 2678 2102 homo
2705 2047 2886 2102 factus
2917 2054 3038 2115 est,
3080 2049 3147 2104 ad
3181 2066 3341 2120 quem
3374 2051 3577 2106 alicubi

2005 2138 2214 2191 dictum
2250 2146 2367 2191 est:
2414 2156 2433 2188 ι
2458 2137 2599 2204 Quid
2642 2140 2785 2193 enim
2821 2139 2989 2194 habes
3030 2141 3171 2211 quod
3206 2157 3316 2196 non
3360 2143 3574 2212 accepi-

2006 2230 2074 2284 sti
2100 2228 2231 2281 θην(
2280 2244 2341 2285 sc
2388 2231 2667 2299 accepisse
2692 2272 2706 2295 ,
2748 2239 2806 2285 ut
2844 2232 3035 2298 decet,
3077 2233 3298 2288 fatetur.
3339 2235 3420 2290 Ad
3457 2235 3576 2291 haec

2005 2336 2225 2376 rursum
2265 2312 2409 2377 dicet
2442 2320 2629 2377 forsan
2670 2321 3113 2379 adversariorum
3148 2327 3348 2396 aliquis
3378 2345 3390 2381 :
3433 2328 3575 2383 Ecce

2003 2421 2189 2482 aperte
2230 2410 2403 2468 Filius
2434 2414 2511 2467 ait
2564 2430 2623 2470 se
2668 2415 2938 2485 judicium
2989 2433 3018 2471 a
3067 2417 3231 2473 Patre
3268 2420 3569 2489 accepisse.

2000 2505 2215 2575 Accipit
2246 2514 2467 2571 autem,
2516 2517 2575 2561 ut
2620 2509 2712 2578 qui
2748 2524 2858 2563 non
2889 2508 3087 2565 habeat
3115 2511 3383 2566 videlicet.
3421 2512 3573 2579 Quo-

2001 2589 2172 2650 modo‘
2200 2611 2336 2679 ergo
2364 2596 2542 2665 major
2579 2613 2688 2651 non
2734 2599 2843 2679 erit
2887 2613 2951 2653 ac
2998 2600 3436 2670 magnificentior
3478 2603 3575 2671 qui

2000 2701 2124 2739 cum
2164 2672 2433 2757 potestate
2470 2689 2603 2753 dat,
2644 2672 2948 2759 quam'cui
2988 2692 3240 2762 accipere
3281 2702 3365 2749 est
3391 2690 3576 2764 opus?

1999 2776 2141 2841 Quid
2172 2777 2335 2847 igitur
2369 2779 2497 2832 huic
2534 2779 2966 2848 respondemus?
2996 2780 3169 2836 Antea
3203 2782 3421 2853 quidem
3461 2800 3570 2839 non

2000 2870 2231 2934 inscite,
2269 2878 2328 2925 ut
2360 2871 2598 2925 arbitror
2621 2911 2635 2935 ,
2669 2887 2732 2925 ea
2775 2871 2842 2927 de
2878 2881 2937 2927 re
2981 2872 3377 2941 disseruimus,
3410 2877 3571 2932 allata

1997 2963 2382 3019 observatione
2452 2963 2687 3018 maxime
2760 2963 3107 3018 convenienti
3156 2964 3569 3025 incarnationis

1997 3053 2227 3123 tempori
2261 3054 2542 3119 nimirum,
2571 3062 2624 3108 et
2646 3052 3040 3124 dispensationi
3069 3070 3193 3111 cum
3222 3071 3388 3112 carne
3410 3058 3575 3127 aptis-

1999 3145 2158 3209 sima,
2178 3160 2300 3199 cum
2328 3160 2519 3201 servus
2542 3152 2892 3216 nuncupatus
2915 3154 3018 3212 est,
3043 3162 3165 3202 cum
3196 3148 3437 3216 seipsum
3461 3148 3576 3204 exi-

1998 3236 2302 3303 nanivit,in
2325 3236 2684 3293 similitudine
2718 3248 2906 3293 nostra
2935 3238 3095 3309 225
3120 3238 3297 3294 factus
3312 3239 3376 3293 ⁸⁸.
3463 3239 3572 3296 Sed

1997 3331 2255 3400 quoniam
2298 3331 2634 3400 simpliciora
2673 3332 2928 3402 dogmata
2962 3333 3198 3403 superbe
3229 3333 3484 3404 despicis,
3517 3343 3576 3391 et

1997 3419 2331 3489 exquisitius
2360 3435 2421 3473 ea
2455 3421 2538 3476 vis
2564 3421 2893 3487 examinari,
2929 3437 3030 3493 age
3062 3422 3244 3477 denuo
3266 3430 3394 3477 tuas
3419 3425 3572 3494 obje-

1996 3513 2207 3569 ctiones
2233 3511 2558 3579 refutantes,
2596 3513 2836 3583 primum
2867 3513 3137 3568 dicamus.
3188 3511 3309 3568 Non
3353 3498 3571 3584 semper

1998 3619 2177 3673 neque
2216 3605 2532 3659 necessario
2574 3620 2698 3659 eum
2735 3606 2840 3674 qui
2886 3604 3020 3661 dare
3080 3605 3289 3676 aliquid
3340 3605 3569 3670 dicitur,

1997 3694 2285 3764 accipienti
2322 3695 2563 3751 tribuere
2595 3695 2752 3766 quasi
2799 3712 2908 3750 non
2961 3696 3211 3764 babenti,
3244 3697 3338 3753 sed
3393 3714 3573 3769 neque

1996 3785 2217 3841 dantem
2253 3786 2558 3857 accipiente
2599 3801 2816 3857 semper
2844 3802 2967 3843 esse
3012 3788 3301 3860 majorem.
3353 3790 3572 3860 Alioqui

1996 3876 2162 3941 enim,
2219 3875 2351 3945 quid
2398 3875 2566 3932 facies
2617 3890 2741 3929 cum
2780 3875 2988 3933 videbis
3045 3888 3293 3933 sanctum
3340 3877 3573 3934 Psalmi-

1998 3970 2136 4022 slam
2170 3968 2444 4024 dicentem
2476 3969 2531 4023 in
2564 3967 2812 4037 Spiritu:
2841 3988 2859 4021 ι
2885 3969 3018 4025 Date
3044 3971 3273 4042 gloriam
3308 3972 3417 4027 Deo
3436 3972 3517 4023 5'?
3545 3992 3564 4024 ι

1996 4057 2152 4113 Anne
2176 4058 2351 4130 gloria
2376 4075 2516 4130 opus
2549 4075 2673 4115 esse
2707 4059 2816 4114 Deo
2847 4062 3185 4131 putabimus,
3219 4071 3312 4116 aut
3331 4063 3569 4131 majores

1995 4148 2259 4205 Creatore
2291 4166 2394 4206 nos
2438 4166 2559 4208 esse
2600 4151 2694 4220 qui
2747 4151 2889 4205 hanc
2938 4152 2989 4207 ei
3019 4152 3238 4207 deferre
3278 4152 3575 4221 jubeumr?
3631 4220 3635 4224 ,

1997 4241 2163 4311 Atqui
2194 4249 2248 4296 tu
2286 4241 2338 4296 id
2364 4242 2613 4313 proferre
2643 4256 2754 4297 non
2789 4242 3041 4306 audebis,
3075 4242 3202 4297 licet
3229 4243 3284 4297 in
3317 4243 3573 4314 blasphe-

1997 4333 2123 4388 miis
2151 4335 2368 4404 egregie
2415 4333 2749 4388 exercitatus
2781 4351 2794 4386 :
2822 4333 2967 4389 Deus
2994 4334 3140 4389 enim
3172 4334 3345 4405 gloria
3374 4337 3572 4406 plenus

324 4416 620 4485 τολμήσεις
646 4415 840 4474 εἰπεῖν,
867 4415 894 4464 ὁ
919 4412 1007 4465 τὸν
1042 4413 1132 4464 ἐπὶ
1151 4414 1267 4475 ταῖς
1298 4411 1628 4481 δυσφημίαις
1660 4408 1814 4462 ὄκνον
1836 4408 1897 4461 οὐ

2001 4433 2106 4489 est,
2136 4427 2388 4495 quamvis
2406 4441 2526 4482 eam
2555 4441 2584 4479 a
2610 4426 2769 4481 nobis
2792 4442 2903 4482 non
2930 4427 3183 4497 accipiat.
3210 4428 3365 4492 Quod
3388 4437 3578 4484 autem

329 4499 781 4571 παραιτούμενος·
812 4499 1012 4569 πλῆρες
1038 4499 1144 4569 γὰρ
1180 4499 1335 4568 δόξης
1369 4500 1429 4551 τὸ
1456 4500 1629 4562 Θεῖον,
1666 4498 1767 4552 κᾶν
1820 4498 1895 4568 μὴ

322 4591 547 4659 δέχηται
576 4589 704 4659 παρ’
744 4587 920 4658 ἡμῶν.
960 4588 1022 4640 Ὃ
1047 4588 1102 4641 δὲ
1151 4589 1357 4641 οἴκοθεν
1388 4588 1498 4657 ἔχει
1518 4588 1819 4659 λαμϐάνων
1838 4589 1896 4640 ἐν

320 4683 476 4746 τάξει
511 4683 694 4752 τιμῆς,
718 4683 817 4734 οὐκ
853 4682 917 4733 ἂν
940 4680 1173 4733 ἐλάττων
1212 4680 1379 4732 νοοῖτό
1410 4697 1534 4733 ποτε
1574 4680 1704 4744 τῶν,
1738 4680 1896 4751 οἵπερ

323 4772 474 4841 αὐτῷ
499 4773 598 4842 τὴν
626 4772 781 4838 δόξαν
825 4771 900 4834 ὡς
921 4769 1091 4841 δῶρον
1123 4771 1506 4841 προσάγουσιν.
1546 4771 1698 4824 Ἔστι
1717 4771 1896 4824 τοίνυν

321 4867 456 4936 ὀρᾷν
488 4865 577 4918 τὸν
619 4865 876 4933 εἰληφότα
927 4881 977 4915 τι
1006 4862 1099 4916 τοῦ
1147 4862 1438 4926 δεδωκότος
1480 4865 1579 4917 οὐκ
1628 4863 1896 4933 αἰσχίονα,

324 4956 421 5008 καὶ
481 4957 542 5008 οὐ
593 4957 679 5010 διὰ
726 4940 886 5009 τοῦτο
942 4955 1442 5026 μεγαλοφυέστερος
1491 4958 1520 5009 6
1567 4957 1757 5027 Πατὴρ
1803 4952 1896 5008 τοῦ

329 5046 462 5099 ἰδίου
520 5048 915 5117 Γεννήματος,,
953 5047 1074 5099 ἐπεὶ
1125 5047 1304 5099 πᾶσαν
1357 5046 1503 5115 αὐτῷ
1552 5047 1750 5100 δέδωκε
1798 5048 1897 5118 τὴν

328 5135 531 5204 κρίσιν.
568 5132 698 5187 Εἶτα
729 5137 861 5206 πρὸς
901 5137 1074 5208 τούτῳ
1127 5139 1347 5191 κάκεῖνο
1386 5139 1795 5207 περισκεπτέον·
1838 5139 1898 5192 τὸ

326 5227 556 5300 κρίνειν,
590 5225 705 5296 ἤτοι
756 5227 1012 5291 δικάζειν,
1068 5230 1336 5298 ἐνέργειαι
1382 5228 1578 5297 μᾶλλόν
1631 5232 1736 5303 εἱσι
1808 5231 1900 5283 καλ⁸

327 5318 633 5389 πράγματα
676 5315 781 5368 τῶν
825 5319 949 5387 περὶ
992 5319 1090 5382 τὰς
1118 5321 1302 5382 οὐσίας
1351 5318 1732 5390 νοουμένων,ἢ
1772 5319 1903 5373 αὐτὸ

325 5412 444 5464 κατ’
468 5408 725 5479 ἀλήθειαν
743 5408 941 5462 οὐσίαι.
982 5409 1337 5480 Ἑνεργοῦμεν
1368 5412 1475 5480 γάρ
1498 5428 1550 5463 τι
1571 5410 1903 5477 δικάζοντες,

330 5501 636 5565 ἰδιαζόντως
662 5499 1000 5570 ῡπάρχοντες
1039 5500 1174 5570 ὅπερ
1192 5500 1379 5569 ἐσμέν.
1406 5502 1468 5554 Εἰ
1494 5501 1550 5553 δὲ
1581 5501 1641 5554 τὸ
1672 5501 1896 5573 κρίνειν,

2002 4531 2033 4570 a
2070 4531 2131 4571 se
2184 4517 2376 4586 habet,
2414 4518 2461 4573 si
2500 4519 2551 4573 id
2596 4518 2824 4575 honoris
2883 4518 3004 4574 loco
3054 4518 3285 4588 accipit,
3335 4512 3442 4573 non
3489 4528 3575 4575 est

2002 4605 2229 4662 inferior
2267 4608 2473 4664 idcirco
2515 4609 2824 4666 censendus
2853 4610 2920 4664 its
2949 4610 3042 4680 qui
3072 4611 3300 4685 gloriam
3337 4611 3438 4679 ipsi
3473 4626 3577 4665 ceu.

2003 4697 2206 4752 donum
2229 4698 2487 4755 oderunt.
2518 4699 2673 4756 Licet
2699 4717 2828 4772 ergo
2862 4702 3049 4757 videre
3076 4717 3203 4756 eum
3243 4703 3332 4771 qui
3369 4702 3579 4772 aliquid

2006 4787 2212 4857 accepit
2248 4789 2420 4864 nihilo
2451 4791 2768 4848 inferiorem
2812 4807 2936 4847 esse
2975 4808 3038 4848 eo
3068 4795 3159 4861 qui
3194 4793 3360 4858 dedit,
3399 4810 3575 4864 neque

1999 4874 2230 4944 proinde
2281 4862 2808 4946 niagnificcntiorem
2857 4879 3075 4936 Patrem
3133 4896 3234 4936 suo
3263 4862 3571 4944 Genimiuc,

2001 4965 2147 5034 quod
2180 4965 2230 5019 ei
2262 4967 2474 5021 dederit
2505 4971 2978 5039 omnejudicium.
3010 4971 3234 5037 Deinde,
3274 4974 3407 5030 illud
3438 4991 3575 5046 quo-

2000 5070 2108 5125 que
2142 5055 2602 5113 considerandum
2637 5068 2753 5126 est,
2789 5061 3038 5129 judicare
3074 5063 3188 5118 sive
3233 5064 3326 5133 jus
3355 5066 3572 5127 dicere.

1999 5147 2347 5215 operationes
2379 5149 2565 5216 potius
2590 5166 2715 5206 esse
2754 5162 2847 5207 aut
2871 5162 3028 5207 actus
3054 5169 3242 5208 eorum
3281 5171 3399 5223 quae
3426 5156 3573 5208 circa

2002 5240 2342 5295 substantias
2383 5255 2507 5296 csse
2560 5242 2960 5313 intelliguntur,
2990 5260 3154 5313 quam
3195 5246 3342 5313 ipsas
3384 5260 3574 5298 revera

2002 5328 2359 5382 substantias.
2377 5330 2597 5398 Aliquid
2620 5331 2765 5385 enim
2792 5331 3024 5386 facimus
3044 5333 3172 5384 dum
3193 5332 3286 5400 jus
3311 5331 3570 5395 dicimus,

2003 5420 2166 5473 iidem
2196 5436 2429 5489 prorsus
2454 5421 2753 5476 secundum
2783 5424 3145 5478 substantiam
3169 5430 3570 5490 permanentes.

2006 5508 2161 5574 Quod
2213 5510 2258 5564 si
2304 5509 2553 5577 judicare
2594 5512 2960 5567 substantiam
3015 5525 3137 5564 esse
3185 5509 3571 5578 cont-edemus,

398 5688 440 5720 *θ
473 5688 615 5743 Psal.
647 5703 829 5756 LXXXI,
864 5690 916 5743 8.
997 5690 1059 5721 π’
1088 5687 1227 5743 Psal.
1269 5706 1447 5755 L'txn',
1484 5689 1537 5746 3.
1614 5690 1655 5719 ⁵⁷
1694 5689 1708 5742 Ι
1750 5689 1872 5743 Cor.
1922 5706 1993 5756 Iv,
2041 5692 2090 5746 7.
2171 5693 2212 5722 ⁵⁸
2248 5690 2443 5758 Philip.
2485 5707 2541 5753 ιι,
2574 5692 2625 5742 7.
2708 5692 2748 5721 "’
2787 5689 2931 5743 Psal.
2963 5702 3136 5751 vau,
3172 5686 3261 5742 55.
