4078 6262
501 299 608 358 867

1485 290 1543 348 S.
1586 289 1864 348 CYRILLI
1902 289 2374 347 ALEXANDRINI
2413 288 2734 347 ABCHIEP.

3659 294 3766 350 368

501 415 779 489 quomodo
811 428 1038 471 necesse
1064 428 1185 468 'non
1235 420 1319 468 est
1368 419 1427 468 ut
1457 413 1542 468 vel
1593 413 1753 468 inviti
1785 413 2076 482 fateamur,

2189 414 2299 484 ῆτοι
2326 412 2778 479 δικάζειν,ούσίαν
2805 403 2943 465 εἶναι
2969 408 3233 481 δώσομεν,
3268 409 3384 474 πῶς
3416 411 3515 463 οὐκ
3557 412 3771 485 ἀνάγκη

502 507 784 564 neminem
834 505 998 576 plane
1040 505 1308 559 exsistere
1345 518 1509 574 posse
1556 504 1615 559 in
1655 520 1840 560 rerum
1882 515 2084 561 natura

508 598 617 654 nisi
655 607 781 653 actu
813 596 1071 667 judicare
1108 592 1378 662 videatur,
1411 602 1466 649 et
1502 609 1631 650 cum
1668 595 1798 665 quis
1831 593 2085 664 judicare

504 687 733 753 desinit,
794 701 902 741 una
937 700 1159 756 quoque
1212 698 1435 741 cessare
1497 685 1619 756 ejus
1678 687 2086 742 substantiam?

506 778 615 834 Sed
679 779 754 832 ita
832 778 1034 832 sentire
1107 784 1188 833 est
1276 763 1758 833 absurdissimum.
1833 775 2087 833 Jndicare

506 869 673 940 igitur
740 867 888 922 actio
949 866 1200 937 quaedam
1260 874 1385 932 est,
1444 870 1528 921 ‘ac
1592 878 1855 937 praeterea
1921 867 2080 921 nihil.

507 959 649 1028 Quid
687 974 817 1030 ergo
854 956 1005 1014 dedit
1043 956 1212 1013 Pater
1262 955 1445 1012 Filio?
1497 955 1714 1012 Nullam
1761 956 1980 1028 quidem
2017 972 2087 1012 ex

507 1068 607 1111 sua
643 1061 840 1106 natura
884 1050 1298 1116 excellentiam,
1335 1050 1390 1105 in
1436 1064 1503 1105 eo
1550 1049 1695 1120 quod
1745 1064 1907 1104 omne
1934 1049 2082 1119 judi-

506 1144 650 1199 cium
688 1144 738 1198 ei
783 1141 1027 1225 tradidit,
1060 1140 1158 1197 sed
1196 1141 1468 1195 actionem
1506 1143 1688 1211 potius
1739 1141 1795 1195 in
1847 1155 1944 1196 eos
1991 1140 2085 1210 qui

504 1234 838 1304 judicantur.
873 1232 1159 1299 Quomodo
1190 1231 1357 1301 igitur
1390 1231 1447 1286 in
1480 1231 1585 1286 hoc
1617 1231 1792 1301 major
1828 1231 1952 1295 erit,
1993 1237 2086 1284 aut

510 1324 963 1394 magniﬁcentior,
992 1323 1256 1379 nonnullo
1305 1323 1492 1378 addito
1539 1323 1685 1393 quod
1731 1338 1839 1377 non
1886 1323 2087 1379 eratin

508 1412 646 1469 Filio
690 1415 784 1484 qui
831 1413 1072 1469 dicit”
1116 1411 1313 1468 Omnia
1349 1428 1471 1484 qua:
1518 1414 1683 1469 habet
1711 1413 1912 1483 Pater,
1964 1429 2087 1470 mea

508 1507 732 1563 sunt".
794 1525 812 1558 ι
861 1491 1145 1573 Quomodo
1206 1505 1376 1576 igitur
1423 1504 1559 1560 illud
1615 1505 1750 1561 dare
1795 1508 1868 1561 sit
1924 1506 2087 1561 intel-

508 1599 820 1670 ligendum,
869 1599 1112 1665 attende,
1144 1598 1370 1668 'quaeso.
1416 1597 1889 1665 Quemadmodum
1944 1598 2087 1656 Deus

515 1704 580 1743 ac
607 1688 769 1744 Pater
812 1688 1040 1744 creandi
1082 1696 1354 1758 potestate
1397 1689 1659 1759 praeditus
1703 1697 1904 1745 cuncta
1934 1696 2087 1746 creat

509 1795 609 1851 per
637 1778 858 1845 Filium,
883 1787 1141 1850 tanquam
1173 1794 1269 1849 per
1299 1780 1556 1835 virtutem
1589 1788 1644 1836 et
1675 1781 1847 1837 robur
1874 1796 2036 1836 suum
2068 1801 2082 1838 :

513 1872 613 1936 ita,
645 1885 771 1926 cum
805 1886 973 1940 penes
1001 1886 1125 1925 eum
1148 1872 1220 1925 sit
1247 1870 1535 1940 iudicandi
1562 1878 1825 1943 potestas,
1868 1871 1923 1927 id
1949 1887 2088 1943 quo-

508 1977 625 2034 que
661 1961 948 2033 praestabit
987 1976 1082 2031 per
1129 1959 1329 2016 Filium
1374 1969 1638 2033 tanquam
1677 1978 1778 2034 per
1817 1963 2088 2033 justitiam

502 2064 670 2106 .suam
703 2068 717 2105 :
756 2048 898 2105 ut-si
932 2048 1147 2104 dicatur
1173 2050 1314 2120 ignis
1350 2051 1588 2106 naturali
1620 2065 1740 2111 suae
1770 2052 1955 2108 virtuti
1983 2054 2088 2107 ali-

502 2141 643 2211 quid
675 2141 1106 2195 comburendum
1134 2141 1489 2208 concedere,
1524 2159 1648 2198 cum
1689 2159 1779 2200 res
1825 2144 1881 2200 id
1928 2144 2085 2200 ferat.

514 2230 633 2288 Hoc
657 2233 822 2288 modo
851 2231 938 2302 pie
977 2232 1409 2304 interpretantes
1440 2235 1596 2300 illud,
1629 2254 1648 2286 ι
1684 2235 1854 2302 dedit,
1895 2255 1914 2287 ι
1954 2236 2087 2290 vita-

504 2323 699 2383 bimus
746 2323 909 2394 226
955 2324 1209 2393 laqueum
1262 2324 1486 2381 diaboli.
1539 2327 1698 2393 Quod
1748 2328 1793 2383 si
1850 2334 2093 2397 perstant

512 2413 860 2484 impudenter
912 2430 1165 2472 asserere
1221 2417 1465 2472 additam
1504 2418 1556 2474 ei
1606 2434 1729 2474 esse
1775 2419 2004 2491 gloriam
2060 2436 2090 2476 a

498 2507 694 2573 :Patre,
725 2522 792 2562 ex
821 2521 886 2563 eo
927 2508 1073 2578 quod
1127 2518 1287 2563 terrae
1330 2508 1496 2578 judex
1531 2510 1811 2574 statuitur,
1859 2511 2093 2566 doceant

515 2612 618 2652 nos
651 2612 759 2668 quo
811 2607 971 2668 pacto
998 2585 1132 2668 'jam
1185 2600 1522 2670 intelligatur
1561 2597 1858 2667 Dominus,
1892 2602 1986 2672 qui
2038 2609 2092 2658 et

498 2689 575 2747 rain
613 2689 869 2746 extremis
902 2690 1243 2761 temporibus
1273 2691 1376 2746 hoc
1405 2692 1618 2749 honore
1643 2702 1963 2749 coronatur.

1136 2886 1289 2943 CAP.
1322 2885 1459 2942 VIII.

508 3000 671 3068 Quod
726 2995 865 3051 Deus
912 3006 958 3052 et
988 3014 1063 3052 ex
1100 2999 1205 3053 Deo
1255 2998 1541 3068 secundum
1570 3008 1819 3054 naturam
1862 3017 1980 3054 cum
2022 3003 2093 3055 sit

2187 505 2284 558 καὶ
2309 504 2410 574 οὐχ
2429 504 2651 565 ἑκόντας
2675 498 2977 571 ὁμολογεῖν,
3011 498 3146 568 μηδὲ
3166 497 3431 569 ὑπάρχειν
3452 497 3589 562 ὅλως
3609 499 3772 553 ’δύνα-

2189 592 2312 646 σθαι
2344 592 2452 646 τῶν
2481 592 2649 645 ὄντων
2695 589 2868 653 τινὰς,
2896 590 2944 642 εἰ
2980 588 3055 659 μὴ
3090 588 3362 657 φαίνοιντο
3398 588 3605 659 κριταὶ,
3638 606 3769 659 συγ-

2185 684 2520 755 καταλήγειν
2545 699 2605 736 τε
2657 681 2875 745 πάντως
2909 680 3091 742 αὐτοῖς
3121 678 3200 748 τῷ
3228 679 3372 732 τέλει
3405 662 3518 751 τῆς
3540 680 3770 751 κρίσεως

2184 775 2284 846 τὴν
2311 774 2529 839 οὐσίαν;
2566 773 2708 827 Ἀλλ’
2726 773 2841 826 ἐστι
2864 772 2927 826 τὸ
2964 770 3135 835 οὕτως
3159 774 3298 825 νοεῖν
3332 771 3445 824 τῶν
3485 772 3771 827 ἀτοπωτά-

2184 884 2312 921 των.
2356 864 2640 937 Ἐνέργειά
2671 882 2758 927 τις
2802 862 3090 934 τοιγαροῦν
3136 863 3196 916 τὸ
3243 862 3448 934 κρίνειν
3504 863 3641 926 ἐστὶ,
3680 867 3772 917 καὶ

2185 957 2373 1029 ἕτερον
2399 956 2572 1011 οὐδέν.
2619 956 2684 1008 Τί
2709 952 2808 1009 σύν
2836 954 2942 1024 ἄρα
2974 954 3206 1008 δέδωκεν
3239 954 3268 1006 6
3300 952 3488 1024 Πατὴρ
3518 953 3597 1024 τῷ
3619 950 3768 1024 Υίῷ;

2184 1048 2573 1119 Πλεονέκτημα
2600 1046 2699 1119 μὲν
2728 1047 2803 1110 ὠς
2829 1046 2887 1112 ἐξ
2913 1046 3047 1109 ἰδίας
3077 1046 3289 1115 φύσεως
3312 1045 3483 1109 οὐδὲν.
3513 1046 3571 1101 ἐν
3609 1064 3670 1100 τε
3692 1047 3769 1116 τῷ

2183 1140 2285 1213 τὴν
2335 1140 2519 1210 κρίσιν
2572 1138 2862 1210 ἐπιτρέψαι
2923 1140 3103 1193 πᾶσαν
3158 1137 3343 1209 αὐτῷ,
3380 1138 3659 1210 ἐνέργειαν
3712 1139 3769 1194 δὲ

2191 1231 2388 1303 μᾶλλον
2419 1230 2519 1302 τὴν
2571 1230 2712 1284 κατά
2755 1230 2864 1283 τῶν
2912 1229 3273 1301 κρινομένων.
3315 1228 3438 1295 Πῶς
3482 1225 3575 1301 οὖν
3619 1230 3768 1283 ἔσται

2185 1320 2329 1375 κατά
2355 1320 2514 1374 τοῦτο
2547 1319 2769 1391 μείζων,
2804 1319 2838 1390 ἢ
2878 1317 3413 1392 μεγαλοφυέστερος;
3446 1320 3501 1385 τί
3540 1336 3766 1389 προστε·

2187 1408 2402 1476 θεικὼς,
2431 1411 2566 1482 ὅπερ
2623 1411 2724 1465 οὐκ
2755 1405 2825 1482 ἦν
2870 1412 2929 1463 ἐν
2974 1410 3088 1481 ru;
3119 1409 3198 1480 τῷ
3243 1408 3484 1478 λέγοντι·
3528 1429 3547 1463 ι
3588 1404 3771 1465 Πάντα

2189 1500 2292 1554 ὅσα
2311 1501 2427 1572 ἔχει
2453 1503 2481 1555 ὁ
2505 1504 2716 1574 Πατὴρ,
2734 1501 2844 1573 ἐμά
2871 1503 3012 1565 ἐστι;
3036 1519 3056 1550 ι
3083 1501 3207 1564 Πῶς
3229 1496 3325 1555 οῦν.
3350 1501 3456 1570 ἄρα
3488 1502 3549 1554 τδ
3587 1502 3769 1557 δοῦναι

2188 1594 2426 1665 νοητὲον,
2457 1594 2624 1648 ἀκουε
2649 1594 2856 1648 λοιπόνο
2889 1595 3098 1666 Ὠσπερ
3125 1593 3262 1663 ἔχων
3294 1593 3353 1646 τὸ
3387 1592 3647 1649 δύνασθαι
3673 1595 3770 1665 δη-

2195 1688 2474 1756 μιουργεῖν
2500 1688 2529 1739 6
2560 1684 2696 1748 Θεὸς
2759 1685 2853 1739 καὶ
2876 1684 3084 1757 Πατὴρ,
3104 1684 3170 1738 δι’
3195 1684 3327 1738 Υίοῦ
3359 1683 3428 1739 τὰ
3461 1685 3636 1738 πάντα
3673 1684 3768 1754 δη·

2191 1778 2440 1847 μιουργεῖ
2491 1777 2567 1841 ὼς
2591 1776 2680 1830 διὰ
2722 1775 3007 1846 δυνάμεως
3057 1774 3151 1828 καὶ
3202 1776 3386 1845 ἰσχύος
3413 1775 3572 1838 ιδίας⁹
3600 1775 3771 1839 οὕτως

2191 1864 2331 1937 ἔχων
2360 1870 2455 1920 καὶ
2497 1868 2560 1920 τὸ
2609 1866 2873 1921 δύνασθαι
2912 1866 3141 1937 κρίνειν,
3182 1867 3475 1937 ἐνεργήσει
3517 1867 3614 1919 καὶ
3641 1865 3773 1920 αὐτὸ

2188 1958 2255 2013 δι’
2279 1958 2434 2025 Υίοῦ,
2459 1958 2536 2023 ὡς
2556 1958 2647 2013 διὰ
2679 1958 3024 2028 δικαιοσύνης
3056 1957 3216 2020 ίδίαςο
3249 1956 3438 2028 ῶσπερ
3488 1956 3554 2011 ἂν
3598 1959 3648 2010 εί
3686 1956 3773 2011 λέο

2188 2066 2338 2118 γοιτο
2359 2050 2471 2123 πῦρ
2490 2053 2556 2122 τῇ
2580 2050 2639 2117 ἐξ
2670 2049 2835 2104 αὐτοῦ
2856 2050 2998 2104 κατὰ
3024 2046 3184 2119 φῦσιν
3218 2048 3469 2120 ἐνεργείᾳ
3500 2048 3559 2102 τὸ
3575 2047 3773 2103 καῦσαί

2188 2159 2244 2195 τι
2275 2144 2629 2213 παραχωρεῖν
2660 2180 2675 2205 ,
2714 2142 2919 2215 ταύτην
2964 2142 3176 2213 ἔχοντος
3210 2141 3305 2195 τοῦ
3335 2142 3657 2212 πράγματος
3678 2141 3773 2213 τὴν

2190 2234 2326 2289 ὁδόν.
2355 2233 2511 2287 Οὕτω
2534 2235 2617 2300 τὸ,
2667 2252 2686 2285 t
2717 2234 2951 2289 δέδωκεν
2972 2275 2986 2299 ,
3023 2254 3040 2287 ι
3074 2234 3313 2294 εὐσεϐῶς
3363 2232 3769 2303 ἑρμηνεύοντες,

2190 2327 2289 2398 τὴν
2314 2325 2408 2380 τοῦ
2439 2325 2688 2379 διαϐόλου
2722 2326 2925 2396 παγίδα
2961 2326 3381 2398 διαφευξόμεθα.
3406 2327 3468 2380 Εἰ
3497 2326 3556 2379 δέ
3583 2327 3772 2397 ἐπιμέ-

2191 2436 2375 2474 νουσιν
2415 2418 2648 2484 ἀναιδῶς
2676 2419 3097 2490 προστεθεῖσθαι
3134 2419 3289 2484 δόξαν
3318 2418 3467 2490 αὐτῷ
3500 2419 3651 2490 παρά
3678 2418 3768 2473 τοῦ

2192 2508 2407 2582 Πατρδς
2458 2508 2930 2580 διαϐεϐαιούμενοι
2960 2550 2975 2576 ,
3009 2509 3096 2563 διὰ
3128 2508 3221 2563 τοῦ
3260 2510 3453 2580 κριτὴν
3483 2508 3771 2579 ἀναφαίνε-

2194 2598 2316 2653 σθαι
2345 2599 2445 2669 τῆς
2466 2599 2589 2669 γῆς,
2624 2600 2985 2654 διδασκόντων
3016 2603 3166 2672 ἡμᾶς
3185 2642 3199 2667 ,
3232 2601 3348 2664 πῶς
3380 2601 3444 2655 ἀν
3484 2600 3563 2654 ἐτι
3604 2603 3771 2653 νοοῖτο

2192 2689 2415 2761 Κύριος,
2439 2691 2467 2743 6
2494 2690 2587 2743 καὶ
2613 2693 2671 2743 ἐν
2703 2693 2951 2763 ἐσχάτοις
2976 2694 3189 2763 καιροῖς
3214 2696 3333 2757 ταῖς
3370 2693 3462 2746 ἐπὶ
3491 2691 3663 2763 τούτῳ
3692 2709 3771 2745 tt-

2194 2784 2325 2852 μαῖς
2349 2782 2781 2855 στεφανούμενος
2818 2801 2832 2849 ;

2791 2899 3043 2961 ΚΕΦᾼΛ.
3095 2899 3176 2952 Il’.

2194 3011 2320 3065 Ὅτι
2364 3012 2515 3079 Θεὸς
2551 3013 2648 3068 καὶ
2697 3014 2765 3068 ἑκ
2798 2988 2945 3068 Θεοῦ
2979 3014 3129 3068 κατὰ
3166 3014 3363 3082 φύσιν
3408 3011 3694 3081 ὑπάρχων
3735 3014 3768 3065 ό

587 3068 783 3148 Filius.
814 3076 861 3121 et
894 3068 1296 3154 perfectissima.
1315 3067 1576 3154 Genitort's
1607 3071 1804 3141 imago,
1838 3071 2086 3143 aqualem

2274 3083 2405 3154 Υἱὸς
2430 3124 2446 3146 ,
2490 3067 2595 3138 ’καὶ
2635 3067 2820 3139 elatior
2866 3067 2971 3138 τοῦ
3024 3067 3729 3154 ῖοεκνθήσαντοςμᾴξιρἶόἡς
3752 3121 3768 3148 ,

586 3157 705 3194 cum
743 3138 857 3207 ipso
890 3137 1137 3194 honorem
1168 3149 1215 3194 et
1244 3141 1469 3211 gloriam
1494 3144 1708 3195 obtmet.

587 3233 654 3301 ν,
686 3233 775 3291 95.
827 3230 894 3285 Ut
924 3250 1100 3288 omnes
1132 3233 1481 3303 honoriﬁcam
1514 3232 1732 3296 Filium,
1765 3235 1900 3289 sicut
1931 3233 2097 3291 Itono-

505 3328 727 3396 riﬁcant
780 3328 1042 3382 Patrem:
1078 3328 1167 3395 qui
1202 3341 1304 3379 non
1348 3324 1666 3395 honori/ient
1715 3323 1952 3393 Filium,
1992 3344 2098 3403 non

512 3416 831 3487 ltonoriﬁcat
858 3417 1094 3477 Patrem,
1118 3418 1207 3486 qui
1236 3417 1379 3470 misit
1404 3417 1579 3472 illum.

587 3509 767 3563 Causa
798 3518 852 3563 et
884 3509 1029 3562 ratio
1061 3489 1251 3561 eorum
1289 3522 1412 3575 qua:
1438 3509 1590 3577 prius
1619 3510 1781 3591 allata
1815 3518 1947 3566 sunt
1975 3523 2097 3565 esse

508 3599 754 3663 videtur,
798 3598 1058 3652 nimirum
1109 3599 1422 3667 aequalitate
1463 3607 1518 3653 et
1576 3600 1937 3656 similitudine
1969 3616 2095 3654 cum

508 3689 678 3743 {’atre
724 3687 927 3741 Filium
969 3703 1094 3742 esse
1147 3688 1558 3744 honorandum.
1613 3689 1772 3755 Quod
1827 3692 1872 3746 si
1931 3692 2094 3761 paulo

514 3778 683 3832 altius
710 3784 946 3845 repetas,
975 3783 1030 3829 et
1052 3775 1120 3829 ad
1145 3774 1247 3830 loci
1276 3777 1598 3831 memoriam
1634 3778 1851 3845 redeas,
1878 3792 2094 3835 sermo-

507 3869 603 3923 nis
662 3868 772 3923 vim
829 3880 892 3920 ac
949 3880 1171 3921 sensum
1230 3873 1491 3922 accurate
1538 3867 1860 3937 perspicies.
1921 3869 2092 3940 igitur

516 3962 729 4016 Patrem
761 3974 923 4015 suum
953 3959 1137 4014 aiebat
1178 3957 1349 4015 Deum
1382 3974 1525 4028 esse,
1557 3962 1796 4031 seipsum
1827 3963 2088 4033 aequalem

510 4052 726 4108 faciens
756 4051 886 4107 Deo.
916 4050 1187 4106 Praeterea
1216 4051 1644 4121 aequipotentem
1679 4059 1736 4107 et
1768 4053 2086 4125 coopiﬁcem

512 4145 757 4214 seipsutn
793 4141 1154 4210 ostendebat,
1187 4141 1381 4198 dicens
1419 4159 1434 4196 :
1470 4159 1495 4194 ι
1536 4140 1894 4216 Quaecunque
1938 4147 2085 4202 enim

507 4233 601 4289 ille
647 4231 800 4298 facit,
846 4232 964 4287 haec
993 4239 1051 4287 et
1082 4228 1257 4286 Filius
1309 4230 1567 4288 similiter
1602 4231 1733 4289 facit
1758 4233 1832 4289 ⁸⁸.
1871 4253 1891 4288 ι
1923 4232 2083 4302 Quod

508 4333 694 4381 autem
724 4324 835 4378 vita
869 4325 939 4380 sit
966 4329 1023 4379 et
1054 4322 1305 4379 virincus
1328 4324 1629 4380 secundum
1662 4334 1938 4392 naturam,
1972 4342 2081 4382 non

2265 3153 2411 3221 ἴσην
2446 3155 2568 3223 ἔχει
2598 3156 2749 3222 πρὸς
2782 3154 2970 3209 αὑτὸν
2995 3151 3091 3208 καὶ
3118 3154 3297 3223 τιμὴν·
3321 3152 3419 3206 καὶ
3444 3151 3651 3215 δόξαν.

2268 3244 2402 3299 Ἵνα
2421 3245 2646 3311 πάντες
2667 3245 2877 3315 τιμῶσι
2906 3246 3013 3299 τὸν
3043 3243 3200 3310 Υὶὸν,
3227 3243 3418 3310 καθὼς
3442 3241 3649 3312 τιμῶσι
3670 3241 3774 3296 τὸν

2195 3334 2459 3403 Πατέρα·
2485 3338 2518 3390 ὁ
2551 3336 2637 3405 μὴ
2672 3334 2858 3405 τιμῶν
2892 3336 2998 3390 τὸν
3042 3335 3180 3390 Υίὸν
3223 3337 3295 3390 οὐ
3333 3332 3470 3405 τιμᾷ
3510 3334 3616 3388 τὸν
3661 3336 3772 3388 Ha-

2193 3427 2334 3493 τέρα
2372 3426 2480 3481 τὸν
2518 3427 2846 3497 ,πέμψαντα
2903 3430 3112 3484 αὐτόν.

2263 3516 2421 3569 Ait-ta
2448 3517 2544 3571 καὶ
2587 3518 2859 3588 πρόφασις
2890 3519 2992 3591 ἤδη
3030 3519 3139 3573 τῶν
3175 3518 3774 3592 προκατηριθμημένων

2193 3608 2403 3678 δρᾶται,
2438 3608 2499 3660 τὸ
2530 3609 2728 3680 χρῆναι
2768 3610 3030 3680 τιμᾶσθαι
3064 3612 3153 3664 τὸν
3188 3612 3315 3665 Υἱδν
3338 3614 3395 3678 ἐν
3439 3612 3647 3682 ἰσότητι
3682 3611 3773 3664 καὶ

2193 3697 2468 3768 ὁμοιότητι
2500 3702 2563 3768 τῇ
2601 3700 2738 3771 πρὸς
2770 3700 2860 3753 τὸν
2904 3702 3140 3773 Πατέρα.
3177 3704 3358 3775 Βραχὺ
3383 3704 3438 3757 δὲ
3473 3703 3769 3768 ἀναλαϐὼν,

2193 3787 2287 3839 καὶ
2335 3789 2412 3850 είς
2466 3788 2565 3860 τὴν
2617 3790 2759 3844 κατά
2812 3795 2975 3845 τόπον
3025 3795 3492 3864 ἀνακομιζόμενος
3529 3796 3771 3865 μνήμην,

2194 3877 2540 3952 περιαθρήσῃ
2573 3879 2817 3950 ἀκριϐῶς
2850 3881 2941 3934 τοῦ
2978 3882 3136 3951 λόγου
3166 3884 3264 3957 τὴν
3291 3884 3534 3956 δύναμιν.
3564 3885 3773 3938 Οὐκοῦν

2193 3966 2323 4020 ἴδιον
2371 3967 2468 4039 μὲν
2513 3969 2720 4038 ἔφασκε
2752 3973 2972 4045 Πατέρα
3012 3975 3103 4028 τὸν
3146 3975 3279 4029 Θεὸν
3333 3977 3623 4049 ὑπάρχειν,
3663 3979 3783 4032 ἴσον

2190 4060 2380 4115 ἐαυτὸν
2434 4062 2605 4117 ποιῶν
2673 4063 2752 4134 τῷ
2803 4065 2959 4137 Θεῷ,
3002 4062 3124 4123 εἶτα
3180 4069 3341 4123 πάλιν
3393 4071 3639 4142 ίσοσθενῆ
3683 4075 3775 4129 καὶ

2188 4148 2479 4221 ὁμότεχνον
2536 4152 2857 4209 ἀπεδείκνυε
2896 4154 3071 4224 λέγων
3102 4173 3116 4189 ·
3142 4175 3161 4209 t
3197 4159 3265 4212 Ἃ
3295 4157 3405 4230 γὰρ
3457 4158 3524 4213 ἂν
3572 4160 3774 4226 ἐκεῖνος

2186 4243 2315 4312 ποιῇ
2339 4282 2354 4307 ,
2390 4240 2563 4298 ταῦτα
2592 4243 2687 4298 καὶ¹
2710 4247 2740 4299 ό
2767 4245 2898 4311 Υἱὸς
2941 4249 3143 4318 ὁμοίως
3184 4251 3348 4304 ποιεῖ.
3374 4268 3392 4303 ι
3438 4250 3563 4305 Ὀτι
3592 4253 3649 4305 δὲ
3683 4254 3776 4307 καὶ

2188 4329 2305 4414 ζωὴ
2329 4331 2432 4386 ’καὶ
2474 4333 2738 4400 (mortem;
2766 4336 2910 4391 κατὰ
2937 4337 3100 4407 φύσιν
3140 4339 3310 4406 ἐστὶν,
3330 4339 3521 4414 ῶσπερ
3553 4339 3649 4397 οῦν
3683 4344 3774 4398 καὶ

507 4431 669 4472 secus
706 4431 772 4471 ac
809 4412 994 4481 Pater,
1040 4399 1363 4471 declarabat
1387 4412 1643 4471 addens:
1679 4434 1697 4468 ι
1730 4414 1889 4472 Sicut
1929 4419 2079 4473 enim

2189 4408 2211 4460 ὑ
2258 4399 2527 4494 γεννήσας
2579 4425 2777 4493 αὑτὸν,
2825 4399 3069 4499 διεσάφει
3121 4399 3433 4503 προστιθείς
3463 4399 3534 4486 ’,ι
3564 4434 3776 4507 Ὠσπερ

508 4505 672 4564 Pater
698 4508 935 4563 suscitat
983 4516 1230 4563 mortuos
1251 4545 1266 4569 ,
1301 4512 1357 4561 et
1383 4506 1658 4574 viviﬁcat,
1696 4507 1772 4562 ita
1806 4516 1860 4562 et
1906 4506 2083 4567 Filius

507 4614 649 4669 quos
682 4599 800 4655 vult
843 4594 1175 4654 vivideat".
1213 4614 1234 4648 ι
1271 4594 1378 4652 Sed
1411 4596 1559 4667 quod
1594 4596 1818 4655 futurus
1848 4599 1924 4656 sit
1947 4616 2085 4671 quo-

509 4704 617 4760 que
658 4690 1042 4745 universorum
1077 4688 1271 4759 judex,
1304 4686 1470 4744 Patre
1496 4688 1554 4745 in
1603 4691 1866 4748 omnibus
1916 4693 2085 4749 simul

511 4780 845 4835 assentiente
868 4787 922 4835 et
949 4787 1247 4845 annuente,
1266 4779 1578 4850 exponebat
1602 4779 1794 4840 dicens
1819 4800 1833 4839 :
1854 4800 1874 4835 ι
1896 4781 2085 4855 Neque

509 4870 656 4924 enim
678 4868 837 4924 Pater
862 4869 1076 4937 iudicat
1105 4885 1463 4941 quemquam,
1488 4870 1587 4929 sed
1620 4887 1783 4929 omne
1811 4873 2082 4945 judicium

510 4960 660 5014 dedit
691 4958 828 5012 Filio
848 4961 915 5013 ⁸³.
949 4980 968 5012 ι
1001 4962 1262 5027 Quaenam
1292 4978 1422 5033 ergo
1455 4964 1686 5021 istorum
1742 4980 1912 5023 causa
1957 4969 2083 5023 est?

510 5053 618 5105 Aut
662 5050 794 5122 quid
828 5048 1179 5120 Unigenitum
1225 5053 1434 5125 adegit,
1483 5065 1544 5110 ut
1594 5056 1907 5113 istiusmodi
1961 5074 2083 5114 ser-

510 5157 672 5197 mone
734 5141 965 5196 utatur?
998 5158 1016 5192 ι
1074 5140 1146 5196 Ut
1201 5156 1418 5209 omnes,
1479 5145 1679 5215 inquit,
1721 5146 2086 5203 honorificent

509 5233 730 5297 Filium,
765 5233 908 5288 sicut
943 5231 1313 5288 honoriﬁcam
1339 5233 1579 5292 Patrem.
1615 5255 1635 5288 ι
1665 5234 1797 5291 Nam
1825 5237 1874 5293 si
1900 5240 2086 5294 omnia

510 5333 595 5383 est
639 5339 987 5397 quascunque
1032 5310 1227 5389 Pater,
1288 5324 1437 5395 quod
1486 5325 1554 5380 ad
1602 5320 1925 5396 dignitatem
1977 5328 2086 5387 Deo

511 5418 928 5472 convenientem
949 5422 1185 5488 spectat,
1217 5415 1497 5486 quomodo
1516 5430 1623 5472 non
1645 5418 1861 5474 decebit
1889 5420 2083 5477 iisdem

518 5506 813 5564 honoribus
847 5523 972 5564 eum
1008 5508 1295 5573 coronari,
1339 5509 1430 5563 cui
1464 5509 1598 5564 nihil
1631 5509 1699 5565 ad
1736 5510 2081 5569 identitatem

2187 4513 2357 4585 γάρό
2407 4515 2598 4588 Πατὴρ
2646 4518 2854 4590 ἐγείρει
2894 4522 3021 4586 τοὺς
3072 4524 3305 4596 νεκροὺς
3354 4526 3450 4579 καὶ
3494 4524 3774 4590 ζωοποιεῖ,

2187 4604 2330 4662 οὕτω
2364 4609 2460 4662 καὶ
2491 4611 2520 4663 6
2542 4609 2670 4674 Υἱὸς
2700 4610 2794 4675 οὓς
2823 4610 2967 4665 θέλει
2996 4610 3270 4677 ζωοποιεῖ.
3291 4635 3311 4669 ι
3345 4616 3485 4670 Ἀλλ’
3503 4617 3580 4682 ὡς
3603 4618 3777 4672 ἔσοιτο

2187 4701 2280 4753 καὶ
2310 4700 2528 4756 πάντων
2574 4700 2800 4774 κριτὴς,
2833 4702 3280 4769 συνευδοκοῦντος
3320 4706 3406 4776 ἐφ’
3441 4708 3612 4762 ἅπασι
3631 4748 3646 4772 ,
3679 4708 3776 4764 καὶ

2188 4789 2680 4859 συγκατανεύοντος
2709 4790 2802 4846 τοῦ
2829 4792 3067 4864 Πατρὸς,
3087 4794 3335 4866 ἐξηγεῖτο
3364 4796 3538 4866 λέγων
3558 4814 3572 4828 ·
3596 4817 3617 4850 ι
3644 4798 3778 4854 Οὐδὲ

2187 4880 2296 4953 γὰρ
2324 4883 2352 4934 6
2374 4881 2563 4952 Πατὴρ
2598 4881 2773 4954 κρίνει
2806 4883 3014 4947 οὐδένα,
3050 4884 3185 4939 ἀλλὰ
3230 4886 3328 4958 τὴν
3362 4889 3545 4959 κρίσιν
3596 4892 3777 4944 πᾶσαν

2189 4970 2386 5024 δέδωκε
2412 4970 2487 5040 τῷ
2516 4972 2649 5042 Υίῷ.
2688 4993 2707 5026 ι
2735 4975 2830 5038 Τίς
2857 4970 2949 5029 οῦν
2974 4978 3006 5045 ὴ
3037 4975 3244 5030 τούτων
3279 4979 3457 5043 ait-ta;
3508 4980 3558 5032 τί
3585 4980 3642 5033 δέ
3671 4981 3776 5052 ἄρα

2188 5059 2249 5114 τὸ
2272 5061 2536 5126 πεπεικδς
2564 5062 2652 5117 διὰ
2691 5064 2950 5120 τοιούτων
2990 5066 3246 5138 ἔρχεσθαι
3268 5068 3445 5137 λόγων
3474 5070 3566 5124 τὸν
3600 5071 3775 5125 Μονο-

2192 5152 2360 5222 γενῆ;
2391 5170 2409 5204 ι
2457 5154 2573 5206 Ἵνα
2605 5154 2826 5219 πάντες,
2855 5158 3009 5228 φησὶ,
3043 5158 3247 5230 τιμῶσι
3273 5159 3366 5214 τὸν
3408 5160 3556 5226 Υίὸν,
3595 5153 3777 5224 καθὼς

2191 5244 2389 5315 τιμῶσι
2411 5246 2503 5299 τὸν
2527 5248 2765 5319 Πατέρα.
2797 5266 2814 5299 ι
2850 5249 2912 5301 Εἰ
2937 5249 3046 5322 γὰρ
3082 5250 3258 5306 πάντα
3299 5253 3467 5319 ἐστὶν,
3499 5254 3602 5309 ὅσα
3624 5254 3718 5307 καὶ
3747 5255 3776 5307 6

2190 5336 2403 5409 Πατὴρ,
2432 5339 2556 5392 ὅσον
2588 5333 2723 5409 ἧκεν
2747 5340 2827 5402 είς
2857 5339 3076 5412 ἀξίωμα
3101 5342 3419 5417 θεοπρεπὲς,
3441 5344 3560 5409 πῶς
3584 5345 3685 5398 οὐκ
3711 5344 3775 5398 ἂν

2191 5427 2276 5498 εἴη
2317 5428 2524 5500 πρέπον
2560 5429 2902 5502 ἱσοστάθμοις
2924 5433 3117 5504 ἐκείνῳ
3149 5434 3544 5505 στεφανοῦσθαι
3593 5437 3776 5506 τιμαῖς

2190 5518 2305 5584 τὸν,
2331 5512 2482 5591 ᾧπερ
2526 5522 2678 5576 οὐδὲν
2717 5524 2795 5587 είς
2825 5524 3127 5596 ταυτότητα
3152 5524 3251 5595 τῆς
3288 5525 3476 5589 οὐσίας
3496 5525 3679 5593 ἐνδεῖς
3710 5523 3776 5577 Τί

579 5684 629 5718 ιο
664 5684 965 5754 Joan.xv1,
1006 5687 1094 5743 t5.
1170 5689 1215 5722 ιι
1255 5688 1453 5760 Supra,
1488 5705 1538 5757 γ,
1573 5690 1661 5746 t9.
1738 5689 1785 5722 υ
1819 5689 1951 5747 ibid.
1986 5691 2074 5748 at.
2153 5693 2201 5727 οι
2241 5692 2370 5751 ibid.
2401 5692 2493 5747 22;
