4078 6262
300 338 401 396 M9
464 312 469 315 ,

1335 331 1402 387 ΙΝ
1443 331 1736 389 JOANNIS
1779 331 2236 391 EVANGELIUM
2292 335 2420 394 LIB.
2458 338 2521 394 ll.

3458 344 3579 401 370'

298 449 392 511 οὖν
447 452 563 521 ἄρα
611 434 775 505 πὰλῖν
804 451 894 503 καὶ
925 448 1057 520 πρὸς
1112 446 1265 503 τοῦτο
1312 464 1476 518 φασιν
1520 449 1567 501 οἱ
1609 450 1783 501 πάντα
1808 448 1876 501 τὰ

1984 450 2305 506 substantiae
2345 452 2538 508 deest?
2564 451 2707 517 Quid
2758 450 2927 523 igitur
2965 450 3034 507 ad
3077 451 3194 506 hinc
3229 457 3569 523 respondent

300 542 436 614 ὀρθά
467 540 903 611 διαστρέφοντες,
938 537 1013 601 ὡς
1042 537 1069 589 6
1100 538 1385 609 προφήτης
1409 537 1576 607 φησὶν
1621 538 1881 603 Ἠσαῖας;

1985 554 2210 595 rursum
2256 541 2348 611 qui
2400 542 2585 597 omnia
2634 552 2780 597 recta
2816 548 3156 612 pervertunt,
3193 551 3252 597 ut
3284 543 3361 597 ait
3392 544 3565 603 Isaias

302 634 367 690 Et
405 634 495 687 Bait
516 633 578 687 τὸ
602 630 874 700 λέγεσθαι,
910 629 1074 701 φησίν
1094 644 1107 657 ·
1150 647 1169 681 ι
1215 629 1331 683 Ἰνα
1364 630 1542 684 πάντα
1569 629 1767 700 τιμῶσι
1793 629 1879 682 τὸν

1987 632 2251 701 propheta
2275 631 2359 686 ‘5?
2380 631 2436 686 Si
2468 647 2537 687 ex
2566 648 2631 688 eo
2654 632 2800 704 quod
2829 634 3094 703 scriptum
3121 640 3229 698 est,
3267 635 3562 706 inquiunt:

304 724 455 787 Υίὺν,
484 723 625 777 καθά
668 721 867 792 τιμῶσι
919 721 1011 787 τὸν
1047 720 1288 791 Πατέρα,
1328 740 1347 773 ι
1389 719 1638 791 νομίζετε
1683 720 1879 792 χρῆναι

1990 741 2007 773 ι
2048 721 2117 777 Ut
2157 720 2524 777 honoriﬁcent
2571 720 2794 786 Filium,
2839 723 2987 779 sicut
3038 723 3407 780 honoriﬁcam
3456 725 3562 780 Pa-

308 817 397 871 τδν
425 817 552 869 Υίὸν
583 814 881 885 ίσομέτροις
914 811 988 883 τῷ
1010 812 1183 885 Πατρὶ
1216 812 1645 881 κατασεμνύνειν
1673 815 1879 883 τιμαῖς,

308 910 549 975 ἀγνοεῖτε
576 906 670 976 τῆς
692 903 946 973 ἀληθείας
976 904 1191 975 μακράν
1222 920 1318 957 που
1343 903 1664 973 βαδίζοντες.
1684 904 1757 956 Οὐ
1775 903 1889 975 γάρ

308 1000 519 1063 πάντως
541 998 602 1050 τὺ
639 1018 657 1049 ι
703 995 885 1058 καθὼς
924 1016 941 1048 ι
980 995 1198 1067 ἰσότητα
1248 995 1589 1066 πραγμάτων
1617 994 1882 1063 εἰσφέρει,

303 1091 425 1145 καθ’
446 1084 521 1144 ὧν
562 1090 627 1143 ἂν
672 1089 917 1158 φαίνοιτο
957 1087 1132 1151 τεθὲν,
1170 1087 1429 1155 ὁμοίωσιν
1470 1085 1526 1139 δέ
1564 1102 1686 1138 τινα
1714 1080 1885 1156 χαρα-

300 1177 550 1252 κτηρίζει
603 1180 882 1246 πολλάκις,
914 1173 1044 1243 οἷον,
1074 1178 1261 1250 φησὶν,
1290 1178 1318 1230 6
1351 1178 1543 1249 Σωτήρ
1591 1193 1692 1230 που
1746 1193 1884 1248 συμ-

300 1273 565 1338 ϐουλεύει,
596 1273 770 1342 λέγων
803 1288 818 1303 ·
856 1289 875 1324 ι
912 1271 1133 1325 Γίνεσθε
1166 1270 1505 1341 οἰκτίρμονες
1525 1308 1539 1331 ,
1569 1266 1751 1333 καθὼς
1788 1268 1883 1320 καὶ

300 1367 331 1419 6
363 1364 554 1436 Πατὴρ
606 1363 761 1435 ὑμῶν
807 1363 838 1417 6
887 1361 1134 1434 οὐράνιος
1177 1361 1473 1432 οἰκτίρμων
1501 1357 1667 1412 ἐστίν.
1705 1376 1724 1409 ι
1762 1353 1885 1429 Ἆρ’

299 1450 392 1509 οὖν
413 1454 653 1525 ἐσόμεθα
677 1453 1112 1524 φιλοικτίρμονες
1147 1451 1318 1515 οὕτως
1336 1491 1358 1517 ,
1376 1451 1453 1514 ὡς
1490 1452 1519 1504 6
1545 1449 1761 1520 Πατὴρ,
1795 1445 1884 1502 διὰ

234 1604 266 1620 ,Γ
299 1544 363 1600 τὸ
394 1563 415 1599 ι
451 1545 670 1611 καθὼςς
709 1565 729 1599 ι
766 1544 877 1599 Καὶ
903 1544 1064 1600 πάλιν
1095 1546 1126 1598 6
1166 1543 1397 1615 Χριστὸς
1416 1542 1567 1609 λέγει
1606 1540 1744 1612 πρὸς
1791 1537 1884 1593 τὸν

301 1635 502 1691 ἑαυτοῦ
538 1636 761 1708 Πατέρα
804 1635 933 1707 περὶ
967 1633 1079 1688 τῶν
1132 1630 1421 1705 μαθητῶν·
1492 1650 1511 1682 ι
1564 1628 1884 1699 Ἠγάπησας

300 1730 526 1793 αὐτοὺς,
549 1727 731 1792 καθὼς
758 1727 859 1798 ἐμὲ
890 1725 1208 1796 ἠγάπησας.
1245 1742 1265 1776 ι
1304 1723 1446 1777 Ἀλλ’
1474 1722 1574 1793 οὐχ
1601 1721 1745 1775 οὕτω
1778 1718 1882 1773 δὼ-

258 1835 280 1889 ί
306 1834 476 1889 σομεν
504 1816 820 1889 ὴγαπῆσθαι
859 1817 985 1880 τοὺς
1022 1814 1289 1886 μαθητὰς,
1319 1813 1394 1877 ὡς
1415 1813 1504 1866 τὸν
1535 1810 1662 1865 Υίδν
1694 1811 1875 1876 πάλιν,

256 1900 398 1962 ista
422 1908 485 1961 τὸ
519 1927 537 1960 ι
582 1906 784 1970 καθώς.
821 1924 841 1959 ι
872 1905 936 1959 Τί
971 1900 1062 1959 οὖν
1093 1903 1473 1974 εὑρεσιλογεῖς,
1492 1901 1586 1956 καὶ
1611 1899 1882 1971 amotam

309 1999 418 2069 τὴν
436 1997 579 2063 λέξιν
606 2000 686 2071 είς
715 1997 1046 2066 δυσφημίαν,
1076 1994 1332 2065 οὐδεμίαν
1360 1995 1474 2056 τοῖς
1512 1989 1880 2062 ἀκροωμένοις

306 2090 555 2158 ἀνάγκην
580 2088 955 2159 είσφέρουσαν,
991 2088 1071 2150 εἰς
1104 2085 1164 2139 τὸ
1196 2084 1395 2156 χρῆναι
1422 2085 1586 2153 τιμᾷν
1615 2083 1705 2136 τὸν
1730 2082 1876 2149 Υίὸν,

301 2180 360 2230 ὲν
394 2178 492 2248 τσῳ
527 2178 715 2249 μέτρῳ
759 2176 836 2247 τῷ
883 2175 1151 2246 φύσαντι;
1182 2173 1246 2227 Τί
1278 2168 1369 2227 οὖν
1400 2173 1534 2244 πρὸς
1565 2170 1737 2225 ταῦτα
1784 2172 1877 2224 καὶ

302 2269 434 2340 παρ’
454 2268 651 2341 ήμῶν;
680 2269 900 2340 Πικροῖς
933 2267 1033 2338 μὲν
1079 2265 1235 2338 ἡμῶν
1263 2264 1664 2320 καθυλακτοῢσι
1698 2263 1877 2334 λόγοις

300 2363 348 2413 οἱ
380 2359 657 2430 θεομάχοι,
678 2359 790 2413 ἀλλ’
813 2358 917 2423 ἔξω
938 2358 1066 2422 τοὺς
1092 2357 1369 2422 κύνας,ὡς
1390 2359 1418 2411 6
1450 2355 1657 2421 Παῦλος
1689 2373 1873 2429 φησιν,

301 2450 408 2516 ἔξω
431 2451 562 2514 τοὺς
611 2449 815 2515 κακοὺς
856 2450 1094 2520 ἐργάτας
1119 2490 1135 2512 ,
1170 2448 1273 2515 ἔξω
1302 2449 1400 2516 τῆς
1431 2447 1596 2520 ὀρθῆς
1640 2449 1879 2512 πίστεως

299 2542 399 2615 τὴν
428 2543 741 2612 κατατομήν
759 2556 772 2569 ’
796 2543 959 2612 ἡμεῖς
990 2540 1116 2614 γάρ,
1146 2542 1312 2611 ἐσμεν
1342 2539 1599 2609 ἀληθείας
1623 2540 1750 2602 υἱοὶ,
1782 2539 1876 2593 καὶ

298 2634 467 2689 τέκνα
492 2633 686 2704 φωτός.
710 2632 895 2688 Διάτοι
922 2632 1082 2688 τοῦτο
1114 2633 1204 2688 τὸν
1235 2632 1515 2701 Μονογενῆ
1540 2629 1619 2701 τῷ
1642 2629 1760 2702 Θεῷ
1783 2630 1877 2684 καὶ

300 2723 480 2795 Πατρὶ
532 2722 944 2794 συνδοξάζαμεν,
968 2722 1031 2776 οὐ
1078 2721 1222 2777 κατά
1266 2737 1389 2775 τινα
1433 2719 1732 2790 διαφοράν,
1758 2720 1874 2774 ἀλλ’

300 2817 363 2869 ὲν
395 2815 599 2885 ἰσότητι
630 2815 795 2886 τιμῆς
819 2832 879 2868 τε
907 2813 1002 2867 καὶ
1032 2813 1208 2883 δόξης,
1235 2813 1310 2875 ὡς
1341 2811 1472 2866 Θεὸν
1499 2812 1564 2866 ἐκ
1595 2810 1752 2876 Θεοῦ,
1782 2809 1876 2864 καὶ

301 2904 421 2975 φῶς
447 2907 511 2959 ἐκ
544 2906 744 2976 φωτὸς,
774 2906 871 2960 καὶ
904 2904 1048 2976 ζωὴν
1077 2906 1139 2958 ὲκ
1183 2903 1346 2977 ζωῆς.
1376 2903 1488 2957 Καὶ
1513 2902 1874 2973 περιεργάζε-

1984 824 2146 883 trem,
2190 834 2209 867 ι
2244 816 2579 872 existimatis
2624 813 2826 870 Filium
2875 816 3182 887 aequalibus
3237 833 3358 871 cum
3403 818 3564 872 Patre

1984 908 2287 963 honoribus
2336 922 2461 963 esse
2511 905 2919 970 decorandum,
2979 907 3207 963 nescitis
3251 921 3281 961 a
3334 908 3564 963 veritate
3610 918 3613 921 '

1985 998 2146 1067 longe
2169 1011 2267 1052 vos
2302 997 2516 1052 abesse.
2548 994 2667 1050 Non
2698 995 2845 1051 enim
2874 1009 3008 1049 sane
3039 993 3209 1050 dictio
3246 995 3372 1058 ista,
3402 1014 3420 1046 ι
3447 997 3559 1050 sic-

1984 1099 2066 1155 ut,
2108 1106 2127 1140 ι
2170 1088 2540 1158 aequalitatem
2578 1101 2769 1144 earum
2819 1101 3004 1141 rerum
3037 1085 3104 1142 de
3133 1086 3334 1156 quibus
3361 1085 3564 1141 dicitur
3628 1092 3629 1095 ‘

1984 1179 2279 1248 signiﬁcat,
2309 1177 2405 1233 sed
2427 1177 2721 1249 quamdam
2747 1177 2910 1248 227
2934 1175 3353 1233 similitudinem
3379 1178 3565 1244 potius

1983 1270 2215 1333 indicat,
2254 1269 2529 1340 quomodo
2559 1267 2832 1335 Salvator,
2872 1267 3153 1337 inquiunt,
3186 1267 3388 1322 alicubi
3428 1282 3567 1323 con-t

1985 1361 2138 1426 sulit,
2162 1361 2356 1417 dicens
2389 1380 2403 1417 :
2436 1378 2456 1412 ι
2486 1359 2677 1416 Estote
2706 1360 3126 1425 misericordes,
3150 1360 3303 1418 sicut
3330 1368 3383 1415 et
3404 1360 3568 1416 Pater

1983 1462 2169 1511 vester
2216 1454 2310 1510 ille
2342 1452 2591 1511 ccelestis
2620 1462 2707 1509 est
2729 1454 2799 1508 ".
2842 1476 2863 1507 ι
2890 1454 2975 1509 An
3009 1468 3140 1524 ergo
3170 1452 3571 1508 misericordias

1984 1552 2235 1601 amantes
2257 1545 2491 1608 erimus,
2523 1544 2753 1615 perinde
2785 1551 2953 1614 atque
2993 1543 3182 1608 Pater,
3222 1549 3447 1615 propter
3479 1542 3567 1598 di-

1984 1636 2228 1693 ctionem
2265 1637 2438 1702 illam,
2475 1653 2495 1688 ι
2540 1635 2726 1691 sicut?
2758 1655 2779 1689 ι
2815 1636 2972 1701 item,
3012 1633 3273 1692 Christus
3299 1634 3369 1691 ad
3401 1650 3571 1692 suum

1983 1728 2202 1784 Patrem
2225 1726 2294 1783 de
2314 1726 2605 1798 discipulis
2626 1726 2740 1781 ait:
2773 1743 2794 1778 ι
2822 1725 3072 1782 Dilexisti
3094 1741 3213 1791 eos,
3238 1727 3454 1783 sicutet
3481 1736 3571 1781 me

1985 1819 2224 1876 dilexisti
2254 1820 2323 1873 ⁸⁸.
2362 1836 2380 1870 ι
2414 1821 2501 1872 Δια
2542 1815 2893 1888 n'equaquam
2932 1817 3305 1873 coneedemus
3331 1816 3568 1876 dilectos

1984 1924 2107 1966 esse
2167 1909 2472 1979 discipulos
2526 1908 2754 1980 perinde
2809 1923 2873 1963 ae
2928 1905 3130 1963 Filium
3205 1915 3427 1979 propter
3478 1907 3570 1962 di-

1984 2001 2222 2057 ctionem
2280 2000 2462 2066 illam,
2516 2018 2535 2051 (
2596 1999 2761 2055 sicut.
2809 2017 2829 2050 ι
2876 1996 3018 2064 Quid
3075 2013 3205 2070 ergo
3260 1996 3464 2053 frustra
3516 2007 3575 2054 to

1983 2090 2161 2161 augis,
2192 2097 2246 2144 et
2286 2088 2585 2144 dictionem
2620 2089 2670 2142 vi
2700 2092 2997 2156 detorques
3044 2087 3099 2141 in
3144 2086 3568 2157 blasphemiam,

1984 2196 2108 2252 quae
2147 2181 2356 2236 nullam
2386 2178 2738 2235 auditoribus
2787 2178 3179 2234 necessitatem
3233 2176 3393 2232 aﬁ‘ert
3441 2175 3569 2231 Filii

1982 2267 2267 2337 aequaliter
2314 2282 2440 2322 cum
2492 2265 2656 2322 Patre
2688 2264 3034 2321 honorandi!
3077 2264 3220 2331 Quid
3262 2266 3432 2335 igitur
3479 2265 3578 2321 his

1983 2355 2352 2426 reponimus?
2401 2354 2634 2410 Acerbis
2686 2354 2910 2425 quidem
2965 2353 3021 2407 in
3072 2368 3172 2408 nos
3216 2353 3419 2408 latrant
3470 2352 3570 2410 Dei

1984 2446 2173 2503 hostes
2211 2446 2561 2527 sermonibus
2605 2464 2620 2501 :
2662 2445 2756 2501 sed
2802 2443 2953 2499 foras
3001 2458 3209 2508 canes,
3248 2453 3308 2499 ut
3355 2442 3561 2500 Paulus

1978 2537 2060 2613 ait
2082 2538 2151 2602 ",
2182 2538 2329 2593 foras
2360 2537 2494 2592 mali
2528 2537 2789 2608 operarii,
2830 2535 2982 2591 foras
3015 2543 3180 2590 recta:
3216 2534 3340 2591 ﬁdei
3377 2534 3570 2606 depra-

1980 2630 2129 2684 vatio
2161 2648 2172 2684 :
2201 2645 2302 2685 nos
2329 2629 2476 2684 enim
2509 2629 2760 2685 veritatis
2793 2628 2889 2683 filii
2917 2637 3134 2691 sumtis,
3167 2637 3222 2689 et
3252 2628 3395 2684 lucis
3428 2641 3563 2698 pro-

1981 2721 2083 2778 les.
2143 2720 2350 2776 Idcirco
2389 2719 2740 2791 Uuigenitum
2806 2734 2913 2774 una
2971 2736 3096 2774 cum
3147 2720 3259 2774 Deo
3297 2728 3353 2775 et
3400 2718 3566 2775 Patre

1980 2803 2485 2879 congloriﬁcamus,
2505 2824 2619 2865 non
2651 2808 2955 2865 secundum
2980 2810 3148 2863 ullam
3183 2809 3579 2863 differentiam.~

1981 2900 2075 2955 scd
2115 2899 2427 2969 aequalitate
2457 2900 2685 2955 honoris
2724 2906 2778 2954 et
2803 2897 3013 2969 gloriae,
3046 2906 3106 2951 ut
3136 2895 3309 2953 Deum
3333 2899 3400 2953 de
3431 2886 3567 2963 Deo,

299 2997 429 3052 σθαι
448 2998 551 3069 μὲν
583 2999 642 3052 τὸ
674 2999 854 3052 πίστει
884 2996 1242 3069 παραδεκτδν,
1283 2996 1356 3060 ὡς
1387 2995 1478 3048 ἐπὶ
1505 2994 1751 3049 πλεῖστον
1775 2996 1876 3049 οὐκ

1984 3001 2034 3047 et
2066 2992 2244 3048 lumen
2273 2990 2341 3046 de
2380 2993 2609 3056 lumine,
2645 2997 2701 3047 et
2724 2992 2889 3046 vitam
2918 3007 2982 3048 ex
3016 2991 3150 3045 vita.
3180 2987 3247 3043 Et
3273 2997 3424 3044 certe
3475 3004 3570 3043 cu-

296 3090 547 3160 ἀσφαλές
566 3087 966 3161 ’.βασανιστέον
991 3088 1037 3142 δ’
1057 3082 1149 3141 οὖν
1178 3087 1325 3158 ὅμως
1350 3086 1443 3140 καὶ
1464 3085 1558 3139 τοῦ
1590 3104 1608 3138 ι
1643 3084 1826 3168 κρθὼς
1850 3105 1869 3137 ι

1989 3083 2192 3138 riosius
2218 3083 2454 3138 scrutari
2490 3082 2639 3153 quod
2681 3081 2788 3137 ﬁde
2832 3082 3139 3153 suscipitur
3166 3088 3227 3135 ut
3272 3080 3569 3150 plurimum

292 3180 401 3252 τὴν
452 3180 679 3251 δύναμιν
705 3219 721 3246 ,
748 3181 836 3234 ἵνα
881 3181 956 3251 μὴ
998 3178 1138 3249 μέγα
1171 3176 1441 3249 φρονῶσιν
1473 3177 1559 3246 ἐφ’
1582 3178 1794 3240 ἑαυτοῖς
1827 3176 1876 3229 oi

1984 3182 2157 3228 tutum
2221 3190 2332 3227 non
2384 3182 2511 3240 est;
2549 3182 2941 3229 verumtamen
2980 3171 3352 3228 examinanda
3404 3171 3571 3227 nobis

291 3273 369 3326 δι’
401 3272 668 3336 ἐναντίας.

374 3444 581 3499 Οὐκοῦν
614 3446 705 3497 ἐπὶ
731 3447 830 3515 μὲν
853 3442 958 3496 τῶν
984 3440 1249 3512 ἀνομοίων
1285 3440 1427 3493 κατὰ
1449 3439 1548 3511 τὴν
1578 3438 1741 3509 φύσιν
1779 3439 1869 3497 ὅτε

289 3535 557 3588 τάττεται
604 3534 666 3587 τὸ
716 3553 733 3585 ι
777 3531 977 3599 καθὼς,
1015 3551 1033 3582 ι
1095 3534 1155 3587 οὐ
1195 3533 1413 3597 πάντως
1464 3531 1879 3603 ἀπαράλλακτον

291 3629 436 3698 ἡμῖν
463 3625 702 3696 εἰσφέρει
732 3625 830 3696 τὴν
860 3625 1103 3694 ἰσότητα,
1133 3625 1427 3696 ὁμοιότητα
1453 3623 1511 3677 δὲ
1539 3623 1737 3694 μᾶλλον
1786 3622 1881 3677 καὶ

287 3718 635 3789 είκονισμὺν,
666 3717 742 3782 ὼς
774 3717 869 3771 καὶ
902 3716 1054 3770 αὐτοὶ
1078 3716 1443 3788 προλαϐόντες
1467 3714 1877 3787 ὡμολογήκατε.

286 3814 429 3867 Ἐπὶ
485 3812 542 3865 δὲ
596 3811 703 3864 τῶν
762 3809 1011 3881 ἀλλήλοις
1056 3808 1196 3863 κατὰ
1249 3809 1429 3863 πάντα
1484 3809 1881 3879 προσεοικότων

284 3903 461 3976 εἴπερ
509 3903 681 3973 ὁρῷτο
735 3901 910 3968 τεθὲν,
953 3901 1046 3956 καὶ
1086 3901 1307 3971 ἰσότητα
1360 3900 1457 3971 τὴν
1511 3900 1569 3953 ἑν
1619 3892 1752 3954 πᾶσι
1787 3900 1883 3954 καὶ

281 3996 593 4065 ὁμοιότητα
629 3993 798 4066 δηλοῖ,
847 3993 940 4047 καὶ
988 3993 1041 4046 εί
1082 4010 1134 4047 τι
1169 3992 1376 4056 τούτοις
1405 3991 1593 4064 ἕτερον
1640 3992 1883 4046 ἰσοδυνα-

285 4086 442 4160 μοῦν
464 4085 798 4157 εὑρίσκεται.
827 4080 950 4137 υἷόν
981 4084 1193 4154 τίφημι
1215 4101 1228 4115 ο
1255 4083 1522 4155 Λαμπρὸς
1573 4084 1669 4154 μὲν
1697 4085 1726 4137 6
1761 4085 1882 4137 κατ’

276 4177 534 4249 οὐρανόν
567 4179 714 4229 ἐστιν
741 4175 912 4245 ἥλιος,
942 4174 1192 4247 λαμπρὸς
1211 4174 1268 4229 δὲ
1287 4175 1491 4245 ὁμοίως
1520 4175 1616 4228 καὶ
1664 4176 1692 4229 6
1718 4174 1885 4246 γῆθεν

278 4274 570 4343 ἄργυρος,
604 4267 717 4321 ἀλλ’
742 4269 775 4337 ἡ
810 4267 907 4338 μὲν
938 4267 1097 4337 φύσις
1122 4267 1229 4322 τῶν
1254 4268 1562 4341 εἰρημένων
1602 4268 1883 4341 διάφορος.

282 4359 551 4419 Νοεὶσθω
579 4358 635 4410 δέ
656 4376 736 4421 τις
760 4359 920 4426 τυχὸν
946 4357 1053 4411 τῶν
1068 4359 1161 4411 ἐπὶ
1188 4358 1291 4429 γῆς
1316 4358 1729 4433 πλουσίων,τοῖς
1759 4361 1882 4429 κατ’

1979 3275 2064 3322 est
2098 3267 2181 3322 vis
2216 3266 2364 3321 illius
2403 3263 2664 3320 dictionis
2696 3283 2714 3315 ι
2757 3265 2926 3331 sicut,
2971 3282 2995 3318 ι
3037 3278 3107 3319 ne
3147 3262 3452 3317 adversarii
3483 3262 3570 3317 ni-

1979 3357 2123 3412 mios
2154 3356 2262 3411 sibi
2289 3356 2521 3426 spiritus
2550 3360 2860 3411 assumant.

2050 3447 2240 3519 Igitur,
2276 3461 2401 3502 cum
2437 3447 2527 3502 illa
2556 3432 2747 3510 dictio,
2796 3466 2813 3499 ι
2851 3446 3018 3511 sicut,
3059 3466 3078 3498 ι
3130 3444 3199 3502 de
3232 3456 3433 3501 natura
3465 3444 3556 3501 di-

1980 3540 2156 3597 versis
2181 3537 2431 3606 eﬂ'ertur,
2462 3547 2596 3593 tunc
2626 3554 2735 3592 non
2769 3536 3141 3593 omnimodam
3165 3538 3557 3609 aequalitatem,

1982 3634 2077 3688 sed
2108 3631 2532 3688 similitudinem
2569 3631 2754 3702 potius
2793 3639 2849 3687 et
2900 3631 3191 3701 imaginem
3256 3631 3566 3701 significat,

1981 3730 2042 3777 ut
2068 3731 2123 3778 et
2146 3722 2252 3794 ipsi
2295 3721 2452 3792 prius
2481 3720 2729 3777 confessi
2763 3722 2921 3777 estis.
2948 3721 3106 3788 Quod
3131 3722 3174 3778 si
3203 3721 3270 3776 de
3296 3722 3363 3777 iis
3388 3721 3573 3791 posita

1981 3813 2230 3869 videatur
2261 3828 2385 3884 quae
2421 3811 2795 3868 omnimodam
2854 3812 2999 3868 inter
3031 3829 3090 3868 se
3145 3813 3577 3868 similitudinem»

1983 3906 2211 3975 habent,
2249 3913 2305 3961 et
2333 3906 2705 3976 aequalitatem
2739 3905 2795 3959 in
2827 3906 3105 3970 oumibus,
3130 3917 3185 3959 et
3238 3905 3560 3960 similitudi-

1984 4012 2106 4052 nem
2133 3996 2428 4067 signilicat,
2447 4003 2501 4051 et
2525 3996 2573 4051 si
2604 3994 2735 4066 quid
2761 3994 2851 4049 his
2873 3995 3018 4049 aliud
3049 3992 3330 4063 cujusdam
3348 3992 3573 4047 virtutis

1983 4089 2276 4160 reperitur.
2324 4086 2577 4159 Exempli
2634 4087 2853 4158 gratia:
2890 4089 2973 4143 sol
3034 4087 3089 4140 in
3120 4087 3261 4140 coelo
3320 4086 3486 4157 nitet,
3513 4093 3573 4139 et

1985 4186 2273 4250 argentum
2311 4178 2383 4235 de
2405 4189 2556 4235 terra
2588 4180 2884 4235 similiter:
2919 4176 3015 4233 sed
3068 4177 3212 4231 inter
3272 4192 3332 4232 se
3369 4185 3562 4232 natura

1985 4266 2323 4341 discrepant.
2359 4268 2664 4341 Fingamus
2691 4278 2875 4325 autem
2923 4269 3160 4338 aliquem
3197 4268 3415 4323 divitem
3447 4267 3567 4321 suis

1985 4360 2304 4418 domesticis
2338 4361 2530 4417 forsan
2556 4360 2782 4416 dicere:
2818 4358 3046 4430 Fulgeat
3086 4364 3371 4429 argentum
3420 4358 3564 4413 sicut

282 4450 457 4507 οἷκον
484 4449 745 4511 οἰκέταις,
786 4448 1087 4517 Λαμπέτω,
1122 4447 1314 4517 λέγων,
1345 4450 1373 4501 6
1401 4450 1667 4521 ἄργυρος,
1705 4450 1879 4515 καθὼς

1991 4454 2073 4510 sol
2101 4471 2118 4522 ;
2145 4453 2271 4523 jure
2307 4453 2534 4522 quidem
2596 4459 2711 4507 tum
2747 4451 2999 4507 dicemus
3058 4450 3340 4504 materiam
3391 4456 3565 4502 terre-

282 4543 399 4598 καὶ
420 4542 449 4593 6
470 4540 641 4612 ἥλιος·
670 4542 727 4593 ἐν
754 4538 928 4610 τούτῳ
962 4539 1026 4611 δὴ
1058 4539 1205 4610 μάλα
1246 4539 1467 4604 δικαίως
1513 4542 1615 4594 οὐκ
1655 4543 1735 4605 εἰς
1772 4540 1884 4613 ,τὴν

285 4638 430 4706 ῐσην
476 4632 790 4687 ἀναὸαίνειν
844 4631 1206 4703 λαμπρότητα
1240 4630 1318 4702 τῷ
1545 4632 1645 4703 τὴν
1682 4634 1747 4687 ὲκ
1782 4634 1885 4706 γῆς

282 4727 437 4795 ὕλην
462 4723 663 4794 φαμὲν,
695 4722 811 4777 ἀλλ’
840 4723 919 4785 είς
937 4719 1194 4792 ὁμοίωσίν
1216 4736 1341 4774 τινα
1416 4723 1511 4774 καὶ
1562 4722 1883 4794 ἐμφέρειαν,

279 4815 398 4870 καὶ
420 4817 468 4868 εί
490 4816 708 4886 φέροιτο
729 4815 848 4868 κατ’
882 4813 1048 4866 αὐτοῦ
1076 4812 1137 4867 τὸ
1177 4831 1195 4865 ι
1230 4812 1435 4877 καθὼς.
1482 4835 1501 4868 ι
1550 4815 1758 4889 Πέτρου
1801 4816 1881 4881 δὲ,

276 4908 397 4963 καὶ
420 4906 665 4961 Ἰωάννου
697 4907 857 4977 τυχὸν
877 4905 986 4960 τῶν
1008 4905 1181 4974 ἁγίων
1211 4905 1474 4976 μαθητῶν
1520 4908 1878 4981 παρενεχθέν-

269 5016 413 5057 των
445 5000 524 5061 είς
551 4999 731 5068 μέσον,
760 5001 808 5053 οἳ
838 5002 932 5054 καὶ
964 4999 1042 5071 τῷ
1070 4999 1172 5069 τῆς
1220 4998 1437 5080 φύσεως
1474 5000 1636 5070 λόγῳ,
1686 5002 1778 5055 καὶ
1808 5005 1873 5074 τῇ

271 5092 388 5152 εἰς
431 5086 562 5140 Θεὸν
594 5089 841 5159 εὐσεϐείᾳ
859 5091 954 5160 τῆς
986 5090 1121 5161 πρὸς
1140 5090 1402 5161 ἀλλήλους
1421 5090 1679 5162 ἀκριϐοῦς
1699 5094 1888 5163 ὁμοιόο.

265 5195 466 5250 τητος
495 5178 595 5232 οὐκ
624 5178 1109 5248 άπολιμπάνονται,
1156 5180 1402 5251 τετάχθω
1446 5181 1508 5234 τὸ
1558 5200 1576 5232 ι
1616 5182 1816 5246 καθὼς,
1855 5204 1873 5235 ι

267 5269 552 5339 λέγοντός
569 5285 717 5334 τινος
743 5268 871 5340 περ)⁵
892 5271 1093 5335 αὐτῶν,
1123 5270 1198 5335 ὡς
1235 5274 1293 5325 ὲν
1310 5271 1672 5344 ὑποκειμένῳ·
1709 5275 1880 5345 Τιμά-

272 5360 420 5414 σθω
458 5356 609 5428 παρὰ
636 5358 855 5411 πάντων
883 5359 1160 5429 Ἰωάννης,
1205 5361 1388 5423 καθὼς
1435 5362 1530 5415 καὶ
1565 5364 1594 5414 6
1637 5362 1875 5434 Πέτροςο

268 5449 414 5520 ἄρα
440 5448 502 5501 τὸ
544 5470 562 5500 ι
596 5448 779 5513 καθὼς
822 5468 842 5501 ι
871 5450 1126 5519 άτονήσει
1160 5449 1320 5503 πάλιν
1353 5452 1432 5513 είς
1459 5451 1520 5504 τὸ
1556 5453 1630 5522 μὴ
1658 5453 1767 5508 δεῖν
1791 5458 1877 5508 ἐπ’

268 5541 507 5612 ἀμφοῖν
545 5539 639 5609 τὴν
669 5539 789 5610 ἴσην
817 5541 1045 5608 ἄγεσθαι
1091 5543 1287 5611 τιμήνς
1352 5541 1491 5594 Ἀλλ’
1525 5543 1622 5596 οὒκ
1667 5544 1750 5610 ἂν,
1808 5542 1877 5600 οἷ·

1988 4553 2154 4600 strem
2186 4544 2254 4599 ad
2285 4545 2551 4614 aqualem
2576 4559 2699 4598 cum
2733 4544 2850 4600 sole
2886 4542 3239 4613 splendorem
3270 4556 3378 4595 non
3409 4555 3567 4595 acce-

1988 4634 2139 4702 dere,
2175 4634 2271 4691 sed
2294 4634 2368 4689 ad
2407 4633 2828 4691 similitudinem
2858 4632 3156 4705 quamdam
3208 4639 3261 4685 et
3310 4630 3566 4699 clligiem,

1986 4728 2204 4783 etiamsi
2238 4729 2303 4783 de
2342 4727 2464 4797 ipso
2498 4726 2761 4783 eﬁ'eratur
2791 4727 2883 4782 illa
2916 4726 3107 4787 dictio,
3144 4744 3162 4774 ι
3201 4723 3363 4779 sicut.
3410 4742 3428 4773 ι
3491 4721 3566 4776 De

1985 4818 2149 4874 Petro
2183 4833 2310 4872 vero
2337 4827 2388 4872 et
2422 4817 2638 4874 Joanne
2676 4819 2886 4874 sanctis
2917 4816 3212 4886 discipulis
3234 4854 3248 4879 ,
3289 4815 3385 4885 qui
3433 4831 3559 4870 cum

1988 4921 2196 4967 natura
2224 4910 2458 4973 ratione,
2516 4917 2631 4963 tum
2696 4911 2899 4981 pietate
2959 4911 3011 4963 in
3050 4908 3219 4964 Deum
3258 4909 3561 4978 perfectam

1986 5005 2132 5058 inter
2160 5018 2220 5057 se
2253 4999 2665 5057 similitudinem
2691 5002 2918 5066 habent,
2948 5000 3206 5056 efferatur
3242 5001 3335 5055 illa
3367 5001 3559 5057 dictio.

1994 5115 2010 5147 ι
2053 5095 2218 5157 sicut,
2258 5113 2276 5144 ι
2312 5100 2368 5147 et
2414 5093 2561 5148 dicat
2590 5093 2887 5164 quispiam,
2924 5092 3158 5163 exempli
3207 5107 3372 5147 causa
3406 5110 3419 5145 :
3456 5089 3562 5141 llo-

1990 5196 2214 5239 noretur
2244 5184 2312 5239 ab
2346 5183 2610 5238 omnibus
2654 5182 2898 5238 Joannes
2938 5182 3086 5237 sicut
3125 5192 3178 5237 et
3211 5181 3446 5243 Petrus;
3490 5194 3557 5228 an

1986 5274 2077 5327 illa
2108 5273 2300 5335 dictio,
2331 5293 2348 5323 ι
2392 5275 2559 5332 sicut,
2600 5290 2618 5321 ι
2654 5272 2972 5342 neutiquam
3008 5269 3344 5340 signiﬁcabit
3381 5279 3563 5330 aequa-

1986 5366 2091 5420 lem
2127 5365 2346 5431 utrique
2378 5380 2500 5420 esse
2533 5363 2885 5419 tribuendum
2922 5362 3086 5445 228
3121 5356 3421 5413 honorem?
3452 5352 3556 5408 Sed

1984 5471 2166 5521 nemo,
2205 5461 2262 5507 ut
2310 5470 2452 5518 reor,
2499 5455 2643 5509 istud
2682 5454 2921 5510 dixerit:
2978 5451 3117 5504 nihil
3165 5446 3311 5502 enim
3351 5444 3559 5501 videbit

1987 5545 2129 5616 quod
2168 5546 2456 5617 prohibeat
2489 5547 2533 5601 si
2592 5545 2732 5597 ratio
2775 5538 3194 5611 significationis
3256 5542 3552 5607 spectetur.

415 5719 460 5748 ⁵⁵⁵
501 5718 610 5773 lum
644 5718 803 5776 Mich.
830 5738 908 5785 ιιι,
941 5724 993 5776 9.
1075 5724 1115 5754 ’δ
1155 5722 1287 5778 Luc.
1326 5738 1393 5786 ri,
1432 5722 1517 5775 3G.
1593 5721 1637 5753 ⁵⁸
1681 5718 1837 5777 Jouu.
1870 5740 1879 5775 ι

1990 5765 2003 5790 ,
2039 5722 2128 5776 "25.
2209 5722 2251 5753 ⁵⁷
2289 5720 2522 5798 Philipp.
2562 5733 2662 5782 ιιι,
2706 5722 2781 5772 “2-
2817 5720 2989 5786 Δίιος.
3022 5732 3155 5781 xxii,
3190 5715 3275 5770 l5.
