4078 6262
340 338 445 398 575

1364 370 1371 373 -
1399 340 1466 395 IN
1494 340 1788 399 JOANNIS
1824 340 2313 416 EVANGELIUMZ
2344 340 2449 400 Lit}
2516 344 2573 403 Δ.

3466 352 3577 407 375

340 453 592 525 θεότητος
626 454 792 526 ὅρων,
832 453 890 507 ἐν
936 453 1044 524 ίδίᾳ
1074 453 1181 508 τινὶ
1222 453 1382 523 φύσει
1425 457 1518 511 καὶ
1551 458 1770 530 ἑτεροίᾳ
1801 457 1904 513 κεί-

2016 458 2334 517 diﬂ'erentes
2364 471 2590 517 naturas
2629 475 2724 517 eos
2756 461 3074 532 partientes,
3115 469 3168 516 et
3195 477 3350 517 suam
3379 463 3577 533 cuique
3606 476 3624 495 ι

338 560 535 613 μενος,
566 543 602 613 ἢ
647 545 705 597 ὲν
742 538 885 617 ᾖπέρ
927 544 1074 598 ἐστιν
1105 545 1134 596 6
1174 543 1399 617 Πατήρς
1453 546 1772 619 Ἀδικοῠμεν
1816 548 1901 616 δὲ,

339 634 484 688 κατά
510 634 574 688 τὸ
598 635 767 699 εἰκὸς,
795 637 872 699 εἰς
891 634 985 688 ἕνα
1006 634 1260 706 θεότητος
1279 637 1701 703 ἀναϐιϐάζοντες
1728 639 1904 709 λόγον,

340 727 441 792 τῆς
478 726 638 793 ἁγίας
679 726 901 797 Τριάδος
944 726 1043 799 τὴν
1089 726 1356 791 σύνταξιν.
1400 729 1548 783 Ἔδει
1603 730 1707 799 γὰρ
1730 769 1745 794 ,
1799 730 1907 784 ἔδει

344 814 526 869 λοιπὸν
572 820 890 888 προσκυνεῖν
925 817 1025 888 μὲν
1050 820 1197 890 ἡμᾶς
1235 820 1319 893 ὡς,
1344 819 1478 875 Θεὸν
1522 821 1613 874 τὸν
1659 821 1904 892 Πατέρα,

344 905 498 970 δόξαν
533 906 588 960 δέ
625 923 747 960 τινα
790 907 953 963 πάλιν
997 910 1135 964 ἰδίαν
1166 910 1583 982 ἀπονέμειν.τῷ
1620 911 1736 984 Υἰῷ
1811 913 1907 975 καὶ

344 998 422 1068 τῷ
460 998 761 1069 Πνεύματι,
807 1000 882 1064 ὡς
908 1001 990 1064 εἰς
1020 1002 1307 1074 διαφόρους
1338 1003 1770 1075 κατασχίζοντας
1806 1005 1907 1074 φύ-

344 1106 473 1155 σεις,
513 1092 605 1145 καί⁸
631 1091 764 1145 [διον
788 1094 1006 1167 ἑκάστῳ
1038 1095 1131 1148 τὸν
1155 1095 1251 1148 τοῦ
1281 1095 1397 1160 ἰιιῖις
1431 1099 1548 1150 ἐστι
1572 1097 1906 1168 διορίζοντας

339 1182 492 1251 λόγον
515 1197 528 1212 ⁶
554 1182 668 1237 ἀλλ’
691 1184 789 1238 ἕνα
815 1185 948 1240 Θεὸν
975 1188 1107 1257 ἡμῖν
1135 1188 1192 1241 αἰ
1210 1187 1351 1242 θεῖαι
1387 1189 1750 1260 πρεσϐεύουσι
1769 1191 1906 1262 Γρα-

337 1273 456 1342 φαί,
480 1274 570 1328 τὸν
592 1275 720 1329 Υἰδν
749 1276 830 1347 τῷ
849 1278 1024 1350 Πατρί
1049 1279 1225 1333 καὶτὸ
1244 1279 1468 1352 Πνεῦμα
1490 1282 1901 1347 συντάττουσαι,

334 1365 411 1428 ὡς
431 1365 520 1420 διὰ
538 1368 635 1438 τῆς
655 1368 946 1434 οὐσιώδους
972 1372 1067 1425 καί
1093 1372 1514 1442 ἀπαραλλάκτου
1546 1374 1899 1445 ταυτότητος,

336 1459 416 1520 εἰς
459 1456 557 1512 ἕνα
600 1457 856 1527 θεότητος
914 1459 1323 1531 ἀναφερομένης
1373 1461 1528 1532 λόγον
1586 1463 1685 1534 τῆς
1741 1464 1904 1533 ἁγίας

335 1547 586 1617 Τριάδος.
624 1548 741 1601 Οὐκ
759 1546 867 1618 ἀρα
899 1548 1014 1601 ἐστὶ
1047 1550 1146 1619 τῆς
1168 1549 1262 1603 τοῦ
1292 1551 1655 1621 Γεννήσαντος
1684 1552 1902 1623 φύσεως

335 1636 615 1709 ἀλλότριος
642 1639 672 1691 6
692 1638 1021 1708 Μονογενὴς,
1054 1640 1168 1693 ἀλλ’
1193 1642 1303 1694 οὐδ’
1331 1641 1397 1696 ἂν
1424 1643 1558 1707 ὅλως
1576 1643 1702 1708 Υἰὺς
1723 1644 1903 1715 ὐπάρ⁴

278 1722 286 1743 ’
337 1747 448 1800 χων
467 1732 640 1784 νοοῖτο
656 1730 798 1784 κατά
818 1731 1095 1803 ἀλήθειαν,
1132 1733 1182 1785 εἰ
1221 1732 1296 1804 μὴ
1318 1735 1382 1787 ὲκ
1401 1734 1502 1802 τῆς
1520 1733 1615 1788 τοῦ
1651 1735 1902 1798 τεκόντος

2010 551 2231 605 essendi
2281 551 2551 606 rationem
2611 552 2936 607 tribuentes.
2992 552 3158 621 Atqui
3210 566 3377 605 unum
3418 554 3575 608 nobis

2011 639 2179 694 Deum
2215 641 2409 695 divinae
2465 632 2767 711 Scriptura!
2822 642 3143 711 praedicant.
3198 641 3394 695 Filium
3450 657 3573 695 cum

2008 730 2169 787 Patre
2199 738 2253 788 et
2283 731 2550 803 Spiritum
2585 732 2943 797 collocautes,
2985 732 3147 802 quasi
3195 747 3290 802 per
3317 732 3575 786 substan-

2006 823 2191 877 tialem
2221 830 2276 879 et
2306 822 2680 877 omnimodam
2715 822 3058 878 identitatem
3087 829 3277 877 sancta
3310 820 3577 881 Trinitate

2009 911 2063 966 in
2101 927 2260 988 unajn
2289 912 2508 969 deitatis
2548 912 2748 968 collata
2778 911 3066 967 rationem.
3118 911 3240 965 Non
3270 917 3351 965 est
3382 925 3511 979 ergo
3546 926 3576 962 a

2006 1012 2207 1058 natura
2239 1002 2516 1060 Geuitoris
2545 1003 2757 1059 alienus
2781 1000 3135 1074 Unigenitus,
3170 1001 3268 1058 sed
3315 1017 3416 1057 nec
3451 1017 3537 1055 om
3557 1029 3574 1041 -
3607 999 3611 1003 ’

2006 1095 2138 1150 nino
2169 1093 2343 1151 Filius
2381 1110 2504 1152 esse
2530 1110 2719 1150 revera
2762 1096 3077 1152 censebitur
3106 1096 3152 1149 si
3198 1109 3265 1150 ex
3298 1091 3576 1148 Genitoris

2006 1186 2314 1242 substantia
2352 1202 2463 1261 non
2495 1185 2743 1253 ell'ulsit;
2778 1201 2877 1241 nec
2904 1188 3049 1242 enim
3075 1186 3181 1240 alia
3207 1195 3291 1240 est
3318 1185 3372 1238 in
3403 1184 3576 1238 omni-

2005 1277 2110 1332 bus
2147 1293 2292 1333 νει-ω
2326 1278 2607 1351 liliationis
2634 1279 2884 1334 deﬁnitio
2923 1294 2987 1333 ac
3026 1275 3242 1332 modus.
3297 1274 3355 1330 Si
3395 1283 3575 1329 autem

2004 1367 2175 1424 Filius
2206 1383 2314 1423 non
2345 1376 2454 1435 est,
2504 1370 2759 1440 sequitur
2818 1380 2876 1423 ut
2912 1384 2979 1425 ne
3011 1368 3169 1423 Pater
3225 1366 3447 1437 quidem
3503 1367 3578 1421 sit

2003 1460 2168 1513 etiam
2201 1459 2363 1515 Deus.
2406 1459 2689 1525 Quomodo
2748 1475 2884 1530 ergo
2918 1475 3083 1515 verax
3105 1457 3211 1513 erit
3265 1456 3469 1512 Paulus
3502 1457 3574 1511 de

2003 1549 2124 1620 ipso
2155 1549 2344 1606 dicens
2374 1569 2388 1604 :
2421 1569 2440 1602 ι
2467 1551 2545 1606 Ex
2578 1566 2688 1620 quo
2717 1553 2903 1605 omnis
2937 1549 3241 1620 paternitas
3264 1549 3318 1603 in
3347 1549 3488 1604 σαειο
3524 1560 3579 1604 et

2006 1644 2061 1698 in
2118 1650 2264 1698 terra
2303 1643 2619 1699 nominatur
2641 1643 2708 1695 ‘°.
2751 1662 2772 1696 ι
2810 1641 2944 1696 Nam
3004 1643 3049 1696 si
3088 1655 3197 1695 non
3256 1640 3449 1711 genuit
3508 1655 3577 1695 ex

2005 1736 2190 1805 seipso
2226 1734 2408 1788 divina
2439 1736 2651 1790 ratione
2682 1734 2903 1796 Filium,
2933 1732 3210 1803 quomodo
3240 1731 3294 1785 in
3340 1732 3461 1800 ipso
3493 1740 3579 1785 est

336 1819 640 1890 ἐξέλαμψεν
658 1821 876 1885 οὐσίας·
906 1821 1144 1885 τοιοῦτος
1179 1803 1311 1894 γὰρ,
1362 1825 1456 1877 καὶ
1491 1826 1591 1895 οὐχ
1626 1825 1811 1897 ἔτερος
1845 1825 1903 1879 ὲν

2007 1803 2350 1896 paternitatis
2381 1826 2625 1889 initium,
2653 1825 2802 1895 quod
2834 1840 2931 1894 per
2961 1823 3323 1878 imitationem
3359 1821 3428 1876 ad
3477 1836 3573 1875 eos

341 1912 509 1964 πᾶσιν
536 1913 565 1965 6
596 1911 697 1982 τῆς
727 1912 964 1983 ἀληθοῦς
995 1912 1239 1984 υἰότητος
1279 1915 1403 1986 ὄρος
1453 1933 1514 1969 τε
1557 1917 1651 1970 καὶ
1682 1917 1900 1988 τρόπος.

343 2003 474 2056 Υἰοῦ
495 2003 568 2056 ’δὲ
582 2005 691 2058 οὐκ
718 2004 889 2072 ὄντος,
920 2006 1442 2077 συναναιρεθήσεται
1477 2009 1691 2072 πάντως
1729 2009 1905 2063 καὶτὸ

341 2089 480 2147 εἶναι
510 2095 729 2166 Πατέρα
755 2096 848 2151 τὸν
877 2097 1032 2151 Θεόν.
1063 2098 1189 2163 Πῶς
1216 2094 1309 2153 οὖν
1340 2098 1631 2170 ἀληθεύσει
1673 2100 1845 2170 λέγων
1874 2104 1903 2156 ό

337 2184 547 2248 Παῦλος
601 2188 728 2258 περὶ
769 2188 935 2242 αὐτοῦ
959 2227 974 2254 ,
1007 2209 1026 2243 ι
1061 2191 1150 2258 Ἐξ
1199 2186 1260 2245 οὗ
1295 2192 1446 2244 πᾶσα
1496 2192 1700 2263 πατριά
1743 2193 1801 2248 ἐν
1841 2211 1902 2247 τε

332 2272 565 2344 οὐρανῷ,
586 2275 679 2327 καὶ
706 2275 800 2329 ὲπί
817 2277 923 2347 γῆς
954 2279 1295 2348 όνομάζεται;
1326 2298 1345 2330 ι
1379 2280 1443 2333 Εἰ
1473 2279 1581 2352 γάρ
1617 2282 1689 2352 μὴ
1713 2283 1901 2351 γεγέν-

332 2380 497 2432 νηκεν
527 2363 587 2428 ἐξ
614 2366 810 2420 ἑαυτοῦ
844 2368 1164 2442 θεοπρεπῶς
1197 2373 1291 2426 τὸν
1330 2373 1480 2440 Υἰὸν,
1513 2375 1632 2439 πῶς
1669 2378 1727 2430 ὲν
1752 2376 1903 2448 αύτῷ

331 2457 431 2524 τῆς
459 2454 849 2530 πατρότητοςὴ
880 2460 1020 2532 ἀρχὴ
1052 2461 1315 2536 διήκουσα
1354 2466 1497 2521 κατά
1539 2467 1772 2539 μίμησιν
1805 2468 1901 2522 ὲπί

331 2560 392 2597 τε
432 2547 561 2610 τοὺς
604 2548 760 2614 ὄντας
798 2552 858 2606 ὲν
887 2553 1101 2625 οὐρανῷ
1171 2556 1266 2609 καὶ
1304 2557 1398 2610 ἐπὶ
1438 2558 1539 2628 τῆς
1576 2559 1711 2629 γῆς;
1758 2560 1900 2615 Ἀλλ’

331 2635 450 2689 ἔστι
497 2637 684 2710 Πατὴρ
732 2643 853 2696 κατ’
898 2644 1154 2715 ἀλήθειαν
1193 2649 1222 2701 6
1252 2647 1416 2713 Θεός’
1454 2649 1584 2714 Υίὺς
1621 2650 1726 2721 ἀρα
1758 2652 1902 2707 κατὰ

333 2723 495 2791 φύσιν
522 2726 551 2778 6
578 2727 911 2800 Μονογενὴς,
953 2731 1084 2786 εἰσω
1121 2733 1183 2787 τέ
1225 2734 1342 2798 πώς
1362 2737 1479 2789 ἐστι
1501 2737 1611 2791 τῶν
1638 2739 1737 2809 τῆς
1756 2739 1898 2794 ’θεός

332 2831 496 2884 τητος
519 2817 681 2888 ὅρων.
710 2818 843 2883 Θεὸς
867 2821 976 2894 γὰρ
1000 2824 1065 2876 ἐκ
1103 2823 1238 2877 Θεοῦ
1277 2826 1617 2898 τεχθήσεται,
1649 2830 1899 2904 καθάπερ

330 2906 425 2963 οὖν
450 2911 734 2984 ἄνθρωπος
756 2914 814 2982 ἐξ
829 2916 1119 2988 ἀνθρώπου
1138 2921 1318 2991 τυχὸν,
1342 2923 1438 2977 καὶ
1458 2924 1519 2978 οὑ
1549 2926 1898 2998 διαψεύσεται

333 3001 426 3055 τοῦ
456 3002 591 3057 Θεοῦ
615 3006 708 3059 καὶ
734 3008 944 3078 Πατρὸς
969 3010 1088 3080 ήτά
1113 3011 1289 3078 πᾴντα
1312 3013 1683 3089 ὑπερκειμένη
1710 3021 1895 3089 φύσις,

2003 1920 2317 1989 quicunque
2349 1919 2405 1974 in
2429 1918 2570 1974 caslo
2599 1925 2653 1973 et
2677 1918 2732 1971 in
2769 1924 2916 1972 terra
2938 1925 3069 1971 sunt
3104 1920 3397 1985 permanat
3423 1912 3447 1965 ἰ
3479 1917 3579 1966 At;

2005 2009 2099 2079 qui
2129 2007 2289 2064 Pater
2331 2020 2519 2063 revera
2550 2013 2636 2062 est
2671 2005 2855 2062 Deus:
2891 2005 3063 2060 Filius
3094 2019 3228 2074 ergo
3276 2001 3581 2059 secundum

2003 2109 2257 2155 naturam
2282 2106 2364 2154 est
2396 2097 2748 2167 Unigenitus,
2779 2105 2834 2151 et
2883 2096 3029 2150 intra
3070 2095 3299 2151 deitatis
3334 2093 3596 2148 rationes-

2004 2191 2361 2246 constitutus.
2390 2189 2609 2259 Alioqui
2660 2189 2806 2243 enim
2860 2187 3004 2243 Deus
3053 2202 3117 2242 ex
3168 2185 3279 2241 Deo
3302 2186 3580 2256 gignetur,

2003 2284 2166 2341 sicuti
2188 2284 2373 2339 forsan
2403 2283 2567 2336 homo
2596 2296 2663 2336 ex
2692 2278 2915 2335 liumine
2944 2297 2958 2345 ;
2988 2293 3174 2348 neque
3231 2286 3413 2331 tamen
3463 2275 3580 2328 fru-

2002 2375 2265 2432 strabitur
2286 2372 2376 2429 Dei
2402 2387 2466 2427 ac
2485 2370 2666 2427 Patris
2688 2385 2903 2426 summa
2932 2371 3021 2426 illa
3048 2378 3265 2433 natura,
3299 2367 3576 2437 gignendo

2002 2466 2172 2522 fetum
2206 2476 2548 2533 nequaquam
2580 2460 2684 2517 sibi
2707 2461 3153 2516 convenientem;
3179 2458 3287 2514 Sed
3307 2457 3577 2528 quoniam

2002 2561 2171 2617 stulte
2202 2566 2257 2615 et
2310 2558 2478 2628 impie
2512 2556 2817 2628 praedicant
2872 2554 2965 2619 Dei
3002 2569 3067 2608 ac
3101 2552 3285 2607 Patris
3325 2560 3576 2605 naturam

1999 2649 2226 2704 minime
2252 2648 2377 2703 laedi
2413 2648 2467 2702 in
2488 2646 2665 2711 'Filio,
2709 2646 2798 2700 cui
2826 2646 3011 2701 minus
3041 2658 3285 2717 congrua
3322 2645 3390 2696 ab
3440 2659 3579 2696 non-

1999 2741 2164 2797 nullis
2191 2740 2364 2811 gloria
2400 2740 2698 2803 tribuatur,
2721 2737 2961 2807 sedjure
2991 2737 3187 2791 merito
3216 2736 3403 2807 potius
3434 2733 3578 2788 indi—

2000 2834 2173 2907 gnari,
2189 2832 2332 2902 quod
2357 2833 2412 2885 in
2431 2831 2550 2899 ipso
2573 2829 2868 2899 imaginem
2888 2843 3041 2882 suam
3064 2835 3432 2896 contemptam
3461 2840 3586 2879 cer-

1998 2921 2499 2994 nat,interrog:rndi
2532 2927 2664 2976 sunt
2701 2914 3203 2988 demum,quonam
3230 2924 3391 2987 pacto
3415 2917 3609 2970 velint‘

1998 3017 2287 3088 imaginem
2308 3014 2484 3069 Patris
2503 3026 2624 3068 esse
2657 3025 2721 3065 ac
2762 3008 2931 3065 diciF
2939 3009 3113 3063 ilium.
3141 3008 3246 3062 Sed
3264 3006 3577 3076 responsio-

332 3092 423 3188 τὸν
456 3093 593 3188 iriiri;
630 3095 704 3167 μὴ
731 3096 1009 3167 πρέποντα
1041 3099 1275 3154 τεκοῦσα
1302 3104 1535 3175 καρπόν.
1580 3107 1798 3177 Ἐπειδὴ
1838 3112 1894 3165 δὲ

2007 3125 2119 3166 nem
2132 3109 2523 3180 praeveniamus
2534 3103 2813 3175 230ipsi
2835 3103 3039 3173 potius,
3057 3113 3111 3156 et
3135 3099 3435 3170 imaginum
3456 3113 3586 3167 spe-

330 3178 608 3244 δυσσεϐῶς
636 3199 695 3235 τε
730 3184 825 3237 καὶ
853 3185 1094 3257 ἀνοήτως
1122 3188 1372 3255 φασὶν,οὐ
1395 3194 1494 3263 τὴν
1522 3193 1615 3247 τοῦ
1640 3195 1775 3250 Θεοῦ
1803 3200 1898 3253 καὶ

2007 3178 2331 3270 εἱθεξίιιιοεό
2352 3196 2464 3252 ﬁeri
2488 3203 2685 3265 potest,
2705 3195 2861 3265 prius
2876 3194 3276 3262 distinguamus
3300 3207 3313 3255 ;
3336 3190 3413 3244 sic
3432 3190 3576 3242 enim

333 3271 547 3343 Πατρὺς
591 3271 968 3346 ἐξυϐρίζεσθαι
1020 3276 1179 3345 φύσιν
1220 3279 1278 3332 ἐν
1314 3279 1461 3352 Υἰῷ,
1491 3282 1566 3355 μὴ
1594 3286 1693 3357 τῆς
1726 3305 1896 3357 προσ-

2003 3292 2205 3345 clarior
2222 3296 2275 3343 et
2307 3288 2551 3357 apertior
2563 3284 2747 3338 futura
2763 3291 2849 3338 est
2874 3282 3041 3351 hujus
3063 3280 3385 3352 quaestionis
3419 3279 3585 3331 ratio.

332 3363 574 3431 ηκούσης
617 3366 940 3422 ἀπολαύοντι
986 3371 1141 3442 δόξης
1171 3373 1307 3444 πρός
1344 3391 1527 3429 τινων·
1576 3379 1654 3444 ὠς
1725 3384 1932 3448 εἰκόνος
1969 3386 2025 3439 δὲ
2066 3383 2262 3454 μᾶλλον
2304 3382 2442 3444 ἰδίας
2510 3378 2885 3449 ἡτιμασμένης
2925 3377 2984 3429 ὲν
3024 3360 3173 3445 αύτῷ
3224 3370 3587 3444 χαλεπαίνειν,

331 3459 560 3523 εἰκότως
617 3480 679 3531 γε
721 3464 787 3535 δὴ
835 3464 1095 3520 ποιοῦντα
1164 3469 1257 3522 καὶ
1334 3471 1512 3536 καλῶς
1537 3490 1551 3503 ·

1638 3478 1939 3551 ἐρωτητέον
2011 3480 2246 3542 αὐτοὺς,
2304 3476 2449 3531 κατά
2491 3474 2613 3528 τίνα
2670 3473 2871 3543 τρόπον
2928 3470 3110 3524 εἰκόνα
3168 3469 3441 3539 βούλονται
3487 3466 3605 3520 τοῦ¹

335 3552 551 3617 [ἰατρὸς
589 3549 729 3607 εἰναί
755 3571 815 3607 τε
856 3557 949 3611 καὶ
984 3557 1238 3625 λέγεσθαι
1281 3560 1372 3614 τὸν
1419 3563 1569 3619 Υἰόν.
1636 3549 1852 3623 Μᾶλλον
1877 3571 1935 3625 δὲ
1972 3572 2124 3624 αὐτοὶ
2182 3568 2275 3622 τὸν
2334 3568 2464 3636 παρ’
2517 3564 2727 3619 ἐκείνου
2807 3563 3109 3633 φθάσαντες
3156 3561 3312 3629 λόγον
3364 3558 3585 3630 προδια“

332 3640 646 3725 σξέλλωμεν
715 3645 812 3716 τῆς
882 3649 1088 3713 εἰκόνος
1143 3650 1213 3704 τὰ
1270 3652 1411 3721 εἴδη,
1492 3658 1637 3711 κατά
1695 3677 1759 3729 γε
1785 3663 1908 3715 ’τὸν
1976 3658 2343 3733 ἐγχωροῦνταη
2371 3656 2528 3726 λόγον
2554 3674 2567 3687 ·
2652 3654 2794 3708 ούτω
2860 3654 2969 3724 γὰρ
3030 3653 3094 3707 ἂν
3152 3652 3360 3721 γένοιτο
3406 3652 3585 3720 σαφής

332 3752 394 3788 τε
450 3739 543 3792 καί
573 3739 714 3829 λίαν
766 3741 1155 3816 εύκρινεστέρα
1194 3746 1301 3800 τῶν
1336 3748 1687 3822 ζητουμένων
1734 3759 1767 3827 ἡ
1820 3757 2057 3829 εὕρεσις.
3272 3752 3285 3767 κ

404 3828 613 3883 Οὐκοῦν
645 3832 745 3900 μία
781 3833 877 3902 μὲν
938 3835 1036 3907 ἢδη
1089 3838 1183 3890 καὶ
1215 3838 1403 3909 πρώτη
1444 3843 1544 3913 τῆς
1571 3845 1713 3899 κατά
1745 3828 1909 3916 φύσιν

331 3922 658 3991 ταυτότητας
706 3924 766 3976 ἐν
809 3924 1248 3996 ἀπαραλλάκτως
1295 3934 1409 3995 τοῖς
1461 3932 1745 4005 ίδιώμασιν
1770 3938 1804 4008 ὴ
1833 3941 1909 3992 εἰ-

329 4008 447 4064 κὼν
473 4051 488 4075 ,
521 4011 597 4075 ὡς
629 4012 689 4078 ἐξ
729 4014 896 4086 Ἀδὰμ
936 4018 966 4069 6
999 4018 1188 4083 Ἀϐελ,
1223 4021 1256 4089 ἢ
1308 4022 1493 4077 Ἰσαὰκ
1531 4025 1592 4090 ἐξ
1634 4028 1906 4100 ⁹Δϐριιιάμ.

329 4102 572 4173 Δευτέρα
594 4103 651 4157 δὲ
682 4105 842 4159 πάλιν
877 4108 909 4176 ή
936 4110 1076 4162 κατὰ
1113 4112 1281 4181 μόνην
1305 4114 1402 4185 τὴν
1434 4115 1528 4169 τοῦ
1559 4121 1908 4192 χαρακτῆρος

332 4193 634 4262 ἐμφέρειαν
661 4235 676 4259 ,
727 4196 819 4249 καὶ
862 4196 924 4250 τὸ
967 4199 1193 4269 ἀκριϐὲς
1223 4203 1317 4257 τοῦ
1358 4206 1532 4271 εἴδους
1579 4210 1904 4283 ὲκτύπωμα,

336 4283 642 4356 καθάπερὴ
674 4286 769 4339 τοῦ
804 4288 1066 4355 βασιλέως
1099 4292 1156 4345 ὲν
1187 4292 1327 4366 ξύλῳ
1356 4299 1563 4371 γραφὴ,
1596 4300 1629 4371 ἢ
1657 4302 1751 4355 καὶ
1786 4302 1921 4356 καθ”

336 4375 527 4443 ἕτερόν
580 4391 701 4430 τινα
752 4381 1094 4453 πεποιημένη
1150 4385 1385 4455 τρόπον,
1431 4389 1508 4452 ὡς
1556 4392 1692 4460 πρὸς
1724 4392 1907 4459 αὐτὸν,

339 4465 541 4556 ἀριστά
568 4484 628 4519 τε
673 4470 767 4523 καὶ
804 4471 1212 4543 ὲντεχνέστατα.
1254 4479 1429 4534 Εἰκὼν
1464 4480 1522 4534 δὲ
1558 4483 1724 4554 ἑτέρα
1764 4485 1903 4556 λαμ·

340 4553 561 4607 ϐἀνεται
608 4557 767 4611 πάλιν
821 4561 957 4628 πρὸς
999 4562 1142 4632 ἣθη,
1193 4567 1286 4618 καὶ
1313 4570 1585 4639 τρόπους,
1629 4553 1724 4627 καὶ
1751 4553 1911 4627 πολι-

2082 3848 2266 3917 lgitur
2291 3858 2399 3899 una
2423 3842 2642 3914 quidem
2677 3850 2762 3896 est
2786 3855 2849 3894 ac
2882 3840 3056 3909 prima
3084 3835 3353 3891 naturalis
3381 3831 3586 3887 identi‘

2013 3939 2147 3990 tatis-
2174 3936 2230 3990 in
2283 3931 2712 4005 proprietatibus
2744 3928 2940 3985 iisdem
2976 3928 3187 3995 imago,
3238 3920 3589 3980 sicutiiAbel

2012 4042 2077 4082 ex
2104 4027 2300 4087 Adam,
2332 4032 2427 4078 aut
2452 4023 2605 4077 Isaac
2634 4037 2701 4077 ex
2729 4020 3025 4075 Abraham.
3064 4016 3269 4077 Altera,
3303 4029 3423 4085 qua:
3451 4028 3589 4066 con-

2013 4117 2160 4172 sistit
2190 4116 2244 4169 in
2287 4116 2403 4171 sola
2436 4113 2775 4169 cbaracteris
2801 4111 2996 4181 eﬂlgie,
3054 4118 3103 4162 et
3135 4114 3329 4161 exacta
3392 4104 3587 4158 formae

2011 4211 2382 4283 expressione,
2423 4209 2586 4264 veluti
2613 4208 2757 4278 regis
2791 4207 2844 4260 in
2877 4207 3023 4274 ligno
3054 4202 3296 4272 pictura,
3328 4205 3423 4251 aut
3464 4196 3573 4250 alia

2012 4302 2246 4371 quadam
2278 4301 2490 4355 ratione
2529 4299 2788 4368 praeclare
2808 4302 2862 4349 et
2889 4293 3187 4346 artiﬁciose
3225 4290 3390 4344 facta.
3425 4285 3573 4340 Prat-

2013 4402 2159 4448 terea
2188 4393 2364 4462 imago
2424 4390 2627 4445 dicitur
2688 4393 2942 4455 respectu
2995 4383 3122 4436 vitae
3156 4396 3221 4435 ac
3278 4394 3491 4433 morum
3525 4386 3581 4430 et

2012 4485 2311 4538 voluntatis
2338 4498 2469 4554 erga
2500 4484 2753 4538 virtutem
2782 4491 2846 4529 ac
2876 4477 3238 4533 honestatem.
3272 4485 3337 4524 ac
3365 4468 3527 4525 studii
3565 4486 3576 4520 :

2013 4577 2084 4629 ita
2115 4584 2172 4629 ut
2200 4575 2410 4643 probus
2441 4572 2525 4626 vir
2571 4570 2739 4623 Paulo
2772 4567 2967 4623 similis
2998 4579 3123 4620 esse
3169 4562 3422 4623 dicatur;
3478 4561 3583 4612 im-

336 4643 519 4737 τείαν,
550 4647 644 4737 καί
672 4646 883 4719 θέλημα
910 4649 972 4703 τὸ
1003 4652 1094 4704 έπί
1131 4670 1271 4707 τισιν
1311 4657 1536 4725 ἀγαθοῖς
1577 4662 1609 4733 ἢ
1665 4664 1904 4730 φαύλοις,

2019 4667 2223 4737 probus
2256 4680 2401 4727 vero,
2454 4663 2611 4717 Cain.
2670 4659 2814 4713 idem
2858 4658 3003 4712 enim
3052 4654 3268 4708 virtutis
3321 4660 3416 4706 aut
3467 4651 3582 4704 vitii

335 4732 412 4796 ὡς
446 4736 684 4790 ἐοικέναι
734 4738 990 4808 λέγεσθαι
1022 4742 1185 4812 τυχὸν
1217 4745 1309 4798 τὸν
1339 4747 1438 4817 μὲν
1467 4750 1911 4824 ἀγαθοεργοῦντα

334 4823 410 4894 τῷ
439 4827 655 4918 Παύλῳ,
690 4830 782 4884 τὸν
809 4832 866 4885 δὲ
894 4834 968 4905 μὴ
997 4836 1260 4901 τοιοῦτον,
1292 4838 1370 4909 τῷ
1398 4841 1561 4896 Κάῖν.
1592 4823 1803 4918 Τδίγάρ
1849 4849 1909 4902 ὲν

337 4932 457 5007 τοις,
505 4917 639 4982 ῖσοις
685 4921 914 4991 ὁρᾶσθαι.
965 4924 1191 4993 φαύλοις
1234 4946 1294 4982 τε
1351 4933 1444 4985 καὶ
1495 4917 1779 5003 ἀγαθοῖς,
1808 4939 1908 5007 τὴν

334 5005 595 5096 ὁμοίωσιν
655 5010 875 5096 έκάστῳ
928 5017 1382 5084 πραγματεύεται
1445 5022 1539 5074 καὶ
1565 5005 1907 5096 περιτίθησιν

338 5095 582 5185 εἰκότως.
612 5094 763 5164 Εἶδος
795 5102 851 5155 δέ
884 5122 1002 5169 πως
1032 5108 1240 5172 εἰκόνος
1283 5112 1433 5164 ἐστὶν
1464 5094 1649 5185 ἕτερον
1673 5156 1689 5179 ,
1724 5094 1818 5171 καί
1846 5120 1911 5171 τὸ

338 5185 399 5280 εν
435 5182 743 5280 ἀξιώματι,
796 5193 888 5245 καὶ
918 5198 1052 5266 τιμῇ
1079 5233 1094 5257 ,
1143 5200 1237 5252 καὶ
1273 5200 1400 5272 δόξῃ
1422 5242 1436 5267 ,
1492 5182 1588 5257 καὶ
1641 5208 1903 5280 ὑπεροχῇ,

334 5276 527 5347 ὥσπερ
558 5276 625 5330 ἂν
665 5278 823 5344 εἴτις
861 5285 1019 5353 τυχὸν
1050 5289 1148 5356 τήν
1185 5308 1329 5356 τινος
1374 5267 1553 5365 ἀρχὴν
1589 5267 1901 5368 διαδέᾇοίτό,

335 5368 428 5461 καὶ
455 5368 633 5422 πάντα
656 5369 804 5442 δρῴη
838 5376 954 5443 μετ’
984 5377 1249 5448 ἐξουσίας,
1279 5385 1422 5457 ἅπερ
1441 5389 1507 5441 ἂν
1534 5389 1725 5458 ἐκείνῳ
1752 5408 1907 5461 προτ-

331 5460 459 5553 ﬁmi
484 5477 544 5514 τε
591 5463 687 5516 καὶ
718 5466 937 5534 πρέποι.
966 5470 1144 5525 Εἰκὼν
1174 5475 1231 5527 δὲ
1262 5478 1481 5552 ἑτέρως,
1508 5480 1540 5550 ἢ
1573 5480 1691 5533 καθ’
1714 5460 1903 5553 ἑτέραν

330 5549 458 5603 τινὰ
486 5555 747 5624 ποιότητα
798 5560 1161 5631 πράγματος,
1214 5566 1245 5635 ἢ
1295 5572 1560 5642 ποσότητα
1583 5612 1595 5636 ,
1634 5573 1815 5643 σχῆμὰ
1847 5594 1899 5628 τε

428 5739 470 5767 επ
506 5729 700 5797 Erlu's.
739 5750 792 5787 ιιι
818 5773 831 5795 ,
873 5736 934 5789 1Ξὶ

2014 4757 2255 4812 studimn
2305 4754 2721 4810 similitudinem
2766 4750 3066 4816 unicuique
3114 4748 3243 4816 jure
3305 4744 3581 4799 conciliat.

2015 4848 2112 4902 Est
2139 4858 2191 4902 et
2223 4846 2373 4900 aliud
2412 4843 2819 4929 quodammodo
2849 4858 3021 4911 genus
3053 4838 3326 4908 imaginis.
3358 4837 3500 4906 quod
3530 4837 3583 4889 in

2015 4940 2307 5008 dignitate,
2338 4938 2566 4999 honore,
2627 4937 2797 5005 gloria
2845 4943 2898 4988 et
2944 4931 3267 4987 excellentia
3306 4940 3582 4991 versatur,

2014 5041 2068 5085 ut
2089 5032 2132 5085 si
2152 5032 2298 5099 quis,
2321 5028 2550 5097 exempli
2574 5029 2767 5098 gratia,
2796 5024 3030 5093 alicujus
3058 5022 3586 5093 principatumexci—

2012 5119 2446 5190 piat,omuiaque
2465 5135 2586 5172 cum
2605 5126 2872 5188 potestate
2890 5116 3051 5171 faciat
3069 5131 3188 5185 qua:
3204 5115 3354 5166 illum
3370 5116 3580 5166 decent.

2018 5209 2283 5263 Praeterea
2320 5209 2500 5277 imago
2547 5207 2767 5270 dicitur,
2794 5222 2914 5275 quae
2942 5215 3191 5259 versatur
3222 5204 3274 5255 in
3306 5204 3408 5253 alia
3445 5214 3579 5267 ιμιίι-

2011 5302 2132 5353 «Ιςιιιι
2160 5300 2236 5354 rei
2255 5299 2517 5369 qualitate
2538 5306 2629 5352 aut
2644 5299 2966 5366 quantitate,
2989 5298 3265 5365 ﬁguraque
3283 5299 3336 5342 et
3359 5303 3581 5357 μνημον-

2013 5394 2180 5455 tiune,
2217 5399 2275 5444 ut
2307 5390 2618 5443 summatim
2655 5388 2854 5442 dicam.
2912 5386 3149 5439 Doceaut
3193 5393 3325 5447 ergo
3358 5392 3457 5430 nos
3501 5377 3577 5428 illi

2016 5484 2212 5535 divina:
2266 5481 2519 5548 imaginis
2567 5478 2937 5537 subtilissimi,
2978 5471 3353 5542 inquisitores,
3396 5474 3576 5519 Illrlltn

2014 5575 2229 5630 tandem
2267 5572 2681 5628 substantialem
2732 5579 2778 5623 ct
2832 5567 3130 5622 naturalem
3169 5558 3575 5616 similitudinem
