4078 6262
443 322 548 390 575

1428 323 1486 380 s.
1522 322 1797 382 evrum
1826 294 2293 378 ALEXANDRINI
2330 318 2668 377 ARCHIEP-

3592 314 3692 371 376

447 431 747 505 Unigenito
774 434 1124 492 tribuendam
1152 452 1273 494 esse
1296 445 1512 507 putent,
1544 446 1712 508 atque
1745 436 1823 491 ita
1843 434 2025 492 Patris

2152 437 2222 491 ιαί
2249 436 2543 504 ἀναλογίαν
2562 451 2582 475 ι’
2613 436 2695 489 δεῖ
2718 434 2825 505 γάρ
2849 434 2948 506 ἤδη
2986 432 3289 505 συλλήϐδην
3320 433 3512 486 εἰπεῖν.
3544 431 3701 485 Διδαο

444 528 740 597 imaginem
775 544 900 585 esse
929 529 1115 584 dicant
1147 528 1387 586 Verbum
1425 531 1562 586 illud
1595 528 1745 601 quod
1806 544 1873 585 ex
1903 528 2026 598 ipso

448 619 669 689 prodiit,
696 621 859 676 sicuti
892 622 1155 677 nimirum
1186 622 1318 679 Abel
1352 637 1418 678 ex
1456 622 1653 690 Adam,
1702 620 1795 692 qui
1857 627 2026 675 totam

450 712 507 764 in
539 726 598 766 se
624 709 805 767 Patris
845 719 1030 768 servat
1070 722 1344 779 naturam,
1377 720 1433 768 et
1463 712 1733 782 integram
1770 708 2028 766 humani-

450 802 584 857 tatis
625 802 680 858 in
706 819 766 859 se
802 803 1075 859 rationem
1120 804 1327 860 habet?
1352 803 1434 858 An
1465 819 1610 875 aegre
1638 800 1786 858 istud
1826 799 2027 862 ferent,

454 891 656 962 quippe
683 893 777 964 qui
801 893 969 950 Deum
999 910 1187 951 revera
1213 894 1282 949 de
1304 893 1414 950 Deo
1439 892 1745 950 secundum
1774 898 2029 946 naturam

370 1000 381 1006 ·
454 1000 579 1043 esse
607 984 806 1042 Filium
839 986 1000 1066 fateri
1066 994 1351 1059 cogantur,
1416 1000 1631 1057 suoque
1689 997 1840 1038 more
1903 996 2032 1037 cum

456 1077 689 1134 veritate
719 1087 1050 1151 pugnantes,
1092 1078 1161 1132 ad
1212 1078 1514 1135 secundum
1544 1093 1718 1151 genus
1776 1074 2033 1146 imaginis

460 1185 582 1227 sese
614 1170 931 1235 conferent,
966 1169 1111 1240 quod
1184 1170 1237 1224 in
1284 1170 1401 1225 sola
1454 1168 1655 1233 forma,
1713 1168 2067 1249 charactere.

460 1269 514 1315 et
544 1261 714 1332 ﬁgura
746 1271 1045 1331 spectatur.
1090 1261 1197 1317 Sed
1246 1262 1482 1317 arbitror
1511 1276 1609 1318 eos
1645 1260 1736 1315 hic
1765 1260 2031 1313 haesuros.

408 1376 411 1379 -
459 1350 654 1414 Nemo.
682 1351 827 1408 enim
860 1360 972 1405 tam
1006 1353 1205 1408 stultus
1260 1353 1470 1424 estqui
1519 1354 1623 1410 sibi
1672 1353 1729 1407 in
1790 1352 2034 1407 animum

462 1441 707 1506 inducat,
742 1441 911 1498 Deum
937 1444 1245 1512 quantitate
1271 1452 1365 1498 aut
1392 1444 1566 1515 ﬁgura
1620 1441 2034 1507 circumscribi,

462 1538 516 1585 et
542 1532 860 1586 charactere
888 1532 1300 1602 comprehendi,
1333 1540 1427 1587 aut
1456 1532 1693 1603 denique
1736 1547 1825 1588 res
1855 1530 2038 1586 incor-

462 1636 657 1691 poreas
683 1638 803 1692 qua:
830 1628 1119 1694 corporum
1176 1635 1307 1680 sunt
1351 1624 1485 1695 pati.
1521 1626 1605 1679 An
1656 1640 1787 1696 ergo
1823 1623 2039 1679 ratione

465 1713 633 1769 studii
670 1729 735 1769 ac
778 1730 990 1781 morum
1052 1715 1288 1772 similem
1336 1731 1459 1772 esse
1495 1716 1688 1771 dicunt
1748 1717 1954 1785 ipsum,
1983 1721 2039 1770 et

467 1806 611 1861 hanc
658 1807 707 1861 ei
775 1806 1065 1877 imaginem
1127 1806 1382 1878 aliingere
1412 1823 1523 1862 non
1556 1808 1861 1863 verentur?
1894 1807 2041 1873 Quo—
2068 1788 2113 1842 Β

468 1895 633 1949 modo
659 1911 790 1967 ergo
821 1897 1122 1952 secundum
1159 1905 1411 1953 naturam
1444 1897 1590 1953 Deus
1631 1912 1754 1955 esse
1783 1905 2040 1955 censetur

468 1987 539 2051 is,
574 1986 668 2052 qui
723 1987 839 2042 sola
869 1989 1148 2045 voluntate
1196 1999 1281 2045 est
1333 1990 1439 2060 ipsi
1470 1990 1687 2057 similis,
1722 2004 1848 2045 cum
1892 1991 2043 2046 aliud

469 2075 732 2147 quiddam
814 2078 866 2131 in
937 2093 999 2134 se
1068 2081 1289 2150 praprie
1366 2079 1641 2137 exsistat?
1725 2078 2046 2138 Subsistere

470 2167 677 2238 quippe
756 2167 936 2239 ipsum
1020 2170 1213 2239 utique
1294 2169 1636 2227 fatebuntur.
1729 2173 1887 2243 231
1975 2172 2048 2228 At

472 2258 606 2330 quid
665 2263 720 2315 in
764 2275 829 2317 eo
862 2262 987 2331 plus
1039 2262 1266 2318 demum
1322 2278 1448 2320 esse
1514 2263 1827 2330 videbitur,
1875 2279 2043 2336 quam

473 2353 762 2407 creatura?
828 2351 1089 2424 Nunquid
1144 2354 1290 2410 enim
1359 2355 1584 2425 angelos
1640 2369 1861 2427 quoque
1930 2371 2051 2411 cre-

475 2442 670 2499 demus
696 2444 885 2498 conari
914 2443 986 2498 ad
1026 2445 1366 2502 voluntatem
1410 2447 1652 2503 divinam
1685 2450 1898 2519 seipsos
1928 2464 2052 2519 per-

478 2532 662 2600 licere,
688 2548 814 2589 cum
845 2532 995 2588 aliud
1021 2534 1286 2604 quiddam
1320 2543 1519 2593 natura
1547 2538 1659 2593 sint
1685 2553 1716 2592 a
1745 2538 1890 2594 Deo?
1911 2538 2052 2605 Quid

476 2636 644 2685 vero,
682 2622 731 2678 si
761 2621 829 2679 de
865 2622 1027 2679 nobis
1057 2624 1222 2680 etiam
1274 2625 1479 2681 dictum
1513 2627 1649 2682 illud
1679 2628 2054 2699 intelligatur?

479 2712 562 2768 An
586 2716 732 2769 enim
785 2730 875 2771 res
922 2729 1093 2787 supra
1138 2724 1389 2772 naturam
1441 2727 1649 2775 temere
1686 2719 1966 2785 invadere,
1998 2728 2055 2774 et

482 2821 604 2873 quae
629 2807 744 2862 ﬁeri
777 2823 884 2862 non
912 2816 1148 2879 possunt
1169 2818 1426 2880 appetere
1454 2811 1570 2881 ipse
1601 2826 1704 2869 nos
1731 2812 1892 2869 docet
1921 2810 2057 2867 Uni-

481 2900 701 2967 genitus
730 2898 816 2956 his
843 2900 1022 2955 verbis
1047 2914 1064 2953 :
1092 2918 1111 2952 ι
1143 2899 1335 2957 Estote
1373 2901 1787 2967 misericordes,
1828 2903 1974 2959 sicut
2001 2910 2057 2959 et

484 2990 646 3047 Pater
672 2993 953 3048 vesterille
973 2993 1218 3049 cmlestis
1266 2993 1591 3051 misericors
1637 3004 1725 3051 est
1749 2996 1834 3050 “?
1878 3015 1897 3050 ι
1942 2994 2059 3051 Hoc

2132 529 2413 584 σκέτωσαν
2445 526 2626 583 τοίνυν
2659 527 2710 581 οἰ
2741 528 2841 597 τῆς
2875 525 3025 590 θείας
3074 525 3283 589 εἰκόνος
3313 522 3701 596 ἀκριϐέστατοι

2130 622 2363 694 ζητηταὶ
2387 662 2402 684 ,
2457 618 2685 690 πότερόν
2720 635 2851 672 ποτε
2895 616 2994 689 τὴν
3036 616 3268 687 ούσιὼδη
3314 615 3411 670 καὶ
3467 615 3704 687 φυσικὴν

2130 714 2426 784 ἀπονέμειν
2478 710 2737 781 ὁμοίωσιν
2764 707 2965 763 οἴονται
2992 707 3102 762 δεῖν
3136 706 3213 777 τῷ
3239 706 3541 774 Μονογενεῖ
3561 741 3576 768 ,
3607 703 3705 757 καὶ

2131 806 2304 868 οὕτως
2354 803 2538 857 εἰκόνα
2584 802 2748 871 φασὶν
2796 801 3061 872 ὑπάρχειν
3105 799 3198 854 τοῦ
3242 797 3455 869 Πατρὸς
3497 797 3591 850 τὸν
3645 796 3707 862 ἐξ

2130 896 2298 952 αὑτοῦ
2332 893 2665 967 προελθόντα
2697 892 2903 962 Λόγον,
2934 890 3244 963 ὡσπερανεὶ
3276 889 3373 943 καὶ
3411 888 3508 941 τὸν
3539 886 3710 940 ’Δδελ

2132 989 2195 1056 ἐξ
2236 986 2432 1056 Ἀδὰμ,
2465 984 2596 1056 ὃλην
2623 982 2981 1049 ἀποσώζοντα
3007 980 3103 1035 τοῦ
3137 980 3389 1044 τεκόντος
3415 978 3516 1051 τὴν
3546 978 3711 1048 φύσιν

2133 1082 2193 1135 ἑν
2218 1081 2419 1154 ἐαυτῷ,
2441 1077 2537 1132 καί
2558 1075 2852 1148 ὁλόκληρον
2873 1074 2970 1146 τῆς
2992 1072 3411 1145 ἀνθρωπότητος
3440 1069 3712 1143 φοροῦντα

2134 1172 2226 1226 τὸν
2260 1171 2455 1239 λόγον;
2502 1170 2575 1225 Ἥ
2652 1165 3035 1240 δυσχερανοῦσι
3079 1164 3178 1236 μὲν
3226 1163 3321 1218 ἐπὶ
3357 1161 3536 1233 τούτῳ
3563 1161 3709 1228 λίαν,

2136 1266 2213 1328 ὼς
2240 1263 2375 1318 Θεὸν
2430 1263 2600 1324 ὅντως
2644 1260 2711 1314 ὲκ
2762 1258 2900 1314 Θεοῦ
2977 1256 3121 1312 κατά
3189 1255 3354 1325 φύσιν
3424 1254 3714 1325 ὁμολογεῖν

2136 1356 2574 1427 ἀναγκαζόμενοι
2604 1353 2697 1408 τὸν
2718 1352 2866 1421 Υἰὸν,
2889 1350 2981 1406 ἐπὶ
3009 1348 3069 1405 δὲ
3095 1350 3156 1403 τὸ
3180 1346 3453 1420 μάχεσθαι
3477 1350 3543 1419 τῇ
3576 1345 3713 1418 ἀλη-

2139 1449 2260 1519 θείᾳ
2332 1447 2578 1518 συνήθως
2632 1444 2963 1511 ὲκνεύοντες,
3026 1441 3119 1496 ἐπὶ
3160 1440 3253 1494 τὸν
3303 1438 3557 1510 δεύτερον
3613 1438 3713 1508 τῆς

2139 1541 2346 1604 εἰκόνος
2412 1538 2713 1610 βαδιοῦνται
2789 1537 2991 1607 τρόπον
3014 1574 3029 1599 ,
3094 1533 3156 1597 ὸς
3210 1536 3267 1587 ὲν
3331 1531 3465 1603 μόνῃ
3516 1532 3714 1585 νοεῖται

2144 1633 2325 1703 μορφῇ
2353 1671 2367 1693 ,
2401 1631 2495 1683 καὶ
2537 1627 2887 1699 χαρακτῆρι,
2934 1624 3029 1677 καὶ
3068 1623 3331 1693 σχήματι.
3384 1618 3525 1672 Ἀλλ’
3558 1613 3714 1688 οἶμαι

2144 1724 2243 1795 μὲν
2298 1721 2457 1775 τοῦτο
2507 1720 2685 1789 λέγειν
2742 1716 3146 1787 ἀποναρκιίβειν
3202 1712 3420 1776 αὐτούς.
3472 1711 3552 1765 Οὐ
3603 1710 3717 1781 γάρ

2143 1812 2494 1869 πεποσῶσθαι
2525 1811 2586 1864 τὸ
2625 1810 2810 1874 Θεῖον,
2849 1808 2883 1879 ἢ
2911 1808 3005 1862 καὶ
3033 1807 3275 1877 σχήματι
3314 1802 3733 1877 περιγραπτὸν,

2144 1907 2240 1961 καὶ
2266 1904 2577 1976 χαρακτῆρι
2608 1901 2993 1974 μετρούμενον,
3022 1899 3056 1970 ἢ
3083 1897 3178 1953 καὶ
3201 1897 3338 1960 ὅλως
3358 1896 3428 1951 τὰ
3450 1895 3722 1965 σωμάτων

2145 1994 2439 2065 ὑπομένειν
2485 1990 2558 2045 τὰ
2608 1989 2911 2061 ἀσώματα,
2956 1986 3296 2058 ὑπολήψεταί
3326 2002 3446 2049 τις,
3502 1983 3566 2037 ού
3597 1984 3642 2037 δ’
3669 1983 3722 2036 εἰ

2149 2087 2355 2158 σφόδρα
2384 2084 2628 2154 φαίνοιτο
2660 2080 2864 2154 ληρῶν.
2896 2075 3022 2151 'Ap‘
3064 2074 3156 2133 οὖν
3183 2078 3259 2141 ὡς
3288 2078 3422 2148 πρὸς
3458 2075 3594 2159 non,
3626 2075 3724 2128 καὶ

2147 2179 2406 2251 τρόπους,
2448 2175 2540 2229 καὶ
2568 2174 2782 2246 θέλημα
2815 2170 3210 2243 μεμορφῶσθαι
3257 2169 3506 2237 λέγουσιν
3539 2166 3721 2229 αὑτὸν,

2151 2272 2245 2327 καί
2276 2267 2478 2336 ταύτην
2505 2264 2653 2335 αὐτῷ
2683 2262 3054 2335 περιτιθέντες
3098 2262 3199 2316 οὐκ
3239 2260 3587 2331 αἰσχύνονται
3626 2258 3727 2329 τὴν

2151 2364 2372 2428 εἰκόνα;
2421 2360 2546 2423 Πῶς
2574 2354 2667 2413 οὖν
2711 2357 2790 2411 ἔτι
2818 2354 2961 2410 κατά
3002 2354 3164 2425 φύσιν
3194 2355 3395 2406 νοεῖται
3420 2350 3555 2413 Θεὸς
3595 2350 3623 2402 ό
3668 2350 3727 2401 ὲν

2154 2457 2302 2528 μόνῳ
2351 2454 2411 2508 τὸ
2469 2452 2597 2524 [πο.
2640 2448 2754 2521 τῷ]
2808 2449 2982 2504 θέλειν
3037 2446 3135 2517 τὴν
3187 2445 3324 2514 πρὸς
3372 2442 3539 2497 αὐτὸν
3589 2441 3727 2510 ἔχων

2151 2546 2407 2618 ὁμοίωσιν
2429 2586 2443 2610 ,
2485 2547 2670 2616 ἓτερον
2700 2542 2757 2596 δέ
2783 2560 2835 2596 τι
2875 2539 2999 2593 καθ’
3034 2537 3223 2593 ἑαυτὸν
3258 2536 3403 2599 ἰδίως
3435 2534 3726 2602 ὑπάρχωνς

2164 2636 2493 2709 ’Υφεστάναι
2529 2635 2638 2705 γὰρ
2672 2632 2890 2701 πάντως
2917 2628 3345 2699 ὁμολογήσουσιν
3376 2622 3560 2678 αὐτόν.
3598 2618 3730 2674 Εἶτα

2155 2733 2207 2786 τί
2250 2731 2312 2784 τὸ
2351 2729 2513 2782 πλέον
2554 2728 2612 2779 ὲν
2640 2723 2789 2795 αὐτῷ
2820 2720 2975 2795 παρά
3003 2720 3102 2790 τὴν
3145 2718 3323 2772 κτίσιν
3350 2717 3601 2785 φανεῖται
3630 2712 3734 2765 λοι-

2156 2822 2256 2877 πόν
2280 2838 2295 2888 ;
2329 2821 2400 2874 Ἢ
2431 2818 2540 2890 γὰρ
2567 2817 2689 2887 ούχί
2720 2816 2815 2870 καὶ
2839 2812 3107 2882 ἀγγέλους
3127 2808 3493 2878 πιστεύσομεν
3514 2804 3651 2877 πρὸς
3671 2804 3735 2857 τὸ

2158 2916 2298 2969 θεῖον
2339 2912 2564 2973 ἑαυτοὺς
2608 2905 2926 2976 ἐπείγεσθαι
2962 2903 3313 2974 διαπράττειν
3345 2900 3580 2968 θέλημα,
3613 2895 3735 2949 ἓτε-

2163 3008 2252 3078 ρόν
2277 3023 2329 3059 τι
2351 3004 2501 3073 παρά
2533 3001 2622 3054 τὸν
2647 2999 2779 3053 Θεὸν
2812 2996 2951 3051 κατά
2988 2995 3147 3066 φύσιν
3176 2993 3519 3063 ὑπάρχοντας
3546 3006 3559 3054 ;
3589 2987 3657 3041 Τί
3678 2986 3737 3041 δὲ

485 3083 630 3137 enim
666 3084 858 3155 procul
892 3084 1057 3140 dubio
1095 3084 1233 3139 nihil
1260 3092 1346 3141 est
1390 3084 1537 3139 aliud
1570 3099 1734 3155 quam
1768 3086 1928 3142 nobis
1953 3087 2051 3141 uti-

2158 3100 2286 3153 ὃταν
2315 3097 2408 3150 καὶ
2438 3096 2522 3163 ἐφ’
2553 3091 2712 3163 ἡμῶν
2739 3088 2929 3158 νοῆται
2976 3086 3040 3140 τὸ
3073 3083 3361 3157 εἰρημένον
3386 3099 3400 3150 ;
3444 3078 3593 3151 τΑρα
3626 3080 3739 3174 γαρ

486 3192 595 3247 que
618 3172 1029 3247 suscipiendam
1068 3191 1193 3233 esse
1228 3176 1412 3232 Patris
1441 3177 1737 3248 imaginem
1768 3192 1891 3246 quin
1925 3191 2051 3231 con-

2162 3192 2275 3253 τοῖς
2324 3180 2687 3259 ὑπὲρφύσιν
2731 3181 3056 3255 παραλόγως
3114 3178 3424 3249 ὲπιπηδᾷν,
3485 3175 3581 3227 καὶ
3629 3171 3740 3225 τῶν

488 3268 639 3324 sistit
687 3268 743 3322 in
783 3268 1126 3322 voluntatum
1177 3267 1482 3325 identitate.
1524 3270 1593 3323 At
1638 3267 1844 3324 Paulus
1896 3268 2063 3324 etiam

489 3361 741 3415 imitator
785 3360 889 3416 fuit
922 3359 1152 3426 Christi,
1187 3361 1304 3432 qui,
1341 3368 1401 3415 ut
1434 3360 1514 3416 illi
1564 3367 1859 3433 angantur,
1885 3360 2066 3433 imago

490 3459 576 3508 est
605 3449 807 3516 Patris,
844 3450 901 3506 in
943 3452 1059 3508 sola
1097 3452 1444 3508 voluntatum
1478 3451 1841 3510 similitudine
1884 3454 2068 3510 consi-

493 3553 668 3600 stens.
693 3542 802 3599 Sed
845 3543 1082 3610 relictis,
1117 3544 1332 3613 opinor,
1359 3543 1513 3600 hisce
1558 3544 1780 3600 miseris
1810 3545 2065 3615 argutiis,

494 3633 645 3688 aliud
696 3632 957 3702 quiddam
1009 3633 1190 3701 majus
1231 3647 1295 3688 ac
1339 3634 1656 3703 praeclarius
1706 3635 2069 3706 excogitaturi

496 3733 666 3789 sunt,
725 3723 1022 3793 dicentque
1057 3721 1412 3793 Unigenitum
1461 3740 1588 3780 esse
1634 3724 1727 3781 Dei
1772 3741 1840 3781 ac
1889 3725 2071 3782 Patris

492 3814 822 3886 imaginem,
872 3814 1051 3885 quoad
1090 3814 1431 3870 voluntatum
1481 3815 1855 3883 identitatem,
1889 3818 2071 3887 quoad

497 3906 858 3977 dignitatem,
917 3905 1147 3977 gloriam
1204 3920 1270 3960 ac
1319 3913 1648 3976 potestatem
1696 3908 1969 3976 divinam,
2017 3916 2074 3965 et

496 3999 723 4056 creandi
775 4000 916 4065 vim,
963 4014 1029 4056 ac
1078 3999 1474 4056 miraculorum
1530 4000 1939 4070 operationem,
1994 4012 2052 4058 et

500 4092 884 4147 universorum
933 4090 1383 4157 dominationem,
1422 4100 1480 4148 et
1520 4091 1575 4147 in
1610 4102 1874 4163 quantum
1903 4093 2075 4165 judex

499 4183 841 4240 constitutus
868 4190 985 4248 est,
1028 4190 1195 4253 atque
1225 4181 1294 4238 ab
1335 4181 1582 4253 angelis,
1627 4192 1683 4239 et
1721 4183 2073 4250 hominibus,

501 4274 799 4344 omnique,
852 4280 913 4328 ut
966 4272 1138 4330 verbo
1199 4272 1414 4341 dicam,
1476 4280 1732 4330 creatura
1791 4273 2073 4331 adoratur.

2165 3280 2439 3337 ἀδυνάτων
2479 3275 2728 3348 ἐφίεσθαι
2778 3273 3019 3328 διδάσκει
3061 3269 3241 3337 λέγων
3281 3266 3443 3329 αὐτὸς
3489 3265 3518 3317 ὁ
3565 3264 3741 3317 Μονο-

2165 3372 2359 3441 γενής·
2397 3386 2415 3419 ι
2450 3366 2670 3420 Γίνεσθε
2709 3362 3085 3434 οἰκτίρμονες,
3133 3356 3318 3420 καθὼς
3358 3355 3452 3409 καὶ
3489 3356 3518 3406 ὁ
3550 3350 3742 3441 Πατὴρ

2167 3440 2322 3535 ὑμῶν
2362 3463 2392 3514 ὁ
2433 3459 2684 3528 οὐράνιος
2727 3454 3031 3525 οἰκτίρμων
3078 3450 3235 3516 ὲστίς
3272 3468 3291 3500 ι
3329 3446 3502 3500 Τοῦτο
3536 3444 3648 3514 γὰρ
3674 3440 3742 3514 ἦν

2166 3553 2556 3613 ἀνενδοιάστως
2607 3551 2799 3613 εἰπεῖν,
2827 3546 3023 3617 χρῆναι
3073 3543 3154 3595 δεῖ
3206 3540 3337 3613 [10's
3366 3536 3474 3610 δὴ]
3524 3536 3744 3596 πάντως

2168 3646 2318 3717 ἡμᾶς
2357 3643 2458 3713 τὴν
2509 3642 2568 3693 ὲν
2623 3638 2913 3707 ταυτότητι
2957 3632 3279 3704 θελημάτων
3339 3625 3747 3717 ἀναλαμϐάνειν

2171 3714 2358 3791 εἰκόνα
2393 3733 2488 3789 τοῦ
2532 3729 2764 3802 Πατρός.
2798 3725 3062 3798 Μιμητὴς
3102 3723 3159 3778 δὲ
3203 3722 3299 3776 καὶ
3325 3723 3354 3775 ὁ
3384 3718 3597 3781 Παῦλος
3630 3714 3748 3784 ὲγί-

2170 3842 2294 3881 νετο
2320 3822 2414 3878 τοῦ
2446 3820 2704 3894 Χριστοῦ,
2737 3820 2858 3890 τῆς,
2906 3819 2982 3882 ὡς
3004 3817 3203 3869 ἐκεῖνοι
3230 3810 3524 3894 ληροῦντές
3550 3825 3743 3894 φασιν,

2172 3912 2230 3964 ὲν
2258 3891 2525 3980 θελήμασι
2569 3906 2749 3978 μόνοις
2795 3904 3000 3965 εἰκόνος
3037 3899 3131 3954 τοῦ
3175 3896 3410 3968 Πατρός.
3456 3892 3619 3951 Ἀλλά
3653 3891 3749 3945 καί

2171 4000 2378 4055 τούτων
2434 3998 2533 4070 μὲν
2589 3994 3086 4065 ἀπαναστήσονται,
3150 3988 3295 4043 κατὰ
3335 3987 3395 4041 τὸ
3443 3983 3611 4048 εἰκὸς.
3640 3981 3749 4035 τῶν

2173 4092 2376 4148 ἀθλίων
2407 4087 2698 4161 νοημάτων
2722 4127 2738 4152 ,
2782 4084 2974 4154 ὥσπερ
3010 4083 3069 4137 δέ
3107 4099 3159 4136 τι
3197 4077 3381 4151 μεῖζον
3408 4073 3750 4135 ἐπινοοῦντες

2176 4186 2271 4240 καί
2299 4184 2520 4254 ἄμεινον
2538 4221 2553 4246 ,
2590 4182 2767 4235 ἐκεῖνο
2807 4177 2873 4249 δὴ
2903 4178 3121 4239 πάντως
3155 4173 3391 4245 ἐροῦσιν·
3429 4167 3609 4225 Εἰκών
3633 4167 3751 4219 ἐστι

2176 4274 2272 4332 τοῦ
2300 4274 2435 4330 Θεοῦ
2464 4274 2556 4329 καί
2579 4271 2794 4344 Πατρὸς
2819 4271 2848 4325 ὁ
2869 4267 3201 4338 Μονογενὴς,
3230 4267 3353 4320 ὅσον
3375 4265 3434 4317 ὲν
3460 4259 3750 4330 ταυτότητι

383 5318 394 5328 .
511 5275 715 5331 tabulis
754 5282 838 5330 est
885 5274 1133 5331 colorum
1170 5277 1436 5340 inductio,
1482 5294 1607 5347 qua:
1658 5279 1775 5335 sola
1824 5280 2087 5336 varietate

502 4364 715 4431 Quibus
764 4379 831 4420 ex
885 4364 1146 4421 omnibus
1192 4362 1408 4419 Patrem
1461 4364 1622 4420 nobis
1680 4365 1978 4422 ostendens
2020 4365 2051 4419 il

2179 4372 2517 4444 θελημάτων,
2544 4370 2666 4422 ὅσον
2687 4366 2781 4420 ἐπὶ
2804 4363 3044 4433 ἀξίωμα,
3075 4358 3366 4425 καὶδόξαν,
3402 4354 3501 4408 καὶ
3525 4351 3753 4421 δύναμιν

501 4454 720 4525 seipso,
751 4469 860 4509 non
894 4453 1033 4509 dicit
1068 4474 1087 4507 ι
1135 4469 1200 4509 ex
1247 4454 1590 4518 substantia,
1631 4475 1651 4508 ι
1697 4455 1791 4512 sed
1827 4475 1845 4509 ι
1876 4456 2047 4511 chara

2177 4463 2277 4534 τὴν
2299 4458 2600 4531 θεοπρεπῆ,
2622 4458 2745 4512 ὅσον
2771 4457 2851 4519 εἰς
2875 4454 3156 4521 ἐνέργειαν
3183 4449 3283 4520 τὴν
3309 4447 3404 4501 ἐπὶ
3426 4444 3505 4516 τῷ
3546 4444 3753 4534 κτίζειν

502 4553 709 4601 cterem
758 4565 777 4597 ι
821 4560 946 4601 esse
987 4563 1004 4598 ι
1053 4545 1381 4602 substantiae
1435 4546 1556 4617 ejus
1587 4548 1656 4602 °’.
1703 4565 1721 4599 ι
1758 4546 1966 4617 Igitur,
2019 4564 2050 4602 u

2181 4533 2277 4609 καὶ
2330 4550 2769 4622 θαυματουργεῖν
2791 4587 2807 4611 ,
2853 4547 2976 4601 ὅσον
3026 4545 3107 4609 εἰς
3151 4542 3211 4596 τὸ
3264 4539 3571 4611 βασιλεύειν
3660 4533 3754 4589 καὶ

502 4638 667 4692 modo
727 4636 1077 4701 dicebamus,
1138 4638 1276 4693 nihil
1332 4653 1522 4695 eorum
1580 4652 1704 4706 quae
1751 4639 1901 4693 dicta
1948 4653 2051 4693 sun

2181 4645 2398 4700 πάντων
2425 4640 2669 4713 κρατεῖν,
2708 4639 2831 4693 ὅσον
2861 4638 2940 4699 εἰς
2966 4634 3028 4688 τὸ
3058 4633 3265 4705 κρίνειν
3313 4629 3408 4685 καὶ
3437 4626 3757 4699 προσκυνεῖ-

404 4713 411 4719 ’
502 4726 677 4783 Filius
699 4736 781 4785 est
807 4727 1110 4784 secundum
1142 4739 1414 4797 naturam,
1465 4728 1560 4786 sed
1584 4731 1637 4783 in
1667 4730 1984 4786 universum
2011 4731 2051 4785 al

2182 4737 2307 4791 σθαι
2345 4735 2482 4805 πρός
2512 4750 2570 4787 τι
2600 4730 2847 4799 ἀγγέλων
2905 4727 3000 4781 καὶ
3041 4723 3370 4796 ἀνθρώπων,
3437 4720 3538 4774 καὶ
3577 4717 3758 4784 πάσης

516 4817 606 4880 iis,
631 4818 789 4886 juxta
812 4819 1195 4876 stultissimam
1227 4830 1466 4878 vestram
1501 4822 1859 4890 sententiam,
1896 4824 2051 4879 exclu

2186 4825 2525 4891 ἁπαξαπλῶς
2557 4824 2660 4893 τῆς
2687 4821 2936 4884 κτίσεως.
2970 4819 3069 4872 Διά
3098 4816 3302 4871 τούτων
3334 4813 3599 4869 ἁπάντων
3628 4811 3759 4879 ἡμῖν

505 4909 704 4962 detur:
741 4924 918 4978 neque
952 4911 1093 4967 Deus
1124 4928 1308 4979 verus,
1364 4930 1545 4985 neque
1584 4912 1779 4981 Filius,
1806 4932 1917 4971 non
1958 4932 2051 4972 rex

2190 4923 2248 4974 ὲν
2273 4915 2455 4987 ἑαυτῷ
2488 4913 2749 4969 δεικνύων
2780 4912 2874 4966 τὸν
2913 4910 3134 4981 Πατέρα
3158 4949 3173 4974 ,
3214 4909 3317 4961 οὐκ
3351 4926 3370 4958 ι
3402 4907 3468 4958 ὲκ
3492 4896 3593 4973 τῆς
3625 4902 3756 4953 ὑπο·

508 5013 618 5053 non
652 4997 937 5064 Dominus,
978 5016 1089 5055 non
1112 5002 1315 5072 opifex,
1349 5020 1459 5060 non
1488 5012 1683 5075 potens
1701 5048 1715 5071 ,
1744 5023 1921 5077 neque
1946 5008 2051 5064 ade

2192 5010 2437 5071 στάσεως
2469 5026 2487 5059 ι
2519 5006 2718 5077 φησὶν,
2768 5003 2907 5059 ἀλλά
2958 5021 2977 5055 ι
3035 5000 3319 5074 χαρακτήρ
3370 5016 3389 5050 ι
3443 4997 3560 5049 ἔστι
3595 5012 3616 5045 ι
3664 4991 3762 5061 τῆς

508 5098 708 5146 natura
756 5089 937 5146 bonus
983 5100 1069 5146 est
1119 5095 1341 5163 proprie
1378 5115 1391 5150 :
1428 5095 1525 5152 sed
1558 5096 1612 5151 in
1648 5100 1794 5153 nuda
1850 5113 1914 5153 ac
1966 5101 2046 5156 sol

2194 5101 2544 5162 ὑποστάσεως
2574 5094 2761 5152 αὑτοῦ,
2812 5114 2830 5148 ι
2869 5092 3099 5159 οὐκοῦν,
3124 5093 3260 5163 ὅπερ
3294 5089 3503 5160 ἔφημεν
3535 5083 3761 5156 ἀρτίως,

510 5181 838 5253 gloriatione
872 5182 983 5237 Deo
1031 5184 1380 5240 convenienti
1426 5187 1671 5242 cernitur
1707 5206 1722 5242 :
1757 5197 1813 5244 et
1843 5190 1989 5257 quod
2031 5192 2044 5244 i

2193 5191 2348 5245 οὐδέν
2381 5192 2497 5244 ἔστι
2538 5189 2647 5243 τῶν
2681 5185 2990 5260 εἰρημένων
3023 5182 3163 5238 κατὰ
3193 5179 3357 5251 φύσιν
3387 5179 3416 5230 ὁ
3448 5177 3575 5239 Υἰὸς
3596 5216 3610 5239 ,
3659 5172 3765 5238 ἔξω

2186 5284 2245 5337 δὲ
2277 5284 2493 5338 πάντων
2527 5280 2737 5353 ἀθρόως
2767 5278 3029 5340 κείσεται,
3054 5275 3196 5330 κατά
3227 5290 3291 5341 γε
3318 5271 3409 5324 τὸν
3447 5269 3579 5339 παρ’
3611 5262 3764 5353 ὑμῶν

512 5366 682 5422 decus
701 5366 889 5433 allert,
946 5382 1073 5423 cum
1125 5369 1244 5424 veri
1292 5369 1431 5423 nihil
1480 5369 1678 5425 habeat
1717 5388 1731 5426 :
1772 5371 1877 5428 hoc
1931 5380 1987 5429 et
2033 5375 2047 5429 i

2191 5374 2550 5446 ἀνοητότατον
2604 5352 2794 5438 λόγον,
2843 5366 2967 5420 οὔτε
3026 5365 3082 5418 δὲ
3130 5364 3263 5425 Θεὸς
3300 5358 3590 5430 ἀληθινὸς,
3641 5352 3764 5446 οὔτε

516 5459 651 5516 Filio
680 5462 769 5517 Dei
796 5478 860 5520 ac
882 5462 1059 5520 Patris
1085 5463 1415 5534 dignitatum
1436 5462 1791 5534 pulchritudo
1828 5466 1995 5521 nudis
2027 5481 2051 5519 a

2192 5442 2353 5533 Υἱὸς,
2405 5466 2467 5518 οὐ
2505 5463 2755 5534 βασιλεὺς
2782 5501 2796 5525 ,
2846 5459 2909 5512 οὐ
2933 5456 3170 5528 Κύριος,
3204 5454 3265 5506 ού
3294 5446 3660 5523 δημιουργὸς,
3705 5442 3764 5496 οὗ

519 5553 651 5608 solis
715 5555 1034 5613 nominibus
1094 5554 1429 5620 emorcscit,
1496 5554 1844 5611 extrinsecus
1907 5565 2051 5613 auter

2194 5558 2434 5619 δυνατὸς,
2468 5554 2589 5607 οὔτε
2626 5553 2730 5625 μὴν
2762 5554 2818 5606 ἐν
2848 5540 3147 5619 samum
3202 5542 3399 5611 ἀγαθὸς
3432 5539 3576 5594 κατὰ
3604 5536 3767 5605 φύσιν

591 5728 633 5757 ⁶¹
682 5726 814 5781 Luc.
847 5743 924 5794 νι,
959 5729 1046 5782 36.
1127 5730 1169 5762 “
1217 5728 1378 5783 llebr.
1413 5745 1451 5797 ι,
1497 5730 1550 5785 3.

3766 5820 3824 5836 Ν
