4078 6262
343 258 450 316 377

1405 254 1477 310 lN
1508 254 1792 310 JOANNIS
1829 230 2283 318 avaucnttun
2322 262 2453 321 LIB.
2504 263 2573 321 ιι.

3496 276 3601 333 578

347 373 492 450 ἰδίως
516 371 665 426 ἐστίν
684 388 696 402 ⁸
734 371 792 426 ὲν
823 370 879 425 δὲ
932 387 999 440 γυ
1008 368 1171 441 μνοῖς”
1216 371 1309 425 καὶ
1344 372 1529 441 μόνοις
1552 373 1665 435 τοῖς
1696 371 1923 445 θεοπρε-

2047 386 2204 433 natar
2248 383 2613 451 quorumdam
2667 385 2915 442 colorum
2964 387 3451 459 superinducitur,
3491 394 3602 453 imo

346 465 505 519 πέσιν
557 467 755 537 ὁρᾶται
805 466 1165 536 καυχήμασι,
1211 462 1305 518 καὶ
1340 463 1477 534 ὅπερ
1517 463 1634 516 ἐστὶ
1693 465 1815 528 ταῖς
1863 466 1922 520 ὲν

349 556 532 622 πίναξι
570 559 810 627 γραφαῖς
853 558 887 627 ἡ
920 556 1030 611 τῶν
1084 555 1391 628 χρωμάτων
1435 555 1660 629 ἐπιϐολὴ
1683 598 1698 623 ,
1733 557 1925 628 μόναις

352 649 542 711 αὑταῖς
574 646 687 700 τῶν
724 647 1021 719 ὁρωμένων
1058 647 1355 711 ποικιλίαις
1379 646 1756 719 ὲξωραῖξουσα
1777 687 1792 712 9
1827 665 1925 717 φο·

358 735 524 807 ροῦσα
553 735 609 789 δὲ
647 736 848 808 ἀληθὲς
883 736 1071 791 οὐδέν·
1115 736 1275 790 τοῦτο
1319 737 1417 791 καὶ
1448 739 1505 790 έν
1535 736 1651 808 Υίῷ
1686 738 1797 793 τῶν
1824 735 1920 792 τοῦ

359 826 493 881 Θεοῦ
539 828 631 882 καὶ
680 828 896 899 Πατρὸς
945 828 1272 899 ἀξιωμάτων
1324 828 1387 881 τὸ
1427 828 1658 892 κάλλος⁶
1716 831 1774 883 ὲν
1825 830 1925 899 μὲν

342 912 530 982 ’ψιλοῖς
578 916 668 969 καὶ
699 916 882 987 μόνοις
917 915 1142 987 ὀνόμασι
1171 916 1599 988 περιανθίζεται,
1633 917 1833 983 ἔξωθεν
1860 900 1924 973 δὲ

362 1003 541 1077 ὥσπερ
576 1007 883 1077 χρωμάτων
920 1008 1084 1061 τινῶν
1117 1008 1471 1078 ὲπαλείφεται
1517 1009 1710 1082 δίκην·
1763 1027 1922 1065 σκια⁶

359 1098 739 1168 γραφεῖτανδὲ
770 1099 973 1169 μᾶλλον
1016 1101 1051 1172 ὴ
1093 1099 1216 1155 θεία
1238 1100 1400 1170 φύσις
1433 1103 1490 1157 ὲν
1516 1103 1688 1175 αὐτῷ,
1719 1105 1814 1158 καὶ
1847 1103 1925 1168 ὡς

356 1187 412 1240 ἑν
455 1186 597 1259 ψιλῷ
641 1188 892 1257 φαίνεται
1172 1185 1308 1245 Εἶτα
1353 1189 1474 1257 πῶς
1519 1192 1620 1246 οὐκ
1663 1192 1924 1264 ἄντικρυς

354 1277 591 1343 ἀπάσαις
611 1280 913 1351 φανήσεσθε
931 1283 1053 1344 ταῖς
1073 1280 1256 1349 ἁγίαις
1277 1281 1406 1335 πολε
1413 1280 1640 1355 μοῦντες
1657 1283 1922 1355 Γραφαῖς,

357 1368 443 1423 ’ίνα
484 1370 548 1442 δὴ
595 1372 692 1426 καὶ
738 1372 961 1437 δικαίως
1008 1372 1281 1445 ἀκούσητε
1310 1389 1326 1403 ·
1362 1391 1382 1426 ι
1422 1373 1921 1446 Σκληροτράχηλοι,

355 1464 448 1517 καὶ
476 1464 843 1535 ἀπερίτμητοι
873 1464 1117 1533 καρδίαις
1165 1464 1259 1518 καὶ
1293 1465 1407 1528 τοῖς
1452 1463 1607 1529 ὠσὶν,
1643 1465 1806 1536 ὑμεῖς
1834 1465 1923 1519 ἀεὶ

354 1552 434 1624 τῷ
465 1553 745 1624 Πνεύματι
773 1554 851 1625 τῷ
875 1555 1015 1625 ἁγίῳ
1057 1554 1411 1609 ἀντιπίπτετε
1437 1593 1453 1618 ,
1489 1554 1565 1618 ὡς
1597 1557 1645 1609 oi
1687 1556 1925 1626 πατέρες

358 1644 536 1715 ὑμῶν,
563 1645 658 1698 καὶ
691 1645 871 1715 ὑμεῖς.
905 1664 924 1697 ›
965 1646 1106 1699 Πότε
1133 1645 1240 1718 γάρ
1277 1646 1339 1700 οὐ
1366 1644 1498 1699 Θεὸν
1524 1644 1777 1716 ἀληθινὸν
1802 1647 1923 1700 ovo.

2028 484 2163 524 vero
2194 480 2388 527 natura
2434 473 2620 529 divina
2662 476 2721 531 in
2753 477 2873 546 ipso
2919 477 3300 543 adumbratur,
3345 495 3408 537 ac
3434 484 3601 539 veluti

2030 557 2204 629 ﬁgura
2246 567 2410 616 tenus
2439 570 2651 618 tantum
2708 573 3011 635 spectatur.
3055 569 3126 623 At
3166 571 3441 640 quomodo
3491 588 3602 628 non

2029 662 2155 703 cum
2194 652 2453 709 omnibus
2497 651 2801 724 Scripturis
2846 657 3142 714 manifeste
3175 675 3421 732 pugnare
3450 678 3603 716 com-

2031 738 2339 808 periemini,
2367 741 2443 796 ita
2476 748 2537 796 ut
2565 742 2691 812 jure
2726 743 3004 801 audiatis:
3044 764 3065 798 ι
3105 746 3249 801 Dura
3287 749 3522 815 cervice,
3546 758 3603 804 et

2030 828 2404 886 incircumcisi
2459 832 2719 890 cordibus
2785 843 2839 890 et
2888 834 3156 900 auribus,
3223 851 3323 891 vos
3385 852 3602 907 semper

2029 918 2260 990 Spiritui
2305 930 2496 977 sancto
2536 924 2829 991 resistitis;
2877 924 3021 980 sicut
3059 934 3249 995 patres
3278 927 3479 992 vestri,
3524 928 3600 982 ita

2030 1019 2087 1067 et
2121 1026 2221 1068 vos
2246 1013 2312 1068 ”.
2349 1031 2369 1066 ι
2408 1012 2640 1080 Quando
2670 1016 2817 1072 enim
2840 1030 2952 1071 non
2982 1014 3151 1071 Deum
3178 1031 3370 1072 verum
3419 1017 3599 1071 nomi-

2028 1110 2164 1159 nant
2213 1104 2375 1176 232
2415 1105 2654 1174 Filium,
2711 1114 2809 1163 aut
2872 1108 3219 1179 quandonam
3285 1109 3464 1174 ipsum
3530 1108 3600 1164 ab

2029 1195 2270 1251 essentia
2309 1193 2994 1256 Genitoris'excludunt?
3043 1198 3180 1267 Quis
3229 1214 3364 1255 vero
3417 1200 3601 1257 dicere

2032 1301 2202 1344 ausus
2221 1294 2305 1342 est
2330 1302 2456 1344 eum
2478 1304 2657 1361 neque
2677 1298 2873 1346 natura
2896 1291 3168 1361 opiﬁcem,
3190 1306 3368 1361 neque
3393 1306 3599 1362 regem,

2031 1394 2212 1450 neque
2241 1380 2707 1452 cunctipotentem
2734 1368 2879 1449 esse,
2908 1389 3004 1438 aut
3040 1382 3418 1439 adorabileml
3454 1383 3600 1438 Divi-

2031 1487 2138 1528 nus
2163 1473 2366 1543 quippe
2396 1471 2608 1530 Psaltes
2636 1475 2899 1546 tanquam
2937 1474 3007 1530 ad
3038 1474 3217 1546 ipsum
3251 1473 3599 1546 Unigenitum

2030 1561 2108 1616 ait
2154 1562 2353 1618 alicubi
2389 1582 2403 1618 :
2439 1581 2458 1614 ι
2494 1561 2669 1620 Sedes
2717 1572 2833 1628 tua,
2865 1563 3034 1629 Deus,
3070 1564 3127 1619 in
3182 1564 3443 1619 naculum
3495 1576 3600 1617 saa-

2031 1652 2144 1707 culi
2178 1650 2243 1707 ⁶δ.
2295 1671 2313 1704 ι
2347 1650 2588 1709 Thomas
2612 1661 2796 1709 autem
2827 1654 3106 1719 similiter,
3138 1653 3601 1723 prudentissimus

365 1736 598 1804 μάςουσι
645 1735 735 1788 τὸν
774 1736 930 1799 Υίὸν,
957 1737 990 1806 ἦ
1018 1736 1147 1790 πότε
1191 1738 1288 1807 τῆς
1317 1736 1412 1790 τοῦ
1454 1736 1706 1801 τεκόντος
1733 1737 1924 1803 οὐσίας

2052 1743 2120 1798 lle
2150 1742 2488 1813 discipulus,
2516 1751 2573 1800 et
2612 1743 2780 1800 Deum
2817 1745 2983 1800 simul
3007 1754 3063 1800 et
3090 1744 3381 1802 Dominum
3416 1746 3603 1816 appel-

365 1825 471 1891 ἔξω
507 1826 760 1897 φέρουσιν
789 1827 985 1895 αὑτόν;
1037 1828 1134 1892 Τίς
1161 1828 1216 1883 δὲ
1241 1831 1270 1882 ὑ
1304 1829 1582 1900 τολμήσας
1612 1831 1786 1883 είπεῖν
1806 1868 1821 1895 ,
1855 1829 1930 1896 ὡς

368 1915 492 1968 οὕτε
520 1916 677 1986 φύσει
722 1919 1070 1991 δημιουργὸς,
1101 1919 1221 1973 οὔτε
1256 1919 1530 1990 βασιλεὺς,
1570 1919 1696 1974 οὔτε
1729 1938 1933 1975 παντο-

371 2008 590 2079 κράτωρ
652 2011 685 2080 ἢ
724 2011 1095 2082 προσκυνητός
1141 2013 1326 2079 ὲστινς
1366 2013 1424 2066 Ὀ
1461 2012 1559 2083 μὲν
1589 2012 1700 2083 γὰρ
1732 2012 1931 2066 θεσπέ-

368 2114 479 2161 σιος
520 2099 773 2169 Μελῳδὸς
833 2101 910 2165 ὡς
962 2102 1097 2173 πρὸς
1137 2102 1301 2157 αὐτόν
1331 2102 1433 2158 πού
1464 2121 1598 2173 φησι
1630 2103 1720 2157 τὸν
1754 2104 1933 2157 Μονο-

364 2189 492 2260 γενῆ
520 2206 535 2221 ο
570 2208 589 2242 ι
658 2193 716 2245 Ὀ
750 2192 938 2263 θρόνος
986 2211 1080 2248 σου
1112 2195 1140 2247 ὁ
1163 2195 1298 2259 Θεὸς
1345 2198 1426 2260 είς
1480 2196 1572 2250 τὸν
1618 2194 1933 2252 αίῶνατοῦ

364 2282 575 2347 αίῶνος.
618 2303 639 2337 ι
676 2285 878 2356 Θωμᾶς
919 2288 977 2342 δὲ
1000 2288 1174 2343 πάλιν
1214 2290 1416 2361 ὁμοίως
1460 2292 1488 2344 ὁ
1521 2289 1935 2360 νουνεχέστατος

367 2373 653 2447 μαθητὴς,
706 2377 801 2431 καὶ
853 2377 985 2433 Θεὸν
1037 2379 1212 2451 ὁμσῦ,
1264 2381 1360 2435 καὶ
1401 2368 1608 2453 Κύριον
1650 2382 1932 2436 ἀποκαλεῖ.

364 2465 767 2540 Παντοκράτωρ
812 2468 869 2523 δὲ
904 2471 998 2524 καὶ
1026 2470 1381 2544 δημιουργὸς,
1428 2472 1518 2528 διὰ
1568 2473 1748 2543 πάσης
1779 2475 1936 2542 ἀγίου

364 2558 608 2612 καλεῖται
636 2560 838 2630 φωνῆς,
871 2564 967 2615 καλ⁸
996 2562 1071 2625 ὡς
1092 2562 1192 2615 οὐκ
1211 2561 1448 2617 ἐπακτὸν
1476 2562 1614 2634 ἔχων
1640 2562 1761 2616 καθ’
1795 2564 1939 2633 ὑμᾶς

364 2649 428 2703 τὸ
459 2649 700 2720 ἀξίωμα,
750 2652 866 2706 ἀλλ’
911 2654 986 2717 ὡς
1032 2655 1191 2725 τοῦτο
1245 2655 1388 2709 κατὰ
1442 2654 1603 2723 φύσιν
1654 2654 1936 2726 ὑπάρχων,

363 2742 499 2814 ὅπερ
535 2740 674 2796 εἶναι
698 2743 952 2812 λέγεται,
981 2745 1068 2801 διά
1097 2764 1156 2801 τε
1192 2746 1350 2800 τοῦτο
1380 2749 1766 2818 προσκυνεῖται
1789 2746 1941 2816 παρά

364 2849 424 2886 τε
464 2833 588 2887 τῶν
638 2835 811 2903 ἁγίων
865 2837 1111 2906 ἀγγέλων
1136 2877 1151 2902 ,
1207 2839 1300 2893 καὶ
1348 2838 1486 2910 πρὸς
1517 2838 1713 2909 ἡμῶν,
1764 2836 1941 2890 καίτοι

368 2922 559 2993 μηδενὶ
584 2929 907 2993 προσκυνεῖν
935 2927 1107 2999 ἑτέρῳ
1137 2929 1237 2998 τῆς
1268 2928 1418 2992 θείας
1448 2928 1713 2999 λεγούσης
1740 2930 1940 2999 χρῆναι

367 3012 629 3083 Γραφῆς,
679 3016 817 3087 πλὴν
865 3018 1013 3088 μόνῳ
1059 3019 1249 3091 Κυρίῳ
1293 3019 1372 3090 τῷ
1423 3019 1573 3091 Θεῷ..
1604 3022 1667 3074 El
1706 3021 1803 3091 μὲν
1846 3016 1939 3074 οὖν

367 3106 659 3176 ἐπίκτητον
686 3107 834 3178 αὐτῷ
891 3110 988 3163 καὶ
1011 3111 1161 3165 δοτὸν
1198 3114 1524 3185 ἐνυπάρχειν
1551 3096 1611 3166 τὸ
1640 3113 1939 3184 θεοπρεπὲς

369 3196 585 3268 ἀξίωμα
612 3199 1040 3254 πεπιστεύκασιν
1057 3242 1073 3268 ,
1103 3197 1222 3256 εϊτα
1247 3203 1322 3275 τῷ
1347 3203 1573 3275 τοιούτῳ
1618 3207 1942 3274 προσκυνεῖν

369 3291 571 3344 οῖονται
600 3291 745 3359 δεῖν,
794 3293 1027 3348 ἴστωσαν
1070 3286 1222 3365 πάρά
1263 3296 1356 3350 τὸν
1408 3297 1634 3367 κτίστην
1672 3299 1738 3367 τῇ
1771 3297 1944 3352 κτίσει

371 3382 747 3453 λατρεύοντες,
788 3384 1101 3455 πρόσφατόν
1139 3402 1199 3439 τε
1234 3386 1329 3439 καὶ
1356 3387 1472 3440 νέον
1495 3387 1706 3449 ἑαυτοῖς
1728 3386 1946 3457 ζωγρα-

374 3472 601 3540 φοῦντες
629 3473 778 3540 Θεὸν,
802 3476 944 3545 ἤπερ
980 3474 1150 3539 ὅντως
1184 3477 1274 3530 τὸν
1307 3476 1450 3531 κατὰ
1469 3477 1630 3546 φύσιν
1650 3477 1945 3546 γινώσκον-

373 3578 484 3626 τες.
518 3563 582 3641 Et
612 3563 670 3616 δὲ
693 3563 793 3633 τῆς
812 3564 905 3617 τοῦ
932 3563 1069 3617 Θεοῦ
1097 3566 1191 3618 καὶ
1226 3565 1440 3637 Πατρὸς
1469 3565 1657 3629 οὑσίας
1686 3565 1791 3631 ἔξω
1830 3566 1946 3618 κεῖ-

378 3654 504 3708 σθαι
547 3655 794 3724 λέγοντες
828 3657 921 3711 τὸν
946 3658 1109 3723 Υίὸν,
1152 3658 1248 3711 καὶ
1274 3658 1402 3711 Υίὸν
1431 3657 1593 3712 αὑτὸν
1676 3659 1771 3712 καὶ
1816 3656 1948 3710 Θεὸν

376 3743 1037 3817 ὁμολιογοῦσινὺπάρχειν
1087 3745 1381 3816 ἀληθινὸν,
1421 3746 1515 3800 καὶ
1559 3744 1809 3815 βασιλέα,
1855 3745 1949 3799 καὶ

377 3836 566 3908 κύριον
588 3876 604 3900 ,
638 3837 731 3890 καὶ
758 3837 1085 3910 δημιουργὸν
1104 3877 1119 3904 ,
1152 3839 1246 3892 καὶ⁵
1270 3838 1543 3902 ούσιωδῶς
1585 3839 1643 3891 έν
1670 3836 1847 3908 ἑαυτῷ
1882 3837 1951 3892 τά

376 3931 472 3985 τοῦ
516 3931 732 4002 Πατρὸς
768 3931 913 4002 ἔχειν
943 3934 1050 3987 ἴδια
1129 3934 1224 3987 καὶ
1265 3929 1556 4002 ἐξαίρεται
1604 3933 1951 4002 βλεπέτωσαν

375 4022 499 4075 ὅποι
530 4020 663 4073 ποτὲ
701 4020 863 4074 πάλιν
895 4022 1078 4086 αὐτοῖς
1111 4021 1171 4074 τὸ
1195 4022 1303 4075 τῶν
1329 4022 1454 4092 τῇδε
1487 4021 1787 4076 δοκούντων
1816 4022 1955 4075 ἀπο-

379 4112 716 4165 κινδυνεύσει
747 4112 919 4175 τέλος.
944 4113 1111 4166 Οὐδὲν
1143 4114 1253 4184 γάρ
1289 4112 1429 4177 ὅλως
1460 4115 1519 4167 ὲν
1552 4116 1616 4184 τῇ
1648 4113 1766 4183 θείᾳ.
1795 4112 1955 4181 φύσει

377 4199 442 4252 τὸ
476 4199 785 4263 ἀξιόπιστον
814 4200 1206 4272 εὑρεθήσεται,
1252 4202 1557 4274 δυναμένης
1587 4203 1687 4275 ήδη
1727 4202 1824 4257 καὶ
1859 4202 1958 4273 τῆς

379 4291 493 4344 τῶν
531 4290 774 4361 γενητῶν
805 4292 1017 4360 φύσεως
1046 4294 1309 4365 ὑπάρχειν
1338 4295 1496 4350 τοῦτο
1525 4298 1643 4352 κατ’
1677 4296 1958 4368 ἀλήθειαν,

387 4380 529 4448 ὅπερ
554 4377 619 4431 ἂν
653 4381 824 4432 νοοῖτο
854 4380 945 4433 καὶ
983 4381 1141 4453 αὐτή.
1186 4384 1586 4439 ’Δποδέδεικται
1629 4385 1776 4457 γάρ,
1814 4385 1958 4440 κατά

387 4483 454 4536 γε
487 4468 580 4520 τὸν
616 4466 768 4537 παρὰ
806 4470 920 4531 τοῖς
960 4468 1028 4521 δι’
1072 4472 1320 4535 ἐναντίας
1357 4472 1749 4542 ἀδρανέστατον
1778 4473 1955 4541 λόγον,

379 4561 482 4631 τῆς
512 4559 615 4631 μὲν
659 4558 809 4624 θείας
848 4560 1064 4630 φύσεως
1100 4562 1200 4632 οὐχ
1247 4563 1507 4633 ὑπάρχων
1546 4566 1574 4619 6
1627 4565 1957 4637 Μονογενὴς,

380 4654 522 4725 έχων
563 4653 612 4707 δ’
646 4648 738 4706 οὖν
782 4654 932 4724 ὅμως
974 4654 1244 4724 ἀληθινῶς
1293 4657 1352 4709 ἐν
1406 4656 1583 4728 ἑαυτῷ
1623 4658 1692 4713 τὰ
1746 4659 1961 4730 ἐκείνης

380 4746 651 4816 ἐξαίρετα.
678 4743 811 4800 Εἶτα
845 4747 929 4811 τίς
959 4748 1061 4801 οὐκ
1085 4748 1398 4820 ἀποφρίξει,
1432 4751 1525 4804 καὶ
1551 4732 1710 4822 μόνού
1743 4752 1960 4807 ἀκούων

380 4839 478 4909 τὴν
504 4836 612 4890 τῶν
654 4837 941 4909 δογμάτων
988 4839 1343 4910 δυσσέϐειαν;
1381 4844 1567 4899 Πάντα
1603 4845 1711 4916 γὰρ
1739 4845 1868 4900 ἄνω
1897 4862 1958 4900 τε

383 4927 476 4979 καὶ⁹
503 4925 653 4980 κάτω
679 4929 971 5000 στρέφεται
1000 4930 1314 5002 λοιπὸν,τῆς
1348 4933 1447 5003 μὲν
1473 4934 1543 4988 τὰ
1566 4938 1744 4990 πάντα
1782 4938 1956 5007 ὑπερ-

386 5017 650 5087 κειμένης
670 5018 882 5085 φύσεως
906 5022 1342 5094 καταϐαινούσης
1375 5024 1467 5078 ἐπὶ
1489 5024 1549 5078 τὸ
1576 5027 1960 5082 συντάττεσθαι

387 5109 500 5169 τοῖς
530 5113 1014 5183 γενητοῖς,καὺτῆς
1040 5114 1096 5168 δὲ
1123 5118 1225 5186 τῆς
1268 5116 1501 5180 κτίσεως
1556 5118 1638 5180 είς
1680 5119 1740 5172 τὸ
1789 5120 1960 5191 ὑπερ-

388 5199 575 5254 έκεινα
617 5203 712 5255 καὶ
740 5204 835 5273 οὐχ
853 5205 1155 5277 ὡρισμένον
1181 5210 1317 5281 αὐτῇ
1340 5210 1961 5282 παραλόγωςάναπηδώ-

391 5309 488 5361 σης
521 5294 741 5364 μέτρον.
773 5296 981 5350 Οὐκοῦν
1004 5336 1019 5361 ,
1060 5297 1136 5362 ὡς
1163 5301 1385 5365 ὁλκάδος
1416 5303 1473 5354 ἐν
1508 5301 1734 5370 πελάγει
1772 5300 1962 5371 βαπτι-
2011 5327 2018 5332 ·

391 5383 663 5457 ζομένης,
732 5388 831 5458 τῆς
895 5388 1003 5440 τῶν
1066 5391 1318 5447 τοιούτων
1386 5394 1675 5464 δογμάτων
1738 5394 1963 5457 ἀτοπίας

390 5474 784 5549 ἀπονηχὸμενοι
807 5520 819 5541 ,
872 5480 1191 5550 σπεύδωμεν
1224 5484 1297 5547 ὡς
1457 5484 1677 5554 ἀσφαλῆ
1712 5485 1802 5537 καὶ
1834 5486 1960 5540 ἀκύ-

467 5655 509 5684 ⁶²
550 5658 670 5711 Art.
706 5676 774 5713 vn
801 5701 814 5724 ,
855 5661 941 5725 5i,
1022 5662 1065 5690 εκ
1108 5660 1249 5716 Psal.
1291 5680 1435 5729 κων,
1470 5665 1518 5719 7.

2030 1833 2130 1892 lat.
2169 1831 2530 1904 Omnipotens
2567 1849 2698 1890 vero
2726 1842 2783 1891 et
2823 1835 3055 1891 Creator
3084 1835 3154 1890 ab
3185 1837 3443 1890 omnibus
3472 1849 3602 1889 san-

2031 1924 2137 1979 ctis
2186 1938 2439 1991 vocatur,
2488 1926 2657 1997 idque
2702 1941 2814 1983 non
2863 1928 3020 1998 quasi
3072 1927 3391 1997 dignitatem
3452 1925 3601 1979 illam

2033 2014 2266 2084 haheat,
2313 2025 2373 2072 ut
2403 2031 2504 2074 vos
2548 2017 2740 2082 vultis,
2794 2019 3109 2083 ascititiam,
3154 2019 3250 2074 sed
3300 2017 3449 2089 quod
3499 2018 3604 2075 hoc

2035 2110 2336 2165 secundum
2399 2117 2653 2165 naturam
2710 2109 2943 2165 exsistat
2996 2107 3144 2178 quod
3202 2123 3327 2163 esse
3374 2109 3602 2174 dicitur,

2034 2210 2199 2273 atque
2232 2201 2443 2258 idcirco
2473 2200 2735 2256 adoratur
2765 2214 2892 2255 cum
2925 2215 2957 2254 a
2985 2197 3197 2254 sanctis
3231 2199 3463 2267 angelis,
3487 2205 3604 2252 tum

2035 2307 2067 2346 a
2099 2291 2278 2356 nobis,
2325 2290 2575 2361 quamvis
2625 2288 2910 2359 Scriptura
2949 2286 3139 2342 divina
3189 2286 3465 2341 neminem
3508 2282 3605 2340 ad-

2036 2383 2305 2437 orandum
2335 2397 2459 2437 esse
2491 2387 2698 2437 statuat
2715 2386 3077 2450 praeterquam
3105 2378 3283 2434 solum
3314 2375 3605 2431 Dominum

2035 2472 2228 2529 Deum.
2255 2471 2315 2528 Si
2346 2488 2478 2543 ergo
2507 2471 2804 2529 ascititiam
2836 2478 2890 2526 et
2920 2470 3146 2525 aliunde
3177 2468 3449 2523 invectam
3481 2479 3607 2521 esse

2037 2564 2267 2619 credunt
2310 2564 2365 2618 in
2399 2579 2466 2620 eo
2506 2563 2747 2618 divinam
2782 2563 3128 2633 dignitatem,
3175 2567 3250 2628 et,
3281 2568 3463 2613 tamen
3508 2555 3608 2611 ad-

2039 2654 2308 2710 orandum
2337 2669 2462 2710 esse
2483 2663 2696 2724 putant,
2727 2654 2906 2709 sciant
2934 2668 2995 2707 se
3024 2661 3331 2707 creaturam
3379 2650 3610 2703 adorare

2038 2761 2152 2817 pra:
2180 2747 2477 2811 Creatore,
2512 2760 2828 2815 novumque
2874 2758 2939 2799 ac
2990 2750 3264 2798 recentem
3296 2740 3467 2794 Deum
3505 2738 3608 2793 sibi

2041 2837 2345 2901 delineare,
2382 2835 2566 2906 potius
2600 2849 2767 2905 quam
2809 2833 3117 2887 naturalem
3160 2844 3478 2900 agnoscere.
3511 2828 3611 2882 Sin

2042 2937 2221 2982 autem
2255 2942 2286 2981 a
2316 2926 2507 2983 Patris
2544 2925 2854 2982 substantia
2889 2924 3089 2978 Filium
3120 2921 3512 2985 excludentes,
3557 2926 3613 2973 et

2046 3017 2244 3074 Filium
2274 3020 2454 3088 ipsum
2475 3024 2528 3073 et
2556 3015 2727 3071 Deum
2760 3030 2947 3071 verum
2975 3030 3098 3069 esse
3125 3013 3386 3076 fatentur,
3413 3025 3614 3080 regem-

2047 3126 2174 3182 que,
2198 3125 2261 3165 ac
2288 3110 2593 3174 dominum,
2617 3116 2672 3163 et
2702 3108 2973 3177 opiﬁcem,
2995 3114 3191 3175 etquaa
3210 3104 3393 3159 Patris
3413 3101 3615 3157 eximia

2048 3210 2180 3260 sunt
2211 3217 2276 3258 ac
2308 3199 2531 3271 propria
2573 3198 3011 3254 substantialiter
3060 3196 3262 3250 habere
3296 3194 3350 3247 in
3406 3193 3613 3261 seipso,

2045 3295 2267 3349 videant
2294 3306 2530 3361 quonam
2565 3291 2786 3345 demum
2823 3303 3013 3344 eorum
3058 3284 3267 3341 recidat
3306 3284 3494 3353 opinio
3521 3281 3616 3350 qui

2034 3383 2127 3441 sic
2173 3382 2437 3437 sentiunt.
2482 3378 2629 3433 Nihil
2679 3379 2826 3434 enim
2884 3376 3023 3431 certi
3080 3375 3134 3428 in
3196 3381 3391 3426 natura
3435 3369 3619 3424 divina

2044 3473 2371 3543 reperietur,
2399 3485 2525 3525 cum
2568 3485 2751 3525 rerum
2795 3474 3104 3523 creatarum
3150 3472 3344 3519 natura
3372 3461 3427 3517 id
3454 3460 3618 3516 etiam

2045 3579 2234 3620 revera
2265 3577 2388 3617 esse
2414 3570 2601 3630 queat,
2636 3559 2783 3629 quod
2812 3558 2953 3629 ipsa.
2996 3554 3441 3610 Demonstratum
3471 3548 3618 3603 enim

2046 3661 2132 3710 est
2156 3651 2599 3707 adversariorum
2630 3647 2923 3703 admodum
2956 3644 3175 3699 inﬁrma
3203 3641 3451 3696 oratione
3485 3636 3620 3692 divi-

2048 3758 2133 3799 nae
2153 3751 2363 3797 naturae
2393 3757 2507 3796 non
2537 3755 2659 3796 esse
2682 3737 3192 3808 Uuigenitum,vere
3218 3745 3397 3788 tamen
3421 3729 3624 3784 habere

2050 3835 2105 3890 in
2134 3835 2319 3903 seipso
2339 3844 2686 3903 quascunque
2714 3829 2837 3899 ejus
2856 3835 2987 3883 sunt
3005 3825 3227 3882 eximia.
3258 3822 3331 3876 At
3359 3821 3482 3890 quis
3512 3831 3622 3871 non

2050 3927 2438 3989 cohorrescet,
2491 3922 2539 3978 si
2586 3922 2673 3978 vel
2716 3920 2889 3977 solam
2932 3917 3248 3987 dogmatum
3291 3912 3624 3980 impietatem

2049 4018 2278 4075 audiat?
2310 4015 2507 4073 Omnia
2540 4013 2685 4070 enim
2736 4026 2956 4068 sursum
3002 4023 3066 4062 ac
3113 4006 3370 4061 deorsum
3399 4006 3625 4054 vertun-

2052 4119 2162 4175 tur,
2201 4124 2326 4165 cum
2359 4116 2551 4162 natura
2582 4105 2674 4157 illa
2700 4102 2948 4158 omnium
2981 4109 3234 4167 suprema
3272 4107 3338 4146 eo
3366 4090 3625 4159 depressa

2055 4201 2151 4267 sit,
2183 4207 2243 4256 ut
2270 4198 2415 4253 inter
2441 4201 2729 4250 creaturas
2764 4196 3106 4251 numeretur,
3135 4190 3188 4239 et
3221 4181 3338 4249 ipsa
3372 4185 3627 4233 creatura

2056 4292 2121 4347 ad
2157 4303 2478 4360 supremum
2508 4300 2611 4340 nec
2646 4284 2752 4340 sibi
2776 4279 3140 4337 constitutum
3171 4271 3394 4329 modum
3424 4276 3631 4360 temere

2055 4357 2344 4439 evehatur.
2404 4377 2708 4445 Quocirca,
2746 4373 2903 4429 velut
2930 4370 2984 4425 in
3032 4363 3308 4437 profundo
3361 4359 3485 4415 navi
3531 4357 3630 4412 de—

2059 4489 2276 4539 mersa,
2341 4488 2409 4528 ex
2473 4464 2854 4540 hujuscemodi
2913 4462 3230 4532 dogmatum
3290 4451 3633 4509 absurditate

2055 4573 2420 4637 emergentes,
2448 4563 2515 4617 ad
2551 4569 2727 4615 tutum
2761 4564 2816 4613 et
2849 4555 3093 4626 quietum
3135 4545 3383 4603 veritatis
3411 4549 3631 4637 portum

2055 4633 2489 4720 contendamus,
2525 4653 2735 4722 Deique
2780 4663 2844 4703 ac
2884 4643 3067 4700 Patris
3106 4639 3395 4709 imaginem
3433 4633 3633 4689 Filium

2055 4766 2180 4807 esse
2218 4749 2515 4815 fateamur,
2551 4761 2662 4801 non
2691 4740 2978 4812 fragilibus
3023 4730 3351 4805 quibusdam
3398 4727 3636 4799 dignita-

2062 4842 2214 4897 tibus
2240 4841 2565 4905 obductum,
2594 4852 2774 4907 neque
2804 4833 2939 4891 solis
2962 4823 3340 4902 praerogativis
3369 4822 3476 4877 Deo
3505 4833 3637 4874 con-

2065 4935 2413 4992 venientibus
2466 4932 2866 5002 conspicuum,
2920 4924 3017 4983 sed
3082 4915 3520 4978 substantialiter
3583 4915 3639 4965 et

2065 5029 2212 5085 omni
2242 5043 2306 5084 ex
2348 5031 2504 5097 parte
2549 5021 2954 5096 perfectissimo
2999 5011 3245 5071 Genitori
3297 5003 3637 5076 responden-

2066 5129 2208 5189 tem,
2262 5129 2318 5178 et
2353 5134 2454 5191 per
2488 5118 2673 5173 omnia
2729 5114 3088 5171 cxsistentem
3137 5099 3637 5191 secundinnAilatu-

2067 5183 2378 5269 ram'suam
2418 5211 2473 5267 id
2512 5209 2660 5280 quod
2696 5206 2862 5262 Pater
2897 5217 3022 5260 esse
3059 5202 3337 5280 censetur,
3370 5183 3528 5280 233
3555 5183 3641 5234 ni-

2068 5303 2268 5357 mirum
2296 5301 2468 5357 Deum
2492 5275 2684 5357 verum
2737 5311 2863 5351 vere
2906 5293 2975 5348 de
3006 5290 3135 5354 Deo,
3184 5275 3641 5376 οωηξιξοξέξιίςξξξῖ

2070 5401 2402 5457 creatorem,
2427 5393 2655 5457 bonum,
2680 5386 3043 5447 adorandum,
3093 5385 3148 5434 et
3172 5374 3218 5429 si
3240 5362 3373 5462 quiti
3408 5358 3644 5462 amplius

2074 5484 2198 5541 addi
2225 5455 2402 5557 potest
2426 5485 2569 5557 quod
2602 5455 2712 5539 Dico
2740 5476 3053 5537 conveniat.
3089 5468 3242 5522 Tunc
3280 5455 3431 5511 enim
3469 5455 3655 5504 osten-
