4078 6262
508 325 613 382 379
1495 324 1552 380 S.
1583 320 1857 379 CYRILLI
1895 315 2365 379 ALEXANDRINI
2399 320 2719 380 ARCHIEP.
3314 315 3330 329 ’
3648 327 3750 384 580

512 436 707 492 dentes
740 444 884 492 'eum
945 437 1002 492 in
1059 437 1314 513 omnibus
1374 436 1606 493 similem
1667 452 1792 494 esse
1856 436 1965 493 Deo
2018 451 2084 491 ac

2195 455 2325 508 μονα
2351 438 2545 509 λιμένα
2575 439 2672 510 τὴν
2710 438 2986 511 ἀλήθειαν,
3020 439 3115 494 καὶ
3156 438 3343 492 εἰκόνα
3373 437 3462 491 τοῦ
3496 434 3631 492 Θεοῦ
3661 436 3753 495 καὶ

512 523 683 593 Patri,
708 527 870 582 etiam
898 543 1026 583 vere
1054 528 1164 583 dici
1205 529 1274 583 ab
1295 543 1360 583 eo
1383 527 1905 592 demonstrabimus,
1935 528 2081 599 quod

2195 528 2399 599 Πατρός
2426 530 2778 600 ὁμολογῶμεν
2811 531 2905 583 τὸν
2941 531 3090 596 Υίδν,
3125 531 3224 584 οὐκ
3250 531 3534 601 ἐπικήροις
3567 530 3753 601 ῶσπερ

518 636 536 667 ι
567 614 670 681 Qui
704 632 814 671 non
862 617 1185 672 honoriﬁcat
1238 616 1458 684 Filium,
1493 634 1670 689 neque
1708 617 1928 673 Patrem
1982 619 2084 673 bon

2195 620 2294 673 τισὶ
2326 620 2840 691 περιπεπλασμένον
2886 620 3226 692 ἀξιώμασιν,
3267 623 3387 675 οὐδὲ
3422 622 3601 691 μόνοις
3646 622 3753 684 τοῖς

515 707 806 774 noriﬁcal,
841 692 935 779 qui
964 706 1115 764 misit
1169 710 1344 764 illum.
1389 728 1409 761 ι
1444 709 1517 764 De
1547 710 1650 791 hqc
1687 710 1830 765 enim
1856 711 2088 781 quaestio

2195 710 2513 780 θεοπρεπέσι
2547 711 3015 781 κατηγλαῖσμένον
3042 710 3367 781 ἀξιώμασιν,
3412 710 3527 764 ἀλλ’
3565 710 3756 762 oberu-

514 799 676 854 nobis
705 810 810 867 est,
835 816 890 857 et
928 816 993 857 eo
1017 809 1229 872 spectat
1278 818 1398 872 quae
1441 816 1569 858 mox
1597 802 1735 857 facta
1775 810 1861 858 est
1894 803 2083 873 dispu-

2195 800 2289 865 δῶς
2307 801 2440 873 πρὸς
2463 802 2560 871 τὴν
2582 800 2675 855 τοῦ
2702 802 2951 865 τεκόντος
2972 801 3257 872 ἀκρίϐειαν
3277 800 3753 871 ἀπηκριϐωμένον,

448 868 453 909 ι
519 891 673 947 ratio,
1048 868 1066 872 —
1190 952 1195 959 λ
1294 868 1313 872 _
1980 868 1998 873 —
2188 893 2281 946 καὶ
2306 868 2742 964 ἀπαραλλάκτως
2768 868 3083 965 ὑπάρχοντα
3135 894 3276 947 κατὰ
3306 868 3486 961 φύσιν,
3523 868 3660 961 ὅπερ
3693 893 3756 944 ἂν

516 987 685 1037 νοοῖτο
711 985 805 1039 καὶ
830 984 858 1038 ὀ
878 986 1147 1056 γεννήσας
1175 968 1357 1052 αὐτόν,
1387 986 1631 1040 τουτέστι
1652 985 1783 1039 Θεὸν
1807 984 2078 1055 ἀληθινὸν,
2115 985 2180 1037 ἐκ
2239 984 2375 1037 Θεοῦ
2443 985 2585 1039 κατὰ
2615 985 2893 1057 ἀλήθειαν,
2926 986 3360 1057 παντοκράτορα,
3408 985 3756 1057 δημιουργόνῖ

515 1070 929 1145 δεδοξασμένον,
957 1074 1195 1143 ἀγαθὸν,
1235 1076 1609 1146 προσκυνητὸν
1633 1115 1648 1140 ,
1693 1076 1788 1129 καὶ
1816 1074 1946 1128 εἴτι
2006 1076 2119 1137 τοῖς
2156 1075 2466 1145 εἰρημένοις
2526 1075 2603 1139 ὡς
2644 1073 2766 1145 Θεῷ
2815 1077 3020 1146 πρέπον
3061 1075 3448 1145 παρέζευκται.
3491 1073 3623 1127 Τότε
3652 1072 3758 1146 γάρ

515 1165 578 1236 δὴ
618 1167 758 1220 κατὰ
815 1167 992 1222 πάντα
1049 1169 1408 1238 προσεοικότα
1466 1169 1802 1233 δεικνύοντες
1842 1168 1919 1239 τῷ
1960 1167 2080 1238 Θεῷ
2118 1168 2213 1220 καὶ
2243 1168 2439 1239 Πατρὶ,
2486 1168 2578 1222 καὶ
2609 1167 2940 1240 ἀληθεύοντα
2985 1167 3430 1240 παραστήσομεν,
3495 1165 3569 1228 ὡς
3642 1183 3661 1216 t
3698 1164 3757 1217 Εί

521 1262 594 1331 μή
660 1279 744 1325 τις
809 1262 1048 1332 βούλοιτο
1094 1265 1259 1334 τιμᾷν
1290 1263 1382 1317 τὸν
1429 1264 1591 1328 Υίὸν,
1629 1265 1751 1317 οὐδὲ
1795 1264 1886 1317 τὸν
1935 1263 2154 1333 Πατέρα
2191 1265 2327 1334 τιμᾷ
2364 1263 2455 1316 τὸν
2501 1262 2894 1317 ἀποστείλαντα
2947 1262 3127 1316 αὐτόν.
3181 1280 3198 1312 ι
3247 1260 3383 1331 Περὶ
3421 1259 3609 1312 τούτου
3655 1257 3760 1328 γὰρ

518 1354 648 1423 ἡμῖν
696 1356 729 1426 ἡ
771 1356 1031 1427 ζήτησις,
1073 1358 1169 1410 καὶ
1209 1359 1242 1427 ἡ
1297 1356 1405 1411 τῶν
1463 1358 1665 1428 ἀρτίως
1706 1357 2091 1428 ὲξητασμένων
2130 1357 2411 1428 κεκίνηται
2445 1357 2694 1427 βάσανος.

587 1447 653 1513 ν,
693 1448 784 1503 24.
826 1451 1015 1516 Amen,
1048 1469 1202 1506 amen
1245 1452 1363 1506 dico
1394 1451 1560 1515 vobis,
1593 1452 1720 1521 quia
1748 1453 1840 1521 qui
1874 1451 2086 1505 verbum

2195 1482 2205 1496 ι
2273 1450 2468 1521 Ἀμὴν,
2507 1452 2669 1520 ἀμὴν
2694 1450 2847 1520 λέγω
2883 1449 3039 1518 ὑμῖν,
3082 1446 3170 1501 ὅτι
3216 1447 3248 1499 ὁ
3295 1444 3403 1528 τὸτί
3428 1444 3612 1514 λόγον
3643 1460 3759 1512 μου

519 1555 690 1594 meum
731 1540 902 1608 audit,
936 1554 985 1597 et
1016 1543 1181 1596 credit
1217 1544 1266 1597 ei
1301 1544 1392 1612 qui
1422 1544 1569 1597 misit
1600 1559 1701 1610 me,
1734 1542 1886 1596 habet
1925 1544 2086 1596 vitam

2195 1544 2443 1607 ἀκούων,
2474 1543 2572 1597 καὶ
2600 1544 2898 1597 πιστεύων
2925 1538 3003 1606 τῷ
3031 1539 3335 1608 πέμψαντί
3350 1536 3576 1606 με,ἕχει
3610 1533 3761 1601 ζωὴν

516 1640 791 1696 veternum,
822 1643 873 1687 et
922 1636 977 1688 in
1030 1635 1301 1705 judicium
1328 1651 1432 1689 non
1473 1636 1631 1701 venit,
1662 1635 1753 1689 sed
1796 1620 2010 1688 transiit
2055 1648 2089 1687 a

2195 1635 2448 1700 αἰώνιον,
2484 1636 2581 1689 καί
2614 1637 2702 1700 εις
2731 1633 2934 1702 κρίσιν
2966 1634 3076 1686 οὐκ
3111 1628 3549 1718 ἐρχεται,ὴά.ῑ.1ἀ
3587 1640 3761 1694 μετα-

519 1732 686 1777 ntorte
715 1723 784 1776 ad
816 1726 1002 1778 vitam.

2195 1727 2444 1794 ϐέϐηκεν
2465 1727 2533 1780 ἑιι
2566 1724 2674 1779 τοῦ
2708 1724 2965 1795 θανάτου
2992 1725 3079 1788 είς
3110 1721 3226 1789 τὴν
3254 1717 3422 1785 ζωήν.

590 1812 892 1884 Postquam
937 1816 992 1869 in
1037 1817 1422 1886 superioribus
1460 1816 1678 1873 abunde
1716 1816 1958 1874 ostendit
1990 1819 2093 1872 mi-

522 1919 677 1962 seros
708 1903 929 1962 Iudaeos
969 1923 1080 1963 non
1134 1909 1188 1962 in
1225 1909 1401 1964 solum
1437 1907 1635 1963 Filium
1683 1924 1931 1979 peccare,
1965 1923 2090 1962 cum

521 1996 727 2051 audent
754 1998 1157 2067 reprehendere
1196 2015 1319 2070 qua:
1345 1999 1596 2055 docendo
1626 2001 1968 2070 loqueretur,
1998 2007 2092 2054 aut

521 2086 666 2156 apud
696 2087 845 2157 ipsos
870 2099 1210 2158 operaretur,
1242 2090 1341 2147 sed
1372 2091 1427 2145 in
1456 2094 1635 2162 ipsum
1673 2091 1838 2147 etiam
1875 2090 2121 2146 Patrem‘

522 2177 691 2233 stulte
725 2194 976 2248 peccare,
1012 2193 1085 2246 et,
1129 2182 1174 2235 si
1230 2181 1295 2237 ad
1344 2183 1452 2237 vim
1502 2183 1771 2237 dictorum
1803 2184 2089 2253 respicias,

450 2262 453 2267 ’
521 2283 714 2323 eorum
747 2269 1036 2327 audaciam
1067 2273 1335 2340 coercuit,
1367 2289 1431 2328 ac
1462 2274 1743 2345 proposita
1778 2274 2091 2329 luturorum

523 2371 620 2425 spe
656 2359 857 2415 melius
884 2360 1067 2417 vivere
1099 2364 1395 2433 persuasit,
1425 2365 1492 2419 ad
1519 2366 1843 2435 obsequium
1872 2366 2091 2420 tandem

520 2462 619 2503 eos
649 2449 838 2520 adigit.
863 2450 1178 2506 Artiﬁciosa
1202 2469 1333 2508 vero
1355 2454 1443 2508 hic
1464 2455 1719 2510 oratione
1753 2470 1948 2512 rursus
1980 2457 2091 2509 uti-

522 2550 632 2593 tur.
659 2539 798 2595 Nam
832 2557 956 2596 eum
988 2541 1208 2599 Judzeos
1247 2544 1427 2600 adhuc
1465 2546 1715 2602 laborare
1744 2558 1954 2614 nosset,
1991 2548 2093 2603 hoc

523 2637 611 2685 est
647 2632 715 2686 de
761 2646 821 2688 se
873 2635 1264 2699 scandalizari,
1301 2634 1461 2692 ﬁ‘dem
1516 2652 1710 2693 rursus
1769 2640 1837 2693 ad
1887 2638 1982 2693 Dei
2029 2653 2093 2694 ac

526 2721 709 2778 Patris
740 2739 1034 2794 personam
1065 2726 1254 2792 refert,
1283 2743 1394 2783 non
1430 2730 1589 2799 quasi
1632 2731 1872 2801 seipsum
1905 2732 2093 2787 exelu-

522 2810 648 2876 dat,
701 2813 797 2868 sed
874 2813 1022 2883 quod
1081 2823 1309 2886 prOpter
1374 2817 1714 2871 identitatem
1775 2818 2095 2872 substantia

523 2900 690 2955 etiam
738 2902 793 2956 in
823 2900 986 2959 Patre
1034 2905 1455 2961 bonoriﬁcetur.
1488 2907 1788 2962 Credentes
1814 2921 1946 2961 vero
1984 2921 2091 2961 non

2260 1816 2572 1881 Ἀποδείξεις
2599 1816 2701 1887 ἤδη
2733 1815 2821 1868 διὰ
2867 1813 2974 1866 τῶν
3007 1811 3384 1884 προλαϐόντων
3431 1806 3763 1878 ἀρκούντως,

2191 1910 2267 1973 ὡς
2307 1911 2407 1963 οὐκ
2452 1911 2531 1973 είς
2578 1908 2737 1979 μόνον
2777 1906 3147 1978 ἁμαρτάνουσι
3184 1903 3274 1955 τὸν
3299 1901 3426 1954 Υἱὺν
3458 1901 3506 1952 οἱ
3540 1899 3763 1960 τάλανες

2203 2002 2459 2065 Ἰουδαῖοι,
2490 2000 2794 2072 τολμῶντες
2827 1999 3086 2068 ἐπιτιμᾷν
3133 1990 3327 2065 οἷσπερ
3354 1993 3420 2047 ἂν
3450 1991 3586 2063 λέγῃ
3621 1989 3764 2043 διδά-

2192 2096 2355 2159 σκων,
2390 2094 2423 2164 ἢ
2474 2092 2566 2146 καὶ
2610 2092 2908 2162 ἐργάζηται
2958 2089 3088 2160 παρ’
3126 2087 3329 2149 αὐτοῖς,
3377 2084 3512 2139 ἀλλὰ
3550 2081 3644 2134 καὶ
3689 2083 3767 2142 εἰς

2191 2185 2352 2240 αὐτὸν
2395 2182 2783 2253 ἀμαθαίνοντες
2832 2176 3208 2250 πλημμελοῦσι
3248 2178 3337 2229 τὸν
3397 2173 3634 2242 Πατέρα,
3675 2170 3767 2223 καὶ

2190 2278 2313 2331 ὅσον
2341 2272 2474 2347 ἧκεν
2520 2277 2598 2338 είς
2644 2274 2744 2345 τὴν
2794 2272 2900 2326 τῶν
2932 2268 3231 2343 εἰρημένων
3287 2267 3586 2337 ἐνέργειαν,
3616 2278 3767 2330 περι-

2194 2367 2406 2430 στείλας
2430 2365 2506 2437 τῷ
2535 2366 2681 2436 φόϐῳ
2709 2365 2770 2418 τδ
2795 2364 3013 2436 θράσος,
3062 2364 3156 2415 καὶ
3190 2361 3287 2431 ζῇν
3322 2357 3623 2418 ἀναπείσας
3649 2355 3767 2406 ἐπι-

2192 2459 2498 2530 εικέστερον
2548 2460 2614 2528 τῇ
2666 2455 2776 2509 τῶν
2822 2454 3094 2526 ἐσομένων
3137 2451 3334 2511 ἐλπίδι,
3376 2448 3559 2501 λοιπὸν
3594 2462 3763 2515 σαγη·

2192 2546 2335 2602 νεύει
2381 2547 2517 2618 πρὸς
2565 2545 2893 2599 εὐπείθειαν.
2938 2545 3052 2597 Οὐκ
3098 2542 3334 2611 ἀτέχνως
3375 2539 3431 2593 δὲ
3479 2538 3639 2590 πάλιν
3678 2535 3769 2588 τὸν

2192 2638 2283 2691 ἐπὶ
2326 2636 2534 2700 τούτοις
2570 2638 2862 2708 ἐποιήσατο
2897 2635 3075 2704 λόγον.
3118 2631 3336 2702 Ἐπειδὴ
3371 2629 3478 2701 γὰρ
3514 2620 3657 2681 οἶδεν
3689 2626 3769 2679 ἔτι

2192 2729 2477 2792 νοσοῦντας
2504 2730 2629 2793 τοὺς
2655 2727 2963 2791 Ἰουδαίους,
2992 2719 3505 2792 σκανδαλιζομένους
3524 2718 3769 2773 τουτέστι

2193 2821 2323 2893 περὶ
2358 2820 2542 2885 αὐτοῦ,
2576 2820 2737 2875 πάλιν
2766 2817 3024 2889 ἀναφέρει
3070 2815 3167 2887 τὴν
3202 2813 3383 2871 πίστιν
3416 2814 3495 2876 είς
3521 2811 3581 2863 τὸ
3607 2809 3769 2883 πρόσ-

2193 2930 2340 2966 ωπον
2366 2912 2460 2966 τοῦ
2483 2912 2618 2965 Θεοῦ
2647 2912 2741 2965 καὶ
2767 2910 3000 2980 Πατρδς,
3024 2908 3121 2978 οὐχ
3143 2907 3217 2971 ὡς
3243 2904 3432 2959 ἐαυτὸν
3458 2903 3561 2968 ἔξω
3582 2899 3769 2964 τιθεὶς,

528 2990 705 3045 solum
736 2999 957 3048 aeternae
992 2996 1116 3049 vita:
1152 2995 1267 3049 fore
1293 2995 1613 3065 participes,
1651 2997 1747 3051 sed
1795 3006 1851 3051 et
1900 2996 2091 3063 judicii

2199 3004 2309 3057 ἀλλ’
2338 3004 2412 3067 ὠς
2441 3003 2529 3056 διὰ
2567 3002 2663 3074 τὴν
2698 3001 2999 3071 ταυτότητα
3024 2999 3120 3068 τῆς
3149 2998 3335 3061 οὐσίας
3366 2994 3460 3050 καὶ
3504 2997 3562 3047 ἐν
3599 2992 3768 3062 Πατρὶ

525 3081 802 3138 vitaturos
833 3084 1162 3153 periculum,
1194 3086 1531 3154 justiﬁcatos
1551 3087 1812 3140 nimirum
1837 3087 2092 3151 aliirmat,

526 3177 733 3225 metum
773 3180 871 3242 spe
921 3174 1143 3227 mistum
1180 3176 1451 3245 injiciens.
1489 3174 1584 3230 Sic
1627 3177 1772 3230 enim
1821 3175 2093 3231 elIicacior

524 3273 581 3316 et
615 3264 930 3334 expressior
980 3266 1036 3321 in
1103 3268 1416 3323 auditorum
1476 3268 1675 3323 animis
1737 3266 1919 3323 futura
1974 3276 2093 3324 erat

524 3355 726 3410 oratio.

2198 3092 2522 3164 τιμώμενος.
2567 3093 2704 3154 Τοὺς
2755 3091 2812 3143 δέ
2853 3107 2918 3158 γε
2976 3088 3348 3150 πιστεύοντας,
3396 3084 3458 3137 ού
3515 3080 3787 3153 μετόχους.

2200 3183 2416 3237 ἔσεσθαι
2450 3184 2607 3254 μόνον
2644 3186 2743 3254 τῆς
2781 3182 2997 3235 αἰωνίου
3034 3179 3199 3250 ζωῆς,
3257 3178 3391 3233 ἀλλά
3436 3176 3532 3230 καὶ¹
3576 3174 3666 3228 τὸν
3711 3174 3770 3226 ἐκ

2198 3273 2298 3342 τῆς
2351 3274 2582 3342 κρίσεως
2625 3270 3002 3340 διαφεύξεσθαι
3049 3270 3324 3331 κίνδυνον,
3365 3265 3770 3336 δικαιουμένους

2197 3362 2438 3432 δηλονότι
2486 3358 2890 3434 διιηυρίζεταί,
2935 3359 3340 3433 κεκερασμένον
3393 3357 3568 3410 ἐλπίδι
3642 3370 3768 3425 προσ

525 3443 714 3500 τείνων
757 3447 848 3501 τὸν
897 3448 1079 3519 φόϐον.
1126 3449 1284 3505 Οὕτω
1312 3450 1420 3523 γὰρ
1470 3445 1537 3521 ἦν
1578 3450 1957 3523 ἐνεργέστερόν
2021 3467 2137 3513 me;
2173 3453 2267 3506 καὶ
2319 3453 2730 3524 δεικτικώτερον
2769 3455 2880 3517 τοῖς
2922 3451 3290 3523 ἀκροωμένοις
3361 3446 3769 3520 ἀπεργάσασθαι

525 3536 616 3590 τὸν
634 3535 812 3605 λόγον.

598 3625 667 3692 V,
690 3628 782 3682 25.
821 3627 1012 3693 Amen,
1039 3646 1193 3683 amen
1216 3629 1334 3685 dico
1364 3633 1532 3695 vobis,
1561 3634 1689 3702 quia
1711 3634 1844 3687 venit
1872 3634 2026 3696 hora,
2047 3642 2099 3686 et

529 3732 667 3771 nunc
701 3726 802 3782 est,
839 3718 1050 3786 quando
1080 3720 1278 3773 mortui
1323 3721 1540 3775 audient
1570 3738 1745 3777 vocem
1777 3721 1910 3777 Filii
1944 3723 2042 3777 Dei
2078 3738 2097 3777 :

525 3817 576 3863 et
602 3808 693 3877 qui
720 3807 1009 3874 audierint,
1040 3810 1230 3866 vivent.

595 3898 733 3952 Cum
768 3897 1003 3955 dixisset
1046 3901 1337 3959 credentes
1368 3916 1398 3957 a
1431 3910 1611 3959 morte
1660 3905 2000 3959 transituros
2029 3903 2099 3959 ad

525 3989 714 4055 vitam,
757 3990 922 4046 modo
973 3992 1216 4063 seipsum
1275 3994 1657 4066 promissionis
1687 3995 1836 4049 illius
1879 3995 2098 4051 eﬂ‘ecto—

524 4096 664 4145 rem,
687 4082 971 4154 totiusque
994 4084 1073 4139 rei
1096 4094 1595 4142 consummatorem
1618 4086 1910 4158 signiﬁcat,
1933 4088 2097 4156 simul

523 4179 693 4232 etiam
723 4177 932 4235 Iudaeis
965 4179 1217 4235 indicans
1244 4180 1554 4236 mirabilem
1593 4196 1785 4237 revera
1822 4196 1941 4237 eam
1976 4198 2097 4254 quae

525 4277 770 4339 spectata
817 4279 904 4326 est
957 4270 1014 4325 in
1062 4270 1365 4343 paralytico
1408 4273 1689 4337 virtutem,
1718 4284 2093 4328 verumtamen

527 4362 867 4417 mirabiliora
893 4362 981 4417 bis
1012 4377 1042 4416 a
1076 4362 1216 4417 Filio
1243 4372 1521 4434 patratum
1546 4365 1637 4430 iri,
1663 4366 1756 4435 qui
1797 4380 1908 4419 non
1949 4380 2094 4419 mor-

2267 3630 2471 3700 Ἀμὴν,
2494 3628 2658 3699 ἀμὴν
2697 3626 2851 3697 λέγω
2898 3627 3062 3697 ὑμῖν,
3101 3627 3190 3679 ὅτι
3221 3624 3457 3694 ἔρχεται
3503 3623 3644 3693 ὥρα,
3675 3623 3768 3676 καί

2196 3723 2316 3777 νῦν
2340 3723 2531 3785 ἐστιν,
2558 3720 2656 3774 ὅτε
2691 3723 2746 3774 οὶ
2793 3719 2990 3787 νεκροὶ
3033 3717 3368 3773 ἁκούσουσι
3414 3715 3526 3784 τῆς
3570 3713 3766 3785 φωνῆς

2197 3813 2305 3867 τοῦ
2338 3811 2475 3865 Υἱοῦ
2513 3810 2620 3865 τοῦ
2646 3809 2814 3875 Θεοῦ,
2848 3809 2946 3862 καὶ
2979 3811 3032 3862 οἱ
3057 3808 3431 3874 ἀκούσαντες
3469 3804 3767 3873 (domat.

2267 3905 2364 3957 Ἐκ
2413 3901 2827 3973 θανάτουκπρὸς
2870 3898 3017 3970 ζωὴν
3065 3898 3464 3969 μεταϐήσεσθαι
3507 3899 3636 3960 τοὺς
3686 3916 3773 3950 πι-

2203 3997 2488 4059 στεύοντας
2540 3993 2726 4059 εἰπὼν,
2771 3992 2961 4047 ἐαυτὸν
3012 3992 3253 4063 εἰσφέρει
3296 3992 3394 4060 τῆς
3444 3988 3768 4071 ἐπαγγελίας

2200 4089 2457 4161 ἐργάτην,
2475 4088 2568 4141 καὶ
2597 4086 2718 4140 ὅλου
2752 4085 2846 4138 τοῦ
2877 4083 3199 4155 πράγματος
3230 4079 3611 4151 ἀποτελεστὴν,
3638 4076 3767 4150 ὁμοῦ

2204 4183 2301 4252 μὲν
2348 4183 2522 4236 ἐκεῖνο
2557 4181 2668 4243 τοῖς
2716 4176 2989 4238 Ἰουδαίοις
3034 4173 3494 4244 ύπαινιττόμενος,
3530 4173 3612 4225 ὅτι
3645 4171 3768 4224 θαν-

2203 4274 2379 4346 μαστὴ
2413 4273 2508 4343 μὲν
2535 4271 2700 4332 ὅντως
2722 4269 2869 4321 ἐστὶν
2894 4269 2927 4337 ή
2954 4267 3046 4319 ἐπὶ
3072 4266 3149 4335 τῷ
3174 4264 3594 4335 παραλελυμένῳ
3612 4260 3767 4316 δύνα-

2202 4383 2314 4434 μις,
2350 4361 2781 4431 ἀξιολογωτέρων
2808 4359 2851 4412 δ’
2885 4354 2977 4412 οὖν
3009 4358 3156 4426 ὅμως
3204 4356 3647 4426 ἀναδειχθήσεται
3675 4352 3767 4423 δη·

525 4452 654 4507 bum
684 4453 956 4509 duntaxat
999 4462 1055 4509 et
1107 4456 1288 4512 morbi
1340 4456 1689 4511 inﬁrmitates
1725 4471 1790 4510 ex
1816 4456 2092 4511 humanis

2199 4455 2457 4527 μιουργὸς
2483 4457 2512 4507 ὁ
2529 4453 2677 4516 Υἱὸς,
2698 4452 2799 4504 οὐκ
2815 4449 3065 4522 assam
3076 4466 3151 4519 μα
3174 4448 3479 4519 μόνον,ούδέ
3491 4447 3588 4510 τὰς
3609 4450 3672 4499 ἐκ
3689 4446 3773 4497 νό-

524 4546 852 4615 corporibus
901 4545 1159 4617 depellat,
1187 4549 1281 4602 sed
1327 4557 1381 4603 et
1429 4549 1604 4618 ipsam
1640 4547 1803 4619 234
1835 4554 2088 4613 mortem,

524 4639 580 4687 et
638 4634 991 4691 incubantem
1070 4640 1477 4708 corruptionem
1553 4646 1780 4693 evertat.
1848 4637 2090 4707 idipsum

524 4722 670 4777 enim
716 4733 803 4780 est
844 4728 989 4796 quod
1028 4730 1194 4796 paulo
1224 4737 1351 4785 ante
1397 4729 1604 4783 dictum
1632 4739 1717 4785 est
1742 4729 1786 4762 "
1823 4748 1837 4783 :
1873 4748 1892 4781 ι
1932 4728 2094 4785 Pater

522 4811 702 4881 diligit
745 4814 968 4881 Filium,
998 4826 1053 4873 et
1103 4820 1289 4875 omnia
1331 4806 1668 4877 demonstrat
1717 4822 1766 4878 ei
1802 4837 1925 4893 quae
1975 4823 2092 4893 ipse

523 4901 691 4970 facit;
716 4913 772 4959 et
802 4908 1012 4977 majora
1041 4909 1129 4964 bis
1162 4911 1570 4968 demonstrabit
1603 4912 1653 4968 ei
1686 4928 1873 4983 opera,
1902 4919 1963 4968 ut
1991 4929 2089 4967 vos

523 4993 824 5049 miremini.
862 5014 882 5047 ι
913 4997 1218 5057 Admiratio
1249 5002 1394 5056 enim
1446 5003 1534 5057 illa
1578 5004 1757 5073 major
1803 5004 1861 5057 in
1908 5020 2095 5059 resur-

523 5086 771 5143 rectione
821 5097 1161 5143 mortuorum
1204 5099 1507 5159 spectatur.
1541 5092 1716 5147 Simul
1751 5095 1915 5147 etiam
1957 5094 2091 5148 illud

524 5188 877 5245 astruens,ex
902 5192 1013 5248 quo
1033 5180 1334 5236 verisimile
1363 5191 1482 5236 erat
1511 5198 1618 5237 non
1651 5183 1977 5237 mediocrem
1996 5199 2095 5237 au-

523 5271 795 5347 ditoribus
831 5271 1058 5326 allatum
1092 5270 1156 5324 iri
1186 5271 1906 5340 admirationem,nimirum
1934 5275 2090 5330 exci-

521 5369 765 5419 taturum
796 5378 856 5419 se
883 5369 1156 5426 mortuos,
1189 5369 1244 5418 et
1272 5378 1369 5420 eos
1409 5365 1465 5419 in
1512 5365 1784 5435 judicium
1819 5366 2087 5422 adductu-

520 5464 670 5522 rum,
694 5452 982 5509 manifeste
1010 5453 1292 5523 praedicat,
1324 5462 1383 5508 ut
1411 5470 1479 5511 ex
1524 5473 1589 5512 eo
1615 5458 1758 5527 quod
1788 5473 1847 5512 se
1899 5474 2085 5514 coram

520 5555 588 5596 eo
619 5543 847 5601 stituros
875 5546 1199 5615 aliquando,
1223 5558 1276 5602 et
1308 5549 1574 5607 rationem
1604 5549 1671 5606 de
1705 5551 1933 5621 singulis
1967 5551 2087 5607 red-

595 5720 638 5749 ⁶⁵
676 5720 872 5792 Supra,
904 5742 1041 5779 vers.
1092 5727 1179 5781 20.

2200 4566 2293 4602 σου
2337 4546 2605 4619 μαλακίας
2637 4544 2744 4597 τῶν
2777 4543 3128 4612 ἀνθρωπίνων
3161 4541 3457 4610 ἐξελαύνων
3481 4540 3765 4609 σωμάτων,

2197 4640 2334 4695 ἀλλά
2362 4641 2455 4693 καὶ
2487 4638 2651 4692 αὐτὸν
2675 4636 2775 4707 ἤδη
2805 4634 2896 4688 τὸν
2918 4635 3144 4688 θάνατον
3169 4633 3261 4686 καὶ
3276 4633 3373 4703 τὴν
3390 4632 3766 4702 ἐπισκήψασαν

2196 4729 2513 4802 ἀνατρέπων
2538 4726 2742 4797 φθορὰν
2779 4726 2956 4796 (τοῦτο
2993 4726 3102 4797 γὰρ
3122 4720 3188 4795 ἦν
3217 4725 3280 4778 τὸ
3314 4726 3408 4777 καὶ
3436 4722 3615 4793 μικρῷ
3640 4721 3767 4793 πρό-

2195 4838 2351 4892 τερον
2372 4822 2491 4891 είρη
2501 4820 2658 4890 μένον
2675 4836 2689 4851 ’
2718 4839 2734 4871 ι
2757 4818 2814 4873 '0
2834 4818 3019 4890 Πατὴρ
3042 4817 3183 4886 φιλεῖ
3200 4818 3292 4870 τὸν
3313 4817 3461 4876 Υίὸν,
3483 4815 3575 4868 καὶ
3594 4815 3766 4867 πάντα

2194 4912 2481 4975 δείκνυσιν,
2498 4911 2534 4965 ἃ
2554 4910 2715 4974 αὐτὸς
2734 4913 2894 4971 ποιεῖ,
2919 4909 3011 4962 καὶ
3034 4908 3252 4979 μείζονα
3272 4906 3473 4960 τούτων
3497 4904 3658 4971 δείξει
3681 4903 3770 4955 ai;-

2191 5004 2270 5074 τῷ
2287 5002 2443 5074 ἔργα,
2468 5003 2554 5056 ἵνα
2578 5003 2736 5072 ὑμεῖς
2757 5000 3093 5071 θαυμάζητε.
3124 5020 3142 5051 ι
3166 4999 3239 5051 Τὸ
3258 4998 3364 5068 γὰρ
3378 4999 3435 5049 ἐν
3460 4995 3537 5065 τῷ
3554 4995 3764 5063 θαυμά-

2192 5094 2378 5158 ζεσθαι
2404 5092 2667 5162 μεῖζον,ἐν
2694 5095 2753 5163 τῇ
2782 5092 2890 5145 τῶν
2912 5090 3121 5161 νεκρῶν
3138 5090 3429 5142 ἀναστάσει
3463 5084 3761 5156 φαίνεται·)

2191 5185 2325 5255 ὁμοῦ
2383 5185 2439 5237 δὲ
2482 5185 2644 5239 πάλιν
2674 5185 2848 5237 ἐκεῖνο
2875 5181 3323 5247 κατασκευάζων,
3353 5181 3488 5250 ὅπερ
3516 5174 3584 5250 ἦν
3624 5176 3766 5239 εἰκὸς

2190 5278 2290 5331 ούκ
2317 5278 2375 5330 ἐν
2396 5276 2561 5348 ὀλίγῳ
2584 5276 2768 5346 μέτρῳ
2788 5274 3184 5341 καταπτοήσειν
3208 5273 3332 5335 τοὺς
3361 5269 3760 5343 ἀκροωμένους·

2192 5367 2272 5420 ὅτι
2293 5364 2401 5437 γὰρ
2421 5366 2511 5419 καὶ
2533 5365 2824 5434 ἀναστήσει
2853 5363 2979 5425 τοὺς
3014 5362 3257 5433 νεαροὺς,
3293 5363 3387 5414 καὶ
3421 5360 3558 5431 πρὸς
3587 5359 3763 5429 κρίσιν

2193 5456 2309 5522 ἄξει
2334 5457 2394 5510 τὸ
2424 5453 2971 5526 ποίημα,διαγορεύει
3007 5454 3212 5522 σαφῶς,
3245 5453 3331 5506 ἵνα
3356 5450 3432 5521 τῷ
3462 5449 3762 5521 προσδοκᾷν

2194 5548 2338 5621 αὐτῷ
2380 5545 2825 5619 παραστήσεσθαί
2879 5563 3025 5609 ποτε,
3081 5546 3171 5598 καὶ
3225 5543 3314 5597 τὸν
3372 5545 3456 5612 ἐφ’
3518 5542 3759 5602 ἑκάστοις
