4078 6262
371 364 470 421 381

1412 362 1480 417 IN
1501 360 1782 419 JOANNIS
1816 362 2261 427 EVANGELIUM
2304 368 2427 430 LIB.
2468 370 2533 429 ιι.

3518 376 3624 434 582

370 476 673 532 ἀποδώσειν
705 477 882 545 λόγον,
909 478 1257 549 ὀκνηρότεροι
1301 479 1401 549 μέν
1445 496 1561 544 πως
1602 482 1681 543 είς
1721 480 1818 551 τὴν
1862 482 1947 534 ἐπὶ

2059 486 2268 543 dituros
2312 490 2627 558 sperabant,
2667 489 3025 561 persequendi
3058 489 3284 544 audacia
3322 491 3621 555 retardata,

370 569 430 622 τὺ
473 568 688 621 διώκειν
734 569 897 622 αὑτὸν
945 570 1286 641 εὑρίσκοιντο
1331 570 1572 641 τόλμαν,
1617 571 1851 641 δέχοιντο
1894 572 1952 625 δὲ

372 659 776 730 προθυμότερον
838 660 941 731 ἤδη
983 660 1074 712 τὸν
1111 662 1209 731 τῆς
1258 660 1604 724 διδασκαλίας
1632 679 1691 715 τε
1733 662 1826 715 καὶ
1852 662 1953 730 ὑφ-

371 752 620 823 ηγήσεως
664 750 840 819 λόγον.
871 752 962 814 Et;
987 750 1156 804 ταῦτα
1204 751 1300 821 μὲν
1344 748 1434 805 οὖν
1477 754 1504 805 ὁ
1533 752 1623 805 τοῦ
1659 752 1951 822 κελεαλαίου
1991 788 1997 797 .

378 843 570 905 σκοπὸς
604 843 792 913 ὁρᾶται
828 844 920 895 καὶ
974 841 1328 896 συντείνεται.
1384 844 1457 896 Τὸ
1507 843 1561 896 δὲ
1601 845 1737 915 πρὸς
1776 843 1946 908 λέξιν,

380 933 522 1003 ἡμᾶς
566 935 858 1000 ἀναγκαῖον
911 933 1279 988 ἀπολευκάναι
1336 933 1538 989 λοιπόν.
1582 936 1640 988 'U
1711 937 1808 1007 μὲν
1859 932 1951 989 οὖν

379 1024 565 1087 κοινὸς,
596 1024 896 1092 ὡς’ἔοικεν,
925 1026 1037 1095 ἔχει
1085 1025 1239 1094 λόγος
1260 1066 1273 1089 ,
1318 1028 1392 1090 ὡς
1424 1028 1542 1097 ἥξει
1578 1029 1705 1081 ποτὲ
1739 1028 1948 1099 καιρὸς,

374 1116 488 1169 καθ’
526 1115 584 1167 ὃν
616 1116 938 1171 ἀκούσονται
987 1118 1088 1188 τῆς
1124 1118 1216 1170 τοῦ
1267 1118 1643 1181 διανιστῶντος
1682 1119 1863 1188 φωνῆς
1900 1120 1948 1173 oi

371 1208 549 1278 νεκροί
573 1225 589 1239 ⁸
630 1212 883 1279 παρεῖναι
919 1209 976 1262 δὲ
1005 1210 1099 1263 καὶ
1130 1209 1225 1263 νῦν
1264 1210 1415 1263 οὐδὲν
1449 1204 1607 1281 ἦττον
1635 1210 1951 1281 ὑπολαμϐά-

371 1318 550 1355 νουσιν
581 1302 759 1364 αὑτὸν,
790 1302 920 1373 ἢὼς
956 1302 1213 1374 Λαζάρου
1244 1302 1403 1372 τυχὸν
1434 1302 1534 1371 τῆς
1572 1302 1666 1355 τοῦ
1700 1304 1948 1373 Σωτῆρος

372 1391 734 1460 ἀκουσομένου
785 1393 993 1468 φωνῆς,
1029 1394 1063 1463 ἢ
1116 1394 1208 1446 καὶ
1249 1395 1475 1465 νεκροὺς
1522 1391 1659 1447 εἶναι
1700 1393 1948 1463 λέγοντες

368 1483 492 1544 τοὺς
516 1481 670 1535 οὔπω
697 1480 784 1535 διά
815 1485 914 1553 τῆς
944 1484 1179 1547 πίστεως
1212 1485 1291 1547 είς
1324 1484 1536 1538 αἰώνιον
1569 1484 1948 1555 ἀνακεκλημέ-

367 1589 490 1635 νους
529 1572 696 1642 ζωὴν,
742 1573 791 1626 οἳ
847 1574 912 1645 δὴ
969 1576 1062 1628 καὶ
1114 1576 1333 1639 πάντως
1382 1578 1462 1639 είς
1506 1576 1675 1646 αὑτὴν
1726 1575 1948 1644 ἔμελλον

369 1663 757 1732 ἀναϐήσεσθαι,
789 1665 884 1735 τὴν
943 1666 1037 1719 τοῦ
1069 1667 1320 1737 Σωτῆρος
1365 1667 1710 1722 διδασκαλίαν
1769 1685 1949 1739 παρα-

370 1748 672 1819 δεξάμενοι.
714 1753 821 1806 Καὶ
857 1753 1015 1818 σώζει
1050 1754 1145 1825 μὲν
1180 1755 1347 1819 ὅντως
1372 1755 1472 1826 τῆς
1499 1756 1729 1828 θεωρίας
1764 1759 1792 1810 ὁ
1821 1757 1948 1826 τρόο

2056 577 2301 635 alacrius
2332 583 2549 635 tandem
2598 581 2867 636 doctrinae
2914 589 2966 636 et
3000 582 3365 639 institutionis
3415 598 3625 639 sermo-

2056 683 2178 721 nem
2218 670 2491 724 audirent.
2519 672 2595 726 Eo
2626 673 2812 741 itaque
2841 671 3037 745 capitis
3078 673 3226 726 illius
3261 688 3462 741 scopus
3500 688 3622 742 per-

2054 757 2211 811 tinet.
2243 756 2401 824 Quod
2444 769 2626 816 autem
2673 761 2741 815 ad
2774 762 2940 817 verba
2972 768 3204 832 Spectat,
3234 761 3621 831 explicandum

2053 850 2212 904 nobis
2240 862 2513 920 superest.
2543 852 2861 909 Communis
2891 854 3162 924 expositio
3192 861 3297 916 est,
3331 863 3621 908 venturum

2053 940 2353 1009 aliquando
2398 949 2611 1012 tempus
2661 958 2773 1013 quo
2810 943 3014 998 mortui
3061 943 3383 999 suseitanlis
3431 958 3621 997 vocem

2052 1033 2278 1086 audient
2309 1051 2324 1091 :
2356 1035 2450 1090 sed
2490 1041 2547 1089 et
2586 1050 2733 1090 nunc
2775 1035 2972 1092 adesse
3019 1035 3377 1095 nihilominus
3443 1035 3620 1103 ipsum

2051 1123 2388 1190 existimant,
2414 1132 2508 1180 aut
2548 1126 2709 1195 quasi
2747 1125 2976 1189 Lazaro,
3002 1124 3240 1195 exempli
3274 1124 3471 1195 gratia,
3502 1123 3624 1177 Sal-

2050 1216 2260 1271 vatoris
2300 1230 2490 1270 vocem
2533 1215 2813 1283 audituro,
2867 1225 2961 1271 aut
3016 1215 3181 1271 etiam
3220 1213 3367 1284 quod
3418 1212 3620 1267 mortui

2050 1307 2305 1361 dicantur
2329 1307 2365 1360 ii
2397 1307 2491 1376 qui
2525 1308 2769 1363 nondum
2797 1323 2895 1379 per
2926 1307 3086 1363 ﬁdem
3126 1306 3194 1362 ad
3223 1315 3484 1362 aeternam
3526 1319 3623 1358 vo-

2050 1397 2159 1451 cati
2187 1398 2299 1452 sint
2334 1396 2525 1464 vitam,
2551 1397 2755 1467 quique
2779 1399 2845 1453 ad
2872 1413 2989 1453 eam
3027 1404 3283 1467 suscepta
3318 1394 3619 1450 Salvatoris

2051 1486 2302 1539 doctrina
2329 1494 2486 1541 erant
2507 1487 2797 1542 evehendi.
2819 1485 2884 1540 Et
2915 1488 3031 1542 haec
3060 1487 3279 1557 quidem
3310 1483 3618 1557 explicandi

2049 1579 2191 1633 ratio
2229 1593 2341 1649 pra:
2387 1593 2447 1634 se
2487 1579 2593 1635 fert
2638 1579 2879 1650 aliquam
2932 1579 3489 1655 verisimilitmlinem,
3521 1576 3617 1632 sed

2048 1670 2332 1724 veritatem
2385 1670 2731 1740 neutiquam.
2763 1669 2945 1736 Quare
2990 1671 3261 1726 dictorum
3294 1672 3399 1737 vim
3437 1668 3616 1723 revol-

2049 1770 2238 1815 ventes
2266 1760 2473 1825 animo,
2499 1762 2998 1817 convenientiorem
3041 1764 3121 1817 eis
3145 1777 3364 1817 sensum
3408 1758 3615 1830 aptabi-

366 1857 472 1919 πος
494 1842 568 1893 -τὸ
603 1844 661 1894 ὲν
690 1844 1002 1913 πιθανότητι
1033 1848 1232 1917 σχῆμα,
1259 1847 1321 1901 τὸ
1355 1848 1414 1901 δὲ
1441 1849 1666 1918 ἀκριϐὲς
1686 1848 1746 1901 οὑ
1773 1848 1935 1906 πάνυ.

2047 1865 2189 1915 mus,
2236 1859 2292 1905 et
2330 1851 2623 1906 lectionem
2658 1851 2806 1906 hunc
2854 1851 2909 1906 in
2944 1851 3164 1906 modum
3201 1851 3613 1921 patefaciamus.

374 1935 462 1988 Διδ
510 1937 572 2006 δὴ
619 1938 777 1993 πάλιν
826 1940 925 2011 τὴν
968 1940 1072 1994 τῶν
1123 1940 1429 2011 λεγομένων
1476 1941 1931 2013 ἀναμασώμενοι
1968 1941 2214 2014 δύναμιν,
2256 1944 2347 1996 τὸν
2419 1941 2863 2015 πρεπωδέστερόν
2938 1961 3054 2006 πως
3096 1944 3275 2007 αὐτοῖς
3314 1941 3617 2013 ἐφαρμόσο-

375 2045 475 2097 μεν
511 2028 652 2090 νοῦν,
686 2028 1059 2100 διαπελοὺμεν
1080 2032 1137 2085 δὲ
1172 2031 1313 2086 οὕτω
1349 2032 1411 2086 τὺ
1440 2033 1797 2103 ἀνάγνωσμα.

444 2142 464 2173 ι
507 2124 698 2192 Ἀμὴν,
735 2122 879 2193 ἀμὴν
917 2125 1057 2193 λέγω
1104 2125 1253 2196 ὑμῖν,
1289 2127 1371 2179 δτι
1417 2126 1635 2197 ἔρχεται
1680 2126 1818 2199 ὥρα,
1852 2125 1946 2181 καὶ

364 2213 462 2266 νῦν
486 2216 653 2277 ἐστιν,
694 2216 781 2268 ὅτε
826 2219 874 2269 οἱ
932 2218 1115 2288 νεκροὶ
1164 2216 1457 2271 ἀκούσουσι
1494 2219 1591 2288 τῆς
1633 2218 1813 2289 φωνῆς
1851 2217 1944 2271 τοῦ

365 2305 497 2358 Υίοῧ
536 2306 628 2358 τοῦ
660 2307 814 2360 Θεοῦ.
866 2328 887 2360 r
925 2308 1066 2380 Ὥρα
1108 2308 1347 2380 δηλονότι
1396 2309 1578 2373 πάλιν,
1626 2309 1714 2362 ὅτε
1758 2311 1852 2363 καὶ
1895 2311 1945 2364 οἱ

366 2396 695 2460 ἀκούσαντες
733 2397 1005 2467 ξήσονται.
1036 2398 1132 2452 Διά
1175 2400 1275 2470 μὲν
1302 2394 1397 2453 οὖν
1426 2400 1533 2451 τῶν
1570 2401 1628 2452 ὲν
1656 2399 1819 2472 ἀρχῇ,
1856 2401 1947 2456 τὸν

366 2487 470 2557 τῆς
516 2487 860 2551 ἀναστάσεως
908 2489 1162 2559 σημαίνει
1203 2490 1413 2561 καιρὸν,
1450 2490 1571 2544 καθ’
1605 2491 1663 2544 ὃν
1697 2494 1776 2554 είς
1813 2492 1946 2545 ἀπο-

364 2574 551 2643 λογίαν
588 2576 687 2645 τῆς
712 2579 768 2629 ὲν
792 2577 985 2649 ’κόσμῳ
1008 2577 1152 2648 ζωῆς
1189 2580 1588 2649 ἀναστήσεσθαι
1618 2582 1743 2644 τοὺς
1774 2599 1950 2635 κεκοι-

371 2666 644 2736 μημὲνους
674 2667 760 2720 διὰ
784 2647 884 2737 τῆς
912 2647 1005 2721 τοῦ
1036 2647 1709 2734 διδάσκοντοςήὲκδιδάσκει
1740 2674 1943 2743 φωνῆς,

367 2758 456 2811 ἵνα
492 2757 737 2830 καθάπερ
766 2760 867 2830 ἤδη
902 2762 1181 2831 προεῖπον,
1222 2760 1410 2831 ὥσπερ
1438 2762 1561 2815 τινὰ
1606 2763 1815 2833 χαλινὸν
1855 2763 1946 2816 τὸν

365 2849 617 2902 ἐντεῦθεν
648 2850 827 2914 αὑτοῖς
856 2853 1150 2921 ἐπινοήσας
1181 2853 1362 2922 φόϐον,
1396 2853 1577 2917 καλῶς
1635 2853 1700 2925 δὴ
1746 2855 1949 2925 σφόδρα

365 2940 465 2992 καὶ
521 2940 896 3009 ἐπιστημόνως
936 2941 1202 3012 ἀναπείσῃ
1254 2940 1423 3011 βιοῦν.
1474 2942 1571 2996 Διά
1628 2943 1684 2995 δὲ
1730 2943 1836 2996 τῶν
1890 2945 1947 2995 ὲν

365 3031 616 3102 ὑστέροις
658 3032 748 3085 τὸν
789 3031 883 3085 τοῦ
943 3036 1139 3104 χρῆναι
1190 3035 1466 3087 πιστεύειν
1522 3035 1668 3105 αὐτῷ
1709 3034 1945 3088 δείκνυσι

361 3123 611 3192 παρόντα
645 3123 852 3196 καιρὸν,
886 3124 1142 3185 ἀλλὰκαὶ
1166 3125 1265 3194 τῆς
1294 3124 1604 3187 εὐπειθείας
1630 3124 1818 3195 μισθὸν
1845 3126 1944 3194 τὴν

360 3215 580 3273 αἰώνιον
620 3216 837 3268 ἔσεσθαί
890 3233 1022 3287 φησι
1064 3216 1237 3285 ζωὴν,
1280 3217 1562 3286 μονονουχὶ
1614 3215 1851 3268 τοιοῦτόν
1889 3232 1941 3268 τι

358 3306 567 3377 δηλῶν·
598 3307 795 3372 Ἥξετε
832 3309 1028 3370 πάντες
1058 3308 1136 3370 είς
1168 3307 1367 3377 κρίσιν,
1396 3302 1441 3361 ὦ
1476 3300 1642 3370 οὗτοι,
1674 3306 1815 3359 κατά
1853 3306 1942 3359 τὸν

358 3400 463 3468 τῆς
494 3398 839 3460 ἀναστάσεως
860 3398 1099 3469 δηλονότι
1133 3399 1340 3468 καιρὸν,
1366 3399 1483 3452 ἀλλ’
1508 3400 1556 3451 εἰ
1587 3398 1779 3468 πικρὸν
1815 3399 1944 3466 ὑμῖν

360 3491 426 3543 τὸ
462 3489 783 3554 κολάζεσθαι
815 3488 978 3554 δοκεῖ,
1014 3490 1105 3542 καὶ
1126 3491 1460 3561 ἀπεράντους
1487 3488 1844 3560 λελυπημένῳ
1867 3487 1944 3558 τῷ

361 3581 603 3652 κρίνοντι
646 3581 744 3645 τὰς
786 3581 939 3645 δίκας
988 3581 1228 3651 ὑπέχειν,
1275 3581 1350 3653 μὴ
1400 3582 1765 3653 παρατρέχειν
1814 3581 1942 3633 ὲᾶτε

358 3674 455 3727 τὸν
489 3676 587 3743 τῆς
633 3673 943 3736 εὐπειθείας
991 3674 1200 3745 καιρὸν,
1245 3675 1360 3728 ἀλλ’
1396 3674 1477 3727 ἔτι
1518 3673 1784 3744 παρόντος
1823 3674 1944 3724 ὲπι-

359 3766 733 3838 δραττόμενοι,
760 3766 896 3838 πρὸς
924 3765 1018 3837 τὴν
1041 3766 1255 3821 αἰώνιον
1284 3767 1426 3838 ζωὴν
1458 3765 1769 3819 ἀναϐαίνειν
1796 3763 1945 3818 ἐπεί-

361 3857 550 3928 γεσθε.

438 3950 666 4018 Ὥσπερ
696 3950 805 4019 γὰρ
836 3953 869 4004 ὁ
913 3950 1114 4018 Πατὴρ
1151 3953 1274 4020 ἔχει
1309 3951 1462 4019 ζωὴν
1501 3951 1571 4004 ἐν
1601 3948 1812 4015 ἐαυτῷ,
1845 3948 1947 4002 οὕ-

361 4057 479 4105 τως
526 4040 623 4093 καὶ
647 4039 726 4104 τῷ
767 4039 877 4104 Υίῷ
903 4040 1122 4094 δέδωκε
1146 4040 1298 4108 ζωὴν
1322 4042 1482 4111 ἔχειν
1511 4041 1579 4094 ἐν
1607 4039 1820 4106 ἐαυτῷ,
1844 4037 1945 4092 καὶ

365 4135 656 4198 ἐξουσίαν
697 4134 921 4188 ἔδωκεν
968 4133 1128 4201 αὐτῷ
1191 4134 1289 4188 καὶ
1342 4136 1543 4203 κρίσιν
1585 4134 1807 4197 ποιεῖν,
1857 4131 1946 4187 ὅτι

376 4224 509 4290 Υἱὸς
536 4224 844 4292 ἀνθρώπου
876 4226 1066 4280 ἐστίν.

444 4316 585 4386 Ὅρα
613 4316 674 4385 δή
703 4333 791 4384 μοι
820 4317 975 4369 πάλιν
1016 4317 1108 4369 καὶ
1157 4317 1255 4388 τὴν
1295 4319 1352 4370 ὲν
1375 4317 1584 4380 τούτοις
1614 4312 1944 4383 οἰκονομίαν,

371 4406 459 4459 ῐνα
495 4404 589 4458 τοῦ
640 4404 794 4473 λόγου
831 4404 1115 4477 θαυμάσῃς
1143 4406 1201 4458 τὸ
1249 4408 1451 4478 σχῆμα,
1489 4408 1582 4460 καὶ
1618 4405 1692 4476 μὴ
1740 4406 1851 4465 τοῖς
1888 4404 1947 4472 ἐξ

2122 2141 2140 2175 ι
2178 2121 2373 2188 Amen,
2405 2136 2563 2177 amen
2617 2123 2743 2181 dico
2792 2124 2968 2191 vobis,
2997 2124 3129 2196 quia
3186 2125 3333 2180 venit
3361 2125 3519 2193 hora,
3564 2135 3617 2181 et

2047 2230 2194 2271 nunc
2245 2223 2363 2281 est,
2407 2215 2630 2286 quando
2701 2216 2901 2271 mortui
2962 2217 3188 2270 audient
3245 2230 3437 2270 vocem
3493 2214 3614 2269 Filii

2048 2305 2165 2361 Dei.
2216 2327 2234 2359 ι
2272 2308 2416 2362 liora
2468 2308 2721 2363 videlicet
2771 2322 2993 2363 rursum
3044 2315 3146 2369 est,
3186 2306 3407 2377 quando
3434 2315 3488 2361 et
3520 2306 3616 2376 qui

2047 2398 2343 2466 audierint,
2384 2399 2588 2455 vivent.
2640 2400 2927 2455 Prioribus
2990 2399 3158 2470 igitur
3189 2398 3374 2452 verbis
3431 2412 3617 2454 resur-

2045 2488 2306 2544 rectionis
2336 2498 2549 2559 tempus
2587 2489 2883 2559 signiﬁcat,
2911 2503 3019 2557 quo
3052 2489 3120 2541 ad
3155 2487 3486 2541 reddendam
3524 2503 3613 2541 ra-

2044 2580 2247 2651 tionem
2282 2580 2409 2635 vita:
2449 2580 2504 2634 in
2537 2580 2642 2636 hoc
2676 2580 2882 2635 mundo
2911 2589 3145 2650 peracta:
3187 2580 3514 2634 suscitatum
3547 2579 3613 2633 iri

2048 2681 2293 2725 mortuos
2327 2673 2537 2738 edocet,
2575 2680 2633 2725 ut
2659 2688 2773 2734 eos,
2806 2671 3269 2742 quemadmodum
3301 2672 3453 2740 prius
3498 2670 3613 2739 jam

2046 2762 2183 2827 dixi,
2217 2763 2384 2832 hujus
2424 2766 2501 2818 rei
2552 2763 2844 2818 formidine
2886 2762 3041 2832 quasi
3101 2761 3255 2817 freno
3278 2762 3511 2831 quodam
3559 2761 3612 2814 in

2046 2861 2198 2908 recta
2226 2862 2279 2909 et
2315 2855 2546 2908 honesta
2577 2854 2797 2907 vivendi
2844 2853 3056 2906 ratione
3090 2853 3387 2906 contineat.
3428 2850 3616 2905 Postc-

2046 2944 2283 2999 rioribus
2331 2953 2509 2998 autem
2560 2945 2741 2999 verbis
2787 2951 3007 3012 tempus
3059 2942 3107 2995 ei
3159 2928 3413 2996 credendi
3465 2955 3614 2994 nunc

2012 3033 2236 3088 adesse
2274 3032 2536 3097 declarat,
2563 3032 2657 3086 sed
2682 3039 2737 3086 et
2782 3031 3104 3086 obedientiaa
3141 3030 3419 3100 praemium
3456 3040 3614 3083 :rter-

2048 3139 2168 3179 nam
2199 3125 2365 3178 vitam
2394 3124 2509 3178 fore
2543 3124 2639 3187 ait,
2665 3124 2773 3177 tale
2801 3122 3081 3193 quidpiam
3114 3119 3508 3191 propemodum
3539 3118 3621 3174 sic

2046 3219 2313 3291 gniﬁcans
2360 3217 2646 3273 :l'enietis
2692 3233 2879 3274 omnes
2933 3219 2999 3271 ad
3050 3216 3342 3287 judicium,
3370 3222 3615 3284 tempore

2045 3309 2471 3365 resurrectionis
2507 3308 2776 3375 videlicet,
2821 3308 2917 3362 sed
2950 3307 2999 3362 si
3038 3307 3193 3361 vobis
3243 3307 3501 3360 acerbum
3534 3305 3616 3358 vi-

2046 3401 2205 3456 detur
2254 3398 2521 3454 od‘ensum
2582 3398 2823 3468 judiccm
2877 3413 2908 3451 a
2964 3397 3125 3452 vobis
3181 3395 3615 3451 interminabiles

2047 3507 2242 3564 poenas
2274 3498 2536 3562 repetere,
2556 3491 2722 3545 nolite
2739 3489 2897 3561 235
2921 3488 3210 3544 obediendi
3242 3495 3456 3558 tempus
3480 3502 3616 3556 prae-

2047 3583 2370 3650 termittere,
2415 3582 2508 3636 sed
2561 3581 2693 3635 illud
2723 3581 2833 3649 jam
2866 3595 3109 3651 praesens
3147 3579 3504 3650 arripientes,
3547 3564 3625 3632 ad.

2045 3685 2306 3730 aeternam
2346 3676 2512 3728 vitam
2549 3672 2848 3728 ascendere
2886 3671 3144 3727 nitimini.

2118 3940 2184 4005 ν,
2207 3939 2406 4004 26,27.
2440 3938 2591 3993 Sicut
2620 3938 2755 3992 enim
2778 3938 2941 3992 Pater
2972 3937 3123 3991 habet
3154 3937 3313 3990 vitam
3338 3934 3395 3988 in
3423 3943 3613 3988 semet-

2047 4034 2159 4102 ipso
2187 4072 2202 4096 ,
2242 4032 2318 4085 sic
2343 4030 2487 4084 dedit
2518 4040 2567 4084 et
2604 4028 2747 4084 Filio
2797 4029 2986 4082 habere
3016 4030 3178 4081 vitam
3208 4028 3261 4079 in
3306 4026 3614 4091 semetipso:

2047 4133 2097 4178 et
2138 4131 2445 4190 potestatem
2477 4121 2619 4177 dedit
2652 4121 2702 4175 ei
2733 4120 2994 4190 judicium
3038 4120 3228 4187 facere,
3269 4118 3393 4184 quia
3434 4116 3611 4169 Filius

2050 4215 2274 4270 hominis
2306 4222 2405 4269 est.

2118 4305 2506 4359 Animadverte
2556 4318 2753 4358 rursus
2790 4302 2987 4355 horum
3021 4303 3316 4356 verborum
3368 4299 3611 4369 disposi—

2050 4396 2289 4459 tionem,
2338 4403 2397 4449 ut
2443 4393 2663 4447 dicendi
2708 4393 2941 4446 formam
2995 4392 3244 4457 mireris,
3292 4401 3345 4445 et
3394 4407 3461 4445 ne
3504 4407 3615 4460 prze

372 4495 610 4566 ἀμαθίας
653 4497 992 4565 περιπίπτων
1034 4498 1367 4561 σκανδάλοις,
1404 4498 1565 4560 αὑτὸς
1600 4498 1692 4549 ἐπὶ
1736 4497 1947 4568 σεαυτῷ

2051 4490 2322 4568 imperitia
2367 4489 2422 4542 in
2456 4486 2789 4543 oli‘ensiones
2837 4486 3156 4547 incurrens,
3196 4484 3315 4553 ipse
3361 4484 3457 4536 tibi
3498 4482 3611 4537 eii-

367 4587 618 4651 καλέσεις
653 4589 751 4657 τὴν
806 4588 1100 4643 ἀπώλειαν.
1136 4588 1454 4657 Ἄνθρωπος
1496 4589 1785 4659 ὑπάρχων,
1819 4589 1941 4641 ὅσον

365 4682 445 4743 είς
475 4679 573 4751 τὴν
606 4679 765 4749 φύσιν
792 4679 884 4732 τοῦ
919 4681 1192 4751 σώματος,
1221 4680 1249 4731 ὁ
1283 4678 1614 4749 Μονογενὴς,
1645 4680 1739 4733 καὶ
1763 4680 1838 4743 ὡς
1862 4677 1942 4747 εἷς

365 4772 426 4837 ἐξ
454 4772 614 4843 ἡμῶν
650 4772 742 4824 ἐπὶ
778 4772 875 4843 τῆς
902 4772 1004 4840 γῆς
1035 4770 1115 4823 ἔτι
1148 4769 1286 4840 μετὰ
1314 4770 1514 4841 σαρκὸς
1538 4770 1830 4842 ὁρώμενος.
1851 4774 1945 4827 καὶ

364 4866 477 4927 τοῖς
518 4862 791 4925 Ἰουδαίοις
831 4860 1184 4932 πολυτρόπως
1231 4860 1300 4914 τὰ
1344 4862 1476 4931 πρὸς
1515 4863 1790 4935 σωτηρίαν
1832 4865 1945 4917 εἰσ-

368 4953 690 5022 ηγοὺμενος,
720 4953 812 5006 δύο
840 4952 1177 5023 πραγμάτων
1214 4952 1529 5023 θεοπρεπῶν
1558 4954 1736 5025 ἑαυτῷ
1782 4972 1943 5025 περι-

373 5041 587 5093 τέθεικε
630 5042 726 5113 τὴν
779 5042 1155 5115 λαμπρότητα.
1190 5044 1311 5096 "Ott
1360 5048 1467 5115 γὰρ
1512 5046 1605 5098 καὶ
1648 5047 1943 5116 ἀναστήσει

375 5132 503 5194 τους
550 5133 811 5201 νεκροὺς,
846 5136 951 5192 ,καὶ
1007 5136 1436 5207 κριθησομένους
1483 5140 1823 5207 παραστήσει
1866 5137 1944 5209 τῷ

374 5217 563 5286 οἰκείῳ
592 5218 1179 5288 βήματι,διεϐεϐαιοῦτο
1208 5225 1393 5291 σαφῶς
1417 5240 1428 5252 ·
1459 5224 1571 5278 ἀλλ’
1605 5222 1671 5297 ἦν
1693 5227 1784 5279 καὶ
1818 5228 1946 5296 σφό-

371 5309 473 5378 δρα
508 5309 655 5371 είκὸς
682 5308 1046 5379 δυσχεραίνειν
1075 5316 1164 5367 ἐπὶ
1189 5316 1361 5386 τούτῳ
1390 5315 1514 5377 τοὺς
1546 5316 1945 5387 ἀκροωμένους,

375 5398 746 5466 ἐγκαλοῦντας
793 5398 891 5467 ἥδη
915 5439 928 5458 ,
965 5399 1056 5451 καὶ
1100 5401 1311 5454 διώκειν
1355 5403 1583 5471 εὐλόγως
1624 5408 1785 5459 αὑτὸν
1815 5407 1946 5461 ὑπο-

376 5490 693 5555 πτεύοντάς,
727 5491 811 5543 ὅτι
866 5490 1087 5561 Πατέρα
1136 5480 1289 5545 ίδιονή
1318 5494 1469 5563 ἔλεγε
1512 5495 1599 5548 τὸν
1645 5497 1806 5561 Θεὸν,
1838 5499 1947 5550 ἴσον

308 5575 317 5580 ’
375 5584 567 5636 ἑαυτὸν
614 5584 783 5636 ποιῶν
832 5583 910 5652 τῷ
939 5583 1075 5653 Θεῷ.
1108 5586 1470 5658 Ἀνακεράσας
1510 5590 1680 5643 τοῖνυν
1734 5591 1949 5660 ἐξουσίᾳ

457 5752 498 5779 ⁶τ
538 5762 732 5829 Supra,
763 5779 813 5827 v,
854 5761 932 5815 l8.

2050 4583 2186 4636 tium
2214 4596 2491 4636 arcessas.
2518 4580 2690 4633 Homo
2714 4593 2837 4632 cum
2865 4583 3009 4631 esset
3046 4575 3399 4645 Unigenitus,
3436 4574 3615 4644 quoad

2050 4672 2303 4742 corporis
2330 4681 2610 4733 naturam,
2652 4678 2706 4724 et
2737 4668 2877 4723 sicut
2910 4683 3052 4722 unus
3088 4683 3149 4721 ex
3177 4666 3335 4720 nobis
3371 4665 3425 4717 in
3469 4672 3614 4718 terra

2051 4778 2174 4817 cum
2216 4777 2382 4819 carne
2414 4763 2594 4817 adhuc
2623 4766 2933 4831 appareret,
2980 4773 3043 4812 ac
3090 4757 3297 4814 Iudaeis
3330 4756 3613 4826 multiplici

1998 4858 2005 4863 '
2051 4852 2267 4906 ratione
2302 4861 2602 4921 exponeret
2632 4866 2694 4906 ea
2741 4866 2865 4921 qua:
2917 4848 2982 4904 ad
3030 4849 3264 4903 salutem
3318 4850 3615 4919 pertinent,

2052 4940 2285 4995 duarum
2328 4957 2646 5011 magnarum
2687 4956 2869 4995 rerum
2917 4946 2972 4993 et
3019 4937 3125 4991 Deo
3168 4939 3615 4993 convenientium

2050 5026 2354 5091 claritatem
2397 5034 2500 5088 sibi
2550 5033 2890 5087 conciliavit.
2952 5031 3085 5085 Nam
3127 5040 3180 5085 ct
3212 5045 3241 5084 a
3275 5046 3333 5085 se
3368 5038 3617 5085 mortuos

2052 5120 2382 5185 suscitatum
2412 5126 2499 5185 iri,
2525 5132 2578 5178 et
2604 5123 2937 5194 judicandos
2963 5124 3029 5177 ad
3062 5139 3221 5179 suum
3252 5123 3488 5174 tribunal
3518 5131 3618 5172 au-

2051 5221 2275 5275 ductum
2311 5216 2376 5270 iri
2419 5215 2594 5284 palam
2660 5214 3003 5269 allirmabat:
3035 5214 3129 5268 sed
3168 5212 3450 5281 probabile
3495 5216 3614 5263 erat

2054 5311 2335 5366 auditores
2366 5323 2486 5362 eam
2523 5320 2637 5359 rem
2692 5320 2833 5375 aegre
2874 5304 3166 5358 admodum
3227 5302 3456 5362 laturoS,
3492 5313 3615 5351 cum

2048 5398 2162 5475 jam
2207 5418 2329 5456 eum
2377 5400 2877 5469 reprehenderent,
2926 5405 2980 5452 et
3025 5397 3148 5463 jure
3194 5388 3457 5442 insectari
3511 5389 3616 5443 sibi

2054 5493 2468 5567 persuaderent,
2488 5490 2747 5557 quoniam
2765 5488 2978 5541 Patrem
3002 5496 3160 5539 suum
3184 5475 3402 5532 dicebat
3425 5476 3614 5539 Deum,

2057 5586 2323 5657 :cqualem
2358 5599 2414 5637 sc
2441 5581 2648 5637 iaciens
2685 5579 2877 5635 Deo“.
2918 5573 3109 5628 Divina
3152 5569 3335 5634 itaque
3374 5572 3612 5635 potesta.
