4078 6262
477 360 582 418 583

1461 340 1518 398 S.
1556 340 1832 396 CYRILLI
1869 339 2342 399 ALEXANDIHNI
2379 341 2700 400 ARCHIEP.

2900 257 2951 269 .J.
2964 264 3037 275 ...,_

3610 346 3718 403 38L

477 449 535 517 te
563 470 617 517 et
657 458 950 532 splendore
994 473 1304 516 sermonem
1340 465 1655 530 temperans
1703 457 2035 513 humanitati

2146 460 2243 514 καὶ
2277 460 2620 534 λαμπρότητι
2646 464 2713 533 τῇ
2763 461 3059 533 θεοπρεπεῖ
3085 462 3175 514 τὸν
3200 461 3506 533 ἁρμόζοντα
3533 461 3599 532 τῇ
3628 460 3723 514 ἀν-

476 553 915 617 couvenientem,
953 551 1047 607 irae
1099 550 1453 621 asperitatem
1507 548 1795 614 subducit,
1845 548 2044 606 mitius

476 641 879 713 quodammodo
927 656 993 697 ac
1036 640 1372 697 submissius
1412 653 1578 710 quam
1636 638 1925 709 oportebat
1961 636 2046 693 di-

477 747 608 788 cens
634 749 648 785 :
672 751 691 783 (
721 731 878 787 Sicut
901 731 1049 787 enim
1080 732 1240 787 Pater
1265 730 1428 785 habet
1448 731 1617 785 vitam
1637 731 1693 784 in
1720 729 2043 798 semetipso,

477 822 559 876 sic
593 832 647 878 et
677 821 814 877 Filio
841 821 991 877 dedit
1024 818 1229 878 habere
1252 822 1421 877 vitam
1449 821 1505 875 in
1538 821 1857 890 semetipso.
1891 838 1911 871 ι
1938 818 2046 874 Νο-

476 913 571 969 lite
600 916 812 982 mirari,
845 916 1046 986 inquit,
1073 917 1120 972 si
1159 931 1286 971 cum
1311 916 1482 972 vestri
1504 930 1653 970 nunc
1686 914 1885 970 similis
1914 915 2042 981 sim,

474 1020 541 1060 ac
569 1006 759 1061 videar
794 1007 978 1073 homo,
1009 1018 1258 1065 mortuos
1279 1024 1367 1064 me
1394 1004 1790 1064 stIScitaturum
1810 1005 2044 1076 promit-

473 1103 559 1161 to,
604 1104 654 1151 et
706 1091 763 1152 in
818 1097 1090 1167 judicium
1142 1098 1509 1154 adducturum
1575 1097 1804 1152 miniter
1840 1115 1853 1151 :
1893 1094 2045 1151 dedit

473 1187 678 1258 quippe
733 1188 869 1243 mihi
920 1187 1082 1243 Pater
1116 1195 1445 1259 potestatem
1499 1187 1846 1253 viviﬁcandi,
1894 1186 2045 1243 dedit

473 1278 610 1332 mihi
658 1278 947 1349 judicandi
992 1286 1345 1350 potestatem.
1379 1277 1678 1350 Postquam
1734 1287 1917 1336 autem
1947 1277 2045 1349 Ju-

469 1367 712 1422 daorum
762 1369 1007 1426 lubricas
1049 1384 1214 1426 aures
1263 1368 1352 1426 his
1381 1369 1565 1443 verbis
1620 1370 1856 1436 curavit,
1893 1369 2044 1425 illico

470 1473 531 1515 se
564 1456 634 1513 ad
667 1459 951 1531 sequentia
988 1460 1289 1525 convertit,
1320 1467 1378 1517 et
1406 1474 1632 1517 causam
1660 1461 1849 1518 statim
1869 1475 2044 1532 expo-

467 1565 628 1616 nens,
661 1551 733 1606 ob
764 1564 931 1622 quam
971 1551 1051 1606 ait
1083 1566 1143 1607 se
1191 1559 1517 1622 potestatem
1546 1551 1701 1606 illam
1732 1552 2039 1622 accepisse,

468 1637 732 1695 nimirum
765 1638 1194 1704 humanitatem,
1229 1653 1351 1708 quae
1388 1653 1421 1693 a
1463 1637 1644 1709 seipsa
1684 1636 1825 1691 nihil
1850 1636 2038 1701 habet,

467 1727 695 1800 subjicit
724 1747 737 1785 :
772 1746 791 1781 ι
829 1727 970 1795 Quia
1015 1727 1190 1784 Filius
1238 1728 1478 1784 hominis
1511 1736 1618 1783 est.
1650 1745 1669 1780 ι
1704 1725 1860 1793 Quod
1892 1727 2039 1782 enim

2128 549 2459 621 ,θρωπότητι
2500 550 3023 620 λόγον,ὐποκλέπτει
3057 551 3119 604 τὸ
3171 551 3310 622 βαρὺ
3362 551 3461 621 τῆς
3510 550 3678 619 ὀργῆς
3702 587 3721 613 ,

2146 640 2547 711 ἐπιεικέστερόν
2592 658 2709 705 πως
2767 640 2861 695 καὶ
2892 640 3199 711 ὑφειμένως
3224 680 3239 705 ,
3269 641 3301 710 ἢ
3334 633 3481 713 ᾗπερ
3530 639 3722 709 ἐχρῆν,

2145 730 2318 800 λέγων
2349 747 2363 761 ·
2394 749 2413 782 ‹
2450 731 2659 801 Ὥσπερ
2703 731 2811 801 γὰρ
2838 733 2866 784 ό
2891 732 3077 802 Πατὴρ
3107 731 3217 801 ἔχει
3258 730 3403 801 ζωὴν
3429 731 3487 782 ὲν
3522 728 3725 796 ἐαυτῷ.

2144 820 2287 874 οὕτω
2309 821 2403 873 καὶ
2424 819 2502 892 τῷ
2540 820 2657 890 Υίῷ
2686 821 2885 874 δέδωκε
2914 821 3057 893 ζωὴν
3078 822 3220 891 ἔχειν
3242 823 3300 874 ὲν
3335 818 3538 889 ἑαυτῷ.
3573 838 3591 869 ι
3629 817 3721 888 Μὴ
3802 808 3811 815 “

2148 908 2478 979 θαυμάζετε,
2508 910 2673 979 φησὶν
2697 949 2712 975 ,
2746 910 2796 962 εἰ
2850 908 2973 962 καθ’
3010 909 3153 981 ὑμᾶς
3182 908 3278 963 νῦν
3313 908 3594 979 ὑπάρχων,
3632 907 3724 957 καί

2144 999 2425 1072 ὁρώμενος
2452 998 2738 1070 ἄνθρωπος
2759 1038 2775 1063 ,
2801 1000 3126 1071 ἀναστήσειν
3177 996 3543 1069 ὑπισχνοῦμαι
3598 996 3726 1057 τοὺς

2144 1091 2392 1163 νεκροὺς,
2423 1091 2520 1145 καὶ
2552 1092 2632 1156 είς
2658 1091 2840 1162 κρίσιν
2860 1092 3017 1160 ἄγειν
3049 1091 3257 1145 diram?)
3278 1107 3291 1122 θ
3321 1087 3527 1143 δέδωκέ
3552 1104 3643 1157 μοι
3666 1085 3727 1138 τὸ

2142 1180 2401 1238 δύνασθαι
2441 1181 2727 1251 ζωογονεῖν
2749 1184 2778 1235 ὁ
2812 1182 3025 1255 Πατὴρ,
3054 1180 3253 1236 δέδωκέ
3290 1197 3382 1252 μοι
3418 1179 3479 1233 τὸ
3517 1178 3726 1250 κρίνειν

2143 1273 2235 1328 ἐπ’
2270 1272 2539 1342 ἐξουσίας.
2582 1273 2804 1345 Ἐπειδὴ
2850 1274 2909 1329 δὲ
2939 1273 3028 1328 διά
3065 1272 3269 1327 τούτων
3311 1271 3411 1343 τὴν
3452 1269 3725 1324 εύόλισθον

2142 1364 2251 1419 τῶν
2277 1363 2545 1421 Ἰουδαίων
2569 1364 2974 1439 τεθεράπευκεν
2997 1364 3187 1436 ἀκοὴν,
3204 1381 3241 1432 φ
3248 1363 3461 1434 ροντίδει
3481 1362 3720 1417 ποιεῖται

2142 1455 2347 1528 γοργὴν
2392 1456 2488 1511 καὶ
2516 1455 2618 1527 τῆς
2643 1456 2751 1510 τῶν
2772 1456 2971 1528 ἑφεξῆς
2998 1454 3285 1526 ὠφελείας,
3303 1455 3396 1509 καὶ
3418 1454 3521 1525 τὴν
3539 1452 3722 1511 αἰτίαν

2142 1549 2305 1613 εὐθὺς
2331 1548 2425 1603 τοῦ
2472 1548 2717 1620 δεδέχθαι
2748 1548 2931 1619 λέγειν
2968 1548 3159 1603 ἑαυτὸν
3192 1545 3557 1618 ἰξηγούμενος
3621 1544 3723 1614 τὴν

2141 1639 2294 1694 οὐδὲν
2338 1632 2573 1709 ’ἔχουσαν
2613 1639 2674 1704 ἐξ
2715 1638 2916 1709 ἑαυτῆς
2958 1636 3373 1708 ἀνθρωπότητα,
3402 1634 3723 1708 προΐσχεται

2141 1729 2333 1799 λέγων·
2382 1750 2399 1782 ι
2441 1729 2719 1795 Ὀτι-Υἱὸς
2738 1729 3026 1801 ἀνθρώπου
3072 1727 3237 1782 ἐστίν.
3278 1746 3296 1779 ι
3329 1728 3451 1782 Ὅτι
3493 1726 3601 1795 γὰρ
3631 1726 3726 1780 καὶ

467 1820 582 1873 vita
632 1819 703 1874 sit
735 1818 1041 1875 secundum
1077 1826 1332 1873 naturam
1375 1832 1531 1874 suam
1568 1818 1916 1888 Unigenitus,
1950 1832 2035 1871 ne-

2148 1822 2261 1895 ζωὴ
2280 1822 2430 1898 ’κατά
2453 1821 2615 1891 φύσιν
2640 1821 2790 1874 ἐστὶν
2814 1822 2843 1874 ὁ
2871 1818 3202 1891 Μονογενὴς,
3230 1818 3323 1873 καὶ
3358 1818 3419 1872 οὐ
3449 1817 3725 1897 ζωῆςοτῆς

466 1925 576 1979 que
604 1912 773 1964 vitam
819 1909 886 1964 ab
924 1909 1033 1963 alio
1072 1908 1400 1978 participet,
1453 1908 1551 1964 sed
1599 1922 1665 1963 eo
1717 1908 1880 1963 modo
1929 1922 2038 1976 quo

466 2001 633 2056 Pater
662 2001 932 2065 vivificet,
964 2000 1304 2072 superﬂuum
1327 2009 1434 2065 est,
1464 2001 1685 2070 opinor,
1721 2000 2037 2071 impraesen-

467 2092 670 2145 tiarum
718 2092 926 2156 dicere,
973 2108 1097 2147 cum
1148 2093 1206 2147 in
1248 2092 1375 2148 libri
1416 2092 1584 2162 hujus
1618 2092 1774 2147 initio
1811 2092 1932 2148 fuse
1973 2091 2042 2147 de

467 2182 569 2237 illo
602 2183 944 2253 diSputatum
974 2184 1046 2239 sit
1073 2183 1140 2238 ad
1167 2199 1292 2239 eum
1332 2185 1512 2239 locum
1544 2202 1559 2239 :
1592 2202 1612 2234 ι
1639 2182 1797 2251 Quod
1835 2182 2038 2237 factum

464 2281 552 2328 est
589 2272 642 2327 in
679 2273 800 2343 ipso
831 2274 940 2327 vita
971 2281 1089 2328 erat
1119 2274 1185 2328 ".
1226 2293 1245 2327 ι

533 2361 603 2426 ν,
635 2363 726 2422 28.
750 2364 840 2419 29.
872 2366 1051 2420 Nolite
1097 2366 1288 2419 mirari
1318 2365 1435 2432 hoc,
1467 2365 1591 2433 quia
1625 2366 1761 2418 venit
1812 2364 1945 2419 hora
1982 2367 2037 2419 in

462 2470 569 2521 qua
608 2471 786 2508 omnes
821 2455 912 2524 qui
950 2456 1005 2509 in
1051 2455 1398 2510 monumentis
1441 2463 1585 2519 sunt,
1617 2454 1828 2508 audierat
1865 2464 2039 2510 eodem

465 2542 596 2598 Filii
632 2543 747 2604 Dei.
783 2556 832 2599 et
881 2546 1161 2614 precedent
1190 2546 1281 2616 qui
1325 2545 1490 2618 236
1524 2544 1660 2599 bona
1694 2546 1951 2616 fuerunt,
1983 2549 2039 2602 in

460 2637 893 2690 resurrectionem
944 2639 1064 2693 vitae
1106 2654 1124 2692 :
1184 2639 1274 2708 qui
1320 2654 1439 2692 vero
1493 2638 1640 2693 mala
1687 2649 1931 2710 egerunt,
1983 2642 2038 2695 in

388 2764 393 2769 -
463 2728 895 2781 resurrectionem
926 2728 1142 2797 judicii.

534 2817 631 2874 His
672 2817 891 2889 quidem
937 2821 1120 2875 verbis
1173 2818 1600 2875 resurrectionis
1654 2819 2034 2877 universorum

461 2922 679 2982 tempus
711 2912 1009 2983 significat,
1043 2927 1178 2981 quo,
1210 2919 1271 2966 ut
1303 2912 1526 2968 divinus
1556 2911 1649 2968 ille
1680 2921 1867 2968 noster
1889 2912 2036 2967 Pau-

459 3002 545 3057 lus
573 3002 792 3068 scribit,
842 3022 861 3055 ι
906 3002 1030 3072 Ipse
1068 3002 1336 3059 Dominus
1381 3003 1436 3057 in
1469 3003 1657 3072 jussu,
1699 3004 1754 3058 in
1785 3020 1918 3060 voce
1947 3021 2038 3060 ar-

457 3091 739 3163 changeli,
768 3092 823 3145 in
863 3091 994 3146 tuba
1038 3089 1135 3147 Dei
1169 3091 1465 3147 descendet
1486 3092 1552 3147 de
1583 3092 1745 3159 coelo,
1776 3111 1795 3145 ›
1813 3093 2034 3162 judica-

2148 1915 2277 1986 παρ’
2300 1914 2486 1985 ἑτέρου
2518 1913 2766 1984 μέτοχος,
2792 1912 3077 1979 ζωογονεῖν
3105 1929 3163 1964 τε
3185 1910 3379 1973 οὕτως,
3410 1909 3598 1980 ῶσπερ
3629 1912 3725 1962 καὶ

2145 2005 2174 2056 ὁ
2200 2000 2420 2076 Πατὴρ,
2456 2004 2707 2075 περιττὸν
2744 1999 2898 2073 οἶμαι
2928 2001 3107 2070 λέγειν
3151 2001 3377 2069 πρὸςκτὸ
3411 2000 3605 2069 παρὸν,
3629 2002 3727 2052 ὲπ-
3766 2075 3771 2079 ῡ

2146 2094 2304 2166 εἰπερ
2342 2097 2473 2166 ἡμῖν
2513 2096 2572 2149 ού
2613 2095 2820 2166 βραχὺς
2853 2096 2910 2147 ἐν
2959 2093 3132 2163 τούτῳ
3173 2091 3535 2162 δεδαπάνηται
3568 2090 3725 2160 λόγος

2144 2185 2204 2238 ὲν
2231 2187 2372 2256 ἀρχῇ
2406 2186 2500 2240 τοῦ
2559 2185 2766 2256 βιϐλίου
2790 2226 2804 2251 ,
2841 2184 3204 2256 προκειμένου
3251 2181 3439 2253 ῥητοῦ,
3481 2202 3497 2233 ι
3541 2184 3606 2234 Ὃ
3631 2182 3725 2250 γέ-

2146 2291 2302 2343 γονεν
2339 2276 2398 2329 ὲν
2431 2275 2580 2345 αὐτῷ
2609 2274 2723 2345 ζωὴ
2752 2269 2841 2345 ἦν.
2876 2293 2894 2325 ι

2216 2366 2312 2434 Μὴ
2362 2366 2682 2436 θαυμάζετε
2729 2366 2944 2429 τοῦτο,
2997 2365 3088 2419 ὅτι
3136 2366 3369 2434 ἔρχεται
3406 2362 3548 2433 ὥρα,
3589 2358 3731 2434 ἐνῇ

2144 2457 2364 2524 πάντες
2396 2458 2451 2512 οἱ
2486 2459 2556 2511 ἐν
2599 2458 2725 2524 τοῖς
2753 2458 3061 2527 μνημείοις
3099 2456 3433 2511 ἀκούσουσι
3465 2453 3574 2523 τῆς
3610 2472 3726 2524 φω-

2144 2546 2260 2615 νῆς
2305 2547 2511 2611 αὑτοῦ,
2539 2547 2639 2601 καὶ
2682 2546 3113 2612 ἐξελεύσονται
3157 2547 3210 2599 οἰ
3236 2544 3307 2598 τὰ
3335 2544 3527 2613 ἀγαθὰ
3550 2542 3724 2608 ποιή-

2143 2654 2363 2705 σαντες
2383 2640 2470 2705 είς
2506 2636 2848 2693 ἀνάστασιν
2870 2636 3037 2706 ζωῆς·
3072 2639 3126 2690 οὶ
3149 2635 3219 2689 δὲ
3245 2636 3316 2691 τὰ
3344 2634 3548 2705 φαῦλα
3580 2632 3729 2702 πρά-

2144 2731 2380 2797 ξαντες,
2401 2731 2489 2798 εὶς
2518 2728 2859 2786 ἀνάστασιν
2885 2730 3162 2796 κρίσεως.

2217 2820 2479 2892 Σημαίνει
2517 2820 2615 2889 μὲν
2665 2817 2753 2871 διὰ
2784 2816 2989 2871 τούτων
3043 2813 3145 2880 τῆς
3189 2811 3445 2867 ἁπάντων
3492 2809 3723 2864 ἀναστάο

2145 2929 2280 2977 σεως
2342 2910 2433 2964 τὸν
2487 2909 2679 2981 καιρὸν
2702 2951 2717 2976 ,
2746 2910 2833 2962 ὅτε
2861 2950 2873 2971 ,
2907 2905 3155 2977 καθάπερ
3202 2905 3332 2977 ἡμῖν
3372 2904 3400 2956 ὁ
3442 2900 3723 2964 Θεσπέσιος
3757 2939 3764 2946 .

2143 3003 2418 3058 ἐπέστειλε
2445 3002 2657 3065 Παῦλος
2681 3040 2697 3068 ,
2721 3020 2739 3052 ι
2772 2999 2944 3063 Αύτδς
2972 3000 3000 3051 ὁ
3043 2998 3247 3069 Κύριος
3274 2999 3331 3049 ὲν
3360 2992 3720 3064 κελεύσματι,

2144 3100 2201 3150 έν
2232 3096 2385 3167 φωνῇ
2416 3093 2778 3167 ἀρχαγγέλου,
2804 3093 2864 3145 ’ὲν
2901 3091 3161 3159 σάλπιγγι
3185 3088 3318 3141 Θεοῦ
3351 3085 3722 3157 καταϐήσεται

460 3192 621 3238 turus
667 3186 856 3238 orbem
906 3184 961 3237 in
995 3182 1215 3253 justitia
1242 3183 1308 3250 ⁸⁸,
1352 3193 1408 3239 et
1457 3182 1774 3240 redditurus
1815 3185 2035 3241 unicui-

2142 3189 2237 3243 ἀπ’
2261 3187 2509 3260 οὐρανοῦ,
2545 3206 2564 3241 ι
2590 3189 2771 3257 κρῖναι
2812 3185 2909 3256 τὴν
2934 3183 3259 3254 οἰκουμένην
3294 3182 3350 3235 ὲν
3389 3178 3719 3251 δικαιοσύνῃ,

456 3288 564 3342 que
627 3273 928 3329 secundum
992 3288 1159 3343 opera
1223 3288 1345 3329 sua.
1428 3273 1782 3344 Repetitioue
1854 3283 2036 3332 tamen

456 3362 774 3417 eorumdem
807 3363 1096 3433 imperitos
1126 3362 1445 3433 Judgeorum
1479 3365 1698 3422 animos
1728 3368 1887 3437 quasi
1923 3383 2037 3422 ma-

458 3454 723 3521 nuducit,
768 3463 829 3509 ut
877 3456 1028 3510 clare
1077 3455 1545 3527 discerelqueant
1596 3458 1809 3527 majora
1852 3459 1926 3514 ab
1969 3442 2043 3515 eo

457 3546 721 3599 miracula
756 3556 1033 3615 patratum
1064 3547 1130 3600 iri
1161 3563 1327 3617 quam
1382 3547 1529 3618 quod
1582 3548 1787 3603 factum
1837 3558 1925 3606 est
1976 3550 2034 3605 in

460 3637 784 3707 paralytico,
807 3644 862 3690 et
891 3651 952 3691 se
982 3637 1155 3692 totius
1178 3638 1332 3694 orbis
1367 3639 1732 3694 constitutum
1769 3639 1836 3694 iri
1886 3641 2037 3710 judi-

459 3741 600 3781 cem.
643 3726 985 3796 Comparans
1035 3739 1220 3783 autem
1254 3735 1601 3784 mortuorum
1634 3732 2032 3786 resurrectioni

456 3817 621 3873 unius
656 3816 997 3871 curationem
1020 3857 1035 3883 ,
1082 3816 1346 3886 majorem
1407 3826 1463 3873 ct
1506 3818 1809 3889 digniorem
1845 3827 2032 3875 osten-

458 3907 539 3962 dit
562 3921 686 3963 esse
715 3911 827 3961 vim
864 3905 1015 3962 illam
1047 3907 1328 3963 solvendae
1361 3910 1577 3974 mortis,
1617 3917 1677 3965 et
1717 3912 2034 3982 corruptio-

436 3998 545 4054 .nis
570 3998 819 4054 omnium
855 3998 1133 4064 tollendae,
1177 3998 1426 4071 adeoque
1475 4001 1599 4071 jure
1630 4009 1687 4057 et
1714 4004 2034 4059 necessario

454 4089 616 4161 quasi
668 4088 738 4145 de
802 4089 1017 4146 minore
1068 4090 1337 4146 miraculo
1379 4092 1504 4148 ait:
1549 4111 1569 4145 ι
1608 4090 1791 4148 Nolite
1842 4094 2033 4150 mirari

455 4181 580 4238 hoc.
621 4201 641 4235 ι
677 4178 868 4252 Neque
919 4196 1051 4237 vero
1114 4182 1432 4253 putabimus
1487 4185 1666 4255 ipsum
1705 4184 1792 4241 his
1848 4185 2032 4243 verbis

453 4290 682 4345 operum
713 4289 949 4331 suorum
976 4274 1220 4330 claritati
1256 4274 1569 4341 detrahere,
1610 4270 1706 4333 a'ut
1740 4286 1893 4335 certe
1925 4293 2031 4333 au-

455 4365 729 4423 ditoribus
792 4367 1094 4437 precipere
1157 4381 1228 4422 ne
1276 4366 1548 4441 mirentur
1598 4383 1721 4439 quae
1783 4369 2029 4441 alioquin

2138 3281 2233 3334 καὶ
2266 3279 2559 3335 ἀποδώσων
2581 3278 2680 3351 [αἰ.
2712 3275 3035 3348 ἀποδώσειν]
3066 3274 3282 3343 ἑκάστῳ
3321 3273 3459 3327 κατὰ
3488 3276 3556 3326 τά
3586 3271 3725 3341 ἔργα

2136 3370 2321 3425 αὑτοῦ.
2356 3370 2701 3444 Χειραγωγεῖ
2733 3368 2777 3421 δ’
2822 3363 2915 3422 οὖν
2954 3366 3103 3437 ὅμως
3150 3363 3238 3416 διὰ
3271 3363 3369 3433 τῆς
3398 3360 3507 3413 τῶν
3543 3358 3723 3415 αὐτῶν

2138 3461 2529 3533 ιπαναλήψεως
2574 3460 2672 3530 τὴν
2718 3456 3105 3529 ἀμαθεστάτην
3152 3452 3258 3519 τῶν
3301 3449 3569 3504 Ἰουδαίων
3605 3446 3721 3501 διὰ-

2136 3569 2286 3609 νοιαν
2336 3554 2416 3615 εἰς
2448 3551 2508 3605 τὸ
2548 3549 2805 3603 δύνασθαι
2831 3547 3066 3601 συνιέναι
3097 3542 3281 3611 σαφῶς
3303 3583 3318 3607 ,
3350 3543 3431 3595 ὅτι
3481 3540 3575 3593 καὶ
3612 3556 3723 3610 μει-

2137 3644 2303 3709 ζόνων
2323 3642 2474 3696 ἔσται
2497 3641 2885 3713 τερατουργδς,
2915 3641 2972 3692 ὲν
3002 3632 3084 3702 οἷς
3121 3639 3150 3690 ὁ
3179 3634 3491 3706 παράλυτος
3518 3626 3606 3717 ἦν,
3631 3631 3725 3684 καί

2135 3728 2234 3799 τῆς
2260 3727 2585 3799 οἰκουμένης
2633 3727 3083 3798 ἀναδειχθήσεται
3127 3724 3342 3796 κριτής.
3397 3722 3741 3791 Ἀντιπαραι

2133 3819 2303 3883 τιθεὶς
2336 3819 2393 3873 δὲ
2448 3816 2736 3892 χρησίμως
2771 3821 2838 3889 τῇ
2887 3816 2994 3870 τῶν
3024 3814 3232 3886 νεκρῶν
3277 3810 3575 3865 ἀναστάσει
3626 3810 3723 3881 τὴν

2137 3910 2221 3982 ἐφ’
2244 3911 2322 3964 ἑνὶ
2342 3910 2450 3964 τῶν
2471 3910 2768 3965 νοσούντων
2784 3908 3098 3981 θεραπείαν,
3120 3904 3343 3978 μείζονά
3373 3920 3434 3957 τε
3458 3900 3723 3967 καὶάξιο-

2134 4001 2442 4075 λογωτέραν
2496 4000 2824 4055 ἐπιδεικνύει
2855 4002 2953 4071 τὴν
3010 3998 3241 4053 θανάτου
3288 3994 3517 4063 λυτικὴν
3562 3992 3722 4063 ἐνέρ-

2134 4112 2310 4165 γειαν,
2329 4095 2423 4149 καὶ
2452 4095 2658 4166 φθορᾶς
2685 4093 2782 4163 τῆς
2820 4092 3076 4146 ἁπάντων
3103 4086 3477 4159 ἀναιρετικὴν,
3495 4084 3718 4147 εἰκότως

2132 4202 2193 4238 τε
2246 4185 2341 4239 καὶ
2384 4184 2720 4254 ἀναγκαίως,
2756 4170 2835 4246 ὡς
2887 4181 2975 4235 ἐπ’
3007 4180 3250 4233 ἐλάττονι
3304 4176 3383 4248 τῷ
3434 4175 3722 4247 παραδόξῳ

2135 4276 2308 4349 φησί·
2347 4294 2366 4327 ι
2396 4276 2488 4346 Μὴ
2522 4274 2830 4345 θαυμάζετε
2861 4272 3037 4327 τοῦτο.
3074 4291 3091 4323 ι
3132 4271 3241 4325 Καὶ
3286 4269 3346 4322 ού
3376 4269 3550 4338 δήπου
3588 4269 3719 4321 πάν-

2132 4383 2231 4430 τας
2264 4365 2377 4439 [Ζσ.
2406 4363 2647 4437 πάντως]
2693 4364 2988 4435 νομιοῦμεν
3020 4362 3181 4417 αὑτὸν
3212 4363 3310 4431 τῆς
3352 4358 3461 4412 τῶν
3504 4358 3718 4411 οἰκείων

454 4454 821 4510 admiratione
882 4463 1015 4510 sunt
1061 4454 1423 4525 dignissima;
1465 4457 1561 4511 sed
1619 4456 1725 4512 hoc
1774 4458 1920 4514 scire
1977 4464 2031 4513 et

2140 4459 2315 4529 ἔργων
2363 4457 2748 4530 λαμπρότητος
2794 4456 2886 4509 διὰ
2931 4456 3137 4509 τούτων
3182 4454 3530 4524 κατηγορεῖν,
3565 4450 3717 4521 ἢκαὶ

414 4542 417 4545 ’
453 4545 680 4600 credere
704 4546 821 4600 vult
855 4560 952 4600 eos
994 4544 1090 4615 qui
1139 4546 1358 4600 attoniti
1397 4553 1557 4601 erant
1594 4547 1691 4601 illo
1737 4547 2027 4611 miraculo,

456 4650 647 4705 parum
681 4636 818 4691 illud
855 4652 979 4692 esse
1009 4638 1302 4692 hactenus.
1332 4635 1508 4693 Verbo
1531 4638 1678 4693 enim
1713 4653 1778 4692 ac
1823 4638 2031 4695 virtute

455 4726 661 4792 divina,
695 4742 805 4781 non
835 4734 1050 4782 tantum
1081 4726 1363 4784 diuturnis
1388 4728 1596 4785 morbis
1621 4736 1846 4786 vexatos
1879 4730 2031 4785 exci-

455 4825 558 4880 tat,
585 4817 682 4872 sed
702 4826 758 4873 et
787 4819 892 4889 ipsi
923 4819 1090 4875 morti
1123 4820 1445 4897 immersos,
1471 4828 1527 4885 et
1569 4821 1873 4878 inevitabili
1906 4838 2028 4877 cor-

455 4907 711 4977 ruptione
751 4913 1070 4978 superatos.
1107 4908 1343 4979 Ideoque
1375 4909 1550 4980 majus
1584 4911 1845 4982 quiddam
1892 4911 2031 4969 infe-

454 5013 583 5056 rens
608 4996 725 5052 ait:
755 5014 774 5049 ι
799 4996 940 5063 Quia
972 5000 1155 5055 veniet
1185 5000 1343 5065 hora,
1380 5001 1436 5056 in
1474 5018 1583 5072 qua
1609 5018 1802 5061 omnes
1834 5004 1929 5075 qui
1965 5004 2021 5060 in

454 5089 828 5148 monumentis
855 5097 985 5145 sunt
1015 5091 1241 5147 audient
1275 5107 1465 5149 vocem
1489 5093 1633 5163 ejus.
1655 5113 1673 5146 ι
1708 5095 1815 5161 Qui
1852 5097 2023 5152 verbo

452 5184 602 5239 enim
630 5187 830 5238 cuneta
852 5196 883 5238 e
911 5180 1088 5237 nihilo
1109 5181 1392 5252 produxit,
1421 5183 1698 5253 quomodo
1729 5199 1839 5239 non
1870 5193 2026 5256 pote-

452 5271 526 5327 rit
548 5270 764 5329 edicere
783 5280 846 5326 ut
867 5270 1018 5341 quod
1051 5270 1170 5342 jam
1188 5270 1398 5326 factum
1439 5279 1525 5329 est
1545 5272 1602 5328 in
1628 5282 1811 5329 ortum
1843 5276 2026 5334 denuo

452 5364 801 5420 revertatur?
831 5356 1143 5436 Utrumque
1177 5363 1325 5418 enim
1368 5363 1621 5432 ejusdem
1660 5372 1745 5422 est
1783 5366 2023 5434 virtutis,

452 5463 510 5509 et
548 5455 715 5513 unius
748 5456 1042 5528 potestatis
1089 5454 1344 5512 mirabile
1377 5463 1461 5512 est
1485 5471 1622 5527 opus
1668 5458 1721 5513 in
1774 5467 2027 5530 utroque.

456 5541 677 5601 Utiliter
697 5555 883 5603 autem
906 5547 1157 5619 subiicit,
1180 5562 1542 5618 processuros
1573 5564 1601 5605 c
1633 5550 2029 5607 monumentis.

523 5727 567 5763 "
612 5728 883 5803 Supra,i,
922 5735 973 5788 4.
1054 5735 1098 5769 ⁸³
1138 5733 1154 5788 Ι
1186 5735 1378 5794 Thess.
1416 5751 1490 5805 iv,
1526 5736 1606 5791 15.

2136 4552 2247 4614 τοῖς
2293 4549 2664 4622 ἀκροωμένοις
2715 4548 3059 4612 ἐπιτάττειν,
3096 4546 3171 4617 μὴ
3219 4544 3415 4617 χρῆναι
3443 4542 3714 4611 θαύματος

2134 4639 2421 4708 ἀξιοῦν,τά
2451 4641 2534 4708 ἐφ’
2576 4634 2657 4703 οἷς
2678 4640 2744 4693 ἂν
2768 4638 2991 4701 εἰκότως
3019 4633 3500 4707 θαυμάζοιεν,ἁλλ’
3520 4633 3715 4685 εἰδέναι

2135 4747 2191 4783 τε
2212 4731 2305 4784 καὶ
2325 4729 2600 4784 πιστεύειν
2630 4730 2878 4800 βούλεται
2900 4730 3026 4792 τοὺς
3044 4728 3131 4780 ἐπ’
3147 4726 3340 4795 ἐκείνῳ
3368 4722 3687 4791 καταπεπλη
3701 4750 3713 4762 -

2135 4820 2392 4891 γμένους,
2418 4820 2501 4874 ὅτι
2533 4821 2732 4891 μικρὸν
2765 4819 2914 4891 αύτῷ
2951 4819 3013 4873 τὸ
3049 4819 3209 4890 μέχρι
3226 4816 3418 4870 τούτου
3443 4814 3715 4883 θαυμάζε-

2136 4910 2281 4968 σθαι.
2308 4910 2541 4982 Ἐγείρει
2571 4911 2681 4984 γὰρ
2701 4912 2844 4983 λόγῳ
2878 4911 2973 4966 καὶ
3006 4907 3255 4982 ἐνεργείᾳ
3277 4907 3589 4977 θεοπρεπεῖ,
3621 4905 3715 4973 οὐχ

2129 5005 2277 5068 ὅπως
2318 5006 2384 5057 ὲκ
2429 5002 2655 5075 μακρῶν
2712 5001 3166 5076 ἀρρωστημάτων
3209 4999 3338 5062 τοὺς
3389 4988 3715 5067 κάμνοντας,

2132 5098 2267 5154 ἀλλά
2288 5100 2380 5153 καὶ
2402 5098 2597 5160 αὐτοὺς
2622 5098 2720 5168 ἥδη
2748 5098 2874 5161 τοὺς
2890 5094 2969 5166 τῷ
2988 5093 3202 5164 θανάτῳ
3230 5090 3714 5161 βεϐαπτισμένους.

2133 5191 2227 5245 καί
2250 5191 2475 5262 ἀκράτῳ
2501 5188 2884 5260 νενικημένους
2909 5185 3102 5257 φθορᾷ.
3131 5184 3243 5238 Καὶ
3268 5182 3356 5237 διά
3383 5180 3541 5235 τοῦτό
3556 5197 3712 5250 φησι,

2133 5281 2193 5335 τὸ
2215 5282 2398 5354 μεῖξον
2430 5280 2697 5352 εἰσφέρων
2719 5295 2734 5311 ·
2765 5298 2783 5330 ι
2821 5278 2942 5332 Ὅτι
2969 5275 3186 5348 ἔρχεται
3209 5275 3350 5347 ὥρα,
3368 5266 3483 5346 ὲνῇ
3520 5271 3716 5333 πάντες

2132 5374 2183 5427 οἱ
2214 5373 2271 5426 ὲν
2286 5374 2398 5436 τοῖς
2418 5370 2705 5443 μνημείοις
2734 5366 3058 5423 ἀκούσονται
3088 5365 3185 5437 τῆς
3207 5364 3390 5434 φωνῆς
3419 5360 3637 5416 αὐτοῦ.»
3660 5361 3716 5413 '0

2122 5458 2231 5531 γὰρ
2265 5462 2408 5534 λόγῳ
2436 5463 2504 5516 τά
2525 5460 2622 5514 οὐκ
2644 5460 2774 5515 ὄντα
2802 5457 2933 5512 ποτὶ
2954 5457 3090 5529 πρὸς
3110 5456 3171 5509 τὸ
3190 5452 3327 5509 εἶναι
3354 5450 3713 5523 παραγαγὼν.

2140 5569 2253 5614 πως
2279 5551 2375 5604 οὐκ
2400 5551 2465 5605 ἂν
2494 5548 2708 5621 ἰσχύσαι
2739 5548 2796 5600 τὸ
2819 5548 2915 5618 ἤδη
2945 5543 3309 5614 πεποιημένον
3333 5541 3714 5611 παλινδρομεῖν
