4078 6262
327 291 439 347 585

1383 276 1452 331 1N
1478 273 1766 331 JOANNIS
1806 262 2255 329 EVANGELIUM
2318 271 2448 327 LIB.
2491 270 2552 326 ll.

3483 268 3589 327 386

332 402 627 458 ἀναπεῖσαι
660 393 793 467 πρὸς
821 392 1067 462 γένεσιν;
1102 385 1218 444 Εἶεν
1260 392 1366 459 γὰρ
1402 386 1467 441 ἂν
1515 385 1660 438 οὑτω
1697 385 1794 454 τῆς
1824 382 1915 436 αὑ-

2033 391 2343 452 peccatores
2370 380 2612 450 quidem,
2646 385 2702 433 et
2736 384 3003 450 quotquot
3030 375 3278 445 improbe
3324 378 3586 439 vixerint.

220 510 232 533 ι
330 495 438 563 τῆς
484 489 769 562 ἐνεργείας
800 486 1060 554 ἑκάτερα,
1097 481 1191 535 καὶ
1239 482 1369 550 μιᾶς
1422 476 1671 544 ἐξουσίας
1723 475 1785 528 τὸ
1840 475 1925 528 ἐπ’

337 586 545 654 ἀμφοῖν
579 581 904 648 ἀξιάγαστον
927 574 1295 645 ἀποτέλεσμα.
1332 570 1611 639 Ἐπιλέγει
1643 568 1698 621 δέ
1729 566 1927 639 χρησί-

342 692 482 747 μως,
522 673 603 727 δτι
654 666 1068 741 προελεύσονται
1096 665 1206 719 τῶν
1263 662 1589 735 μνημάτων,
1616 662 1666 714 οἱ
1697 659 1795 731 μὲν
1837 660 1923 712 ἐπ’

339 767 589 835 αἰσχροῖς
616 761 850 823 ἁλόντες.
883 759 975 813 καὶ
1007 755 1241 831 πονηρίᾳ
1283 753 1792 835 συμϐιοτεύσαντες,
1820 750 1921 820 τὴν

340 831 690 923 ἀτελεύτητον
715 848 1000 919 ὑφέξονται
1027 844 1361 919 [ὑφέξοντες]
1383 831 1586 915 δίκην’“
1601 843 1649 896 oi
1692 840 1750 894 δέ
1801 841 1916 895 δια-ί

339 948 568 1018 πρεπεῖς
594 946 651 996 ἐν
668 939 1012 1013 ἀρεταῖς,τῆς
1031 937 1331 1001 ἐπιεικείας
1356 935 1549 1007 μισθὸν
1568 932 1917 1007 νάντικομιού-
1946 1004 1951 1011 ι

339 1016 487 1105 μενοι
542 1031 640 1104 τὴν
686 1028 903 1083 αἰώνιον
948 1027 1094 1097 ζωήν
1115 1044 1129 1056 ·
1161 1024 1296 1095 ὁμοῦ
1346 1022 1477 1093 μὲν,
1530 1019 1781 1090 καθάπερ
1813 1016 1916 1087 ἤδη

336 1122 689 1196 προείπομεν.
721 1118 915 1172 ἑαυτὸν
952 1115 1211 1185 διανομέα
1254 1112 1364 1165 τῶν
1411 1110 1625 1179 ἑκάστῳ
1680 1106 1918 1179 πρεπόν-

333 1234 439 1269 των
484 1215 579 1267 καὶ
609 1211 696 1265 διὰ
736 1210 942 1263 τούτων
985 1206 1288 1277 εἰσφέρων,
1328 1202 1462 1273 ὁμοῦ
1503 1201 1561 1255 δὲ
1588 1198 1917 1260 ἀναπείθων,

2025 479 2085 525 ut
2113 478 2351 525 aeternas
2384 483 2576 538 ptenas
2598 469 2773 530 luant,
2799 466 2958 522 bonis
2997 475 3177 520 autem
3207 475 3261 521 et
3288 467 3591 526 virtutibus

2018 561 2364 631 conspicuis,
2405 569 2466 612 ut
2496 558 2885 627 sempiternam
2928 557 3093 611 vitam
3130 557 3426 626 probitatis
3454 573 3593 628 pra:-

2018 652 2191 705 mium
2234 647 2497 710 referant,
2535 645 2835 713 simulque,
2869 652 2929 697 ut
2972 644 3086 713 jam
3131 644 3289 713 prius
3328 642 3590 712 diximus,

2019 742 2268 811 seipsum
2298 738 2540 809 iudicem
2571 750 2762 791 eorum
2803 750 2926 805 quae
2956 735 3159 803 cuique
3192 733 3462 790 debentur
3506 737 3593 791 his

2020 845 2244 902 quoque
2287 827 2475 884 verbis
2522 825 2865 897 significans,
2909 840 2975 880 ac
3028 834 3294 897 praeterea
3352 827 3593 884 suadens

2022 931 2116 976 aut
2147 930 2294 977 metu
2329 920 2599 975 malorum
2633 917 3037 986 improbitatem
3066 916 3257 988 fugere
3308 927 3362 972 et
3384 918 3449 971 ad
3480 934 3594 973 me-

2023 1013 2215 1067 liorem
2258 1010 2469 1081 frugem
2500 1023 2560 1063 se
2595 1005 2920 1069 transferre,
2952 1014 3047 1061 aut
3097 1018 3318 1062 aeterna:
3340 1008 3466 1063 vita:
3493 1007 3592 1065 de-

2025 1103 2230 1159 siderio
2284 1098 2695 1172 quodammodo
2740 1097 3061 1155 stimulatos
3113 1099 3375 1153 virtutem
3428 1100 3595 1155 vehe-

2025 1193 2268 1248 mentius
2297 1206 2516 1261 cupere.

334 1309 368 1379 ἢ
405 1307 483 1378 τῷ
517 1305 667 1375 φόϐῳ
697 1302 790 1355 τοῦ
826 1301 1017 1355 παθεῖν
1049 1301 1116 1351 τά
1144 1297 1310 1360 δεινὰ,
1345 1293 1727 1366 παραιτεῖσθαι
1752 1291 1814 1343 τὸ
1847 1287 2072 1359 φαῦλον,
2107 1287 2200 1340 καὶ
2232 1283 2648 1338 συνελαύνεσθαί
2682 1297 2799 1345 πως
2826 1283 2905 1344 είς
2959 1278 3022 1333 τὸ
3052 1278 3201 1350 βιοῦν
3263 1278 3467 1333 ἐθέλειν
3495 1278 3596 1349 ἤδη

337 1398 797 1469 σωφρονέστερον,
844 1395 878 1466 ἦ
928 1393 1111 1461 ἐφέσει
1157 1389 1512 1459 νυττομένους
1540 1386 1742 1459 τρόπον
1787 1383 1910 1437 τινὰ
1947 1384 2013 1453 τῇ
2059 1382 2188 1453 περὶ
2217 1379 2316 1449 τὴν
2347 1376 2565 1432 αἰώνιον
2608 1376 2754 1448 ζωὴν
2780 1414 2796 1441 ,
2864 1374 3264 1445 συντονωτέραν
3328 1372 3595 1427 ποιεῖσθαι

336 1490 664 1552 σπουδάζειν
690 1487 788 1556 τὴν
813 1484 898 1538 ἐπ’
934 1482 1160 1552 ἀγαθοῖς
1191 1481 1519 1554 προθυμίαν.

936 1576 1186 1630 ΚΕΦΔΛ.
1237 1574 1316 1628 Θ¹.

2560 1555 2720 1626 237
2755 1553 2911 1608 car.
2952 1549 3045 1607 Ix.

339 1693 473 1746 Ὀτι
499 1690 627 1743 κατ’
656 1687 836 1742 οὐδὲν
870 1686 1135 1740 ἐλᾶττων
1169 1685 1274 1738 τοῦ
1313 1683 1459 1738 Θεοῦ
1503 1683 1597 1736 καὶ
1628 1681 1860 1750 Πατρός
1887 1681 1920 1733 ό

2033 1667 2172 1737 Quod
2220 1667 2387 1750 nihilo
2414 1668 2594 1750 minor
2632 1667 2701 1718 sit
2724 1665 2850 1750 .Deo‘
2880 1680 2942 1750 at:
2979 1661 3147 1750 ‘Patre
3171 1661 3371 1750 filius,
3406 1664 3500 1750 sei
3538 1666 3597 1719 in

420 1762 579 1825 Υἱὸς,
620 1758 758 1812 ἀλλ’
794 1754 1118 1821 ίσοσθενὴς
1165 1756 1292 1807 κατ’
1330 1755 1632 1825 ἐνέργειαν
1674 1753 1789 1821 τὴν
1827 1750 1918 1819 ἐφ’

416 1824 654 1885 ἅπασίν·
684 1829 872 1889 ἐστιν,
900 1827 980 1890 ὡς
1014 1826 1157 1890 Θεὸς
1180 1825 1249 1878 ἐκ
1284 1824 1454 1878 Θεοῦ.
1652 1852 1660 1859 -

423 1923 506 1975 Oi:
557 1920 813 1989 δύναμαι
857 1917 972 1987 ἐγὼ
1030 1915 1222 1970 ποιεῖν
1257 1915 1359 1969 ἀπ’
1416 1911 1674 1982 ἐμαυτοῦ
1721 1909 1919 1967 οὐδέν.

351 2012 559 2078 Καθὼς
591 2011 807 2073 ἀκούω,
846 2010 1046 2077 κρίνω,
1078 2006 1185 2061 ’καὶ
1222 2006 1259 2074 ὴ
1292 2006 1491 2074 κρίσις
1517 2005 1556 2072 ἡ
1584 2004 1697 2073 ἐμὴ
1728 2002 1924 2057 δικαία

346 2103 541 2157 ἐστίν·
572 2101 660 2156 ὅτι
692 2102 764 2155 οὐ
811 2098 958 2167 ζητῶ
994 2097 1060 2152 τὸ
1096 2098 1324 2165 θέλημα
1367 2096 1434 2149 τὸ
1469 2094 1634 2164 ἐμὸν,
1665 2093 1826 2148 ἀλλὰ
1857 2091 1923 2146 τὸ

347 2193 576 2262 θέλημα
603 2192 709 2247 τοῦ
739 2190 1088 2260 πέμψαντός
1111 2206 1189 2258 με
1213 2188 1464 2254 Πατρός.
1506 2170 1517 2177 “

432 2281 749 2350 Ἐπίστησον
798 2278 957 2332 πάλιν
997 2281 1110 2340 τοῖς
1146 2275 1462 2349 λεγομένοις
1505 2273 1921 2347 ἀκριὸέστερον,

347 2373 444 2428 καὶ
474 2372 631 2443 δέχου
662 2368 756 2426 τοῦ
791 2369 1143 2442 θεωρήματος
1164 2369 1239 2434 ὡς
1269 2372 1328 2423 ἐν
1355 2368 1603 2439 περινοίᾳ
1633 2368 1732 2436 τὴν
1766 2366 1926 2419 δύνα-

352 2478 466 2538 μιν.
504 2467 619 2519 υὺκ
653 2465 849 2527 ειδότες
883 2463 1121 2516 Ἰουδαῖοι
1161 2461 1261 2531 τῆς
1302 2459 1440 2531 μετὰ
1478 2459 1678 2530 σαρκὸς
1723 2459 1926 2510 οίκονο-

352 2559 483 2630 μίας
511 2557 572 2610 τὸ
610 2555 743 2626 βαθὺ
777 2556 1094 2625 μυστήριον,
1144 2553 1258 2606 ἀλλ’
1306 2551 1429 2605 οὑδὲ
1476 2551 1567 2605 τὸν
1615 2548 1926 2603 ἐνοικοῦντα

344 2647 430 2715 τῷ
466 2649 530 2700 ἐκ
565 2646 838 2716 Παρθένου
890 2643 1000 2715 ναῷ
1052 2643 1183 2696 Θεὸν
1235 2642 1407 2710 Λόγον
1456 2641 1923 2709 ἐπιγινώσκοντες,

346 2737 497 2810 ζήλῳ
529 2736 789 2798 πολλάκις
837 2731 1255 2803 πεπλανημένῳ,
1300 2731 1396 2784 καὶ
1440 2730 1500 2783 οὑ
1532 2728 1610 2799 τῷ
1657 2728 1778 2782 κατ’
1808 2727 1928 2779 ἐπί-

348 2845 573 2899 γνωσιν,
605 2827 678 2891 ὡς
710 2829 738 2880 ὁ
783 2824 992 2888 Παῦλός
1022 2840 1208 2893 φησιν,
1239 2825 1317 2886 είς
1360 2820 1657 2891 ἀγριότητα
1708 2818 1928 2889 τρόπων

350 2923 448 2977 καὶ
477 2919 784 2991 ἀνημέρους
822 2918 988 2989 ὀργὰς
1019 2915 1324 2980 ἐξεκαίοντο
1344 2929 1356 2942 ’
1388 2915 1482 2966 καὶ
1523 2912 1587 2982 δὴ
1628 2912 1720 2965 καὶ
1762 2926 1929 2965 κατα-

2092 1737 2335 1861 ‘o‘mrbibus
2367 1737 2584 1805 agendis
2614 1736 2735 1803 pari
2763 1742 3022 1801 potestate
3049 1732 3331 1799 pra'ditus,
3361 1743 3418 1786 ut
3453 1733 3596 1788 Deus

2130 1825 2158 1861 ε
2233 1823 2313 1861 eo.

2130 1825 2158 1863 ϐ
2183 1823 2313 1861 ueo.

2093 1898 2169 1964 γ,
2218 1898 2308 1954 '50.
2351 1895 2474 1952 Non
2518 1911 2732 1967 possum
2778 1909 2871 1965 ego
2916 1909 2948 1947 α
2998 1893 3194 1955 meipso
3228 1893 3403 1961 facere
3446 1892 3600 1962 quid-

2019 2008 2200 2064 quam.
2260 1987 2414 2045 Sicut
2467 1988 2663 2050 audio.
2706 1986 2894 2056 judico
2943 2000 2961 2040 :
3005 1993 3055 2039 et
3101 1983 3372 2053 judicium
3426 1998 3597 2037 meum

2013 2084 2221 2154 justum
2251 2090 2367 2145 est;
2389 2081 2518 2151 quia
2551 2074 2661 2134 ποθι
2688 2080 2868 2149 quav'ro
2902 2075 3229 2131 uoluntatem
3276 2091 3471 2141 meam,
3507 2075 3598 2130 sed

2021 2176 2353 2234 voluntatem
2374 2172 2491 2244 ejus
2520 2171 2611 2243 qui
2642 2171 2788 2225 misit
2821 2184 2903 2223 me
2938 2167 3144 2222 Patris.

2094 2290 2329 2346 Attende
2362 2301 2585 2344 rursum
2619 2284 2809 2341 acrius
2846 2283 2903 2337 in
2948 2297 3013 2336 ea
3046 2295 3170 2351 quae
3216 2279 3505 2343 dicuntur,
3545 2287 3601 2334 et

2022 2383 2132 2438 vim
2174 2383 2369 2436 horum
2399 2378 2694 2434 verborum
2729 2374 3009 2431 intellectu
3057 2372 3296 2444 percipe.
3330 2371 3467 2425 Cum
3502 2369 3599 2425 Ju-

2025 2473 2124 2529 daei
2153 2473 2321 2527 altum
2348 2468 2747 2527 incarnationis
2774 2466 3095 2538 mySterium
3142 2464 3482 2535 ignorarent,
3507 2463 3601 2518 sed

2028 2579 2209 2632 neque
2246 2562 2457 2616 scirent
2502 2558 2671 2612 Deum
2696 2555 2934 2611 Verbum
2963 2554 3276 2609 inhabitare
3318 2554 3372 2606 in
3400 2551 3602 2620 templo

2028 2653 2294 2725 Virginis,
2335 2664 2573 2707 erronco
2618 2649 2939 2715 plerumque
2983 2645 3121 2707 zelo,
3150 2652 3207 2699 et
3248 2657 3354 2696 non
3403 2656 3603 2696 secun-

2027 2745 2156 2799 dum
2192 2744 2505 2805 scientiam,
2540 2749 2603 2792 ut
2639 2738 2844 2792 Paulus
2877 2737 2953 2790 ait
2975 2738 3041 2802 ",
3079 2737 3137 2790 in
3172 2750 3386 2789 morum
3416 2734 3605 2789 ferita-

2027 2844 2140 2892 tem
2168 2842 2225 2890 et
2256 2834 2525 2887 immanes
2565 2830 2676 2884 iras
2709 2827 3146 2883 etardescehant
3178 2842 3193 2879 :
3234 2826 3484 2894 adeoque
3526 2825 3606 2878 la-

2027 2925 2249 2997 pidibus
2265 2925 2442 2997 ipsum
2466 2922 2698 2976 obruere
2726 2919 3065 2979 nitebantur,
3090 2915 3263 2986 quod,
3294 2916 3456 2969 homo
3478 2928 3604 2968 cum

350 3013 529 3066 λεύειν
550 3011 865 3082 ἐπεχείρουν
902 3008 1083 3071 αὑτὸν,
1118 3008 1308 3075 ὅτιπερ
1340 3004 1621 3075 ἄνθρωπος
1672 3001 1770 3067 ὣν,
1803 3004 1927 3059 ἐαυ-

2033 2994 2201 3081 esset,
2251 2994 2494 3084 seipsum
2548 3011 2718 3066 Deum
2751 3009 2985 3073 faceret,
3015 3023 3082 3062 ac
3121 3014 3411 3077 praeterea,
3459 3004 3604 3075 quod

352 3104 443 3157 τὸν
470 3102 643 3156 ἐποίει
676 3101 831 3166 Θεὸν,
881 3100 977 3153 καὶ
1020 3098 1204 3162 πάλιν,
1234 3098 1315 3149 ὅτι
1352 3096 1572 3165 Πατέρα
1614 3094 1743 3149 ῐδιον
1776 3094 1930 3162 ἔλεγε

349 3196 445 3249 τὸν
486 3194 639 3258 Θεὸν,
695 3193 809 3246 ἴσον
854 3192 1045 3246 ἐαυτὸν
1094 3189 1259 3244 ποιῶν
1307 3187 1384 3258 τῷ
1427 3186 1564 3261 Θεῷ.
1607 3187 1821 3257 Ἐπειδὴ
1872 3186 1930 3239 δὲ

345 3282 494 3361 ἦσαν
526 3284 668 3339 οὑτω
696 3282 1008 3353 δυσμαθεῖς,
1054 3283 1149 3336 καὶ
1190 3278 1507 3351 θεοπρεπῶν
1545 3280 1640 3349 μὲν
1667 3277 1803 3342 ὅλως
1831 3276 1931 3330 οὑκ

345 3380 674 3451 ἀνεχόμενοι
722 3377 920 3446 λόγων,
965 3375 1135 3447 μικρὰ
1180 3376 1237 3429 δὲ
1286 3374 1414 3446 περὶ
1467 3372 1633 3427 αὐτοῦ
1686 3373 1777 3428 καὶ
1803 3389 1933 3444 φρο-

334 3472 571 3535 νοῦντες
632 3470 726 3524 καὶ
781 3468 965 3536 λέγετε
1005 3467 1113 3543 [ισ.
1169 3465 1461 3539 λέγοντες),
1508 3465 1862 3537 οἰκονομικῶς
1903 3465 1933 3518 ὁ

348 3559 549 3631 Σωτὴρ
595 3558 945 3629 συννηπιάζει
1002 3557 1102 3629 μὲν
1146 3559 1352 3622 αὑτοῖς,
1385 3546 1729 3629 κεκραμένην
1765 3556 1810 3609 δ’
1838 3552 1932 3609 οὖν

351 3654 508 3720 ὅμως
538 3652 769 3703 ἐποιεῖτο
796 3649 893 3720 τὴν
924 3648 1197 3719 ἐξήγησιν,
1222 3647 1344 3702 οὔτε
1387 3649 1513 3711 τοὺς
1544 3647 1621 3717 τῷ
1647 3647 1765 3719 Θεῷ
1797 3648 1933 3719 πρέ-

353 3757 559 3802 ποντας
606 3740 794 3808 λόγους
839 3739 1096 3804 ὁλοτελῶς
1146 3737 1599 3810 παραιτούμενος,
1657 3737 1781 3792 οὔτε
1828 3737 1933 3807 μὴν

353 3833 441 3893 εἰς
469 3831 756 3902 ὁλόκληρον
779 3830 886 3884 τῶν
913 3831 1264 3902 ἀνθρωπίνων
1297 3829 1556 3902 ῥημάτων
1585 3829 1896 3896 ἀποφοιτῶν
1917 3844 1931 3857 ⁵

353 3920 531 3974 εἰπὼν
564 3919 620 3973 δέ
649 3938 701 3973 τι
743 3923 841 3991 τῆς
874 3920 1062 3987 θεῖκῆς
1106 3920 1354 3986 ἐξουσίας
1386 3920 1554 3984 ἀξιον,
1595 3917 1934 3990 παραχρῆμα

354 4012 578 4075 κολάζει
628 4011 718 4085 τὸν
773 4011 1093 4075 ἀπαίδευτον
1148 4011 1254 4064 τῶν
1313 4012 1676 4081 ἀκροωμένων
1731 4010 1932 4079 θυμὸν,

352 4101 660 4170 ἐπαγαγών
689 4119 741 4154 τι
769 4101 860 4154 καὶ
888 4101 1242 4173 ἀνθρώπινον,
1280 4103 1374 4156 καὶ
1414 4102 1575 4156 πάλιν
1597 4100 1937 4171 ἀνθρώπινόν

353 4210 417 4247 τι
438 4191 526 4244 διὰ
554 4189 658 4260 τὴν
680 4189 985 4258 οἰκονομίαν
1012 4189 1200 4254 είπὼν,
1225 4191 1327 4244 οὑκ
1374 4191 1432 4243 ἐν
1466 4191 1680 4260 μικροῖς
1709 4187 1938 4260 ὁρᾶσθαι

360 4282 549 4354 μόνοις
577 4281 646 4334 τὰ
695 4281 815 4334 καθ’
846 4281 1056 4347 ἐαυτὸν,
1084 4280 1215 4335 Θεὸν
1260 4282 1387 4336 ὄντα
1431 4282 1572 4336 κατά
1617 4279 1779 4350 φύσιν
1822 4281 1940 4333 ἐπι-

355 4346 623 4428 δεικνύων
648 4372 735 4426 διά
768 4373 867 4442 τῆς
902 4373 1040 4444 ὑπὲρ
1075 4372 1360 4444 ἄνθρωπον
1406 4373 1590 4444 ἰσχύος
1629 4346 1738 4427 ⁷καὶ
1763 4373 1938 4441 λόγων
1972 4346 2014 4401 D

362 4460 647 4526 πολλάκις.
676 4460 942 4533 Τοιαύτην
966 4463 1089 4517 τινά
1115 4463 1211 4518 καὶ
1239 4463 1335 4518 νῦν
1361 4465 1418 4517 ἐν
1441 4467 1556 4529 τοῖς
1581 4464 1781 4535 ἀρτίως
1807 4466 1939 4535 ἡμῖν

360 4552 748 4625 προκειμένοις
776 4553 1030 4625 εὑρήσεις
1057 4552 1156 4625 τὴν
1178 4553 1393 4625 τέχνην.
1425 4554 1491 4607 Τί
1523 4555 1634 4626 γὰρ
1667 4553 1772 4625 ἔφη
1806 4554 1942 4624 φθά-

270 4728 281 4736 .
362 4664 496 4714 σας;
534 4665 553 4699 ε
595 4645 807 4717 ’Ὠσπερ
836 4645 946 4736 γαρ
981 4647 1011 4699 ὁ
1052 4644 1242 4717 Πατὴρ
1293 4645 1494 4718 ἐγείρει
1524 4645 1649 4710 τοὺς
1693 4647 1941 4719 νεκροὺς,

359 4739 456 4791 καὶ
485 4738 771 4801 ζωοποιεῖ·
806 4757 826 4790 ι
869 4733 990 4792 εἶτα
1024 4737 1208 4803 πάλιν,
1244 4754 1264 4789 ι
1306 4736 1430 4791 Ὀτι
1477 4737 1689 4809 ἔρχεται
1718 4736 1857 4810 ὥρα,
1885 4739 1943 4792 ἐν

364 4822 399 4900 ᾗ
436 4829 633 4891 πάντες
663 4830 713 4880 οί
738 4829 796 4880 ἐν
827 4829 941 4892 τοῖς
978 4827 1261 4898 μνημείοις
1292 4827 1610 4881 ἀκούσονται
1638 4827 1737 4899 τῆς
1762 4829 1945 4898 φωνῆς

362 4917 553 4971 αὑτοῦ*
597 4939 615 4970 ι
651 4919 901 4989 καὶπρὸς
941 4919 1170 4984 τούτοις,
1204 4920 1286 4973 ὅτι
1314 4920 1407 4973 καὶ
1432 4919 1798 4986 ἐξελεύσονται
1832 4937 1947 4991 κρι-

361 5007 678 5077 θησόμενοι,
732 5010 825 5061 καί¹
875 5011 1155 5079 ἀναλόγως
1206 5010 1517 5079 ὡσπερανεὶ
1571 5010 1795 5081 ἐργάται
1845 5011 1947 5079 τὴν

366 5097 714 5165 ἀντιμισθίαν
760 5100 1176 5173 ἀποληψόμενοι.
1200 5126 1219 5134 -
1251 5104 1307 5156 ’0
1356 5102 1412 5155 δὲ
1469 5102 1722 5156 δύνασθαι
1773 5102 1946 5170 λέγων

360 5187 579 5259 οὕσπερ
608 5187 672 5240 ἂν
700 5187 868 5254 ἐθέλει
896 5189 1193 5259 ζωογονεῖν,
1232 5193 1325 5247 καὶ
1353 5192 1526 5256 οὓτως
1553 5192 1627 5256 ὡς
1655 5194 1683 5246 ὁ
1714 5193 1905 5262 Πατήρ
1928 5207 1940 5222 ’

362 5277 488 5341 πῶς
528 5277 594 5331 ἂν
638 5278 759 5348 οὐχὶ
810 5278 906 5350 τὴν
959 5280 1077 5351 Θεῷ
1129 5283 1442 5354 πρέπουσαν
1493 5282 1720 5353 δύναμιν
1772 5282 1945 5352 ἐαυτῷ

361 5371 541 5421 νοοῖτο
571 5367 867 5438 περιτιθείς
894 5386 909 5434 ;
941 5369 1133 5423 Ἔσται
1168 5372 1223 5425 δὲ
1252 5373 1333 5426 ὃτι
1378 5373 1470 5426 καὶ
1507 5373 1722 5426 πάντων
1756 5373 1945 5443 κριτὴς

362 5460 403 5511 ὁ
428 5458 720 5531 διαρρήδην
750 5459 940 5529 εἰπὼν,
969 5460 1085 5526 πῶς
1125 5463 1224 5515 οὑκ
1258 5463 1324 5517 ἂν
1375 5463 1671 5536 ἐκταράξαι
1722 5462 1944 5526 δικαίως

360 5549 497 5611 τοὺς
518 5549 800 5624 ἄνθρωπον
821 5550 899 5606 ἔτι
921 5554 1125 5625 γυμνὸν
1150 5555 1425 5627 οἰομένους
1451 5557 1718 5630 ὑπάρχειν
1750 5555 1944 5629 adadv;

446 5665 487 5696 "
521 5662 683 5723 llom.
714 5684 743 5720 ι
766 5707 780 5733 ,
810 5669 866 5725 2.

2030 3108 2249 3163 Patrem
2278 3119 2436 3161 suum
2469 3102 2640 3158 Deum
2673 3108 2911 3162 vocaret,
2937 3098 3199 3181 aeqqalem
3249 3098 3489 3165 seipsum
3522 3094 3605 3150 fa-

2032 3198 2185 3253 ciens
2225 3194 2361 3249 Deo.
2400 3191 2538 3247 Cum
2585 3197 2765 3245 autem
2819 3196 3006 3244 essent
3057 3187 3197 3242 adeo
3236 3187 3486 3251 hebetes,
3542 3199 3607 3239 ac

2031 3288 2250 3345 divinos
2295 3299 2580 3341 sermones
2612 3283 2806 3353 utique
2845 3294 2954 3335 non
2985 3279 3216 3339 ferrent,
3253 3279 3431 3348 deque
3481 3278 3604 3348 ipso

2032 3379 2271 3436 tenuiter
2308 3374 2602 3430 admodum
2646 3373 2917 3430 sentirent
2952 3386 3017 3426 ac
3063 3372 3446 3442 loquerentur,
3497 3371 3611 3425 sin-

2034 3471 2210 3545 gulari
2244 3468 2482 3525 consilio
2523 3464 2776 3522 Salvator
2810 3464 2878 3520 ad
2908 3478 3102 3519 eorum
3140 3463 3434 3534 pueritiam
3485 3478 3611 3519 sese

2032 3567 2298 3631 demittit,
2347 3568 2650 3631 temperata
2704 3557 3068 3612 nihilominus
3123 3556 3470 3627 expositione
3503 3554 3613 3609 uti-

2034 3667 2145 3721 tur,
2187 3670 2314 3712 cum
2360 3667 2464 3709 nec
2499 3650 2893 3706 convenientes
2944 3647 3057 3702 Deo
3115 3662 3400 3703 sermones
3450 3647 3612 3718 plane

2034 3748 2302 3819 repudiet,
2330 3760 2438 3802 nec
2477 3743 2547 3798 ab
2574 3740 2830 3796 humanis
2859 3739 3150 3795 vocabulis
3200 3739 3254 3792 in
3290 3747 3463 3793 totum
3518 3752 3609 3793 rc-

2036 3840 2208 3911 fugiat
2247 3857 2259 3893 :
2289 3838 2388 3893 sed
2420 3836 2609 3892 divina
2645 3839 2922 3903 potestate
2952 3832 3176 3902 dignum
3212 3828 3421 3899 aliquid
3459 3830 3611 3883 locu-

2035 3942 2160 3993 tus,
2210 3927 2399 3984 statim
2448 3925 2655 3996 aliquid
2695 3924 2999 3978 humanum
3046 3920 3267 3990 subjicit
3303 3936 3413 3989 quo
3460 3920 3612 3973 inso-

2038 4025 2236 4079 lentem
2277 4034 2469 4076 eorum
2524 4019 2765 4073 animum
2822 4016 3127 4086 reprimat;
3182 4021 3237 4067 et
3280 4025 3478 4063 rursus
3517 4010 3609 4064 ubi

2039 4123 2267 4184 propter
2304 4110 2705 4167 incarnationis
2743 4105 3214 4178 dispensationem
3273 4100 3475 4169 aliquid
3511 4099 3613 4153 hu-

2037 4217 2260 4258 manum
2304 4200 2557 4272 protulit,
2590 4199 2798 4253 virtute
2844 4204 2899 4250 et
2929 4207 3063 4248 voce
3114 4193 3353 4246 humana
3413 4187 3609 4255 majori

2042 4309 2187 4366 sape
2219 4291 2464 4349 ostendit
2503 4305 2583 4352 se,
2626 4288 2773 4343 Deus
2803 4300 2929 4340 cum
2974 4284 3047 4339 sit
3096 4281 3398 4337 secundum
3450 4288 3613 4334 natu--

2040 4400 2184 4454 ram,
2231 4387 2288 4441 in
2319 4399 2386 4440 eo
2425 4390 2641 4437 tantum
2688 4377 3022 4433 humilitatis
3053 4381 3198 4429 statu
3230 4389 3340 4428 non
3378 4373 3607 4433 versari.

2015 4471 2359 4533 -lstinsmodi
2385 4473 2679 4546 quamdam
2702 4478 2876 4525 artem
2909 4468 3073 4524 etiam
3109 4467 3166 4521 in
3197 4465 3266 4522 iis
3296 4481 3420 4537 qua:
3449 4464 3613 4521 modo

2043 4567 2325 4639 proposita
2370 4573 2502 4622 sunt
2541 4562 2807 4634 reperies.
2859 4560 2973 4617 Cur
3011 4560 3157 4616 enim
3219 4566 3376 4612 antea
3418 4556 3556 4612 dixit
3594 4573 3608 4611 :

2051 4678 2072 4713 ι
2104 4659 2260 4715 Sicut
2290 4658 2435 4714 enim
2465 4657 2626 4711 Pater
2655 4653 2888 4709 suscitat
2919 4659 3188 4715 mortuos,
3209 4656 3262 4703 et
3282 4646 3562 4716 vivificat;
3589 4667 3609 4699 ι

2044 4754 2176 4808 item
2217 4769 2232 4806 :
2280 4768 2300 4801 ι
2344 4748 2483 4816 Quia
2518 4747 2670 4803 venit
2716 4747 2876 4808 hora,
2909 4744 2965 4800 in
3018 4758 3126 4814 qua
3174 4754 3365 4795 omnes
3412 4738 3613 4794 mortui

2045 4856 2235 4896 vocem
2281 4840 2404 4908 ejus
2442 4839 2711 4903 audient;
2750 4856 2768 4889 ι
2801 4844 3096 4907 praeterea,
3147 4843 3201 4888 et
3240 4829 3386 4901 quod
3427 4844 3618 4900 proce-

2050 4933 2182 4987 dent
2219 4928 2491 4999 judicium
2529 4928 2794 4989 subituri,
2830 4935 2883 4982 et
2936 4939 3035 4995 pro
3079 4922 3196 4979 suis
3230 4920 3442 4976 meritis
3477 4935 3617 4974 mer-

2048 5021 2237 5076 cedem
2269 5020 2590 5089 recepturi?
2623 5018 2694 5072 At
2729 5018 2822 5089 qui
2857 5016 2990 5072 dicit
3029 5031 3194 5086 posse
3224 5029 3284 5069 se
3317 5027 3455 5083 quos
3484 5010 3616 5064 velit

2047 5112 2347 5175 vivificare,
2378 5126 2487 5165 non
2514 5125 2676 5166 secus
2712 5123 2776 5162 ac
2804 5107 2970 5162 Pater
3000 5124 3012 5159 :
3042 5104 3315 5176 quomodo
3351 5117 3456 5155 non
3489 5114 3617 5152 cen-

2052 5206 2260 5281 sebitur
2306 5205 2550 5259 divinam
2596 5203 2702 5259 sibi
2752 5202 2981 5273 gloriam
3014 5197 3313 5268 arrogaret
3342 5193 3446 5259 Qui
3488 5205 3618 5244 vero

2054 5298 2231 5367 palam
2268 5296 2470 5351 asserit
2502 5311 2562 5350 se
2589 5295 2976 5348 universorum
3016 5292 3132 5345 lore
3181 5286 3443 5357 judicem.
3476 5294 3643 5348 quoa

2055 5386 2216 5440 modo
2237 5399 2344 5439 non
2383 5384 2507 5452 jure
2542 5383 2802 5454 percellet
2834 5397 2930 5437 eos
2969 5380 3062 5449 qui
3098 5388 3307 5432 merum
3339 5368 3616 5422 hominem

2054 5476 2218 5546 238
2260 5476 2435 5543 insum
2476 5488 2597 5529 csse
2631 5474 2863 5544 putant?
2907 5473 3044 5526 Cum
3086 5467 3231 5522 enim
3275 5458 3485 5514 Hebraei
3530 5472 3618 5511 es-

2054 5576 2196 5633 sent,
2229 5582 2291 5621 ac
2326 5566 2526 5620 divinis
2559 5565 2762 5621 eruditi
2797 5561 3044 5623 Litteris,
3079 5552 3358 5629 probabile
3384 5555 3501 5605 erat
3522 5561 3615 5604 eos
