4078 6262
516 311 798 369 387x‘

1475 302 1532 356 S.
1572 296 1852 355 CYRILLl
1892 290 2365 350 ALEXANDRINI
2402 286 2722 346 ARCHIEP.

3680 279 3779 339 538

519 443 629 485 non
652 426 912 497 ignorare
944 414 1253 475 Deum-fore
1280 414 1452 469 totius
1474 410 1911 482 orbisjudicem,
1946 407 2089 477 apud

2211 400 2306 456 Ἢν
2335 402 2442 472 γὰρ
2468 401 2553 470 δὴ,
2586 400 2727 454 κατὰ
2761 398 2821 451 τὸ
2851 394 3015 459 εἰκὸς,
3054 394 3336 466 Ἑϐραίους
3373 393 3534 455 ὂντας
3565 391 3778 455 αὐτοὺς,

519 531 659 587 quos
705 512 841 567 illud
908 519 1285 578 saepenumero
1333 503 1636 568 cauebatur
1678 519 1693 554 :
1740 517 1758 549 ι
1818 500 2087 566 Exsurge,

519 609 698 669 Deus,
741 602 927 674 iudica
959 607 1167 653 terram
1186 597 1255 651 ⁷ο.
1284 615 1303 648 ι
1342 595 1410 649 Ει
1447 608 1666 648 rursum
1709 606 1723 642 :
1754 609 1773 641 ι
1816 588 2093 654 Quoniam

520 696 667 752 Deus
711 692 886 764 iudex
920 691 1095 745 est“.
1126 708 1144 741 ι
1179 687 1317 754 Quia
1357 699 1489 756 ergo
1542 684 1744 739 stultos
1796 681 1969 734 hosce
1998 677 2095 732 Ju-

520 788 763 842 daeorum
787 783 1032 869 populos
1062 780 1274 835 sciebat
1297 792 1418 833 eam
1449 775 1520 830 ob
1547 790 1661 829 rem
1693 770 2094 869 indignariLab

519 879 602 934 ira
637 857 810 931 solita
825 890 922 929 eos
949 871 1406 927 avocathumano
1432 881 1606 928 more,
1635 865 1827 918 dicens
1866 878 1880 915 :
1915 878 1933 911 ι
1974 857 2094 912 Non

522 983 747 1039 possum
776 981 879 1035 ego
911 979 942 1018 a
976 964 1187 1033 meipso
1222 960 1406 1014 facere
1444 957 1767 1028 quidquam.
1804 951 1961 1007 Sicut
1999 965 2095 1005 au-

523 1061 635 1123 dio,
660 1058 872 1129 judico.
922 1073 941 1105 ι
972 1053 1158 1107 Prima
1197 1049 1363 1120 igitur
1414 1046 1600 1101 fronte
1631 1045 1847 1099 videtur
1877 1039 2096 1096 Iudaeo-

525 1166 647 1204 rum
702 1154 941 1202 mentem
1000 1143 1269 1206 irridere;
1339 1135 1736 1194 imbecillitatis
1794 1133 1940 1190 enim
1997 1146 2099 1184 cu-

517 1241 775 1313 jusdam,
825 1252 936 1291 non
977 1242 1157 1288 autem
1202 1232 1389 1285 liberae
1435 1227 1724 1299 potestatis
1780 1223 2095 1291 opinionem

523 1344 635 1401 prae
690 1344 749 1383 se
795 1327 903 1382 fert
948 1324 1150 1385 oratio,
1199 1321 1454 1392 quamvis
1492 1320 1568 1373 ita
1609 1331 1717 1370 non
1753 1314 1826 1370 sit
1868 1326 2095 1375 revera;

523 1421 726 1493 quippe
773 1434 899 1473 cum
950 1415 1178 1487 aequalis
1207 1415 1279 1469 sit
1318 1427 1416 1482 per
1464 1409 1647 1463 omnia
1692 1405 1843 1459 Patri
1901 1402 2096 1493 Filius,

523 1492 712 1568 eadem
765 1509 968 1562 virtute
1012 1520 1076 1559 ac
1121 1510 1392 1573 potestate
1423 1499 1685 1570 praeditus
1713 1505 1798 1551 est
1832 1492 2101 1549 naturali-

522 1612 626 1659 ter.
676 1601 770 1655 Ait
816 1607 1000 1653 autem
1040 1610 1152 1650 non
1201 1609 1362 1665 posse
1418 1591 1604 1645 facere
1632 1605 1690 1644 se
1723 1585 2029 1657 quidquam
2067 1596 2098 1635 a

526 1696 731 1762 seipso,
770 1691 868 1746 sed
909 1691 1053 1746 sicut
1107 1686 1344 1740 audierit
1394 1682 1683 1753 judicare,
1745 1679 1854 1733 alio
1903 1690 2099 1731 rursus

2200 496 2295 549 καὶ
2339 496 2452 556 τοῖς
2492 495 2659 563 ἱεροῖς
2707 488 3254 562 παιδαγωγουμένους
3296 485 3645 556 Γράμμασιν,
3686 484 3779 537 οὐν

2198 586 2462 656 ἀγνοῆσαι
2506 582 2805 647 παντελῶς,
2852 584 2935 636 ὅτι
2976 582 3105 643 Θεὸς
3135 580 3287 632 ἔσται
3337 579 3437 649 τῆς
3461 575 3782 645 οἰκουμένης

2188 676 2413 748 κριτὴς,
2465 675 2586 729 ἐπεὶ
2640 675 2733 728 καὶ
2777 677 2905 745 παρ’
2939 675 3121 734 αὐτοῖς
3174 669 3434 731 πολλάκις
3492 667 3781 736 ὲψάλλετο·

2208 787 2227 820 ι
2275 768 2527 830 Ἀνάστα,
2577 768 2606 820 6
2646 766 2798 830 Θεὸς,
2846 769 3027 837 κρῖνον
3076 762 3175 835 τὴν
3215 763 3339 834 γῆν.
3372 781 3391 813 ι
3429 761 3540 815 Καὶ
3590 759 3781 813 πάλιν·

2208 877 2227 911 t
2267 860 2388 911 Ὅτι
2438 860 2466 912 6
2508 857 2653 921 θεὸς
2701 859 2893 928 κριτής
2947 859 3114 937 ἐστιν.
3161 874 3179 907 ι
3225 853 3379 907 Ἐπεὶ
3433 850 3526 906 οῦν
3576 851 3783 914 τούτοις

2202 948 2565 1019 ἀσχάλλοντας
2589 947 2705 1019 ῇδὲι
2733 949 2860 1011 τοὺς
2881 947 3139 1018 ἀνοήτους
3160 945 3269 999 τῶν
3300 943 3570 997 Ἰουδαίων
3603 941 3784 1006 λαοὺς,

2201 1043 2301 1112 τῆς
2333 1040 2504 1111 αὐτῆς
2533 1038 2795 1109 συνήθους
2822 1039 2990 1108 ὀργῆς
3020 1036 3262 1107 ἐξίστησι
3303 1034 3476 1103 λέγων
3505 1033 3784 1104 ἀνθρωπιο

2203 1127 2473 1200 νώτερονο
2522 1147 2540 1180 ι
2592 1130 2666 1181 Οὐ
2721 1127 2957 1198 δύναμαι
3016 1126 3126 1196 ἐγὼ
3172 1128 3344 1179 ποιεῖν
3402 1124 3496 1178 ἀπ’
3547 1124 3787 1194 ἐμαυτοῦ

2204 1221 2375 1275 οὐδέν.
2412 1219 2612 1285 Καθὼς
2643 1219 2845 1284 ἀκούω,
2880 1219 3067 1291 κρίνω.
3112 1237 3130 1270 ι
3167 1219 3330 1271 Ὅσον
3362 1218 3460 1287 μὲν
3492 1213 3585 1270 οῦν
3615 1216 3784 1278 ἐστιν,

2205 1314 2270 1367 ἐκ
2306 1312 2401 1366 τοῦ
2461 1313 2752 1383 προχείρου
2805 1312 3089 1377 λαϐόντας,
3119 1313 3333 1376 εἰπεῖν,
3395 1309 3624 1379 διαγελᾷ
3680 1308 3787 1361 τῶν

2218 1403 2483 1458 Ἰουδαίων
2506 1406 2596 1457 τὸν
2626 1404 2750 1457 νοῦν
2766 1421 2780 1433 ⁵
2805 1403 3087 1467 ἀσθενείας
3106 1404 3214 1474 γάρ
3237 1419 3404 1466 τινος,
3436 1402 3529 1455 καὶ
3557 1404 3617 1454 οὺ
3652 1402 3787 1453 πάν-

2205 1513 2305 1559 τας
2330 1494 2441 1568 [γρ.
2472 1494 2711 1567 πάντως]
2743 1494 3030 1567 ἐλευθέρας
3060 1493 3303 1560 ἐξουσίας
3325 1492 3595 1563 ὑπόληψιν
3624 1491 3790 1545 1:101:-

2205 1607 2356 1645 τεται
2403 1582 2497 1644 τοῦ
2543 1590 2703 1659 λόγου
2750 1590 2812 1643 τὸ
2860 1590 3063 1669 σχῆμα,
3095 1588 3207 1660 ἔχει
3254 1588 3308 1641 δὲ
3344 1590 3444 1657 οὐχ
3480 1586 3624 1639 οὕτω
3666 1586 3786 1638 κατ’

2208 1682 2484 1754 ἀλήθειαν
2516 1682 2747 1763 ἐπείπερ
2787 1681 2900 1745 ἴσος
2932 1681 3007 1734 ὢν
3053 1683 3080 1735 6
3126 1681 3255 1744 Υίὲς
3299 1680 3440 1733 κατὰ
3486 1679 3667 1732 πάντα
3714 1676 3791 1747 τῷ

492 1780 691 1836 “modo
744 1779 958 1849 sibiipsi
1010 1775 1259 1833 eamdem
1310 1774 1649 1828 voluntatem
1707 1783 1772 1823 ac
1840 1767 2097 1822 virtutem

2211 1776 2401 1848 Πατρὶ,
2441 1776 2540 1847 τὴν
2577 1777 2746 1848 αὐτὴν
2784 1775 3063 1844 ἐνέργειάν
3114 1792 3175 1828 τε
3234 1774 3327 1827 καὶ
3383 1771 3633 1837 ἐξουσίαν
3679 1770 3790 1840 ἔχει

529 1872 834 1929 ostendens
865 1883 989 1923 esse
1022 1880 1139 1938 quae
1162 1863 1273 1919 Deo
1300 1878 1364 1918 ac
1399 1862 1569 1917 Patri.
1594 1861 1787 1932 Neque
1810 1859 1959 1915 enim
1986 1857 2101 1910 ulla

529 1964 589 2017 in
625 1976 685 2015 re
730 1957 952 2030 Operari
994 1955 1314 2013 censebitur
1358 1953 1511 2010 solus
1555 1968 1619 2007 ac
1657 1948 1890 2007 seorsim
1941 1947 2104 2003 Pater

531 2054 744 2122 absque
777 2049 937 2115 Filio,
988 2063 1113 2103 cum
1149 2047 1330 2116 ipsum
1362 2045 1563 2100 habeat
1600 2045 1770 2100 robur
1809 2059 1876 2099 ac
1920 2043 2104 2097 virtu-

532 2152 665 2201 tem.
697 2142 1046 2212 Quapropter
1073 2158 1092 2190 ‹
1126 2136 1330 2194 Omnia
1364 2147 1515 2193 certe
1543 2136 1685 2191 facta
1719 2142 1852 2191 sunt
1881 2149 1979 2205 per
2007 2135 2103 2203 ip-

532 2251 679 2299 sum,
708 2242 763 2289 et
794 2234 913 2289 sine
939 2233 1060 2301 ipso
1093 2230 1300 2286 factum
1332 2238 1417 2286 est
1450 2229 1691 2294 nihil";
1726 2247 1744 2280 ι
1774 2240 1954 2296 neque
1978 2240 2105 2279 rur-

533 2349 631 2390 sus
672 2329 880 2401 aliquid
916 2343 1014 2400 per
1048 2326 1293 2396 seipsum
1334 2324 1498 2380 faciet
1529 2322 1727 2386 Filius,
1757 2322 1832 2375 ita
1870 2329 1931 2375 ut
1980 2334 2105 2376 cum

533 2439 600 2479 eo
624 2438 730 2477 non
760 2422 830 2478 sit
856 2419 1042 2474 Pater.
1072 2416 1289 2472 Idcirco
1317 2416 1464 2471 enim
1494 2414 1569 2468 ait
1599 2431 1615 2469 :
1645 2431 1664 2464 ι
1701 2411 1813 2484 Ego
1839 2427 1870 2465 a
1894 2410 2108 2482 meipso

535 2513 680 2568 facio
719 2512 891 2567 nihil:
924 2510 1090 2564 Pater
1127 2518 1311 2561 autem
1349 2507 1403 2560 in
1437 2522 1523 2561 me
1551 2520 1802 2568 manens,
1831 2504 1946 2573 ipse
1974 2501 2108 2556 facit

496 2632 503 2639 ·
535 2603 785 2674 opera".
823 2621 841 2655 ι
873 2600 1062 2671 Neque
1108 2613 1276 2670 porro
1306 2598 1657 2653 censebimus
1701 2595 1901 2650 Filium
1947 2592 2107 2665 quasi

536 2710 604 2748 ex
643 2692 964 2747 infirmitate
1010 2705 1039 2744 a
1081 2688 1246 2744 Patre
1280 2688 1652 2751 corroborari,
1691 2687 1786 2741 sed
1814 2686 1865 2741 ei
1911 2700 2109 2741 rursus

537 2787 781 2841 onmium
824 2789 1152 2854 potestatem
1196 2781 1400 2848 tribui;
1433 2795 1543 2835 non
1582 2779 1725 2833 enim
1764 2785 1913 2834 esset
1965 2778 2110 2833 ultra

537 2886 734 2932 natura
762 2876 909 2932 Deus
942 2875 989 2931 si
1027 2873 1390 2928 adventitiam
1420 2872 1646 2926 haberet
1678 2869 1732 2924 in
1783 2884 1842 2924 se
1885 2868 2108 2926 deitatis

539 2969 1022 3040 pulchritudinem.
1062 2966 1171 3021 Sed
1206 2981 1309 3022 nec
1339 2965 1455 3035 ipse
1502 2963 1668 3017 Pater
1713 2962 1972 3018 absoluta
2012 2961 2110 3016 bo-

538 3077 733 3115 norum
771 3058 1068 3115 eminentia
1107 3056 1474 3127 praefulgebit.
1498 3054 1545 3109 si
1574 3054 1787 3108 natura:
1825 3066 1939 3108 sua:
1969 3050 2109 3105 cha-

2203 1868 2467 1936 φυσικῶςι
2494 1867 2658 1937 Λέγει
2686 1867 2744 1921 δὲ
2774 1869 2848 1939 μὴ
2868 1868 3125 1923 δύνασθαί
3153 1885 3205 1920 τι
3236 1869 3409 1920 ποιεῖν
3444 1864 3535 1933 ἀφ’
3566 1862 3789 1921 ἑαυτοῦ,

2204 1959 2409 2032 κρίνειν
2437 1959 2494 2013 δὲ
2534 1957 2727 2023 οὕτως,
2762 1958 2949 2031 ὥσπερ
3001 1959 3067 2013 ἂν
3104 1958 3367 2012 ἀκούσαιο
3407 1957 3596 2028 τρόπῳ
3631 1955 3792 2008 πάλιν

2205 2049 2396 2121 ἑτέρῳ,
2428 2049 2523 2103 καὶ¹
2554 2049 2890 2119 ίσογνὼμονα
2946 2051 3040 2103 καί
3074 2048 3322 2119 ίτοσθενῆ
3366 2047 3629 2101 δεικνύων
3666 2048 3792 2099 ἐαυ-

2204 2141 2296 2195 τὸν
2321 2141 2398 2212 τῷ
2442 2140 2563 2213 Θεῷ
2609 2142 2703 2196 καὶ
2742 2143 2936 2212 Πατρί.
2988 2141 3122 2195 Οὐδὲ
3158 2140 3265 2211 γὰρ
3304 2141 3528 2212 ἐνεργὸς
3574 2141 3703 2210 περί
3735 2156 3786 2193 τι

2206 2231 2313 2286 τῶν
2338 2233 2508 2287 ὄντων
2544 2233 2668 2305 δίχα
2713 2232 2808 2287 τοῦ
2851 2233 2981 2286 Υίοῦ
3025 2235 3180 2287 νοοῖτ’
3223 2232 3289 2286 ἂν
3320 2233 3477 2303 μόνος
3539 2233 3634 2285 καὶ
3669 2232 3789 2286 καθ’

2206 2324 2396 2379 ἑαυτὸν
2426 2325 2455 2378 6
2492 2324 2702 2398 Πατὴρ,
2743 2326 2894 2395 ίσχὺν
2926 2325 3064 2396 ἔχων
3100 2324 3261 2378 αὐτὸν
3298 2326 3391 2378 καὶ
3418 2325 3667 2395 δύναμιν.
3701 2324 3790 2378 Διὸ

2207 2417 2272 2489 δὴ
2297 2436 2315 2469 t
2352 2418 2537 2473 Πάντα
2564 2417 2631 2471 δι’
2651 2418 2836 2482 αὑτοῦ,
2877 2419 2971 2472 καὶ
3003 2420 3170 2490 χωρὶς
3203 2417 3368 2473 αὐτοῦ
3409 2418 3629 2488 ἐγένετο
3671 2418 3792 2471 οὐδὲ

2208 2509 2302 2562 ἕν’
2361 2529 2381 2562 ι
2434 2509 2539 2563 οὐδ’
2585 2506 2652 2564 αὖ
2698 2510 2859 2566 πάλιν
2900 2511 3254 2581 ὲξεργάσεταί
3300 2529 3352 2564 τι
3394 2511 3517 2565 καθ’
3546 2511 3737 2565 ἑαυτὸν
3765 2514 3793 2564 6

2211 2598 2358 2664 Υἱὸς,
2392 2599 2467 2671 μὴ
2503 2600 2625 2671 οὐχὶ
2667 2602 2917 2664 συνόντος
2959 2600 3108 2671 αὐτῷ
3154 2600 3249 2654 τοῦ
3282 2601 3514 2672 Πατρός.
3559 2602 3658 2654 Διά
3685 2601 3792 2673 γάρ

2208 2709 2291 2745 τοι
2319 2690 2476 2744 τοῦτο
2515 2691 2608 2745 καί
2650 2706 2843 2763 φησιν·
2874 2710 2893 2743 ‹
2943 2693 3059 2745 Ἀπ’
3103 2692 3340 2763 ἐμαυτοῦ
3387 2693 3524 2745 ποιῶ
3547 2693 3733 2746 οὐδέν·
3765 2695 3794 2745 6

2209 2783 2264 2836 δέ
2305 2782 2496 2853 Πατὴρ
2533 2784 2563 2836 6
2609 2783 2665 2836 ἐν
2711 2783 2834 2852 ἐμοὶ
2865 2783 3041 2854 μένων
3090 2787 3232 2836 ποιεῖ
3283 2784 3352 2837 τὰ
3377 2783 3513 2853 ἔργα
3557 2785 3740 2849 αὑτός.
3773 2803 3791 2836 ι

2212 2875 2322 2929 Καὶ
2355 2876 2414 2931 οὐ
2444 2876 2615 2947 δήπου
2646 2874 3029 2949 διακξισόμεθα
3074 2875 3441 2946 δυναμοῦσθαι
3495 2877 3595 2947 μὲν
3635 2877 3710 2940 ὡς
3738 2876 3798 2941 ἐξ

2212 2969 2494 3031 ἀσθενείας
2520 2967 2677 3038 παρὰ
2699 2967 2791 3021 τοῦ
2825 2967 3037 3038 Πατρὸς
3060 2967 3150 3021 τὸν
3178 2967 3324 3031 Υἱὸν,
3350 2967 3705 3038 χορηγεῖσθαι
3743 2968 3798 3021 δὲ

2215 3059 2377 3113 πάλιν
2419 3058 2568 3129 αὐτῷ
2610 3058 2705 3111 καὶ
2756 3057 2855 3129 τὴν
2905 3058 2989 3127 ἐφ’
3024 3059 3227 3113 ἅπασιν
3278 3058 3544 3123 ἐξουσίαν·
3586 3059 3647 3111 οὐ
3690 3059 3797 3129 γὰρ

538 3160 805 3210 racterem
839 3152 1036 3205 habeat
1064 3124 1270 3204 virtute
1308 3124 1371 3203 ac
1404 3155 1678 3218 potestate
1703 3147 1885 3200 aliena
1912 3159 2110 3201 caren-

2215 3151 2280 3206 ἃν
2307 3150 2489 3205 οὐκέτι
2515 3124 2581 3222 ἦν
2611 3149 2752 3204 κατὰ
2793 3124 2957 3218 ᾦύσιν
2981 3150 3133 3215 Θεὸς,
3177 3152 3413 3204 ἐπακτὸν
3444 3150 3635 3222 ὥσπερ
3662 3124 3798 3221 ἔχων

539 3254 673 3301 tem.
714 3244 1005 3311 Quasretur
1045 3241 1195 3296 enim
1232 3255 1335 3310 pro
1364 3238 1581 3295 ratione
1628 3237 1887 3309 imaginis
1924 3242 1978 3290 et
2006 3232 2115 3289 'ar-

539 3316 793 3405 cbetypi,
841 3332 933 3402 qui
1000 3346 1088 3386 res
1141 3330 1450 3385 antedictas
1504 3327 1792 3398 largiatur,
1831 3336 1995 3395 atque
2039 3325 2116 3379 ita

539 3426 761 3482 demum
795 3425 850 3479 in
897 3424 1255 3494 quazstionem
1296 3420 1568 3476 infinitam
1603 3434 1790 3475 sermo
1823 3418 2020 3483 abibit,
2061 3426 2116 3473 et

541 3520 596 3573 in
637 3516 971 3588 profundum
1026 3514 1495 3583 blasphemiarum
1550 3513 1782 3582 pelagus
1828 3517 2113 3567 excurret.

543 3611 649 3665 Sed
689 3610 976 3678 quoniam,
1018 3622 1086 3662 ex
1116 3606 1432 3660 substantia
1458 3603 1643 3659 Patris
1673 3620 1799 3658 cum
1826 3604 1897 3658 sit
1921 3603 2114 3669 Filius,

541 3697 725 3779 omnia
760 3695 1059 3772 Genitoris‘
1079 3695 1383 3749 secundum
1435 3701 1692 3747 naturam
1749 3692 1970 3762 propria
2008 3691 2116 3746 sibi

540 3788 785 3851 asciscit,
820 3793 875 3841 et
908 3786 1350 3842 substantialiter
1386 3785 1440 3839 in
1474 3798 1640 3838 unam
1673 3797 1800 3839 cum
1842 3784 1963 3853 ipso
2001 3783 2118 3838 dei-

547 3886 733 3945 tatem,
764 3883 987 3947 propter
1032 3883 1244 3931 naturae
1275 3875 1647 3943 identitatem,
1680 3874 1991 3942 concurrit,
2030 3881 2116 3930 est

542 3973 666 4041 ipse
699 3958 921 4041 quidem
953 3971 1006 4023 in
1042 3969 1227 4033 Patre,
1260 3983 1325 4024 ac
1363 3983 1587 4023 rursum
1616 3966 1783 4023 habet
1805 3964 2026 4021 Patrem
2059 3967 2117 4022 in

542 4066 726 4135 seipso
764 4084 777 4119 :
810 4063 1020 4118 idcirco
1073 4077 1219 4132 saepe
1268 4061 1551 4131 inculpate
1603 4075 1669 4117 ac
1705 4074 1838 4117 vere
1886 4074 2114 4116 suorum

542 4171 769 4226 operum
790 4164 1117 4226 potestatem
1143 4153 1339 4209 tribuit
1361 4151 1535 4218 Patri,
1560 4167 1672 4207 non
1694 4151 1844 4224 quod
1869 4153 2113 4221 seipsum

544 4250 597 4304 id
618 4266 781 4320 posse
799 4248 1093 4321 neget,.sed
1113 4247 1258 4317 quod
1279 4250 1347 4301 ad
1367 4247 1534 4301 unius
1550 4246 1931 4316 Operationem
1951 4245 2120 4300 deita-

545 4342 616 4405 tis
645 4339 826 4395 omnia
864 4339 1083 4394 referat.
1111 4337 1276 4408 239
1303 4336 1421 4393 Una
1453 4344 1633 4392 autem
1654 4336 1831 4392 deitas
1866 4336 1923 4391 iu
1956 4335 2119 4390 Patre

542 4441 649 4493 est,
679 4446 743 4496 ac
776 4428 943 4494 Filio,
978 4440 1286 4498 sanctoque
1315 4427 1547 4498 Spiritu.
1584 4426 1744 4494 Quod
1790 4436 1972 4483 autem
2005 4441 2119 4482 non

2148 4475 2198 4533 D

2216 3243 2401 3313 τδιτῆς
2431 3241 2680 3313 θεότητος
2709 3242 2922 3306 κάλλος.
2961 3242 3099 3294 Ἀλλ’
3125 3243 3243 3296 οὐδέ
3272 3243 3433 3307 αὐτὸς
3461 3245 3490 3297 6
3518 3243 3708 3315 Πατὴρ
3742 3245 3798 3295 ἐν

2216 3333 2474 3406 ἀκράτοις
2498 3331 2606 3386 τῶν
2637 3332 2858 3401 ἀγαθῶν
2906 3333 3200 3405 ὑπεροχαῖς
3236 3333 3316 3389 ἔτι
3358 3335 3622 3399 κείσεται,
3648 3335 3800 3389 δυνά-

2220 3444 2366 3497 μεως
2406 3426 2507 3496 τῆς
2533 3427 2662 3495 παρ’
2693 3425 2881 3497 ἐτέρου
2937 3426 3033 3479 καὶ
3086 3427 3336 3492 ἐξουσίας
3374 3428 3629 3498 δεόμενον
3661 3428 3798 3498 ἔχων

2216 3521 2306 3576 τὸν
2345 3520 2445 3590 τῆς
2476 3519 2612 3582 ἰδίας
2645 3517 2862 3588 φύσεως
2909 3520 3232 3591 χαρακτῆρα
3269 3519 3446 3587 λόγον.
3488 3520 3801 3592 Ζητηθήσε-

2215 3628 2305 3665 ται
2329 3609 2437 3681 γὰρ
2465 3608 2744 3677 ἀναλόγως
2772 3611 2839 3680 τῇ
2881 3609 3049 3662 εἰκόνι
3079 3611 3173 3662 καὶ
3221 3610 3299 3680 τῷ
3350 3612 3646 3684 ἀρχετύπῳ
3693 3612 3800 3666 τῶν

2218 3701 2519 3774 εἰρημένων
2548 3702 2577 3753 6
2613 3700 2869 3771 χορηγὸς,
2899 3700 3042 3754 οὕτω
3076 3720 3134 3755 τε
3180 3703 3364 3758 λοιπὸν
3394 3706 3471 3767 εἰς
3496 3705 3800 3775 ἀπέραντον

2218 3792 2442 3863 ζήτησιν
2473 3793 2501 3845 6
2522 3791 2677 3861 λόγος
2721 3793 2852 3862 ἡμῖν
2881 3794 3179 3865 οἰχήσεται,
3222 3795 3318 3848 καὶ
3358 3797 3437 3859 είς
3473 3796 3608 3866 βαθὺ
3641 3797 3800 3868 βλασ-

2218 3883 2438 3954 φημιῶν
2482 3883 2835 3955 ἐκδραμεῖται
2879 3884 3132 3953 πέλαγος.
3174 3885 3312 3939 Ἀλλ’
3340 3886 3569 3959 ἐπείπερ
3601 3889 3667 3942 ἐκ
3701 3888 3800 3958 τῆς

2216 3974 2310 4028 τοῦ
2339 3973 2553 4045 Πατρδς
2589 3973 2781 4037 οὐσίας
2826 3974 3086 4046 ὑπάρχων
3129 3976 3158 4027 6
3200 3975 3348 4040 Υἱὸς,
3383 3977 3561 4032 πάντα
3602 3981 3670 4033 τὰ
3709 3979 3799 4033 τοῦ

2217 4066 2579 4136 γεννήσαντος
2628 4064 2736 4118 ῖδια
2783 4065 2923 4119 κατὰ
2956 4065 3118 4133 φύσιν
3159 4066 3441 4135 ἐπάγεται,
3474 4070 3564 4122 καὶ
3604 4071 3789 4124 οὐσιωο

2218 4158 2323 4222 δῶς
2351 4157 2644 4229 ἀνατρέχει
2672 4155 2809 4227 πρὸς
2847 4156 2975 4227 μίαν
3004 4157 3152 4228 αὐτῷ
3181 4141 3431 4228 θεότητα,
3467 4159 3555 4214 διὰ
3600 4161 3661 4214 τὸ
3703 4161 3801 4233 τῆς

2219 4247 2435 4319 φύσεως
2473 4246 2889 4318 ἀπαράλλακτον
2924 4247 3078 4316 (ἐστι
3131 4248 3228 4317 μὲν
3278 4250 3439 4315 αὐτὸς
3489 4255 3546 4304 ἐν
3602 4253 3797 4324 Πατρὶ,

2219 4343 2328 4411 ἔχει
2366 4341 2410 4393 δ’
2436 4337 2504 4394 αὖ
2533 4338 2695 4394 πάλιν
2717 4339 2776 4391 ἐν
2808 4340 2986 4409 ἐαυτῷ
3009 4340 3096 4392 τὸν
3125 4341 3386 4414 Πατέρα)⁰
3418 4343 3507 4398 διά
3531 4362 3615 4398 τοι
3646 4345 3802 4398 τοῦτο

2222 4430 2483 4493 πολλάκις
2512 4428 2944 4499 ἀκατηγορήτως
2964 4445 3025 4481 τε
3049 4430 3144 4482 καὶ
3166 4431 3382 4502 άληθῶς
3410 4434 3696 4506 ἀνατίθησι
3724 4434 3801 4504 τῷ

542 4521 773 4599 inferior
806 4522 878 4574 sit
914 4518 1080 4575 Patre
1134 4519 1308 4575 Filius
1358 4518 1588 4583 virtute,
1629 4525 1724 4572 aut
1774 4516 2110 4588 operatione.

2224 4523 2402 4594 Πατρὶ
2429 4522 2536 4575 τῶν
2559 4521 2775 4574 οίκείων
2816 4519 2992 4591 ἔργων
3019 4522 3120 4592 τὴν
3145 4522 3394 4593 δύναμιν,
3424 4525 3523 4579 οὐκ
3561 4525 3669 4590 ἔξω
3707 4524 3799 4579 τοῦ

544 4614 640 4670 sed
689 4626 788 4683 per
839 4611 1026 4666 omnia
1087 4610 1283 4666 similis
1327 4618 1395 4665 er
1424 4610 1788 4681 aaquipotens,
1822 4615 1985 4663 antea
2016 4609 2114 4664 de-

545 4704 1002 4767 monstravimus,
1037 4700 1105 4755 ad
1138 4701 1296 4757 illum
1343 4703 1525 4758 locum
1559 4716 1573 4753 :
1606 4720 1626 4752 ι
1654 4699 1775 4755 Non
1811 4707 1996 4770 potest
2023 4697 2119 4753 Fi—

545 4795 654 4850 lius
681 4809 712 4847 a
740 4810 802 4850 se
831 4793 1018 4850 facere
1077 4794 1402 4864 quidquam,
1438 4794 1546 4850 nisi
1577 4792 1722 4863 quod
1773 4792 1976 4857 viderit
2008 4789 2116 4845 Pa-

547 4893 683 4938 trem
716 4884 1040 4939 facientem:
1075 4900 1421 4954 quaacunque
1455 4885 1601 4940 enim
1631 4886 1723 4939 ille
1752 4884 1966 4948 fecerit,
2001 4882 2117 4937 haec

546 4985 596 5030 et
625 4974 801 5031 Filius
825 4976 1077 5029 similiter
1108 4976 1259 5031 facit.
1292 4997 1313 5030 ι

2220 4612 2476 4670 δύνασθαι
2495 4610 2663 4675 τιθεῖς
2685 4609 2893 4675 ἑαυτὸν,
2911 4610 3046 4665 ἀλλὰ
3063 4614 3130 4682 τῇ
3156 4612 3402 4685 ἐνεργείᾳ
3418 4615 3515 4684 τῆς
3535 4616 3665 4681 μιᾶς
3690 4615 3804 4669 θεό-

2221 4722 2380 4773 τητος
2400 4703 2470 4756 τὰ
2497 4701 2675 4755 πάντα
2693 4701 3033 4773 προσνέμων.
3052 4701 3165 4756 Μία
3179 4702 3234 4756 δέ
3257 4704 3289 4774 ὴ
3318 4703 3507 4776 θεότης
3530 4706 3587 4757 ἐν
3605 4707 3800 4776 Πατρὶ,

2225 4797 2317 4850 καὶ
2336 4792 2472 4862 Υίῷ,
2500 4792 2594 4846 καὶ
2612 4792 2751 4862 ἁγίῳ
2770 4792 3068 4862 Πνεύματι.
3087 4794 3207 4847 Ὅτι
3238 4793 3293 4848 δέ
3314 4795 3413 4848 οὐκ
3432 4795 3669 4850 ἐλάττων
3687 4798 3804 4851 ἐστὶ

2224 4870 2317 4937 τοῦ
2340 4881 2552 4951 Πατρὸς
2581 4880 2611 4931 6
2633 4880 2778 4944 Υίὸς,
2807 4880 2840 4950 ἢ
2872 4880 3014 4935 κατὰ
3047 4878 3290 4952 δύναμιν,
3317 4884 3351 4955 ἢ
3379 4886 3497 4938 κατ’
3524 4887 3803 4957 ἐνέργειαν

2224 4974 2322 5042 τὴν
2357 4970 2448 5023 ἐπί
2480 4986 2641 5028 τισιν.
2670 4970 2783 5023 ἀλλ’
2816 4970 2999 5040 ὅμοιος
3040 4972 3182 5025 κατὰ
3225 4974 3401 5028 πάντα
3466 4976 3561 5029 καλ⁵
3597 4977 3803 5029 ἰσοσθε-

551 5063 663 5133 νὴς,
699 5062 792 5115 καὶ
832 5061 898 5115 δι’
959 5061 1160 5133 ἐτέρων
1191 5064 1323 5131 ἡμῖν
1370 5062 1761 5128 ἀποδέδεικται,
1802 5059 2163 5130 προκειμένου
2203 5058 2368 5130 ῥητοῦ
2392 5075 2407 5089 ο
2445 5078 2462 5109 t
2498 5058 2574 5111 Οὐ
2602 5057 2822 5113 δύναται
2848 5061 2878 5112 6
2908 5060 3035 5124 Υἱὸς
3076 5065 3249 5115 ποιεῖν
3292 5066 3385 5134 ἀφ’
3408 5067 3601 5119 ἑαυτοῦ
3626 5070 3800 5126 οὐδὲν,

548 5157 639 5211 ἐὰν
689 5155 763 5226 μή
795 5171 847 5208 τι
889 5152 1060 5224 βλέπῃ
1114 5154 1204 5206 τὸν
1255 5156 1473 5225 Πατέρα
1528 5153 1798 5207 ποιοῦντα’
1840 5152 1876 5206 ἃ.
1906 5152 2015 5222 γὰρ
2059 5152 2126 5205 ἂν
2162 5154 2367 5215 ἐκεῖνος
2402 5154 2549 5222 ποιῇ,
2577 5151 2747 5206 ταῦτα
2776 5152 2869 5204 καὶ
2896 5154 2924 5204 6
2956 5152 3081 5215 Υἱὸς
3107 5154 3307 5224 ὁμοίως
3341 5159 3500 5210 ποιεῖ.
3536 5177 3553 5209 ι

619 5246 726 5303 Sed
769 5244 1030 5315 quoniam
1069 5243 1273 5299 divinis
1307 5244 1652 5314 dogmatibus
1675 5244 1813 5298 citra
1846 5243 2009 5298 ullam
2038 5256 2124 5296 se-

548 5340 771 5411 gnitiem
803 5336 1120 5392 incumbere
1137 5336 1350 5406 acquum
1369 5353 1491 5391 esse
1509 5344 1693 5391 statuo
1710 5377 1726 5401 ,
1751 5350 1850 5405 age
1877 5349 2119 5399 rursum,

2310 5242 2525 5312 Ἐπειδὴ
2557 5242 2612 5295 δὲ
2638 5244 2737 5312 τὴν
2767 5244 2825 5295 ὲν
2854 5245 2965 5304 τοῖς
3002 5242 3168 5306 θείοις
3195 5243 3460 5315 δόγμασιν
3485 5246 3804 5318 ἁξιεραστο-

2223 5335 2392 5404 τάτην
2432 5332 2688 5404 σπουδὴν,
2720 5333 2880 5387 ὄκνου
2932 5334 3136 5398 παντὸς
3181 5335 3571 5405 ἀναφαίνεσθαι
3618 5340 3805 5409 κρείτ-

550 5440 839 5487 nautarum
860 5444 1037 5496 more,
1063 5436 1231 5483 totam
1253 5429 1450 5498 capitis
1478 5429 1748 5482 rationem
1780 5428 1952 5483 instar
1970 5426 2110 5481 funis

2220 5443 2370 5489 τονα,
2413 5424 2618 5479 δίκαιόν
2654 5441 2713 5477 τε
2754 5426 2850 5478 καὶ
2891 5425 3097 5497 πρέπον
3132 5426 3499 5497 ὑπολαμϐάνω
3521 5447 3533 5459 ·
3571 5429 3703 5498 φέρε
3738 5430 3802 5498 δὴ

551 5524 894 5594 colligamus.
921 5520 1013 5577 Sic
1037 5520 1184 5576 enim
1213 5518 1398 5583 videre
1430 5519 1556 5574 licet
1586 5518 1784 5573 Filium
1820 5533 1976 5574 suam
2009 5533 2110 5571 non

2221 5516 2382 5571 πάλιν
2431 5519 2544 5578 τοῖς
2590 5517 2648 5567 ἐν
2704 5518 2769 5586 τῇ
2820 5516 3059 5590 θαλάττῃ
3107 5518 3373 5583 ναυτίλοις
3402 5521 3682 5586 ποιοῦντες
3737 5524 3804 5575 τὰ

548 5620 802 5672 incusare
842 5623 1118 5679 naturam,
1151 5613 1281 5669 dum
1311 5612 1385 5665 ait
1419 5628 1525 5667 non
1559 5629 1719 5683 posse
1751 5628 1779 5665 a
1812 5614 1995 5680 seipse
2036 5610 2119 5663 fa-

618 5725 665 5755 "
705 5722 847 5777 Psal.
881 5741 1064 5791 LXXXI,
1100 5726 1152 5780 8.
1230 5724 1271 5753 ⁷¹
1316 5722 1457 5781 Psal.
1496 5743 1672 5791 LXXI",
1714 5727 1764 5780 8.
1844 5725 1886 5755 ⁷⁸
1930 5725 2176 5793 διιρτιὶςτ,
2210 5724 2262 5776 5.

210 5850 675 6077 \

2222 5607 2595 5678 παραπλήσια,
2627 5607 2860 5676 σχοινίου
2900 5609 3040 5672 τινὸς
3074 5610 3244 5680 δίκην,
3276 5609 3394 5662 ὅλον
3436 5611 3680 5676 εἰσαῦθις
3712 5612 3805 5665 τὸν

2342 5721 2385 5751 ⁷³
2414 5718 2572 5772 Joau.
2614 5736 2721 5785 xxv,
2766 5719 2845 5773 ιο.
