4078 6262
296 343 406 401 339
1328 331 1393 385 ΙΝ
1428 329 1717 387 JOANNIS
1756 328 2208 386 EVANGELIUM
2278 331 2406 388 LIB.
2442 330 2506 386 ll.
3465 339 3569 400 390

299 451 397 519 τοῦ
449 445 750 517 κεφαλαίου
808 443 963 510 λόγον
1027 440 1523 511 ἀναμηρυσώμεθα.
1578 441 1735 493 Ἔστι
1787 438 1895 508 γὰρ

1958 453 2122 498 icere
2152 441 2477 510 quidquam,
2510 439 2607 496 sed
2662 439 2847 511 pozius
2909 440 3226 498 Iudaeorum
3276 448 3568 517 reprehen-

302 541 477 604 οὕτως
528 539 679 600 ἰδεῖν,
720 537 781 588 ού
837 534 932 604 τῆς
986 532 1179 586 ἑαυτοῦ
1226 531 1437 601 φύσεως
1486 529 1893 603 κατηγοροῦντα

1995 528 2125 583 dere
2166 530 2478 595 stultitiam,
2522 537 2577 584 et
2611 539 2796 599 aperte
2832 531 3120 588 ostendere
3150 533 3219 587 ab
3256 533 3325 588 iis
3347 538 3570 591 concul-

304 633 399 685 τὸν
430 630 559 684 Υίδν
592 628 660 681 δι’
698 624 865 679 αὐτοῦ
898 624 993 677 τοῦ
1029 623 1208 692 λέγειν
1235 622 1309 692 μὴ
1342 621 1603 676 δύνασθαί
1635 639 1687 674 τι
1720 624 1893 674 ποιεῖν

1994 614 2108 673 cari
2133 620 2305 688 legem
2329 621 2504 689 ipsam
2531 619 2855 676 Mosaicam.
2880 622 3038 688 Quod
3064 614 3321 680 enim'bis
3344 628 3525 684 verbis
3551 669 3566 695 ,

289 720 402 782 ἀφ’
454 716 667 781 ἑαυτοῦ,
722 714 858 769 ἀλλὰ
899 713 1101 785 μᾶλλον
1151 712 1248 783 τὴν
1298 712 1408 767 τῶν
1448 712 1716 768 Ἰουδαίων
1756 711 1892 766 ἀπό-

2000 728 2018 761 (
2059 707 2177 763 Non
2226 724 2452 781 possum
2491 725 2592 782 ego
2647 710 2829 767 facere
2865 728 2894 766 a
2925 714 3137 784 meipso
3180 716 3501 786 quidquam,
3545 738 3564 772 ι

313 816 465 865 νοιαν
513 809 875 878 ἐξελέγχοντα,
929 806 1027 858 καὶ
1079 804 1240 858 αὐτὸν
1283 803 1341 857 δὲ
1387 804 1478 859 τὸν
1520 802 1607 858 διὰ
1650 804 1895 867 Μωσέως

1978 790 2180 857 statim
2210 801 2564 873 subjungitur
2593 801 2751 869 illud,
2782 821 2801 854 ι
2826 801 2980 858 Sicut
3010 805 3422 876 audio,judico,
3447 827 3466 859 ι
3501 808 3570 863 ab

318 904 661 973 πατήσαντας
691 898 852 968 νόμον
881 895 1182 967 διαρρήδην
1219 894 1636 950 ὲπιδεικνύοντα.
1681 895 1754 948 Τὸ
1786 894 1894 966 γὰρ

1994 895 2141 949 omni
2176 895 2426 950 convicio
2467 893 2663 950 Filium
2712 894 2909 950 liberat
2955 910 3065 966 quo
3116 896 3255 951 nihil
3291 912 3357 953 ex
3391 914 3490 954 sua
3517 899 3569 954 vi

320 991 478 1054 εὐθὺς
519 987 900 1057 ἐπεισάγεσθαι
956 985 1055 1056 τῷ,
1092 1003 1111 1036 ι
1159 984 1234 1038 Οὐ
1281 984 1514 1056 δύναμαι
1561 986 1670 1055 ἐγὼ
1724 987 1895 1038 ποιεῖν

1995 998 2156 1054 posse
2209 982 2389 1040 facere
2435 984 2638 1041 dicitur
2679 1003 2692 1041 :
2736 984 2887 1042 Patri
2940 1002 3071 1043 vero
3130 988 3564 1059 obsequentem,

318 1085 413 1137 ἀπ’
435 1080 668 1152 ἐμαυτοῦ
709 1078 893 1144 οὐδὲν,
929 1096 949 1130 ι
979 1077 1042 1130 τὸ
1079 1096 1098 1128 ‹
1130 1074 1333 1139 Καθὼς
1378 1075 1581 1139 ἀκούω,
1617 1075 1787 1147 κρίνω
1811 1117 1826 1142 ,
1866 1095 1886 1128 ι

1993 1075 2154 1144 eique
2235 1074 2291 1129 in
2377 1076 2635 1131 omnibus
2715 1077 2883 1133 rebus
2956 1078 3370 1148 astipulatorem
3447 1095 3569 1136 esse

313 1172 575 1244 λοιδορίας
619 1172 716 1243 μὲν
744 1170 962 1240 ἁπάσης
988 1169 1087 1240 τῆς
1117 1166 1211 1220 ἐπὶ
1252 1166 1312 1219 τὺ
1352 1166 1425 1237 μὴ
1467 1165 1721 1219 δύνασθαι
1762 1166 1893 1238 δρᾷν

1995 1174 2181 1237 aperte
2205 1168 2562 1225 demonstrat.
2580 1169 2715 1223 Nam
2737 1171 2783 1225 si
2814 1185 2924 1240 pra:
2954 1170 3272 1227 inﬁrmitate
3297 1171 3565 1243 quodam-

312 1264 369 1328 ἐξ
400 1263 606 1326 οἰκείας
635 1261 913 1332 δυνάμεως
946 1258 1225 1328 ἐλευθεροῖ
1247 1256 1339 1310 τὸν
1371 1258 1521 1311 Υἱόνο
1558 1256 1895 1327 φιλοπάτορα

1995 1262 2157 1314 modo
2206 1274 2237 1313 a
2286 1259 2452 1316 Patre
2483 1261 2742 1316 virtutem
2791 1265 3087 1334 acciperet,
3123 1266 3278 1334 quasi
3320 1280 3351 1319 a
3384 1266 3567 1334 seipso

310 1356 363 1407 δὲ
421 1354 515 1407 καὶ
548 1351 907 1422 συνεθελητὴν
937 1350 1014 1420 τῷ
1039 1350 1362 1419 γεννήσαντι
1414 1348 1556 1401 κατὰ
1596 1348 1773 1401 πάντα
1799 1365 1893 1401 σα-

1995 1350 2352 1406 suﬁicientem
2393 1368 2502 1407 nou
2539 1353 2758 1418 habeat,
2787 1355 2881 1424 qui
2921 1371 3029 1409 non
3059 1357 3237 1426 potius
3261 1356 3443 1412 dicere
3475 1356 3568 1412 de-

312 1446 426 1514 φῶς
464 1443 773 1511 ἀποφαίνει.
808 1441 871 1495 Εί
910 1442 1016 1512 γὰρ
1045 1439 1285 1511 ὡσπερεὶ
1314 1439 1473 1509 τυχὸν
1502 1440 1767 1510 άτονήσας
1794 1438 1893 1510 τὴν

1995 1441 2176 1508 bebat,
2229 1441 2350 1497 Non
2404 1458 2655 1513 possum,
2686 1460 2787 1515 ego
2845 1444 3021 1500 facere
3079 1461 3110 1498 a
3156 1447 3366 1517 meipso
3404 1445 3568 1517 quid-

308 1539 373 1590 ὲκ
403 1536 619 1609 Πατρὸς
664 1534 963 1599 ἐδανείζετο
1009 1531 1262 1601 δύναμιν,
1300 1530 1376 1594 ὡς
1421 1531 1520 1583 οὐκ
1561 1529 1893 1601 ἐξαρκοῦσαν

1995 1548 2183 1602 quam;
2226 1534 2321 1589 sed
2354 1536 2568 1606 accipio
2602 1544 2928 1609 potestatem
2986 1552 3015 1590 a
3045 1536 3246 1592 Patre?
3295 1536 3414 1591 Jam
3441 1553 3568 1594 vero

306 1630 450 1700 ἔχων
491 1630 583 1698 ἀφ’
620 1626 832 1690 ἑαυτοῦ,
866 1625 982 1687 πῶς
1014 1627 1113 1678 οὐκ
1147 1623 1252 1677 ἔδει
1317 1622 1515 1694 μᾶλλον
1548 1623 1754 1685 εἰπεῖν,
1818 1621 1891 1674 Οὐ

1995 1638 2120 1677 cum
2163 1624 2311 1680 istud
2344 1641 2453 1681 non
2480 1627 2703 1690 dixerit,
2732 1627 2826 1682 sed
2856 1635 3210 1698 posteaquam
3244 1629 3568 1700 signiﬁcavit

310 1721 551 1789 δύναμαι
577 1720 687 1786 ἐγὼ
718 1721 887 1772 ποιεῖν
920 1717 1011 1770 ἀπ’
1041 1714 1280 1786 ἐμαυτοῦ
1316 1715 1488 1780 οὐδὲν,
1539 1711 1801 1783 λαμϐάνω
1835 1713 1892 1767 δὲ

1957 1775 1965 1791 _
1997 1729 2104 1767 non
2138 1729 2299 1784 posse
2331 1731 2361 1769 a
2388 1718 2569 1786 seipso
2595 1716 2776 1772 facere
2804 1717 3126 1787 quidquam,
3160 1721 3410 1775 intulerit
3466 1737 3567 1791 po-

308 1772 375 1861 τδ
417 1772 677 1861 δύνασθαι
718 1807 865 1879 παρὰ
893 1807 985 1860 τοῦ
1023 1772 1274 1876 Πατρός;
1328 1772 1547 1858 Νυνὶδὲ
1606 1772 1762 1857 τοῦτο
1793 1803 1894 1874 μὲν

1958 1776 2105 1862 =tius
2151 1807 2399 1876 judicare
2461 1824 2521 1864 se
2575 1809 2722 1865 sicut
2769 1809 3027 1875 audierit,
3080 1811 3433 1866 manifestum
3485 1821 3568 1868 est

314 1901 420 1953 οὐκ
458 1898 642 1964 εἰπὼν,
670 1898 974 1968 ἐπενεγκὼν
1014 1900 1069 1952 δὲ
1098 1898 1298 1967 μᾶλλον
1327 1896 1406 1968 τῷ
1440 1896 1513 1968 μὴ
1548 1896 1808 1950 δύνασθαί
1838 1914 1893 1949 τι

1994 1913 2103 1952 non
2137 1899 2208 1954 ob
2241 1900 2610 1955 inlirmitatem
2642 1901 2696 1955 in
2726 1902 3005 1957 nonnullis
3056 1901 3321 1958 faciendis
3360 1903 3567 1958 dixisse

314 1989 453 2060 δρᾷν
496 1989 587 2057 ἀφ’
636 1987 848 2054 ἑαυτοῦ,
898 1988 959 2040 τὸ
1001 1989 1201 2058 κρίνειν
1233 1987 1427 2054 οὕτως,
1457 1989 1646 2057 ὥσπερ
1691 1986 1759 2041 ἂν
1801 1989 1894 2042 καὶ

1995 2006 2055 2046 se
2092 2005 2203 2044 non
2242 2006 2426 2060 posse,
2461 1992 2557 2047 sed
2586 1993 2732 2062 quod
2780 2007 2850 2047 ne
2881 1993 2989 2048 ulla
3024 1994 3244 2062 quidem
3276 1994 3331 2049 in
3364 2010 3424 2049 re
3464 1993 3568 2048 Pa-

317 2079 568 2142 ἁκούσαι,
599 2079 757 2149 δῆλος
788 2079 853 2134 ἂν
882 2079 966 2149 εἴη
1013 2080 1193 2134 λοιπὸν
1220 2120 1235 2145 ,
1278 2081 1387 2133 οὐκ
1420 2081 1506 2133 ἐπ’
1541 2078 1796 2151 ἀσθενείᾳ
1825 2083 1892 2152 τῇ

1994 2080 2096 2135 tris
2147 2082 2480 2137 voluntatem
2518 2083 2692 2152 possit
2731 2084 3104 2154 prmtergredi.
3140 2083 3273 2139 Nam
3299 2100 3425 2140 cum
3458 2100 3566 2140 una

313 2173 438 2223 κατ’
471 2172 749 2242 ἐνέργειαν
776 2170 873 2243 τὴν
918 2171 1009 2224 ὲπί
1039 2189 1150 2225 τισι
1201 2172 1264 2226 τὸ
1292 2174 1366 2244 μὴ
1409 2171 1665 2228 δύνασθαι
1708 2189 1895 2228 συντε-

1994 2172 2049 2224 in
2097 2170 2257 2226 Patre
2297 2179 2352 2227 et
2400 2172 2541 2235 Filio
2593 2174 2768 2230 deitas
2804 2175 3166 2244 intelligatur,
3217 2176 3324 2231 erit
3378 2176 3566 2245 utique

311 2261 529 2324 θεικὼς,
558 2261 673 2314 ἀλλ’
704 2261 797 2315 ἐπὶ
827 2261 903 2329 τῷ
940 2261 1014 2331 μὴ
1060 2261 1370 2333 ἐνδέχεσθαι
1415 2263 1770 2336 παραϐαίνειν
1800 2265 1894 2318 αύ-

1993 2262 2180 2317 eadem
2214 2263 2377 2319 etiam
2405 2265 2685 2331 voluntas,
2718 2280 2897 2332 neque
2942 2280 3068 2321 vero
3096 2267 3151 2320 in
3180 2265 3359 2331 Patre,
3388 2282 3565 2337 neque

309 2354 402 2404 τὸν
432 2352 576 2406 κατά
598 2370 650 2405 τι
681 2352 810 2421 γοῦν
837 2353 899 2406 τὸ
936 2353 1150 2423 θέλημα
1197 2352 1290 2406 τοῦ
1338 2355 1570 2428 Πατρός.
1603 2357 1751 2419 Μιᾶς
1784 2355 1892 2426 γὰρ

1994 2352 2131 2407 adeo
2165 2354 2219 2407 in
2255 2353 2391 2408 Filio
2420 2363 2721 2425 sanctoque
2752 2354 2963 2427 Spiritu
2993 2357 3288 2413 dissentire
3320 2372 3563 2427 unquam

311 2443 565 2513 θεότητος
594 2444 689 2514 τῆς
720 2447 776 2497 ἐν
807 2445 980 2512 Πατρὶ
1009 2444 1103 2498 καὶ
1132 2444 1246 2516 Υίῷ
1273 2448 1584 2519 νοουμένης,
1617 2446 1768 2500 ἔσται
1796 2448 1893 2518 δή·

2057 2458 2109 2497 se
2138 2450 2333 2497 natura
2376 2442 2558 2498 divina
2590 2444 2932 2508 censebitur,
2966 2442 3064 2499 sed
3094 2442 3240 2513 quod
3277 2441 3427 2497 Patri
3452 2443 3566 2513 pla-
3664 2518 3667 2521 Α

311 2550 416 2585 που
451 2537 666 2596 πάντως
699 2537 792 2588 καὶ
839 2535 1051 2605 θέλημα
1086 2536 1305 2599 ταυτὸν,
1332 2534 1453 2590 οῦτε
1495 2537 1553 2590 δὲ
1597 2540 1653 2590 ὲν
1692 2538 1892 2608 Πατρὶ,

1993 2535 2191 2599 cuerit,
2217 2535 2320 2589 hoc
2354 2542 2463 2589 tota
2508 2536 2619 2589 vult
2643 2535 2841 2591 deitas.
2884 2534 3211 2591 Necessario
3263 2534 3449 2605 ita'que
3477 2532 3566 2588 Fi-

310 2626 434 2678 9’32:
473 2628 576 2695 μὴν
604 2628 661 2679 ἐν
687 2626 881 2697 Υίῷ,ἢ
918 2631 1011 2680 καὶ
1048 2628 1127 2698 τῷ
1175 2628 1313 2700 ἁγίῳ
1361 2629 1639 2700 Πνεύματι
1670 2630 1893 2685 στασιά-

1994 2628 2100 2682 lius
2127 2628 2439 2682 consentire
2476 2642 2536 2683 se
2566 2637 2620 2682 et
2647 2643 2889 2684 annuere
2921 2627 3069 2683 Patri
3097 2643 3439 2698 quascunque
3476 2644 3564 2684 res

312 2716 483 2778 ζουσοί
529 2734 655 2768 ποτε
698 2716 818 2770 καθ’
858 2719 1053 2787 ἑαυτῆς
1092 2720 1124 2788 ὴ
1179 2718 1298 2774 θεία
1344 2719 1503 2788 φύσις
1549 2721 1888 2792 νοηοήσεται,

1992 2718 2041 2773 ei
2094 2719 2362 2788 placuerit
2411 2718 2707 2788 signiﬁcat,
2761 2718 2969 2772 docens
3010 2732 3121 2771 non
3179 2733 3341 2787 posse
3390 2716 3568 2772 facere

311 2808 430 2861 ἀλλ’
460 2808 595 2878 ὅπερ
647 2807 711 2861 ἂν
750 2808 897 2875 δόξαι
949 2808 1024 2879 τῷ
1074 2810 1249 2880 Πατρὶ
1303 2810 1479 2880 τυχὸν,
1522 2811 1678 2864 τοῦτο
1715 2813 1892 2881 πάσης

1994 2805 2292 2876 quidquam
2341 2804 2483 2875 quod
2533 2806 2722 2875 utique
2764 2820 2875 2860 non
2915 2806 2987 2861 sit
3031 2807 3189 2874 juxta
3218 2805 3399 2862 Patris
3440 2820 3567 2861 sen-

312 2904 432 2955 ὲστὶ
465 2904 562 2973 τῆς
594 2903 845 2975 θεότητος
879 2904 1106 2974 θέλημα.
1158 2905 1495 2974 Ἀναγκαίως
1533 2904 1820 2976 τοιγαροῦν
1865 2908 1893 2958 ό

1994 2897 2242 2951 tentiam.
2274 2894 2390 2950 Hoc
2436 2896 2583 2951 enim
2634 2895 2910 2966 signiﬁcat
2958 2895 3094 2949 illud
3134 2914 3152 2946 ι
3205 2909 3234 2948 a
3265 2895 3498 2965 meipso,
3544 2914 3562 2947 ι

311 2993 464 3057 Υἱὸς,
502 2995 892 3064 συνευδοκητὴν
918 2995 1105 3066 ὥσπερ
1130 2996 1249 3049 τινὰ
1300 2997 1395 3048 καὶ
1424 2997 1890 3065 συγκατανεύοντα

1994 2995 2053 3039 ut
2087 2985 2130 3038 si
2187 2984 2395 3039 diceret
2448 2997 2558 3037 non
2606 2998 2769 3053 posse
2818 2982 2983 3055 2&0
3016 2982 3199 3038 facere
3257 2990 3565 3054 peccatum,

310 3082 393 3155 τῷ
415 3085 607 3155 Πατρὶ,
634 3086 766 3155 πρὸς
791 3086 888 3157 τὴν
916 3086 1000 3155 ἐφ’
1028 3080 1182 3158 ᾧπερ
1211 3087 1276 3140 ἂν
1299 3086 1463 3151 δόξειε
1493 3088 1673 3157 ψῆφον
1698 3089 1886 3142 ἑαυτὸν
1915 3109 1920 3142 ι

1994 3091 2154 3131 nemo
2187 3074 2585 3129 existimaverit
2629 3089 2753 3128 eum
2789 3073 3186 3128 imbecillitatis
3237 3074 3364 3143 jure
3400 3088 3568 3127 accu-

310 3176 578 3247 είσφὲρει,
618 3179 692 3247 μὴ
738 3178 991 3231 δύνασθαί
1038 3196 1091 3231 τι
1134 3179 1265 3250 δρᾷτν
1311 3179 1706 3252 ἐξηγούμενος,
1753 3180 1781 3232 ὃ
1815 3180 1888 3251 μὴ

1990 3168 2124 3231 sari,
2160 3167 2254 3222 sed
2307 3167 2610 3220 mirabilem
2649 3163 2942 3235 quamdam
2990 3180 3053 3218 ac
3096 3165 3337 3218 divinam
3384 3165 3571 3234 potius

310 3267 532 3331 πάντως
563 3270 678 3323 ἐστὶ
711 3271 849 3323 κατὰ
893 3270 1114 3342 γνώμην
1161 3271 1254 3325 τοῦ
1303 3273 1535 3342 Πατρός.
1584 3270 1753 3326 Τοῦτο
1782 3273 1889 3344 γάρ

1990 3268 2201 3313 natura:
2227 3273 2339 3313 sum
2356 3257 2630 3327 explicare
2651 3255 3043 3325 pr0prietatem
3064 3276 3074 3308 :
3092 3255 3409 3335 ostenderet
3424 3255 3568 3309 enim

310 3364 450 3430 ἡμῖν
493 3361 742 3430 σημαίνει
774 3362 853 3424 τὸ,
882 3380 900 3412 ι
940 3364 1033 3415 ἀπ’
1069 3362 1325 3434 ἐμαυτοῦ·
1360 3383 1378 3416 ι
1414 3363 1601 3436 ὥσπερ
1631 3363 1696 3418 ἂν
1724 3366 1771 3416 εἰ
1800 3364 1889 3417 λέ-

1992 3363 2050 3403 se
2087 3346 2409 3402 mutationis
2439 3355 2492 3400 et
2539 3345 2882 3401 alterationis
2938 3345 3237 3400 immunem
3280 3347 3567 3401 exsistere.

311 3469 403 3518 τοι
441 3452 799 3522 μὴδύνασθαι
847 3454 978 3524 δρᾷν
1021 3433 1313 3525 ἁμαρτίαν,
1358 3456 1459 3509 οὐκ
1502 3433 1580 3509 ἄν-
1614 3473 1693 3525 τῳ
1743 3456 1890 3522 δόξαι

1995 3437 2068 3491 Ita
2103 3452 2227 3492 cum
2259 3452 2291 3491 a
2343 3437 2528 3506 seipso
2579 3450 2691 3489 non
2736 3449 2901 3499 posse
2947 3433 3127 3490 facere
3170 3448 3229 3488 se
3269 3433 3570 3504 quidquam

309 3543 538 3607 δικαίως
565 3543 845 3608 ἀσθενείας
892 3524 1179 3615 ὑπομεῖναι
1229 3545 1460 3618 γραφὴν,
1496 3524 1806 3617 ἐξηγεῖσθαι
1834 3545 1891 3598 δὲ

1993 3529 2301 3599 proﬁtetur,
2343 3527 2671 3582 mirabimur
2717 3527 2902 3595 potius
2951 3524 3310 3579 immutabilis
3361 3532 3573 3578 naturae

317 3635 521 3705 μᾶλλον
570 3635 895 3704 ἀξιάγαστόν
950 3653 1003 3689 τι
1056 3636 1150 3689 καὶ
1200 3615 1499 3707 θεοπρεπὲς
1546 3615 1649 3708 τῆς
1689 3638 1892 3702 οἰκείας

1994 3619 2232 3675 fructum
2266 3617 2660 3675 immutabilem
2685 3624 3000 3682 cernentes,
3024 3630 3187 3685 quam
3221 3615 3378 3680 illud,
3411 3635 3428 3665 ι
3462 3630 3572 3669 non

315 3725 533 3794 φύσεως
566 3725 786 3797 ἰδίωμα·
819 3726 900 3779 ὅτι
931 3726 1040 3799 γὰρ
1068 3727 1332 3799 ἄτρεπτός
1360 3745 1423 3780 τε
1466 3730 1558 3782 καὶ
1604 3707 1895 3783 άναλλοίω-

1995 3727 2180 3782 posse,
2220 3730 2239 3764 ›
2275 3711 2646 3766 inﬁrmitatem
2694 3709 3007 3778 signiﬁcare
3049 3707 3437 3778 intempestive
3466 3723 3572 3777 pu-

313 3835 408 3881 τος
441 3818 870 3889 ὑπάρχειβηλοῖ.
905 3817 1089 3883 Οὕτως
1120 3820 1248 3873 ὅταν
1274 3820 1367 3889 ἀφ’
1401 3820 1593 3874 ἑαυτοῦ
1630 3821 1703 3893 μὴ
1736 3821 1895 3875 δύνα-

1996 3805 2259 3859 tabimus.
2313 3802 2438 3857 Haec
2483 3809 2662 3857 autem
2714 3816 2938 3856 rursum
2993 3799 3155 3855 nobis
3211 3814 3309 3870 pro
3361 3799 3575 3854 ratione

319 3907 445 3960 σθαί
490 3925 541 3960 τι
588 3911 759 3961 ποιεῖν
805 3908 1034 3978 ὁμολογῇ
1059 3949 1073 3973 ,
1118 3891 1647 3981 καταπλαγησόμεθα
1672 3891 1892 3981 μᾶλλον,

1968 3911 2189 3952 κεοτυηι
2243 3911 2365 3967 quae
2414 3902 2540 3949 ante
2597 3893 2741 3948 dicta
2785 3900 2914 3948 sunt
2956 3891 3252 3959 sulliciaut;
3296 3898 3574 3945 scrutetur

317 3999 534 4068 φύσεως
563 3999 831 4070 ἁτρέπτου
858 4001 1066 4069 καρπὸν
1096 3998 1329 4070 ὁρῶντες
1352 3999 1411 4052 τὸ
1438 3998 1725 4070 ἄτρεπτον,
1751 4004 1896 4073 ἢπερ

2026 4002 2162 4043 ιοιιτο
2195 3986 2440 4047 discendi
2479 3985 2762 4042 studiosus
2796 3984 3046 4039 meliora.
3078 3983 3365 4053 Explicare
3391 3991 3574 4047 tamen
3632 4004 3636 4009 ι

315 4090 417 4142 οὐκ
466 4090 737 4161 εὐκαίρως
798 4089 873 4152 ὡς
918 4088 1201 4153 ἀσθενείας
1260 4090 1593 4161 σημαντικὸν
1637 4092 1698 4144 τὸ
1738 4110 1758 4145 r
1822 4093 1897 4165 μὴ

1998 4082 2200 4135 dictum
2231 4078 2365 4133 illud
2397 4079 2504 4132 alio
2538 4077 2697 4131 modo
2734 4092 2843 4131 non
2894 4077 3260 4151 gravabimur,
3293 4074 3572 4143 paululum

316 4179 581 4233 δύνασθαι
621 4200 638 4232 ι
676 4179 1021 4250 λογιούμεθα.
1059 4180 1245 4233 Ταῦτα
1287 4181 1344 4234 δὲ
1392 4181 1555 4235 πάλιν
1598 4185 1730 4253 ἡμῖν
1769 4185 1899 4237 ἀνα·

1999 4171 2258 4244 quiddam
2304 4170 2372 4225 de
2402 4169 2621 4225 deitatis
2662 4168 2967 4223 rationibus
2996 4176 3050 4221 et
3078 4166 3356 4235 Unigeniti
3391 4165 3574 4220 excel-

315 4270 491 4336 λόγως
542 4270 639 4338 μὲν
681 4272 793 4344 τοῖς
842 4271 1151 4342 εἰρημένοις
1184 4271 1422 4342 εἰρήσθω
1468 4272 1716 4342 μέτροις·
1743 4274 1901 4344 ἐρευ-

2000 4262 2166 4317 lentia
2193 4261 2423 4316 dicendo
2454 4258 2788 4333 minuentes,
2820 4269 2875 4311 et
2902 4257 3161 4325 quoniam
3193 4256 3357 4310 homo
3384 4270 3575 4310 revera

319 4361 469 4412 νάτω
500 4361 558 4412 δὲ
583 4362 611 4413 ό
648 4340 1038 4432 φιλομαθῆςτὰ
1067 4340 1327 4432 βελτίονα.
1360 4340 1899 4435 Διερμηνεῦσαινμὴν

2002 4353 2181 4409 factus
2212 4350 2632 4419 est,-Filiusque
2658 4356 2905 4412 vocatus,
2940 4350 3044 4401 vim
3078 4347 3475 4402 tlieorematum
3508 4349 3574 4402 ad

321 4451 416 4503 καὶ
455 4426 741 4521 ἐτέρωςντδ
774 4426 936 4523 ei]er
976 4426 1077 4508 οὐκ
1115 4426 1652 4525 ὀκνήσομενίρράχύ
1693 4472 1745 4509 τι
1930 4430 1931 4435 1

1965 4435 1973 4474 ⁵
2004 4444 2472 4515 dispensationem
2508 4458 2630 4496 cum
2672 4456 2837 4495 carne
2870 4437 3287 4503 transferentes,
3317 4446 3575 4510 cognata-

319 4541 423 4608 τῆς
456 4539 704 4611 θεότητος
746 4541 884 4612 ὅρων
946 4543 1040 4595 καὶ
1082 4542 1182 4613 τῆς
1219 4541 1314 4593 τοῦ
1354 4543 1690 4609 Μονογενοῦς
1731 4543 1899 4613 ὑπερ-

2005 4555 2110 4611 que
2155 4546 2208 4592 et
2243 4536 2539 4606 conjuncta
2588 4532 2967 4604 superioribus
3015 4531 3298 4602 sequentia
3348 4530 3574 4585 demon-

319 4632 452 4702 οχῆς
478 4631 568 4685 τὸν
589 4631 744 4701 λόγον
774 4632 1213 4697 ὑποϐιϐάζοντες,
1246 4632 1339 4685 καὶ
1367 4633 1595 4705 ἐπείπερ
1617 4634 1898 4707 ἄνθρωπος
2004 4640 2263 4690 strantes.
2894 4709 2898 4712 ξ

243 4777 261 4787 -
320 4729 510 4800 γέγονέ
542 4745 598 4782 τε
641 4728 809 4791 ὅντως
850 4728 943 4781 καὶ
980 4726 1388 4796 κεχρημάτικεν
1424 4728 1452 4780 ὁ
1481 4727 1628 4793 Υίὸς,
1675 4732 1768 4784 ἐπὶ
1797 4734 1897 4805 τὴν
1938 4730 2077 4804 μετὰ
2099 4723 2298 4797 σαρκὸς
2324 4718 2634 4790 οἰκονομίαν
2655 4717 2750 4788 τὴν
2775 4714 2882 4769 τῶν
2947 4715 3313 4787 θεωρημάτων
3373 4719 3576 4790 μεταῤ-

325 4825 673 4897 ῥυθμίζοντες
700 4824 948 4894 δύναμιν,
980 4821 1219 4890 συγγενῆ
1240 4839 1299 4875 τε
1323 4825 1416 4878 καὶ
1445 4828 1761 4897 συνημμένα
1785 4830 1899 4893 τοῖς
1935 4817 2447 4899 προαποδεδομένοις
2477 4815 2568 4869 καὶ
2596 4815 2663 4868 τὰ
2700 4812 2894 4882 ἐφεξῆς
2942 4812 3400 4878 ἀποδεικνύοντες.

394 4916 602 4970 Οὐκοῦν
635 4918 716 4969 ὅτι
748 4916 843 4970 καὶ
874 4915 1199 4977 ἀκούσονται
1221 4915 1320 4986 τῆς
1353 4916 1536 4987 φωνῆς
1574 4920 1737 4973 αὑτοῦ
1769 4919 1905 4973 πάν·
2002 4945 2004 4950 ·

2002 4944 2007 4951 ~
2088 4916 2257 4986 Igitur
2288 4911 2437 4964 clare
2473 4908 2794 4967 testiﬁcatus
2823 4917 2904 4961 est
2950 4914 3198 4961 mortuos
3236 4923 3425 4965 omnes
3460 4910 3580 4979 ejus

321 5025 414 5070 τες
440 5008 489 5059 οἱ
516 5008 573 5057 ὲν
622 5010 734 5066 τοῖς
777 5007 1080 5077 μνημείοις,
1128 5008 1221 5060 καὶ
1264 5007 1346 5060 ὅτι
1387 5006 1482 5060 καὶ¹
1518 5009 1903 5080 κριθησόμενοι

2010 5020 2199 5062 vocem
2228 5001 2538 5062 audituros,
2561 5008 2614 5053 et
2644 4996 2711 5051 ad
2733 4997 3003 5067 judicium
3030 5012 3408 5067 processuros.
3433 4999 3578 5066 Quo-

329 5095 1160 5167 προελεύσονταιδιεμαρτύρατο
1199 5097 1402 5166 σαφῶς.
1438 5098 1651 5169 Ἐπειδὴ
1673 5081 1739 5153 δέ
1756 5100 1905 5165 ἅπαξ

2010 5099 2155 5153 niam
2203 5103 2382 5148 autem
2419 5091 2585 5145 semel
2620 5105 2685 5145 eo
2724 5097 3018 5161 provectus
3062 5098 3147 5169 est
3190 5098 3249 5145 ut
3286 5091 3484 5146 dixerit
3522 5105 3580 5144 se

327 5188 410 5247 ci;
465 5184 554 5234 τὸν
595 5181 723 5251 περὶ
765 5183 856 5234 τοῦ
892 5186 1092 5248 κρίνειν
1135 5186 1295 5239 αὐτὸν
1323 5187 1420 5254 τὴν
1458 5187 1779 5256 οίκουμένην
1808 5189 1903 5240 ὲκ-

2009 5189 2196 5243 orbem
2246 5182 2645 5255 judicaturum,
2687 5197 2797 5236 non
2837 5182 3014 5237 solum
3050 5168 3337 5251 proﬁtetur
3389 5196 3447 5234 se
3490 5179 3581 5247 ju-

329 5274 536 5345 ϐέϐηκε
565 5271 742 5341 λόγον,
769 5272 828 5324 οὗ
864 5274 1017 5342 μόνον
1045 5277 1128 5329 ὃτι
1168 5279 1286 5331 κατ’
1315 5280 1493 5330 ἐκεῖνο
1540 5277 1754 5346 καιροῦ,
1785 5278 1905 5330 καθ’

2008 5286 2154 5330 stum
2184 5274 2426 5343 judicem
2461 5263 2586 5326 fore
2609 5286 2675 5325 eo
2709 5280 2951 5341 tempore
2973 5285 3082 5338 quo
3112 5269 3345 5323 futuram
3381 5276 3455 5319 att
3495 5281 3579 5319 rc-

328 5368 357 5420 ὃ
403 5365 623 5418 ἔσεσθαί
672 5350 805 5434 φησι
837 5363 932 5432 τὴν
962 5365 1068 5418 τῶν
1115 5368 1320 5437 νεκρῶν
1360 5367 1675 5432 ἀναϐίωσιν,
1706 5368 1907 5431 δίκαιος

2010 5367 2447 5426 surreetioncm,
2500 5378 2687 5418 verum
2745 5365 2909 5417 etiam
2959 5363 3124 5430 hujus
3168 5362 3290 5413 vitae
3335 5358 3578 5409 actiones

331 5462 482 5511 ἔσται
512 5458 704 5530 κριτὴς
727 5455 1150 5522 ἐπαγγέλλεται,
1176 5458 1311 5510 ἀλλὰ
1353 5459 1457 5528 γὰρ
1488 5458 1586 5529 ἤδη
1612 5459 1705 5512 καὶ
1745 5460 1813 5514 τὰ
1851 5463 1908 5513 ἐν

2010 5467 2159 5513 recte
2206 5473 2269 5512 ac
2317 5457 2464 5525 juste
2519 5455 2894 5523 judicaturum
2951 5456 3257 5508 continuat.
3295 5448 3577 5512 Quodnam

328 5551 467 5620 τῷδε
504 5550 579 5620 τῷ
610 5550 710 5619 βίῳ
746 5548 1047 5618 πράγματα
1091 5547 1291 5618 κρίνειν
1335 5546 1507 5610 ὀρθῶς
1551 5549 1643 5601 καὶ
1691 5547 1909 5612 δικαίως

2013 5559 2193 5603 autem
2242 5546 2599 5616 judicandum
2662 5548 2751 5611 sit,
2793 5555 2847 5600 et
2894 5546 2961 5598 de
3003 5542 3205 5611 quibus
3258 5552 3439 5593 sermo
3487 5538 3578 5601 sit,

332 5641 741 5713 διισχυρίζεται.
776 5639 840 5691 Τί
872 5639 929 5692 δὲ
966 5634 1033 5708 ἦν
1066 5638 1126 5689 τὸ
1166 5638 1498 5708 κρινόμενον,
1536 5640 1628 5692 καὶ
1656 5640 1746 5691 ἐπὶ
1770 5638 1907 5692 τίσιν

2014 5641 2234 5693 attende
2275 5638 2461 5692 modo.
2504 5637 2674 5689 Natus
2717 5646 2800 5690 est
2830 5642 3048 5704 propter
3095 5646 3197 5684 nos
3225 5645 3288 5683 ex
3320 5628 3578 5682 muliere;

336 5732 361 5782 ὁ
385 5732 559 5799 λόγος,
590 5730 751 5784 ἄκουε
786 5728 984 5786 λοιπόν·
1031 5727 1319 5799 Ἐγεννήθη
1351 5728 1414 5783 δι’
1445 5729 1590 5801 ἡμᾶς
1634 5730 1695 5781 ἐκ
1729 5745 1912 5797 γυναι.

2020 5741 2074 5785 ut
2115 5733 2260 5786 enim
2295 5730 2495 5783 Paulus
2541 5729 2613 5780 ait
2655 5746 2665 5778 :
2708 5747 2723 5777 ι
2766 5727 2883 5779 Non
2938 5722 3294 5783 apprehendit
3339 5717 3578 5789 angelos.
