4078 6262
505 350 602 413 391

1463 349 1520 404 s.
1547 346 1825 403 CYRILLl
1865 343 2336 400 ALEXANDRINI
2379 328 2699 397 AlltZHllil’.

3669 337 3776 392 3U"!

510 465 609 523 sed
661 471 847 521 semen
886 463 1137 532 Abrahae,
1177 463 1322 520 unde
1372 464 1563 520 debuit
1601 479 1700 535 per
1733 462 1918 518 omnia
1973 459 2088 515 fra-

2205 459 2310 522 ιός·
2345 458 2421 520 ὡς
2453 460 2561 530 γὰρ
2587 455 2615 506 ὁ
2642 451 2852 515 Παῦλος
2895 469 3056 522 φησιν
3077 489 3092 514 ,
3153 469 3171 500 ι
3223 449 3337 502 Οὐκ
3382 448 3629 516 ἀγγέλων
3662 449 3776 503 ἑπι-

511 557 690 612 tribus
719 555 1102 612 assimilari".
1140 575 1159 608 ι
1197 555 1335 612 Cum
1369 565 1550 612 autem
1587 555 1766 610 factus
1800 555 1873 609 sit
1901 554 2088 619 homo,

511 649 644 704 etin
671 648 817 702 servi
844 645 1042 712 forma,
1071 646 1252 704 factus
1279 662 1500 718 quoque
1531 654 1615 702 est
1650 646 1754 701 sub
1784 647 1902 717 lege
1929 645 1974 702 is
1996 644 2091 713 qui

515 739 798 811 legislator
821 747 926 804 est,
947 746 1006 793 ut
1027 738 1172 795 Deus
1190 753 1254 794 ac
1273 738 1537 795 Dominus
1559 739 1700 790 ⁷⁵³⁷⁸.
1722 736 1902 803 Quare
1925 737 2093 790 inter-

515 831 644 886 dum
677 832 948 902 loquitur,
979 840 1038 886 ut
1062 832 1156 902 qui
1188 832 1292 888 sub
1321 832 1438 902 lege
1473 838 1580 898 est,
1605 829 1877 884 interdum
1911 836 1971 881 ut
1997 826 2092 897 qui

515 939 683 994 supra
717 925 911 992 legem,
939 933 994 978 et
1015 924 1151 978 citra
1176 923 1658 994 reprehensionem
1689 921 1855 975 habet
1888 920 2093 974 utrius-

517 1030 623 1084 que
661 1015 894 1068 faciendi
927 1021 1272 1083 potestatem.
1298 1013 1531 1070 Disserit
1565 1021 1744 1068 autem
1783 1026 1930 1067 nunc
1967 1026 2092 1066 cum

515 1103 741 1169 Judaeis,
773 1114 831 1158 ut
866 1106 1003 1176 legis
1050 1112 1239 1161 custos
1277 1114 1332 1160 et
1377 1106 1563 1170 homo,
1605 1115 1666 1159 ut
1723 1104 1818 1174 qui
1874 1111 2094 1174 praeter-

517 1194 671 1264 gredi
730 1195 944 1247 nesciat
993 1194 1248 1248 mandata
1287 1193 1493 1256 divina,
1548 1193 1795 1262 nihilque
1855 1208 1920 1247 ex
1969 1206 2096 1246 scn-

519 1284 689 1336 tentia
747 1297 846 1337 sua
900 1283 1081 1338 facere
1135 1292 1320 1354 queat,
1367 1283 1514 1352 quod
1575 1299 1685 1337 non
1742 1283 1940 1337 divina
1993 1281 2096 1350 legi

519 1383 808 1441 congruat.
850 1374 1087 1446 Ideoque
1126 1375 1202 1428 ait
1245 1393 1258 1428 :
1306 1393 1324 1426 ι
1371 1375 1490 1430 Non
1515 1390 1736 1445 possum
1783 1389 1886 1444 ego
1937 1388 1968 1427 a
2011 1387 2097 1428 me

524 1467 647 1534 ipso
682 1464 862 1520 facere
892 1466 1224 1538 quidquam;
1264 1467 1410 1522 sicut
1440 1466 1628 1530 audio,
1657 1465 1865 1536 judico.
1904 1483 1923 1517 ι
1961 1465 2097 1518 Cum

520 1570 652 1608 vero
697 1555 1025 1610 testiﬁcatur
1067 1571 1177 1611 non
1227 1571 1391 1627 posse
1437 1571 1467 1609 a
1501 1557 1684 1626 seipso
1722 1554 1904 1611 facere
1939 1551 2100 1624 quid-

521 1660 708 1715 quam,
741 1647 888 1716 quod
922 1647 1112 1717 utique
1143 1662 1253 1701 non
1287 1647 1359 1701 sit
1395 1647 1559 1702 etiam
1605 1646 1711 1716 legi
1737 1643 2018 1715 placitum,
2044 1649 2100 1698 et

521 1753 581 1793 re
640 1737 885 1808 judicare
941 1738 1089 1792 sicut
1137 1738 1402 1800 audierit,
1452 1743 1776 1807 suggerente
1838 1734 2100 1790 nimirum

2189 541 2540 620 λαμϐάνεται,
2569 546 2700 600 ἀλλὰ
2747 545 3059 615 σπέρματος
3107 541 3360 611 Ἁϐραάμ
3382 559 3396 571 ·
3426 542 3547 594 ὃθεν
3579 542 3773 609 ὤφειλε

2190 640 2332 695 κατά
2362 640 2540 694 πάντα
2581 639 2694 700 τοῖς
2732 635 2980 704 ἀδελφοῖς
3007 633 3359 704 ὁμοιωθῆναι.
3401 652 3419 684 ι
3468 633 3685 702 Ἐπειδὴ
3719 633 3774 687 δὲ

2189 733 2412 801 γέγονεν
2459 728 2768 801 ἄνθρωπος,
2820 728 2912 779 καὶ
2963 727 3021 778 ὲν
3068 727 3133 795 τῇ
3167 724 3263 777 τοῦ
3312 723 3506 776 δούλου
3570 729 3773 795 μορφῇ,

2191 825 2381 895 γέγονε
2407 821 2502 875 καὶ
2534 820 2639 872 ὐπὸ
2665 821 2827 888 νόμον
2863 819 2890 870 ὁ
2929 817 3223 886 νομοθέτης
3263 816 3338 879 ὡς
3381 816 3512 878 Θεὸς
3545 817 3639 870 καὶ
3668 818 3776 870 Κύ-

2195 931 2326 986 ριος.
2358 911 2526 966 Λαλεῖ
2549 908 2836 980 τοιγαροῦν
2870 909 3002 961 ποτὲ
3035 909 3134 979 μὲν
3175 908 3250 970 ὡς
3295 907 3399 960 ὑπὸ
3425 908 3616 978 νόμον,
3649 910 3776 962 ποτὲ

2191 1005 2248 1060 δὲ
2270 1001 2336 1059 αὖ
2372 1004 2534 1058 πάλιν
2559 1002 2635 1065 ὡς
2680 1001 2821 1072 ὑπὲρ
2869 1003 3050 1072 νόμον,
3099 999 3191 1054 καὶ
3239 1001 3651 1071 ἀκατηγόρητον
3691 1002 3776 1054 ἐπ’

2193 1096 2395 1166 ἀμφοῖν
2429 1094 2540 1165 ἔχει
2577 1093 2674 1164 τὴν
2707 1091 2974 1158 ἐξουσίαν.
3025 1092 3342 1161 Διαλέγεται
3387 1093 3443 1146 δὲ
3479 1093 3602 1146 ’νυνὶ
3645 1094 3778 1163 πρὸς

2208 1185 2512 1251 Ἰουδαίους,
2561 1185 2636 1249 ὡς
2685 1183 2998 1255 νομοφύλαξ
3048 1186 3142 1238 καὶ
3193 1184 3503 1255 ἄνθρωπος,
3552 1186 3626 1247 ὼς
3679 1186 3777 1238 οὐκ

2197 1276 2352 1340 εἰδὼς
2389 1277 2746 1348 παραϐαίνειν
2797 1276 2895 1340 τὰς
2935 1277 3147 1331 ἀνωθεν
3177 1277 3489 1346 ὀρισθείσας
3538 1277 3776 1339 ἐντολάς,

2197 1371 2318 1424 οὐδὲ
2348 1370 2456 1423 ἀπὸ
2483 1369 2707 1440 γνώμης
2739 1368 2942 1431 οἰκείας
2977 1368 3299 1438 ἀνεχόμενος
3336 1386 3388 1422 τι
3427 1372 3616 1433 ποιεῖν,
3648 1370 3676 1422 ὃ
3704 1371 3779 1437 μὴ

2197 1460 2275 1531 τῷ
2304 1459 2432 1531 θείῳ
2457 1461 2606 1532 νόμῳ
2638 1461 2900 1514 συνδοκεῖ.
2931 1461 3030 1513 Διὰ
3059 1460 3216 1513 τοῦτό
3240 1478 3403 1531 φησιν
3421 1479 3432 1492 ·
3465 1480 3483 1511 ι
3521 1462 3595 1515 Οὐ
3624 1462 3790 1516 δύνα-

2203 1571 2302 1623 μαι
2343 1552 2456 1622 ἐγὼ
2499 1555 2673 1606 ποιεῖν
2715 1553 2810 1607 ἀπ’
2853 1553 3090 1623 ἐμαυτοῦ
3135 1553 3284 1606 οὐδέν
3314 1569 3326 1582 ’
3351 1552 3534 1616 καθὼς
3577 1554 3777 1614 ἀκούω.

2199 1644 2389 1715 κρίνω.
2422 1662 2440 1696 ι
2482 1643 2691 1714 Ἑαυτῷ
2737 1644 2793 1697 δὲ
2839 1644 2902 1697 τὸ
2953 1644 3027 1714 μὴ
3070 1643 3330 1698 δύνασθαί
3381 1662 3434 1697 τι
3477 1649 3651 1698 ποιεῖν
3690 1635 3784 1714 ἀφ’

2201 1733 2396 1788 ἑαυτοῦ
2428 1735 2743 1806 μαρτυρῶν,
2772 1735 2802 1788 ὃ
2831 1735 2906 1806 μὴ
2940 1735 3156 1799 πάντως
3189 1737 3305 1790 ἐστὶ
3333 1737 3427 1790 καὶ
3453 1737 3674 1806 θελητὸν
3707 1736 3780 1807 τῷ

523 1827 660 1894 lege,
709 1823 1023 1880 Iudaeorum
1072 1826 1502 1881 inobedientiam
1556 1825 1758 1896 arguit,
1803 1837 2103 1892 eorumque

2206 1824 2394 1895 νόμῳ,
2446 1825 2648 1895 κρίνειν
2693 1842 2754 1877 τε
2808 1822 2950 1877 οὕτω
3005 1825 3101 1878 καὶ
3160 1825 3399 1889 δικάζειν
3426 1831 3538 1890 τοῖς
3595 1829 3770 1897 πράγ-

524 1915 845 1987 praelractos
890 1931 1073 1972 mores
1121 1917 1337 1987 retegit.
1375 1915 1534 1987 241
1586 1914 1701 1970 Hoc
1747 1915 1895 1971 enim
1948 1921 2099 1970 recte

525 2005 872 2061 subinnuunt
927 2005 1018 2060 illa
1061 2005 1274 2060 verba:
1309 2023 1330 2056 ι
1369 2004 1490 2062 Non
1539 2019 1766 2075 possum
1809 2019 1838 2058 a
1887 2005 2098 2074 meipso

526 2097 705 2154 facere
732 2097 1053 2167 quidquam,
1092 2115 1110 2149 ι
1153 2096 1256 2151 hoc
1286 2104 1408 2152 est:
1443 2095 1554 2153 Vos
1594 2097 1719 2152 data
1757 2096 1911 2151 vobis
1941 2111 2098 2151 man-

529 2189 649 2243 data
682 2195 884 2244 temere
904 2189 1435 2259 prwtergredientes,
1475 2205 1502 2242 a
1528 2189 1703 2264 vobis
1738 2189 1872 2258 ipsis
1901 2197 2099 2244 cuncta

527 2276 707 2332 facere
737 2279 994 2352 audetisL
1012 2286 1065 2332 et
1098 2277 1165 2333 de
1195 2278 1432 2350 singulis
1458 2279 1622 2334 rebus
1660 2278 1872 2349 judicia
1899 2279 2100 2336 divinis

521 2371 698 2442 jussis
748 2374 972 2428 minime
1012 2382 1386 2428 consentanea
1434 2372 1639 2428 facitis.
1687 2372 1907 2430 Docetis
1955 2374 2100 2428 enim

527 2464 839 2517 doctrinam
875 2464 1126 2518 mandata
1173 2464 1484 2530 hominum,
1513 2476 1565 2520 et
1625 2466 1964 2520 voluntatem
2010 2481 2103 2520 ve-

529 2567 699 2612 stram
726 2549 822 2625 pro
849 2557 964 2624 lege
991 2557 1147 2611 vobis
1179 2556 1559 2627 praescribitis.
1579 2555 1841 2622 Quaenam
1871 2571 2000 2628 ergo
2034 2557 2104 2612 sit

528 2645 724 2699 horum
753 2645 1036 2698 verborum
1069 2647 1230 2710 ratio,
1258 2653 1350 2699 aut
1380 2645 1656 2715 quomodo
1687 2647 1927 2718 seipsum
1953 2648 2105 2717 justo

527 2735 862 2805 judicantem
916 2735 1208 2806 signiﬁcet,
1254 2753 1474 2791 rursum
1514 2737 1748 2792 dicetur.
1781 2737 2005 2792 Curavit
2049 2739 2106 2793 in

533 2824 776 2879 Sabbato
833 2827 1216 2897 paralyticum,
1252 2829 1512 2882 misertus
1557 2833 1641 2882 est
1691 2827 1930 2884 hominis
1981 2828 2106 2883 diu-

531 2927 688 2971 turna
725 2919 1048 2989 aegritudine
1094 2918 1421 2982 laborantis,
1455 2927 1663 2974 rectum
1710 2921 1970 2974 nimirum
2011 2920 2107 2976 bo-

531 3026 772 3081 numque
811 3012 878 3066 de
927 3012 1047 3082 ipso
1104 3011 1290 3067 ferens
1349 3011 1646 3082 judicium.
1683 3012 1919 3067 Decebat
1959 3013 2106 3067 enim

529 3105 692 3159 etiam
744 3104 798 3158 in
855 3103 1099 3159 Sabbato
1147 3104 1394 3159 misereri
1427 3104 1686 3174 jacentis,
1736 3120 1912 3174 neque
1951 3121 2109 3161 vere-

530 3199 731 3252 cundia
763 3197 985 3252 Sabbuti
1018 3197 1455 3252 misericordiam
1488 3212 1764 3262 coercere,
1792 3196 2106 3253 vanissima:

530 3291 810 3360 religionis
841 3291 1095 3344 obtentu.
1125 3288 1596 3358 Quemadmodum
1633 3298 1815 3344 autem
1855 3288 2018 3344 Pater
2051 3290 2105 3343 in

533 3381 774 3438 Sabbato
819 3397 946 3454 erga
998 3389 1280 3438 creaturas
1329 3393 1608 3452 operatur,
1641 3382 1832 3452 utique
1878 3397 1976 3451 per
2019 3381 2107 3437 Fi-

529 3476 662 3528 lium
705 3493 718 3529 :
759 3477 832 3529 ita
885 3485 939 3530 et
976 3474 1166 3530 Filius.
1222 3474 1411 3546 Neque
1447 3477 1593 3529 enim
1635 3476 1842 3545 placuit
1887 3475 2106 3530 miseri-

536 3567 725 3620 cordia
767 3581 956 3620 carere
1006 3567 1061 3620 in
1108 3566 1347 3621 Sabbato
1377 3573 1599 3636 pr0pler
1629 3564 1947 3630 Sabbatum,
1982 3581 2106 3619 cum

534 3656 700 3710 sciret
757 3654 1048 3706 Dominum
1105 3669 1230 3708 esse
1264 3651 1461 3708 Filium
1508 3653 1772 3707 hominis.
1810 3652 1929 3707 Non
1959 3654 2105 3708 enim

533 3745 698 3795 homo
730 3750 950 3810 propter
983 3738 1282 3795 Sabbatum
1321 3740 1498 3796 factus
1537 3748 1644 3806 est,
1678 3742 1772 3796 sed
1808 3742 2106 3797 Sabbatum

532 3840 758 3902 propter
797 3831 1096 3884 hominem.
1151 3830 1338 3901 Itaque
1387 3843 1600 3890 rectum
1639 3833 1857 3902 quidem
1909 3841 1994 3889 est
2044 3849 2109 3890 ac

535 3926 736 3977 tonum
789 3920 1094 3977 Salvatoris
1147 3923 1215 3988 de
1270 3923 1357 3979 his
1409 3925 1709 3995 judicium,
1742 3927 1836 3996 qui
1888 3934 2109 3996 propter

537 4012 836 4068 Sabbatum
899 4014 1332 4069 misericordiam
1381 4031 1509 4086 erga
1546 4016 1846 4087 jacentem’
1868 4031 1978 4072 non
2025 4018 2110 4072 in-

535 4104 732 4170 hibuit,
783 4104 875 4159 sed
928 4092 1074 4175 quod
1124 4104 1338 4161 ellicere
1391 4113 1625 4174 poterat,
1668 4114 1731 4161 ut
1783 4105 1949 4174 Deus,
1984 4107 2109 4164 fons

536 4193 736 4264 quippe
781 4194 1048 4250 bonitatis
1080 4203 1166 4250 est
1210 4205 1407 4250 natura
1436 4196 1646 4264 divina,
1680 4197 1812 4252 illud
1857 4199 2021 4252 etiam
2053 4200 2108 4253 in

535 4282 774 4340 Sabbato
804 4285 1081 4355 praestitit.
1112 4283 1385 4341 Judicium
1412 4296 1591 4342 autem
1618 4303 1810 4343 eorum
1839 4289 1930 4359 qui
1963 4305 2026 4344 ea
2051 4305 2111 4346 re

534 4375 953 4431 ollendebantur
1011 4384 1234 4447 propter
1283 4377 1585 4434 Sabbatum
1621 4420 1635 4446 ,
1689 4389 1854 4450 atque
1903 4379 2110 4436 idcirco

2201 1933 2386 1986 μασιν,
2419 1914 2610 1987 ὥσπερ
2675 1913 2741 1969 ἂν
2789 1915 3042 1979 ἀκούσαι,
3096 1914 3506 1987 διαγορεύοντος
3545 1916 3791 1987 δηλονότι

2195 2005 2292 2059 τοῦ
2352 2004 2564 2076 νόμου,
2637 2004 2738 2068 τὰς
2789 2005 2897 2059 τῶν
2960 2003 3229 2058 Ἰουδαίων
3319 2008 3606 2071 ἀπειθείας
3686 2006 3774 2071 EE-

2198 2097 2430 2167 ελέγχει,
2455 2096 2922 2170 κα“ι[τῶν]τρόπων
2952 2099 3129 2153 αὐτῶν
3145 2101 3454 2172 ἀπογυμνοῖ
3475 2099 3534 2152 τὸ
3556 2099 3785 2170 ὲξήνιον.

2199 2188 2368 2242 Τοῦτο
2406 2187 2514 2258 γάρ
2553 2187 2616 2259 δὴ
2643 2190 2736 2242 καὶ
2770 2189 3101 2259 ὐπεμφαίνει
3131 2191 3311 2253 καλῶς
3338 2190 3649 2260 τεθειμένον
3683 2191 3742 2244 τὸ
3765 2229 3780 2254 ,

2207 2301 2224 2334 ι
2245 2283 2319 2336 Οὐ
2349 2281 2584 2350 δύναμαι
2631 2279 2742 2350 ἐγὼ
2791 2284 2964 2334 ποιεῖν
3000 2283 3092 2335 ἀπ’
3122 2282 3360 2352 ἐμαυτοῦ
3390 2283 3560 2344 οὐδὲν,
3593 2303 3611 2335 ι
3665 2285 3787 2339 ἀντὶ

2201 2372 2316 2437 τοῦ,
2355 2372 2544 2443 Ὑμεῖς
2576 2371 2902 2439 ἀφυλάκτως
2933 2373 3032 2436 τὰς
3063 2371 3308 2434 δοθείσας
3352 2373 3480 2442 ὑμῖν
3513 2373 3789 2445 παραϐαί-

2203 2482 2384 2528 νοντες
2413 2463 2653 2530 ἐντολὰς,
2693 2465 2870 2518 πάντα
2904 2465 3162 2534 πράττειν
3195 2465 3288 2532 ἀφ’
3333 2465 3562 2528 ἑαυτῶν,
3611 2466 3692 2532 ὡς
3726 2465 3783 2531 ἐξ

2204 2557 2486 2611 ἀκινδύνου
2531 2556 2714 2610 λοιπὸν
2762 2556 3122 2628 ἐθαρσήοατε,
3172 2556 3266 2608 καὶ
3307 2556 3407 2620 τὰς
3447 2557 3531 2623 ἐφ’
3571 2557 3786 2625 ἑκάστῳ

2203 2647 2313 2701 τῶν
2341 2647 2680 2718 πραγμάτων
2715 2646 3058 2718 κρίσεις,οὐκ
3081 2646 3491 2707 ἀκολουθούσας
3520 2649 3631 2709 τοῖς
3670 2646 3787 2700 θεό-

2207 2737 2298 2792 θεν
2342 2737 2782 2808 διατεταγμένοις
2814 2739 3082 2792 ποιεῐσθαι
3115 2739 3462 2802 σπουδάζετε.
3498 2738 3788 2791 Διδάσκετε

2207 2830 2314 2902 γὰρ
2356 2830 2705 2884 διδασκαλίαν
2755 2827 3062 2901 ἐντάλματα
3105 2830 3439 2901 ἀνθρώπων,
3486 2832 3580 2885 καὶ
3627 2832 3787 2901 νόμον

2207 2920 2478 2993 ὡρίσασθε
2507 2921 2568 2974 τὸ
2594 2923 2790 2976 οἰκεῖον
2820 2922 3052 2993 θέλημα.
3080 2924 3176 2986 Τίς
3201 2920 3294 2976 οὖν
3320 2925 3347 2976 ὁ
3375 2923 3470 2992 τῆς
3497 2921 3788 2991 διασκευῆς

2207 3014 2308 3084 τῆς
2355 3014 2410 3066 ἐν
2457 3012 2632 3085 τούτῳ
2683 3015 2905 3086 τρόπος,
2952 3015 2985 3085 ἢ
3032 3014 3147 3076 πῶς
3198 3015 3388 3066 ἑαυτὸν
3433 3013 3531 3082 μὲν
3577 3014 3788 3082 εἰσάγει

2211 3104 2465 3175 κρίνοντα
2512 3104 2754 3169 δικαίως,
2806 3106 3046 3168 ἐκείνους
3089 3105 3145 3157 δὲ
3193 3104 3464 3174 οὐδαμῶς,
3508 3106 3788 3175 εἰρήσεται

2211 3197 2389 3251 πάλιν.
2444 3196 2858 3267 Τεθεράπευκεν
2907 3199 2963 3249 ἐν
3017 3197 3280 3267 Σαϐϐάτῳ
3322 3196 3414 3249 τὸν
3457 3195 3787 3266 παράλυτον,

2208 3289 2438 3360 ἠλέησεν
2473 3287 2758 3360 ἄνθρωπον
2813 3291 3052 3359 μακροὺς
3104 3291 3161 3340 ὲν
3210 3289 3479 3357 νοσήματι
3529 3286 3788 3357 κατατρί-

2208 3379 2387 3450 ψαντα
2415 3381 2659 3451 χρόνους,
2686 3379 2850 3451 ὀρθὴν
2879 3380 3118 3449 δηλονότι
3176 3381 3268 3432 καὶ
3298 3378 3504 3449 ἀγαθὴν
3533 3381 3618 3430 ἐπ’
3643 3379 3789 3447 αὐτῴ

2209 3473 2308 3543 τὴν
2341 3473 2522 3544 κρίσιν
2551 3472 2869 3541 ἐξενεγκὼν.
2908 3473 3054 3527 Ἔδει
3089 3473 3196 3543 γάρ
3224 3472 3583 3542 ὲποικτείρειν
3613 3472 3705 3524 καὶ
3733 3473 3789 3524 ἐν

2209 3564 2472 3634 Σαϐϐάτῳ
2502 3565 2590 3617 τὸν
2636 3565 2908 3633 κείμενον,
2956 3565 3048 3617 καὶ
3079 3563 3351 3616 συστεῖλαι
3390 3563 3489 3632 μὲν
3524 3562 3614 3614 τὸν
3644 3563 3790 3614 ἔλεον

2207 3653 2456 3724 οὐδαμῶς
2509 3654 2647 3706 αἰδοῖ
2697 3657 2761 3725 τῇ
2815 3653 2942 3723 περὶ
2987 3653 3047 3706 τὸ
3095 3653 3391 3720 Σάϐϐατον,
3447 3653 3789 3719 είκαιοτάτην

2209 3744 2620 3815 ἐπιτηδεύοντας
2651 3745 2749 3814 τὴν
2776 3744 3080 3798 εὐλάϐειαν.
3120 3744 3328 3814 Ὥσπερ
3354 3743 3409 3796 δὲ
3442 3745 3496 3796 ἐν
3530 3743 3792 3811 Σαϐϐάτῳ

2211 3836 2307 3890 καὶ
2339 3839 2367 3891 ὁ
2400 3837 2590 3909 Πατὴρ
2620 3837 2840 3908 ἐνεργὸς
2869 3837 2996 3907 περὶ
3021 3837 3119 3906 τὴν
3148 3836 3254 3889 τῶν
3297 3837 3612 3906 κτισμάτων
3643 3837 3791 3904 ὲνέρ-
3869 3822 3872 3823 ν

2208 3929 2362 3998 γειάν
2389 3930 2759 4002 ὲστι,πάντως
2789 3928 2844 3980 δὲ
2874 3927 2941 3979 δι’
2968 3927 3120 3994 Υίοῦ,
3147 3926 3289 3979 οὐτω
3316 3927 3406 3979 καὶ
3432 3927 3617 3988 αὐτός.
3658 3927 3790 3979 Οὐδὲ

2209 4021 2318 4094 γὰρ
2349 4021 2772 4092 ἀποστερεῖσθαι
2825 4020 2934 4072 δεῖν
2975 4021 3064 4072 τὸν
3103 4019 3250 4073 ἐλέου
3287 4019 3537 4090 δεόμενον
3567 4021 3625 4072 ἐν
3657 4021 3792 4072 Σαϐ-

2209 4115 2360 4184 ϐάτῳ
2391 4112 2478 4166 διὰ
2503 4113 2562 4166 τὸ
2593 4111 2867 4166 Σάϐϐατον
2898 4110 3242 4180 ἐδοκίμαζεν,
3279 4112 3403 4163 ἐπεὶ
3446 4111 3647 4181 Κύριον
3676 4112 3790 4181 ᾔδει

2209 4207 2298 4260 τὸν
2328 4207 2457 4260 Υίὸν
2487 4203 2582 4258 τοῦ
2613 4203 2902 4276 ἀνθρώπου
2931 4219 2944 4234 ⁸
3001 4203 3062 4255 οὐ
3101 4203 3208 4274 γὰρ
3247 4205 3275 4255 ὁ
3303 4203 3589 4281 ἀνθρωπος
3617 4203 3705 4255 διά
3734 4203 3793 4255 τὸ

2211 4299 2483 4354 Σάϐϐατον
2515 4298 2752 4366 ἐγένετο,
2783 4294 2920 4348 ἀλλά
2953 4295 3013 4347 τὸ
3039 4294 3317 4349 Σάϐϐατον
3343 4293 3431 4347 διὰ
3458 4295 3548 4347 τὸν
3579 4294 3790 4365 ἀνορω-

2211 4407 2332 4445 πον.
2385 4389 2592 4443 Οὐκοῦν
2638 4387 2771 4458 ὀρθὴ
2807 4387 2904 4458 μὲν
2937 4387 3033 4439 ἐπὶ
3060 4386 3274 4449 τούτοις
3335 4386 3430 4440 καὶ
3483 4387 3665 4457 ἀγαθὴ
3700 4384 3792 4438 τοῦ

537 4477 768 4522 mortem
794 4468 1113 4537 quaerebant
1141 4471 1260 4539 ejus
1288 4483 1318 4522 a
1349 4484 1458 4541 quo
1488 4471 1641 4526 nulla
1671 4471 1725 4525 in
1760 4487 1819 4526 re
1847 4471 2103 4526 violatum

2217 4481 2466 4550 Σωτῆρος
2494 4480 2528 4550 ἡ
2569 4479 2787 4550 κρίσις,
2835 4478 2896 4532 οὐ
2925 4478 3013 4533 διά
3043 4479 3106 4532 τὸ
3137 4478 3411 4532 Σάϐϐατον
3443 4478 3544 4548 τὴν
3589 4479 3680 4530 ἐπὶ
3717 4477 3795 4546 τῷ

535 4568 675 4618 erat.
701 4561 978 4629 quomodo
1012 4576 1121 4616 non
1150 4561 1352 4616 divinis
1386 4563 1599 4632 legibus
1660 4563 1816 4618 valde
1841 4570 2111 4634 repugnat

540 4652 838 4722 (scriptum
873 4662 958 4706 est
997 4653 1177 4706 enim:
1216 4671 1235 4705 ι
1272 4649 1622 4708 lnnocentem
1656 4661 1712 4706 et
1747 4661 1958 4706 rectum
1999 4667 2108 4708 non

536 4740 837 4796 intertlcies
862 4741 907 4774 '"
947 4761 967 4794 ι
1003 4743 1044 4811 ),
1091 4749 1145 4796 et
1189 4743 1256 4796 ab
1307 4758 1498 4798 eorum
1553 4742 1876 4800 crudelitate
1931 4747 2111 4815 pOIius

538 4847 699 4902 quam
745 4847 812 4886 ex
860 4839 1034 4887 sacris
1078 4831 1303 4888 Litteris
1335 4834 1642 4904 profectum
1681 4836 1800 4890 est?
1824 4836 1966 4892 Audi
2005 4837 2110 4891 ita-

537 4937 644 4992 que
671 4919 856 4982 Jesum
901 4924 1214 4991 emphatice
1247 4925 1518 4981 dicentem
1546 4926 1612 4980 ad
1642 4943 1738 4982 eos
1773 4930 1866 4997 qui
1892 4929 1962 4982 ob
1994 4929 2114 4998 ejus

538 5011 806 5066 bent-licia
838 5012 1215 5082 indignantur,
1247 5022 1301 5069 et
1345 5027 1535 5072 sancta
1570 5019 1691 5088 ejus
1723 5020 1978 5074 incusant
2017 5021 2111 5089 ju-

539 5102 704 5166 dicia,
747 5101 865 5156 suis
925 5102 1192 5158 duntaxat
1243 5106 1594 5172 insistentes,
1640 5109 1804 5177 idque
1854 5124 1954 5177 pro
1997 5111 2112 5180 lege

541 5195 741 5250 habent
771 5194 915 5264 quod
958 5196 1058 5249 sibi
1089 5198 1356 5266 placuerit
1383 5199 1636 5268 quamvis
1667 5199 1770 5270 legi
1802 5209 2069 5271 repugnet
2097 5219 2108 5254 :

546 5303 564 5337 ι
603 5284 719 5340 Non
741 5302 964 5356 possum
996 5302 1096 5356 ego
1123 5303 1150 5340 a
1177 5289 1386 5357 meipso
1419 5290 1596 5344 facere
1623 5291 1940 5362 quidquam,
1968 5311 1986 5344 ι
2012 5294 2113 5347 hoc

539 5385 641 5441 est,
676 5377 832 5447 jux'ta
878 5379 1052 5450 legem
1103 5379 1399 5436 Mosaicam
1453 5391 1654 5437 cuncta
1707 5383 1872 5452 facio,
1902 5384 2038 5440 nihil
2083 5399 2114 5437 a

539 5468 752 5536 meipso
803 5468 983 5526 facere
1048 5487 1308 5542 possum;
1350 5492 1368 5524 ι
1411 5474 1556 5528 sicut
1605 5474 1799 5542 audio,
1836 5475 2046 5545 judico.
2089 5495 2107 5527 ι

539 5551 679 5620 Quid
708 5559 854 5614 enim
902 5562 983 5617 lex
1025 5564 1126 5618 sibi
1155 5564 1268 5618 vult
1297 5581 1308 5616 :
1348 5583 1365 5616 ι
1403 5563 1520 5620 Non
1555 5566 1795 5636 accipies
1824 5582 2114 5637 personam

2217 4573 2454 4643 κειμένῳ
2504 4571 2914 4642 φιλανθρωπίαν
2961 4571 3445 4638 ἀποκωλύσαντος,
3500 4571 3615 4652 ἀλλ’
3657 4571 3794 4642 ὅπερ

2217 4657 2356 4716 οἶδεν
2383 4663 2458 4726 ὡς
2487 4663 2618 4727 Θεὸς
2646 4664 2887 4736 ἐνεργεῖν
2922 4663 3095 4734 (πηγὴ
3120 4664 3229 4733 γὰρ
3251 4663 3583 4733 ἀγαθότητος
3612 4665 3647 4735 ὴ
3675 4662 3794 4716 θεία

2219 4752 2378 4820 φύσις
2408 4752 2568 4821 ἐστὶ),
2602 4751 2757 4805 τοῦτο
2783 4757 2877 4807 καὶ
2909 4754 2966 4806 ὲν
2994 4752 3254 4823 Σαϐϐάτῳ
3280 4754 3706 4823 ποιήσαντος.Ἡ
3737 4751 3791 4806 δέ

2217 4856 2280 4907 γε
2317 4839 2498 4909 κρίσις
2532 4841 2564 4909 ἡ
2601 4841 2688 4893 ἐπ’
2712 4841 2860 4911 αὐτῷ
2893 4843 3244 4912 λυπουμένων
3277 4841 3366 4894 διὰ
3393 4842 3454 4894 τὸ
3497 4841 3792 4904 Σάϐϐατον,

2216 4927 2311 4981 καὶ
2337 4928 2423 4980 διὰ
2444 4927 2598 4980 τοῦτο
2627 4928 2907 4997 φονώντων
2938 4931 3079 4983 κατὰ
3097 4929 3192 4983 τοῦ
3219 4931 3384 5000 μηδὲν
3415 4930 3792 5001 ἀδικήσαντος,

2217 5017 2333 5081 πῶς
2377 5018 2438 5070 οὐ
2472 5017 2590 5072 λίαν
2629 5021 2745 5072 ἐστὶ
2788 5024 2902 5084 τοῖς
2947 5022 3046 5091 μὲν
3078 5021 3241 5085 θείοις
3274 5021 3553 5094 ἀπᾴδουσα
3613 5023 3792 5092 νόμοις

2218 5107 2548 5179 (γέγραπται
2599 5110 2745 5179 γάρ’
2790 5129 2808 5162 ι
2862 5110 3060 5163 Ἀθῶον
3107 5111 3201 5164 καὶ
3249 5109 3453 5164 δίκαιον
3511 5111 3612 5163 οὐκ
3660 5113 3795 5163 ἀποο

2214 5202 2418 5262 κτενεῖς
2448 5199 2517 5268 ι),
2566 5200 2623 5266 ἐξ
2668 5200 2952 5278 ὠμότητος.
2993 5201 3047 5253 δὲ
3098 5200 3294 5268 μᾶλλον
3324 5201 3422 5270 τῆς
3467 5202 3560 5254 ἀπ’
3592 5201 3790 5263 αὐτῶν,

2215 5288 2308 5341 καὶ
2343 5289 2443 5342 οὐκ
2475 5289 2538 5342 ὲκ
2570 5289 2676 5342 τῶν
2711 5289 2868 5360 ἱερῶν
2895 5290 3182 5361 ηὑρημένη
3214 5289 3590 5360 Γραμμάτων;
3627 5292 3792 5361 Δέχου

2215 5379 2392 5432 τοίνυν
2424 5380 2516 5433 τὸν
2547 5381 2640 5432 ἐπὶ
2675 5379 2882 5443 τούτοις
2917 5382 3032 5452 μετ’
3058 5382 3348 5450 ἐμφάσεώς
3393 5399 3537 5446 τινος
3566 5382 3793 5450 λέγοντα

2215 5472 2305 5524 τὸν
2345 5471 2550 5540 Ἰησοῦν
2595 5474 2729 5543 πρὸς
2775 5475 2900 5538 τούς
2952 5474 3036 5544 ἐφ’
3085 5469 3166 5538 οἷς
3217 5475 3494 5545 εὐεργετεῖ
3535 5474 3792 5544 χαλεπαί-

2217 5579 2425 5628 νοντας,
2462 5562 2556 5616 καὶ
2589 5566 2698 5626 τοῖς
2734 5563 2829 5633 μὲν
2863 5565 3028 5628 ὁσίοις
3058 5565 3221 5618 αὐτοῦ
3262 5565 3525 5635 κρίμασιν
3565 5564 3794 5633 ἐπισκή-

608 5726 656 5760 ’δ
699 5727 859 5788 Hebr.
895 5750 969 5804 ll,
1009 5737 1092 5795 16.
1170 5740 1290 5773 ⁷³³⁸
1325 5738 1560 5812 Philipp.
1587 5753 1656 5809 1|,
1687 5739 1756 5809 7;
1797 5739 1972 5795 Galat.
2008 5755 2081 5806 IV:

2243 5742 2286 5772 ’⁷
2327 5740 2495 5797 Exod.
2532 5758 2681 5810 χχιιι,
2723 5743 2794 5808 7;
2831 5743 2966 5799 Dan.
3005 5761 3123 5812 xm,
3156 5744 3244 5800 55.
