4078 6262
313 331 422 393 2593

1374 334 1441 388 IN
1472 336 1754 394 JOANNIS
1795 341 2235 405 EVANGELIUM
2274 349 2401 406 LIB.
2443 354 2508 409 Π.

3462 367 3563 425 394

317 468 574 518 πτοντας,
617 452 1049 517 ἀκολουθοῦντας
1090 453 1147 506 δὲ
1182 453 1363 523 μόνοις
1388 458 1501 518 τοῖς
1533 456 1762 523 ἑαυτῶν,
1805 476 1868 513 κα

2002 463 2055 517 in
2105 463 2337 533 judicio,
2384 470 2646 540 quoniam
2694 470 2965 540 judicium
3015 472 3108 529 Dei
3157 440 3259 530 est.
3287 477 3352 534 ⁷⁸.
3397 497 3417 531 ι
3454 482 3562 538 Cur

318 545 379 598 τὸ
405 544 568 609 δόξαν
592 544 739 614 ἔχειν
767 543 944 616 ὀρθῶς
968 545 1130 615 νόμον
1171 544 1358 616 ὥσπερ
1387 546 1756 618 ὁριζομένους.
1792 551 1896 606 κᾶν

319 636 503 711 ἀπᾲδῃ
528 635 607 706 τῷ
632 635 802 706 νόμῳ’
847 653 866 687 ι
916 636 991 688 Οὐ
1017 636 1250 706 δύναμαι
1278 636 1390 705 ἐγὼ
1411 641 1583 692 ποιεῖν
1606 641 1702 694 ἀπ’
1725 642 1895 711 ἐμαυ-

319 710 418 780 τοῦ
447 727 621 792 οὐδὲν,
667 746 684 777 ι
736 726 855 779 ἀντὶ
900 726 1019 789 τοῦ,
1055 727 1244 781 Πάντα
1283 726 1427 781 κατά
1455 730 1618 800 νόμον
1647 710 1893 802 πράττω,

322 817 415 872 τὸν
439 818 723 888 ὁρισθέντα
750 816 839 871 διὰ
861 817 1136 885 Μωσέως,
1163 818 1312 871 οὐδὲν
1330 820 1428 872 ἀπ’
1459 820 1696 889 ἐμαυτοῦ
1722 823 1895 877 ποιεῖν

321 908 605 977 ἀνέχομαι,
652 926 671 960 ι
694 907 875 971 καθὼς
921 906 1125 973 ἀκούω,
1156 909 1345 978 κρίνω.
1382 925 1402 961 ι
1455 908 1520 961 Τί
1546 909 1653 980 γὰρ
1674 914 1704 965 6
1734 913 1894 984 νόμος

321 998 567 1067 βούλεται
586 1015 602 1063 ;
625 1016 645 1049 ι
670 1000 744 1052 Οὐ
768 998 916 1070 λήψῃ
938 998 1232 1069 πρόσωπον
1255 999 1314 1051 ὲν
1336 999 1535 1070 κρίσει,
1556 1001 1637 1055 ὅτι
1661 1004 1694 1073 ἡ
1713 1005 1894 1075 κρίσις

317 1088 408 1142 τοῦ
433 1089 569 1143 Θεσῦ
596 1092 736 1144 ἐστι.
767 1108 786 1143 ο
830 1090 896 1143 Τί
932 1089 1026 1143 νῦν
1054 1090 1179 1159 ἐμοὶ
1211 1088 1425 1159 χολᾶτε,
1457 1092 1642 1162 φησὶν,
1667 1094 1747 1147 ὅτι
1773 1096 1892 1151 ὅλον

314 1178 597 1250 ἄνθρωπον
620 1180 749 1249 ὑγιῆ
779 1178 1008 1249 ἐποίησα
1036 1179 1095 1231 ὲν
1126 1178 1411 1250 Σαϐϐάτῳ,
1438 1181 1642 1236 Μωσέα
1668 1184 1741 1253 μὴ
1773 1186 1893 1255 κρί-

312 1283 511 1332 νοντες,
544 1269 635 1323 καὶ
656 1271 714 1322 έν
738 1268 1456 1338 Σαϐϐάτῳ¹περιτέμνεσθαι
1482 1270 1595 1324 δεῖν
1621 1273 1688 1325 τὰ
1716 1273 1890 1353 βρέφη

314 1357 736 1430 διαταξάμενον;
790 1378 810 1411 ι
839 1358 933 1429 Μὴ
978 1359 1194 1429 κρίνετε
1244 1361 1367 1413 κατ’
1421 1360 1564 1430 ὄψιν,
1612 1362 1749 1416 ἀλλὰ
1791 1364 1890 1435 τὴν

313 1444 524 1500 δικαίαν
548 1449 729 1519 κρίσιν
756 1448 990 1519 κρίνετε.
1019 1465 1040 1499 ι
1083 1447 1147 1501 Εἰ
1176 1448 1475 1521 περιτομὴν
1502 1450 1766 1522 λαμϐάνει
1796 1453 1890 1508 ἄν·

312 1536 529 1608 θρωπος
564 1542 622 1593 ὲν
653 1539 937 1609 Σαϐϐάτῳ,
969 1539 1059 1592 ἵνα
1084 1538 1161 1608 μὴ
1193 1538 1328 1611 λυθῇ
1361 1542 1390 1593 6
1420 1541 1582 1611 νόμος
1624 1544 1886 1610 Μωσέως,

309 1627 729 1698 ἀπερισκέπτως
783 1628 1079 1698 ἀσχάλλετε
1132 1626 1603 1700 τεθεραπευμένον
1659 1634 1780 1686 ὅλον
1828 1635 1887 1689 ὲν

1996 553 2125 607 mibi
2182 570 2334 611 nunc
2361 558 2549 627 itaque
2595 562 2957 628 suoccnsetis,
2992 564 3191 633 inquit,
3228 565 3356 635 quia
3392 574 3563 625 totum

1994 642 2156 716 242
2204 645 2479 703 hominem
2525 650 2582 704 in
2631 648 2875 708 Sabbato
2917 656 3127 721 curavi,
3163 670 3288 711 cum
3321 657 3563 730 Moysem

1994 748 2103 789 non
2154 738 2568 807 reprehendatis
2623 743 2717 813 qui
2772 744 2939 813 jussit
2992 744 3233 803 infantes
3287 749 3451 804 etiam
3508 751 3564 807 in

1995 824 2236 882 Sabbato
2277 828 2634 888 circumcidi?
2670 852 2688 884 ι
2726 833 2906 891 Nolite
2961 836 3211 905 judicare
3258 841 3561 896 secundum

1994 914 2222 981 faciem,
2259 919 2586 990 sedjustum
2615 924 2883 993 judicium
2937 927 3262 997 judicate".
3303 951 3322 985 ι
3360 931 3416 986 Si
3452 933 3566 988 cir-

1993 1010 2326 1064 cumciditur
2356 1012 2521 1067 homo
2558 1014 2612 1068 in
2646 1015 2910 1081 Sabbato,
2941 1034 3010 1073 ne
3044 1018 3281 1076 Mosaica
3331 1022 3417 1078 lex
3448 1025 3562 1080 sol-

1995 1108 2174 1165 vatur,
2196 1110 2405 1161 temere
2443 1107 2869 1175 excandescitis,
2896 1111 3042 1180 quod
3076 1119 3250 1167 totum
3285 1114 3561 1172 hominem

1994 1187 2048 1244 in
2080 1191 2323 1248 Sabbato
2356 1205 2606 1252 curatum
2638 1199 2893 1256 videatis.
2920 1200 3261 1275 Quapropter
3294 1221 3395 1277 ego
3414 1206 3563 1277 justo

1991 1280 2209 1349 quidem
2232 1283 2499 1352 judicavi,
2531 1303 2628 1343 vos
2651 1305 2784 1345 vero
2807 1306 2918 1347 non
2951 1296 3080 1349 item
3111 1310 3126 1348 :
3154 1297 3334 1351 omnia
3360 1300 3563 1370 quippe

1990 1383 2022 1422 a
2046 1371 2201 1426 vobis
2225 1366 2427 1431 facitis.
2472 1397 2490 1428 ι
2528 1377 2639 1449 Ego
2670 1395 2779 1435 non
2812 1396 3034 1451 possum
3071 1399 3102 1437 a
3137 1387 3346 1457 meipso
3378 1366 3562 1445 Iacere
3633 1385 3639 1390 ’

1991 1460 2292 1545 quidquam
2328 1484 2342 1518 :
2379 1467 2519 1523 sicut
2551 1470 2715 1525 audio
2742 1471 2956 1541 judico,
2988 1485 3041 1530 et
3063 1475 3331 1545 judicium
3377 1495 3561 1535 meum

1985 1543 2193 1612 justum
2250 1557 2354 1604 est.
2385 1552 2503 1606 Non
2566 1558 2712 1611 enim
2748 1575 2934 1629 quaero
2979 1543 3314 1620 voluntatem
3359 1583 3560 1629 meam.

1988 1634 2152 1690 sicuti
2184 1653 2301 1703 vos,
2322 1642 2415 1696 sed
2449 1644 2570 1712 ejus
2596 1648 2689 1716 qui
2724 1650 2871 1705 misit
2902 1666 2988 1708 me
3019 1650 3252 1710 Patris.»
3293 1657 3427 1722 Quis
3461 1673 3561 1712 au-

307 1718 577 1789 Σαϐϐάτῳ
602 1718 883 1789 θεώμενοι.
913 1716 1121 1772 Οὐκοῦν
1148 1718 1259 1788 ἐγὼ
1298 1721 1394 1790 μὲν
1427 1720 1616 1793 ἔκρινα
1633 1723 1868 1788 δικαίως.

1987 1732 2091 1779 tem
2143 1728 2340 1785 modus
2370 1732 2675 1801 missionis,
2704 1744 2759 1792 et
2797 1754 2918 1809 qua:
2948 1741 3089 1796 ratio
3124 1744 3194 1797 sit
3227 1758 3325 1797 cur
3355 1746 3561 1801 missus

308 1809 469 1878 ὑμεῖς
513 1810 571 1863 δὲ
613 1810 828 1863 οὐκέτισ
887 1810 1063 1865 πάντα
1116 1809 1224 1883 γάρ
1270 1813 1363 1880 ἀφ’
1403 1812 1612 1866 ἑαυτῶν
1654 1818 1876 1870 ποιεῖτε.

309 1919 329 1950 ι
364 1899 507 1969 Ἐγὼ
542 1901 604 1954 οὐ
632 1901 865 1971 δύναμαι
897 1903 1068 1956 ποιεῖν
1095 1903 1190 1956 ἀπ’
1219 1902 1457 1971 ἐμαυτοῦ
1488 1903 1663 1957 οὐδέν·
1699 1904 1876 1969 καθὼς

302 1991 522 2058 ἀκούω,
560 1992 752 2063 κρίνω,
804 1994 898 2046 καὶ
940 1994 976 2062 ἡ
1028 1992 1206 2063 κρίσις
1244 1994 1279 2062 ἡ
1321 1991 1429 2062 ἐμὴ
1475 1992 1657 2049 δικαία
1702 1995 1871 2049 ἐστίν.

299 2084 377 2137 Οὐ
410 2084 517 2155 γὰρ
544 2083 691 2153 ζητῶ
715 2084 774 2138 τὸ
809 2084 941 2155 ἐμὸν
966 2083 1195 2155 Θέλημα,
1241 2084 1492 2155 καθάπερ
1526 2087 1706 2155 ὑμεῖς,
1743 2087 1880 2142 ἀλλὰ

1984 1814 2218 1881 dicatur,
2242 1834 2367 1873 cum
2399 1822 2646 1890 pluribus
2674 1835 2834 1882 antea
2863 1829 3181 1896 dixerimus,
3214 1833 3303 1887 hic
3337 1842 3558 1902 praeter-
3630 1818 3647 1831 ’

1984 1906 2299 1975 mittemus;
2326 1923 2703 1971 verumtamen
2727 1916 3128 1976 observandum
3156 1931 3242 1978 est
3264 1924 3556 1994 imprimis,

1982 1993 2172 2087 Deiac
2216 1997 2396 2057 Patris
2432 2004 2714 2061 voluntate
2762 2006 2935 2078 legem
2982 2011 3075 2066 bic
3120 2013 3190 2068 ab
3225 2029 3291 2069 eo
3344 1993 3555 2087 signiﬁ-

1985 2101 2122 2143 carl.

296 2178 359 2231 τὸ
395 2178 490 2232 τοῦ
523 2178 840 2248 πέμψαντός
871 2195 940 2247 με
970 2179 1205 2248 Πατρός.
1242 2198 1261 2230 ι
1306 2179 1399 2241 Τίς
1433 2178 1492 2232 δὲ
1530 2180 1560 2231 6
1606 2181 1806 2248 τρόπος
1848 2182 1947 2253 τῆς
1986 2183 2311 2256 ἀποστολῆς,
2366 2189 2461 2242 ³ιαί¹
2492 2191 2521 2242 6
2549 2191 2641 2246 τοῦ
2673 2193 2990 2264 πεπέμφθαι
3034 2196 3213 2266 λόγος,
3235 2201 3321 2254 διὰ
3350 2203 3563 2259 πολλῶν

293 2267 398 2338 ἤδη
431 2268 693 2338 πρότερον
738 2269 1040 2341 εἰρηκότες,
1084 2268 1145 2321 τὸ
1178 2269 1356 2336 λέγειν
1390 2268 1468 2324 ἔτι
1516 2272 1643 2342 περὶ
1675 2271 1879 2328 τούτων
1911 2276 2252 2348 παρήσομεν.
2298 2278 2443 2352 Πλὴν
2475 2284 2650 2339 έκεῖνο
2676 2286 2965 2357 χρησίμως
3031 2288 3410 2361 ἐπιτηρητέον,
3476 2296 3555 2351 ὅτι

298 2359 520 2429 θέλημα
549 2360 641 2413 τοῦ
669 2359 804 2414 Θεοῦ
835 2362 927 2416 καὶ
956 2360 1168 2432 Πατρὺς
1197 2362 1288 2415 τὸν
1328 2362 1492 2433 νόμον
1524 2358 1664 2417 εἷναί
1697 2383 1880 2437 φησιν.

378 2452 518 2506 Ἐὰν
551 2452 666 2522 ἐγὼ
695 2454 974 2523 μαρτυρῶ
1017 2456 1150 2522 περὶ
1178 2454 1465 2524 ἐμαυτοῦ,
1506 2455 1569 2523 ἡ·
1583 2458 1868 2526 μαρτυρία

2052 2453 2227 2521 v.31,
2251 2455 2343 2511 52.
2368 2456 2427 2513 Si
2448 2475 2541 2530 ego
2574 2461 2930 2516 testimonium
2951 2463 3195 2532 perhibeo
3226 2465 3291 2520 de
3325 2469 3553 2536 meipso.

284 2561 409 2613 μου
440 2546 550 2598 οὐκ
572 2545 741 2599 ἐστιν
759 2546 1015 2614 ἀληθής.
1050 2548 1267 2615 Ἀλλρς
1300 2547 1471 2601 ἐστὶν
1500 2551 1533 2603 ό
1559 2550 1868 2619 μαρτυρῶν

1984 2548 2343 2603 testimonium
2378 2567 2547 2603 meum
2582 2569 2685 2606 non
2714 2563 2791 2608 est
2824 2571 3022 2611 verum.
3047 2554 3197 2611 Alius
3234 2566 3312 2611 est
3344 2560 3434 2629 qui
3481 2569 3549 2615 te-

286 2634 428 2703 περὶ
459 2635 626 2704 ἐμοῦ,
658 2637 758 2690 καί
792 2635 927 2691 οἰδα
954 2638 1041 2691 ὅτι
1065 2637 1298 2705 ἀληθής
1321 2639 1492 2694 ἐστιν
1524 2642 1562 2710 ἠ
1583 2643 1868 2711 μαρτυρία

1981 2638 2289 2691 stimonium
2331 2640 2566 2708 perhibet
2615 2642 2680 2696 de
2710 2660 2790 2698 me
2820 2661 2838 2698 :
2870 2657 2920 2699 et
2943 2648 3054 2701 scio
3090 2648 3216 2717 quia
3262 2664 3440 2704 verum
3477 2663 3552 2706 est

284 2722 370 2791 ἢν
401 2727 691 2795 μαρτυρεῖ
726 2727 868 2801 περί-
891 2729 1056 2797 ἐμοῦ.

1982 2730 2337 2784 testimonium
2366 2732 2502 2800 quod
2538 2733 2769 2801 perhibet
2789 2736 2854 2789 de
2886 2754 2985 2792 me.

376 2816 434 2869 '0
467 2818 773 2885 σοφώτατος
823 2796 1097 2890 Σολομὼν,
1144 2819 1213 2873 τὰ
1242 2821 1327 2890 ἐφ’
1356 2815 1548 2894 οἷσπερ
1581 2823 1645 2876 ἄν
1670 2840 1751 2887 τις
1781 2823 1868 2877 καὶ

2052 2818 2507 2889 Sapientissimus
2543 2823 2829 2890 Salomon,
2850 2841 2914 2881 ea
2948 2829 3215 2900 colligens
3246 2848 3311 2889 ex
3352 2839 3551 2907 quibus

285 2906 443 2977 μάλα
487 2908 711 2972 εἰκότως
744 2910 1176 2980 ὲπισεμνύνοιτο,
1232 2912 1326 2966 καὶ
1374 2912 1734 2982 ἀξιοζήλωτον
1780 2914 1868 2966 τὸν

1978 2908 2192 2963 laudem
2230 2909 2334 2964 sibi
2385 2911 2619 2980 quisque
2654 2927 2850 2981 parare
2897 2922 2951 2970 et
2998 2932 3181 2973 mores
3231 2906 3553 2981 suosrecte

281 3001 491 3050 οἰκεῖον
537 2999 825 3069 ἀποφαίνει
878 3003 1113 3072 τρόπον,
1166 3002 1437 3072 συλλέγων
1510 3021 1568 3056 τε
1614 3003 1732 3074 ἅμα
1781 3006 1868 3059 καὶ

1976 2999 2364 3055 commendare
2410 3002 2606 3072 possit,
2649 3018 2822 3073 eaque
2879 3007 3037 3063 bonis
3093 3008 3160 3063 ad
3225 3011 3553 3072 discendum

278 3089 568 3158 προτιθεὶς
598 3092 709 3153 τοῖς
757 3092 1182 3164 ὲπιεικεστέροις
1224 3096 1306 3159 εἰς
1346 3094 1408 3146 τὸ
1444 3093 1636 3164 μαθεῖν
1663 3134 1678 3158 ,
1735 3113 1754 3145 ι
1785 3094 1873 3148 Δί-

275 3193 463 3242 καιος,
488 3179 641 3247 φησὶ,
669 3181 973 3252 κατήγορος
999 3184 1193 3237 ἑαυτοῦ
1225 3184 1283 3238 ὲν
1310 3183 1670 3256 πρωτολογίᾳ.
1705 3204 1723 3236 ι
1759 3185 1871 3239 Καὶ

273 3268 450 3322 πάλιν
485 3287 498 3301 ·
541 3288 559 3321 ι
602 3271 1028 3343 Ἐγκωμιαζέτω
1063 3291 1123 3328 σε
1151 3276 1180 3328 6
1217 3276 1408 3339 πέλας,
1453 3277 1546 3329 καὶ
1585 3276 1744 3347 μὴτὸ
1778 3277 1870 3331 σὺν

271 3361 463 3431 στόμα
490 3380 504 3393 ·
552 3362 848 3434 ἀλλότριος,
900 3367 995 3418 καὶ
1021 3367 1095 3437 μὴ
1122 3367 1190 3421 τὰ
1221 3369 1290 3422 σά
1314 3367 1487 3438 χείλη.
1514 3386 1533 3419 ι
1577 3367 1732 3421 Ἔστι
1761 3369 1867 3440 γὰρ

269 3454 453 3518 ὅντως
483 3455 755 3524 φορτικὸν,
805 3455 899 3508 καὶ
945 3457 1133 3527 χρῆμα
1180 3459 1292 3522 τοῖς
1336 3459 1707 3530 ἀκροωμένοις
1738 3461 1865 3513 δυσ-

268 3544 669 3614 φορητότατον,
689 3545 750 3598 τὸ
776 3546 849 3616 μὴ
874 3546 960 3600 διὰ
971 3548 1070 3616 τῆς
1092 3547 1294 3619 ἑτέρων
1318 3549 1655 3603 ἐπαινεῖσθαι
1682 3550 1866 3619 φωνῆς

264 3634 536 3703 ἐθελῆσαί
565 3651 735 3700 τινας,
765 3635 878 3689 ἀλλ’
909 3638 1120 3700 ἑαυτοῖς
1149 3638 1344 3710 ἀνέδην
1373 3640 1764 3713 ἐπιμαρτυρεῖν
1795 3644 1865 3696 τὰ

266 3723 543 3778 κάλλιστα
584 3725 676 3778 καὶ
719 3725 991 3796 ἐξαίρετα.
1052 3727 1354 3782 Ἀπιστοῖτο
1394 3729 1439 3806 δ”
1486 3729 1553 3783 ἂν
1583 3730 1804 3795 εἰκότως
1832 3734 1860 3785 6

264 3811 519 3874 τοιοῦτος
550 3811 725 3880 λόγος.
758 3814 1089 3886 Πεφύκαμεν
1116 3815 1222 3887 γὰρ
1248 3816 1398 3870 ὥσπε
1410 3835 1440 3887 ρ
1471 3818 1582 3870 τισὶ
1613 3822 1857 3888 φυσικοῖς

263 3918 328 3953 τε
374 3902 467 3954 καὶ
494 3903 812 3972 ἀναγκαίοις
852 3905 1133 3974 φιλαυτίας
1163 3906 1343 3971 ὁλκοῖς
1378 3907 1661 3961 καλεῖσθαι
1696 3926 1863 3962 σπου-

262 3991 438 4055 δαίως
488 3996 569 4056 είς
599 3995 685 4059 τὺ,
724 3994 925 4063 φαῦλον
957 3995 1056 4065 μὲν
1091 3997 1302 4059 ἑαυτοῖς
1331 3998 1656 4068 ἐπιγράφειν
1689 4000 1857 4062 οὐδὲν,

262 4081 363 4133 ἀεὶ
393 4081 447 4133 δὲ
494 4082 850 4150 περιτιθέναι,
884 4085 978 4137 καὶ
1018 4085 1076 4137 οὐ
1119 4085 1335 4150 πάντως
1372 4085 1758 4157 ἀληθεύοντας,
1793 4087 1862 4141 τὰ

263 4168 360 4236 ἐφ’
383 4164 462 4231 οἷς
495 4169 559 4222 ἂν
587 4170 766 4239 οἴηταί
791 4189 873 4235 τις
915 4173 1140 4242 ὁρᾶσθαι
1172 4175 1397 4245 κόσμιός
1422 4194 1481 4230 τε
1517 4178 1610 4231 καὶ
1635 4177 1856 4241 ἀγαθός.

279 4259 509 4327 Ἐπειδὴ
563 4260 744 4312 τοίνυν
794 4263 822 4313 ὁ
875 4262 1077 4331 Κύριος
1139 4265 1294 4336 ἡμῶν
1358 4267 1563 4337 Ἰησοῦς
1625 4268 1858 4340 Χριστὸς

1974 3108 2290 3164 proponens
2333 3112 2347 3149 :
2385 3115 2403 3146 ι
2451 3093 2665 3162 Justus,
2695 3096 2891 3166 inquit,
2917 3100 3011 3154 “sui
3052 3101 3224 3170 ipsius
3258 3119 3553 3163 accusator

1970 3192 2054 3240 est
2082 3185 2134 3238 in
2166 3185 2438 3256 principio
2470 3188 2741 3242 sermonis
2760 3185 2862 3244 ⁸ο.»
2891 3189 3021 3244 Item
3060 3209 3073 3245 :
3109 3211 3128 3244 ι
3156 3191 3362 3250 Laudet
3386 3205 3439 3253 te
3472 3201 3551 3253 vi-

1969 3259 2149 3340 cinu's,
2203 3282 2258 3330 et
2311 3290 2421 3329 non
2473 3290 2536 3331 os
2590 3282 2744 3330 tuum
2779 3294 2793 3330 :
2825 3278 3057 3346 alienus,
3119 3291 3174 3335 et
3226 3298 3337 3338 non
3402 3286 3545 3341 labia

1967 3370 2061 3419 tua
2081 3364 2149 3417 εί.
2188 3384 2207 3414 ι
2243 3361 2442 3420 Gravis
2472 3364 2619 3419 enim
2649 3368 2898 3435 profecto
2929 3369 3296 3437 auditoribus,
3331 3388 3394 3429 ac
3422 3391 3545 3445 per-

1967 3457 2198 3511 molesta
2234 3471 2324 3510 res
2351 3463 2455 3520 est,
2482 3469 2605 3510 cum
2636 3470 2694 3512 se
2725 3457 2947 3526 quidam
2982 3460 3217 3516 aliorum
3244 3479 3379 3520 voce
3429 3467 3545 3521 lau-

1967 3545 2082 3600 dari
2130 3546 2348 3612 nolunt,
2378 3546 2475 3601 sed
2528 3546 2729 3601 eximia
2774 3561 3008 3618 qumque
3047 3551 3393 3620 impudenter
3441 3554 3544 3610 sibi

1967 3641 2246 3703 arrogant.
2289 3633 2393 3690 Sed
2431 3636 2615 3690 minus
2646 3651 2772 3690 vera
2800 3636 2974 3692 videri
2999 3649 3191 3709 ,potest
3224 3642 3538 3699 istiusmodi

1964 3725 2163 3779 oratio.
2212 3722 2466 3780 Solemus
2510 3725 2656 3780 enim
2713 3727 3061 3782 naturalibus
3112 3744 3178 3784 ac
3214 3734 3544 3788 necessariis

1962 3816 2130 3871 veluti
2160 3814 2489 3886 quibusdam
2520 3816 2729 3887 proprii
2785 3820 2991 3875 amoris
3022 3821 3249 3876 funibus
3282 3823 3446 3885 trahi,
3482 3835 3541 3877 ut

1962 3905 2099 3958 nihil
2131 3906 2283 3975 pravi
2318 3905 2477 3960 nobis
2529 3906 2809 3961 ascribere
2839 3908 3094 3973 velimus,
3121 3909 3216 3962 sed
3247 3926 3310 3964 ea
3357 3913 3539 3980 potius

1961 3998 2212 4064 quamvis
2234 3995 2370 4052 falso
2389 4011 2709 4067 arrogemus
2732 3997 2934 4067 quibus
2952 4000 3108 4069 probi
3130 4000 3457 4071 honestique
3468 4004 3541 4056 vi-

1961 4086 2212 4141 dcamur.
2238 4087 2506 4153 Quoniam
2530 4104 2661 4157 ergo
2678 4088 2947 4145 Dominus
2975 4097 3163 4145 noster
3181 4090 3342 4146 Jesus
3389 4093 3542 4148 Chri-

1962 4185 2080 4232 stus
2114 4178 2323 4246 justum
2345 4178 2617 4245 judicium
2636 4179 2742 4232 sibi
2773 4180 3188 4250 tribuit,aperlc
3209 4180 3394 4237 dicens
3426 4198 3537 4239 non

1963 4283 2122 4337 posse
2172 4282 2201 4321 a
2254 4269 2438 4339 seipso
2489 4268 2669 4325 facere
2699 4272 3021 4341 quidquam,
3053 4273 3147 4328 sed
3189 4274 3244 4326 in
3280 4275 3537 4333 omnibus

265 4344 454 4413 ἐαυτῷ
480 4346 539 4398 τὸ
563 4346 632 4398 τὰ
658 4346 842 4401 δίκαια
871 4351 1072 4420 κρίνειν
1092 4353 1474 4425 ἐπεψηφίζετο,
1502 4356 1576 4428 μὴ
1597 4338 1856 4411 δύνασθαί

1972 4360 2122 4416 rebus
2166 4338 2393 4430 agendis
2436 4361 2529 4417 Dei
2580 4338 2918 4419 voluntatem
2974 4372 3232 4436 tanquam
3288 4370 3533 4438 regulam

264 4452 321 4485 τι
354 4433 486 4503 δρᾷν
507 4435 597 4503 ἀφ’
620 4436 812 4488 ἑαυτοῦ
836 4437 1130 4511 διαρρήδην
1151 4443 1339 4506 εἰπὼν,
1362 4447 1563 4501 κανόνα
1585 4448 1641 4501 δὲ
1666 4448 1855 4519 ὥσπερ

263 4522 362 4592 ἐφ’
410 4524 584 4578 ἅπασι
632 4528 747 4589 τοῖς
800 4529 1092 4598 πρακτέοις
1140 4534 1407 4587 ποιεῖσθαι
1454 4536 1551 4606 τὴν
1595 4536 1687 4589 τοῦ
1720 4538 1853 4591 Θεοῦ

266 4615 555 4686 βούλησιν,
588 4617 684 4669 καὶ
724 4618 880 4672 τοῦτο
909 4619 1102 4688 λέγων,
1136 4623 1295 4687 αὐτὸς
1324 4626 1410 4693 ἐφ’
1441 4626 1617 4697 ἑαυτῷ
1646 4629 1855 4699 μάρτυς

263 4707 613 4779 εἰσϐέϐηκεν,
657 4710 705 4762 εἰ
741 4710 834 4764 καὶ
875 4706 943 4782 ἦν
973 4711 1197 4783 ἀληθὴς,
1246 4716 1557 4783 ἀναγκαίως
1602 4719 1695 4772 καὶ
1755 4723 1854 4791 τῆς

263 4798 424 4867 παρὰ
463 4799 573 4851 τῶν
604 4800 910 4871 Φαρισαίων
952 4803 1324 4873 εὑρεσιλογίας
1364 4808 1672 4877 φροντίσας,
1713 4811 1851 4882 ὅπερ

264 4887 491 4957 ἔμελλον
517 4892 662 4962 ἐρεῖν
687 4892 1082 4963 ἁμαθαίνοντες
1109 4897 1190 4967 (οὐ
1216 4898 1322 4966 γὰρ
1346 4898 1538 4969 ᾔδεσάν
1568 4920 1684 4966 πως
1708 4902 1850 4957 κατά

264 4977 430 5047 φύσιν
451 4981 574 5035 ὄντα
599 4983 775 5049 Θεὸν),
793 4988 871 5050 είς
893 4988 1056 5059 μέσον
1078 4988 1199 5058 ἄγει
1222 4990 1524 5060 προλαϐὼν,
1550 4992 1641 5046 καί
1662 5010 1847 5064 φησιν·

278 5067 483 5135 Ἐρεῖτε
535 5070 598 5140 δὴ
651 5073 887 5139 πάντως,
925 5079 1046 5140 ταῖς
1110 5078 1219 5130 τῶν
1270 5078 1481 5130 πολλῶν
1543 5083 1850 5150 συνηθείαις

258 5157 543 5226 ἑπόμενοι,
570 5163 662 5213 καὶ
693 5162 790 5233 τὴν
825 5166 1100 5230 Ἰουδαίοις
1130 5168 1444 5238 πρέπουσαν
1471 5169 1722 5225 ὑπόνοιαν
1746 5173 1845 5226 οὐκ

254 5246 608 5314 ἐκϐαίνοντες
637 5269 649 5282 ·
697 5272 713 5304 ι
743 5255 815 5306 Σὺ
850 5258 976 5327 περὶ
1009 5259 1234 5312 σεαυτοῦ
1267 5263 1564 5330 μαρτυρεῖς
1588 5278 1601 5291 ·
1639 5264 1671 5332 ὴ
1705 5281 1845 5333 μαρ-

250 5339 418 5406 τυρία
442 5357 535 5393 σου
557 5342 656 5395 οὐκ
682 5344 828 5398 ἐστιν
851 5347 1057 5417 ἀληθής
1084 5366 1097 5379 ·
1129 5369 1146 5402 ι
1187 5351 1322 5404 ἀλλά
1348 5351 1482 5422 πρὸς
1503 5350 1661 5405 τοῦτο
1685 5354 1846 5407 πάλιν

250 5427 677 5497 ἁντακούσεσθε,
710 5435 894 5504 φησίν⁸
943 5437 1249 5508 Ἀνέχομαι,
1299 5442 1453 5509 φησὶ,
1500 5442 1841 5513 δυσφημούν-

249 5534 368 5571 των
391 5519 491 5587 ἔτι,
526 5524 834 5592 χαλεπαίνω
863 5528 920 5582 δὲ
953 5528 1072 5584 λίαν
1100 5532 1374 5603 οὐδαμῶς,
1409 5534 1475 5588 τά
1509 5535 1567 5597 ἐξ
1599 5535 1840 5606 ἀμαθίας

1962 4450 2063 4504 sibi
2105 4465 2445 4520 prepouere;
2474 4460 2526 4507 ct
2567 4469 2688 4508 cum
2721 4455 2823 4510 hoc
2854 4455 3077 4521 diceret,
3110 4457 3227 4527 ipse
3252 4459 3318 4513 de
3352 4461 3534 4528 Scipso

1961 4541 2336 4596 testimonium
2379 4542 2524 4607 iniit,
2554 4545 2771 4599 tametsi
2816 4562 2981 4601 verax
3013 4555 3151 4614 erat,
3188 4550 3533 4620 prospiciens

1961 4640 2140 4686 tamen
2189 4633 2321 4703 quid
2377 4635 2529 4689 stulti
2583 4634 2846 4691 Pharisaei
2897 4639 3155 4708 nugaturi
3194 4649 3401 4706 essent,
3433 4658 3533 4695 nec

1960 4723 2104 4776 enim
2138 4733 2405 4779 noverant
2434 4726 2612 4794 ipsum
2645 4742 2765 4780 esse
2800 4735 2998 4781 natura
3027 4727 3217 4795 Deum,
3238 4734 3533 4788 antevertit

1957 4830 2054 4869 eos
2084 4823 2138 4868 et
2171 4815 2246 4868 ait
2280 4834 2291 4867 :
2334 4815 2531 4872 Dicetis
2572 4818 2761 4886 utique
2791 4818 2951 4889 243
2984 4820 3126 4889 vulgi
3177 4823 3533 4878 consuetudi-

1958 4919 2082 4958 nem
2106 4907 2300 4963 secuti.
2320 4922 2420 4961 nec
2445 4908 2587 4961 ultra
2614 4906 2922 4964 Judzeorum
2945 4912 3288 4980 suspiciones
3311 4916 3483 4977 evecti
3514 4934 3526 4968 :

1964 5013 1982 5044 ι
2021 4993 2101 5048 Tu
2147 4995 2212 5049 dc
2258 4995 2434 5066 teipso
2486 4999 2752 5053 testaris:
2789 5001 3169 5057 testimonium
3220 5012 3375 5059 tuum
3420 5022 3530 5060 non

1957 5093 2040 5140 est
2069 5101 2291 5152 verum;
2332 5105 2349 5137 ι
2384 5086 2478 5142 εει]
2511 5090 2751 5145 vicissim
2797 5092 3053 5153 audietis.
3084 5096 3298 5164 inquit:
3340 5096 3528 5149 Vestra

1956 5175 2247 5230 maledicta
2292 5178 2493 5245 patior,
2540 5179 2735 5249 inquit,
2784 5197 2885 5238 nec
2923 5197 3228 5240 succenseo
3261 5187 3418 5240 vobis
3457 5186 3527 5239 ob

1953 5280 2016 5318 ca
2044 5265 2207 5320 verba
2242 5283 2362 5336 qua:
2392 5284 2501 5337 pra:
2548 5268 2804 5323 familiari
2837 5281 3017 5326 vestra
3061 5273 3325 5326 eructatis
3359 5272 3524 5327 insci-

1954 5355 2048 5407 tia.
2084 5357 2344 5424 Suppouo
2389 5368 2538 5414 recte
2585 5361 2686 5415 hoc
2744 5378 2772 5416 ιι
2826 5365 2981 5418 vobis
3010 5365 3140 5419 dici.
3174 5363 3334 5425 Esto;
3364 5378 3517 5433 repu-

1952 5443 2098 5500 diate
2152 5462 2332 5501 meum
2392 5452 2771 5509 testimonium
2812 5456 2994 5509 :alius
3042 5463 3127 5507 est
3179 5453 3272 5522 qui
3319 5454 3386 5509 de
3437 5470 3521 5510 me

1951 5544 2205 5592 testatur.
2243 5538 2527 5610 Signiﬁcat
2560 5555 2741 5598 autem
2773 5544 2858 5598 his
2902 5543 3083 5597 verbis
3117 5541 3284 5596 Deum
3330 5556 3394 5598 ac
3423 5542 3513 5597 Pa-

334 5703 377 5740 "
414 5707 570 5765 Deut.
613 5728 723 5779 xvr,
762 5713 845 5769 l9.
921 5715 967 5746 ⁷³
1009 5715 1167 5771 Deut.
1207 5735 1244 5781 ι,
1279 5719 1377 5776 16:
1409 5721 1565 5777 Joan.
1593 5737 1691 5787 vn,
1728 5721 1818 5775 2i.
1894 5724 1937 5754 “0
1981 5722 2136 5776 Prov.
2177 5740 2327 5789 xvttt,
2382 5727 2463 5780 I7.
2546 5729 2584 5758 θ’
2626 5728 2786 5782 Prov.
2823 5744 2964 5782 xxvn
2990 5769 3002 5789 ,
3035 5728 3088 5781 2.

540 5803 814 5863 Ριιτιιοι..
868 5805 958 5863 Gn
978 5850 990 5865 .
1043 5808 1291 5866 LXXIII

3119 5815 3187 5874 13
