4078 6262
566 371 669 426 595

1518 364 1572 419 S.
1616 363 1891 419 CYRILLI
1928 363 2394 420 ALEXANDRINI
2433 366 2749 424 ARCHIEP.

3713 375 3818 433 396

566 496 703 541 trem
732 484 1033 547 etclestem,
1060 480 1152 551 qui
1188 478 1374 533 multis
1403 460 1513 548 jam
1544 479 1722 535 modis
1752 477 1945 534 Filium
1977 493 2123 534 suun

2240 481 2339 549 τῆς
2359 482 2513 552 ὐμῶν
2536 481 2631 555 [ιιι.
2655 483 2806 555 ὑμῖν]
2835 484 3154 555 utaut-rain};
3175 484 3547 555 ὲρευγομένων
3569 488 3816 558 Mutata;

564 578 666 634 sibi
689 571 1215 632 consubstantialem
1238 583 1362 625 esse
1382 568 1708 626 testiﬁcatus
1732 578 1838 638 est,
1856 568 2016 639 cujus
2065 577 2135 623 te-

567 667 886 723 stimonium
910 677 1098 719 verum
1117 676 1239 717 esse
1261 661 1403 716 scire
1431 675 1490 716 se
1514 668 1678 731 porro
1701 662 1920 726 asserit,
1946 668 2136 716 osten-

563 759 700 814 dens
721 757 912 827 utique
938 769 1096 811 suum
1143 753 1305 808 etiam
1347 751 1619 806 calculum
1648 752 2019 807 certissimum
2068 766 2134 807 ac

562 847 911 903 verissimum
950 859 1095 900 esse.
1129 842 1206 898 Ne
1233 857 1429 897 rursus
1474 843 1620 896 enim
1668 856 1859 897 ansam
1894 843 2133 912 aliquam

564 937 836 994 haereticis
854 936 994 991 male
1010 932 1286 1005 cogitandi
1304 933 1589 1003 praeberet,
1606 943 1699 987 aut
1722 948 1911 988 eorum
1934 935 2137 988 calum-

563 1033 666 1085 niae
699 1035 934 1101 pateret,
967 1026 1124 1098 quasi
1157 1024 1296 1081 falsa
1332 1025 1399 1080 de
1422 1024 1604 1094 seipso
1642 1025 1825 1080 dicere
1851 1039 1911 1081 se
1937 1023 2135 1080 fatere-

564 1130 674 1187 tur,
707 1126 1061 1190 posteaquam
1088 1115 1293 1171 decoro
1327 1126 1379 1170 ct
1410 1114 1798 1170 consuetudini
1822 1128 1882 1170 se
1915 1128 2135 1168 accom-

563 1210 798 1265 modans
828 1207 1062 1263 asseruit
1109 1205 1266 1261 fidem
1298 1215 1355 1260 ut
1398 1204 1595 1259 idoneo
1642 1205 1771 1261 testi
1826 1202 2134 1259 habendam

562 1316 671 1355 non
694 1314 818 1356 esse
839 1299 888 1353 ei
908 1298 1002 1367 qui
1025 1297 1263 1366 seipsum
1284 1295 1470 1350 laudat
1493 1303 1548 1349 et
1570 1294 1939 1361 commendat,
1955 1294 2136 1351 denuo

560 1391 725 1459 redit,
760 1399 820 1446 ut
845 1389 1008 1455 Deus,
1036 1388 1104 1444 ad
1129 1387 1451 1458 dignitatem
1482 1387 1586 1442 sibi
1613 1387 1877 1451 debitam,
1906 1396 1960 1443 et
1991 1387 2135 1443 scire

560 1499 621 1540 se
686 1484 762 1538 ait
816 1482 1193 1545 testimonium
1242 1477 1427 1534 Patris
1478 1493 1669 1533 verum
1727 1493 1873 1543 esse,
1905 1477 2136 1547 perinde

560 1593 623 1634 ac
671 1577 717 1633 si
761 1577 971 1631 diceret
1001 1593 1015 1631 :
1048 1574 1164 1643 Ego
1217 1571 1361 1627 Deus
1411 1582 1576 1626 verus
1623 1586 1747 1625 cum
1790 1571 1928 1634 sim,
1985 1571 2129 1634 novi,

560 1670 761 1741 inquit,
795 1670 1087 1737 meipsnm,
1123 1664 1285 1718 Pater
1322 1677 1503 1718 autem
1531 1661 1669 1716 nihil
1703 1662 1769 1715 ad
1804 1662 2035 1730 gratiam
2067 1660 2134 1715 de

2237 574 2442 644 Δίδωμι
2466 574 2588 629 καθ’
2614 574 2875 629 ὑπόθεσιν
2903 576 3085 639 καλῶς
3113 578 3244 648 παρ’
3275 576 3430 648 ὑμῶν
3453 578 3702 648 εἰρῆσθαι
3720 581 3817 634 καὶ

2236 665 2413 720 τοῦτο.
2451 667 2649 732 Ἔστω,
2689 667 2787 738 τὴν
2826 668 2965 739 ἐμὴν
3000 668 3411 740 παρακρούεσθε
3431 670 3634 740 φωνὴν,
3658 671 3816 735 ἀλλος

2237 758 2383 810 ἐστὶν
2411 759 2439 810 6
2468 758 2760 827 μαρτυρῶν
2788 760 2914 829 περὶ
2945 759 3099 829 ἐμοῦ.
3137 760 3397 829 Σημαίνει
3424 761 3480 814 δὲ
3510 761 3598 816 διὰ
3623 762 3817 816 τούτου

2237 844 2327 899 τὸν
2356 846 2413 898 ὲν
2445 848 2557 908 τοῖς
2600 845 2847 914 οὐρανοῖς
2890 846 3019 900 ὄντα
3067 847 3201 900 Θεὸν
3248 848 3341 914 καὶ
3384 847 3626 919 Πατέρα,
3672 851 3816 903 κατά

2238 932 2466 994 πολλοὺς
2502 932 2602 1002 ἥδη
2651 934 2888 1003 τρόπους
2933 935 2995 987 τὸ
3037 936 3261 1006 γνήσιον
3309 936 3408 1007 τῆς
3457 938 3645 1002 οὐσίας
3692 941 3814 992 ἑπι-

2243 1026 2665 1096 μαρτυρήσαντα
2713 1026 2792 1096 τῷ
2833 1027 2946 1097 ἰδίῳ
2991 1030 3325 1099 γεννήματι,
3363 1022 3425 1082 οὗ
3473 1031 3571 1083 καὶ
3616 1032 3817 1086 εἰδέναι

2236 1115 2335 1186 τὴν
2371 1118 2673 1187 μαρτυρίαν
2701 1119 2886 1186 φησὶν,
2929 1119 3003 1182 ὡς
3042 1119 3189 1173 ἐστιν
3232 1121 3460 1192 ἀληθὴς,
3506 1123 3815 1187 ἀξιοπιστο-

2236 1207 2403 1276 τάτην
2457 1205 2626 1270 ὅντως
2685 1210 2779 1262 καὶ
2829 1209 3028 1281 ἀληθῆ,
3080 1212 3175 1265 καὶ
3234 1213 3336 1283 τὴν
3386 1214 3581 1268 ἑαυτοῦ
3634 1216 3815 1286 ψῆφον

2236 1296 2562 1361 ἐπιδεικνύς.
2614 1299 2732 1351 Ἵνα
2775 1301 2885 1371 γὰρ
2926 1301 3001 1373 μὴ
3046 1303 3473 1374 καταδεξάμενος
3515 1304 3706 1378 ὥσπερ
3752 1308 3817 1362 τὸ

2234 1386 2405 1456 ψευδῆ
2436 1385 2616 1455 λέγειν
2643 1390 2836 1443 ἑαυτὸν
2862 1392 3001 1463 ὑπὲρ
3030 1393 3245 1456 ἑαυτοῦ,
3276 1393 3460 1465 χώραν
3496 1396 3621 1450 τινά
3650 1399 3814 1453 πάλιν

2236 1477 2546 1544 κακονοίας,
2575 1481 2672 1533 καὶ
2697 1482 3051 1551 παρείσδυσιν
3073 1487 3186 1548 τοῖς
3218 1486 3544 1556 ἐτεροδοξεῖν
3566 1490 3813 1558 είθισμέ-

2236 1586 2347 1634 νοις
2379 1572 2650 1643 παράσχοι
2681 1574 2804 1627 καθ’
2855 1576 3071 1638 ἑαυτοῦ,
3114 1578 3424 1646 ἀναγκαίως
3477 1580 3694 1645 ἐπιδοὺς
3735 1582 3815 1652 τῷ

2237 1659 2500 1730 πρέποντι
2531 1662 2625 1715 καὶ
2659 1663 2725 1733 τῇ
2756 1663 3010 1734 συνηθείᾳ
3043 1663 3102 1716 τὸ
3130 1665 3203 1735 μὴ
3249 1665 3449 1735 χρῆναι
3488 1665 3706 1729 πάντως
3736 1668 3812 1729 ὡς

557 1773 649 1814 me
696 1756 865 1812 dicet.
922 1754 1035 1825 Ego
1073 1752 1219 1808 enim
1273 1751 1319 1807 is
1371 1765 1491 1805 sum
1540 1758 1759 1813 natura,
1802 1764 1964 1819 quem
2017 1748 2123 1819 ipse

2235 1751 2408 1822 ἀληθῆ
2446 1752 2796 1805 πιστεύεσθαι
2832 1753 2923 1806 τὸν
2958 1754 3148 1808 ἑαυτὸν
3179 1755 3500 1809 ἐπαινοῦντα
3540 1758 3635 1810 καὶ
3672 1758 3809 1811 ἀπο-

558 1865 727 1906 verax
778 1811 997 1919 quoque
1041 1844 1434 1913 comprobarit.
1463 1843 1810 1913 Quapropter
1855 1841 1965 1895 illic
1992 1856 2123 1896 con-

2235 1811 2544 1911 δεχόμενον,
2567 1840 2855 1913 ἀνατρέχει
2883 1842 3063 1907 πάλιν,
3094 1844 3170 1907 ὡς
3199 1844 3351 1909 Θεὸς,
3384 1845 3477 1898 ἐπὶ
3507 1844 3606 1917 τὴν
3635 1847 3810 1918 ἐαυτῷ

556 1941 744 2000 sensio
768 1937 1013 2010 qumdam
1043 1945 1161 1993 erat
1184 1937 1339 2007 quasi
1372 1949 1469 2007 per
1500 1934 2049 2002 condescensionem,
2078 1942 2133 1989 et

558 2048 624 2087 ex
684 2029 1037 2104 hypothetica
1084 2027 1258 2098 magis
1309 2040 1474 2096 quam
1530 2040 1661 2081 vera
1706 2024 2013 2081 oratiozin
2063 2037 2131 2079 eo

556 2138 690 2182 vero
718 2121 865 2194 quod
893 2123 968 2176 ait
992 2121 1138 2177 scire
1171 2133 1230 2174 se
1259 2116 1634 2173 testimonium
1679 2115 1857 2171 Patris
1890 2129 2015 2171 esse
2039 2130 2131 2170 ve-

555 2236 701 2284 rum,
730 2215 1081 2274 auctoritatis
1109 2227 1173 2268 ac
1217 2209 1341 2266 fidei
1374 2210 1487 2264 Deo
1534 2207 1916 2263 convenientis
1947 2205 2131 2261 decla-

553 2313 718 2369 ratio.
773 2306 1188 2365 Observandum
1252 2308 1338 2357 est
1397 2308 1578 2354 autem
1643 2313 1842 2353 rursus
1909 2296 2129 2353 Patrem

552 2402 737 2474 quoad
775 2398 1055 2472 propriam
1112 2392 1448 2464 hypostasim
1495 2390 1662 2442 alium
1714 2404 1838 2445 esse
1886 2403 1917 2443 a
1962 2387 2128 2454 Filio,

553 2510 663 2549 non
691 2499 896 2555 autem,
917 2496 975 2543 ut
1001 2484 1284 2542 nonnullis
1309 2482 1577 2552 imperitis
1604 2481 1877 2537 haereticis
1899 2481 2125 2553 placuit,

551 2583 906 2652 Filiopatrem
937 2593 1061 2634 esse
1093 2573 1467 2633 statuendum.

2238 1934 2686 2004 χρεωστουμένην
2717 1935 2892 2000 ἀξίαν,
2925 1935 3020 1988 καὶ
3047 1935 3245 1988 είδέναι
3276 1938 3407 2006 φησὶ
3438 1936 3536 2008 τὴν
3561 1936 3656 1991 τοῦ
3698 1939 3810 1993 Πα-

2239 2024 2368 2096 τρὸς
2403 2025 2727 2097 μαρτυρίαν,
2751 2025 2828 2090 ὡς
2876 2026 3023 2080 ἐστιν
3059 2026 3287 2098 ἀληθὴς,
3326 2031 3607 2099 μονονουχὶ
3654 2030 3811 2083 τοῦτο

2238 2115 2522 2182 διδάσκων,
2572 2118 2652 2170 ὅτι
2686 2117 2818 2180 Θεὸς
2843 2115 2918 2172 ὢν
2956 2118 3227 2189 ἀληθινὸς,
3257 2115 3391 2182 οῖδα,
3428 2121 3615 2190 φησὶν,
3636 2122 3807 2191 ἐμαυ-

2236 2210 2349 2273 τὸν,
2376 2210 2772 2281 κεχαρισμένον
2801 2211 2859 2264 δὲ
2885 2210 3038 2265 οὐδὲν
3069 2214 3098 2265 6
3125 2211 3317 2282 Πατὴρ
3348 2214 3462 2282 ἐρεῖ
3488 2213 3617 2284 περὶ
3639 2215 3774 2282 ἐμοῦ

2238 2300 2347 2371 ἔχω
2377 2302 2487 2372 γάρ
2518 2300 2661 2354 οὕτω
2691 2301 2834 2355 κατά
2863 2302 3045 2371 φύσιν,
3081 2302 3270 2374 ὥσπερ
3297 2302 3363 2357 ἂν
3389 2300 3480 2357 οὖν
3513 2305 3608 2357 καὶ
3648 2305 3806 2369 αὐτὸς

2237 2392 2443 2465 ἀληθὴς
2466 2392 2540 2446 ὢν
2562 2393 2971 2463 ὲπιψηφίσαιτο.
3005 2395 3215 2448 Οὐκοῦν
3242 2396 3299 2448 ἐν
3329 2396 3521 2465 ἐκείνῳ
3553 2395 3653 2465 μὲν
3680 2412 3805 2464 συγ-

2233 2485 2571 2556 καταὸατική
2605 2502 2687 2549 τις
2715 2484 2903 2557 ὥσπερ
2936 2487 3239 2551 συναίνεσις
3266 2481 3354 2556 ἦν,
3376 2487 3469 2540 καὶ
3491 2486 3805 2549 ὐποθετικὲς

2234 2575 2432 2646 μᾶλλον
2476 2575 2620 2646 ἥπερ
2646 2575 2850 2647 ἀληθὴς
2874 2578 2902 2630 6
2926 2577 3082 2644 λόγος
3099 2592 3111 2606 ·
3146 2577 3203 2630 ἐν
3227 2576 3284 2629 δέ
3311 2576 3387 2648 τῷ
3409 2576 3608 2631 είδέναι
3628 2576 3812 2645 λέγειν

548 2677 648 2749 τὴν
678 2675 772 2731 τοῦ
805 2673 1017 2746 Πατρὸς
1049 2670 1350 2744 μαρτυρίαν
1379 2669 1573 2740 ἀληθῆ,
1603 2669 1703 2740 τῆς
1731 2668 1851 2740 Θεῷ
1883 2670 2200 2742 πρεπούσης
2260 2669 2598 2734 ἀξιοπιστίας
2658 2669 2936 2734 ἐπίδειξις.
2968 2669 3312 2741 Σημειωτέον
3354 2669 3413 2723 δὲ
3477 2669 3660 2734 πάλιν,
3724 2670 3804 2724 δτι

550 2771 672 2827 κατ’
715 2768 850 2823 ἰδίαν
883 2767 1175 2821 ὑπόστασιν
1204 2765 1361 2829 ἀλλος
1391 2764 1537 2818 ἐστὶν
1567 2764 1595 2817 ό
1626 2764 1813 2836 Πατὴρ
1854 2763 2004 2835 παρά
2028 2765 2119 2819 τὸν
2158 2765 2306 2831 Υἱὸν,
2330 2765 2426 2819 καὶ
2454 2766 2550 2836 οὐχ
2574 2764 2762 2835 ὥσπερ
2786 2764 2933 2830 ἔδοξέ
2961 2782 3069 2819 τισι
3092 2766 3200 2820 τῶν
3256 2763 3599 2820 ἀπαιδεύτων
3656 2767 3804 2836 uipe-

555 2862 738 2929 τικῶν,
770 2862 1062 2932 Υίοπάτωρ
1094 2859 1431 2931 εἰσφέρεται.

622 2955 690 3020 ν,
719 2956 809 3010 33.
840 2952 939 3009 Vos
977 2952 1196 3008 misistis
1236 2952 1303 3007 ad
1334 2951 1620 3018 Joannem,
1674 2960 1723 3006 et
1756 2951 2114 3007 testimonium

545 3046 810 3117 perhibuit
840 3045 1072 3100 veritati.

619 3134 1092 3203 Quemadmodum
1118 3143 1275 3188 antea
1308 3142 1467 3201 turpe
1493 3142 1548 3189 et
1578 3133 1966 3191 stultissimum
1996 3148 2120 3189 esse
2147 3170 2188 3225 ϐ

2308 2947 2493 3020 Ὑμεῖς
2540 2947 2959 3002 ἀπεστάλκατε
2999 2946 3150 3015 πρὸς
3194 2948 3507 3017 Ἰωάννην,
3559 2948 3659 3003 καί
3706 2963 3797 3016 με·

2222 3044 2565 3115 μαρτύρηκε
2596 3037 2673 3108 τῇ
2701 3039 2973 3107 ἀληθείᾳ.

2302 3132 2511 3204 Ὠσπερ
2536 3131 2739 3203 ἀρτίως
2771 3130 2996 3200 αίσχρὸν
3039 3125 3179 3183 εῖναι
3208 3129 3677 3202 διεδεδαιούμεθα,
3707 3134 3802 3186 καὶ

547 3228 885 3291 dicebamus,
947 3238 1173 3283 suarum
1232 3223 1469 3294 aliquem
1526 3222 1746 3278 laudum
1814 3239 2118 3296 praconem

2224 3228 2319 3297 τῆς
2346 3222 2580 3294 ἐσχάτης
2611 3220 2865 3291 εὐηθείας
2894 3220 2994 3273 οὐκ
3039 3221 3288 3291 ἀμοιρεῖν
3334 3220 3394 3273 τὸ
3434 3220 3545 3275 τῶν
3584 3223 3800 3276 οἰκείων

543 3320 739 3385 videri,
771 3320 898 3375 licet
929 3319 998 3374 ob
1032 3319 1261 3374 multam
1289 3317 1548 3373 virtutem
1590 3318 1809 3373 mentiri
1852 3317 2013 3385 nolit,
2041 3317 2121 3374 sic

544 3423 600 3467 et
649 3426 760 3466 non
817 3418 1072 3466 vocatum
1135 3409 1205 3464 ad
1266 3408 1671 3465 testiﬁcandum
1725 3408 2010 3475 accedere,
2068 3417 2121 3464 et

544 3502 932 3573 quaesitoribus
966 3501 1111 3555 ultro
1161 3514 1220 3555 se
1271 3499 1491 3568 oﬁerre,
1544 3514 1653 3554 non
1705 3499 1992 3557 dissimilis
2038 3510 2122 3555 est

546 3592 791 3647 insaniae.
810 3590 1041 3645 Videtur
1071 3590 1219 3644 enim
1243 3604 1345 3644 nec
1374 3591 1471 3645 abs
1496 3606 1576 3655 re,
1609 3590 1924 3646 istiusmodi
1952 3591 2121 3645 homo

543 3682 688 3736 haud
741 3680 972 3733 multum
1024 3693 1222 3734 curare
1264 3677 1569 3743 veritatem,
1625 3679 1722 3735 sed
1765 3678 1911 3749 quod
1963 3686 2115 3735 tanto

542 3772 730 3826 studio
759 3768 923 3842 2M
952 3785 1010 3825 se
1054 3769 1119 3823 ad
1161 3767 1566 3823 testificandum
1629 3770 1852 3839 ingerit,
1889 3785 1998 3824 non
2037 3770 2115 3824 rei

541 3870 818 3927 naturam,
855 3861 952 3916 sed
988 3860 1154 3915 animi
1184 3861 1269 3916 sui
1302 3859 1633 3916 sententiam
1668 3859 1903 3929 aperire.
1933 3860 2117 3913 Artiﬁ-

539 3953 847 4010 ciosissime
881 3952 1063 4021 itaque
1112 3950 1379 4008 Dominus
1414 3958 1599 4006 noster
1642 3948 1804 4005 Iesus
1830 3950 2111 4019 Christus,

538 4044 650 4098 imo
701 4058 833 4098 vero
892 4050 951 4096 ut
1003 4041 1169 4106 Deus,
1232 4040 1632 4096 Pharisaeorum
1668 4042 2114 4098 criminationem

536 4140 894 4204 praeverteris,
926 4134 1042 4188 ait:
1082 4154 1100 4184 ι
1135 4131 1246 4189 Vos
1273 4132 1504 4188 misistis
1526 4133 1591 4187 ad
1617 4130 1919 4199 Joannem;
1956 4150 1974 4181 ι
2004 4146 2112 4186 non

535 4226 680 4281 ultro
704 4239 764 4280 se
803 4224 1034 4293 ingessit
1076 4224 1144 4278 ad
1203 4224 1534 4280 sententiam
1574 4225 1643 4280 de
1704 4239 1790 4278 me
1834 4222 2110 4278 ferendam

532 4317 794 4388 Baptista.
842 4317 963 4371 Non
1004 4324 1183 4386 potest
1231 4317 1284 4372 id
1328 4318 1376 4371 ei
1410 4317 1621 4386 ohjici;
1674 4316 1906 4373 liberum
1962 4317 2113 4373 testi-

532 4408 777 4462 monium
811 4407 954 4463 tulit.
1009 4404 1116 4462 Vos
1152 4406 1379 4462 misistis
1419 4407 1511 4475 qui
1546 4414 1823 4476 rogarent,
1859 4414 1912 4460 et
1954 4406 2109 4461 testi-

2224 3313 2714 3385 πλεονεκτημάτων
2760 3311 3080 3383 θαυμαστὴν
3132 3312 3362 3383 ὁρᾶσθαί
3411 3329 3566 3377 τινα,
3614 3312 3710 3367 καὶ
3752 3317 3799 3366 εἰ

2224 3408 2539 3477 παραιτοῖτο
2582 3404 2642 3458 τὸ
2685 3403 2977 3474 ψεύδεσθαι
3010 3403 3098 3457 διὰ
3129 3400 3327 3475 πολλὴν
3360 3404 3579 3476 ἀρετήν·
3628 3405 3800 3470 οὕτως

2222 3498 2455 3570 ἀδελφὴν
2479 3497 2667 3567 ὥσπερ
2695 3495 2808 3567 ἔχει
2841 3495 2936 3550 καὶ
2960 3497 3172 3564 γείτονα
3186 3496 3297 3568 ’τὴν
3328 3498 3557 3551 ἀτοπίαν
3579 3498 3793 3568 ἐκείνῳ,

2220 3589 2281 3642 τὸ
2310 3588 2385 3660 μὴ
2413 3587 2779 3659 κεκλημένους
2805 3588 2897 3641 ἐπὶ
2929 3587 3029 3659 τὴν
3054 3587 3145 3641 ἐπί
3177 3603 3287 3641 τισι
3314 3589 3624 3659 μαρτυρίαν
3662 3588 3794 3642 ἰέναι

2218 3679 2390 3742 τινὰς,
2434 3677 2765 3749 αὐτομόλους
2814 3677 2871 3730 δὲ
2918 3679 3026 3741 τοῖς
3078 3676 3421 3743 δικάζουσιν,
3473 3681 3640 3750 ἧγουν
3680 3681 3795 3742 τοῖς

2220 3769 2483 3840 διερωτᾷν
2534 3766 2809 3822 ἐθέλουσιν
2854 3767 3258 3822 ἀναπείθεσθαι.
3312 3770 3471 3833 Δόξαι
3512 3769 3623 3841 γὰρ
3666 3769 3735 3823 ἂν
3762 3769 3793 3821 6

2216 3859 2478 3924 τοιοῦτος,
2507 3860 2601 3913 καὶ
2620 3861 2718 3913 οὐκ
2746 3860 2852 3913 ἀπὸ
2884 3859 3109 3923 σκοποῦ,
3139 3859 3212 3930 μὴ
3241 3860 3447 3924 πάντας
3475 3861 3791 3930 ἐπείγεσθαι

2216 3950 2396 4020 λέγειν
2442 3950 2503 4005 τὸ
2549 3950 2767 4022 ἀληθὲς,
2814 3950 2875 4003 τὸ
2918 3951 2973 4003 δὲ
3021 3950 3139 4004 λίαν
3185 3950 3482 4020 προθύμως
3535 3951 3793 4021 ἐθελῆσαι

2218 4042 2535 4113 μαρτυρεῖν,
2583 4041 2681 4111 οὐχ
2711 4041 2847 4112 ὅπερ
2892 4040 3004 4111 ἔχει
3046 4040 3140 4095 τοῦ
3184 4043 3507 4114 πράγματος
3537 4045 3571 4113 ἡ
3606 4043 3786 4111 φύσις,

2213 4130 2391 4202 ἑαυτῷ
2417 4131 2473 4185 δέ
2500 4132 2699 4203 μᾶλλον
2726 4131 2788 4184 τὸ
2817 4131 3007 4186 δοκοῦν
3055 4132 3468 4201 ἀποφαίνεσθαι.
3514 4135 3787 4205 Ἐντεχνέ-

2215 4239 2381 4276 στατα
2424 4222 2601 4275 τοίνυν
2650 4223 2677 4274 6
2727 4224 2929 4294 Κύριος
2985 4224 3141 4294 ἡμῶν
3202 4224 3409 4294 Ἰησοῦς
3458 4228 3487 4279 6
3529 4227 3783 4297 Χριστὸς,

2215 4313 2413 4383 μᾶλλον
2440 4315 2495 4367 δὲ
2541 4313 2616 4376 ὡς
2666 4313 2817 4378 Θεὸς,
2853 4313 2948 4367 καὶ
2976 4315 3073 4385 τὴν
3102 4316 3193 4367 ἐπὶ
3224 4315 3437 4379 τούτοις
3480 4317 3589 4369 τῶν
3620 4318 3783 4387 Φαρι-

2213 4404 2381 4457 σαίων
2415 4403 2842 4473 προανατρέπων
2884 4403 3084 4470 αἰτίαν,
3117 4406 3280 4475 φησίν
3306 4423 3320 4435 ο
3381 4424 3399 4457 ι
3432 4406 3619 4476 Ὑμεῖς
3675 4409 3782 4460 ἀπ-

530 4499 775 4554 monium
812 4498 1088 4568 perhibuit
1119 4498 1349 4552 veritati.
1382 4498 1463 4552 Ab
1493 4498 1559 4552 iis
1580 4497 1727 4552 enim
1758 4505 1983 4567 rogatus
2015 4496 2107 4567 qui

2224 4494 2512 4548 ιστάλκατε
2556 4494 2693 4565 πρὸς
2738 4493 3005 4565 Ἰωάννην·
3051 4514 3067 4546 ι
3115 4496 3211 4550 οὐκ
3241 4496 3588 4564 αὐτόκλητος,
3630 4498 3778 4566 φησὶ,

529 4590 599 4644 ad
635 4592 814 4660 ipsum
844 4588 1000 4643 missi
1031 4588 1268 4650 fuerant,
1305 4595 1489 4641 utrum
1510 4594 1656 4642 esset
1683 4587 1798 4655 ipse
1825 4586 2103 4652 Christus,

527 4679 820 4735 confessus
879 4687 982 4741 est,
1026 4686 1079 4731 et
1147 4694 1255 4733 non
1310 4678 1616 4749 negavit".
1658 4677 1959 4733 Confessus
2023 4686 2106 4732 est

528 4785 637 4824 non
659 4785 781 4826 esse
801 4770 1105 4834 Christum,
1133 4772 1227 4826 sed
1253 4771 1478 4825 missum
1506 4786 1591 4826 me
1607 4785 1729 4827 esse
1748 4778 1875 4825 ante
1902 4770 2100 4839 ipsum.

455 4926 458 4929 Α
527 4860 926 4916 Testimonium
950 4877 1082 4932 ergo
1106 4862 1383 4932 perhibuit
1412 4862 1649 4926 veritati,
1673 4859 1927 4917 Christus
1954 4860 2102 4915 enim

524 4956 611 5003 cst
640 4949 845 5004 veritas
868 4951 935 5003 ”.

2208 4587 2342 4657 πρὸς
2375 4587 2472 4656 τὴν
2502 4586 2588 4638 ἐπ’
2618 4587 2739 4656 ἐμοὶ
2763 4586 2941 4656 ψῆφον
2969 4588 2997 4639 6
3027 4586 3356 4658 Βαπτιστής.
3390 4589 3539 4654 Ἔξω
3563 4588 3662 4656 τῆς
3691 4589 3781 4640 ἐπὶ

2204 4675 2381 4745 τούτῳ
2418 4675 2655 4728 κείσεται
2702 4675 2941 4747 γραφῆς,
2996 4676 3287 4748 ἐλευθέραν
3337 4679 3632 4748 ἐποιήσατο
3683 4678 3781 4747 τὴν

2209 4784 2280 4836 μα
2292 4766 2532 4836 ρτυρίαν.
2586 4767 2773 4837 Ὑμεῖς
2805 4767 3112 4838 ἐρωτῶντες
3139 4768 3518 4834 ἀπεστείλατε,
3562 4770 3658 4822 καὶ
3689 4785 3783 4837 με-

2209 4856 2526 4928 μαρτύρηκε
2582 4860 2647 4928 τῇ
2722 4858 2964 4930 ἀληθείᾳ.
3043 4859 3425 4931 Ἑρωτώμενος
3483 4861 3593 4929 γάρ
3652 4860 3781 4929 παρ’

2206 4949 2447 5016 ἐκείνων,
2496 4949 2653 5020 οἵπερ
2700 4946 2840 5021 ἦσαν
2888 4952 3023 5022 πρὸς
3061 4952 3222 5005 αὐτὸν
3256 4952 3690 5022 ἀπεσταλμένοι,
3735 4952 3781 5002 εἰ

524 5041 687 5104 αὐτός
708 5043 853 5093 ἐστιν
879 5044 907 5095 6
930 5041 1182 5109 Χριστὸς,
1203 5042 1539 5111 ὡμολόγησε,
1563 5044 1658 5096 καὶ
1678 5044 1777 5096 οὐκ
1797 5044 2091 5113 ἠρνήσατο.
2144 5039 2525 5111 Ὠμολὸγησεν,
2573 5041 2654 5094 ὅτι
2696 5041 2835 5110 Ἐγὼ
2863 5042 2963 5096 οὐκ
2992 5045 3108 5113 εἰμι
3168 5046 3197 5097 6
3241 5045 3493 5115 Χριστὸς,
3542 5044 3659 5098 ἀλλ’
3701 5047 3779 5099 ὅτι

534 5132 973 5213 ’Δπεσταλμένος
1000 5132 1119 5202 εἰμὶ
1150 5134 1456 5204 ἔμπροσθεν
1482 5135 1711 5189 ἐκείνου.
1744 5135 2181 5205 Μεμαρτύρηκεν
2209 5130 2300 5189 οὖν
2327 5139 2391 5206 τῇ
2436 5135 2685 5208 ἀληθείᾳο
2718 5137 2942 5207 ἀλήθεια
2971 5139 3076 5209 γὰρ
3107 5142 3135 5192 6
3167 5141 3425 5211 Χριστός.

594 5227 661 5295 ν,
702 5230 790 5285 54.
827 5227 934 5298 Ego
979 5237 1153 5281 autem
1215 5244 1316 5281 non
1373 5228 1437 5282 ab
1477 5230 1685 5282 homine
1736 5230 2091 5284 testimonium

520 5321 720 5386 accipio
745 5336 763 5373 :
787 5318 876 5373 sed
904 5318 1014 5371 ha'c
1040 5316 1158 5372 dico
1187 5327 1244 5371 ut
1275 5335 1362 5373 vos
1391 5320 1527 5374 salvi
1557 5321 1695 5375 sitis.

587 5411 708 5467 Non
734 5411 915 5481 rejicit
934 5407 1164 5467 Joannis
1189 5412 1564 5466 testimonium
1589 5419 1846 5482 tanquam
1876 5412 2087 5477 inutile,

520 5518 696 5575 neque
727 5502 932 5559 frustra
959 5516 1084 5559 esse
1106 5502 1350 5559 veritatis
1387 5512 1584 5560 testem
1616 5504 1834 5561 asserit.
1869 5505 2084 5573 Alioqui

517 5594 659 5647 enim
687 5594 921 5649 absurde
964 5592 1143 5649 facere
1172 5593 1323 5649 visus
1357 5601 1523 5659 esset,
1557 5596 1601 5650 si
1641 5594 1798 5651 fidem
1837 5595 1885 5650 ei
1921 5595 2084 5650 dero-

586 5771 631 5799 “
669 5766 824 5823 Joan.
857 5784 896 5835 ι,
926 5770 1017 5824 20.
1091 5773 1135 5803 ⁸³
1172 5771 1328 5829 Joan.
1363 5790 1476 5837 xw,
1509 5777 1560 5829 li.

2280 5231 2426 5300 Ἐγὼ
2448 5231 2514 5285 δὲ
2568 5233 2640 5285 οὐ
2697 5232 2855 5299 παρὰ
2905 5234 3219 5301 ἀνθρώπου
3283 5237 3397 5303 τὴν
3445 5240 3775 5305 μαρτυρίαν

2196 5324 2495 5393 λαμϐάνω,
2536 5323 2693 5377 dua
2730 5324 2916 5378 ταῦτα
2953 5326 3129 5394 λέγω,
3181 5328 3281 5379 ἵνα
3313 5328 3481 5397 ὑμεῖς
3521 5330 3767 5399 σωθῆτε.

2280 5414 2391 5484 Οὐχ
2446 5414 2520 5477 ὡς
2576 5414 2849 5484 ἄχρηστον
2908 5417 3299 5487 ἀποπέμπεται
3364 5420 3462 5489 τὴν
3529 5421 3769 5476 Ἰωάννου

2195 5505 2410 5575 φωνὴν,
2463 5505 2584 5559 οὐδὲ
2636 5507 2805 5578 ἀργὸν
2865 5510 3153 5578 ἀποφαίνει
3214 5510 3315 5580 τῆς
3369 5512 3630 5578 ἀληθείας
3686 5513 3769 5564 τὸν

2194 5597 2465 5668 μάρτυρα.
2502 5596 2572 5650 Ἣ
2608 5597 2717 5669 γὰρ
2755 5598 2821 5653 ἂν
2874 5599 3019 5663 εδοξε
3066 5599 3291 5665 δικαίως
3323 5602 3487 5668 αὐτός
3540 5621 3597 5657 τι
3650 5602 3769 5657 καθ’
