4078 6262
284 379 383 436 597

1309 382 1375 436 ΙΝ
1402 381 1690 438 JOANNIS
1733 382 2186 442 EVANGELIUM
2226 386 2352 441 LIB.
2390 388 2453 442 ll.

3420 387 3530 442 238

285 491 478 547 ἑαυτοῦ
511 492 620 546 τῶν
644 493 860 548 ἀτόπων
889 493 1237 565 ἐργάζεσθαι,
1264 496 1357 548 τοῦ
1382 495 1575 566 χρῆναι
1608 495 1859 549 πιστεύε-

1973 504 2166 567 gasset,
2192 513 2352 567 quem
2384 499 2610 554 miserat
2639 475 2698 551 ut
2725 496 2984 552 clamaret
3013 516 3024 551 :
3079 516 3096 547 ι
3138 494 3336 552 Paratc
3384 498 3527 552 viam

288 584 410 638 σθαι
434 583 762 657 παραλόγως
784 584 1085 653 ἐκπέμπων
1131 584 1191 637 ὃν
1221 585 1402 649 αὐτοῖς
1434 584 1647 655 ἔπεμψε
1688 585 1814 657 βοᾷν
1837 604 1850 617 ο

293 695 312 728 ι
343 675 699 745 Ἑτοιμάσατε
746 673 844 744 τὴν
883 674 1000 726 ὁδὸν
1036 674 1269 743 Κυρίου,
1292 675 1505 740 εὐθείας
1532 678 1733 730 ποιεῖτε
1760 678 1858 741 τὰς

289 766 508 836 τρίϐους
535 765 628 818 τοῦ
662 763 795 817 Θεοῦ
821 763 995 834 ἡμῶν·
1031 780 1051 814 ι
1100 763 1215 816 ἀλλ’
1249 764 1325 827 ὡς
1353 764 1574 835 ἀμέτρῳ
1597 766 1860 835 δυσηκοῖα

292 855 400 908 τῶν
440 854 709 909 Ἰουδαίων
734 853 1059 924 μαχόμενος,
1093 853 1187 905 ἐπὶ
1213 851 1284 907 τὰ
1315 853 1487 920 μείζω
1514 871 1573 907 τε
1598 855 1691 907 καὶ
1715 853 1862 920 αξιοι

296 945 566 1016 λογῶτερα
608 948 809 1016 χωρεῖ,
852 947 952 999 οὐκ
982 945 1296 1012 ἀναγκαίως
1329 946 1428 1015 μὲν
1474 946 1534 1010 ἐξ
1575 946 1862 1017 ἀνθρώπου

293 1036 474 1104 φωνῆς
522 1036 621 1106 τὴν
667 1036 752 1104 ἐφ’
785 1035 965 1106 ἑαυτῷ
1012 1034 1266 1105 δέχεσθαι
1314 1035 1621 1105 μαρτυρίαν
1669 1035 1860 1098 εἰπὼν,

296 1126 488 1197 μᾶλλον
524 1126 583 1179 δὲ
631 1125 742 1179 ἀπὸ
788 1127 887 1197 τῆς
931 1125 1250 1197 πρεπούσης
1294 1124 1545 1191 ἐξουσίας
1590 1124 1667 1196 τῷ
1719 1127 1863 1181 κατὰ

296 1216 452 1285 φύσιν
499 1217 614 1270 ὄντι
669 1216 810 1287 Θεῷ,
862 1218 956 1271 καὶ
998 1217 1108 1270 ἀπὸ
1136 1217 1234 1286 τῆς
1265 1217 1323 1268 ὲν
1355 1217 1474 1280 ταῖς
1515 1215 1865 1287 θεοσημείαις

288 1307 584 1378 ὕπεροχῆς,
626 1306 1010 1378 λαμπροτέραν
1054 1306 1387 1377 ποιήσασθαι
1431 1307 1531 1377 τὴν
1570 1306 1862 1372 ἀπόδειξιν.

304 1396 617 1467 ’Δνθρώπου
665 1399 764 1469 μὲν
809 1398 919 1467 γὰρ
950 1398 1063 1452 ἐσθ’
1099 1400 1188 1453 ὅτε
1223 1399 1658 1471 παρακρούσαιτ’
1685 1399 1752 1454 ἄν
1782 1417 1866 1464 τις

292 1491 493 1562 φωνὴν,
518 1492 596 1555 ῶς
621 1491 721 1544 οὐκ
742 1492 1133 1562 ἁληθεύουσαν,
1163 1494 1211 1546 εί
1237 1493 1330 1546 καί
1356 1509 1441 1555 τις
1469 1492 1553 1562 είη
1576 1492 1737 1562 τυχὸν
1757 1492 1867 1546 τῶν

292 1583 350 1635 ὲν
398 1583 576 1650 ἁγίοις
624 1584 1139 1655 κατατεταγμένων.
1204 1586 1270 1637 ὐ
1318 1585 1385 1655 δὴ
1442 1586 1536 1638 καὶ
1582 1588 1754 1639 ποιεῖν
1804 1586 1865 1639 οὐ

292 1672 681 1736 κατοκνοῦντές
709 1691 874 1741 τινες,
904 1677 1015 1738 τοῖς
1042 1673 1152 1728 τῶν
1182 1673 1479 1744 προφητῶν
1503 1675 1868 1745 ἀντέπραττον

291 1760 493 1829 λόγοις,
531 1761 699 1815 Ἀλλα
726 1763 858 1831 ἡμῖν
887 1762 1117 1828 λαλεῖτε,
1169 1762 1419 1832 βοῶντες,
1460 1763 1557 1816 καὶ
1601 1763 1870 1832 ἁναγγέλυ

1965 584 2201 652 Domini,
2243 597 2422 642 rectas
2458 586 2622 642 facite
2664 588 2890 642 semitas
2926 586 3020 642 Dei
3050 587 3223 641 nostri
3251 586 3337 649 εις
3376 604 3396 637 ι
3436 588 3532 642 sed

1963 690 2216 746 pugnans
2243 691 2368 732 cum
2387 676 2765 733 obstinatione
2787 674 3124 741 Iudaeorum,
3145 676 3212 730 ad
3240 675 3450 746 majora
3478 686 3536 732 et

1960 767 2208 839 digniora
2238 768 2515 839 procedit,
2553 769 2864 839 asseritque
2904 783 3014 823 non
3045 783 3111 824 ex
3145 783 3279 823 voce
3311 769 3534 839 quidem

1962 859 2204 917 hominis
2238 860 2305 915 de
2346 860 2528 929 seipso
2568 860 2938 915 testimonium
2971 860 3244 929 accipere,
3292 858 3387 914 sed
3434 874 3533 929 po-

1964 958 2160 1007 testate
2183 952 2369 1021 potius
2408 952 2643 1006 naturali
2685 951 2797 1005 Deo
2840 952 3217 1015 convenienti,
3275 959 3331 1006 et
3365 952 3535 1005 mira-

1963 1041 2213 1095 culorum
2244 1043 2559 1111 praastantia
2615 1041 2824 1097 clarius
2878 1056 2940 1097 se
2970 1041 3402 1096 demonstrasse.
3444 1040 3534 1095 ln-

1964 1131 2179 1186 terdum
2203 1134 2404 1202 quippe
2434 1132 2674 1188 hominis
2719 1132 3093 1188 testimonium
3136 1132 3534 1202 repudiaveris,

1966 1225 2095 1281 licet
2125 1226 2180 1280 in
2211 1241 2439 1282 numero
2468 1234 2788 1283 sanctorum
2808 1226 3080 1281 collocati.
3109 1225 3266 1291 Quod
3288 1225 3536 1279 nonnulli

1968 1314 2149 1371 facere
2180 1332 2287 1371 non
2314 1318 2470 1372 veriti
2494 1317 2886 1387 prophetarum
2910 1316 3094 1373 verbis
3114 1315 3541 1371 obluctabantur

1967 1407 2309 1463 clamantes:
2364 1407 2555 1461 Aliena
2610 1406 2771 1461 nobis
2831 1406 3151 1476 loquimini,
3208 1411 3263 1459 et
3300 1405 3540 1459 alienum

1965 1490 2213 1553 errorem
2241 1498 2402 1553 nobis
2430 1498 2719 1555 nuntiatis.
2748 1498 2977 1553 Azarias
3008 1497 3135 1551 item
3185 1493 3324 1550 Osee
3369 1496 3536 1561 illius,

1968 1596 2025 1642 et
2056 1585 2267 1641 Joanan
2298 1585 2445 1643 filius
2473 1586 2665 1649 Caree,
2695 1586 2788 1656 qui
2817 1600 2885 1641 cx
2912 1582 3098 1639 Iudaea
3126 1584 3182 1638 in
3238 1583 3537 1655 Egyptum

1970 1675 2248 1746 fugerunt,
2287 1692 2477 1732 omnes
2502 1676 2723 1747 quidem
2757 1675 2856 1729 viri
2907 1674 3154 1744 superbi,
3214 1674 3360 1728 sicut
3399 1675 3542 1729 scri-

1969 1775 2121 1837 ptum
2150 1776 2235 1822 est
2255 1767 2324 1833 ",
2348 1764 2597 1821 Jeremiae
2624 1765 2931 1836 prophetiis
2955 1764 3133 1836 palam
3164 1764 3537 1836 refragantes.

292 1851 415 1904 λετε
460 1840 590 1923 ἧμῖν
630 1829 822 1924 ἑτέραν
868 1829 1314 1924 πλάνησινξἜτι
1360 1870 1422 1908 τε
1469 1852 1604 1923 πρὸς
1638 1829 1868 1921 τοῦτοις,

1973 1829 2191 1913 aiebant
2217 1876 2231 1911 :
2260 1876 2279 1909 ι
2309 1829 2579 1921 Mentiris,
2610 1829 2898 1912 non-misit
2944 1829 2999 1910 te
3038 1829 3411 1911 Dominus'ad
3439 1871 3541 1911 nos

293 1940 394 1994 καὶ
422 1941 532 1995 τῶν
560 1941 622 2007 ἐξ
660 1941 1067 2014 Ἰεροσολύμων,
1099 1945 1216 2015 ἦτοι
1239 1944 1339 2014 τῆς
1378 1943 1646 1998 Ἰουδαίων
1664 1942 1868 2014 χώρας,

293 2033 378 2097 είς
412 2032 512 2103 τὴν
534 2034 847 2102 Δίγυπτίων
873 2035 1348 2105 καταπεφευγότες
1386 2030 1582 2105 τινὲς(
1614 2035 1872 2107 Ἀζαρίας

290 2121 352 2175 δὲ
383 2117 452 2193 ἦν
491 2124 606 2187 υίὸς
651 2124 844 2195 Ὠσηὲ,
894 2126 989 2180 καὶ
1045 2126 1293 2195 Ἰωάννης
1342 2126 1456 2189 υίὸς
1503 2125 1719 2197 Καρηὲ,
1777 2125 1873 2179 καὶ

290 2212 495 2277 πάντες
526 2215 575 2267 οἱ
622 2213 818 2287 ἄνδρες
851 2217 903 2270 ot
942 2217 1299 2288 ὑπερήφανοι,
1338 2215 1482 2272 καθὰ
1512 2217 1868 2289 γέγραπται),

284 2303 591 2374 διαρρήδην
632 2307 753 2369 ταῖς
794 2307 1059 2378 Ἰερεμίου
1100 2308 1459 2380 προφητείαις
1495 2308 1870 2375 ἀπειθοῦντες,

288 2394 571 2464 ἔφασκον·
625 2397 860 2470 «Ψεύδῃ,
908 2399 1009 2452 οὐκ
1050 2399 1344 2453 ἀπέστειλέ
1387 2416 1448 2453 σε
1485 2401 1693 2471 Κύριος
1737 2402 1875 2472 πρὸς

288 2480 441 2558 ἡμᾶς
467 2489 642 2543 εἰπεῖν
665 2506 678 2520 ’
708 2489 799 2559 Μὴ
820 2491 1095 2561 εἰσέλθητε
1124 2493 1204 2555 είς
1222 2493 1519 2561 Αἴγυπτον.
1550 2510 1568 2543 ι
1614 2492 1681 2546 Ἠ
1704 2492 1760 2545 δὲ
1787 2492 1875 2547 διὰ

286 2577 403 2629 τῶν
429 2577 725 2648 θαυμάτων
753 2581 1048 2646 ἀπόδειξις,
1094 2581 1255 2635 ποίαν
1282 2580 1351 2635 ἂν
1387 2582 1544 2636 λάϐοι
1584 2582 1682 2653 τὴν
1724 2583 1875 2636 ἀντι-

287 2664 524 2733 λογίαν;
581 2669 675 2722 καὶ⁸
718 2669 779 2722 τὸ
809 2672 920 2734 τοῖς
957 2669 1054 2724 τοῦ
1087 2670 1223 2725 Θεοῦ
1252 2672 1347 2728 καὶ
1377 2672 1591 2744 Πατρδς
1634 2675 1874 2745 ἐπιμαρ-

286 2757 573 2828 τυρεῖσθαι
595 2758 1052 2832 πλεονεκτήμασι,
1084 2765 1237 2816 ποῖον
1262 2762 1344 2817 ἔτι
1369 2763 1527 2819 δώσει
1556 2765 1669 2829 τοῖς
1698 2764 1877 2835 φιλεγ-

286 2848 530 2919 κλήμοσι
578 2851 681 2921 τῆς
725 2851 1054 2923 δυστροπίας
1101 2854 1192 2910 τὸν
1233 2857 1477 2927 τρόπον;
1528 2858 1637 2912 Καὶ
1681 2856 1813 2927 γοῦν
1848 2860 1878 2912 ὁ

284 2939 339 2991 Ν
346 2939 608 3009 ικόὶημος
623 2936 727 3012 (εἷς
744 2941 805 2996 δὲ
819 2938 887 3014 ἦν
902 2936 1059 3008 οὗτος
1072 2944 1182 2999 τῶν
1206 2948 1336 3017 παρ’
1360 2947 1591 3011 ἐκείνοις
1620 2947 1764 3019 καθη
1772 2965 1876 3019 γη-

283 3027 427 3093 τῶν,
453 3031 546 3082 καὶ
574 3031 632 3082 ὲν
660 3033 771 3095 τοῖς
791 3031 853 3084 τὸ
873 3031 1057 3103 ἄρχειν
1090 3033 1315 3104 λαχοῦσι
1348 3035 1874 3106 κατατεταγμένος),

1971 1958 2033 2003 ιιι
2070 1948 2321 2013 diceres:
2353 1946 2533 2005 Nolite
2561 1947 2619 2003 in
2680 1947 2977 2019 Egyptum
3009 1946 3311 2017 ingredi".
3354 1966 3374 1999 ι
3435 1947 3542 2003 De-

1970 2040 2300 2095 monstratio
2332 2052 2465 2094 vero
2507 2053 2631 2109 quae
2681 2053 2779 2108 per
2831 2037 3099 2092 miracula
3130 2037 3211 2099 lit,
3265 2039 3544 2107 quomodo

1971 2130 2145 2187 refelli
2177 2130 2403 2201 poterit,
2447 2137 2500 2185 et
2528 2128 2623 2184 Dei
2671 2142 2736 2182 ac
2785 2127 2965 2182 Patris
3003 2129 3378 2198 praerogativis
3412 2144 3541 2198 pro-

1974 2223 2115 2287 bari,
2146 2236 2310 2293 quam
2340 2219 2698 2292 malignitatis
2741 2216 2902 2290 245
2956 2218 3225 2273 rationem
3283 2220 3545 2287 praabehit

1974 2312 2406 2385 reprehendendi
2447 2310 2706 2380 cupidis?
2762 2308 3102 2364 Nicodemus
3132 2309 3364 2379 quippe,
3401 2325 3543 2363 unus

1973 2421 2038 2463 ex
2068 2405 2391 2461 doctoribus
2413 2411 2467 2459 et
2506 2402 2846 2474 principibus
2872 2399 3213 2465 Iudaeorum,
3249 2400 3546 2455 miraculo-

1976 2511 2096 2552 rum
2124 2494 2500 2552 tcstimonium
2534 2492 2904 2549 certissimum
2927 2498 2982 2547 et
3017 2489 3383 2545 indubitatum
3425 2505 3546 2546 esse

1976 2588 2251 2653 credebat,
2282 2586 2472 2641 dicens
2502 2603 2515 2639 :
2552 2604 2571 2637 ι
2605 2583 2799 2649 Rahbi,
2833 2582 3041 2639 scimus
3082 2582 3210 2652 quia
3245 2595 3275 2635 a
3306 2579 3417 2636 Deo
3448 2596 3545 2634 vc-

1975 2679 2104 2734 nisti
2132 2677 2430 2746 magister;
2459 2689 2622 2730 nemo
2643 2675 2786 2730 enim
2814 2680 2995 2743 potest
3034 2671 3149 2727 haec
3179 2671 3335 2741 signa
3369 2670 3567 2745 facere.

1975 2782 2098 2840 qua:
2128 2775 2188 2823 tu
2223 2766 2395 2831 facis,
2436 2766 2543 2822 nisi
2575 2765 2737 2821 fuerit
2776 2762 2918 2818 Deus
2950 2777 3074 2816 cum
3124 2776 3190 2815 eo
3211 2761 3279 2815 ".
3322 2779 3341 2811 ι
3377 2759 3547 2826 Quasi

1977 2873 2107 2928 ergo
2132 2872 2202 2913 ne
2238 2858 2355 2927 ipse
2382 2855 2602 2925 quidem
2629 2853 2871 2925 Baptista
2899 2850 3291 2905 malevolorum
3331 2848 3548 2904 Iudaeo-

1976 2963 2097 3004 rum
2129 2944 2564 3000 incredulitatem
2586 2942 2827 3012 eﬂ‘ugiat,
2859 2937 2953 3007 qui
2984 2937 3167 2992 verbis
3200 2945 3361 2993 tenus
3392 2938 3549 2995 testi-

1977 3036 2218 3092 monium
2272 3033 2522 3105 protulit,
2570 3045 2790 3087 rursum
2822 3043 3012 3086 eorum
3052 3042 3234 3085 mores
3284 3028 3549 3099 quodam-

276 3120 691 3193 ἀναντίρρητον
726 3123 962 3194 τὴν-ἀπὸ
993 3128 1104 3178 τῶν
1132 3126 1427 3197 θαυμάτων
1471 3126 1707 3180 ἐποιεῖτο
1736 3113 1872 3199 μαρ·

1980 3126 2146 3182 modo
2202 3122 2528 3196 perstringit
2589 3121 2819 3177 dicens:
2876 3113 3274 3175 Testimonium
3331 3117 3547 3187 quidem

280 3210 491 3280 τυρίαν
519 3212 695 3279 λέγων
722 3229 736 3244 °
773 3231 793 3265 ι
828 3215 1038 3280 Ῥαϐϐὶ,
1066 3217 1288 3287 οἴδαμεν
1320 3217 1402 3271 ὅτι
1443 3217 1552 3271 ἀπὸ
1581 3217 1716 3271 Θεοῦ
1753 3218 1879 3290 ἐλή-

280 3300 465 3365 λυθας
510 3301 828 3368 διδάσκαλος
854 3321 868 3336 ο
919 3305 1095 3371 οὐδεὶς
1142 3309 1254 3379 γὰρ
1296 3307 1520 3362 δύναται
1565 3307 1633 3362 τὰ
1678 3312 1878 3381 σημεῐα

283 3390 475 3444 ταῦτα
531 3396 703 3446 ποιεῖν
736 3394 772 3448 ἃ.
810 3397 874 3450 σὺ
902 3400 1095 3461 ποιεῖς,
1127 3399 1221 3452 ἐὰν
1250 3394 1377 3471 μ.ὴῇ
1411 3401 1439 3452 ὁ
1468 3398 1599 3463 Θεὸς
1633 3401 1749 3469 μετ’
1778 3402 1879 3455 αὐ-

284 3481 421 3538 τοῦ.
452 3502 471 3534 ι
526 3484 612 3548 Ὠς
638 3480 731 3540 οὖν
761 3486 862 3540 οὐκ
889 3488 1231 3552 ἐκϐαίνοντος
1262 3490 1362 3561 τὴν
1406 3490 1672 3544 Ἰουδαίων
1710 3493 1880 3546 κακό-

277 3590 450 3628 νοιαν
492 3575 588 3628 τοῦ
633 3577 732 3630 καὶ
764 3578 926 3632 αὑτὸν
960 3579 1306 3632 ἀπιστεῖσθαι
1345 3578 1440 3632 τὸν
1488 3579 1643 3648 ἅγιον
1672 3580 1878 3635 Βαπτι-

282 3665 455 3730 στὴν,
481 3666 605 3718 ὅσον
631 3662 735 3737 ἧκε
764 3668 864 3738 τὴν
890 3670 970 3732 εἰς
1003 3668 1194 3738 λόγους
1228 3669 1534 3741 μαρτυρίαν
1566 3672 1879 3741 εἰσάγοντα,

280 3755 480 3821 πάλιν,
528 3755 604 3820 ὡς
647 3759 704 3810 ἐν
749 3759 889 3829 ἤθει,
925 3760 1097 3831 φησί·
1156 3778 1177 3811 ι
1205 3761 1614 3832 Μεμαρτύρηκε
1665 3764 1763 3833 μὲν
1812 3766 1877 3836 τῇ

279 3846 551 3918 ἀληθείᾳ,
583 3849 761 3903 καίτοι
795 3852 926 3920 παρ’
961 3852 1115 3922 ὑμῶν
1140 3852 1516 3924 ἐρωτώμενος,
1549 3856 1577 3907 ὁ
1612 3853 1882 3925 μακάριος

282 3938 608 4010 Βαπτιστής
628 3956 642 3970 ο
686 3940 799 3993 ἀλλ’
838 3943 1071 4012 ἐπείπερ
1098 3942 1225 4012 ὑμῖν
1264 3943 1680 4016 ἀνεπιχείρητον
1705 3944 1879 4008 οὐδὲν,

282 4024 393 4080 καὶ
438 4028 825 4097 ῥιψοκινδύνως
864 4032 957 4083 ἐπὶ
999 4032 1179 4084 πᾶσαν
1216 4033 1351 4086 ἱέναι
1391 4032 1659 4106 λοιδορίαν
1697 4034 1882 4088 κατεί-

277 4114 502 4177 θισται,
519 4117 613 4168 καὶ
632 4116 727 4186 τὴν
755 4119 989 4182 ἐκείνου,
1009 4121 1147 4174 κατὰ
1167 4120 1227 4174 τὸ
1245 4122 1411 4187 είκδς,
1432 4122 1883 4195 παρεκρούσασθε

283 4205 502 4274 φωνήν.
533 4206 757 4291 ,Ἐπειδὴ
787 4207 842 4261 δὲ
871 4208 1046 4279 ὀρθῶς
1076 4212 1203 4283 ὑμῖν
1234 4211 1379 4282 ἔχειν
1409 4214 1504 4267 καὶ
1524 4212 1685 4267 τοῦτο
1712 4213 1879 4281 δοκεῖ,

281 4295 441 4346 ἔστω
460 4294 548 4364 δὴ,
566 4295 822 4368 πείθομαι
842 4302 1021 4370 τυχὸν,
1044 4308 1327 4361 κατανεύω
1353 4305 1450 4359 σὺν
1476 4305 1624 4376 ὑμῖν,
1650 4306 1885 4377 ἀποστή-

287 4400 466 4451 σομαι
513 4383 579 4436 δι’
637 4385 781 4456 ὑμᾶς
826 4390 919 4441 καὶ⁹
959 4393 1056 4461 τῆς
1098 4392 1344 4447 Ἰωάννου
1396 4394 1615 4464 φωνῆς,
1662 4393 1756 4448 καὶ
1784 4393 1884 4465 τὴν

1980 3213 2255 3285 perhibuit
2289 3211 2503 3267 veritati
2525 3210 2594 3279 ⁸³,
2626 3208 2754 3264 licet
2776 3223 2806 3263 a
2832 3206 2990 3263 vobis
3010 3207 3385 3277 interrogatus
3422 3206 3549 3261 hea-

1979 3312 2071 3360 tus
2104 3303 2383 3373 Baptista;
2424 3300 2519 3357 sed
2543 3300 2672 3371 quia
2705 3297 2841 3353 nihil
2884 3296 3212 3351 intentatum
3247 3295 3399 3350 vobis
3440 3306 3547 3361 est,

1980 3402 2034 3451 et
2059 3397 2113 3449 in
2140 3407 2301 3450 omne
2329 3408 2500 3464 genus
2536 3390 2771 3446 convicii
2798 3401 2959 3443 ruere
2988 3384 3175 3442 soletis
3193 3427 3208 3452 ,
3236 3385 3383 3440 illius
3413 3401 3551 3456 quo-

1981 3500 2091 3556 que
2109 3499 2321 3546 vocem,
2358 3491 2415 3537 ut
2442 3481 2722 3553 probabile
2748 3489 2833 3536 est
2850 3478 3140 3550 rcjecistis.
3165 3476 3272 3532 Sed
3294 3478 3550 3547 quoniam

1979 3583 2191 3631 rectum
2210 3574 2353 3631 istud
2381 3588 2503 3629 esse
2535 3586 2753 3644 quoque
2780 3570 3007 3641 putatis,
3031 3576 3152 3624 esto
3179 3578 3360 3623 certe:
3387 3582 3553 3638 pareo

1980 3667 2196 3731 lubens,
2230 3680 2413 3719 annuo
2441 3664 2746 3726 vobiscum,
2788 3659 3018 3717 Joannis
3059 3673 3246 3715 vocem
3288 3659 3343 3713 in
3379 3658 3551 3713 vestri

1981 3757 2212 3828 gratiam
2250 3757 2514 3828 rejiciam,
2543 3762 2598 3809 et
2648 3754 2795 3809 illius
2839 3751 3211 3808 testimonium
3267 3750 3550 3806 vobiscum

1982 3846 2298 3918 repudiabo.
2347 3844 2535 3901 Habeo
2563 3858 2859 3914 supernum
2895 3849 3108 3906 testem,
3140 3839 3354 3894 Patrem
3383 3838 3551 3895 nimi-

1982 3951 2125 3991 rum.
2156 3936 2369 3991 Rursus
2399 3942 2579 3989 autem
2603 3933 2900 3988 ostendens
2931 3931 3189 3987 assentiri
3222 3945 3281 3984 se
3316 3945 3382 3985 ex
3410 3943 3550 3985 con-

1982 4026 2210 4087 ditione.
2244 4026 2453 4080 utiliter
2496 4023 2775 4093 subiungit
2813 4039 2829 4076 :
2860 4021 2966 4077 Sed
2998 4021 3114 4075 haec
3144 4020 3301 4085 dico,
3355 4027 3413 4073 ut
3452 4034 3552 4075 vos

1981 4118 2121 4173 salvi
2149 4117 2290 4181 sitis,
2326 4115 2377 4169 id
2408 4123 2512 4177 est,
2542 4113 2853 4169 istiusmodi
2879 4112 3045 4166 verba
3074 4112 3139 4165 ad
3164 4125 3262 4165 vos
3291 4108 3419 4171 feci,
3443 4121 3551 4160 non

1983 4207 2128 4280 quod
2169 4208 2242 4261 ita
2270 4221 2330 4261 se
2360 4206 2562 4260 veritas
2606 4204 2826 4269 habeat,
2860 4202 2957 4257 sed
2984 4217 3052 4257 ex
3113 4202 3450 4262 conditione,
3494 4207 3555 4252 ut

1982 4315 2083 4356 vos
2106 4298 2368 4353 nimirum
2399 4296 2546 4349 omni
2598 4295 2812 4348 ratione
2865 4293 3003 4349 salvi
3060 4291 3204 4347 sitis.
3260 4292 3435 4360 Atque
3465 4292 3559 4346 hic

1985 4399 2135 4446 certe
2167 4385 2394 4444 secundi
2430 4385 2556 4440 libri
2584 4383 2744 4439 nobis
2773 4382 2897 4438 ﬁnis
2926 4382 3053 4437 erit.

285 4493 512 4548 ἐκείνου
564 4495 869 4565 μαρτυρίαν
900 4499 1013 4569 μεθ’
1046 4500 1197 4569 ὑμῶν
1224 4503 1675 4573 παραγράψομαι.
1718 4504 1868 4574 Ἔχω
1904 4504 1996 4558 τὸν
2023 4501 2228 4558 ἄνωθεν
2254 4496 2639 4571 μαρτυροῦντα
2659 4495 2897 4566 Πατέρα.
2927 4493 3201 4547 Διδάσκων
3254 4492 3313 4546 δὲ
3374 4491 3558 4551 πάλιν.

283 4590 377 4641 ὅτι
403 4586 707 4640 συναίνεσιν
737 4588 1058 4661 ὑποθετικὴν
1086 4594 1115 4645 ὁ
1149 4592 1304 4662 λόγος
1336 4594 1535 4657 ὼδίνει,
1567 4594 1869 4664 χρησίμως,
1910 4597 2179 4666 ἐπήνεγκε
2206 4610 2219 4622 ·
2263 4611 2279 4642 ι
2309 4590 2492 4643 Ταῦτα
2539 4587 2783 4656 δὲλέγω,
2815 4585 2901 4638 ἵνα
2934 4585 3088 4657 ὑμεῖς
3122 4581 3355 4654 σωθῆτε·
3386 4604 3405 4636 ι
3438 4586 3559 4641 ἀντὶ

287 4678 411 4741 τοῦ,
447 4680 588 4743 Τοὺς
612 4679 890 4745 τοιούτους
923 4682 1057 4754 πρὸς
1102 4683 1246 4754 ὑμᾶς
1295 4686 1639 4756 ἐποιησάμην
1676 4685 1884 4754 λόγους,
1923 4688 2022 4756 οὐχ
2049 4687 2222 4748 οὕτως
2285 4682 2516 4754 ἐχούσης
2557 4680 2658 4751 τῆς
2708 4676 2985 4749 ἀληθείας,
3030 4677 3144 4731 ἀλλ’
3202 4676 3558 4744 ὑποθετικῶς,
3668 4676 3673 4685 ’

289 4774 385 4826 ἵνα
434 4772 594 4843 ὑμεῖς
642 4772 730 4826 διὰ
779 4775 979 4839 παντὸς
1013 4775 1257 4847 σώζησθε
1290 4776 1516 4848 τρόπου.
1558 4777 1671 4831 Καὶ
1717 4778 1877 4848 μέχρι
1914 4778 1978 4851 δὴ
2006 4777 2283 4833 τούτουιτὺ
2309 4775 2559 4846 δεύτερον
2589 4774 2721 4845 ἡμῖν
2749 4770 2953 4842 βιϐλίον
2979 4772 3256 4841 στήσεται.

374 4945 418 4977 ⁸⁸
455 4946 648 5002 Matth.
686 4962 772 5013 ιιι,
812 4949 868 5006 5.
942 4949 989 4984 ⁸⁵
1026 4949 1229 5007 Jercm.
1270 4966 1426 5018 XLIII,
1456 4951 1512 5007 2.
1589 4952 1635 4985 "
1671 4949 1814 5007 lbid.

1976 4950 2132 5007 Joan.
2163 4965 2246 5017 ιιι,
2282 4950 2333 5003 l.
2418 4948 2466 4981 ⁸³
2503 4947 2662 5003 Joan.
2696 4963 2738 5014 ι,
2770 4947 2863 5003 52.
