4078 6262
271 248 374 305 601

1256 250 1326 306 ΙΝ
1371 249 1661 309 JOANNIS
1700 249 2152 311 EV'ANGELIUM
2191 255 2317 311 Ll-B.
2361 257 2446 312 Ill.

3413 259 3517 317 402

270 361 371 414 ύπό
407 377 502 414 του
544 359 864 434 λεγόμενον·
902 381 920 414 ι
973 362 1220 432 Ἀγαθῶν
1259 365 1368 436 γὰρ
1409 367 1588 420 πόνων
1631 366 1826 437 καρπὸς

1947 382 2169 424 rursum
2208 374 2410 437 ferecti,
2454 373 2600 429 bono
2637 382 2692 430 et
2725 375 3075 432 misericordi
3108 376 3220 433 Deo
3254 394 3356 436 nos
3413 395 3514 449 gu—

267 450 515 520 εὐκλεής.
559 470 580 504 ι
611 453 748 524 Φέρε
778 453 842 525 δὴ
867 450 956 509 οὖν
985 455 1065 518 είς
1094 454 1354 526 εὔτολμον
1402 457 1564 510 πάλιν
1611 457 1838 512 ἀναδαίο

266 557 451 606 νοντες
494 544 780 614 φρόνημα,
818 545 894 616 τῷ
947 548 1044 617 μὲν
1091 548 1280 616 ἀγαθῷ
1328 549 1424 602 καὶ
1473 549 1837 621 φιλανθρώπῳ

266 630 386 701 Θεῷ
411 632 480 695 τὰ
507 635 628 689 καθ’
658 639 805 706 ἡμᾶς
827 638 1232 711 οίακοστροφεῖν
1260 641 1645 713 ὲπιτρέπωμεν
1667 657 1682 672 ·
1707 644 1839 697 ἀνα-

269 723 606 789 πετάσαντες
655 729 759 799 γάρ
813 729 1062 802 καθάπερ
1118 732 1285 785 ἱστίον
1332 733 1433 802 τῆς
1489 735 1725 798 διανοίας
1777 735 1839 788 τδ

268 813 492 879 πλάτος,
520 818 611 871 καὶ
632 819 728 889 τὴν
747 819 840 872 τοῦ
871 821 1189 892 Πνεύματος
1219 825 1380 897 χάριν
1410 825 1838 896 ἐγκολπούμενοι

268 904 517 976 καθάπερ
539 909 603 960 ἐκ
639 909 896 980 πρύμνης
939 913 1129 980 οὐρίαν
1159 913 1300 985 ἠχὴν
1323 955 1337 978 ,
1376 918 1456 979 είς
1488 917 1708 986 βαθεῖαν
1741 920 1838 971 ὲκ-

265 991 544 1064 τρέχωμεν
592 995 838 1069 ζήτησιν.
881 1001 1115 1072 Χριστὸς
1151 1003 1260 1073 γάρ
1307 1005 1454 1058 ἐστιν
1499 1007 1528 1058 ὁ
1573 1006 1748 1071 διδοὺς
1779 1009 1838 1060 tv

271 1080 500 1154 θαλάσσῃ
540 1085 692 1150 ὁδὸν,
743 1087 840 1141 καὶ
881 1091 940 1142 tv
970 1089 1121 1143 ὕδατι
1161 1092 1366 1162 τρίϐον.
1408 1093 1688 1164 Κατέληξε
1739 1097 1838 1166 μὲν

268 1168 358 1225 οὖν
387 1174 444 1226 τὸ
471 1175 724 1248 δεύτερον
760 1180 896 1248 ἡμῖν
943 1179 1168 1249 βιϐλίον,
1204 1183 1264 1236 tv
1307 1183 1403 1254 τῷ,
1447 1203 1466 1236 t
1520 1185 1660 1254 Ἐγὼ
1687 1186 1744 1240 δὲ
1775 1186 1836 1239 οὐ

266 1264 414 1333 παρὰ
434 1265 723 1337 ἀνθρώπου
750 1269 850 1341 τὴν
878 1273 1183 1345 μαρτυρίαν
1206 1274 1487 1344 λαμϐάνω,
1513 1277 1648 1330 ἀλλά
1665 1277 1840 1332 ταῦτα

263 1352 425 1423 λέγω.
461 1357 548 1409 ἴνα
573 1358 731 1428 ὑμεῖς
761 1361 991 1430 σωθῆτε.
1023 1381 1042 1427 ι
1070 1365 1392 1436 Ἀρξὼμεθα
1421 1367 1478 1421 δὲ
1502 1368 1598 1420 τοῦ
1627 1369 1836 1440 τρίτου,

263 1447 539 1517 στοιχηδὸν
566 1450 1027 1518 ὲπισυνάπτοντες
1051 1455 1120 1510 τά
1163 1457 1364 1528 ἑφεξῆς
1403 1461 1530 1531 περὶ
1555 1458 1650 1514 τοῦ
1676 1461 1836 1530 ἁγίου

260 1533 600 1604 Βαπτιστοῦ,
621 1541 874 1610 λέγοντος
905 1545 997 1598 τοῦ
1031 1547 1269 1618 Χριστοῦ
1290 1566 1306 1582 ·

345 1626 607 1694 Ἐκεῖνος
656 1627 738 1701 ἦν
785 1635 818 1686 d
854 1635 1087 1703 λύχνος
1126 1639 1158 1691 ὁ
1203 1640 1517 1708 καιόμενος
1562 1641 1658 1696 καί
1701 1642 1838 1710 φαί-

255 1733 403 1770 νων·
442 1719 610 1786 ὑμεῖς
641 1721 709 1774 δὲ
749 1723 1090 1791 ἠθελήσατε
1144 1729 1626 1802 ἁγαλλιασθῆναι
1684 1733 1836 1802 πρὸς

254 1805 422 1874 ὤραν
465 1810 535 1862 ἐν
566 1810 646 1876 τῷ
673 1814 818 1881 φωτὶ
855 1816 1064 1874 αὐτοῦ.

333 1896 544 1969 Λύχνῳ-
567 1904 892 1971 παρεικάζει
925 1906 1014 1959 τὸν
1068 1907 1236 1978 ἆγιον»
1272 1912 1614 1984 Βαπτιστὴν,
1652 1913 1745 1968 ἅτε
1773 1915 1836 1987 δὴ

255 1987 403 2078 κατά
431 1988 493 2041 τὸ
527 1995 804 2061 προσεῖναι
828 1998 1070 2066 πεφυκὸς
1115 2000 1389 2074 ἀνθρώπῳ
1435 2004 1656 2075 μέτρον,
1703 2023 1840 2078 προ-

252 2077 661 2149 αναλάμψαντα.
693 2085 792 2154 μὲν
834 2087 932 2156 τῆς
974 2091 1278 2161 παρουσίας
1319 2093 1517 2157 αὑτοῦ,
1560 2095 1700 2166 πλὴν
1732 2077 1836 2153 οὐκ

256 2167 376 2258 ἰδίῳ
406 2172 745 2242 κεχρημένον
770 2177 948 2245 φωτί·
978 2179 1036 2232 ού
1073 2180 1182 2252 γὰρ
1214 2181 1342 2236 ἴδιον
1369 2183 1428 2237 tv
1461 2183 1538 2253 τῷ
1566 2185 1745 2258 λύχνῳ
1769 2185 1834 2242 τὸ

252 2257 393 2324 φῶς,
421 2259 550 2313 ἀλλ’
579 2261 776 2326 ἔξωθέν
813 2282 873 2318 τε
912 2269 1007 2321 καὶ
1041 2271 1277 2324 ἐπακτὸν
1319 2273 1412 2326 καὶ
1441 2257 1832 2349 προστεθειμέ-

249 2365 372 2401 νον·
406 2350 549 2405 οὕτω
567 2353 614 2408 δ’
637 2353 703 2408 ἂν
731 2355 862 2420 ίδοις
884 2359 978 2411 καὶ
1009 2360 1100 2413 τὸν
1125 2363 1181 2414 ὲν
1208 2363 1383 2430 ἁγίοις
1408 2366 1560 2436 παρὰ
1589 2367 1830 2437 Χριστοῦ

251 2439 534 2509 φωτισμὸν
564 2441 622 2496 tv
653 2443 947 2514 Πνεύματι.
982 2449 1075 2502 Διὸ
1103 2450 1167 2520 δὴ
1202 2453 1296 2505 καὶ
1337 2453 1456 2508 λίαν
1488 2457 1830 2529 εὐγνωμονέ-

249 2543 426 2580 στατα
468 2530 562 2584 καὶ
605 2534 928 2604 φρονοῦντες
959 2539 1055 2592 καὶ
1081 2542 1434 2609 πράττοντες,
1473 2547 1626 2602 αὐτοὶ
1657 2549 1723 2603 δι’
1751 2553 1830 2605 ob-

247 2618 416 2713 κείας
439 2621 759 2713 ὁμολογοῦσι
787 2630 994 2698 φωνῆς·
1036 2651 1058 2684 ο
1097 2634 1218 2688 ’Ότι
1247 2636 1312 2688 ὲκ
1337 2636 1432 2690 τοῦ
1462 2639 1830 2713 πληρώματος

246 2707 416 2804 αὐτοῦ
460 2710 624 2804 ἡμεῖς
667 2713 868 2778 πάντες
907 2718 1195 2790 ἐλάϐομεν.
1235 2742 1255 2775 ι
1301 2725 1421 2789 Φῶς
1449 2707 1680 2804 μινῆάρ
1710 2707 1827 2788 ἐστι

431 2797 593 2866 φύσιν
617 2804 646 2856 ὀ
667 2805 982 2878 Μονογενὴς
1003 2851 1016 2873 ,
1067 2810 1163 2865 ἀτε
1188 2813 1252 2887 δὴ
1281 2816 1372 2870 καὶ
1397 2819 1460 2872 ἐκ
1489 2797 1666 2888 φωτὸς
1694 2823 1828 2877 ἀνα-

242 2887 492 2982 λάμψας,
531 2893 632 2982 τῆς
661 2895 770 2982 γτοῦ
824 2899 1037 2970 Πατρὺς
1079 2903 1268 2968 οὐσίας
1315 2907 1485 2978 φημί·
1520 2912 1735 2982 μετέχει
1767 2913 1826 2968 δὲ

1940 457 2254 515 bernandos
2302 463 2610 518 tradamus.
2644 464 2857 522 Nostras
2901 467 3102 538 quippe
3135 469 3337 522 mentis
3386 470 3514 523 lati-

1939 549 2184 603 tudinem
2207 565 2306 605 ceu
2335 552 2514 606 velum
2547 555 2910 623 explicantes,
2955 564 3010 611 et
3058 559 3239 628 gratia
3273 557 3512 628 Spiritus

1938 656 2047 696 non
2086 658 2246 698 secus
2273 658 2335 697 ac
2363 655 2392 697 a
2424 659 2584 714 prora
2614 648 2860 702 secundo
2893 658 3056 705 vento
3092 652 3146 706 in
3173 652 3352 706 sinum
3389 667 3515 706 sus-

1939 747 2135 807 cepto,
2209 737 2264 791 in
2324 739 2654 807 profundam
2713 743 3070 811 quastionem
3129 758 3510 800 excurramus.

1938 826 2193 882 Christus
2221 829 2366 883 enim
2401 831 2606 900 estqui
2655 829 2800 884 viam
2835 832 2889 885 in
2941 831 3086 887 mari
3135 833 3418 900 ostendit,
3457 842 3514 889 et

1939 918 2191 972 semitam
2217 919 2272 972 in
2311 933 2452 989 aqua
2508 917 2674 991 248
2722 920 2871 974 forti.
2920 919 3093 976 Desiit
3141 922 3328 992 itaque
3373 923 3514 978 liber

1939 1007 2217 1064 secundus
2245 1011 2299 1063 in
2341 1011 2451 1064 illis
2491 1011 2674 1066 verbis
2714 1028 2728 1065 :
2763 1031 2782 1063 ι
2813 1010 2924 1082 Ego
2951 1021 3135 1068 autem
3162 1027 3272 1068 non
3315 1015 3383 1069 ab
3414 1014 3514 1070 hc-

1939 1099 2085 1153 mine
2131 1100 2507 1156 testimonium
2561 1102 2792 1171 accipio,
2855 1103 2950 1158 sed
2981 1103 3098 1160 haec
3129 1105 3253 1160 dico
3301 1113 3360 1159 ut
3414 1122 3512 1161 vos

1939 1188 2076 1243 salvi
2111 1190 2320 1247 silis".
2356 1209 2374 1242 ι
2401 1193 2802 1263 Aggrediamur
2830 1208 2960 1248 vero
3002 1195 3246 1260 tertium,
3280 1195 3514 1266 conjun-

1939 1287 2130 1350 gentes
2157 1281 2350 1337 ordine
2378 1298 2501 1352 quae
2549 1291 2862 1355 sequuntur
2893 1283 2961 1340 de
2989 1293 3185 1357 sancto
3241 1286 3510 1357 Baptista,

1937 1367 2156 1425 dicente
2183 1369 2408 1427 Christo
2437 1391 2451 1426 :
2629 1353 2642 1355 _
3014 1353 3028 1372 ’

2010 1632 2078 1696 V,
2137 1635 2229 1690 35.
2292 1635 2392 1690 Ille
2457 1645 2572 1692 erat
2633 1638 2846 1694 lucerna
2913 1637 3106 1693 ardens
3173 1647 3224 1693 et
3273 1639 3452 1693 lucens
3492 1653 3510 1690 :

1938 1741 2026 1779 vos
2071 1734 2244 1779 autent
2305 1727 2546 1782 voluistis
2603 1727 2684 1781 ad-
2736 1728 2923 1782 horam
2969 1728 3236 1783 exsultare
3285 1729 3341 1782 in
3399 1729 3512 1782 luce

1934 1816 2070 1884 ejus.

2004 1905 2268 1961 Lucernae
2307 1915 2592 1976 comparat
2646 1915 2900 1963 sanctum
2947 1906 3269 1978 Baptistam,
3307 1908 3509 1979 quippe

1933 1998 2050 2068 qui,
2100 2006 2368 2068 quantum
2421 1998 2476 2052 in
2520 1998 2796 2055 hominem
2834 1997 3032 2055 cadere
3060 2006 3262 2070 potest,
3299 1999 3507 2054 Christi

1933 2087 2189 2142 adventui
2231 2088 2570 2154 praeluxerit,
2617 2096 2994 2144 verumtamen
3029 2092 3254 2160 praprio
3301 2089 3510 2144 lumine

1933 2193 2069 2234 usus
2101 2194 2210 2233 non
2239 2191 2364 2234 est:
2400 2194 2509 2233 non
2555 2179 2704 2234 enim
2735 2180 3017 2250 proprium
3055 2189 3141 2236 est
3194 2181 3252 2235 in
3282 2181 3507 2234 lucerna

1931 2269 2150 2332 lumen,
2205 2269 2304 2326 sed
2353 2269 2703 2326 extrinsecus
2753 2270 3006 2338 advenit,
3066 2278 3122 2325 et
3167 2270 3502 2326 asciscitnr:

1931 2357 2246 2412 istiusmodi
2269 2372 2491 2429 quoque
2521 2359 2713 2414 videre
2746 2360 2872 2414 licet
2904 2361 2958 2414 in
2989 2361 3196 2415 sanctis
3229 2360 3507 2413 illumina-

1932 2451 2134 2505 tionem
2171 2465 2202 2504 a
2241 2451 2464 2506 Christo
2518 2451 2571 2505 in
2623 2451 2848 2520 Spiritu.
2882 2451 3039 2509 Unde
3067 2453 3170 2522 ipsi
3199 2451 3504 2522 gratissimi

1929 2542 2099 2595 animi
2129 2557 2297 2597 sensu
2343 2541 2520 2611 palam
2574 2542 2722 2597 istud
2755 2542 3078 2613 proﬁtentur
3129 2561 3143 2597 :
3187 2561 3205 2594 ι
3252 2542 3387 2608 Quia
3436 2542 3505 2598 de

1930 2633 2274 2702 plenitudine
2298 2634 2421 2704 ejus
2443 2649 2547 2689 nos
2563 2648 2758 2690 omnes
2775 2635 3091 2704 accepimus
3109 2634 3175 2688 9".
3189 2633 3335 2688 )Lux
3354 2634 3504 2689 enim

1927 2733 2012 2781 est
2047 2726 2346 2781 secundum
2373 2733 2632 2778 naturam
2677 2725 3000 2796 Unigenitus
3021 2765 3036 2789 ,
3081 2727 3284 2797 quippe
3309 2726 3402 2795 qui
3433 2741 3502 2781 ex

1929 2816 2052 2871 luce
2089 2831 2330 2886 quoque,
2357 2817 2539 2898 Patris
2571 2816 2830 2870 nimirum
2859 2816 3124 2871 eﬂ‘ulscrit
3148 2818 3454 2873 substantia
3485 2840 3497 2872 :

1926 2910 2049 2980 ejus
2103 2919 2287 2965 autem
2346 2899 2629 2980 particeps
2666 2918 2923 2965 creatura
2981 2921 3086 2974 est,
3143 2919 3198 2966 et
3247 2911 3500 2981 quisquis

240 2976 272 3044 ἠ
298 2977 488 3042 κτίσις
519 2981 708 3035 αὐτοῦ·
748 2985 841 3038 καὶ
878 2988 987 3040 πᾶν
1017 2988 1072 3042 sl
1103 3007 1156 3044 τι
1191 2994 1289 3064 τὴν
1317 2976 1410 3048 τοῦ
1441 2976 1818 3066 λογικεύεσθαι

1926 2976 2286 3056 ratiocinandi
2323 2976 2680 3072 s—apiendi-que
2714 3003 2764 3055 vi
2798 3002 3066 3072 praeditus
3093 3010 3200 3068 est,
3232 2976 3329 3057 vas
3364 2976 3504 3072 quo-

239 3068 338 3162 καὶ
382 3074 600 3162 φρονεῖν
633 3074 897 3144 ἐπάγεται
926 3077 1176 3151 δύναμιν,
1226 3084 1417 3149 σκεῦος
1452 3085 1640 3162 ὥσπερ
1677 3092 1826 3146 ἐστὶν

233 3158 312 3254 εἰς
376 3159 437 3212 τὸ
488 3161 746 3254 δύνασθαι
808 3168 954 3222 θείου
1001 3173 1336 3244 πληροῦσθαι
1371 3181 1566 3248 φωτὸς,
1612 3158 1826 3254 ’ἄριστα

231 3247 312 3318 διη
333 3252 629 3321 ρτισμένον
671 3256 776 3310 ὑπὸ
816 3259 910 3312 τοῦ
953 3262 1168 3316 πάντων
1233 3247 1614 3341 ἀριστοτέχνου
1665 3247 1824 3333 Θεοῦ.

231 3341 568 3437 Λύχνος-οὖν
594 3349 914 3437 ὀγμακάριος
936 3353 1266 3428 Βαπτιστὴς,
1294 3361 1433 3414 κατὰ
1453 3362 1542 3415 τὸν
1568 3364 1670 3435 ἤδη
1693 3383 1826 3437 προ-

231 3433 580 3490 απωδοθέντα
625 3436 802 3506 λόγον.
838 3441 1009 3496 Τοῦτο
1055 3445 1112 3497 δὲ
1143 3445 1318 3515 λέγων
1346 3451 1374 3502 ὁ
1399 3433 1599 3522 Σωτὴρ.
1619 3433 1823 3508 οίκονο-

233 3523 428 3592 μιιεῶς
478 3526 604 3590 τοὺς
659 3529 920 3602 ἀνοήτους
960 3535 1282 3604 Φαρισαίους
1327 3539 1485 3594 καλεῖ
1524 3543 1658 3614 πρὸς
1694 3545 1825 3599 ὑπό-

233 3632 448 3686 μνησιν
463 3618 562 3688 τῆς
577 3619 670 3674 τοῦ
690 3620 824 3675 Θεοῦ
857 3625 950 3677 καὶ
974 3627 1185 3700 Πατρδς
1219 3634 1401 3703 φωνῆς
1436 3633 1686 3702 λέγοντός
1715 3655 1820 3693 που

234 3709 370 3798 περὶ
403 3708 570 3762 αὐτοῦ
592 3727 606 3741 ·
647 3729 666 3763 ι
703 3712 1005 3786 Ἤτοίμασα
1041 3718 1233 3790 λύχνον
1255 3722 1334 3793 τῷ
1364 3725 1585 3797 Χριστῷ
1621 3745 1745 3798 μου.
1795 3749 1814 3782 ι

237 3797 458 3868 Σφόδρα
503 3798 562 3890 δὲ
609 3802 894 3873 χρησίμως
940 3823 999 3859 τε
1048 3811 1141 3862 καὶ
1185 3811 1497 3881 ἀναγκαίως
1553 3797 1667 3880 τοῖς
1717 3818 1818 3890 ἤδη

238 3889 666 3979 προειρημένοις
716 3895 909 3964 ὲπάγει
977 3901 1094 3953 νυνὶ
1159 3902 1226 3956 τὰ
1275 3905 1503 3958 τοιαῦτα
1561 3889 1814 3979 Χριστός,

250 3977 470 4051 Ἐπειδὴ
507 3981 616 4052 γὰρ
657 3985 838 4038 πᾶσαν
863 3987 1167 4044 ἀποκλείων
1195 3995 1308 4057 τοῖς
1351 3977 1626 4061 Ἰουδαίοις
1647 3999 1818 4069 ἀφορ-

238 4069 346 4141 μὴν
385 4073 688 4138 ἀπειθείας,
724 4078 817 4130 καὶ
851 4083 1187 4152 πανταχόθεν
1231 4085 1431 4151 αὐτοὺς
1477 4091 1818 4147 συνελαύνων

234 4164 314 4224 είς
342 4163 404 4215 τὸ
445 4164 644 4233 χρῆναι
684 4169 1169 4244 πιστεύειν-αὐτῷ,
1218 4182 1488 4232 συναινεῖν
1524 4181 1668 4248 ἔδοξέ
1700 4200 1818 4248 πως

234 4255 317 4316 είς
358 4253 434 4343 τὸ
492 4255 568 4324 μὴ
621 4256 870 4327 δέχεσθαι
919 4260 1018 4331 τὴν
1079 4268 1206 4336 παρ’
1262 4269 1427 4323 αὐτοῦ
1483 4274 1813 4343 μαρτυρίαν,

1927 3091 2219 3148 dammodo
2268 3099 2354 3147 est
2402 3091 2474 3146 ab
2527 3092 2938 3162 sapientissimo
2988 3093 3357 3148 illo-universi
3419 3107 3504 3146 ar-

1927 3181 2174 3236 chitecto
2239 3180 2351 3236 Deo
2400 3181 2666 3250 praiclare
2711 3181 3004 3235 formatum
3049 3191 3108 3236 ut
3143 3180 3329 3236 divina
3379 3181 3500 3235 luce

1926 3269 2138 3338 impleri
2161 3277 2348 3338 queat.
2393 3269 2640 3324 Lucerna
2668 3269 2853 3339 itaque
2882 3277 2966 3323 est
2999 3269 3200 3323 beatus
3227 3267 3496 3337 Baptista,

1927 3369 1986 3415 ut
2018 3362 2131 3429 jam
2169 3361 2322 3430 prius
2355 3360 2561 3415 dictum
2599 3368 2705 3415 est.
2744 3359 2858 3415 Hoc
2886 3367 3068 3414 autem
3104 3358 3337 3413 dicendo
3375 3357 3498 3412 Sal-

1925 3458 2080 3504 vator
2121 3450 2385 3520 singulari
2409 3449 2648 3521 quodam
2681 3449 2917 3506 consilio
2940 3449 3142 3504 stultos
3187 3448 3496 3504 Pharismos

1923 3539 1992 3594 ad
2022 3539 2342 3594 memoriam
2377 3547 2600 3595 revocat
2649 3539 2770 3610 ejus
2807 3539 2956 3609 quod
3013 3538 3217 3593 alicubi
3253 3537 3400 3593 Deus
3433 3555 3499 3593 ac

1923 3631 2088 3685 Pater
2135 3631 2203 3687 de
2248 3632 2366 3702 ipso
2417 3633 2493 3688 ait
2543 3651 2559 3687 :
2619 3649 2638 3684 ι
2698 3630 2896 3685 Paravi
2948 3631 3227 3686 lucernam
3279 3630 3496 3684 Christo

1922 3725 2130 3778 meo".
2172 3742 2191 3775 ι
2234 3721 2408 3779 Valde
2463 3731 2645 3779 autem
2689 3723 2900 3776 utiliter
2957 3737 3022 3776 ac
3057 3723 3376 3777 necessario
3427 3722 3497 3776 iis

1921 3829 2043 3883 qua:
2068 3815 2181 3883 jam
2220 3814 2372 3884 prius
2403 3814 2550 3870 dicta
2582 3823 2713 3870 sunt
2755 3815 2867 3870 haac
2904 3814 3186 3884 subjnngit
3216 3812 3493 3867 Christus.

1920 3904 2056 3958 Nam
2101 3921 2227 3960 cum
2268 3906 2452 3960 visum
2501 3915 2651 3962 esset
2695 3914 2755 3961 ut
2804 3923 3025 3964 omnem
3084 3907 3495 3962 incredulitatis

1919 3999 2265 4052 occasionem
2288 3995 2496 4053 Iudaeis
2529 3998 2944 4063 intercluderet,
2986 4007 3041 4054 ct
3069 4000 3137 4054 ad
3165 4001 3215 4054 ei
3255 4000 3486 4054 creden-

1919 4086 2047 4141 dum
2074 4086 2198 4141 illos
2233 4087 2478 4155 undique
2509 4095 2750 4159 cogeret,
2791 4089 3198 4159 quodammodo
3232 4090 3494 4145 assentiri

1920 4192 1983 4231 ac
2009 4176 2196 4230 dicere
2246 4189 2306 4228 se
2344 4175 2412 4228 ab
2446 4175 2569 4244 ipso
2603 4176 2984 4230 testimonium
3033 4192 3142 4231 non
3190 4179 3440 4247 accipere
3479 4198 3491 4230 :

1925 4288 1942 4320 ι
1985 4266 2098 4338 Ego
2122 4281 2254 4321 vero
2292 4265 2360 4320 ab
2388 4265 2607 4320 homine
2633 4267 3009 4322 testimonium
3043 4284 3153 4323 non
3186 4269 3438 4338 accipio;
3471 4289 3489 4320 ι

232 4342 428 4436 eludi—vr
463 4363 482 4396 ι
526 4345 666 4414 Ἐγὼ
690 4347 746 4400 δὲ
775 4350 834 4402 οὐ
873 4352 1024 4423 παρὰ
1059 4354 1346 4427 ἀνθρώπου
1379 4359 1478 4432 τὴν
1509 4342 1814 4436 μαρτυρίαν

1926 4376 1988 4413 ne
2026 4363 2282 4430 putarent
2309 4357 2600 4411 Dominum
2651 4372 2846 4428 reapse
2885 4373 2950 4411 ac
3004 4374 3135 4413 vere
3182 4374 3312 4428 erga
3357 4374 3496 4429 pra:-

232 4433 539 4527 λαμὸἀνω,
594 4453 614 4486 ι
664 4436 750 4492 ἴνα
785 4441 858 4510 μὴ
887 4441 1090 4496 δοκοῖεν
1135 4445 1302 4511 ὅντως
1344 4467 1404 4503 τε
1449 4455 1544 4506 καὶ
1589 4433 1812 4527 *ἀληθῶς

230 4524 380 4617 οὕτω
420 4524 726 4617 διακεῖσθαι
787 4532 920 4603 περὶ
973 4533 1066 4587 τοῦ
1095 4537 1409 4609 Προδρὸμου
1448 4544 1538 4597 τὸν
1584 4524 1810 4617 Κύριον,

230 4614 424 4705 ὧσπερ
449 4611 543 4671 οὖν
575 4617 690 4691 ἔχει
729 4621 823 4675 τοῦ
863 4623 1022 4692 λόγου
1052 4626 1114 4679 τὺ
1153 4629 1369 4699 σχῆμα,
1407 4611 1691 4705 χρησίμως
1732 4611 1812 4703 εἰς

230 4704 292 4756 τὸ
320 4707 514 4775 παρὸν,
543 4710 643 4780 οὐχ
674 4712 866 4766 ἑαυτόν
907 4731 959 4768 τι
998 4715 1225 4786 λέγοντα
1269 4723 1396 4790 περὶ
1425 4704 1612 4788 αὑτοῦ,
1642 4725 1729 4781 διὰ
1754 4729 1811 4782 δὲ

230 4794 333 4890 τῆς
357 4797 676 4890 τοῦπατρὸς
703 4804 888 4876 φωνῆς
909 4807 1154 4879 εἰσφέρει
1187 4810 1479 4883 βοώμενον.
1516 4818 1676 4888 ᾭετο
1702 4821 1810 4890 γὰρ

232 4886 344 4980 δεῖν
366 4889 508 4943 αίδοτ
535 4893 768 4962 μάλιστα
814 4901 880 4970 τῇ
933 4901 1070 4970 πρὸς
1105 4901 1240 4956 Θεὸν
1283 4905 1378 4958 καὶ
1421 4886 1672 4980 Πατέρα,
1714 4886 1810 4965 τὸν

229 4979 595 5037 ἀντιτείνοντα
626 4984 914 5054 δυσωπεῖν,
951 4993 1121 5063 ῆγουν
1166 4995 1266 5066 ἤδη
1315 4979 1646 5069 γυμνότερον
1690 5001 1808 5055 θεο-

232 5074 516 5145 μαχοῦντα
538 5076 819 5150 δεικνύειν,
856 5085 932 5150 ὡς
955 5088 1048 5141 καὶ
1082 5089 1266 5153 αὐτοῖς
1294 5093 1404 5154 τοῖς
1435 5091 1528 5144 τοῦ
1555 5091 1688 5144 Θεοῦ
1715 5095 1806 5146 καὶ

229 5167 450 5238 Πατρὸς
505 5170 698 5243 ἀνέδην
741 5175 1136 5243 ὑπαντιάζοντα
1193 5181 1391 5250 λόγοις.
1465 5201 1482 5234 ι
1538 5177 1645 5235 Ἦν
1693 5180 1805 5247 οὖν,

228 5260 416 5329 φησὶν,
452 5262 659 5325 ἐκεῖνος
696 5265 723 5317 ὁ
753 5265 960 5336 λύχνος·
993 5271 1150 5341 ὑμεῖς
1191 5273 1246 5326 δὲ
1285 5273 1590 5345 ἠθελήσατε
1636 5275 1807 5343 ἀγαλ-

227 5347 513 5420 λιασθῆναι
545 5351 684 5421 πρὸς
716 5353 863 5424 ὥραν
891 5359 948 5410 ὲν
978 5358 1055 5428 τῷ
1080 5363 1216 5428 φωτὶ
1243 5363 1429 5416 αὑτοῦ.
1470 5382 1486 5414 ι
1527 5364 1675 5418 Ἔδει
1701 5365 1808 5435 γὰρ

228 5447 288 5498 οὐ
315 5447 472 5516 μόνον
499 5445 593 5500 τοῦ
627 5447 930 5516 πρέποντος
973 5449 1378 5518 ἀποφοιτῶντας
1417 5453 1678 5518 εὐκόλως,
1719 5457 1811 5507 καὶ

1921 4467 2203 4507 cursorem
2238 4465 2304 4505 eo
2343 4449 2504 4505 modo
2537 4448 2676 4504 allici
2717 4464 2826 4518 quo
2867 4449 3014 4518 loqui
3049 4450 3362 4513 videbatur,
3391 4449 3498 4503 uti-

1915 4540 2550 4611 literimprmsentiarum
2582 4539 2858 4608 significat
2890 4540 3028 4593 nihil
3079 4554 3108 4592 a
3156 4555 3215 4594 se
3247 4539 3396 4608 loqui
3428 4538 3497 4594 de

1912 4635 2057 4704 ipso,
2103 4631 2200 4687 sed
2234 4647 2365 4687 voce
2402 4629 2604 4685 Patris.
2649 4629 2882 4685 Putabat
2919 4631 3065 4686 enim
3094 4631 3186 4686 Dei
3219 4646 3284 4686 ac
3313 4631 3494 4686 Patris

1911 4733 2057 4779 metu
2099 4723 2446 4792 potissimum
2480 4736 2805 4792 persuasum
2839 4723 2906 4776 iri
2959 4738 3056 4778 eos
3087 4722 3182 4792 qui
3206 4721 3492 4777 contradi-

1915 4823 2125 4876 cerent,
2183 4822 2276 4866 aut
2318 4821 2474 4866 certe
2520 4813 2774 4882 apertius
2824 4813 3044 4868 demum
3096 4814 3372 4884 proditum
3427 4815 3494 4868 iri

1920 4903 2009 4956 Dei
2041 4907 2249 4966 hostes,
2281 4911 2342 4956 ut
2366 4904 2458 4971 qui
2495 4903 2588 4958 Dei
2626 4919 2690 4958 ac
2721 4903 2898 4960 Patris
2933 4905 3285 4960 sermonibus
3313 4906 3493 4976 impu-

1915 4995 2104 5050 denter
2136 4994 2572 5065 reiragarentnr.
2611 5014 2628 5046 ι
2687 4993 2816 5050 Erat
2861 4995 3026 5068 249
3057 4997 3243 5067 igitur,
3292 4997 3493 5067 inquit,

1915 5086 2000 5140 ille
2024 5087 2248 5140 lucerna
2281 5105 2293 5140 :
2323 5102 2419 5142 vos
2441 5098 2622 5142 autem
2638 5088 2890 5144 voluistis
2914 5088 2980 5142 ad
3006 5089 3198 5143 horam
3218 5091 3494 5144 exsultare

1915 5178 1970 5232 in
2002 5179 2121 5234 luce
2146 5179 2318 5247 ejus»
2342 5178 2646 5234 Ostendere
2676 5179 2880 5249 quippe
2909 5179 3139 5234 decebat
3168 5195 3277 5234 non
3311 5180 3490 5233 solum

1915 5285 1944 5323 a
1973 5270 2107 5324 recti
2145 5269 2330 5324 studio
2386 5268 2697 5324 Pharismos
2753 5270 2914 5325 facile
2969 5270 3243 5332 deerrare,
3278 5273 3332 5320 et
3382 5279 3495 5334 prae

1914 5362 2083 5417 multa
2129 5361 2410 5430 impietate
2453 5360 2576 5416 lidei
2612 5361 2951 5418 voluntatem
2975 5369 3250 5418 excutere,
3283 5355 3382 5410 sed
3435 5363 3491 5407 et

1917 5469 2012 5510 eos
2043 5453 2188 5508 leves
2232 5467 2293 5506 ac
2337 5451 2654 5508 fastidiosos
2691 5469 2832 5518 esse,
2867 5468 2964 5508 nec
3000 5451 3274 5506 ullatenus
3305 5444 3493 5499 studio

296 5619 337 5644 '““
379 5620 535 5677 Joan.
571 5642 621 5688 v,
657 5624 742 5678 54.
823 5628 861 5657 ⁹¹
905 5625 1062 5683 Joan.
1101 5644 1135 5694 I,
1176 5632 1255 5684 lti.
1335 5635 1377 5664 ⁹²
1419 5632 1565 5689 l’sal.
1605 5648 1802 5696 «sui,
1849 5635 1931 5688 l7.
