4078 6262
588 268 689 324 405

1498 260 1554 313 S.
1595 257 1870 313 CYRILLI
1905 257 2371 314 ALEXANDBINI
2395 260 2716 318 ABCHIEP.

3723 266 3825 323 ιηι

582 385 860 441 bonorum
908 379 1174 437 inharere
1236 377 1458 443 solitos,
1502 375 1599 430 sed
1642 376 1732 429 vix
1778 373 2045 444 gustatis,
2102 382 2158 430 et

2273 377 2346 433 5ιά
2371 380 2572 451 πολλὴν
2600 379 2923 450 ἀνοσιότητα
2951 380 3186 450 τρόπων,
3223 380 3285 433 τὸ
3319 380 3572 450 ἐθελῆσαι
3611 380 3829 433 πιστέυ-

585 476 774 532 verbis
827 483 992 530 tenus
1046 470 1283 527 laudatis
1316 468 1526 524 sanctis
1555 466 1892 530 hominibus,
1924 482 2030 520 non
2060 481 2156 521 ve-

484 628 501 634 “
587 568 697 624 reri
733 567 916 623 statim
952 566 1090 619 alios
1114 562 1349 617 all'ectus
1399 573 1620 630 capere.
1664 557 1779 612 Hoc
1830 557 1976 612 enim
2011 557 2160 612 arbi-

589 668 705 713 tror
743 655 1041 727 signiﬁcari
1075 668 1200 708 cum
1238 651 1504 706 dicuntur
1537 648 1605 705 ad
1642 648 1834 703 horam
1881 646 2159 702 exsultare

591 748 833 804 voluisse
856 747 914 801 in
958 746 1083 801 luce
1110 744 1256 815 ejus.
1289 740 1673 811 Suspiciehant
1704 738 1849 795 enim
1884 737 2161 807 principio

589 850 841 895 sanctum
889 836 1217 908 Baptistam,
1277 841 1338 887 ut
1388 833 1445 887 in
1489 831 1654 887 rebus
1696 829 1897 884 divinis
1938 827 2163 883 assidue

587 910 940 994 versantem,
972 935 1034 982 ut
1072 926 1168 981 Dei
1232 930 1531 986 amantem,
1594 929 1653 976 ut
1702 921 1924 991 pietatis
1973 918 2158 974 omnis

589 1018 937 1088 exemplum;
966 1015 1066 1074 sed
1099 1014 1193 1084 qui
1214 1028 1340 1069 eum
1366 1012 1760 1083 suspiciebant,
1792 1010 1954 1065 iidem
1981 1009 2160 1079 ipsum

590 1111 772 1165 denuo
816 1108 1177 1171 insectantur,
1217 1119 1322 1160 nec
1371 1104 1517 1159 I’erre
1557 1108 1793 1173 possunt
1834 1099 2108 1154 dicentem
2144 1113 2159 1152 :

599 1218 618 1252 ι
653 1198 850 1254 Parate
886 1197 1026 1252 viam
1069 1194 1308 1260 Domini,
1350 1204 1530 1249 rectas
1575 1191 1745 1248 facite
1790 1190 2015 1246 semitas
2068 1185 2162 1241 Dei

591 1287 847 1344 nostri“.
885 1305 908 1338 ι
944 1284 1061 1342 Hoc
1105 1285 1253 1340 enim
1287 1284 1481 1355 utique
1529 1282 1711 1337 facere
1741 1296 1839 1351 per
1864 1277 2165 1333 increduli-

592 1386 759 1435 tatem
805 1364 1239 1449 comperiantur.
1284 1376 1404 1431 Jam
1431 1391 1599 1446 ergo,
1641 1382 1701 1429 ut
1729 1372 1989 1436 arbitror,
2034 1371 2164 1423 trita

591 1478 647 1525 et
686 1469 944 1525 familiari
974 1469 1082 1524 loci
1110 1468 1275 1537 hujus
1320 1464 1629 1536 exponendi
1664 1464 1879 1520 ratione
1921 1469 2161 1525 servata,

593 1562 715 1632 ejus
754 1561 1081 1618 sententiam
1109 1574 1209 1630 pro
1245 1558 1393 1614 virili
1433 1558 1846 1627 explicavimus.
1877 1554 1982 1610 Sed
2025 1569 2166 1625 quo-

593 1652 742 1706 niam
788 1650 1094 1705 Salvatoris
1124 1649 1304 1703 oratio
1328 1648 1400 1703 ad
1437 1649 1583 1703 altos
1614 1647 1786 1701 animi
1816 1660 2012 1701 sensus
2060 1659 2163 1699 nos

596 1749 782 1804 vocat,
807 1749 972 1810 atque
995 1738 1065 1794 ad
1097 1737 1419 1793 subtiliores
1446 1743 1748 1806 conceptus
1765 1734 2162 1805 propemodum

595 1847 700 1886 nos
737 1830 957 1899 adigere
983 1828 1222 1891 videtur,
1252 1842 1363 1882 non
1392 1827 1717 1897 simpliciter
1739 1827 2021 1881 lucernam
2042 1839 2167 1880 esse

597 1922 866 1977 Joannem
891 1920 1242 1992 signiﬁcans,
1272 1918 1369 1974 sed
1421 1917 1706 1973 ardentem
1779 1924 1834 1973 et
1866 1918 2165 1981 lucentem,

598 2012 974 2068 necessarium
1001 2010 1410 2075 existimamus,
1439 2009 1719 2064 dictorum
1753 2009 1810 2063 vi
1856 2016 1913 2062 et
1952 2007 2169 2063 ratione

600 2103 803 2158 acriori
832 2104 1036 2159 mentis
1068 2102 1188 2158 acie
1214 2107 1502 2172 perspecta
1524 2138 1538 2164 ,
1569 2097 2035 2169 pulchritudinem
2070 2113 2166 2154 ve-

596 2192 783 2248 ritatis
809 2192 1090 2261 indagare.
1132 2190 1338 2245 Locum
1372 2196 1553 2243 autem
1601 2189 1779 2258 ipsum
1809 2187 1991 2241 denuo
2042 2201 2168 2256 pro-

594 2282 859 2337 feremus.
897 2300 919 2332 ι
956 2281 1048 2336 lIIe
1072 2288 1195 2336 erat
1233 2280 1482 2344 lucerna,
1511 2297 1532 2329 ι
1587 2276 1789 2347 inquit.
1846 2274 2168 2330 SuIIiciebat

599 2371 682 2424 vel
715 2375 819 2425 hoc
849 2385 1044 2434 unum,
1093 2368 1164 2423 ad
1217 2366 1638 2437 signiﬁcandum
1689 2372 1943 2422 sanctum
1990 2363 2171 2434 Bapti-

597 2470 740 2515 stam
777 2458 957 2515 :adeo
1006 2465 1066 2513 ut
1106 2458 1385 2513 auditores
1431 2456 1502 2513 ad
1553 2456 1872 2511 memoriam
1923 2456 2169 2511 revocari

601 2560 828 2621 possent
856 2551 998 2620 ejus,
1025 2564 1149 2619 qua
1175 2547 1246 2604 de
1265 2549 1387 2617 ipso
1438 2547 1587 2601 facta
1612 2554 1718 2611 est,
1753 2545 2074 2616 prophetia,
2111 2544 2169 2601 in

602 2642 753 2695 hunc
780 2640 1003 2696 modum
1041 2658 1057 2696 :
1093 2659 1113 2693 ι
1148 2639 1345 2695 Paravi
1378 2639 1667 2694 lucernam
1699 2637 1925 2694 Christo
1953 2651 2095 2691 meo.
2145 2655 2164 2688 ι

538 2750 549 2759 ο
598 2730 736 2785 Cum
779 2728 961 2786 autem
1005 2744 1116 2786 non
1177 2738 1389 2786 tantum
1449 2748 1470 2783 ι
1504 2730 1728 2785 lucerna
1770 2748 1791 2782 ι
1844 2728 2015 2792 dicat,
2074 2726 2170 2783 sed

600 2821 858 2891 adjiciat,
920 2840 940 2874 ι
979 2821 1180 2878 ardens
1209 2830 1265 2878 et
1306 2823 1493 2878 lucens
1531 2863 1547 2889 ,
1585 2840 1604 2874 ι
1633 2828 1785 2891 patet
1821 2821 2009 2889 utique
2056 2833 2171 2875 non

596 2914 667 2968 ad
699 2914 977 2984 propheta
1019 2929 1212 2971 vocem
1248 2914 1514 2971 duntaxat
1545 2913 1853 2969 auditorem
1882 2911 2166 2976 revocari,

2198 523 2206 530 _
2258 486 2341 522 ειν
2385 469 2787 541 ἐξωθουμένους
2826 469 3105 537 ἀποδεῖξαι
3136 471 3264 533 τοὺς
3297 471 3647 540 Φαρισαίους,
3695 469 3831 525 ἀλλά

2258 560 2351 613 καὶ
2378 558 2671 630 ἁψικόρους
2702 559 2862 623 ὄντας
2891 558 3153 628 ἐλέγχειν,
3186 560 3280 612 καὶ
3301 558 3681 630 προσεδρεύειν
3733 558 3832 629 μὲν

2257 651 2323 719 τῇ
2373 649 2555 718 ἐφέσει
2600 650 2708 705 τῶν
2742 649 2962 719 ἀγαθῶν
3011 648 3307 720 οὐδαμόθεν
3368 649 3829 717 κατειθισμένους,

2260 741 2706 812 ἀπογευομένους
2756 741 2814 795 δὲ
2873 741 3063 810 μόλις,
3123 740 3220 795 καὶ
3291 741 3418 795 ὅσον
3474 740 3533 793 ὲν
3590 741 3831 810 ῥήμασιν

2260 831 2653 896 ἑπαινέσαντας
2673 824 2870 902 ’μόνον
2918 832 3069 896 τοὺς,
3107 831 3266 902 οἵπερ
3318 830 3385 886 ἂν
3430 829 3641 895 δόξειαν
3694 826 3834 886 εῖναι

2263 922 2470 988 σεπτοὶ,
2503 924 2641 993 ταχὺ
2672 923 2808 994 πρὸς
2830 925 2929 990 τὴν
2956 920 3199 975 ἐναντίαν
3226 915 3339 987 ἕξιν
3375 924 3710 994 μεταχωρεῖν
3734 923 3837 977 οὐκ

2262 1013 2708 1083 αἰσχυνομένους.
2735 1011 2906 1066 Τοῦτο
2933 1013 3043 1084 γάρ
3068 1006 3223 1083 οἶμαι
3257 1012 3566 1083 σημαίνειν,
3620 1012 3682 1066 τὸ
3718 1012 3837 1067 ἑθε-

2262 1104 2427 1173 λῆσαι
2456 1103 2593 1175 πρὸς
2616 1104 2765 1174 ὤραν
2792 1102 3221 1173 ἀγαλλιασθῆναι
3259 1103 3318 1157 ὲν
3348 1102 3428 1173 τῷ
3471 1104 3610 1172 φωτὶ
3646 1102 3836 1159 αὑτοῦ.

2276 1194 2691 1265 Ἀπεθαύμαζον
2731 1195 2831 1266 μὲν
2864 1194 2975 1266 γὰρ
3011 1195 3069 1246 ὲν
3100 1195 3297 1266 ἀρχαῖς
3316 1195 3408 1247 τὸν
3439 1195 3596 1262 ἅγιον
3629 1195 3837 1247 Βαπτι-

2267 1286 2416 1357 στὴν,
2445 1287 2522 1349 ὡς
2543 1285 2810 1357 ἀσκητὴν,
2851 1285 2928 1348 ὡς
2957 1284 3220 1354 φιλόθεον,
3258 1285 3336 1348 ὡς
3367 1284 3654 1348 εὐλαϐείας
3694 1285 3841 1339 ἁπά-

2268 1395 2367 1446 σης
2390 1377 2776 1447 ὑπογραμμὸν,
2813 1376 2928 1430 ἀλλ⁸
2953 1378 3003 1430 οί
3035 1376 3304 1447 τιμῶντες
3328 1374 3408 1445 τῷ
3438 1375 3702 1446 θαύματι,
3730 1375 3844 1429 πά-

2265 1469 2350 1522 λιν
2383 1468 2711 1539 ὑϐρίζουσιν,
2741 1468 2842 1521 οὐκ
2869 1468 3183 1538 ἀνεχόμενοι
3215 1468 3467 1537 λέγοντος
3497 1485 3512 1500 ⁸
3550 1487 3568 1520 ι
3588 1468 3844 1540 Ἑτοιμά-

2270 1576 2399 1612 σατε
2424 1558 2521 1630 τὴν
2569 1559 2686 1612 ὁδὸν
2709 1560 2935 1630 Κυρίου,
2981 1559 3199 1623 εὐθείας
3231 1563 3434 1613 ποιεῖτε
3477 1560 3579 1623 τάς
3620 1560 3844 1631 τρίϐους

2268 1650 2360 1703 τοῦ
2388 1648 2524 1703 Θεοῦ
2555 1649 2730 1720 ἡμῶν.
2762 1668 2781 1701 ›
2812 1647 2982 1702 T0610
3003 1648 3113 1720 γὰρ
3136 1648 3200 1721 δὴ
3224 1651 3317 1703 καὶ
3341 1648 3622 1714 ποιοῦντες
3648 1649 3846 1719 σαφῶς

2262 1739 2356 1793 διὰ
2374 1742 2472 1811 τῆς
2494 1739 2775 1802 ἀπειθείας
2794 1739 3126 1794 ἁλίσκονται.
3143 1740 3283 1811 Ἤδη
3318 1741 3416 1810 μὲν
3445 1735 3560 1804 οὖν,
3587 1740 3848 1810 καθάπερ

2267 1830 2669 1901 ὑπολαμϐάνω,
2715 1830 2808 1884 τὸν
2863 1829 3090 1901 εὑτριϐἦ
3130 1831 3224 1884 καὶ
3269 1829 3684 1902 κατειθισμένον
3730 1833 3847 1894 τοῖς

2266 1922 2480 1987 πολλοῖς
2499 1923 2599 1993 τῆς
2624 1921 2919 1994 ἑρμηνείας
2946 1921 3147 1993 τρόπον
3174 1918 3270 1975 τοῦ
3294 1922 3656 1993 προκειμένου
3677 1939 3745 1992 τη
3755 1922 3851 1993 ρη-

2269 2031 2481 2079 σαντες,
2520 2014 2620 2083 τὴν
2671 2014 2756 2066 ἐπ’
2803 2011 2954 2083 αύτῷ
3008 2012 3261 2083 θεωρίαν,
3304 2011 3446 2065 κατά
3482 2012 3579 2083 τὴν
3615 2010 3849 2067 ἐνοῦσαν

2267 2107 2399 2177 ἡμῖν
2428 2104 2724 2175 ὲξεθέμεθα
2742 2103 2990 2174 δύναμιν.
3037 2102 3256 2173 Ἐπειδὴ
3296 2102 3354 2157 δὲ
3395 2104 3493 2157 τοῦ
3534 2104 3789 2176 Σωτῆρος
3815 2105 3852 2156 ὁ

2267 2197 2447 2266 λόγος,
2462 2198 2543 2261 είς
2559 2194 2781 2267 βαθείας
2798 2196 2945 2265 ἡμᾶς
2962 2193 3290 2249 κατατείνων
3313 2193 3523 2257 ἐννοίας
3541 2194 3639 2248 καὶ
3653 2211 3851 2265 πικροο

2270 2288 2329 2341 τέ
2338 2304 2447 2359 ρων
2477 2286 2719 2357 ἅψασθαι
2769 2284 3059 2356 νοημάτων
3091 2284 3372 2356 μονονουχὶ
3397 2284 3495 2339 καὶ
3529 2285 3850 2353 ἐπαναγκά-

2269 2378 2380 2443 ζων
2413 2380 2628 2449 ὁρᾶται,
2661 2376 2761 2447 οὐχ
2789 2374 2976 2438 ἀπλῶς
3003 2375 3086 2430 ὅτι
3127 2373 3320 2446 λύχνος
3345 2370 3414 2446 ἦν
3454 2375 3709 2444 Ἰωάννης
3749 2389 3851 2444 ση-

2273 2470 2500 2542 μαίνων,
2516 2468 2634 2523 ἀλλ’
2667 2469 2749 2523 ὅτι
2779 2468 2874 2522 καὶ
2899 2469 3207 2538 καιόμενος,
3255 2467 3350 2521 καὶ
3395 2466 3624 2537 φαίνων
3681 2464 3851 2534 ἄναγ-

2271 2563 2421 2616 καίον
2440 2560 2574 2632 ήγού
2583 2559 2743 2631 μεθα,
2776 2557 3185 2630 προσϐαλόντας
3208 2557 3616 2629 ὁξυωπέστερον
3638 2559 3707 2630 τῇ
3736 2555 3855 2611 τῶν

2270 2648 2576 2719 εἰρημένων
2599 2648 2852 2719 δυνάμει,
2881 2647 2981 2717 τῆς
3014 2645 3272 2718 ἀληθείας
3298 2645 3362 2699 τὸ
3406 2645 3602 2710 κάλλος
3627 2648 3854 2717 ίχνηλα-

2268 2741 2402 2793 τεῖν.
2430 2738 2574 2792 Αὐτὸ
2605 2737 2662 2792 δὲ
2692 2737 2756 2808 δὴ
2776 2735 2937 2791 πάλιν
2962 2737 3044 2800 είς
3067 2735 3231 2817 μέσον
3257 2736 3391 2806 ἡμῖν
3415 2735 3850 2806 παροισθήσεται

2270 2830 2331 2884 τὸ
2357 2828 2520 2901 ῥητόν
2543 2846 2557 2859 ·
2586 2846 2606 2880 ι
2653 2829 2889 2892 Ἐκεῖνος
2905 2822 2975 2898 ἦν
3003 2829 3032 2881 ό
3059 2826 3271 2897 λύχνος,
3312 2845 3331 2878 ι
3364 2826 3549 2897 φησίν.
3592 2826 3852 2897 Ἐξηρκει

2273 2925 2371 2978 καὶ
2396 2922 2487 2976 διὰ
2524 2921 2715 2975 τούτου
2758 2919 2921 2991 μόνου
2968 2919 3356 2990 κατασημῆναι
3392 2919 3485 2972 τὸν
3540 2919 3698 2987 ἅγιον
3740 2918 3852 2971 Βα-

598 3005 695 3060 sed
716 3005 882 3059 etiam
910 3004 978 3060 ad
1006 3012 1194 3076 typum
1235 3005 1530 3075 quemdam
1568 3005 1824 3073 legalem,
1866 3005 1987 3073 qui,
2024 3004 2171 3059 velut

2274 3012 2540 3085 πτιστὴν,
2581 3010 2721 3065 ὥστε
2769 3009 2866 3064 καὶ
2907 3010 2985 3074 είς
3022 3008 3234 3064 ἔννοιαν
3282 3011 3412 3073 τοὺς
3464 3009 3855 3081 ἀκροωμένους

599 3097 657 3149 in
691 3095 882 3150 umbra
904 3101 960 3150 et
992 3094 1190 3165 ﬁgura,
1226 3093 1496 3149 Joannem
1546 3092 1722 3148 facem
1765 3092 2168 3164 praferentem,

602 3187 709 3242 hoc
727 3194 812 3242 est
847 3187 1224 3241 testimonium
1273 3186 1340 3240 de
1375 3184 1598 3240 Christo
1620 3184 1855 3239 Domino
1883 3184 2176 3254 perhiben-

600 3288 735 3345 tem,
761 3280 1229 3349 pramonstrabat.
1268 3278 1508 3333 Rursum
1540 3285 1721 3334 autem
1755 3276 2064 3333 Pharisaos
2081 3277 2174 3348 qui

602 3371 741 3425 falsa
794 3372 1157 3441 persuasione
1198 3371 1485 3440 sapientia
1528 3369 1702 3425 inﬂati
1757 3379 1952 3436 erant,
1992 3378 2177 3440 utpote

600 3463 696 3531 qui
729 3463 784 3515 in
816 3463 1039 3532 scriptis
1086 3462 1344 3519 Mosaicis
1394 3463 1619 3519 assidue
1658 3471 2034 3528 versarentur,
2084 3479 2176 3519 os-

603 3551 779 3606 tendit
818 3553 1104 3621 imperitos
1131 3569 1277 3619 esse,
1311 3562 1365 3609 et
1401 3556 1661 3625 Opinione
1688 3557 1870 3624 potius
1902 3556 2177 3626 sapientes

603 3658 767 3711 quam
796 3643 932 3713 legis
966 3646 1197 3713 peritos.
1232 3645 1333 3701 Hic
1375 3647 1561 3715 itaque
1592 3647 1763 3701 t0tius
1785 3648 2054 3701 orationis
2084 3648 2181 3701 hu-

599 3731 693 3799 jus
720 3744 923 3799 scapus
950 3738 1054 3785 est.
1094 3731 1358 3788 Existimo
1384 3749 1536 3797 vero,
1557 3735 1676 3804 ipso
1705 3751 1924 3805 quoque
1951 3739 2179 3792 oraculo

604 3815 792 3877 divino
821 3822 876 3876 in
909 3824 1148 3879 medium
1181 3825 1345 3895 250
1365 3826 1600 3895 prolato,
1636 3826 2037 3883 ostendendum
2064 3829 2177 3897 jam

604 3913 766 3968 nobis
800 3929 943 3978 esse,
982 3913 1200 3970 beatum
1230 3915 1533 3984 Baptistam
1566 3932 1674 3972 non
1727 3917 2007 3973 lucernam
2041 3921 2177 3975 sim-

606 4004 826 4076 pliciter
853 4020 996 4068 esse,
1028 4006 1124 4060 sed
1153 4015 1206 4061 et
1237 4007 1522 4060 ardentem
1566 4017 1619 4061 et
1667 4007 1973 4063 lucentem.
2035 4008 2174 4065 Cum

604 4112 736 4167 ergo
765 4095 909 4152 Deus
948 4113 1069 4167 qua
1115 4098 1183 4152 ad
1228 4105 1482 4154 sanctum
1537 4098 1953 4153 tabernaculum
2006 4101 2177 4170 perti-

606 4196 739 4243 nent
782 4195 1067 4253 statueret,
1106 4187 1371 4259 perfectis
1400 4188 1590 4243 aulais
1620 4187 1831 4250 decem,
1891 4205 2176 4246 sacrorum

605 4280 906 4335 antistitem
941 4279 1179 4351 hloyscm
1214 4280 1295 4336 sic
1324 4280 1665 4350 alloquitur:
1697 4302 1716 4333 ι
1755 4280 1823 4335 Et
1850 4289 1906 4336 tu
1943 4283 2177 4353 praecipe

609 4373 736 4429 ﬁliis
768 4370 960 4437 Israel,
1002 4383 1056 4428 et
1082 4381 1303 4429 sumant
1354 4372 1460 4429 sibi
1494 4376 1674 4428 oleum
1705 4372 1772 4428 de
1803 4374 1983 4437 olivis,
2017 4390 2178 4427 mun-
2212 4353 2255 4409 D

604 4461 760 4526 dum,
795 4477 1016 4531 purum,
1044 4477 1369 4531 expressum
1411 4462 1478 4516 ad
1510 4455 1716 4526 lumen’,
1756 4472 1813 4517 ut
1874 4464 2065 4517 ardeat
2092 4463 2177 4517 Iu-

604 4566 771 4606 eerna
804 4566 1023 4621 semper
1050 4552 1105 4605 in
1136 4552 1501 4625 tabernaculo
1533 4552 1857 4616 testimonii,
1906 4561 2063 4607 extra
2085 4569 2178 4609 ve-

605 4643 715 4697 lum
743 4643 1079 4699 testamenti.
1107 4643 1381 4698 Accendet
1405 4657 1525 4697 eam
1554 4644 1735 4696 Aaron
1770 4652 1823 4697 et
1857 4642 1950 4697 ﬁlii
1980 4644 2119 4714 ejus,
2148 4660 2178 4698 a

607 4747 836 4802 vespera
863 4748 1042 4803 usque
1068 4733 1135 4789 ad
1169 4748 1351 4799 mane,
1386 4748 1570 4788 coram
1594 4732 1847 4798 Domino,
1877 4732 2178 4806 legitimum

610 4823 1004 4891 sempiternum
1035 4825 1090 4878 in
1131 4826 1419 4895 progenies
1447 4834 1664 4882 vestras
1722 4840 1752 4880 a
1812 4825 1939 4882 ﬁliis
1988 4826 2176 4881 Israel.

608 4909 677 4963 Et
714 4921 769 4965 tu
791 4912 970 4969 adduc
1003 4916 1073 4971 ad
1112 4918 1347 4986 teipsum
1376 4917 1557 4972 Aaron
1618 4917 1844 4975 fratrem
1898 4927 2074 4982 tuum,
2129 4927 2184 4972 et

609 5001 756 5057 ﬁlios
789 5002 913 5071 ejus
941 5020 1009 5060 ex
1041 5005 1168 5058 ﬁliis
1199 5005 1366 5061 Israel
1394 5049 1409 5071 ,
1452 5016 1511 5062 ut
1541 5009 1677 5063 mihi
1708 5010 2023 5064 sacerdotio
2051 5007 2178 5061 Iuno

608 5095 889 5164 gantur".
947 5116 968 5149 ›
1035 5095 1315 5153 Hactenus
1370 5100 1618 5154 divinum
1683 5102 1988 5165 oraculum,
2032 5100 2179 5169 quod

603 5184 719 5254 jam
758 5186 919 5242 nobis
972 5188 1158 5256 quoad
1228 5188 1339 5242 ﬁeri
1402 5200 1582 5258 potest
1642 5191 2029 5258 explicandum
2074 5201 2178 5247 est.

609 5275 802 5332 Oleum
857 5276 1185 5334 defacatum
1232 5294 1297 5332 ac
1343 5296 1537 5349 purum
1594 5280 1909 5349 signiﬁcare
1964 5282 2184 5340 videtur

608 5369 965 5437 purissimam
1007 5379 1063 5425 et
1089 5370 1556 5440 simplicissimam
1596 5374 1836 5445 Spiritus
1868 5379 2046 5432 sancti
2084 5393 2176 5433 na-

612 5466 817 5525 turam,
851 5476 974 5530 qua
993 5459 1255 5516 inclfahili
1285 5462 1447 5517 modo
1500 5462 1676 5519 instar
1708 5465 1814 5519 olei
1856 5480 1958 5523 nos
2012 5483 2179 5537 pene-

690 5635 733 5666 ’3
776 5638 877 5695 Isa.
927 5659 1022 5708 χι,
1066 5644 1116 5696 5.
1197 5644 1239 5674 ’δ
1280 5642 1453 5700 chit.
1493 5661 1639 5711 xxiv,
1677 5645 1791 5699 1-9.

2274 3105 2608 3176 ἀναδραμεῖν
2645 3102 2744 3172 τῆς
2790 3102 2920 3172 περὶ
2974 3100 3141 3156 αὑτοῦ
3191 3100 3560 3174 προφητείας,
3617 3100 3855 3171 ὲχούεης

2274 3187 2377 3248 ὦδε
2400 3211 2415 3226 ο
2452 3212 2471 3245 ι
2496 3192 2796 3262 Ἡτοίμασα
2820 3190 3013 3260 λύχνον
3040 3189 3120 3260 τῷ
3146 3189 3375 3261 Χριστῷ
3392 3206 3514 3260 μου.
3556 3208 3577 3242 ι
3626 3190 3853 3260 Ἐπειδὴ

2276 3287 2333 3340 δὲ
2358 3283 2680 3357 προστίθησι
2722 3282 2801 3353 τῷ
2847 3302 2866 3334 ι
2907 3281 3099 3352 λύχνον
3134 3299 3153 3331 ι
3188 3283 3387 3344 είπεῖν,
3423 3299 3443 3333 ‹
3480 3281 3509 3330 ὁ
3538 3280 3852 3350 καιόμενος,

2278 3379 2373 3431 καὶ
2398 3376 2625 3444 φαίνων,
2660 3393 2679 3426 ι
2712 3373 2871 3445 δῆλος
2915 3372 2982 3427 ἂν
3011 3373 3098 3442 είη
3123 3371 3390 3444 δήπουθεν
3427 3372 3529 3425 οὐκ
3572 3372 3657 3435 είς
3682 3371 3855 3442 μόνην

2276 3470 2377 3539 τὴν
2422 3467 2516 3520 106
2559 3466 2838 3537 προφήτου
2871 3464 3054 3535 φωνὴν
3100 3463 3389 3532 ἀναφέρων
3415 3461 3507 3515 τὸν
3553 3462 3851 3534 ἀκροατὴν,

2278 3556 2414 3612 ἀλλά
2443 3557 2536 3609 καὶ
2575 3557 2652 3618 είς
2684 3555 2915 3624 νομικήν
2958 3569 3078 3607 τινα
3108 3550 3463 3612 διατύπωσιν,
3507 3553 3585 3612 ὡς
3618 3551 3678 3605 ὲν
3722 3551 3854 3620 σχή-

2283 3664 2413 3719 ματι
2467 3645 2629 3698 πάλιν
2664 3644 2759 3697 καὶ
2798 3645 2927 3714 σκιᾷ
2950 3643 3050 3712 τὴν
3103 3642 3351 3694 Ἰωάννου
3392 3639 3679 3710 δᾳδουχίαν
3716 3656 3851 3712 προ·

2279 3740 2743 3798 αναπλάττουσαν,
2770 3738 2837 3808 ῆν
2872 3735 3051 3798 καλῶς
3075 3735 3371 3805 ἐποιήσατο
3399 3732 3759 3804 μαρτυρήσας
3776 3729 3855 3799 τῷ

2279 3827 2522 3898 Δεσπότῃ
2552 3825 2792 3898 Χριστῷ.
2830 3826 2919 3887 Ὧς
2958 3824 3015 3878 δὲ
3050 3826 3162 3886 τοῖς
3190 3824 3504 3886 Μωσαῖκοῖς
3532 3819 3857 3892 ὁμιλοῦντας

2278 3919 2455 3984 λόγοις
2490 3920 2583 3974 καὶ⁵
2632 3917 2792 3971 τοῦτο
2826 3914 3116 3985 ἐνδελεχῶς
3148 3914 3275 3977 τοὺς
3312 3912 3661 3986 οίησίφρονας
3690 3912 3858 3984 Φαρι-

2281 4011 2465 4074 σαίους
2506 4010 2775 4080 ἐξελέγχει
2811 4008 2972 4063 πάλιν
3025 4004 3458 4077 ἀμαθαίνοντας,
3494 4003 3592 4057 καὶ
3633 4002 3857 4072 δοκήσει

2283 4099 2480 4168 μᾶλλον
2508 4097 2665 4161 ὄντας
2698 4098 2917 4165 σοφοὺς,
2950 4096 3093 4166 ἥπερ
3120 4094 3280 4156 ὄντας
3309 4092 3659 4163 νομομαθείς.
3688 4082 3857 4154 Οὗτος

2282 4193 2382 4262 μὲν
2415 4186 2507 4245 οὖν
2554 4189 2774 4259 σύμπας
2815 4188 2964 4240 ἐστὶν
2997 4189 3026 4240 ό
3062 4185 3156 4239 τοῦ
3199 4184 3358 4253 λόγου
3394 4182 3617 4245 σκοπός.
3651 4184 3773 4236 Δεῖν
3799 4181 3858 4235 δὲ

2282 4284 2427 4354 ἡμᾶς
2469 4279 2851 4351 ἀναμφιλόγως
2880 4275 3266 4347 ὑπολαμϐάνω,
3300 4274 3394 4328 καὶ
3443 4273 3504 4327 τὸ
3536 4272 3680 4325 θεῖον
3728 4272 3859 4324 αὐτὸ

2285 4369 2758 4445 παρακομίζοντας
2789 4368 2987 4437 λόγιον,
3022 4365 3382 4420 ἐπιδεικνύειν
3408 4363 3507 4434 ἤδη
3541 4363 3734 4433 λύχνον
3761 4362 3858 4430 οὐχ

2285 4467 2498 4531 ἁπλῶς,
2535 4465 2671 4519 ἀλλὰ
2699 4462 2793 4517 καὶ
2822 4460 3109 4531 καιόμενον
3145 4457 3239 4511 καὶ
3283 4454 3542 4527 φαίνοντα
3564 4454 3657 4507 τὸν
3684 4451 3859 4524 μικάο

2288 4576 2401 4629 ριον
2447 4555 2780 4624 Βαπτιστήν.
2828 4553 2959 4606 Ὅτε
3012 4550 3192 4604 τοίνυν
3239 4547 3309 4601 τά
3371 4547 3500 4617 περὶ
3550 4545 3653 4613 τῆς
3698 4542 3858 4610 ἁγίας

2287 4650 2494 4721 σκηνῆς
2524 4647 2774 4702 διετύπου
2811 4644 2964 4707 Θεὸς,
3008 4642 3145 4713 μετά
3173 4640 3272 4713 τὴν
3302 4639 3538 4693 αὐλαίων
3585 4636 3696 4689 τῶν
3728 4635 3858 4688 δέκα

2287 4740 2682 4810 συμπλήρωσιν
2704 4781 2719 4804 ,
2769 4737 2916 4804 λέγει
2945 4734 3080 4805 πρὸς
3118 4733 3209 4788 τὸν
3261 4732 3585 4803 ἱεροφάντην
3616 4725 3855 4781 Μωσὲατ

2292 4850 2311 4882 ι
2346 4830 2453 4883 Καὶ
2489 4830 2552 4881 σὺ
2578 4826 2836 4892 σύνταξον
2856 4828 2966 4888 τοῖς
2988 4826 3124 4887 υἱοῖς
3161 4820 3397 4894 Ἰσραὴλ,
3424 4822 3518 4874 καὶ
3545 4816 3863 4871 λαϐἐτωσάν

2288 4938 2370 4974 σοι
2388 4920 2561 4973 ἔλαιον
2584 4918 2646 4983 ἐξ
2664 4918 2881 4983 ὲλαίων,
2908 4917 3165 4987 ἄτρυγον,
3198 4910 3463 4982 καθαρὸν,
3492 4907 3857 4978 κεκομμένον,

2289 5013 2368 5074 είς
2395 5011 2510 5080 φῶς
2541 5010 2762 5075 καῦσαι,
2797 5011 2882 5064 ἵνα
2921 5008 3144 5077 καίηται
3170 5008 3198 5059 ὀ
3232 5004 3427 5074 λύχνος
3454 5000 3546 5056 διὰ
3576 5001 3777 5065 παντὸς
3805 5002 3864 5052 ἐν

2285 5107 2352 5175 τῇ
2381 5105 2551 5173 σκηνῇ
2602 5101 2697 5154 106
2736 5100 3058 5171 μαρτυρίου,
3088 5096 3285 5164 ἔξωθεν
3314 5093 3411 5150 τοῦ
3435 5093 3861 5161 καταπετάσμα-

2284 5213 2395 5260 τος,
2429 5195 2521 5248 106
2557 5194 2648 5246 ἐπὶ
2696 5194 2796 5261 τῆς
2832 5191 3117 5259 διαθήκης.
3168 5187 3374 5243 Καύσει
3420 5185 3584 5240 αὑτὸν
3624 5183 3856 5254 Ἀαρὼν,

2289 5289 2381 5342 καὶ
2437 5288 2541 5340 υἱοὶ
2593 5284 2792 5346 αὐτοῦ,
2850 5283 2955 5337 ἀπὸ
3001 5282 3240 5351 ἑσπέρας
3284 5280 3391 5340 ἕως
3437 5274 3585 5347 πρωῒ
3619 5274 3859 5328 ἐναντίον

2288 5382 2512 5450 Κυρίου,
2543 5380 2772 5448 νόμιμον
2808 5375 3025 5430 αἰώνιον
3058 5375 3137 5438 είς
3174 5372 3271 5434 τὰς
3308 5368 3502 5439 γενεὰς
3523 5366 3683 5436 ὑμῶν
3710 5364 3859 5433 παρά

2284 5473 2394 5527 τῶν
2423 5473 2553 5529 υἱῶν
2581 5470 2813 5541 Ἰσραήλ.
2847 5470 2954 5523 Καὶ
2979 5469 3043 5521 σὺ
3074 5461 3423 5537 προσαγάγω
3454 5457 3594 5526 πρὸς
3616 5454 3858 5520 σεαυτὸν,
