4078 6262
297 261 400 321 605

1242 302 1257 318 .
1282 259 1348 316 IN
1383 257 1670 316 JOANNIS
1705 255 2156 316 EVANGELIUM
2192 258 2322 315 LIB.
2364 258 2449 316 ll'l.

3440 255 3545 313 606

296 374 387 426 τόν
412 389 472 426 τε
500 370 708 442 Ἀαρὼν
730 369 821 425 τὸν
851 369 1078 438 ἀδελφόν
1102 386 1218 436 σου,
1249 371 1343 425 καὶ
1372 372 1496 434 τοὺς
1524 371 1674 434 υἱοὺς
1698 368 1860 423 αὐτοῦ

1972 376 2137 437 trans,
2164 370 2357 437 nutrit,
2392 376 2704 434 consonat,
2755 374 2810 423 et
2864 373 3052 438 auget,
3094 382 3203 422 non
3254 381 3417 424 secus
3477 381 3543 421 ac

298 465 361 517 ὲκ
392 463 502 517 τῶν
549 462 682 517 υίῶν
727 462 941 533 Ἰσραὴλ
980 461 1280 532 ἱερατεύειν
1311 478 1425 532 μοι.
1474 480 1494 514 ι
1536 461 1610 514 Τὸ
1639 461 1737 532 μὲν
1773 456 1865 514 οὖν

297 552 440 607 Θεῖον
470 552 652 622 λόγιον
692 552 751 606 tv
796 551 1002 615 τούτοις
1045 552 1178 621 ἡμῖν
1217 552 1425 606 ἑστάτω
1449 592 1464 616 ,
1503 551 1783 623 χωρητέον
1810 552 1867 604 δὲ

297 643 399 714 ήδη
452 642 589 713 πρὸς
644 643 743 712 τὴν
794 639 1148 711 ἐνδεχομένην
1205 641 1505 710 σαφήνειαν
1556 639 1742 694 αὐτοῦ.
1794 641 1869 693 T6

299 736 480 790 ἔλαιον
515 736 577 789 τὸ
605 734 838 805 άτρυγόν
864 750 924 787 τε
958 733 1053 786 καὶ
1079 732 1336 803 καθαρὸν,
1368 732 1543 787 ἔοικεν
1571 732 1869 802 ὑποδηλοῦν

302 829 400 899 τὴν
424 826 815 896 καθαρωτάτην
844 825 939 879 καὶ
958 823 1222 878 ἀθόλωτον
1240 822 1335 877 τοῦ
1361 823 1523 888 ἁγίου
1553 823 1868 893 Πνεύματος

302 916 484 985 φύσιν,
502 915 622 986 ἥτις
646 914 705 966 tv
731 913 861 984 ἡμῖν
886 910 1064 965 ἐλαίου
1092 910 1248 981 δίκην
1273 910 1646 981 άπερινοήτως
1667 907 1871 979 εἰστρέ-

301 1022 467 1076 χουσα
502 1003 819 1074 ἀποτρέψει,
849 1002 943 1054 καὶ
977 999 1189 1070 συνέχει
1216 1000 1310 1053 καὶ
1335 998 1489 1066 αὔξει
1513 998 1604 1051 τὸν
1637 999 1698 1052 tv
1722 998 1866 1068 ψυχῇ

302 1095 594 1165 φωτισμὸν,
626 1092 879 1163 καθάπερ
907 1092 964 1145 tv
992 1089 1169 1161 λύχνῳ
1198 1090 1473 1160 κείμενον.
1505 1087 1661 1143 Οὕτω
1686 1088 1743 1141 δὲ
1775 1089 1870 1142 καὶ

303 1187 388 1242 τὸν
435 1186 719 1240 θεσπέσιον
774 1182 1089 1253 Βαπτιστὴν
1145 1183 1246 1253 τῆς
1299 1182 1427 1253 περὶ
1476 1180 1569 1235 τοῦ
1617 1180 1869 1251 Σωτῆρος

302 1278 452 1348 ἡμῶν
482 1275 792 1348 μαρτυρίας
816 1275 877 1328 τὸ
911 1273 1026 1344 φῶς
1059 1273 1337 1343 ἐκλάμψαι
1386 1272 1734 1344 πιστεύομεν,
1770 1273 1870 1324 οὐκ

300 1369 560 1442 ἑτέρωθεν
585 1369 686 1441 τὴν
713 1367 808 1421 τοῦ
833 1364 1095 1421 δύνασθαι
1124 1367 1480 1435 φωταγωγεϊν
1501 1362 1869 1433 κομισάμενον

300 1467 545 1535 δύναμιν,
574 1462 608 1533 ἢ
634 1460 724 1515 διὰ
743 1459 838 1513 τοῦ
861 1458 1041 1512 ὲλαίου
1066 1456 1161 1510 τοῦ
1189 1456 1403 1529 νοητοῦ,
1429 1455 1670 1518 δυνατῶς
1693 1470 1752 1507 τε
1774 1453 1870 1507 καὶ

298 1553 620 1626 ἐπιτηδείως
664 1550 879 1621 ἔχοντος
931 1549 1012 1610 είς
1048 1546 1110 1600 τὸ
1151 1544 1269 1615 φῶς
1306 1545 1506 1600 καῦσαι
1553 1542 1787 1616 τὸῧθεῖον
1811 1544 1870 1595 tv

300 1650 453 1718 ἡμῖν,
483 1645 512 1699 δ
533 1644 602 1714 δὴ
631 1642 728 1696 καὶ
750 1640 909 1703 αὐτὸς
937 1641 965 1693 6
992 1637 1183 1708 Σωτὴρ
1235 1634 1312 1697 ὡς
1344 1637 1402 1688 tv
1429 1635 1713 1705 αἰνίγματι
1737 1650 1870 1687 κατ-

302 1736 514 1805 εμήνυε
541 1733 738 1801 λέγων·
777 1749 796 1783 ι
826 1730 943 1802 Πῦρ
966 1725 1128 1799 ἦλθον
1150 1727 1331 1798 βαλεῖν
1359 1727 1453 1779 ἐπὶ
1491 1726 1589 1795 τὴν
1619 1725 1748 1796 γῆν,
1778 1724 1873 1778 καὶ

301 1827 356 1880 τί
397 1827 538 1881 οέλω
573 1826 622 1878 εί
656 1823 758 1895 ήδη
789 1821 1042 1893 άνήφθη;
1084 1838 1102 1870 r
1151 1816 1354 1889 Λύχνος
1393 1812 1484 1870 οὖν
1513 1817 1587 1880 ὡς
1619 1816 1677 1869 tv
1718 1813 1873 1884 τύπῳ

303 1920 469 1974 πάλιν
505 1919 534 1972 6
568 1917 852 1986 καιόμενος
876 1952 892 1976 ,
945 1911 1040 1966 καὶ
1086 1910 1295 1980 φαίνων
1337 1908 1424 1964 διὰ
1465 1907 1665 1972 παντὸς
1713 1909 1773 1960 tv
1802 1908 1872 1977 τῇ

306 2013 477 2082 σκηνῇ
509 2009 603 2063 τοῦ
635 2005 932 2082 μαρτυρίου
958 2006 989 2059 6
1024 2002 1291 2073 μακάριος
1320 1997 1390 2072 ἦν
1410 1999 1734 2069 Βαπτιστής.
1766 1998 1875 2051 Καὶ

298 2101 361 2156 τὸ
400 2081 504 2172 μὲν
535 2103 594 2154 tv
626 2081 797 2168 σκηνῇ
832 2095 927 2150 τοῦ
958 2094 1259 2166 μαρτυρίου
1292 2092 1506 2161 φαίνειν
1544 2090 1706 2145 αὐτὸν
1726 2129 1740 2153 ,
1777 2106 1875 2159 ση-

298 2190 486 2262 μαίνει
528 2187 625 2242 καὶ
668 2185 868 2249 καλῶς,
897 2184 980 2237 ὅτι
1012 2184 1200 2246 δεκτὸς
1233 2183 1291 2235 tv
1322 2180 1640 2250 ἐκκλησίαις
1667 2180 1697 2232 6
1738 2178 1872 2250 παρ’

294 2281 459 2338 αὑτοῦ
485 2279 794 2349 φωτισμδς,
834 2276 927 2330 καὶ
960 2277 1062 2328 οὐκ
1090 2273 1195 2339 ἔξω
1229 2273 1467 2327 κείσεται
1499 2271 1600 2341 τῆς
1633 2272 1783 2341 ἱερᾶς
1810 2286 1872 2324 τε

294 2373 391 2427 καὶ
422 2370 573 2434 θείας
609 2367 705 2421 τοῦ
745 2368 996 2437 Σωτῆρος
1043 2364 1234 2433 αὐλῆς.
1283 2362 1356 2417 T6
1383 2380 1448 2433 γε
1491 2363 1597 2434 μὴν
1644 2362 1748 2427 ἔξω
1775 2360 1871 2416 τοῦ

292 2462 784 2531 καταπετάσματος
819 2456 1051 2529 δρᾶσθαι
1090 2456 1180 2509 τὸν
1213 2454 1427 2527 λύχνον,
1462 2454 1640 2509 ἔοικεν
1669 2455 1874 2523 ὑποδη-

290 2551 444 2615 λοῦν,
464 2551 548 2605 ὃτι
569 2550 662 2603 τὸν
682 2547 950 2603 άπλούστε
960 2548 1050 2618 ρὸν
1068 2563 1129 2600 τε
1154 2546 1249 2600 καὶ
1263 2545 1624 2615 είσαγωγικδν
1645 2544 1871 2599 εἰσοίσει

290 2642 610 2716 φωτισμὸν,
677 2660 696 2694 ι
748 2642 1078 2696 Μετανοεῖτε
1102 2680 1116 2703 ,
1161 2639 1335 2707 λέγων
1361 2656 1375 2670 ·
1422 2639 1620 2710 ἥγγικε
1667 2638 1776 2710 γὰρ
1837 2641 1870 2711 η

290 2736 546 2808 βασιλεία
569 2733 677 2788 τῶν
702 2732 970 2804 οὐρανῶν.
1014 2749 1032 2784 ι
1065 2730 1187 2785 Τῶν
1211 2730 1270 2783 δὲ
1303 2728 1411 2783 ἔσω
1428 2729 1525 2783 τοῦ
1553 2730 1870 2783 καταπετά-

289 2843 503 2900 σματος
527 2822 1057 2895 άποκεκρυμμένων,
1077 2820 1279 2892 δηλαδὴ
1298 2819 1393 2874 τοῦ
1435 2819 1687 2893 Σωτῆρος
1712 2819 1871 2891 ἡμῶν

289 2917 648 2990 μυστηρίων,
700 2914 850 2969 οὐδὲν
901 2913 1038 2977 ὅλως
1098 2912 1443 2968 ἐπιδεικνύει.
1478 2912 1554 2966 Οὐ
1596 2913 1705 2983 γὰρ
1742 2913 1871 2967 €66-

286 3026 492 3063 πτισεν
545 3010 627 3073 είς
669 3005 961 3077 μετουσίαν
1012 3004 1165 3073 ἁγίου
1196 3003 1545 3076 Πνεύματος,
1596 3004 1719 3058 οὐδὲ
1752 3004 1867 3059 είσ-
1895 3029 1940 3086 c

285 3101 526 3168 ήνεγκεν
578 3098 607 3149 6
660 3095 791 3166 παρ’
842 3092 1007 3147 αὐτοῦ
1061 3093 1339 3162 φωτισμὸς
1390 3096 1470 3157 είς
1519 3093 1581 3147 τὸ
1617 3092 1724 3147 εσω
1772 3093 1869 3149 τοῦ

285 3186 806 3257 καταπετάσματος.
858 3180 967 3240 Ἦν
1019 3184 1130 3253 γὰρ
1173 3186 1267 3238 ἐπὶ
1324 3185 1426 3254 τῆς
1482 3184 1586 3249 ἔξω
1642 3186 1869 3256 σκηνῆς,

288 3299 311 3333 ι
378 3279 478 3349 τῆς
530 3277 760 3349 ἐχούσης
818 3275 900 3331 ἔτι
935 3276 1035 3347 τὴν
1094 3276 1305 3342 στάσιν,
1360 3294 1380 3328 ι
1428 3275 1573 3331 κατὰ
1620 3276 1721 3347 τὴν
1777 3275 1870 3329 τοῦ

285 3368 513 3424 Παύλου
553 3368 759 3438 φωνήν.
824 3365 1044 3437 Ἐπειδὴ
1089 3366 1146 3420 δέ
1189 3382 1385 3436 φησιν,
1434 3366 1516 3419 ὅτι
1552 3385 1571 3418 ι
1611 3367 1704 3420 καὶ
1732 3365 1870 3420 καύ-

283 3479 382 3517 σει
412 3460 572 3515 αύτδν
616 3458 847 3531 Ἀαρὼν,
875 3458 969 3512 καὶ
991 3459 1098 3513 υίοὶ
1134 3457 1323 3522 αὐτοῦ,
1360 3457 1469 3513 άπὸ
1497 3458 1738 3528 ἑσπέρας
1766 3458 1873 3523 ἕως

282 3552 441 3623 πρωϊ
484 3549 722 3606 ἐναντίον
759 3549 990 3620 Κυρίου,
1023 3550 1254 3621 νόμιμον
1282 3549 1499 3604 αἰώνιον
1534 3553 1615 3613 είς
1651 3551 1749 3614 τὰς
1777 3568 1872 3620 γε·

282 3641 422 3705 νείις
448 3640 620 3709 ὑμῶν,
651 3662 670 3691 ρ
704 3638 930 3692 τοιῶσδε
972 3639 1133 3693 πάλιν
1171 3640 1361 3710 νοῆσαι
1391 3641 1691 3712 προσήκειν
1718 3640 1872 3712 οἶμαι

282 3737 356 3791 τδ
385 3733 690 3806 εἰρημένον.
722 3731 933 3803 ’Δαρὼν
964 3732 1055 3787 καὶ
1087 3734 1135 3786 οί
1168 3733 1274 3785 υἱοὶ
1302 3733 1493 3796 αὐτοῦ,
1522 3734 1644 3798 τοὺς
1669 3736 1727 3788 ὲν
1752 3739 1873 3801 ταῖς

280 3826 612 3899 ἐκκλησίαις
654 3824 797 3880 κατὰ
843 3825 1030 3896 καιρὸν
1095 3825 1512 3896 ίερουργοῦντας
1563 3810 1872 3897 ὑποσημαί-

282 3935 464 3982 νουσι,
490 3916 735 3971 τουτέστι
762 3915 886 3979 τοὺς
915 3916 973 3968 ὲν
1001 3914 1191 3978 αὑταῖς
1222 3915 1598 3978 διδασκάλους,
1634 3915 1729 3969 καὶ
1764 3913 1874 3969 τῶν

283 4011 455 4064 θείων
487 4006 885 4079 θυσιαστηρίων
929 4004 1271 4077 λειτουργούς
1309 4023 1320 4038 ·
1350 3998 1496 4059 οῦτοι
1554 4006 1646 4059 τὸν
1684 4005 1873 4078 λύχνον

284 4104 384 4155 τὸν
432 4099 651 4169 νοητὸν,
676 4097 922 4151 τουτέστι
958 4096 1050 4150 τὸν
1093 4097 1344 4167 Ἰωάννην
1388 4097 1474 4151 ἀεὶ
1503 4097 1874 4167 διαλάμποντα

283 4195 479 4263 τηρεῖν
513 4192 909 4244 ὲπιτάττονται·
936 4189 1089 4245 τοῦτο
1116 4191 1222 4261 γάρ
1256 4191 1371 4243 ἐστι
1398 4188 1480 4255 τὸ,
1512 4208 1530 4242 ι
1562 4189 1872 4245 Καύσουσιν

287 4283 459 4337 αὐτὸν
522 4281 630 4334 ἀπὸ
686 4280 920 4349 ἑσπέρας
966 4280 1069 4344 ἓως
1128 4282 1293 4352 πρωῒ.
1334 4301 1353 4335 ι
1397 4283 1455 4336 'l)
1494 4281 1599 4354 γάρ
1650 4282 1872 4353 σύμπας

1966 462 2148 516 oleum
2187 462 2243 514 in
2269 462 2495 516 lucerna
2527 462 2793 530 positum,
2826 457 3292 512 illuminationem
3328 458 3385 512 in
3413 459 3536 514 ani-

1968 566 2076 606 ma.
2111 550 2203 607 Sic
2238 558 2419 607 autem
2450 551 2698 605 divinum
2759 547 3059 618 Baptistam
3115 547 3416 601 testimonii
3470 548 3540 603 de

1968 640 2253 696 Salvatore
2304 648 2495 696 nostro
2527 641 2704 695 lucem
2734 640 2975 695 eluxisse
3014 638 3313 701 credimus,
3338 646 3397 692 ut
3426 654 3538 695 non

1968 732 2185 786 aliunde
2208 730 2557 786 illuminandi
2593 732 2702 783 vim
2735 730 3064 799 susceperit,
3100 736 3192 782 aut
3221 743 3315 800 per
3352 730 3534 784 oleum

1969 822 2101 877 illud
2133 821 2475 892 intelligibile
2514 821 2695 892 possit
2730 820 2783 876 in
2807 820 2969 876 nobis
3012 820 3198 875 lumen
3262 819 3397 874 illud
3448 835 3537 875 ac-

1968 912 2386 983 cendere,quod
2424 911 2684 968 Salvator
2721 914 2838 982 ipse
2889 913 3231 983 enigmatice
3261 911 3540 981 signiﬁca-

1970 1002 2063 1056 bat
2093 1003 2180 1058 his
2201 1002 2389 1058 verbis
2424 1021 2438 1057 :
2474 1021 2494 1054 ι
2532 1003 2717 1073 Ignem
2782 1001 2907 1057 veni
2955 1002 3173 1057 mittere
3202 1001 3255 1055 in
3310 1008 3537 1066 terram,

1968 1099 2022 1146 et
2043 1091 2176 1159 quid
2195 1092 2319 1147 volo
2346 1091 2454 1147 nisi
2478 1101 2537 1147 ut
2561 1091 2844 1146 ardeat”?
2868 1110 2887 1143 ι
2917 1088 3166 1146 Lucerna
3182 1103 3313 1159 ergo
3346 1105 3542 1145 rursus

1969 1181 2064 1237 illa
2080 1168 2283 1238 ardens
2331 1196 2398 1236 ac
2436 1181 2630 1237 lucens
2658 1181 2943 1252 jugiterln
2994 1180 3354 1236 tabernaculo
3385 1181 3542 1235 testi-

1971 1274 2146 1330 monii
2165 1281 2286 1329 erat
2301 1275 2497 1331 beatus
2527 1272 2875 1345 Baptista.Et
2899 1272 3121 1344 quidem
3147 1271 3296 1342 quod
3316 1271 3435 1341 ipsa
3454 1271 3540 1325 lu-

1973 1373 2066 1421 cet
2099 1366 2154 1420 in
2186 1365 2544 1422 tabernaculo
2559 1365 2889 1431 testimonii,
2914 1370 3063 1420 recte
3091 1377 3312 1434 quoque
3334 1363 3544 1433 signiti-

1971 1466 2061 1511 cat
2080 1463 2359 1528 receptam
2386 1455 2582 1513 essein
2614 1454 2868 1511 ecclesiis
2899 1453 3023 1524 ejus
3054 1452 3541 1516 illuminationem,

1973 1561 2075 1603 nec
2095 1556 2252 1603 extra
2279 1561 2497 1604 sacram
2531 1553 2588 1603 et
2607 1546 2849 1601 divinam
2872 1543 3176 1601 Salvatoris
3197 1545 3378 1599 aulam
3403 1544 3546 1613 posi-

1973 1643 2086 1690 tqu
2106 1635 2197 1690 iri.
2212 1634 2366 1702 Quod
2387 1644 2569 1690 tamen
2585 1634 2815 1691 lucerna
2829 1641 2983 1689 extra
2997 1633 3174 1688 velum
3197 1640 3542 1699 cerneretur,

1972 1724 2291 1795 signiﬁcare
2326 1724 2542 1781 videtur
2585 1724 2978 1795 aimpliciorem
3005 1731 3059 1780 et
3093 1724 3542 1794 praeparatoriam

1973 1819 2267 1875 allaturum
2308 1832 2432 1874 esse
2463 1817 2953 1882 illuminationem,
2992 1818 3231 1873 dicendo
3262 1836 3274 1873 :
3303 1836 3323 1869 ι
3363 1817 3547 1873 ι)ωηὶ-

1974 1909 2201 1964 tentiam
2230 1908 2412 1977 agite:
2441 1907 2904 1978 appropinquavit
2917 1906 3063 1962 enim
3098 1919 3328 1974 regnum
3365 1905 3538 1960 emto-

1974 2013 2095 2053 rum
2111 1998 2181 2055 ".
2210 2017 2230 2051 ι
2271 1997 2380 2054 Sed
2405 2013 2598 2055 eorum
2632 2013 2755 2069 qua
2783 2006 2912 2054 sunt
2935 1999 3080 2052 intra
3109 1996 3287 2050 velum
3313 1996 3549 2051 abscon-

1972 2090 2109 2157 dita,
2142 2090 2529 2163 mysteriorum
2560 2090 2765 2147 Christi
2802 2089 3091 2153 nimirum,
3133 2090 3345 2143 nullum
3383 2089 3547 2160 plane

1973 2179 2238 2237 ostendit.
2287 2179 2407 2236 Non
2461 2181 2612 2236 enim
2646 2181 2946 2251 baptizavit
2967 2179 3023 2233 in
3071 2179 3545 2249 participationem

1974 2272 2150 2328 sancti
2177 2270 2420 2343 Spiritus
2443 2311 2457 2337 ,
2480 2287 2582 2326 nec
2604 2272 2725 2342 ejus
2757 2272 3092 2327 illuminatio
3122 2273 3178 2326 in
3207 2273 3545 2329 tabernaculi

1974 2359 2235 2415 interiora
2287 2360 2492 2415 intulit.
2526 2359 2657 2417 Erat
2701 2362 2849 2416 enim
2899 2362 2954 2416 in
2978 2361 3240 2417 exteriori
3292 2363 3546 2416 taberna-

1971 2451 2137 2516 culo,
2191 2466 2211 2502 ι
2266 2449 2414 2520 quod
2470 2456 2674 2506 statum
2724 2449 2906 2506 adhuc
2979 2450 3292 2516 habebat",
3333 2469 3352 2504 ι
3389 2450 3547 2521 juxta

1971 2541 2127 2598 Pauli
2162 2542 2394 2598 dictum.
2448 2541 2609 2609 Quod
2660 2549 2843 2599 autem
2888 2542 3024 2598 dicit
3080 2560 3095 2596 :
3155 2560 3174 2594 ι
3242 2541 3309 2597 Et
3352 2557 3546 2598 accen.

1970 2633 2065 2689 det
2112 2646 2236 2687 eam
2285 2632 2493 2697 Aaron,
2543 2637 2599 2687 et
2657 2630 2752 2685 ﬁlii
2807 2631 2949 2701 ejus,
3007 2644 3039 2686 a
3083 2644 3316 2700 vespera
3373 2644 3550 2700 usque

1971 2720 2131 2791 251
2158 2720 2226 2775 ad
2255 2733 2414 2774 mane
2433 2759 2449 2785 ,
2478 2732 2663 2774 coram
2702 2718 2960 2784 Domino;
2992 2718 3299 2788 legitimum
3342 2718 3551 2787 sempi-

1971 2818 2190 2867 ternum
2218 2809 2277 2863 in
2317 2808 2605 2878 progenies
2631 2816 2844 2864 vestras
2869 2847 2884 2873 ,
2924 2827 2944 2862 r
2990 2808 3096 2863 hoc
3137 2809 3303 2863 modo
3355 2822 3550 2863 rursus

1971 2900 2382 2972 intelligendum
2414 2908 2570 2970 puto.
2602 2898 2788 2954 Aaron
2838 2906 2895 2954 et
2926 2898 3024 2953 lilii
3085 2898 3215 2969 ejus
3239 2898 3552 2968 signiﬁcant

1971 3008 2068 3050 eos
2111 2993 2207 3064 qui
2238 3005 2399 3049 sacro
2426 3005 2652 3047 munere
2680 2989 2983 3061 funguntur
3021 2990 3077 3044 in
3114 2989 3368 3046 ecclesiis
3390 3030 3406 3054 ,
3447 2989 3552 3044 hoc

1973 3094 2077 3153 est,
2102 3085 2358 3141 doctores
2386 3092 2441 3139 et
2475 3082 2787 3138 divinorum
2811 3079 3209 3136 sacriﬁciorum
3236 3079 3547 3135 ministros.

1974 3175 2042 3231 Hi
2082 3177 2365 3231 lucernam
2402 3172 2804 3246 intelligibilem
2825 3175 2859 3236 ,'
2875 3171 2980 3227 hoc
3009 3178 3094 3226 est
3119 3169 3388 3226 Joannem
3422 3185 3551 3240 per-

1974 3254 2138 3339 petuo
2168 3267 2500 3321 relucentem
2534 3278 2761 3321 servare
2783 3262 3087 3334 jubeutur;
3137 3262 3243 3316 hoc
3274 3261 3431 3337 enim
3466 3270 3556 3316 est

1974 3358 2121 3431 quod
2161 3358 2365 3413 dicitur
2407 3372 2421 3408 :
2482 3373 2500 3407 ι
2535 3354 2851 3409 Accendent
2881 3367 3004 3408 eam
3041 3365 3072 3405 a
3104 3364 3335 3421 vespera
3374 3365 3552 3419 usque

1973 3451 2042 3506 ad
2088 3463 2270 3504 mane.
2316 3467 2335 3499 ο
2369 3445 2570 3501 Totum
2611 3443 2758 3500 enim
2801 3450 3019 3512 tempus
3056 3443 3114 3496 in
3157 3455 3269 3511 quo
3319 3439 3556 3495 debebat

1975 3544 2212 3598 lucernae
2247 3541 2435 3594 lumen
2487 3537 2735 3607 fulgere.
2790 3542 3119 3589 nocturnum
3156 3543 3242 3588 est
3291 3531 3552 3602 spatium,

1973 3650 2082 3706 quo
2103 3631 2388 3703 praesentis
2410 3628 2596 3685 smculi
2614 3624 2955 3696 signiﬁcatur
2986 3624 3358 3679 intervallum.
3391 3622 3573 3687 Lucis

1973 3727 2172 3796 quippe
2202 3724 2422 3778 nomine
2456 3720 2701 3775 futurum
2730 3717 2998 3773 saeculum
3026 3715 3424 3787 intelligimus;
3456 3730 3553 3770 ac-

1973 3817 2225 3872 cenditur
2252 3828 2385 3870 vero
2409 3851 2424 3879 ,
2464 3813 2582 3867 sive
2620 3811 2819 3867 ardens
2852 3809 3077 3865 lucerna
3110 3815 3393 3873 servatur,
3423 3806 3555 3861 dum

1976 3909 2105 3963 facit
2135 3915 2193 3961 ut
2220 3914 2446 3975 accepta
2475 3905 2546 3958 sit
2573 3917 2791 3973 semper
2812 3899 3169 3956 credentibus
3191 3900 3246 3954 in
3273 3899 3554 3954 Christum

1975 4000 2067 4054 illa
2092 3998 2213 4069 ejus
2242 3995 2633 4067 praelustratio,
2663 4003 2719 4049 et
2740 4008 2868 4048 vero
2890 3993 3005 4047 haec
3030 3992 3098 4045 de
3119 3990 3341 4045 Christo
3366 3989 3555 4044 dicere

1975 4088 2329 4145 sacerdotum
2371 4100 2509 4140 voce
2544 4081 2959 4151 comprobatur.
3010 4079 3081 4133 Ut
3110 4087 3289 4133 autem
3338 4077 3559 4132 doceret

1975 4188 2030 4236 tc
2065 4179 2211 4235 Deus
2237 4175 2542 4232 Salvatoris
2562 4171 2932 4244 praenuntiam
2970 4185 3067 4239 per
3099 4170 3241 4222 hanc
3273 4168 3553 4221 lucernam

1977 4271 2276 4344 signiﬁcari
2299 4309 2314 4333 ,
2349 4268 2675 4324 electionem
2703 4262 3056 4320 sacerdotum
3088 4261 3275 4316 statim
3307 4258 3554 4327 subjicit.

289 4374 486 4446 καιρὸς
518 4374 575 4425 ὲν
606 4364 650 4439 ᾧ
682 4372 923 4448 προσῆκε
963 4371 1025 4425 τὸ
1060 4370 1154 4424 τοῦ
1175 4349 1383 4443 -λύχνου
1417 4349 1701 4443 φαίνεσθαι
1725 4349 1865 4443 ιρῶς,

1972 4364 2145 4421 Porro
2175 4362 2222 4418 si
2246 4368 2417 4416 totam
2453 4356 2653 4427 capitis
2682 4355 2951 4408 rationem
2996 4349 3406 4406 consideratius
3454 4362 3557 4401 ex-

289 4464 354 4515 τὸ
380 4440 553 4532 μῆκός
582 4463 698 4515 ἐστι
727 4440 826 4531 τῆς
848 4440 1067 4524 νυκτὸς,
1093 4462 1158 4514 δι’
1179 4457 1240 4515 οὗ
1260 4440 1599 4533 ψήμαίνεται
1626 4465 1719 4519 τοῦ
1741 4440 1872 4537 παρ-

1987 4453 2243 4527 penderis
2270 4492 2284 4517 ,
2320 4450 2389 4505 ad
2423 4445 2739 4505 istiusmodi
2770 4442 3291 4523 contemplationem
3324 4455 3437 4495 non
3471 4440 3561 4494 in-

288 4531 449 4615 όντος
481 4554 676 4616 αἰῶνος
708 4552 768 4604 τὸ
801 4552 1149 4621 μέτρον.Φῶς
1180 4552 1306 4623 γὰρ,
1450 4556 1708 4625 μέλλοντα
1729 4531 1872 4611 νοοῦ-

1986 4550 2180 4607 scitam
2224 4551 2282 4599 ut
2305 4556 2427 4598 reor
2467 4538 2751 4593 ascendes.
2787 4534 2919 4590 Post
2941 4532 3346 4588 ordinationem
3379 4531 3563 4587 taber-

295 4665 396 4718 μεν
428 4646 603 4700 αἰῶνα
631 4664 644 4677 ·
683 4645 897 4699 καίεται
927 4662 992 4713 γε
1025 4643 1160 4715 μὴν,
1187 4646 1303 4715 ήτοι
1347 4645 1599 4718 λαμπρὸς
1626 4653 1657 4702 6
1684 4647 1872 4720 λύχνος

1977 4643 2157 4702 naculi
2188 4638 2428 4710 positum
2470 4639 2555 4688 est
2595 4630 2663 4685 de
2697 4629 2917 4683 lucerna
2951 4632 3318 4696 praeceptum,
3350 4631 3405 4678 et
3434 4631 3561 4691 post.

289 4739 728 4810 διαφυλάττεται,
760 4737 956 4810 δεκτήν
979 4738 1066 4791 ἀεὶ
1095 4742 1205 4801 τοῖς
1257 4739 1607 4794 πιστεύουσιν
1632 4744 1711 4805 είς
1743 4744 1872 4813 Χρι-

1974 4736 2113 4795 illud
2161 4730 2348 4789 statim
2395 4721 2745 4781 sacerdotum
2790 4716 3098 4774 nominatio
3138 4723 3195 4770 et
3233 4713 3461 4768 functio.
3500 4712 3562 4766 In

293 4806 416 4884 στὸν
446 4833 545 4902 τὴν
577 4832 665 4884 ἐπ’
696 4830 843 4900 αὐτῷ
881 4806 1167 4901 δαδουχίαν
1198 4830 1536 4902 ποιούμενος,
1562 4832 1657 4886 καὶ
1683 4806 1872 4904 ὅτιπερ

1978 4830 2088 4886 ﬁne
2115 4826 2320 4897 quippe
2351 4819 2489 4889 legis
2525 4823 2579 4872 et
2624 4812 3017 4884 prophetarum
3057 4806 3421 4878 praecursoria
3458 4820 3563 4859 vox

291 4924 438 4976 ἐστιν
486 4899 694 4994 ἀληθὴς
737 4899 1063 4976 τὰτοιαῦτα
1111 4921 1285 4991 λέγων
1321 4899 1447 4992 περὶ
1488 4924 1746 4995 Χριστοῦ,
1782 4899 1872 4978 διά

1978 4919 2183 4979 eﬂulsit
2215 4918 2271 4970 in
2316 4912 2578 4974 deserto,
2631 4914 2690 4961 ut
2725 4905 2996 4975 scriptum
3047 4908 3172 4964 est,
3217 4899 3558 4954 clamantis:

291 5012 479 5078 φωνῆς
509 4986 618 5066 τῶν
648 4986 800 5067 ’κατὰ
830 5015 1058 5087 καιροὺς
1090 4986 1276 5083 ἱερέων
1305 4986 1866 5086 ἐπιμαρτυρούμενος.

1983 5033 2003 5065 ι
2051 5012 2247 5065 Parate
2286 5005 2433 5060 viam
2478 4997 2742 5063 Domini,
2780 5002 2958 5051 rectas
3004 4991 3171 5047 facite
3204 4990 3431 5046 semitas
3467 4986 3563 5041 Dei

296 5103 414 5153 Ἵνα
434 5100 491 5153 δέ
520 5117 580 5153 σε
604 5100 788 5174 διδάξῃ
810 5084 961 5168 θεδέ,
987 5103 1070 5156 ὅτι
1096 5102 1186 5155 διὰ
1210 5102 1402 5156 τούτου
1432 5102 1523 5156 τὸν
1551 5084 1645 5157 τεῦ
1691 5084 1872 5175 Σωτῆ-

1979 5101 2157 5161 nostri
2184 5100 2274 5167 ’9;
2314 5115 2334 5149 ι
2375 5101 2499 5165 post
2525 5105 2688 5162 quem
2719 5087 2904 5144 statim
2944 5084 3092 5140 facta
3124 5089 3211 5139 est
3244 5089 3562 5137 sanctorum

295 5212 388 5264 ρος
418 5193 686 5247 ἁνετύπου
737 5195 1073 5265 προάγγελον
1101 5237 1116 5260 ,
1148 5196 1310 5259 εὐθὺς
1363 5195 1720 5250 ἐπισυνάπτει
1774 5197 1872 5268 τὴν

1982 5195 2361 5269 apostolorum
2404 5182 2682 5243 ordinatio
2716 5189 2770 5237 et
2806 5178 3080 5235 institutio
3103 5191 3198 5245 per
3235 5174 3547 5269 Christum.

289 5256 399 5338 τῶν
430 5256 818 5351 ίερατευόντων
845 5256 1120 5353 ἐπίλογήνξ
1160 5256 1434 5354 Ἀναῦήσῃ
1461 5283 1520 5336 δὲ
1546 5284 1729 5348 πάλιν,
1761 5256 1872 5339 ὅλον

1985 5256 2160 5359 Elegit
2191 5284 2340 5341 enim
2369 5278 2631 5336 Christus
2659 5270 2953 5328 duodecim
2978 5311 2991 5335 ,
3031 5282 3174 5338 quos
3200 5256 3564 5359 el‘apostglos

290 5374 381 5428 τοῦ
411 5374 711 5445 κεφαλαίου
738 5374 829 5427 τὸν
850 5374 1004 5442 λόγον
1019 5343 1507 5446 etsummating
1531 5377 1610 5438 είς
1628 5343 1872 5447 τοιαύτην

1982 5343 2307 5434 nominavit.
2328 5371 2592 5427 Absoluta
2620 5365 2712 5420 hic
2742 5364 2981 5419 lucernas
3007 5350 3416 5447 observatione,
3443 5343 3558 5398 Sal-

292 5467 410 5521 τινὰ
440 5434 695 5537 Θεωρίαν,
730 5466 824 5519 καὶ
843 5465 942 5519 ούκ
967 5434 1231 5536 ἅκομῷον,
1256 5434 1337 5530 ὥς
1353 5467 1417 5536 γὲ
1444 5434 1532 5538 μοι
1554 5434 1717 5520 δοκεῖ’
1756 5434 1872 5521 Ἐπὶ

1985 5469 2192 5523 vatoris
2226 5477 2412 5519 vocem
2448 5472 2668 5514 rursum
2702 5454 3026 5509 videamus:
3064 5465 3081 5498 ι
3118 5443 3215 5497 llle
3237 5442 3355 5492 erat
3380 5434 3563 5488 lucer-

367 5650 410 5684 ”
453 5650 586 5705 Luc.
628 5654 838 5716 “1,49.
919 5654 963 5684 ⁹⁶
1007 5650 1197 5705 Matth.
1236 5669 1306 5716 Iv,
1344 5654 1424 5706 l7.
1506 5653 1548 5683 ⁰⁷
1598 5650 1759 5706 Ilebr.
1797 5669 1843 5705 Ix

1972 5692 1974 5701 ι
2056 5651 2095 5681 "‘
2137 5649 2359 5710 153.31.,
2395 5642 2460 5706 3;
2495 5636 2683 5690 Matth.
2719 5649 2800 5696 ιιι,
2838 5631 2887 5680 ὅ.
