4078 6262
516 173 618 226 407

1473 171 1528 226 S.
1573 171 1850 227 CYRILLI
1889 171 2362 229 ALEXANDRINI
2401 146 2721 231 ARCHIEI".

3665 176 3779 232 408

515 299 586 340 na
608 325 622 350 ,
653 283 856 353 inquit,
888 280 1090 338 ardens
1121 297 1182 336 ac
1212 283 1406 338 lucens
1443 302 1457 337 :
1494 299 1593 340 vos
1623 292 1805 338 autem
1834 283 2088 340 voluistis

2209 287 2330 341 τέλει
2360 289 2462 358 τῆς
2490 291 2718 360 σκηνῆς,
2744 267 2900 359 ήέπὶ
2924 287 3002 358 τῷ
3026 287 3202 358 λύχνῳ
3229 287 3470 354 διάταξις
3507 291 3782 360 εἰσενήνε-

518 375 586 430 ad
617 375 810 428 horam
855 375 1134 430 exsultare
1179 373 1236 427 in
1263 374 1384 428 luce
1403 373 1523 444 ejus
1548 374 1617 431 ".
1649 395 1667 426 ι
1714 374 2042 445 lmperitiam
2069 415 2084 441 ,

515 473 572 518 et
592 462 942 534 praefractam
973 461 1207 516 indolem
1247 461 1542 517 Pharisaeis
1577 463 1796 532 objicit,
1825 463 2089 519 ostendit-

519 571 629 625 que
657 568 876 609 rursum
908 567 1003 606 eos
1035 551 1455 622 incomparabili
1483 553 1736 608 laborare
1775 554 2049 624 imperitia
2073 593 2088 618 ,

519 646 617 714 qui
651 659 774 714 quae
811 643 954 698 scire
986 641 1403 712 proﬁtebantur,
1444 644 1669 700 minime
1703 646 2089 716 intelligerent,

519 745 576 791 et
625 736 693 790 ab
730 743 924 790 exacta
977 734 1114 804 legis
1153 735 1467 804 cognitione
1507 738 1742 790 multum
1793 739 2088 801 abessent,

521 825 618 883 sed
661 839 724 880 ea
761 838 988 894 prorsus
1032 824 1353 894 ignorarent
1401 841 1523 896 qua
1575 827 1756 897 typice
1812 828 2095 897 legislator

521 914 896 986 praeﬁguravit
929 929 1026 984 per
1067 913 1327 985 Moysem.
1357 915 1456 970 His
1483 917 1628 970 enim
1663 918 1878 982 verbis,
1919 937 1937 970 ‹
1979 920 2089 973 Lu-

521 1021 688 1061 cerna
726 1012 845 1060 erat
885 1005 998 1071 ille,
1035 1005 1236 1062 ardens
1276 1021 1339 1061 ac
1367 1007 1624 1074 lucens,»
1661 1009 1949 1065 confundit
1978 1027 2093 1078 eos,

523 1107 584 1152 ut
613 1097 850 1161 videtur,
880 1097 1040 1168 quasi
1071 1097 1313 1151 nondum
1357 1100 1664 1170 intelligant
1701 1102 1895 1172 legalia
1927 1105 2095 1174 aenig-

522 1194 672 1240 mata
719 1187 1050 1255 umbrasque
1080 1196 1313 1243 veteres.
1361 1189 1498 1242 Cum
1524 1197 1704 1244 autem
1736 1192 1916 1258 addit,
1953 1212 1971 1244 ‹
2002 1208 2097 1248 vos

523 1294 656 1334 vero
689 1280 943 1335 voluistis
971 1279 1248 1334 exsultare
1282 1280 1350 1335 ad
1385 1281 1578 1336 horam
1611 1282 1666 1336 in
1700 1283 1861 1352 252
1891 1285 2097 1340 lumine

525 1369 676 1437 ejus,
710 1387 729 1421 ι
767 1369 1040 1439 signiﬁcat
1071 1385 1290 1425 rursum
1322 1386 1416 1427 eos
1451 1372 1650 1426 divinae
1679 1375 1964 1429 sententiae
1999 1391 2097 1430 sua

527 1461 725 1528 placita
760 1475 974 1531 semper
1003 1470 1368 1530 anteponere,
1405 1464 1692 1533 solamque
1724 1481 1879 1520 suam
1917 1467 2099 1522 libidi-

526 1567 653 1606 nem
697 1552 853 1621 sequi
893 1551 1106 1608 solitos.
1139 1553 1278 1607 Cum
1319 1554 1464 1608 enim
1505 1555 1826 1624 legislator,
1877 1556 2096 1626 inquit,

2191 395 2332 442 κται,
2365 377 2481 446 μεθ’
2505 379 2570 448 ἢν
2611 377 2771 440 εὐθὺς
2809 380 2842 447 ή
2891 377 2998 430 τῶν
3051 377 3242 448 ἱερέων
3290 379 3529 451 προϐολή
3575 396 3636 433 τε
3682 381 3780 433 καὶ

2191 464 2402 533 χρῆσις.
2449 465 2570 517 Ἐπὶ
2627 463 2737 535 γάρ
2767 464 2909 518 τέλει
2955 463 3049 517 τοῦ
3083 465 3245 536 νόμου
3290 467 3384 520 καὶ
3419 467 3528 521 τῶν
3562 485 3782 538 προφη-

2190 554 2332 618 τῶν,
2377 554 2534 625 ήτοῦ
2578 553 2998 625 προϐαδίζοντος
3031 555 3299 626 ἐξέλαμψε
3345 557 3496 628 φωνὴ
3545 557 3780 628 βοῶντος

2193 647 2250 698 ἐν
2282 649 2346 716 τῇ
2368 647 2578 716 ἐρήμῳ,
2613 645 2755 699 καθὰ
2807 645 3114 716 γέγραπται
3141 664 3156 678 ο
3215 667 3234 699 ι
3283 649 3640 718 Ἑτοιμάσατε
3677 649 3778 719 τὴν

2192 736 2307 789 ὁδὸν
2352 737 2578 808 Κυρίου,
2626 737 2840 800 εὐθείας
2870 741 3074 791 ποιεῖτε
3121 738 3220 801 τὰς
3253 738 3473 808 τρίϐους
3519 739 3615 791 τοῦ
3640 739 3778 791 Θεοῦ

2194 825 2371 893 ήμῶνο
2427 843 2446 876 ι
2488 824 2604 894 μεθ’
2629 824 2688 878 ὃν
2715 827 2875 890 εὐθὺς
2909 828 2941 896 ή
2972 827 3080 880 τῶν
3125 829 3296 895 ἁγίων
3345 828 3661 882 ἀποστόλων
3691 828 3780 882 διὰ

2193 913 2429 985 Χριστοῦ
2464 917 2766 986 χειροτονία
2795 934 2851 969 τε
2880 918 2975 970 καὶ
3024 919 3289 984 ἀνάδειξις
3308 936 3322 949 ·
3359 918 3639 983 ἐξελέξατο
3667 920 3778 989 γὰρ

2195 1009 2224 1058 6
2256 1005 2458 1076 Κύριος
2496 1006 2701 1059 δώδεκα
2729 1046 2743 1068 ,
2777 1006 2870 1069 οὓς
2928 1008 3023 1060 καὶ
3083 1008 3416 1071 ἀποστόλους
3470 1009 3774 1078 ὠνόμασεν.

2211 1097 2297 1148 Ἐν
2325 1095 2534 1159 τούτοις
2554 1098 2686 1167 ἡμῖν
2712 1098 2809 1166 τῆς
2839 1098 2930 1150 ἐπὶ
2969 1097 3046 1167 τῷ
3091 1098 3271 1169 λύχνῳ
3297 1099 3532 1170 θεωρίας
3560 1101 3776 1170 συμπε-

2186 1183 2569 1256 ’περασμένης,
2595 1187 2792 1257 ῖδωμεν
2825 1187 2987 1242 πάλιν
3011 1187 3106 1258 τὴν
3137 1188 3233 1240 τοῦ
3266 1189 3518 1260 Σωτῆρος
3557 1193 3741 1259 φωνήν

2205 1297 2223 1329 ι
2274 1279 2510 1342 Ἐκεῖνος
2557 1275 2625 1348 ἦν
2662 1280 2691 1332 6
2742 1280 2933 1349 λύχνος
2963 1321 2975 1344 ,
3036 1281 3240 1351 φησὶν,
3289 1284 3316 1334 ὁ
3349 1281 3641 1351 καιόμενος
3684 1283 3780 1345 καὶ

2200 1367 2403 1436 φαίνων
2440 1386 2452 1399 ·
2489 1370 2647 1439 ὑμεῖς
2692 1369 2749 1421 δὲ
2805 1369 3108 1440 ἠθελήσατε
3156 1366 3585 1438 ἀγαλλιασθῆναι
3643 1369 3781 1439 πρὸς

2199 1459 2346 1528 ὤραν
2379 1461 2436 1512 ἐν
2463 1460 2540 1530 τῷ
2567 1460 2706 1528 φωτὶ
2731 1458 2916 1513 αὐτοῦ.
2959 1478 2976 1512 ι
3011 1459 3164 1525 ’Έξιν
3203 1457 3388 1529 ἀμαθῆ
3424 1460 3518 1511 καὶ
3541 1457 3783 1526 δυσάγω-

2201 1568 2295 1619 γον
2320 1553 2397 1614 είς
2418 1551 2662 1623 ὑπακοὴν
2695 1554 2805 1614 τοῖς
2844 1551 3153 1622 Φαρισαίοις
3191 1550 3416 1619 ἐγκαλεῖ
3467 1551 3560 1604 καὶ
3586 1549 3783 1617 διελέγ⁹

529 1645 809 1698 lucernam
852 1643 1076 1697 accendi
1111 1651 1164 1697 et
1197 1654 1460 1714 perpetuo
1491 1646 1678 1700 lucere
1710 1647 1972 1715 jusserit,
2005 1662 2103 1703 vos

2209 1659 2286 1712 χει
2337 1642 2497 1695 πάλιν
2522 1681 2536 1703 ,
2566 1642 2642 1704 ὡς
2673 1641 3000 1713 ἀσύγκριτον
3029 1642 3240 1696 νοσοῦσι
3276 1644 3373 1712 τὴν
3404 1643 3776 1704 ἀπαιδευσίαν,

529 1735 706 1802 ipsam
741 1747 850 1787 non
884 1748 1100 1802 semper
1141 1733 1322 1789 lucere
1364 1735 1655 1802 voluistis,
1688 1738 1780 1791 sed
1810 1737 1877 1790 ad
1911 1739 2102 1792 horam

532 1835 772 1889 tantum,
812 1825 916 1879 hoc
946 1833 1053 1888 est,
1108 1825 1163 1878 in
1198 1826 1588 1880 brevissimum
1619 1835 1851 1895 tempus.
1891 1826 2104 1882 Princi-

534 1917 625 1985 pio
651 1917 796 1971 enim
833 1916 1034 1980 mirati,
1057 1917 1402 1973 exstinxistis
1429 1927 1693 1987 quantum
1725 1921 1780 1972 in
1811 1917 1966 1975 vobis
1987 1927 2107 1975 erat

535 2010 772 2064 lucernae
797 2010 998 2073 lumen,
1020 2018 1218 2080 praeter
1239 2024 1455 2064 omnem
1481 2011 1747 2065 rationem
1778 2010 2106 2066 insultantes

536 2099 586 2153 ei
613 2099 706 2167 qui
734 2099 998 2155 divinitus
1029 2100 1231 2156 missus
1258 2107 1374 2168 est;
1397 2117 1572 2171 neque
1597 2103 1774 2156 solum
1804 2104 1905 2172 ipsi
1932 2105 2108 2173 bapti-

537 2190 649 2243 zari
681 2190 750 2244 ab
783 2205 848 2244 eo
879 2191 1138 2245 noluistis
1160 2231 1175 2255 ,
1213 2191 1312 2246 sed
1344 2201 1399 2246 et
1429 2195 1726 2262 quominus
1758 2195 1894 2250 alios
1931 2195 2104 2263 bapti-

536 2289 688 2334 zaret
719 2281 990 2352 vetuistis.
1025 2281 1252 2338 Misistis
1287 2284 1490 2353 quippe
1519 2285 1587 2337 ad
1623 2300 1747 2341 eum
1771 2327 1784 2350 ,
1816 2285 2103 2340 dicentes:

541 2391 560 2421 ‹
601 2371 741 2436 Quid
777 2372 946 2441 igitur
971 2373 1218 2442 baptizas
1245 2372 1262 2403 ‘
1290 2375 1312 2426 ’ἒ
1351 2393 1369 2424 ι
1408 2375 1510 2427 hoc
1539 2381 1658 2440 est,
1701 2390 1800 2429 cur
1830 2375 2107 2430 illuminas

536 2463 590 2515 in
623 2461 996 2530 paenitentiam
1020 2501 1035 2526 ,
1081 2470 1135 2517 et
1181 2462 1550 2531 cognitionem
1581 2465 1828 2518 Christi?
1858 2465 2109 2533 Quapro-

538 2562 659 2621 pter
709 2553 958 2607 stultitiae
1005 2563 1058 2608 et
1115 2554 1580 2623 praevaricationis
1627 2564 1854 2610 accusat
1909 2556 2108 2611 stultos

541 2642 763 2699 Scribas
812 2651 976 2712 atque
1025 2642 1331 2698 Pharisatos
1371 2642 1642 2710 Salvator,
1701 2646 1832 2700 dum
1879 2643 2108 2701 Joannis

543 2736 766 2790 vocibus
821 2752 1043 2791 rursum
1083 2735 1432 2806 suli'ragatur.
1475 2737 1632 2802 Quod
1678 2751 1803 2791 cum
1849 2738 2111 2806 przeclare

541 2828 734 2881 beatus
773 2825 948 2883 Lucas
986 2827 1346 2897 intelligeret,
1395 2827 1611 2881 illorum
1657 2827 1909 2897 increpat
1952 2829 2109 2884 insa-

541 2920 719 2982 niam,
751 2918 939 2973 dicens
972 2937 986 2973 :
1025 2938 1043 2969 ε
1085 2917 1151 2970 Ει
1178 2917 1356 2973 omnis
1389 2921 1622 2987 populus
1657 2917 1886 2972 audiens
1919 2920 2109 2990 (verba

2205 1732 2324 1784 οὐδὲ
2358 1733 2501 1803 ἆπερ
2520 1732 2719 1785 εἰδέναι
2753 1733 3280 1802 κατεπαγγέλλονται
3316 1737 3455 1789 νοεῖν
3485 1732 3777 1803 ἰσχύοντες,

2207 1825 2297 1876 καὶ
2337 1823 2469 1876 πολὺ
2516 1824 2617 1894 μὲν
2668 1823 2786 1877 λίαν
2826 1825 2924 1894 τῆς
2967 1825 3228 1896 ἀκριϐοῦς
3285 1823 3654 1896 νομομαθείας
3699 1824 3784 1889 ἐξι-

2211 1912 2532 1980 ῳκισμένοι,
2553 1911 2874 1979 ἀγνοοῦντες
2903 1913 2958 1965 δὲ
2987 1915 3125 1967 κατά
3152 1914 3212 1966 τὸ
3235 1915 3514 1979 παντελὲς,
3534 1915 3676 1981 ἅπερ
3709 1913 3787 1975 ὡς

2207 2004 2264 2054 ἐν
2297 2004 2568 2072 σχήμασιν
2596 2005 2623 2056 ὁ
2656 2005 2952 2074 νομοθέτης
2985 2006 3361 2074 προανετύπου
3399 2005 3485 2060 διὰ
3517 2005 3781 2067 Μωσέως.

2207 2092 2304 2144 Διά
2339 2093 2436 2161 μὲν
2462 2093 2568 2163 γὰρ
2615 2093 2710 2146 τοῦ
2743 2093 2941 2162 λέγειν,
2974 2095 3056 2147 ὅτι
3083 2111 3101 2144 ‹
3146 2095 3204 2147 '0
3233 2094 3426 2163 λύχνος
3461 2089 3530 2165 ἦν
3574 2093 3784 2154 ἐκεῖνος

2205 2184 2236 2237 ὁ
2280 2184 2564 2254 καιόμενος
2597 2185 2690 2237 καὶ
2719 2185 2946 2254 φαίνων,
2983 2204 3002 2236 ›
3035 2185 3295 2250 δυσωπεῖ,
3334 2185 3476 2238 κατὰ
3518 2184 3579 2236 τὸ
3613 2184 3782 2247 εἰκὸς,

2208 2274 2283 2337 ὡς
2311 2273 2462 2327 οὔπω
2506 2277 2827 2345 νενοηκότας
2855 2277 2914 2330 τὸ
2956 2278 3013 2331 ἐν
3046 2280 3288 2348 νομικοῖς
3331 2278 3650 2346 αἰνίγμασι.
3694 2276 3788 2327 καὶ

2209 2367 2375 2420 πάλαι
2398 2367 2928 2438 σκιαγραφούμενον.
2970 2371 3068 2424 Διά
3088 2370 3143 2424 δὲ
3175 2369 3267 2423 τοῦ
3297 2371 3470 2422 είπεῖν
3497 2381 3511 2394 ·
3542 2385 3559 2417 ι
3595 2358 3788 2435 Ὑμεῖς

2208 2459 2265 2511 δέ
2306 2458 2608 2530 ἠθελήσατε
2651 2461 3072 2533 ἁγαλλιασθῆναι
3113 2462 3249 2533 πρὸς
3280 2461 3429 2532 ὥραν
3455 2461 3514 2511 ἐν
3545 2457 3624 2527 τῷ
3651 2457 3789 2524 φωτὶ

2209 2552 2394 2617 αὑτοῦ,
2437 2572 2454 2604 ι
2493 2553 2593 2623 τῆς
2645 2552 2850 2608 ἄνωθεν
2885 2553 3068 2623 ψήφου
3114 2554 3176 2606 τὸ
3203 2554 3400 2605 οίκεῖον
3444 2550 3532 2603 ἀεὶ
3565 2546 3791 2616 προτάτ-

2209 2660 2399 2706 τοντας
2430 2643 2640 2715 θέλημα
2687 2644 2848 2698 πάλιν
2897 2643 3161 2715 εἰσφέρει,
3198 2643 3292 2697 καὶ
3330 2634 3525 2710 οἷσπερ
3565 2638 3630 2692 ἂν
3665 2635 3791 2706 βού-

2209 2734 2406 2788 λωνται
2431 2734 2612 2803 μόνοις
2647 2735 2959 2788 ἀκολουθεῖν
2985 2734 3340 2804 εἰθισμένους.
3362 2732 3468 2785 Τοῦ
3500 2731 3610 2800 γὰρ
3632 2744 3791 2798 νομο-

2212 2823 2387 2886 θέτου,
2418 2823 2570 2891 φησὶ,
2598 2822 2685 2876 διὰ
2724 2823 2923 2886 παντὸς
2957 2824 3168 2891 φαίνειν
3197 2839 3254 2873 τε
3286 2821 3378 2874 καὶ
3421 2819 3674 2873 καίεσθαι
3701 2817 3793 2870 τὸν

2213 2913 2403 2984 λύχνον
2423 2915 2815 2984 διατεταχότος,
2847 2917 2948 2968 οὐκ
2975 2917 3052 2979 εἰς
3086 2915 3174 2968 ἀεὶ
3202 2914 3411 2985 φαίνειν
3445 2911 3607 2965 αὑτὸν
3638 2911 3792 2980 ὑμεῖς

543 3007 841 3060 Salvatoris
870 3006 1178 3077 nimirum),
1209 3006 1651 3072 justiﬁcavcrunt
1701 3005 1866 3060 Deum
1885 3048 1898 3072 ,
1927 3007 2108 3076 bapti~

2215 3005 2540 3076 ἠθελήσατε,
2570 3007 2706 3061 ἀλλὰ
2751 3008 2888 3078 πρὸς
2941 3007 3108 3078 μόνην
3145 3006 3294 3077 ὥραν
3319 3048 3333 3072 ,
3365 3004 3611 3056 τουτέστι
3658 2999 3792 3070 πρὸς

543 3098 649 3150 zati
682 3099 956 3167 baptismo
984 3097 1236 3153 Joannis.
1261 3096 1523 3152 Pharisaei
1563 3105 1744 3151 autem
1791 3105 1843 3150 et
1877 3097 2108 3168 legispe-

2215 3097 2391 3176 ὀλίγον
2421 3099 2612 3168 κομιδῇ
2664 3098 2753 3154 τὸν
2780 3098 2992 3168 καιρόν.
3025 3099 3111 3150 Ἐν
3151 3098 3293 3168 ἀρχῇ
3333 3095 3440 3165 γὰρ
3483 3092 3794 3161 θαυμάσαν-

545 3187 634 3239 riti
667 3187 956 3242 consilium
996 3187 1090 3243 Dei
1125 3196 1449 3258 spreverunt
1495 3190 1550 3243 in
1584 3189 1896 3258 semetipsis
1931 3229 1945 3256 ,
1999 3205 2108 3244 non

2215 3206 2306 3252 τες
2337 3189 2722 3256 κατεσϐέσατε,
2753 3190 2812 3242 τδ
2852 3190 2974 3243 ὅσον
3015 3191 3099 3258 ἐφ’
3126 3189 3360 3253 ἑαυτοῖς,
3387 3186 3481 3238 τοῦ
3519 3183 3714 3253 λύχνου
3737 3181 3794 3232 τὸ

544 3277 806 3346 baptizati
834 3280 902 3334 ab
925 3295 991 3335 eo
1020 3281 1060 3333 ’.
1098 3298 1118 3330 ι

2220 3281 2358 3349 φῶς,
2386 3280 2702 3349 ἀλογώτατα
2749 3282 2849 3352 μὲν
2885 3282 3316 3352 ἐπισκήπτοντες
3354 3277 3432 3348 τῷ
3464 3276 3650 3329 θεόθεν
3688 3275 3792 3326 ἀπ-

545 3370 993 3439 εσταλμὲνῳ,κα“ι
1013 3373 1073 3425 οὐ
1107 3371 1268 3442 μόνον
1299 3371 1454 3424 αὐτοὶ
1486 3371 1545 3423 τὸ
1573 3370 1929 3440 βαπτίζεσθαι
1991 3372 2432 3444 παραιτούμενοι,
2501 3375 2636 3429 ἀλλά
2678 3375 2769 3428 καὶ
2813 3373 2906 3427 τοῦ
2965 3373 3244 3443 βαπτίζειν
3290 3372 3511 3441 ἐτέρους
3577 3369 3793 3421 ἀποκω-

545 3465 784 3527 λύοντες.
815 3466 1193 3519 Ἀπεστείλατε
1215 3466 1323 3537 γὰρ
1351 3467 1489 3537 πρὸς
1514 3467 1673 3520 αὑτὸν
1703 3466 1949 3535 λέγοντες
1969 3484 1983 3498 ·
2020 3467 2116 3520 «Τί
2151 3465 2242 3522 οῦν
2279 3469 2589 3538 βαπτίζεις;
2629 3490 2647 3523 ι
2673 3471 2942 3534 τουτέστι,
2971 3470 3034 3522 Τί
3076 3468 3331 3539 φωτίζεις
3363 3469 3442 3530 είς
3511 3465 3793 3536 μετάνοιαν

547 3561 642 3612 καὶ
676 3561 967 3627 ἐπίγνωσιν
1013 3560 1106 3612 τοῦ
1148 3561 1416 3630 Χριστοῦ;
1445 3562 1651 3614 Οὐκοῦν
1689 3562 1938 3631 εὐηθείας
1967 3561 2083 3631 ἅμα
2118 3564 2211 3616 καὶ
2254 3566 2594 3635 παρανομίας
2621 3567 2891 3636 ἐπήνεγκε
2929 3563 3145 3635 γραφὴν
3172 3567 3284 3626 τοῖς
3321 3562 3568 3632 ἀνοήτοις
3608 3560 3648 3611 Γ
3655 3575 3794 3628 ραμ-

553 3649 776 3718 ματεῦσι
825 3651 916 3702 καὶ
949 3651 1280 3720 Φαρισαίοις,
1323 3655 1444 3714 ταῖς
1500 3651 1743 3705 Ἰωάννου
1798 3654 1959 3707 πάλιν
2018 3657 2489 3727 ἐπαγωνιζόμενος
2523 3662 2726 3727 φωναῖς
2758 3663 2785 3713 6
2844 3659 3058 3728 Σωτήρ.
3099 3659 3298 3726 Ὅπερ,
3337 3650 3490 3724 οἶμαι
3518 3695 3531 3717 ,
3598 3652 3794 3715 συνεὶς,

547 3743 746 3812 ἄριστά
809 3760 868 3794 τε
919 3743 1205 3812 διειληφὼς
1268 3747 1360 3800 καὶ
1399 3746 1427 3796 ό
1480 3747 1749 3816 μακάριος
1799 3751 2032 3814 Λουκᾶς,
2072 3750 2172 3818 τῆς
2224 3753 2444 3806 ἐκείνων
2509 3755 2762 3818 ἀπονοίας
2797 3753 3056 3824 καταϐοᾷ,
3111 3751 3284 3819 λέγων
3315 3765 3329 3780 '
3358 3767 3376 3800 ‹
3423 3748 3534 3800 Καὶ
3603 3746 3710 3807 πᾶς
3771 3744 3799 3796 6

549 3834 676 3898 λαὸς
726 3835 962 3898 ἀκούσας
1021 3837 1148 3906 (τῶν
1185 3837 1278 3890 τοῦ
1328 3839 1577 3911 Σωτῆρος
1618 3842 1877 3911 ῥημάτων
1915 3845 2161 3919 δηλαδὴ),
2211 3850 2534 3902 ἐδικαίωσαν
2571 3851 2661 3903 τὸν
2685 3850 2815 3903 Θεὸν
2836 3847 3220 3918 βαπτισθέντες
3239 3847 3300 3899 τὸ
3323 3846 3607 3916 βάπτισμα
3631 3842 3801 3896 Ἰωάν-

548 3941 658 3977 νου.
687 3927 749 3978 Ol
773 3925 829 3978 δὲ
868 3927 1148 3996 Φαρισαῖοι
1183 3931 1276 3981 καὶ
1310 3931 1358 3982 oi
1387 3932 1620 4000 νομικοὶ,
1659 3931 1756 4002 τὴν
1790 3933 1982 4005 βουλὴν
2022 3937 2116 3990 τοῦ
2155 3938 2292 3992 Θεοῦ
2323 3939 2594 4010 ὴθέτησαν
2628 3943 2685 3993 ἐν
2728 3941 2960 4006 ἑαυτοῖς,
3004 3939 3077 4010 μὴ
3122 3936 3506 4009 βαπτισθέντες
3557 3935 3649 3986 ὑπ’
3707 3933 3800 3986 αὑ-

548 4033 663 4071 του.
714 4035 732 4068 ι

622 4101 695 4173 ν,·
728 4105 827 4172 56,
854 4107 943 4162 ‘57.
991 4111 1102 4178 Ego
1137 4118 1308 4164 autem
1346 4113 1698 4167 testimonium
1737 4115 1898 4170 habeo
1951 4120 2124 4188 majus

549 4202 776 4256 Joanne.
814 4199 986 4268 Opera
1017 4202 1156 4254 enim
1185 4219 1301 4272 qua:
1334 4203 1475 4258 dedit
1508 4207 1636 4260 mihi
1669 4207 1850 4272 Pater,
1883 4221 1940 4263 ut
1968 4213 2125 4282 perﬁ-

2315 4118 2463 4188 Ἐγὼ
2507 4119 2574 4171 δὲ
2613 4118 2732 4188 ἔχω
2761 4116 2873 4187 τὴν
2909 4116 3241 4187 μαρτυρίαν
3273 4115 3448 4185 μείζω
3477 4116 3581 4170 τοῦ
3621 4117 3800 4171 Ἰωάν-

2231 4227 2364 4263 νου.
2393 4210 2469 4264 Τὰ
2495 4209 2604 4276 γὰρ
2627 4209 2789 4276 ἔργα,
2830 4206 2867 4259 ἁ
2892 4205 3113 4260 δέδωκέ
3146 4224 3247 4274 μοι
3276 4209 3308 4258 ό
3346 4206 3549 4273 Πατὴρ
3577 4207 3678 4259 ἵνα
3715 4222 3800 4259 τε-

551 4296 687 4349 ciam
707 4311 786 4359 ea,
802 4295 918 4364 ipsa
943 4309 1122 4362 opera,
1143 4311 1259 4363 quis
1279 4313 1371 4366 ego
1391 4297 1558 4364 facio,
1576 4301 1934 4355 testimonium
1955 4305 2108 4372 per/ti.

2229 4300 2457 4355 .Zeuborw
2510 4299 2694 4363 αὐτὰ,
2750 4298 2902 4352 αὑτά
2944 4297 3015 4351 τὰ
3063 4297 3206 4366 ἔργα
3246 4295 3284 4349 ἁ
3327 4295 3474 4350 ποιῶ
3521 4297 3802 4366 μαρτυρεῖ

552 4391 669 4442 bent
695 4389 760 4442 de
802 4405 882 4442 me
904 4431 920 4455 ,
961 4389 1087 4459 quia
1120 4388 1286 4443 Pater
1315 4391 1460 4445 misit
1500 4409 1600 4446 nte.
1634 4391 1701 4446 Et
1739 4397 1830 4462 qui
1875 4398 2019 4450 misit
2048 4415 2108 4453 "id

2231 4393 2362 4461 περὶ
2416 4392 2600 4461 ἐμοῦ,
2633 4393 2720 4444 ὅτι
2749 4395 2781 4443 ὁ
2831 4391 3034 4458 Πατήρ
3067 4407 3143 4458 με
3197 4389 3562 4446 ἀπέσταλκε.
3610 4391 3719 4443 Kal
3770 4393 3800 4442 ό

551 4477 735 4544 Pater,
761 4480 1115 4533 testimonium
1147 4480 1408 4548 perhibuit
1439 4482 1503 4536 de
1536 4500 1634 4537 me.

623 4648 866 4707 Tametsi
903 4652 1129 4706 lucerna
1154 4662 1270 4707 erat
1304 4655 1412 4717 ille,
1459 4654 1661 4726 inquit,
1693 4672 1816 4712 cum
1855 4661 2122 4730 legalibus

553 4740 706 4795 libris
734 4743 1031 4814 descripta,
1065 4751 1177 4800 tum
1209 4756 1526 4802 sanctorum
1569 4751 1963 4819 prophetarum
1989 4768 2126 4808 voce

552 4834 916 4900 praenuntiata
941 4875 956 4899 ,
1001 4851 1125 4906 qua:
1153 4852 1286 4892 vero
1317 4839 1508 4893 lumini
1541 4841 1836 4910 praelucere
1854 4843 2082 4898 debebat
2108 4883 2122 4908 ,

554 4928 610 4974 et
639 4921 791 4975 vobis
827 4924 1085 4978 nuntiare
1131 4929 1428 4993 parandam
1468 4944 1592 4984 esse
1627 4933 1768 4985 viam
1809 4932 2026 4986 Domini
2062 4949 2125 4986 ac

554 5007 651 5062 Dei
686 5027 698 5062 :
739 5015 919 5062 tamen
949 5013 1209 5079 quoniam
1238 5014 1416 5078 vobis,
1447 5017 1645 5084 inquit,
1683 5019 1864 5074 minus
1899 5019 2128 5076 idoneus

558 5103 717 5156 testis
749 5096 970 5152 videtur
994 5139 1009 5165 ,
1043 5108 1192 5155 tanta
1222 5103 1349 5158 licet
1379 5106 1582 5159 virtute
1603 5109 1864 5175 prmditus
1890 5151 1903 5173 ,
1942 5113 2013 5164 ob
2041 5114 2124 5166 ef-

556 5191 822 5245 frenatam
847 5188 1107 5244 nimirum
1133 5200 1186 5246 et
1209 5193 1500 5251 immanem
1521 5198 1834 5261 stultitiam,
1855 5201 1921 5254 ad
1951 5203 2126 5270 majus

556 5297 707 5336 nunc
730 5295 816 5334 me
850 5278 1112 5346 confero,
1144 5283 1195 5337 in
1219 5286 1387 5353 quod,
1423 5296 1480 5341 ut
1510 5288 1743 5355 videtur,
1773 5292 1908 5346 nihil
1942 5294 2123 5350 denuo

559 5371 760 5430 dicturi
790 5370 961 5436 estis,
994 5371 1168 5442 ipsam
1194 5375 1462 5441 veritatis,
1495 5379 1659 5434 etiam
1687 5382 1843 5438 inviti
1877 5385 2122 5455 pulchri-

2232 4483 2474 4550 πέμψας
2532 4499 2607 4550 με
2673 4480 2908 4548 Πατὴρ,
2960 4479 3143 4545 αὐτὸς
3198 4480 3616 4549 μεμαρτύρηκε
3672 4478 3797 4545 περὶ

2232 4574 2393 4641 ἐμοῦ.

2299 4664 2362 4715 Εἰ
2407 4662 2500 4715 καὶ
2544 4662 2734 4732 λύχνος
2755 4657 2823 4731 ἦν
2852 4662 3076 4723 ἐκεῖνος,
3109 4659 3261 4729 φησὶ,
3300 4657 3394 4710 καλ⁸
3435 4656 3524 4709 διὰ
3566 4655 3801 4726 νομικῶν

2234 4755 2625 4822 συνταγμάτων
2659 4751 3114 4823 ζωγραφούμενος
3140 4793 3154 4817 ,
3184 4751 3277 4802 καὶ
3322 4749 3410 4802 διὰ
3470 4747 3654 4818 φωνῆς
3699 4747 3802 4800 τῶν

2230 4845 2400 4912 ἁγίων
2453 4844 2747 4913 προφητῶν
2798 4841 3197 4913 προϐοώμενος,
3241 4842 3316 4904 ὠς
3365 4838 3800 4909 ἀναδειχθήσεταί

2233 4950 2361 4986 ποτε
2417 4932 2509 4985 τοῦ
2561 4933 2679 4985 κατ’
2702 4933 2965 5003 ἀλήθειαν
2996 4931 3438 5002 προαναλάμπων
3474 4928 3676 4997 φωτὸς,
3715 4928 3800 4980 καὶ

2231 5023 2561 5092 διαγγέλλων
2591 5026 2648 5075 ἐν
2683 5024 2832 5091 ὑμῖν,
2860 5024 2940 5076 ὅτι
2973 5023 3241 5093 προσήκει
3292 5021 3392 5090 τὴν
3417 5019 3536 5073 ὁδὸν
3567 5016 3799 5088 εὐτρεπῆ

2233 5115 2498 5167 ποιεῖσθαι
2516 5113 2608 5167 τοῦ
2642 5114 2844 5185 Κυρίου
2870 5114 2964 5165 καὶ
2980 5112 3113 5165 Θεοῦ
3137 5129 3149 5141 ·
3170 5111 3283 5164 ἀλλ’
3303 5111 3537 5180 ἐπείπερ
3564 5109 3691 5179 ὑμῖν
3711 5107 3801 5160 οὐκ

2232 5207 2540 5272 ἀξιόπιστος
2568 5205 2696 5268 ἴσως
2728 5206 2939 5275 ὁρᾶται,
2973 5203 3148 5256 καίτοι
3193 5203 3440 5263 τοσοῦτος
3468 5202 3734 5272 ὑπάρχων
3749 5199 3800 5249 ἐν

2231 5299 2420 5369 ἀρετῇ,
2437 5297 2522 5351 διὰ
2543 5299 2639 5368 τὴν
2659 5297 2882 5350 ἐνοῦσαν
2899 5297 3027 5365 ὑμῖν
3043 5296 3292 5367 ἀχάλινόν
3313 5313 3371 5348 τε
3389 5295 3482 5348 καὶ
3499 5290 3801 5351 ἐκτοπωτά-

2230 5407 2330 5460 την
2352 5390 2626 5456 ἀπόνοιαν,
2655 5389 2746 5442 ἐπὶ
2768 5388 2828 5442 τὸ
2861 5389 3043 5459 μεῖζον
3071 5389 3174 5460 ήδη
3205 5387 3382 5460 χωρῶ,
3415 5387 3535 5442 καθ’
3566 5378 3650 5451 οῦ,
3673 5381 3799 5438 κατά

648 5551 868 5617 "Joan.
905 5581 958 5628 τ,
989 5565 1077 5620 33'.
1161 5567 1174 5596 ¹
1217 5561 1373 5618 Joan.
1412 5581 1449 5628 ι,
1482 5563 1568 5618 ‘35.
1647 5566 1667 5598 ί
1708 5565 1842 5622 Luc.
1881 5585 1976 5638 vn,
2016 5568 2107 5636 “29,
2134 5568 2221 5621 30.
