4078 6262
401 280 506 334 409
1451 282 1514 336 ΙΝ
1538 281 1822 338 ,ΙΟᾹΝΝΙΞ
1856 281 1994 336 EVA

2103 279 2301 336 Β]ιίοΜ
2334 280 2463 335 LIB.
2507 279 2592 333 ΙΠ.
3451 267 3454 270 ’
3537 270 3648 326 ΗΟ

400 393 464 445 τὸ
501 392 681 457 εἰκὸς,
711 396 884 464 ἐρεῖτε
921 395 1081 449 πάλιν
1122 395 1294 462 οὐδὲν,
1324 397 1456 450 αὐτὸ
1484 400 1583 467 τῆς
1621 397 1880 466 ἀληθείας
1920 398 1988 450 τὸ

2103 397 2328 452 ηοόίηειη
2376 397 2558 452 veriti.
2590 393 2706 448 Non
2742 393 2856 462 jam
2897 391 3038 448 enim
3061 434 3074 457 ,
3109 390 3321 459 inquit,
3357 389 3644 444 hominum

407 482 602 546 κάλλος
640 484 792 556 παρά
819 485 1067 556 βούλησιν
1093 487 1193 558 τὴν
1214 487 1417 540 ἑαυτῶν
1444 488 1871 557 δυσωπούμενοι.
1901 489 1976 540 Οὐ

2103 489 2432 543 termonihus
2461 502 2524 541 ac
2553 485 2826 554 suffragiis
2851 484 3054 554 glorior
3078 525 3092 547 ,
3125 497 3303 554 neque
3334 480 3399 535 de
3437 483 3650 550 meipso

408 574 519 642 γὰρ
539 573 719 641 λόγοις
750 575 939 629 έτικαὶ
965 580 1079 640 ταῖς
1117 578 1176 640 ἐξ
1220 576 1520 648 ἀνθρώπων
1558 577 1759 646 ψήφοις
1801 578 1976 629 ἐπισε-

417 663 705 732 μνύνομαι,
739 664 857 717 οὐδὲ
888 665 985 727 τὰς
1011 666 1076 718 ὲκ
1112 667 1370 736 ῥημάτων
1393 666 1564 734 ψιλῶν
1590 665 1864 734 συλλέγειν
1891 665 1977 718 ἐπ’

417 754 640 824 ἐμαυτῷ
674 755 972 826 μαρτυρίας
1001 758 1255 827 οἰήσομαι
1280 758 1410 822 δεῖν,
1433 758 1876 826 ἀξιολογωτέροις
1922 756 1979 808 δὲ

417 845 510 898 καὶ
547 847 673 898 πολὺ
715 845 921 915 μείζοσι
956 846 1064 901 τῶν
1105 849 1408 918 εἰρημένων
1455 847 1732 918 ἐπιτρέψω
1758 847 1828 900 τὰ
1859 849 1979 900 κατ’

416 937 666 1005 ἐμαυτὸν,
694 937 785 989 καὶ
835 936 894 1002 ἐξ
951 939 1120 1008 αὐτῆς
1178 939 1278 1008 ἠδη
1312 938 1756 1009 καταλαμπρύνω
1785 942 1882 1010 τῆς
1923 941 1980 990 ἐν

413 1026 594 1094 ἔργοις
624 1027 1060 1097 μεγαλειότητος,
1094 1029 1174 1081 ὄτι
1213 1028 1346 1089 Θεὸς
1377 1027 1519 1082 κατὰ
1541 1028 1700 1096 φύσιν
1722 1028 1860 1097 εἰμὶ,
1888 1027 1982 1080 καὶ

415 1119 478 1168 ἐκ
514 1117 646 1170 Θεοῦ
674 1118 893 1188 πέφηνα
921 1120 1152 1189 Πατρὸς,
1177 1119 1347 1172 ἀδικῶ
1363 1119 1420 1172 δέ
1438 1119 1590 1171 ούδέν
1615 1119 1740 1181 τοὺς
1780 1119 1946 1188 ἐμοὺς
1965 1159 1979 1182 ,

416 1207 498 1274 ἐφ’
529 1207 664 1275 ὅπερ
708 1206 774 1260 ἂν
815 1207 1091 1278 βούλωμαι
1143 1208 1598 1281 μεταρρυθμίζων
1645 1209 1858 1278 νόμους,
1891 1209 1984 1262 καὶ

415 1300 480 1350 ἐκ
505 1298 603 1367 τῆς
628 1299 770 1352 κατὰ
803 1298 865 1352 τὸ
893 1299 1129 1370 γράμμα
1155 1301 1466 1371 παχύτητος
1501 1301 1581 1363 εἰς
1612 1299 1984 1371 πνευματικὴν

419 1391 648 1460 θεωρίαν
678 1390 1096 1461 μεταστοιχειῶν
1126 1391 1195 1444 τά
1214 1393 1324 1454 τοῖς
1342 1391 1714 1461 ἀρχαιοτέροις
1738 1394 1988 1459 αἰνιγμα-

419 1481 600 1544 τωδῶς
629 1481 916 1553 εἰρημένα.
947 1483 1296 1535 Κατανοείτω
1331 1481 1386 1534 δέ
1412 1482 1571 1534 πάλιν
1597 1483 1625 1534 ὁ
1659 1481 1982 1551 φιλομαθὴς,

417 1576 500 1626 ὅτι
533 1574 707 1642 λέγων
733 1575 762 1627 ὁ
802 1573 989 1644 Σωτὴρ
1023 1574 1110 1626 διὰ
1153 1574 1263 1626 τῶν
1294 1573 1469 1644 ἔργων
1520 1571 1986 1642 ἐπιμαρτύρεσθαι

421 1664 602 1728 καλῶς
633 1666 712 1728 εἰς
742 1665 804 1717 τὸ
821 1661 960 1717 εἶναι
989 1664 1130 1717 κατά
1169 1663 1329 1733 φύσιν
1373 1663 1523 1729 Θεὸς,
1552 1663 1855 1716 ἐκδιδάσκει
1902 1679 1987 1714 σα-

424 1756 564 1824 φῶς,
595 1755 670 1818 ὡς
707 1756 805 1808 οὐκ
822 1755 887 1808 ἂν
920 1754 1005 1824 εἴη
1033 1754 1140 1807 τῶν
1171 1754 1531 1824 ἐνδεχομένων
1558 1752 1989 1824 ἀπαραλλάκτως
2024 1737 2062 1790 Β

425 1848 750 1917 ἐνυπάρχειν
775 1847 880 1899 τινὶ
917 1846 1014 1916 τὴν
1039 1845 1158 1916 Θεῷ
1191 1845 1505 1916 πρέπουσαν
1523 1844 1798 1913 ἐνέργειαν
1823 1861 1881 1896 τε
1894 1844 1990 1896 καὶ

427 1935 674 2005 δύναμιν,
739 1936 788 1988 εἰ
845 1934 919 2004 μὴ
959 1933 1120 1996 αὐτὸς
1180 1933 1324 1986 κατά
1370 1933 1532 2002 φύσιν
1569 1933 1800 2003 ὑπάρχοι
1838 1933 1988 1996 Θεός.

429 2028 797 2097 Μαρτυρείται
813 2023 1019 2096 γάρδιά
1037 2024 1143 2078 τῶν
1156 2023 1352 2094 ἔργων,
1369 2024 1430 2076 ού
1449 2023 1570 2076 καθ’
1583 2024 1669 2076 ἐτε
1679 2040 1788 2094 ρον,
1813 2019 1987 2093 οἶμαι,

427 2123 646 2190 τρόπον,
676 2119 810 2173 ἀλλά
858 2121 1000 2173 κατά
1054 2118 1242 2171 τοῦτον
1294 2118 1475 2172 αὐτόν.
1527 2118 1588 2170 Εἰ
1627 2117 1733 2186 γὰρ
1768 2119 1870 2171 τῶν
1898 2116 1992 2170 τοῦ

425 2210 785 2279 γεννήσαντος
823 2209 1000 2280 ἔργων
1049 2209 1240 2279 ὁρᾶται
1281 2208 1592 2278 τελειωτὴς,
1621 2211 1714 2263 καὶ
1761 2210 1902 2278 ἅπερ
1928 2209 1994 2261 ἂν

425 2304 619 2369 ἐκείνῳ
646 2302 740 2354 καὶ
775 2302 919 2372 μόνῳ
949 2303 1188 2372 φαίνοιτο
1220 2304 1664 2375 πρεπωδέστερα,
1695 2305 1869 2357 ταῦτα
1901 2305 1996 2357 καὶ

426 2392 586 2454 αὐτὸς
606 2390 666 2456 ἐξ
683 2393 886 2456 οἰκείας
908 2393 1087 2462 ἰσχύος
1106 2394 1416 2464 ἀποπληροῖ
1433 2413 1445 2425 ·
1462 2395 1579 2457 πῶς
1597 2396 1692 2447 οὐκ
1707 2395 1771 2448 ἂν
1788 2395 1998 2462 γένοιτο

429 2484 590 2538 παντί
611 2501 686 2554 τῳ
717 2485 906 2554 σαφὲς,
932 2486 1013 2538 ὅτι
1034 2486 1132 2555 τὴν
1151 2487 1321 2557 αὐτὴν
1354 2488 1545 2557 ἐκείνῳ
1573 2487 1730 2556 φύσιν
1758 2487 1997 2557 ἀπεκλη-

431 2576 661 2646 ρώσατο,
699 2576 925 2638 καὶτοῖς
952 2575 1044 2628 τοῦ
1074 2577 1320 2638 τεκόντος
1349 2576 1600 2648 ἰδιώμασι
1652 2577 1993 2648 διαλάμπων,

428 2668 504 2729 ὡς
526 2666 584 2732 ἐξ
614 2665 776 2719 αὑτοῦ
802 2666 900 2736 τὴν
929 2667 1053 2735 ἰσην
1102 2666 1250 2737 αύτῷ
1273 2667 1502 2736 δύναμιν
1525 2685 1584 2720 τε
1608 2669 1702 2721 καὶ
1720 2669 1998 2739 ἐνέργειαν

431 2757 572 2826 ἔχει;
607 2755 896 2825 Εἰληφέναι
925 2773 986 2824 γε
1023 2755 1128 2825 μὴν
1149 2757 1278 2828 παρ’
1304 2755 1467 2810 αὐτοῦ
1487 2756 1554 2808 τὰ
1580 2756 1715 2828 ἔργα
1749 2760 1931 2826 φησὶν,
1964 2760 1997 2821 ἢ

431 2848 519 2902 διὰ
549 2849 608 2901 τὸ
635 2849 732 2919 τῆς
752 2847 1170 2918 ἀνθρωπότητος
1201 2849 1410 2918 σχῆμα,
1449 2849 1544 2901 καὶ
1575 2849 1672 2919 τὴν
1699 2849 1792 2901 τοῦ
1815 2850 1998 2903 δούλου

438 2940 670 3012 μορφὴν,
697 2938 1076 3011 ταπεινότερόν
1121 2954 1238 3002 πως
1285 2939 1428 3010 ἥπερ
1474 2939 1662 3008 ἐχρῆν,
1717 2940 2002 2993 καὶτοῦτο

434 3031 609 3086 λαλῶν
638 3030 1015 3102 οἰκονομικῶς,
1048 3031 1080 3101 ἢ
1106 3032 1203 3101 τὴν
1239 3033 1303 3083 ἐκ
1326 3029 1458 3084 Θεοῦ
1493 3031 1582 3084 καὶ
1620 3031 1828 3104 Πατρὸς
1849 3032 1998 3084 εύδο-

437 3123 560 3177 κξαν
596 3141 656 3175 τε
686 3123 776 3177 καὶ
800 3106 1126 3187 συναινεσιν,
1157 3123 1255 3192 τὴν
1283 3123 1366 3191 ἐφ’
1398 3122 1569 3176 ἆπασι
1603 3127 1713 3186 τοῖς
1771 3125 2003 3195 παραδὸ-

439 3215 542 3278 ξως
601 3213 1054 3284 ἐπιτελουμένοις,
1099 3213 1176 3283 τῷ
1223 3216 1326 3283 τῆς
1375 3215 1574 3277 δόσεως
1615 3216 2005 3284 ἀποσεμνύνων

435 3304 675 3371 ὀνόματι.
713 3302 869 3355 Οὕτω
917 3302 1026 3372 γὰρ
1082 3302 1177 3355 καὶ
1228 3302 1560 3356 ἀπεστάλθαι
1599 3304 2004 3374 διισχυρίζεται,

438 3393 534 3446 ἅτε
572 3391 639 3462 δὴ
696 3393 753 3446 αἱ
785 3391 1030 3454 κενώσας
1083 3391 1294 3456 ἐαυτὸν,
1341 3391 1483 3444 καθά
1538 3392 1868 3462 γέγραπται,
1909 3395 2006 3463 τῆς

438 3487 694 3554 ἀκράτως
726 3485 1038 3555 πρεπούσης
1065 3484 1222 3550 ἀξίας
1252 3483 1331 3553 τῷ
1358 3483 1497 3553 Θεῷ,
1519 3484 1608 3536 διά
1632 3484 1730 3554 τὴν
1751 3486 1829 3548 εἰς
1863 3487 2008 3554 ἡμᾶς

441 3575 728 3628 ἀγάπησιν
804 3574 1165 3628 Ἐταπείνωσε
1228 3573 1336 3643 γάρ
1385 3573 1596 3639 ἑαυτὸν,
1638 3575 1733 3627 καὶ
1771 3576 1870 3646 τὴν
1915 3574 2008 3627 τοῦ

440 3663 868 3717 τεταπεινῶσθαι
905 3665 1374 3736 σμικροπρέπειαν
1395 3666 1492 3717 οὐκ
1522 3665 1578 3716 ἐν
1613 3666 1817 3737 ἑτέροις
1850 3667 2012 3736 εὑρή-

444 3775 608 3826 σομεν
627 3757 872 3826 τρόποις,
895 3757 927 3827 ἢ
955 3759 1037 3826 ἐφ’
1065 3753 1260 3827 οἷσπερ
1294 3757 1359 3811 ἂν
1383 3759 1458 3819 ὡς
1486 3756 1772 3827 ἄνθρωπος
1795 3757 1903 3810 ἔσθ’
1922 3759 2011 3811 ὅτε

443 3849 596 3918 λαλῇ.
631 3849 817 3918 Τούτῳ
838 3849 1051 3920 συνᾴδει
1078 3849 1140 3902 τὸ
1163 3848 1252 3902 διὰ
1287 3847 1381 3901 τοῦ
1407 3848 1713 3919 Ψαλμῳδοῦ
1738 3848 1898 3902 πάλιν
1936 3849 2010 3912 ὠς

443 3936 502 4002 ἐξ
531 3937 694 3991 αὐτοῦ
715 3938 777 3990 δι’
803 3939 949 4008 ἡμᾶς
966 3937 1450 4009 ἀνθρωποπρεπῶς
1469 3938 1757 4007 εἰρημένον
1777 3954 1788 3967 ·
1829 3957 1847 3988 ι
1872 3938 2012 4006 Ἐγὼ

443 4030 498 4082 δὲ
531 4030 868 4100 κατεστάθην
902 4029 1150 4099 βασιλεὺς
1183 4031 1275 4082 ὑπ’
1303 4028 1467 4083 αὑτοῦ
1507 4030 1600 4081 ἐπὶ⁸
1649 4021 1786 4082 Σὶὼν
1806 4029 1928 4099 ὅρος
1954 4029 2014 4082 τὸ

446 4120 598 4188 ἅγιον
644 4120 830 4182 αὐτοῦ,
876 4121 1204 4189 διαγγέλλων
1245 4121 1308 4174 τὸ
1355 4121 1684 4192 πρόσταγμα
1723 4121 1951 4192 Κυρίου.
1991 4141 2008 4172 ι

459 4211 518 4261 ὐ
542 4210 648 4280 γὰρ
676 4209 970 4278 βασιλεύων
999 4212 1083 4264 ἀεὶ
1118 4211 1253 4281 μετὰ
1277 4210 1369 4263 τοῦ
1399 4211 1629 4280 Πατρὸς,
1665 4213 1692 4262 ὁ
1728 4210 2017 4280 σεύνῦρονός

449 4317 508 4351 τε
536 4301 632 4352 καὶ
663 4298 931 4366 σύνεδρος,
958 4300 1030 4363 ὡς
1062 4301 1193 4363 Θεὸς
1229 4299 1345 4370 Θεῷ
1365 4300 1442 4369 τῷ
1467 4302 1812 4370 γεννήσαντι,
1841 4317 2018 4370 κεχει-

2084 577 2457 633 testimonium
2499 593 2564 631 ex
2603 575 2764 630 nudis
2795 575 3077 628 vocabulis
3127 570 3487 642 colligendum
3526 587 3650 626 esse

2085 674 2238 738 puto,
2268 665 2363 721 sed
2390 665 2739 736 dignioribus
2769 678 2832 717 ac
2863 664 3022 731 longe
3055 662 3353 730 majoribus
3385 674 3477 714 res
3504 673 3651 714 meas

2085 759 2446 822 commendo,
2497 758 2657 830 253
2695 765 2749 812 et
2775 773 2841 811 ex
2877 756 2996 824 ipsa
3025 755 3239 808 tandem
3275 768 3500 819 operum
3538 767 3652 806 ma-

2083 851 2393 922 gnificentia
2427 850 2654 905 ostendo
2682 864 2765 902 me
2790 845 2958 900 Deum
2999 861 3121 900 esse
3153 844 3452 899 secundum
3489 852 3652 896 natu-

2086 959 2222 1006 ram,
2259 951 2313 998 et
2341 959 2405 997 ex
2438 941 2549 996 Deo
2576 939 2736 995 Patre
2767 941 3007 1010 genitum
3041 953 3164 992 esse
3195 953 3208 989 :
3244 951 3343 991 nec
3366 936 3506 990 facio
3534 936 3653 989 cui-

2085 1050 2248 1105 quam
2316 1034 2596 1103 injuriam,
2653 1032 2780 1086 dum
2825 1046 2974 1086 meas
3029 1031 3176 1099 leges
3209 1029 3263 1082 in
3292 1028 3654 1096 quodcunque

2085 1127 2349 1198 placuerit
2377 1134 2706 1188 transmuto,
2737 1134 2791 1180 et
2818 1139 2848 1177 ιι
2873 1122 3097 1176 litterali
3135 1121 3385 1176 crassitie
3411 1120 3476 1173 ad
3501 1119 3656 1188 spiri-

2087 1220 2246 1272 talem
2276 1216 2788 1286 contemplationem
2837 1229 2960 1283 quee
2993 1212 3269 1267 veteribus
3312 1212 3655 1280 aenigmatice

2086 1311 2229 1374 dicta
2256 1317 2382 1362 sunt
2404 1306 2698 1362 transfero.
2729 1304 2993 1360 Observet
3022 1319 3186 1373 porro
3212 1304 3390 1358 denuo
3425 1303 3657 1371 quicun-

2088 1419 2194 1473 que
2209 1410 2291 1457 cst
2313 1399 2560 1455 discendi
2577 1397 2828 1467 cupidus,
2853 1395 3216 1457 Salvatorem,
3243 1409 3363 1450 cum
3383 1396 3455 1446 ait
3477 1394 3656 1462 operi-

2089 1496 2192 1547 bus
2237 1490 2448 1560 egregie
2480 1489 2698 1558 probari
2741 1502 2799 1542 se
2838 1485 3004 1540 Deum
3055 1482 3352 1538 secundum
3404 1491 3657 1536 naturam

2089 1596 2241 1643 esse,
2277 1580 2427 1633 clare
2459 1578 2653 1632 docere
2692 1575 2806 1629 fieri
2838 1589 2948 1628 non
2991 1588 3152 1642 posse
3192 1581 3250 1626 ut
3279 1572 3461 1625 divina
3493 1572 3577 1625 vis
3606 1577 3660 1624 et

2091 1671 2335 1740 operatio
2369 1683 2465 1738 per
2515 1667 2703 1722 eadem
2745 1665 2940 1721 similis
2978 1664 3108 1717 insit
3142 1663 3328 1726 alicui,
3367 1662 3474 1718 nisi
3517 1659 3662 1715 Deus

2096 1765 2212 1834 ipse
2242 1762 2314 1817 sit
2337 1759 2636 1816 secundum
2660 1763 2935 1812 naturam.
2957 1753 3360 1823 Comprobatur
3381 1752 3526 1805 enim
3567 1765 3664 1819 per

2095 1867 2282 1924 opera,
2311 1864 2420 1905 non
2448 1849 2576 1913 alio,
2631 1857 2690 1902 ut
2725 1847 2941 1917 Opinor,
2994 1844 3174 1908 modo,
3225 1855 3386 1910 quam
3434 1840 3561 1892 isto.
3603 1837 3662 1891 Si

2097 1944 2241 2000 enim
2279 1941 2458 1996 Patris
2513 1953 2681 2009 Opera
2736 1936 2913 1990 facere
2960 1934 3208 1998 videtur,
3241 1933 3285 1985 si
3326 1941 3665 1999 (ttitrcunque

2100 2035 2176 2090 illi
2212 2050 2277 2089 ac
2311 2033 2415 2090 soli
2467 2028 2825 2089 conveniunt,
2867 2026 2983 2080 haec
3023 2025 3141 2092 ipse
3197 2034 3414 2092 quoque
3445 2017 3665 2088 propria

2098 2127 2298 2181 virtute
2353 2122 2606 2191 adimplet
2639 2139 2652 2173 :
2685 2117 2959 2187 quomodo
3011 2115 3189 2170 cuivis
3236 2127 3344 2166 non
3370 2109 3662 2163 manifeste

2102 2218 2324 2290 patebit,
2383 2214 2628 2270 eamdem
2685 2226 2808 2266 cum
2846 2211 2940 2264 illo
2962 2209 3218 2263 sortitum
3245 2218 3367 2259 esse
3392 2209 3665 2264 naturam,

2100 2317 2156 2364 et
2188 2307 2367 2362 Patris
2400 2304 2826 2376 proprietatibus
2859 2299 3199 2370 praefulgere,
3241 2302 3300 2348 ut
3329 2293 3421 2362 qui
3454 2306 3520 2345 ex
3550 2291 3670 2359 ipso

2102 2411 2262 2457 natus
2289 2401 2534 2456 eamdem
2593 2415 2716 2454 cum
2767 2398 2886 2467 ipso
2937 2395 3044 2448 vim
3077 2401 3131 2446 et
3175 2390 3543 2460 operationem
3577 2385 3671 2438 ha~

2103 2492 2234 2546 bet?
2270 2491 2654 2545 Verumtamen
2694 2488 2760 2541 ab
2807 2501 2872 2540 eo
2902 2499 2961 2539 se
2997 2497 3164 2553 opera
3193 2481 3324 2536 dicit
3365 2476 3668 2547 accepisse.

2104 2591 2198 2635 aut
2227 2589 2446 2652 propter
2481 2581 2872 2634 humanitatem
2933 2585 2986 2632 et
3025 2575 3165 2631 servi
3203 2573 3456 2635 formam,
3485 2569 3668 2623 humi-

2105 2671 2212 2726 lius
2251 2669 2652 2740 quodammodo
2701 2682 2864 2737 quam
2905 2680 3006 2736 par
3039 2672 3190 2729 erat,
3252 2661 3414 2730 idque
3461 2659 3674 2712 ratione

2105 2759 2534 2830 dispensationis
2567 2759 2634 2812 de
2661 2758 2988 2824 seloquens,
3020 2764 3113 2806 aut
3146 2752 3327 2805 Patris
3347 2748 3674 2817 comproba-

2107 2853 2309 2906 tionem
2341 2858 2395 2905 et
2430 2862 2715 2904 assensum
2763 2847 2817 2900 in
2864 2845 3136 2900 faciundis
3186 2840 3467 2895 miraculis
3505 2839 3678 2892 dona-

2108 2943 2274 2997 tionis
2306 2942 2529 2995 nomine
2549 2939 2846 2994 adornans.
2877 2937 2968 2989 Sic
3016 2935 3158 2989 enim
3201 2932 3429 2985 missum
3461 2941 3676 2998 quoque

2108 3051 2166 3090 se
2200 3034 2397 3090 asserit
2424 3030 2662 3086 maxime
2695 3043 2819 3082 cum
2853 3026 3181 3082 exinanierit
3229 3024 3494 3092 seipsum,
3537 3019 3679 3074 sicut

2108 3127 2372 3196 scriptum
2431 3133 2515 3177 est
2568 3121 2609 3185 ³,
2653 3118 2918 3190 dignitate
2955 3117 3046 3169 illa
3079 3131 3199 3185 qum
3237 3115 3341 3168 Dco
3386 3111 3678 3166 admodum

2107 3218 2386 3277 convenit,
2439 3219 2662 3284 propter
2714 3209 3065 3266 dilectionem
3118 3207 3172 3261 in
3205 3221 3324 3262 nos.
3365 3202 3679 3257 llumiliavit

2108 3311 2252 3364 enim
2310 3306 2690 3374 semetipsum,
2742 3309 2793 3355 et
2837 3299 3234 3353 humiliationis
3276 3297 3540 3350 vilitatem
3573 3293 3679 3345 alia

2108 3402 2319 3455 ratione
2367 3406 2621 3454 constare
2648 3411 2752 3450 non
2783 3393 3200 3462 comperiemns,
3227 3404 3387 3459 quam
3415 3386 3559 3456 quod
3601 3388 3683 3440 in-

2107 3492 2322 3546 terdum
2365 3499 2424 3544 ut
2469 3490 2632 3542 homo
2688 3487 2962 3555 loquatur.
3001 3483 3136 3537 Huic
3170 3481 3499 3550 sum-agatur
3537 3477 3683 3547 quod

2110 3597 2207 3652 per
2266 3581 2608 3636 Psalmistatn
2667 3593 2862 3632 rursus
2911 3576 3013 3632 sub
3056 3575 3176 3644 ejus
3202 3587 3431 3642 persona
3461 3578 3684 3640 propter

2112 3688 2212 3726 nos
2275 3671 2514 3724 humano
2553 3683 2703 3723 more
2733 3669 2939 3723 dictum
2977 3675 3061 3721 est
3096 3681 3109 3717 :
3159 3683 3177 3716 ι
3207 3665 3317 3733 Ego
3343 3670 3526 3715 autem
3555 3674 3686 3713 con-

2112 3765 2336 3818 stitutus
2368 3777 2486 3815 sum
2508 3775 2600 3814 rex
2623 3760 2691 3814 ab
2723 3774 2789 3814 eo
2821 3774 2986 3828 super
3015 3757 3144 3811 Sion
3173 3764 3408 3809 montem
3435 3742 3682 3822 sanctum

2111 3855 2249 3925 ejus,
2301 3853 2608 3924 praedicans
2650 3858 2976 3921 praeceptum
3023 3848 3238 3902 Domini
3273 3848 3313 3904 ⁵.
3352 3865 3370 3897 ι
3411 3845 3544 3898 Nam
3591 3843 3685 3912 qui

2114 3961 2235 3998 cum
2265 3946 2374 3999 Deo
2399 3943 2559 3997 Patre
2589 3957 2803 4012 semper
2837 3940 3156 4011 regnat,qui
3186 3939 3241 3991 in
3274 3939 3462 3991 eodem
3491 3936 3687 3987 throno

2115 4035 2381 4098 considet,
2424 4043 2483 4088 ut
2516 4033 2656 4088 Deus
2696 4047 2820 4086 cum
2861 4031 2968 4084 Deo
3002 4031 3180 4092 Patre,
3239 4042 3417 4095 regem
3465 4041 3523 4080 se
3557 4039 3688 4077 con-

2116 4131 2367 4184 stitutum
2389 4127 2594 4181 fatetur
2614 4140 2676 4179 ac
2697 4124 3000 4186 dominum,
3022 4137 3141 4190 qua:
3168 4120 3400 4172 habebat
3434 4123 3492 4170 ut
3522 4116 3686 4176 Deus,

2117 4220 2364 4288 accipere
2394 4232 2453 4271 se
2481 4218 2690 4278 dicens,
2740 4229 2864 4268 cum
2916 4213 3094 4265 factus
3128 4219 3212 4265 est
3245 4209 3432 4272 homo,
3475 4206 3560 4260 cui
3593 4205 3690 4257 ho-

2120 4311 2251 4364 mini
2274 4308 2554 4378 regnandi
2587 4313 2826 4376 potestas
2855 4313 3050 4358 natura
3086 4317 3190 4355 non
3232 4302 3393 4362 inest,
3429 4297 3522 4352 sed
3570 4311 3690 4348 eum

455 4389 775 4461 ροτονῆσοαί
803 4406 964 4458 φησιν
987 4393 1066 4453 εἰς
1096 4391 1316 4460 βασιλέα
1345 4394 1439 4444 καὶ
1469 4393 1675 4462 κύριον,
1700 4393 1843 4462 ἆπερ
1873 4389 1999 4463 εἶχεπ

2118 4401 2296 4470 ipsum
2346 4397 2734 4456 dominationis
2795 4409 3016 4459 nomen,
3079 4401 3192 4446 tum
3219 4407 3308 4446 res
3349 4390 3467 4460 ipsa
3501 4388 3692 4456 utique

453 4482 530 4542 ὼς
571 4481 700 4542 Θεὸς
740 4481 1037 4552 λαμϐάνειν
1073 4483 1261 4548 εἰπὼν,
1296 4485 1384 4536 ὅτε
1427 4485 1666 4556 πέφηνεν
1711 4486 2015 4555 ἄνθρωπος,

2127 4492 2366 4547 ascititia
2397 4498 2500 4548 est.

451 4567 497 4642 ᾧ
531 4574 590 4626 τὸ
619 4572 919 4649 βασιλεύειν
977 4574 1115 4628 κατὰ
1166 4573 1327 4643 φύσιν
1357 4577 1456 4630 οὐκ
1489 4576 1716 4643 ἔνεστιν,
1748 4577 1883 4631 ἀλλά
1907 4580 2014 4651 γὰρ
2055 4585 2226 4640 καὶτὸ
2255 4589 2353 4658 τῆς
2385 4585 2708 4657 κυριότητος
2734 4581 2906 4651 ὄνομά
2935 4599 2994 4634 τε
3028 4581 3123 4634 καὶ
3185 4578 3416 4648 πρᾶγμα
3480 4573 3694 4637 πάντως

453 4665 713 4720 ἐπακτόν.

1056 4778 1304 4833 ΚΕΦΑΛ.
1356 4780 1429 4835 B'.

459 4895 585 4961 Ὄζι
608 4893 782 4947 εἰκών
803 4892 936 4946 ἐστι
960 4891 1066 4961 τοῦ
1097 4891 1246 4946 Θεοῦ
1270 4893 1366 4945 καὶ
1407 4894 1634 4960 Πατρός
1663 4898 1694 4949 ό
1733 4897 1882 4961 Υἱός.
1931 4897 2024 4948 Ἐν

524 4957 584 5041 ᾧ·
604 4964 700 5041 κα)
714 4964 861 5041 πρός
889 4960 1221 5041 Ἰορδαίομς
1239 4962 1508 5041 ἔλεγχός2
1527 4957 1713 5041 Elegit
1735 4957 2025 5041 νοοῦντας

529 5035 601 5155 ι’ιέ
660 5033 757 5085 διὰ
804 5031 1060 5097 Μωσέως
1109 5031 1547 5102 αἰνιγματωδῶς
1588 5031 1829 5102 μᾶλλον
1881 5038 2030 5102 εἰρη-

533 5120 572 5155 u
607 5117 700 5154 να.

525 5117 700 5169 pera.

534 5210 682 5265 Οὔτε
709 5211 917 5279 φωνὴν
937 5213 1121 5268 αὐτοῦ
1168 5213 1404 5268 πώποτε
1447 5215 1764 5282 ἀκηκόατε,
1797 5215 1934 5269 οὔτε
1954 5213 2032 5270 εἷ-

462 5305 564 5370 δος
619 5302 805 5357 αὐτοῦ
851 5303 1163 5370 ἑωράκατε,
1191 5307 1421 5360 καὶτὸν
1475 5307 1672 5376 Λόγον
1696 5306 1882 5359 αὐτοῦ
1920 5309 2030 5360 οὐκ

463 5395 626 5464 ἔχετε
640 5395 710 5448 ἐν
738 5393 883 5462 ὑμῖν
897 5393 1179 5461 μένοντα,
1202 5394 1288 5447 ὅτι
1302 5396 1373 5449 ὃν
1387 5397 1774 5452 ἀπέσταλκεν
1792 5398 2040 5466 ἐκεῖνος,

467 5489 646 5552 τούτῳ
673 5485 842 5556 ὑμεῖς
872 5486 942 5539 οὐ
959 5485 1297 5539 πιστεύετε.

541 5665 557 5695 ⁵
592 5664 824 5736 Philipp.
859 5681 918 5730 ll,
958 5666 1002 5720 7.
1082 5667 1100 5698 ’⁵
1142 5666 1285 5723 I‘sal.
1322 5685 1380 5735 ll,
1414 5668 1464 5721 6.

2667 4778 2828 4850 255
2863 4775 3015 4831 car.
3045 4775 3106 4828 ιι.

2133 4899 2287 4966 Quod
2314 4899 2486 4966 imago
2507 4897 2598 4950 Dei
2623 4912 2683 4948 ac
2710 4893 2893 4966 Patris
2909 4892 2977 4944 sit
2998 4889 3188 4966 Filius.
3220 4886 3318 4941 Ubi
3341 4885 3697 4966 Judwiftiam

2205 4954 2675 5037 reprehenduntur,
2695 4964 2833 5033 quod
2868 4979 2968 5017 non
3000 4960 3294 5030 intelligant
3318 4972 3433 5027 qua:
3459 4973 3489 5008 a
3514 4954 3696 5022 Moyse

2206 5040 2430 5109 ﬁgurate
2455 5037 2653 5105 scripta
2674 5045 2816 5088 sunt.

2208 5217 2273 5282 ν,
2299 5217 2388 5279 57,
2412 5214 2501 5268 58.
2536 5212 2716 5279 Neque
2751 5223 2921 5262 vocem
2949 5203 3062 5274 ejus
3081 5217 3311 5271 unquam
3330 5193 3576 5253 audistis,
3609 5205 3693 5282 ne-

2136 5327 2234 5381 que
2260 5279 2489 5375 speciem
2517 5305 2630 5374 ejus
2667 5302 2873 5356 vidistis
2899 5315 2916 5362 ;
2951 5307 3001 5352 et
3040 5296 3261 5350 Verbum
3286 5291 3397 5381 ejus
3421 5279 3703 5381 non'habe-

2154 5370 2221 5454 iis
2246 5402 2301 5452 in
2323 5398 2461 5451 vobis
2487 5409 2701 5447 manens
2726 5406 2742 5444 :
2769 5390 2892 5461 quia
2927 5401 3073 5456 quem
3115 5382 3257 5435 misit
3304 5376 3412 5437 ille,
3455 5370 3575 5422 huic
3615 5382 3703 5420 νοδ

2143 5507 2242 5544 non
2276 5486 2510 5560 creditis.
