4078 6262
458 280 555 336 Ml
1450 275 1510 330 S.
1537 271 1814 330 CYRILLI
1853 267 2324 326 ALEXANDRINI
2367 264 2691 321 ARCIIIEP.
3622 253 3730 308 Mil

528 391 698 447 Nemo
718 391 1026 462 simplicem
1055 391 1160 446 loci
1189 391 1352 462 hujus
1383 405 1607 447 sensum
1643 406 1766 447 esse
1807 387 2034 454 videbit,
2067 421 2078 448 ι

2212 385 2322 454 Οὐχ
2384 383 2565 452 ἁπλῆν
2613 380 2679 434 ἄν
2728 397 2812 442 τις
2862 378 2961 430 ἴδοι
3001 373 3290 446 νοημάτων
3317 368 3609 438 διασκευὴν
3653 368 3731 438 τῷ

458 482 554 538 sed
586 483 786 537 multos
812 460 1016 553 eosque
1063 460 1354 538 abstrusos
1405 483 1741 546 intellectus,
1781 482 1875 551 qui
1906 481 2039 535 sim-

2178 473 2461 544 ;ροτεθέντι
2488 471 2648 526 πάλιν
2673 467 3096 537 ἐπεισχεομένην
3129 462 3301 534 ῥητῷ,
3331 460 3468 514 ἀλλὰ
3493 474 3733 553 κεκρυμ-

463 574 684 645 plicium
701 548 1013 628 auditorum
1036 582 1246 631 mentes
1271 573 1429 629 facile
1443 575 1736 629 admodum
1754 548 2035 642 effugiant,

2178 568 2322 620 ,ἐνων
2359 562 2731 634 θεωρημάτων
2780 558 2981 629 ἐσμὸν,
3039 555 3175 610 πολὺ
3232 553 3298 624 δὴ
3338 553 3460 605 λίαν
3497 548 3733 645 εὐκόλως

462 673 518 718 et
572 665 880 720 acrioribus
949 673 1161 719 tantum
1227 665 1462 734 ingeniis
1515 664 1830 734 capiuntur.
1869 638 2038 727 'Quid

2178 656 2230 708 ον
2245 654 2353 707 τῶν
2373 653 2660 723 ἀξητήτως
2677 647 3118 720 ἐπακροωμένων
3140 641 3560 716 παριππεύοντα
3581 638 3730 703 νοῦν,

463 757 610 810 enim
643 771 823 810 causa:
855 762 960 822 est,
991 757 1202 825 inquiet
1232 755 1418 811 forsan
1457 755 1678 824 aliquis,
1717 762 1777 808 ut
1799 768 1922 807 cum
1947 750 2040 807 Je-

2178 745 2326 807 .όνοις
2347 743 2403 796 δέ
2441 743 2582 812 τάχα.
2618 742 2728 803 τοῖς
2767 738 3093 809 πικρότερον
3122 733 3469 802 ἐξετάζουσιν
3502 729 3734 801 ὁρᾶσθαι

468 864 563 903 sus
594 847 739 902 dicat
798 848 866 902 ab
914 823 1231 916 operatione
1266 847 1374 903 Deo
1409 823 1731 918 congruenti
1764 862 1822 902 se
1841 847 2042 901 habere

2179 833 2593 904 αταδεχόμενον.
2617 831 2683 883 Τί
2713 829 2821 898 γὰρ
2847 829 2912 897 δὴ
2951 827 3013 878 τὸ
3055 824 3340 886 πεπεικὸς,
3395 823 3609 890 ἐρεῖτις
3637 834 3733 918 τυ-

468 938 868 1003 testimonium,
903 939 969 993 ad
993 954 1107 994 rem
1137 947 1316 994 tamen
1353 955 1382 994 a
1410 939 1692 1009 proposito
1722 939 1878 1008 longe
1908 938 2042 992 alie-

2178 929 2256 992 ὸν,
2309 926 2419 979 ἀπὸ
2472 925 2572 993 τῆς
2613 919 2950 992 θεοπρεποῦς
2998 917 3280 988 ἐνεργείας
3335 909 3737 1009 μαρτυρεῖσθαι

468 1043 592 1082 nam
652 1045 711 1084 se
763 1037 1069 1095 convertat,
1111 1045 1236 1084 eum
1280 1029 1355 1082 ait
1406 1029 1714 1085 Pharisaeos
1740 1043 1918 1098 neque
1948 1026 2042 1082 Dei

2178 1020 2368 1088 έγοντα
2406 1016 2496 1070 τὸν
2534 1013 2762 1085 Ἰησοῦν,
2813 1012 2888 1074 ὡς
2924 1010 3015 1063 ἐπί
3065 1027 3119 1062 τι
3157 1008 3267 1061 τῶν
3310 1001 3738 1075 παρακειμένων

468 1136 534 1175 ac
563 1120 740 1176 Patris
780 1136 970 1176 vocem
1029 1137 1270 1191 unquam
1326 1122 1569 1184 audisse,
1601 1136 1780 1190 neque
1804 1119 2041 1184 speciem

2178 1110 2317 1163 λθεῖν
2352 1107 2412 1160 τὸ
2438 1106 2570 1159 πολὺ
2600 1105 2719 1158 λίαν
2760 1099 3266 1172 ἀπεσχοινισμένον,
3309 1095 3369 1149 τὸ
3417 1095 3554 1165 μήτε
3596 1094 3736 1191 dum:

466 1211 588 1279 ejus
612 1212 832 1275 vidisse,
867 1212 960 1267 sed
1012 1228 1188 1282 neque
1220 1213 1456 1268 Verbum
1486 1214 1632 1267 illius
1673 1213 1873 1266 habere
1931 1227 2041 1264 ma-

2178 1202 2350 1265 oévat,
2387 1199 2552 1269 φημὶ,
2588 1198 2714 1260 τοὺς
2743 1195 3070 1266 Φαρισαίους
3094 1190 3313 1246 πώποτε
3355 1188 3454 1255 τῆς
3477 1183 3572 1282 τοῦ
3599 1182 3737 1282 Θεοῦ

468 1321 604 1360 nens
627 1308 679 1358 in
707 1305 876 1373 ipsis?
901 1304 1011 1374 Ego
1060 1314 1208 1359 certe
1247 1315 1300 1360 et
1335 1305 1518 1374 quivis
1572 1305 1714 1358 alius
1749 1303 2046 1356 dubitatio-

2178 1292 2240 1346 ,αἰ
2262 1290 2475 1360 Πατρός
2497 1287 2702 1356 φωνῆς,
2735 1286 2872 1354 μήτε
2914 1281 3020 1353 μὴν
3052 1277 3344 1332 τεθεᾶσθαι
3365 1275 3426 1327 τὸ
3462 1269 3602 1332 εἶδος
3642 1271 3740 1323 αὑ-

468 1410 591 1449 nem
625 1393 934 1449 istiusmodi
962 1409 1084 1450 -non
1121 1394 1218 1448 abs
1249 1409 1307 1448 re
1337 1392 1464 1448 fore
1485 1393 1706 1448 dixerit.
1746 1391 1917 1456 Quem
1947 1391 2047 1459 igi-

2179 1383 2261 1448 οὖ,
2295 1381 2431 1435 ἀλλά
2471 1379 2604 1450 μηδέ
2661 1377 2754 1430 τὸν
2789 1375 2960 1442 Λόγον
3007 1372 3151 1440 ἔχειν
3199 1365 3512 1422 ἐνοικοῦντα
3555 1363 3740 1423 αὐτοῖς

468 1489 556 1533 tur
579 1495 801 1534 sensum
858 1481 1141 1550 proposito
1185 1481 1304 1535 loco
1336 1481 1572 1551 aptaturi
1606 1481 1802 1546 simus,
1826 1487 1880 1534 et
1912 1478 2046 1548 quid

2181 1476 2239 1528 ὸν
2265 1473 2495 1526 ἐκείνου.
2516 1470 2629 1524 Καὶ
2659 1464 2997 1536 συνθήσομαί
3024 1479 3108 1529 γε,
3161 1461 3254 1513 καί
3289 1460 3397 1520 πᾶς
3425 1472 3527 1551 τις,
3557 1452 3738 1551 οἶμαι,

468 1572 594 1625 novi
618 1571 1008 1641 excogitaturi,
1042 1573 1257 1626 veritati
1283 1589 1510 1642 prorsus
1540 1572 1882 1633 insistentes,
1919 1569 2045 1640 Spi-

2178 1567 2258 1620 ‘5‘)
2285 1565 2478 1628 ἄλλων,
2513 1563 2590 1625 ὡς
2635 1561 2734 1614 οὐκ
2768 1559 2871 1626 ἔξω
2900 1556 2993 1609 τοῦ
3034 1555 3338 1625 πρέποντος
3371 1548 3570 1618 γένοιτ’
3598 1546 3665 1608 ᾂν
3705 1547 3738 1614 ή

471 1664 608 1718 ritus
645 1662 843 1717 virtute
873 1671 926 1717 et
967 1664 1145 1732 gratia
1175 1680 1236 1718 ex
1249 1636 1447 1732 ponere
1470 1665 1731 1719 conabor.
1763 1663 1914 1718 Solet
1939 1636 2048 1718 Sal-

2178 1658 2376 1727 ῖοιαύτη
2406 1653 2556 1726 παρά
2593 1669 2754 1705 τινων
2786 1649 3148 1719 ἐπαπόρησις.
3181 1645 3340 1696 Ποῖον
3367 1636 3462 1694 οὖν
3489 1639 3594 1710 ἄρα
3631 1637 3743 1698 τοῖς

471 1766 627 1810 vator
661 1756 913 1810 Christus
968 1771 1110 1824 saepe
1154 1755 1432 1810 disserens
1479 1755 1686 1810 utiliter
1711 1771 1834 1810 cum
1865 1755 2048 1810 stultis

2178 1747 2536 1820 προκειμένοις
2575 1741 2960 1812 ἐφαρμόσομεν
2982 1737 3126 1800 νοῦν,
3166 1735 3299 1787 τίδὲ
3331 1732 3496 1784 πάλιν
3527 1730 3740 1798 εὑρεσι-

473 1849 784 1914 Pharisaeis,
836 1851 889 1904 in
945 1865 1133 1904 eorum
1175 1849 1342 1904 corda
1380 1850 1598 1918 penitus
1629 1851 1850 1917 intueri,
1880 1857 1934 1905 et
1952 1866 2048 1921 pro

2178 1843 2433 1911 ,ογοῦντες
2472 1838 2859 1910 ἐξαρτύσομεν,
2890 1833 2988 1903 τῆς
3016 1827 3275 1899 ἀληθείας
3312 1825 3564 1921 ἐχόμενοι
3614 1835 3746 1921 παν·

471 1957 538 1995 eo
574 1956 637 1995 ac
694 1940 862 1996 Deum
887 1939 1046 1995 decet
1068 1957 1190 2012 qua:
1215 1941 1365 1995 taciti
1393 1943 1616 1996 volvunt
1633 1944 1818 1997 animo
1843 1911 2053 2013 perspi-

2178 1935 2311 2006 ἀχῆ,
2338 1933 2426 1987 διὰ
2455 1933 2553 2002 τῆς
2577 1930 2671 1983 τοῦ
2708 1926 3022 1996 [Ινεύματος
3053 1917 3336 1989 ἐνεργείας
3368 1932 3427 2013 τε
3462 1913 3557 2013 καὶ
3579 1911 3740 2010 χάρι-

471 2047 620 2097 cere,
651 2031 846 2100 hisque
881 2031 1225 2099 potissimum
1269 2031 1624 2101 respondere,
1664 2041 1719 2086 et
1769 2033 1934 2088 verba
1987 2031 2054 2088 de

2178 2003 2251 2089 τος
2280 2003 2516 2090 ἐξειπεῖν
2542 2020 2905 2090 πειράσομαιο
2947 2013 3106 2074 Ἐθος
3141 2009 3220 2079 τῷ
3496 2003 3741 2101 Χριστιῑ),

473 2123 544 2177 iis
573 2122 770 2182 facere.
801 2130 980 2176 tamen
1018 2122 1335 2190 increpare;
1387 2123 1678 2178 verborum
1705 2125 1902 2179 seriem
1937 2138 2055 2177 om-

476 2213 610 2267 nino
633 2229 738 2266 non
766 2212 1067 2283 egreditur,
1101 2213 1196 2268 sed
1231 2213 1448 2267 illorum
1493 2215 1736 2270 consiliis
1760 2223 1814 2268 et
1847 2215 2057 2286 cogita-

478 2306 719 2360 tionibus
753 2306 936 2360 statim
971 2306 1236 2369 occurrit,
1275 2306 1402 2360 hinc
1440 2306 1605 2360 etiam
1656 2309 1952 2363 ostendens
1997 2322 2059 2362 se

479 2395 646 2450 Deum
672 2394 972 2461 secundum
1005 2404 1257 2449 naturam
1281 2411 1426 2458 esse,
1469 2405 1526 2448 ut
1555 2395 1650 2465 qui
1676 2405 1936 2465 agnoscat
1968 2409 2061 2450 oc-

476 2487 651 2548 culta,
691 2496 746 2540 et
799 2486 966 2540 corda
1023 2495 1302 2542 scrutetur
1347 2495 1400 2541 et
1418 2501 1597 2542 renes.
1633 2486 1689 2539 Si
1721 2485 1846 2556 quis
1877 2493 2059 2542 autem

476 2580 632 2643 velit,
670 2577 1173 2633 manifestissimam
1190 2578 1420 2647 hujusce
1438 2580 1518 2634 rei
1538 2579 2060 2634 demonstrationem

473 2669 549 2725 ab
581 2669 703 2724 aliis
753 2668 1122 2738 cvangelistis,
1178 2667 1327 2723 Luca
1381 2669 1672 2731 nimirum,
1709 2677 1762 2724 et
1790 2668 2066 2724 aliisacci-

478 2759 611 2829 piet.
639 2757 918 2828 Scriptum
940 2768 1025 2814 est
1058 2760 1112 2812 in
1141 2758 1262 2814 aliis
1300 2757 1633 2830 Evangeliis,
1676 2758 1986 2813 l’harisaeos
2011 2767 2067 2813 et

488 2851 628 2921 legis
647 2851 904 2906 doctores
933 2866 998 2906 ex
1038 2850 1188 2904 omni
1243 2851 1676 2921 circumquaque
1710 2849 1897 2905 Judaea
1929 2863 2065 2904 con-

479 2951 732 3014 gregatos
764 2944 951 2998 fuisse.
991 2962 1007 2994 ι
1047 2941 1111 2996 Et
1133 2958 1264 2998 ecce
1289 2944 1413 3006 viri,
1469 2944 1670 3010 inquit,
1700 2950 1986 3012 portantes
2009 2942 2066 2996 in

486 3040 629 3092 lecto
651 3036 812 3108 255
839 3036 1136 3108 hominem,
1171 3035 1264 3104 qui
1293 3036 1765 3105 eratparalyticus
1798 3051 1811 3086 :
1841 3043 1894 3090 et
1921 3050 2069 3105 quaa-

483 3131 680 3185 rebant
738 3143 862 3183 eum
915 3126 1139 3188 inferre,
1179 3133 1234 3181 et
1282 3141 1484 3194 ponere
1537 3135 1663 3181 ante
1689 3142 1834 3180 eum.
1866 3125 1932 3180 Et
1955 3142 2065 3181 non

485 3221 828 3277 invenientes
877 3234 984 3290 qua
1025 3227 1182 3289 parte
1245 3218 1398 3273 illum
1449 3216 1718 3272 inferrent
1750 3233 1862 3288 prae
1882 3219 2064 3283 turba,

480 3313 853 3368 ascenderunt
880 3326 1048 3382 super
1091 3317 1319 3372 tectum,
1361 3316 1415 3364 et
1472 3324 1568 3378 per
1614 3309 1826 3378 tegulas
1867 3309 2069 3363 submi-

487 3411 676 3459 serunt
705 3418 829 3457 eum
859 3417 982 3457 eum
1013 3403 1154 3457 lecto
1176 3403 1232 3456 in
1264 3400 1505 3456 medium
1538 3407 1664 3455 ante
1683 3388 1890 3456 Iesum.
1917 3400 2068 3466 Quo-

488 3511 610 3549 rum
643 3495 801 3548 fidem
828 3493 1060 3558 utvidit,
1092 3492 1231 3546 dixit
1276 3492 1582 3562 paralytico
1618 3509 1630 3544 :
1660 3489 1850 3556 Homo,
1885 3491 2072 3546 remit-

491 3593 683 3639 tuntur
707 3583 801 3637 tibi
831 3593 1049 3652 peccata
1079 3592 1192 3637 tua.
1216 3582 1281 3634 Et
1301 3591 1588 3652 coeperunt
1606 3584 1848 3653 cogitare
1867 3583 2072 3637 Scribre

491 3684 546 3728 et
576 3673 837 3728 Pharismi
890 3673 1137 3726 dicentes
1185 3690 1198 3725 :
1241 3671 1376 3737 Quis
1437 3682 1521 3726 est
1558 3673 1648 3725 hic
1704 3674 1796 3742 qui
1832 3673 2073 3742 loquitur

496 3763 899 3834 blasphemias?
941 3762 1077 3834 Quis
1131 3769 1310 3832 potest
1366 3761 1644 3816 dimittere
1693 3772 1938 3831 peccata,
1967 3765 2073 3820 nisi

495 3858 647 3912 solus
677 3855 853 3910 Deus?
883 3853 950 3909 Ut
979 3855 1235 3924 cognovit
1256 3863 1436 3908 autem
1484 3851 1646 3909 Iesus
1711 3856 2075 3925 cogitationes

495 3961 712 4012 eorum,
750 3945 1090 4014 respondens
1113 3944 1251 3997 dixit
1276 3944 1344 3997 ad
1376 3945 1497 3999 illos
1531 3963 1542 3997 :
1571 3944 1712 4010 Quid
1739 3947 1994 4018 cogitatis
2019 3949 2074 4002 in

497 4036 755 4092 cordibus
781 4037 1022 4092 vestris?
1068 4035 1210 4102 Quid
1252 4043 1337 4091 est
1383 4035 1600 4092 facilius
1642 4036 1848 4104 dicere,
1887 4036 2077 4093 Dimit-

498 4138 692 4184 tuntur
718 4129 816 4184 tibi
865 4136 1088 4199 peccata
1133 4137 1226 4182 tua
1255 4146 1268 4181 :
1302 4144 1370 4183 an
1406 4129 1590 4185 dicere
1622 4149 1633 4184 :
1671 4131 1845 4202 Surge
1873 4141 1926 4187 et
1959 4147 2078 4186 am—

499 4223 627 4277 hula
658 4224 677 4254 ⁵
708 4222 731 4274 ?
769 4241 786 4273 ι
825 4221 987 4277 Vides
1025 4231 1082 4275 ut
1118 4236 1227 4275 non
1260 4229 1588 4290 exspectans
1643 4223 1772 4278 dum
1806 4224 2080 4293 loquendo

500 4314 895 4383 responderent
923 4320 1016 4366 aut
1051 4312 1556 4379 admurmurarent,
1591 4330 1779 4369 eorum
1799 4315 2083 4385 cogitatio-

501 4407 665 4461 nilus
682 4413 958 4471 occurrat,
977 4415 1037 4461 ut
1059 4407 1220 4462 Deus.
1257 4405 1419 4459 Aliud
1440 4407 1747 4476 exemplum
1765 4407 2079 4464 istiusmodi
2115 4427 2164 4486 ο

501 4500 646 4568 apud
675 4500 928 4554 eumdem
954 4500 1220 4569 reperies.
1260 4497 1352 4552 Sic
1377 4499 1520 4552 enim
1549 4499 1743 4554 beatus
1775 4498 1953 4556 Lucas
1988 4501 2090 4555 ait:

505 4609 528 4644 ι
560 4590 785 4646 Factum
845 4600 929 4646 est
967 4599 1149 4646 autem
1187 4599 1241 4646 et
1270 4591 1325 4644 in
1356 4591 1465 4644 alio
1499 4589 1740 4644 Sabbato
1775 4600 1832 4645 ut
1858 4593 2096 4648 intraret

505 4684 560 4737 in
613 4698 972 4754 synagogam,
1035 4693 1090 4738 et
1151 4684 1392 4738 doceret.
1428 4681 1494 4734 Et
1553 4691 1669 4736 erat
1700 4682 1772 4736 ibi
1805 4685 1986 4746 homo,
2044 4696 2098 4740 et

507 4789 703 4828 manus
729 4776 848 4844 ejus
877 4775 1100 4829 dextera
1153 4781 1270 4828 erat
1294 4773 1464 4828 arida.
1497 4771 1876 4829 Obscrvabant
1907 4785 2094 4829 autem

511 4863 717 4917 Scriba:
738 4877 792 4918 et
817 4865 1076 4921 Phariszei
1099 4867 1147 4920 si
1180 4868 1234 4920 in
1260 4865 1498 4923 Sabbato
1526 4875 1766 4928 curaret,
1792 4875 1848 4919 ttt
1876 4867 2088 4920 inveni-

510 4962 635 5008 rent
670 4955 813 5009 unde
835 4965 1164 5012 accusarent
1195 4973 1342 5011 eum.
1380 4957 1498 5025 Ipse
1528 4973 1658 5010 vero
1702 4957 1911 5011 sciebat
1940 4956 2094 5027 cogi-

511 5044 747 5098 tationes
779 5057 968 5096 eorum
1004 5053 1097 5098 :et
1124 5044 1202 5096 ait
1232 5043 1442 5097 homini
1475 5045 1568 5111 qui
1594 5044 1830 5097 habebat
1868 5056 2090 5096 manum

509 5135 760 5190 aridam:
787 5133 982 5202 Surge,
1012 5142 1066 5188 et
1112 5140 1197 5187 sta
1231 5135 1285 5187 in
1329 5134 1590 5188 medium.
1616 5133 1964 5204 Et‘surgens,
1987 5139 2097 5186 ste-

513 5230 595 5282 tit.
625 5227 913 5280 Aitautem
975 5223 1044 5278 ad
1097 5224 1225 5278 illos
1271 5221 1852 5292 Jesus:lnterrogabo
1897 5237 2014 5286 vos,
2049 5223 2096 5279 si

514 5320 638 5374 licet
667 5318 903 5373 Sabbato
923 5313 1269 5376 benefacere,
1306 5328 1374 5366 an
1401 5312 1575 5366 male“
1599 5311 1622 5364 Ἰ
1650 5330 1667 5362 ι
1690 5310 1854 5366 Vides
1875 5327 2094 5366 rursum

512 5414 603 5468 hic
637 5422 696 5467 ut
727 5419 1017 5482 perspecto
1048 5407 1215 5463 corde
1236 5420 1424 5462 eorum
1457 5404 1731 5474 quistulte
1764 5405 1944 5473 ipsum
1983 5404 2094 5458 eri-

518 5505 714 5558 tniuari
745 5505 1078 5566 nitebantur,
1111 5502 1215 5557 ista
1251 5497 1488 5553 dixerit?
1532 5496 1660 5553 Tale
1688 5497 1816 5567 quid
1853 5512 2017 5568 porro
2046 5512 2092 5554 ,ει

591 5681 608 5709 ⁵
646 5678 775 5730 Litt".
814 5694 861 5740 v,
897 5679 1077 5731 [8-26.
1156 5679 1172 5708 ⁶
1218 5677 1348 5730 Lttt‘.
1386 5690 1456 5741 rt,
1493 5674 1603 5727 GU.

2155 2117 2462 2188 ποιουμένῳ
2511 2089 2773 2174 πολλάκις
2827 2108 2925 2171 τὰς
2974 2101 3275 2170 ἐπωφελεῖς
3301 2094 3560 2188 διαλέξεις
3607 2089 3746 2161 πρὸς

2154 2210 2282 2271 τοὺς
2314 2182 2604 2266 ἀσυνέτους
2630 2202 2862 2271 μάλιστα
2899 2193 3251 2267 Φαρισαίους,
3277 2188 3356 2249 εἰς
3380 2184 3440 2237 τὸ
3482 2182 3578 2252 τῆς
3611 2195 3747 2271 καρ-

2157 2267 2276 2360 δίας
2298 2294 2478 2350 αὐτῶν
2516 2267 2781 2355 ἀτενίξειν
2808 2286 2990 2358 βάθος,
3011 2283 3107 2337 καὶ
3137 2271 3601 2348 περισκέπτεσθαι
3630 2267 3745 2360 θεο-

2159 2357 2385 2462 πρεπῶς
2417 2386 2486 2440 τά
2515 2387 2572 2439 ἐν
2596 2357 2878 2450 λογισμοῖς
2912 2375 3144 2446 ἀφώνως
3204 2370 3286 2423 ἐτι
3323 2365 3465 2462 κατά
3485 2363 3589 2462 ’τὸν
3621 2357 3746 2462 νοῦν

2164 2479 2506 2554 στρεφόμενά
2551 2494 2611 2530 τε
2675 2475 2771 2528 καί
2820 2467 3242 2535 ἀνακινούμενα,
3279 2456 3540 2527 καὶπρὸς
3575 2452 3748 2554 iratist:

2166 2541 2400 2645 μάλιστα
2437 2569 2533 2622 καί
2560 2565 2659 2629 τὰς
2688 2561 3011 2633 ἀποκρίσεις
3062 2551 3353 2645 ποιεῖσθαι.
3385 2548 3492 2645 Δκοιξ.
3516 2545 3641 2645 τοὺς
3666 2541 3752 2645 λόῖ

2163 2632 2292 2734 γους
2330 2662 2439 2715 ἐσθ’
2463 2662 2574 2723 ὅτε,
2596 2657 2692 2710 καί
2718 2655 2845 2716 τοὺς
2875 2650 3132 2719 ἐλέγχους
3157 2645 3282 2706 τοὺς
3314 2640 3399 2694 ἐπ’
3424 2637 3627 2734 αὐτοῖς,
3656 2632 3752 2734 καί

2165 2725 2225 2809 οὐ
2260 2725 2476 2814 πάντως
2505 2748 2612 2802 τῶν
2637 2745 2854 2800 οἰκείων
2878 2741 3136 2814 ῥημάτων
3161 2733 3474 2802 ἀνεξίτητον
3504 2725 3754 2796 διατηρεῖ

2166 2847 2257 2899 τὸν
2287 2842 2497 2915 είρμόν·
2527 2836 2664 2892 ἀλλὰ
2697 2835 2833 2907 πρὸς
2861 2834 2998 2902 ὅπερ
3037 2830 3103 2882 ἂν
3127 2827 3322 2880 ἐκεῖνοι
3370 2816 3750 2915 βουλεύωνται,

2170 2937 2265 2990 καί.
2285 2905 2404 2988 καθ’
2429 2929 2655 2992 ἑαυτοὺς
2694 2905 2938 2985 ἐννοῶσι,
2986 2919 3183 2988 δριμὺς
3233 2913 3467 2982 ὑπαντᾷ,
3517 2908 3613 2962 καί
3667 2905 3754 2959 διά

2171 3028 2359 3082 τούτου
2421 3023 2656 3083 δεικνὺς,
2716 3015 2907 3086 ὅτιπερ
2955 3015 3072 3066 ἐστι
3120 3007 3262 3061 κατά
3309 3004 3472 3074 φύσιν
3501 2997 3755 3063 Θεδς.ὡς

2171 3117 2456 3188 γινώσκων
2481 3113 2548 3166 τὰ
2567 3113 2624 3164 ἐν
2650 3109 2727 3179 τῷ
2753 3107 2905 3178 βάθει
2926 3091 3177 3172 κείμενα,
3213 3098 3305 3151 καὶ
3340 3094 3567 3164 καρδίας
3598 3093 3752 3188 ἐρεσδῖ

2167 3177 2272 3263 νῶν
2316 3205 2412 3260 καὶ
2441 3177 2709 3273 νεφρούς(
2740 3177 2988 3267 Δεχέσθω
3021 3189 3099 3257 δέ,
3141 3190 3193 3242 εί
3227 3205 3304 3257 τῳ
3337 3186 3504 3248 δοκεῖ,
3535 3181 3636 3250 τὴν
3666 3177 3758 3273 ἐπὶ

2165 3300 2277 3361 τοῖς
2322 3269 2633 3366 εἰρημένοις
2686 3283 3091 3358 ἐναργεστάτην
3147 3277 3421 3341 ἀπόδειξιν
3452 3273 3605 3366 παρὰ
3650 3269 3757 3366 των

2168 3358 2812 3459 ἐτέρων-εδαγγελιστῶν,
2856 3374 3042 3430 Λουκᾶ
3084 3371 3170 3442 δὴ,
3205 3368 3369 3438 φημὶ,
3392 3361 3622 3459 καὶτῶν
3662 3358 3758 3459 σον

2169 3452 2340 3550 αὐτῷ.
2380 3478 2695 3548 Γέγραπται
2726 3470 2902 3525 τοίνυν
2941 3469 2998 3520 ἐν
3031 3463 3237 3534 ἑτέροις
3275 3456 3654 3550 Εὑαγγελίοις,
3683 3452 3759 3514 ὡς

2169 3543 2310 3645 ἦσάν
2336 3543 2473 3622 ποτε
2495 3543 2923 3634 *συνεληλυθότες
2961 3557 3069 3614 ἀπὸ
3097 3543 3758 3645 πάσηςτῆςμπεριχιὶἱρου

2170 3634 2270 3734 τ’ἦς
2302 3659 2564 3722 Ἰουδαίας
2615 3655 2896 3726 Φαρισαῖοι
2930 3650 3024 3702 καί
3060 3640 3542 3734 νομοδιδάσκαλοι·
3594 3657 3612 3687 ι
3651 3634 3762 3734 καὶ

2176 3723 2285 3808 ιδὸῦ
2308 3751 2518 3820 ἄνδρες,
2555 3723 2711 3818 φησὶ,
2737 3743 2996 3814 φέροντες
3028 3738 3120 3790 ἐπὶ
3145 3734 3334 3804 κλίνης
3357 3731 3669 3820 ἄνθρωπον.
3701 3723 3761 3820 δε

2171 3843 2240 3918 ἦν
2267 3812 2731 3914 παραλελυμένος,
2752 3812 2850 3888 καί
2873 3831 3096 3901 ἐζήτουν
3118 3825 3278 3918 αὐτόν
3306 3818 3640 3918 εἰσενεγκεῖν
3666 3812 3761 3918 καὶ

2175 3905 2606 3993 θεῖναίένώπιον
2667 3925 2852 3982 αὑτοῦ.
2915 3922 3025 3976 Καὶ
3078 3919 3152 3989 μὴ
3198 3914 3447 3985 εὑρόντες
3485 3909 3572 3962 διὰ
3605 3905 3768 3972 ποίας

2177 4029 2562 4096 εἰσενέγκωσιν
2581 4019 2744 4075 αὑτὸν
2781 4015 2869 4070 διὰ
2894 4014 2984 4068 τὸν
3019 4011 3194 4082 ὄχλον,
3253 4003 3560 4096 ἀναϐάντες
3591 3996 3685 4096 ἐπὶ
3708 3995 3767 4046 τὸ

2179 4122 2355 4192 δῶμα,
2380 4118 2468 4172 διὰ
2488 4116 2598 4170 τῶν
2631 4110 2892 4182 κεράμων
2924 4103 3174 4172 καθῆκαν
3195 4097 3355 4154 αὑτὸν
3379 4094 3476 4147 σὺν
3493 4089 3571 4160 τῷ
3594 4088 3763 4192 κλινι-

2181 4177 2276 4284 δίιρ
2302 4177 2380 4276 είς
2413 4211 2472 4264 τὸ
2533 4177 2719 4278 μέσον,
2767 4177 3073 4271 ἔμπροσθεν
3109 4192 3201 4246 τοῦ
3260 4185 3456 4257 Ἰησοῦ.
3493 4181 3602 4284 lu).
3646 4177 3766 4232 ἰδὼν

2315 4305 2499 4358 πίστιν
2543 4297 2744 4361 αὐτῶν,
2777 4289 2899 4345 εἰπε
2926 4288 3005 4359 τῷ
3039 4280 3420 4357 παραλυτικῷ·
3457 4274 3768 4345 Ἄνθρωπε,

2897 4375 2899 4377 ,
3229 4375 3237 4378 _
3286 4375 3305 4378 η
3361 4371 3382 4378 _
3542 4367 3565 4378 _
3628 4364 3644 4378 ι
3732 4361 3743 4378 ν

2189 4361 2463 4469 ἁιρέωνταί
2496 4409 2576 4446 σοι
2605 4391 2661 4443 αἱ
2693 4375 2962 4457 ἁμαρτίαι
2999 4397 3113 4433 σου.
3144 4375 3252 4430 Καὶ
3280 4361 3770 4469 ἧρξαντοδιαλογί-

2191 4458 2376 4555 ςεσθαι
2425 4487 2474 4538 οἰ
2507 4479 2860 4554 Γραμματεῖς
2917 4473 3014 4527 καὶ
3053 4471 3104 4524 οἱ
3142 4458 3732 4555 Φαρισαῖοι,-λέγοντες
3755 4468 3768 4481 ·

2193 4549 2286 4647 ’ῖίς
2317 4583 2465 4634 ἐστιν
2487 4549 2662 4637 οὗτος,
2702 4571 2762 4634 ὃς
2803 4568 2956 4621 λαλεῖ
2997 4558 3407 4647 βλασφημίαςί
3430 4553 3528 4614 Τίς
3551 4549 3771 4647 δζόναιται

2195 4631 2467 4744 άμῗαρτίας
2511 4631 2755 4734 ἀφιέναι,
2800 4659 2850 4710 εί
2889 4656 2963 4726 μὴ
2985 4631 3065 4716 εἷς
3099 4631 3774 4744 ὁμθεόςίἙπιγνοὺςξέἴό

2206 4723 2624 4829 Iamne-met,
2656 4723 2780 4811 τους
2802 4723 3186 4811 διαλογισμοὺς
3209 4733 3418 4829 αὐτῶν,
3444 4723 3774 4829 ἀποκριθεὶς

2191 4815 2308 4904 εἶπε
2343 4815 2704 4918 προς-αὐτούς
2735 4852 2750 4868 ⁶
2786 4837 2851 4889 Τί
2889 4827 3258 4900 διαλογίζεσθε
3286 4827 3344 4877 ἐν
3373 4824 3493 4884 ταῖς
3529 4815 3774 4918 καρδίαις

2194 4906 2467 5011 ὑμῶνίτί
2496 4937 2643 4987 ἐστιν
2666 4927 3040 4997 εὐκοπώτερον
3089 4922 3296 4982 εἰπεῖν,
3349 4906 3654 4981 Ἀφέωνταί
3696 4921 3775 4957 σοι

2195 5037 2253 5088 αί
2277 5028 2542 5102 ἁμαρτίαι
2579 5043 2694 5089 σου,
2729 5024 2762 5094 ἢ
2785 5023 2989 5082 εἰπεῖν,
3015 5017 3266 5082 Ἕγειραι
3293 5008 3386 5062 καὶ
3408 5001 3700 5106 περιπάτει
3725 5013 3769 5062 ;ι

2214 5097 2375 5194 Ὀρᾷς
2399 5097 2552 5183 ⁷ὅπως
2575 5119 2634 5171 οὐ
2666 5113 2988 5188 περιμείνας
3014 5109 3113 5178 τὴν
3148 5107 3205 5158 ἐν
3230 5098 3485 5194 προφορᾷ
3519 5097 3777 5194 {intider

2203 5183 2513 5286 ἀπόκρισιν,
2540 5213 2660 5284 ἡτοι
2693 5183 3028 5278 γογγυσμδν,
3069 5196 3205 5268 πρὸς
3241 5194 3341 5257 τὰς
3382 5192 3441 5286 ἐν
3481 5186 3664 5286 aur-oi:
3693 5183 3777 5286 év:

2204 5268 2361 5372 νοίας.
2387 5308 2460 5370 ὡς
2499 5268 2630 5366 Θεὸς
2685 5268 3059 5367 ἀποκρίνεται.
3092 5288 3360 5358 Εὑρήσεις
3400 5281 3457 5334 δέ
3499 5268 3781 5372 πάλινικαὶ

2201 5364 2390 5471 ἑτέραν
2426 5364 2748 5468 πράγματος
2772 5364 2976 5446 εἰκόνα,
3012 5380 3152 5437 κατά
3193 5377 3353 5471 τοῦτο
3396 5364 3782 5471 διηρτισμένην

2200 5493 2259 5547 τὸ
2288 5456 2490 5562 σχῆμα..
2536 5456 2696 5554 λέγει
2752 5482 2858 5551 γὰρ
2902 5478 3071 5539 οὕτως
3116 5475 3143 5526 ὁ
3204 5467 3470 5540 μακάριος
3525 5456 3734 5517 Λουκᾶς
3766 5463 3778 5474 ⁸
