4078 6262
411 240 517 296 Hb

1427 251 1493 304 IN
1530 250 1818 309 JOANNIS
1862 243 2315 314 EVANGELI'U'M
2365 258 2494 314 LIB.
2537 260 2626 314 nr.

3553 267 3663 324 4M

415 376 436 411 ι
478 359 725 430 Ἐγένετο
740 363 797 416 δὲ
821 365 877 416 ὲν
899 365 1071 435 ἑτέρῳ
1120 365 1378 439 Σαϐϐάτῳ
1407 371 1669 424 εἰσελθεῖν
1711 373 1871 426 αὐτὸν
1908 375 1969 426 είς

2097 377 2380 434 Salvatore
2405 381 2460 433 in
2488 377 2888 434 Pharisaeorum
2918 379 3194 435 mentibus
3224 379 3569 437 observatum
3602 384 3659 438 in

411 451 512 520 τῆν
559 452 909 524 Συναγωγὴν,
966 456 1060 506 καὶ
1119 457 1409 513 διδάσκειν.
1447 463 1556 514 Kal.
1589 459 1659 533 ἦν
1703 463 1987 532 ἅνθρωπος

413 542 549 603 ἐκεῖ,
574 541 669 594 καὶ
697 543 731 612 ἡ
753 543 875 613 χεὶρ
891 544 1102 615 αὐτοῦὴ
1123 545 1272 610 δεξιὰ
1285 543 1353 619 ἦν
1381 550 1539 620 ξηρά.
1574 553 1987 623 Παρειηροῢντο

340 646 352 654 ‘
411 631 468 683 δὲ
516 632 677 686 αὑτὸν
731 636 780 686 οἰ
814 635 1163 705 Γραμματεῖς
1201 640 1298 690 καὶ
1339 641 1389 691 οἱ
1415 642 1718 712 Φαρισαῖοι,
1739 645 1786 694 εί
1817 645 1875 694 ὲν
1907 643 1985 713 τῷ

414 720 675 792 Σαϐϐάτῳ
710 723 1056 793 θεραπεύσει,
1099 728 1185 779 ῖνα
1251 727 1452 801 εὕρωσι
1505 733 1835 802 κατηγορίαν
1864 735 1982 786 κατ’

413 811 596 865 αὑτοῦ.
627 814 795 877 Αὐτὸς
825 815 882 868 δὲ
908 816 1023 886 ᾔδει
1046 820 1170 882 τοὺς
1198 821 1584 892 διαλογισμοὺς
1619 824 1796 878 αὐτῶν
1825 842 1838 857 ·
1887 825 1983 879 καὶ

410 896 531 954 εἶπε
551 902 628 973 τῷ
658 904 812 974 ἀνδρὶ
835 905 915 975 τῷ
943 906 1113 978 ξηρὰν
1145 910 1323 979 ἔχοντι
1359 912 1459 982 τὴν
1482 916 1638 984 χεῖρα
1659 929 1670 941 ·
1706 916 1980 985 Ἔγειραι,

408 993 500 1045 καὶ
539 995 694 1064 στῆθι
715 998 796 1059 είς
831 997 893 1050 τὸ
919 997 1103 1068 μέσον.
1133 1003 1240 1054 Καὶ
1264 1004 1504 1066 ἀναστὰς
1523 1047 1537 1069 ,
1577 1005 1730 1076 ἔστη.
1762 1003 1897 1060 Eine
1923 1007 1981 1060 δὲ

418 1083 619 1152 Ἰησοῦς
656 1087 796 1158 πρὸς
841 1089 1071 1152 αὐτούς’
1119 1092 1483 1164 Ἐπερωτήσω
1521 1096 1760 1165 ὐμᾶς,εί
1803 1095 1980 1162 ἔξεστι

402 1175 479 1245 τῷ
507 1177 771 1248 Σαϐϐάτῳ
788 1180 1206 1250 ἀγαθοποιῆσαι,
1248 1184 1281 1254 ἢ
1321 1185 1706 1254 κακοποιῆσαι.
1759 1206 1778 1238 ι
1817 1188 1980 1259 Ὁρᾷς

401 1267 465 1336 δὴ
496 1268 655 1322 πάλιν
687 1271 1226 1341 ἀνακεκαλυμμένως
1258 1276 1315 1328 ὲν
1337 1276 1568 1341 τούτοις,
1591 1278 1666 1340 ὡς
1699 1279 1778 1341 είς
1809 1278 1980 1350 αὐτὴν

399 1361 538 1432 ὁρῶν
559 1362 656 1432 τὴν
683 1359 908 1433 καρδίαν
925 1365 1036 1417 τῶν
1059 1367 1299 1436 ἀνοήτως
1315 1369 1590 1423 αίτιᾶσθαι
1616 1371 1978 1441 πειρωμένων

402 1451 584 1514 αὐτὸν,
611 1453 906 1522 ἐποιήσατο
925 1455 1050 1518 τοὺς
1071 1455 1282 1524 λόγους.
1329 1457 1580 1512 Τοιοῦτόν
1608 1477 1659 1512 τι
1690 1460 1850 1514 πάλιν
1882 1461 1978 1514 καὶ

399 1542 492 1593 ἐπὶ
512 1542 591 1612 τῷ
607 1545 952 1615 προκειμένῳ
983 1547 1130 1617 ῥητῴ
1165 1549 1533 1621 τεθεωρῆσθαι
1556 1550 1708 1622 παρὰ
1727 1552 1820 1604 τοῦ
1861 1554 1977 1606 Em—

398 1631 564 1701 τῆρος
588 1633 645 1684 ὲν
667 1637 786 1696 ταῖς
808 1633 914 1686 τῶν
933 1637 1240 1704 Φαρισαίων
1259 1640 1514 1704 διανοίαις
1539 1643 1972 1714 ὑποτοπήσομεν.

405 1720 567 1788 Ὀψει
591 1722 647 1774 δὲ
674 1722 774 1793 τὴν
792 1724 1004 1778 εὐθεῖαν
1051 1726 1084 1796 ἡ
1114 1727 1214 1798 τὴν
1249 1729 1340 1781 τοῦ
1369 1731 1688 1800 πράγματος
1707 1732 1854 1787 Θέσιν
1877 1735 1977 1789 οὐκ

403 1813 840 1869 ἀπολακτίσαντα
868 1817 964 1870 τὸν
997 1817 1182 1886 λόγον,
1217 1821 1425 1875 ἕκαστα
1442 1826 1551 1876 τῶν
1581 1826 1680 1896 ήδη
1721 1845 1978 1899 προειρη-

408 1905 583 1974 μένων
605 1909 1064 1980 άναμηρύσασθαι
1110 1914 1454 1984 κατοκνήσας
1477 1915 1748 1987 οὐδαμῶς.
1785 1917 1976 1987 Γέγονε

402 1997 580 2049 τοίνυν
611 2000 670 2052 ὲν
694 2001 834 2071 ἀρχῇ
871 2000 1010 2072 πρὸς
1040 2001 1284 2067 ἐκείνους
1313 2007 1342 2057 ό
1379 2005 1544 2069 πολύς
1563 2023 1623 2060 τε
1648 2009 1741 2060 καὶ
1771 2011 1978 2081 μακρὸς

399 2087 578 2141 οὑτοσὶ
600 2090 775 2158 λόγος,
802 2093 895 2144 ἐπὶ
915 2091 994 2162 τῷ
1038 2093 1496 2168 τεθεραπευμένῳ
1518 2097 1657 2151 κατὰ
1681 2099 1740 2151 τὸ
1766 2101 1976 2154 Σάϐϐα-

397 2195 507 2244 τον,
550 2181 643 2232 καὶ
675 2180 765 2234 διά
817 2182 1081 2236 ποικίλων
1109 2184 1446 2255 εὑρημάτων
1474 2188 1569 2241 καὶ
1599 2187 1976 2262 συλλογισμῶν

393 2270 714 2340 ἀναπείθειν
747 2274 1005 2345 ἐπειρᾶτο
1057 2278 1292 2348 Χριστὸς
1322 2279 1471 2345 τοὺς,
1517 2280 1676 2352 οἵπερ
1710 2279 1848 2354 ἦσαν
1885 2286 1976 2339 ἐπὶ

391 2363 458 2431 τῇ
493 2358 588 2415 τοῦ
620 2362 898 2418 Σαϐϐάτου
940 2364 1090 2419 λύσει
1132 2367 1450 2440 δυστρόπως
1495 2372 1876 2441 ἀσχάλλοντες,
1901 2377 1977 2440 ὡς

391 2449 570 2515 ἔξεστι
596 2454 691 2506 καὶ
719 2454 886 2509 ἐλεεῖν
930 2458 989 2510 ὲν
1023 2457 1312 2529 Σαϐϐάτῳ,
1346 2460 1442 2513 καὶ
1470 2461 1547 2524 είς
1576 2462 1785 2527 πάντας
1806 2466 1974 2536 ἐργάη

392 2541 584 2605 ςεσθαι
629 2543 690 2598 τὺ
719 2545 945 2614 ἀγαθὸν,
971 2548 1066 2602 καὶ
1119 2550 1255 2619 πρὸς
1286 2551 1515 2615 τούτοις,
1547 2553 1628 2606 δτι
1654 2556 1975 2625 πράγματος

390 2633 816 2703 ἀξιολογωτάτου
864 2639 1021 2692 σκιὰν
1054 2640 1083 2692 ό
1119 2640 1284 2711 νόμος
1328 2644 1567 2697 ἐποιεῖτο
1603 2645 1702 2715 τὴν
1745 2647 1888 2700 κατὰ
1915 2650 1976 2702 τὸ

391 2725 665 2780 Σάϐϐατον
715 2729 934 2799 ἀργίαν,
981 2731 1156 2796 ἄλλως
1185 2750 1244 2786 τε
1293 2734 1412 2797 καὶ,
1443 2735 1564 2788 ὅσον
1593 2731 1730 2807 ἦκεν
1759 2740 1842 2803 είς
1877 2739 1975 2810 τὴν

390 2816 611 2870 ἐκείνων
633 2818 835 2888 ψῆφον,
873 2821 1191 2889 παραλύσας
1223 2825 1322 2896 τὴν
1352 2826 1446 2879 τοῦ
1471 2827 1752 2882 Σαϐϐάτου
1779 2830 1973 2901 τιμήν,

388 2907 422 2977 ἢ
458 2910 661 2965 καὶτὸν
695 2912 860 2982 νόμον
886 2913 962 2977 ὼς
999 2914 1090 2967 διὰ
1136 2915 1332 2971 τούτου
1361 2917 1425 2988 δὴ
1463 2920 1698 2989 μάλιστα
1730 2923 1975 2994 παραϐε-

2088 470 2372 537 proposito
2401 470 2550 523 dicto
2588 469 2952 538 suspicamur.
2986 467 3141 533 Quod
3183 469 3230 523 si
3257 485 3317 523 ea
3355 486 3473 539 qua:
3505 476 3658 542 prius

2085 558 2231 611 dicta
2257 566 2387 612 sunt
2415 567 2658 624 repetere
2687 572 2798 611 non
2844 558 3404 628 gravaberis,vidcbis
3443 575 3473 613 a
3511 574 3660 617 recta

2084 648 2247 710 linea,
2284 655 2380 701 aut
2402 649 2480 702 rei
2511 647 2705 701 ordine
2738 662 3047 702 sermonem
3072 664 3179 701 non
3205 650 3479 705 recedere.
3520 651 3661 707 Lon-

2081 739 2288 808 giorem
2341 739 2524 808 itaque
2575 738 2732 791 initio
2779 754 2906 792 cum
2951 739 3087 807 ipsis
3121 739 3188 793 de
3205 755 3270 793 eo
3291 743 3382 809 qui
3416 740 3658 797 Sabbato

2081 838 2308 884 curatus
2339 830 2515 884 fuerat
2549 829 2972 899 disputationem
2994 832 3255 899 suscepit,
3280 833 3553 902 variisque
3568 849 3662 889 ra-

2082 921 2324 975 tionibus
2345 928 2399 976 et
2428 921 2764 992 argumentis
2793 920 3026 989 probare
3049 920 3307 976 Christus
3356 924 3662 979 conabatur

2080 1011 2148 1065 iis
2171 1012 2261 1080 qui
2296 1010 2596 1066 Sabbatum
2635 1026 2759 1066 esse
2791 1011 3053 1064 violatum
3098 1026 3381 1082 perperam
3420 1013 3664 1083 indigna-

2079 1101 2303 1167 bantur,
2347 1103 2512 1157 licere
2571 1102 2819 1157 misereri
2869 1101 2924 1155 in
2967 1101 3228 1166 Sabbato,
3299 1112 3354 1158 et
3404 1107 3662 1161 omnibus

2081 1192 2419 1261 benefacere,
2451 1201 2504 1248 et
2555 1201 2842 1263 praeterea,
2880 1192 3057 1262 legem
3113 1195 3452 1274 sabbaticum
3485 1196 3658 1250 otium

2079 1285 2325 1340 umbram
2354 1285 2621 1340 statuisse
2668 1285 2742 1338 rei
2774 1283 3129 1353 dignissimae,
3184 1287 3488 1354 praesertim
3533 1301 3659 1339 eum

2077 1374 2279 1439 soluto,
2304 1375 2468 1445 256
2489 1383 2547 1429 ut
2569 1376 2645 1430 illi
2672 1376 2882 1438 volunt,
2899 1373 3155 1437 Sabbato.
3185 1376 3423 1445 sivelegc
3441 1392 3536 1444 per
3557 1377 3661 1431 hoc

2077 1468 2314 1521 maxime
2351 1468 2569 1529 violata,
2597 1481 2720 1522 sese
2751 1466 2982 1520 missum
3014 1467 3178 1521 etiam
3230 1482 3258 1520 a
3321 1466 3481 1523 Patre
3527 1484 3662 1523 con-

2077 1558 2344 1623 ﬁrmaret,
2375 1566 2428 1614 et
2457 1559 2827 1614 testimonium
2869 1558 2938 1612 ab
2981 1559 3099 1626 ipso
3125 1558 3350 1625 habere,
3393 1568 3447 1613 et
3475 1560 3660 1613 omnia

2077 1665 2242 1720 Opera
2275 1649 2651 1706 consentiente
2679 1648 2843 1704 Patre
2888 1649 3089 1714 facere,
3142 1651 3291 1704 clare
3337 1657 3660 1720 exponeret.

2077 1742 2360 1796 Adversus
2395 1740 2528 1806 haec,
2570 1747 2630 1794 ut
2681 1741 2964 1810 probabile
3013 1749 3128 1806 est,
3167 1743 3300 1797 illud
3322 1744 3658 1812 excogitant,

2078 1832 2313 1887 maxime
2360 1847 2484 1886 cum
2538 1832 2674 1903 legis
2708 1832 2904 1886 litterae
2948 1832 3300 1899 inlzaarerent,
3331 1841 3386 1889 et
3420 1833 3660 1888 Mosaica

2077 1935 2346 1994 praecepta
2402 1939 2618 1994 semper
2657 1925 2979 1993 allegarent,
3013 1934 3069 1978 et
3101 1927 3155 1979 in
3185 1940 3374 1980 eorum
3424 1926 3660 1980 lectione

2077 2016 2408 2070 exercitatos
2435 2031 2495 2069 se
2516 2015 2864 2070 venditareut
2893 2035 2906 2069 :
2935 2014 3205 2082 Quidnam
3243 2015 3376 2070 illud
3403 2024 3488 2072 est
3509 2017 3658 2085 quod

2078 2107 2147 2162 ab
2177 2121 2242 2161 eo
2277 2105 2518 2161 dicitur?
2546 2113 2600 2161 et
2621 2106 2899 2176 quomodo
2923 2121 3300 2162 consensurus
3325 2108 3373 2161 ei
3398 2117 3482 2162 est
3517 2107 3660 2162 Deus

2078 2214 2145 2254 ac
2163 2197 2325 2254 Pater
2348 2199 2518 2270 legem
2541 2197 2771 2255 solventi
2790 2198 2813 2250 ?
2831 2197 3128 2267 Ecquando
3144 2212 3272 2252 vero
3287 2198 3658 2253 testimonium

2079 2288 2380 2360 perhibuit,
2395 2297 2490 2342 aut
2509 2303 2672 2357 quam
2699 2289 3023 2343 sententiam
3041 2287 3111 2343 de
3132 2288 3249 2358 ipso
3271 2287 3428 2340 tulit?
3449 2286 3520 2340 Ex
3541 2287 3657 2340 Mo-

2080 2381 2246 2436 saicis
2268 2380 2412 2433 enim
2439 2379 2664 2449 scriptis
2685 2380 3008 2450 agnovimus
3032 2377 3378 2432 descendisse
3409 2376 3573 2431 Deum
3601 2377 3656 2432 in

2079 2482 2321 2526 montem
2352 2468 2507 2534 Sina,
2533 2471 2708 2524 visam
2738 2484 2863 2525 esse
2894 2469 3144 2538 patribus
3174 2469 3380 2523 nostris
3419 2467 3657 2537 speciem

2077 2559 2337 2632 ejus.Vox
2355 2561 2704 2630 ejus,inquit,
2719 2560 2784 2614 ad
2802 2561 3044 2614 auditum
3062 2560 3331 2628 pervenit,
3345 2559 3561 2614 locutus
3573 2565 3658 2615 est

2078 2656 2177 2710 ιοιὶ
2195 2653 2602 2724 congcgrationi
2631 2652 3218 2722 :servarejussitdiem
3246 2651 3492 2715 Sabbati,
3512 2653 3661 2706 clare

2079 2745 2404 2816 praecipiens
2443 2745 2497 2798 in
2523 2745 2671 2798 hunc
2693 2743 2912 2797 modum
2945 2762 2959 2797 :
2993 2762 3011 2795 ι
3042 2743 3315 2797 Memento
3346 2743 3489 2798 diem
3519 2743 3658 2798 Sab-

2079 2837 2331 2892 batorum
2381 2836 2728 2890 sanctilicare
2766 2849 2910 2888 eam.
2948 2833 3053 2888 Sex
3091 2835 3289 2890 diebus
3315 2837 3656 2904 operaberis,

2079 2935 2134 2985 et
2177 2927 2349 2983 facies
2411 2927 2595 2981 omnia
2633 2941 2799 2996 opera
2849 2934 2987 2981 tua:
3018 2926 3248 2994 septima
3291 2933 3472 2980 autem
3535 2926 3655 2993 die,

389 3000 592 3070 ϐηκὼς,
617 3003 713 3056 καὶ
757 3005 1094 3059 ἀπεστάλθαι
1144 3007 1297 3079 παρὰ
1322 3008 1416 3062 τοῦ
1447 3009 1581 3064 Θεοῦ
1614 3015 1706 3066 καὶ
1729 3014 1959 3084 Πατρὸς,

2073 3019 2306 3075 Sabbata
2339 3025 2530 3073 sancta
2584 3017 2812 3072 Domino
2852 3016 2960 3071 Deo
2993 3025 3107 3070 tuo.
3150 3015 3269 3070 Non
3303 3015 3471 3070 facies
3509 3016 3563 3069 in
3593 3031 3657 3070 ea

387 3092 482 3144 καὶ
505 3092 623 3146 λίαν
646 3095 878 3159 εὐτόνως
898 3095 1279 3169 διισχυρίζετο,
1305 3101 1400 3154 καὶ
1427 3102 1646 3170 προσέτι
1673 3110 1968 3177 μαρτυρεῖ-

389 3181 512 3237 σθαι
551 3185 680 3254 παρ’
709 3186 899 3250 αὐτοῦ,
925 3189 1020 3241 καὶ
1045 3193 1459 3261 συνευδοκήσειν
1490 3195 1576 3262 ἐφ’
1596 3195 1822 3259 ἅπασιν,
1854 3195 1968 3250 οἷσ-

385 3289 490 3343 περ
508 3274 574 3328 ἂν
603 3277 918 3346 ἐργάσαιτο,
945 3278 1181 3333 διελάλει
1214 3281 1420 3350 σαφῶς.
1443 3283 1586 3353 Πρὸς
1609 3284 1802 3353 ταῦτα,
1824 3289 1966 3344 κατά

384 3379 444 3428 γε
479 3363 538 3415 τὸ
575 3366 633 3417 ἐν
675 3365 956 3437 λογισμοῖς
1006 3370 1255 3435 πιθανὸν,
1289 3371 1702 3443 διενθυμοῠνται
1736 3377 1896 3432 πάλιν
1915 3381 1964 3432 οί

382 3452 664 3520 Φαρισαῖοι
695 3454 818 3507 καθ’
851 3457 1096 3523 ἑαυτοὺς,
1135 3459 1230 3512 ἅτε
1263 3460 1328 3530 δή
1358 3462 1469 3522 τοῖς
1513 3466 1758 3531 νομικοῖς
1793 3483 1963 3538 προσ-

382 3542 692 3614 εδρεύοντες
714 3549 1056 3617 γράμμασιν,
1076 3549 1163 3603 ἀεί
1184 3567 1241 3603 τε
1258 3551 1354 3613 τὰς
1380 3550 1465 3604 διὰ
1482 3553 1722 3618 Μωσέως
1746 3558 1964 3622 ἐντολὰς

385 3637 788 3706 προϊσχόμενοι,
825 3641 918 3692 καὶ
954 3642 1321 3708 ἀνεγνωκέναι
1352 3644 1621 3712 λέγοντες,
1648 3648 1730 3710 τίς
1755 3650 1784 3701 ό
1811 3649 1963 3720 παρὰ

380 3724 569 3778 τούτου
602 3726 758 3794 λόγος
785 3742 798 3757 ·
834 3727 950 3790 πῶς
971 3729 1027 3780 δὲ
1053 3729 1202 3800 αὐτῷ
1231 3732 1612 3804 συνευδοκήσει
1631 3737 1961 3807 παραλύοντι

379 3813 468 3867 τὸν
493 3815 652 3886 νόμον
683 3819 710 3870 ό
741 3818 873 3881 Θεὸς
911 3819 1004 3872 καὶ
1027 3821 1248 3891 Πατήρ;
1273 3823 1404 3875 πότε
1427 3823 1485 3877 δὲ
1515 3827 1958 3899 μεμαρτύρηκεν,

379 3906 411 3976 ἢ
459 3906 580 3961 τίνα
637 3909 818 3979 ψῆφον
851 3912 1145 3982 ἐποιήσατο
1194 3914 1323 3983 περὶ
1362 3916 1565 3982 αὐτοῦς
1611 3918 1706 3971 Ἐκ
1739 3920 1961 3991 μὲνγὰρ

377 3997 482 4051 τῶν
519 4001 830 4054 ΝΙωσαῖκῶν
876 4005 1270 4072 συνταγμάτων
1304 4005 1648 4076 ἐγνώκαμεν,
1679 4011 1759 4063 ὅτι
1789 4029 1960 4065 κατα-

376 4090 611 4160 ϐέϐηκεν
641 4092 670 4143 ὁ
707 4091 838 4155 Θεὸς
883 4093 977 4144 ἐπὶ
1003 4094 1063 4146 τὸ
1101 4094 1226 4165 ὅρος
1261 4097 1320 4149 τὸ
1342 4098 1491 4163 Σινᾶ,
1525 4097 1681 4170 ὤφθη
1713 4105 1825 4164 τοῖς
1859 4122 1960 4157 πα-

375 4182 535 4248 τράσι
582 4181 648 4232 τὸ
708 4177 848 4244 εἶδος
898 4184 1080 4237 αὑτοῦ.
1146 4186 1432 4258 Ἀκουστὴ,
1474 4191 1628 4260 φησὶ,
1679 4192 1954 4265 γέγονενή

377 4269 530 4339 φωνὴ
551 4269 734 4322 αὐτοῦ·
754 4271 1044 4342 λελάληκεν
1064 4275 1159 4346 ὅλῃ
1186 4280 1250 4347 τῇ
1274 4279 1599 4351 Συναγωγῇ,
1625 4285 1812 4353 τηρεῖν
1835 4284 1959 4338 ἐκέ-

2075 3111 2245 3164 ullum
2265 3124 2404 3177 opus
2436 3107 2477 3158 ".
2505 3125 2523 3157 ι
2564 3105 2752 3175 Neque
2800 3106 2870 3160 ab
2919 3107 3050 3170 alio,
3088 3106 3367 3175 inquiunt,
3410 3105 3526 3159 haec
3561 3121 3659 3160 au-

2073 3201 2314 3254 divimus
2344 3217 2357 3252 :
2391 3212 2577 3252 vocem
2623 3197 2890 3252 divinitus
2925 3197 3186 3252 emissam
3229 3197 3332 3265 ipsi
3362 3204 3545 3265 patres
3569 3210 3659 3249 au-

2073 3293 2384 3352 dierunt,et
2411 3296 2533 3356 post
2564 3287 2686 3339 illos
2720 3285 2898 3340 factus
2921 3293 3004 3339 est
3036 3286 3090 3338 in
3126 3285 3284 3339 nobis
3317 3283 3408 3338 Dei
3437 3299 3647 3339 sermo.

2073 3379 2174 3434 Hic
2205 3388 2388 3433 autem
2414 3378 2641 3447 quinam
2671 3376 2793 3429 est?
2817 3374 2966 3428 Talia
2997 3375 3281 3429 volventes
3315 3375 3500 3428 animo
3531 3389 3657 3426 cum

2071 3473 2330 3535 vidisset,
2394 3470 2589 3524 acerbe
2629 3469 2739 3523 illis
2793 3468 3062 3522 insaniam
3127 3466 3352 3535 objicit,
3413 3466 3655 3520 dicens:

2076 3580 2094 3613 ι
2135 3561 2321 3630 Neque
2348 3573 2533 3614 vocem
2587 3558 2706 3628 ejus
2744 3571 2984 3625 unquam
3022 3555 3276 3618 audistis,
3317 3570 3493 3624 neque
3530 3570 3657 3624 spe-

2067 3655 2205 3707 ciem
2232 3652 2350 3720 ejus
2375 3649 2592 3704 vidistis
2625 3665 2638 3701 :
2669 3655 2722 3702 et
2768 3646 3004 3700 Verbqu
3035 3646 3156 3714 ejus
3207 3659 3316 3698 non
3353 3643 3568 3698 habetis
3599 3643 3658 3697 in

2066 3745 2224 3800 vobis
2259 3756 2490 3797 manens
2525 3759 2538 3794 :
2576 3739 2704 3809 quia
2737 3754 2898 3809 quem
2935 3738 3083 3791 misit
3121 3738 3233 3799 ille,
3263 3737 3390 3790 huic
3414 3751 3511 3789 vos
3545 3750 3654 3789 non

2067 3835 2290 3890 creditis
2307 3835 2348 3887 ⁸.
2378 3853 2395 3886 ι
2433 3832 2562 3899 Qum
2583 3833 2728 3886 enim
2766 3846 2859 3899 per
2883 3831 2934 3884 id
2969 3829 3227 3898 temporis
3260 3828 3489 3898 ﬁgurate
3511 3826 3654 3880 facta

2068 3934 2216 3991 sunt,
2254 3934 2308 3981 et
2359 3941 2455 3995 per
2502 3939 2623 3992 qua:
2657 3921 2749 3976 Dei
2788 3922 2842 3974 in
2895 3928 3130 3974 montem
3174 3921 3306 3973 Sina
3353 3921 3655 3974 descensus

2067 4019 2200 4088 ipsis
2252 4016 2615 4079 l'ormabalur,
2678 4013 2754 4066 illi
2787 4012 3029 4064 omnium
3063 4026 3292 4079 prorsus
3328 4010 3506 4076 ignari
3551 4023 3655 4078 pro

2066 4109 2395 4179 imaginibus
2428 4121 2613 4160 rerum
2664 4104 2994 4172 spiritaiium
3033 4117 3140 4154 non
3201 4101 3513 4168 capiebant,
3557 4098 3654 4152 sed

2065 4211 2118 4258 et
2139 4200 2384 4270 corporis
2415 4199 2590 4253 oculis
2619 4196 2767 4251 cerni
2808 4211 2969 4271 posse
3014 4201 3263 4246 naturam
3303 4192 3546 4245 divinam
3587 4199 3643 4244 et

2065 4309 2198 4348 voce
2255 4304 2519 4359 corporea
2571 4289 2646 4341 uti
2682 4287 2787 4341 sibi
2819 4290 3224 4355 persuaserant.
3273 4282 3430 4347 Quod
3455 4288 3641 4335 autem

374 4359 537 4412 λευσε
589 4360 690 4429 τὴν
719 4361 934 4431 ἡμέραν
964 4364 1058 4416 106
1091 4367 1400 4429 Σαϐϐάτου,
1432 4370 1620 4438 σαφῶς
1658 4372 1962 4439 διαστείλας

2073 4399 2255 4438 verum
2293 4383 2363 4436 sit
2399 4380 2451 4433 id
2490 4377 2636 4447 quod
2677 4378 2742 4430 de
2768 4377 2902 4446 ipsis
2935 4392 2964 4428 a
3001 4373 3285 4427 Salvatore
3315 4373 3520 4426 dictum
3543 4380 3650 4438 est,

375 4451 474 4504 ὡδί
497 4468 512 4484 ο
545 4471 565 4505 ι
597 4453 883 4524 Μνὴσθητι
903 4455 1002 4524 τὴν
1029 4457 1241 4528 ἡμέραν
1266 4460 1374 4512 τῶν
1401 4462 1693 4516 Σαϐϐάτων
1712 4466 1960 4532 άγιάζειν

375 4544 565 4604 αὐτήν.
599 4545 694 4612 Ἓξ
733 4545 945 4616 ἡμέρας
1004 4549 1163 4618 ἐργᾷ,
1231 4551 1324 4602 καὶ
1379 4553 1626 4622 ποιήσεις
1673 4557 1849 4610 πάντα
1892 4559 1959 4611 τὰ

371 4636 512 4706 ἔργα
564 4653 696 4690 σου·
731 4641 796 4709 τῇ
839 4638 896 4691 δὲ
944 4640 1126 4711 ἡμέρᾳ
1168 4644 1232 4711 τῇ
1273 4644 1499 4715 ἑϐδόμῃ,
1537 4648 1789 4704 Σάϐϐατα
1828 4654 1958 4722 ἅγια

373 4727 565 4800 Κυρίῳ
601 4729 678 4800 τῷ
700 4730 818 4801 Θεῷ
844 4747 959 4785 σου.
999 4733 1074 4785 Οὐ
1107 4735 1350 4805 ποιήσεις
1387 4739 1444 4789 ἐν
1481 4740 1618 4813 αὐτῇ
1642 4745 1747 4795 πᾶν
1773 4744 1953 4816 ἔργον.

371 4819 481 4871 Καὶ
523 4820 622 4888 οὐχ
671 4822 885 4892 ἑτέρου,
929 4824 1085 4895 φησὶ,
1123 4823 1300 4881 ταῦτα
1335 4827 1584 4897 λέγοντος
1616 4835 1952 4907 ἠκούσαμεν,

371 4911 634 4981 αὐτήκοος
667 4909 734 4983 ἦν
760 4917 859 4986 τῆς
894 4916 1080 4969 θεόθεν
1116 4919 1356 4989 φωνῆςὴ
1385 4921 1493 4974 τῶν
1528 4927 1778 4998 πατέρων
1819 4931 1958 5001 πλη-

373 5001 491 5063 θὺς,
521 5003 617 5054 καὶ
652 5004 768 5072 μετ’
827 5006 1069 5071 ἐκείνους
1116 5009 1174 5062 ὲν
1227 5011 1357 5080 ἡμῖν
1390 5012 1418 5063 ὁ
1469 5015 1638 5084 Λόγος
1671 5019 1764 5073 τοῦ
1799 5021 1952 5075 Θεοῦ.

376 5092 475 5154 Τίς
499 5086 737 5183 δὲ-οὗτός
763 5097 906 5150 ἐστιν
928 5116 942 5164 ;
972 5099 1159 5153 Ταῦτα
1180 5101 1342 5154 πάλιν
1362 5104 1594 5177 ἐπείπερ
1626 5110 1962 5183 ἐνθυμουμέ-

374 5198 502 5244 νους
531 5181 813 5245 ἐθεάσατο,
839 5188 1050 5257 πικρῶς
1083 5189 1491 5258 ἁμαθαίνοντας
1539 5195 1831 5267 ἐξελέγχει,
1872 5181 1961 5254 λέ-

374 5287 522 5338 γωνο
556 5291 574 5321 ‹
618 5271 756 5324 Οὔτε
802 5276 983 5342 φωνῆς
1033 5278 1200 5331 αὑτοῦ
1249 5281 1470 5336 πώποτε
1524 5285 1820 5355 ἀκηκόατε,
1851 5290 1960 5344 οὔτ’

373 5359 511 5426 εἶδος
537 5363 706 5418 αὑτοῦ
732 5364 1034 5434 ἑωράκατε,
1053 5370 1144 5421 καὶ
1162 5371 1249 5422 τὸν
1272 5373 1445 5440 Λόγον
1470 5377 1634 5430 αὐτοῦ
1666 5380 1765 5432 οὐκ
1808 5381 1961 5452 ἔχετε

374 5454 584 5524 ένύμῖν
619 5455 871 5522 μένοντα,
916 5455 996 5508 ὅτι
1042 5458 1098 5508 ὃν
1152 5462 1469 5515 ἀπέστειλεν
1507 5469 1728 5535 ἐκεῖνος,
1775 5473 1948 5544 τούτῳ

452 5624 469 5655 ⁸
507 5631 674 5682 haud.
719 5648 805 5694 xx,
848 5634 896 5683 8.
979 5634 997 5660 “
1038 5631 1192 5688 Joun.
1232 5655 1278 5701 γ,
1318 5639 1402 5705 ὖἾ,
1445 5641 1528 5696 33.

2066 4483 2121 4530 et
2156 4473 2303 4544 quod
2334 4487 2510 4541 neque
2545 4470 2637 4525 Dei
2664 4485 2729 4523 ac
2768 4467 2949 4523 Patris
2974 4482 3159 4521 vocem
3197 4480 3439 4535 unquam
3468 4463 3651 4517 audie-

2064 4569 2197 4629 rint,
2249 4580 2426 4636 neque
2480 4563 2618 4616 adeo
2661 4560 2946 4631 corporeis
3003 4558 3180 4612 oculis
3235 4557 3472 4627 speciem
3529 4556 3650 4622 ejus

2064 4659 2360 4730 quisquam
2413 4656 2635 4718 viderit,
2697 4654 2801 4706 hoc
2837 4661 2922 4706 est
2969 4651 3139 4704 ullum
3171 4649 3220 4704 ei
3249 4647 3399 4702 omni
3436 4648 3652 4701 ratione

2066 4751 2329 4815 similem,
2358 4764 2538 4818 Operae
2571 4747 2808 4816 pretium
2835 4745 2975 4799 duco
2997 4743 3062 4796 ad
3095 4741 3406 4812 spiritalem
3433 4740 3650 4808 indaga-

2060 4844 2262 4894 tionem
2291 4855 2352 4895 ea
2373 4856 2492 4910 qum
2516 4842 2566 4891 in
2606 4837 2790 4891 Exodo
2813 4837 3016 4904 scripta
3057 4842 3187 4889 sunt
3216 4833 3481 4904 proferre.
3509 4832 3650 4887 Sunt

2065 4939 2242 4984 autem
2277 4932 2590 4986 istiusmodi
2624 4950 2634 4984 :
2677 4950 2693 4982 ι
2743 4929 2808 4983 Et
2841 4927 3032 4982 eduxit
3063 4925 3278 4998 Moyses
3309 4927 3567 4997 populum
3593 4925 3647 4978 in

2063 5039 2356 5078 occursum
2419 5021 2511 5076 Dei
2568 5040 2598 5076 e
2645 5021 2844 5077 castris
2877 5029 2969 5074 :et
2999 5022 3296 5074 astiterunt
3326 5020 3430 5074 sub
3464 5023 3648 5071 monte

2064 5113 2213 5168 Sina.
2249 5114 2404 5170 Mons
2435 5123 2614 5167 autem
2646 5113 2774 5168 Sina
2813 5113 3059 5167 fumabat
3095 5119 3266 5173 totus,
3295 5125 3361 5164 eo
3383 5107 3528 5176 quod
3553 5107 3648 5158 de-

2061 5206 2350 5261 scenderat
2379 5207 2540 5275 257
2566 5221 2729 5274 super
2761 5221 2885 5257 eum
2926 5204 3065 5257 Deus
3097 5204 3146 5257 in
3183 5204 3326 5270 igne.
3358 5199 3420 5248 Et
3450 5210 3652 5250 ascen-

2064 5299 2221 5352 debat
2252 5299 2455 5361 fumus,
2483 5307 2740 5366 tanquam
2768 5298 2952 5351 l'umus
2974 5293 3236 5349 fornacis.
3264 5290 3329 5342 Et
3355 5284 3644 5352 obstupuit

2062 5391 2241 5443 omnis
2273 5389 2506 5458 populus
2537 5388 2711 5442 valde.
2731 5386 2910 5439 Factae
2938 5394 3066 5439 sunt
3096 5391 3276 5434 autem
3303 5390 3467 5428 voces
3499 5372 3643 5426 tuba!

2060 5481 2448 5549 praecedentes,
2473 5481 2639 5534 fortes
2668 5479 2839 5532 valde.
2866 5476 3076 5542 Moyses
3103 5466 3429 5536 IO‘l‘Wbi‘l‘"
3464 5463 3640 5517 ευθυδ
