  <div class='ocr_page' id='page_1' title='image "/cluster/home/n/w/nwhite01/storage/ocr_20150623/73/mdp.39015078384479/215.png"; bbox 0 0 4078 6262; ppageno 0'>
   <div class='ocr_carea' id='block_1_1' title="bbox 485 276 594 332">
    <p class='ocr_par' dir='ltr' id='par_1_1' title="bbox 485 276 594 332">
     <span class='ocr_line' id='line_1_1' title="bbox 485 276 594 332; baseline -0.046 0"><span class='ocrx_word' id='word_1_1' title='bbox 485 276 594 332; x_wconf 74' lang='grc'>415</span> 
     </span>
    </p>
   </div>
   <div class='ocr_carea' id='block_1_2' title="bbox 1443 273 2683 334">
    <p class='ocr_par' dir='ltr' id='par_1_2' title="bbox 1443 273 2683 334">
     <span class='ocr_line' id='line_1_2' title="bbox 1443 273 2683 334; baseline -0.003 -3"><span class='ocrx_word' id='word_1_2' title='bbox 1443 276 1501 332; x_wconf 84' lang='lat' dir='ltr'><strong>S.</strong></span> <span class='ocrx_word' id='word_1_3' title='bbox 1541 276 1818 334; x_wconf 80' lang='lat' dir='ltr'>CYRILLI</span> <span class='ocrx_word' id='word_1_4' title='bbox 1856 274 2323 332; x_wconf 77' lang='lat' dir='ltr'>ALEXANDRINI</span> <span class='ocrx_word' id='word_1_5' title='bbox 2360 273 2683 332; x_wconf 77' lang='lat' dir='ltr'>ARCHIEP.</span> 
     </span>
    </p>
   </div>
   <div class='ocr_carea' id='block_1_3' title="bbox 3619 270 3726 327">
    <p class='ocr_par' dir='ltr' id='par_1_3' title="bbox 3619 270 3726 327">
     <span class='ocr_line' id='line_1_3' title="bbox 3619 270 3726 327; baseline -0.019 -1"><span class='ocrx_word' id='word_1_6' title='bbox 3619 270 3726 327; x_wconf 72' lang='lat' dir='ltr'><strong><em>U6</em></strong></span> 
     </span>
    </p>
   </div>
   <div class='ocr_carea' id='block_1_4' title="bbox 482 383 2044 461">
    <p class='ocr_par' dir='ltr' id='par_1_4' title="bbox 482 387 2044 461">
     <span class='ocr_line' id='line_1_4' title="bbox 482 387 2044 461; baseline 0.001 -17"><span class='ocrx_word' id='word_1_7' title='bbox 482 398 662 444; x_wconf 85' lang='lat' dir='ltr'><strong>autem</strong></span> <span class='ocrx_word' id='word_1_8' title='bbox 695 388 1062 460; x_wconf 72' lang='lat' dir='ltr'>respondebat</span> <span class='ocrx_word' id='word_1_9' title='bbox 1093 387 1140 444; x_wconf 89' lang='lat' dir='ltr'>ei</span> <span class='ocrx_word' id='word_1_10' title='bbox 1162 388 1384 444; x_wconf 62' lang='lat' dir='ltr'><strong>voce’.»</strong></span> <span class='ocrx_word' id='word_1_11' title='bbox 1413 388 1479 442; x_wconf 89' lang='lat' dir='ltr'><strong>Et</strong></span> <span class='ocrx_word' id='word_1_12' title='bbox 1507 389 2044 461; x_wconf 85' lang='lat' dir='ltr'><strong>istiusmodiquidem</strong></span> 
     </span>
    </p>
   </div>
   <div class='ocr_carea' id='block_1_5' title="bbox 2144 383 3727 461">
    <p class='ocr_par' dir='ltr' id='par_1_5' title="bbox 2157 383 3727 458">
     <span class='ocr_line' id='line_1_5' title="bbox 2157 383 3727 458; baseline -0.003 -15"><span class='ocrx_word' id='word_1_13' title='bbox 2157 390 2314 458; x_wconf 80' lang='grc' dir='ltr'>ὑμεῖς</span> <span class='ocrx_word' id='word_1_14' title='bbox 2340 389 2404 443; x_wconf 83' lang='grc' dir='ltr'>ού</span> <span class='ocrx_word' id='word_1_15' title='bbox 2433 405 2740 444; x_wconf 79' lang='grc' dir='ltr'>πιστεύετε.</span> <span class='ocrx_word' id='word_1_16' title='bbox 2782 405 2801 440; x_wconf 69' lang='grc' dir='ltr'>ι</span> <span class='ocrx_word' id='word_1_17' title='bbox 2833 385 2912 441; x_wconf 73' lang='lat' dir='ltr'><strong>Tu</strong></span> <span class='ocrx_word' id='word_1_18' title='bbox 2938 385 3046 456; x_wconf 82' lang='grc' dir='ltr'>γὰρ</span> <span class='ocrx_word' id='word_1_19' title='bbox 3060 386 3117 439; x_wconf 72' lang='grc' dir='ltr'>ἑν</span> <span class='ocrx_word' id='word_1_20' title='bbox 3134 384 3291 456; x_wconf 84' lang='grc' dir='ltr'>τύπῳ</span> <span class='ocrx_word' id='word_1_21' title='bbox 3318 383 3578 454; x_wconf 80' lang='grc' dir='ltr'>γεγονότα</span> <span class='ocrx_word' id='word_1_22' title='bbox 3602 388 3727 439; x_wconf 82' lang='grc' dir='ltr'>κατ’</span> 
     </span>
    </p>
   </div>
   <div class='ocr_carea' id='block_1_6' title="bbox 479 479 2048 550">
    <p class='ocr_par' dir='ltr' id='par_1_6' title="bbox 479 479 2048 550">
     <span class='ocr_line' id='line_1_6' title="bbox 479 479 2048 550; baseline 0.001 -16"><span class='ocrx_word' id='word_1_23' title='bbox 479 489 565 534; x_wconf 87' lang='lat' dir='ltr'>est</span> <span class='ocrx_word' id='word_1_24' title='bbox 584 480 972 546; x_wconf 75' lang='lat' dir='ltr'>sapientissimi</span> <span class='ocrx_word' id='word_1_25' title='bbox 985 479 1182 549; x_wconf 82' lang='lat' dir='ltr'><strong>Moysis</strong></span> <span class='ocrx_word' id='word_1_26' title='bbox 1200 479 1506 535; x_wconf 84' lang='lat' dir='ltr'>oraculum.</span> <span class='ocrx_word' id='word_1_27' title='bbox 1524 481 1632 537; x_wconf 87' lang='lat' dir='ltr'><strong>Sed</strong></span> <span class='ocrx_word' id='word_1_28' title='bbox 1650 495 1817 547; x_wconf 91' lang='lat' dir='ltr'><strong>nunc,</strong></span> <span class='ocrx_word' id='word_1_29' title='bbox 1832 482 2048 550; x_wconf 80' lang='lat' dir='ltr'><strong>Opinor,</strong></span> 
     </span>
    </p>
   </div>
   <div class='ocr_carea' id='block_1_7' title="bbox 479 566 2051 638">
    <p class='ocr_par' dir='ltr' id='par_1_7' title="bbox 479 566 2051 638">
     <span class='ocr_line' id='line_1_7' title="bbox 479 566 2051 638; baseline 0.001 -15"><span class='ocrx_word' id='word_1_30' title='bbox 479 568 876 624; x_wconf 86' lang='lat' dir='ltr'><strong>ostendendum</strong></span> <span class='ocrx_word' id='word_1_31' title='bbox 903 569 1061 622; x_wconf 92' lang='lat' dir='ltr'><strong>nobis</strong></span> <span class='ocrx_word' id='word_1_32' title='bbox 1079 575 1162 622; x_wconf 87' lang='lat' dir='ltr'>est</span> <span class='ocrx_word' id='word_1_33' title='bbox 1180 566 1397 623; x_wconf 67' lang='lat' dir='ltr'><strong>Judteos</strong></span> <span class='ocrx_word' id='word_1_34' title='bbox 1426 569 1481 622; x_wconf 93' lang='lat' dir='ltr'>in</span> <span class='ocrx_word' id='word_1_35' title='bbox 1508 569 1823 638; x_wconf 80' lang='lat' dir='ltr'><strong>Opinionem</strong></span> <span class='ocrx_word' id='word_1_36' title='bbox 1848 571 1916 625; x_wconf 89' lang='lat' dir='ltr'>de</span> <span class='ocrx_word' id='word_1_37' title='bbox 1943 569 2051 625; x_wconf 93' lang='lat' dir='ltr'><strong>Deo</strong></span> 
     </span>
    </p>
   </div>
   <div class='ocr_carea' id='block_1_8' title="bbox 479 657 2052 732">
    <p class='ocr_par' dir='ltr' id='par_1_8' title="bbox 479 657 2052 732">
     <span class='ocr_line' id='line_1_8' title="bbox 479 657 2052 732; baseline 0.004 -22"><span class='ocrx_word' id='word_1_38' title='bbox 479 659 637 712; x_wconf 82' lang='lat' dir='ltr'><strong>valde</strong></span> <span class='ocrx_word' id='word_1_39' title='bbox 659 657 944 712; x_wconf 85' lang='lat' dir='ltr'><strong>ridiculam</strong></span> <span class='ocrx_word' id='word_1_40' title='bbox 1007 673 1128 713; x_wconf 90' lang='lat' dir='ltr'><strong>esse</strong></span> <span class='ocrx_word' id='word_1_41' title='bbox 1176 657 1451 728; x_wconf 82' lang='lat' dir='ltr'><strong>delapsos,</strong></span> <span class='ocrx_word' id='word_1_42' title='bbox 1507 661 1600 730; x_wconf 90' lang='lat' dir='ltr'>qui</span> <span class='ocrx_word' id='word_1_43' title='bbox 1650 663 1897 732; x_wconf 85' lang='lat' dir='ltr'><strong>putarint</strong></span> <span class='ocrx_word' id='word_1_44' title='bbox 1927 678 2052 717; x_wconf 89' lang='lat' dir='ltr'>cum</span> 
     </span>
    </p>
   </div>
   <div class='ocr_carea' id='block_1_9' title="bbox 477 747 2045 822">
    <p class='ocr_par' dir='ltr' id='par_1_9' title="bbox 477 747 2045 822">
     <span class='ocr_line' id='line_1_9' title="bbox 477 747 2045 822; baseline 0.004 -20"><span class='ocrx_word' id='word_1_45' title='bbox 477 749 600 818; x_wconf 86' lang='lat' dir='ltr'><strong>ejus</strong></span> <span class='ocrx_word' id='word_1_46' title='bbox 647 749 887 818; x_wconf 87' lang='lat' dir='ltr'><strong>speciem</strong></span> <span class='ocrx_word' id='word_1_47' title='bbox 951 763 1010 803; x_wconf 93' lang='lat' dir='ltr'>se</span> <span class='ocrx_word' id='word_1_48' title='bbox 1048 747 1273 812; x_wconf 82' lang='lat' dir='ltr'><strong>vidisse,</strong></span> <span class='ocrx_word' id='word_1_49' title='bbox 1333 757 1446 802; x_wconf 91' lang='lat' dir='ltr'>tum</span> <span class='ocrx_word' id='word_1_50' title='bbox 1478 765 1668 806; x_wconf 91' lang='lat' dir='ltr'><strong>vocem</strong></span> <span class='ocrx_word' id='word_1_51' title='bbox 1710 768 1818 822; x_wconf 91' lang='lat' dir='ltr'>qua</span> <span class='ocrx_word' id='word_1_52' title='bbox 1849 761 2045 808; x_wconf 88' lang='lat' dir='ltr'><strong>natura</strong></span> 
     </span>
    </p>
   </div>
   <div class='ocr_carea' id='block_1_10' title="bbox 477 840 2049 913">
    <p class='ocr_par' dir='ltr' id='par_1_10' title="bbox 477 840 2049 913">
     <span class='ocr_line' id='line_1_10' title="bbox 477 840 2049 913; baseline 0.003 -18"><span class='ocrx_word' id='word_1_53' title='bbox 477 841 661 896; x_wconf 87' lang='lat' dir='ltr'><strong>divina</strong></span> <span class='ocrx_word' id='word_1_54' title='bbox 701 840 928 910; x_wconf 69' lang='lat' dir='ltr'><strong>praedita</strong></span> <span class='ocrx_word' id='word_1_55' title='bbox 953 842 1024 896; x_wconf 91' lang='lat' dir='ltr'><strong>sit</strong></span> <span class='ocrx_word' id='word_1_56' title='bbox 1052 857 1110 896; x_wconf 91' lang='lat' dir='ltr'>re</span> <span class='ocrx_word' id='word_1_57' title='bbox 1141 857 1265 896; x_wconf 87' lang='lat' dir='ltr'><strong>vera</strong></span> <span class='ocrx_word' id='word_1_58' title='bbox 1292 842 1531 899; x_wconf 87' lang='lat' dir='ltr'><strong>audisse.</strong></span> <span class='ocrx_word' id='word_1_59' title='bbox 1564 843 1673 913; x_wconf 84' lang='lat' dir='ltr'>Age</span> <span class='ocrx_word' id='word_1_60' title='bbox 1703 845 1906 910; x_wconf 89' lang='lat' dir='ltr'><strong>itaque,</strong></span> <span class='ocrx_word' id='word_1_61' title='bbox 1928 845 2049 899; x_wconf 89' lang='lat' dir='ltr'><strong>Sal-</strong></span> 
     </span>
    </p>
   </div>
   <div class='ocr_carea' id='block_1_11' title="bbox 475 931 2048 1003">
    <p class='ocr_par' dir='ltr' id='par_1_11' title="bbox 475 931 2048 1003">
     <span class='ocr_line' id='line_1_11' title="bbox 475 931 2048 1003; baseline 0.002 -18"><span class='ocrx_word' id='word_1_62' title='bbox 475 931 683 985; x_wconf 85' lang='lat' dir='ltr'><strong>vatoris</strong></span> <span class='ocrx_word' id='word_1_63' title='bbox 723 931 894 1000; x_wconf 89' lang='lat' dir='ltr'><strong>gratia</strong></span> <span class='ocrx_word' id='word_1_64' title='bbox 918 938 971 985; x_wconf 92' lang='lat' dir='ltr'>et</span> <span class='ocrx_word' id='word_1_65' title='bbox 1009 932 1345 1001; x_wconf 80' lang='lat' dir='ltr'><strong>benignitate</strong></span> <span class='ocrx_word' id='word_1_66' title='bbox 1383 933 1598 995; x_wconf 89' lang='lat' dir='ltr'><strong>conlisi,</strong></span> <span class='ocrx_word' id='word_1_67' title='bbox 1637 934 1834 988; x_wconf 61' lang='lat' dir='ltr'><strong>litterae</strong></span> <span class='ocrx_word' id='word_1_68' title='bbox 1859 935 2048 1003; x_wconf 78' lang='lat' dir='ltr'><strong>legalis</strong></span> 
     </span>
    </p>
   </div>
   <div class='ocr_carea' id='block_1_12' title="bbox 476 1022 2048 1091">
    <p class='ocr_par' dir='ltr' id='par_1_12' title="bbox 476 1022 2048 1091">
     <span class='ocr_line' id='line_1_12' title="bbox 476 1022 2048 1091; baseline 0.003 -16"><span class='ocrx_word' id='word_1_69' title='bbox 476 1022 780 1075; x_wconf 89' lang='lat' dir='ltr'><strong>crassitiem</strong></span> <span class='ocrx_word' id='word_1_70' title='bbox 808 1022 876 1076; x_wconf 86' lang='lat' dir='ltr'>ad</span> <span class='ocrx_word' id='word_1_71' title='bbox 921 1022 1221 1091; x_wconf 84' lang='lat' dir='ltr'><strong>spiritalem</strong></span> <span class='ocrx_word' id='word_1_72' title='bbox 1251 1023 1767 1091; x_wconf 86' lang='lat' dir='ltr'><strong>contemplationem</strong></span> <span class='ocrx_word' id='word_1_73' title='bbox 1795 1023 2048 1080; x_wconf 88' lang='lat' dir='ltr'><strong>subtilius</strong></span> 
     </span>
    </p>
   </div>
   <div class='ocr_carea' id='block_1_13' title="bbox 475 1113 2049 1184">
    <p class='ocr_par' dir='ltr' id='par_1_13' title="bbox 475 1113 2049 1184">
     <span class='ocr_line' id='line_1_13' title="bbox 475 1113 2049 1184; baseline 0.002 -18"><span class='ocrx_word' id='word_1_74' title='bbox 475 1114 896 1168; x_wconf 78' lang='lat' dir='ltr'><strong>transferamus.</strong></span> <span class='ocrx_word' id='word_1_75' title='bbox 962 1113 1052 1166; x_wconf 85' lang='lat' dir='ltr'>Sic</span> <span class='ocrx_word' id='word_1_76' title='bbox 1088 1114 1232 1168; x_wconf 89' lang='lat' dir='ltr'><strong>enim</strong></span> <span class='ocrx_word' id='word_1_77' title='bbox 1279 1114 1564 1182; x_wconf 86' lang='lat' dir='ltr'><strong>apparebit</strong></span> <span class='ocrx_word' id='word_1_78' title='bbox 1605 1130 1822 1184; x_wconf 89' lang='lat' dir='ltr'><strong>quoque</strong></span> <span class='ocrx_word' id='word_1_79' title='bbox 1858 1130 2049 1170; x_wconf 89' lang='lat' dir='ltr'><strong>verum</strong></span> 
     </span>
    </p>
   </div>
   <div class='ocr_carea' id='block_1_14' title="bbox 474 1205 2045 1274">
    <p class='ocr_par' dir='ltr' id='par_1_14' title="bbox 474 1205 2045 1274">
     <span class='ocr_line' id='line_1_14' title="bbox 474 1205 2045 1274; baseline 0.003 -17"><span class='ocrx_word' id='word_1_80' title='bbox 474 1205 608 1257; x_wconf 87' lang='lat' dir='ltr'><strong>illud</strong></span> <span class='ocrx_word' id='word_1_81' title='bbox 638 1221 760 1260; x_wconf 86' lang='lat' dir='ltr'><strong>esse</strong></span> <span class='ocrx_word' id='word_1_82' title='bbox 805 1205 950 1274; x_wconf 89' lang='lat' dir='ltr'><strong>quod</strong></span> <span class='ocrx_word' id='word_1_83' title='bbox 989 1205 1056 1258; x_wconf 90' lang='lat' dir='ltr'>ad</span> <span class='ocrx_word' id='word_1_84' title='bbox 1088 1205 1392 1260; x_wconf 73' lang='lat' dir='ltr'><strong>Phariszeos</strong></span> <span class='ocrx_word' id='word_1_85' title='bbox 1420 1205 1487 1259; x_wconf 89' lang='lat' dir='ltr'>de</span> <span class='ocrx_word' id='word_1_86' title='bbox 1526 1205 1637 1260; x_wconf 81' lang='lat' dir='ltr'><strong>Deo</strong></span> <span class='ocrx_word' id='word_1_87' title='bbox 1672 1207 1876 1260; x_wconf 88' lang='lat' dir='ltr'><strong>dictum</strong></span> <span class='ocrx_word' id='word_1_88' title='bbox 1915 1214 1998 1261; x_wconf 90' lang='lat' dir='ltr'>est</span> <span class='ocrx_word' id='word_1_89' title='bbox 2031 1223 2045 1260; x_wconf 92' lang='lat'><strong>:</strong></span> 
     </span>
    </p>
   </div>
   <div class='ocr_carea' id='block_1_15' title="bbox 480 1291 2050 1364">
    <p class='ocr_par' dir='ltr' id='par_1_15' title="bbox 480 1291 2050 1364">
     <span class='ocr_line' id='line_1_15' title="bbox 480 1291 2050 1364; baseline 0.003 -19"><span class='ocrx_word' id='word_1_90' title='bbox 480 1311 500 1345; x_wconf 80' lang='grc' dir='ltr'>ι</span> <span class='ocrx_word' id='word_1_91' title='bbox 537 1291 742 1362; x_wconf 84' lang='lat' dir='ltr'><strong>Neque.</strong></span> <span class='ocrx_word' id='word_1_92' title='bbox 775 1309 964 1348; x_wconf 87' lang='lat' dir='ltr'><strong>vocem</strong></span> <span class='ocrx_word' id='word_1_93' title='bbox 1005 1294 1124 1363; x_wconf 85' lang='lat' dir='ltr'><strong>ejus</strong></span> <span class='ocrx_word' id='word_1_94' title='bbox 1161 1308 1400 1364; x_wconf 85' lang='lat' dir='ltr'><strong>unquam</strong></span> <span class='ocrx_word' id='word_1_95' title='bbox 1442 1294 1698 1360; x_wconf 86' lang='lat' dir='ltr'><strong>audistis,</strong></span> <span class='ocrx_word' id='word_1_96' title='bbox 1724 1310 1902 1363; x_wconf 90' lang='lat' dir='ltr'><strong>neque</strong></span> <span class='ocrx_word' id='word_1_97' title='bbox 1928 1311 2050 1364; x_wconf 88' lang='lat' dir='ltr'><strong>spe-</strong></span> 
     </span>
    </p>
   </div>
   <div class='ocr_carea' id='block_1_16' title="bbox 474 1383 1084 1453">
    <p class='ocr_par' dir='ltr' id='par_1_16' title="bbox 474 1383 1084 1453">
     <span class='ocr_line' id='line_1_16' title="bbox 474 1383 1084 1453; baseline -0.003 -16"><span class='ocrx_word' id='word_1_98' title='bbox 474 1383 612 1438; x_wconf 88' lang='lat' dir='ltr'><strong>ciem</strong></span> <span class='ocrx_word' id='word_1_99' title='bbox 643 1384 762 1453; x_wconf 89' lang='lat' dir='ltr'><strong>ejus</strong></span> <span class='ocrx_word' id='word_1_100' title='bbox 787 1384 1020 1440; x_wconf 85' lang='lat' dir='ltr'><strong>vidistis.</strong></span> <span class='ocrx_word' id='word_1_101' title='bbox 1064 1403 1084 1435; x_wconf 71' lang='grc' dir='ltr'>ι</span> 
     </span>
    </p>
   </div>
   <div class='ocr_carea' id='block_1_17' title="bbox 2151 474 3732 550">
    <p class='ocr_par' dir='ltr' id='par_1_17' title="bbox 2151 474 3732 550">
     <span class='ocr_line' id='line_1_17' title="bbox 2151 474 3732 550; baseline -0.004 -16"><span class='ocrx_word' id='word_1_102' title='bbox 2151 482 2327 534; x_wconf 73' lang='grc' dir='ltr'>ἐκεῖνο</span> <span class='ocrx_word' id='word_1_103' title='bbox 2364 479 2459 534; x_wconf 90' lang='grc' dir='ltr'>τοῦ</span> <span class='ocrx_word' id='word_1_104' title='bbox 2517 480 2734 550; x_wconf 84' lang='grc' dir='ltr'>καιροῦ,</span> <span class='ocrx_word' id='word_1_105' title='bbox 2769 479 2863 533; x_wconf 87' lang='lat' dir='ltr'>xui</span> <span class='ocrx_word' id='word_1_106' title='bbox 2905 478 2972 532; x_wconf 81' lang='grc' dir='ltr'>δι’</span> <span class='ocrx_word' id='word_1_107' title='bbox 3014 474 3089 531; x_wconf 82' lang='grc' dir='ltr'>ὦν</span> <span class='ocrx_word' id='word_1_108' title='bbox 3118 478 3300 540; x_wconf 82' lang='grc' dir='ltr'>αὐτοῖς</span> <span class='ocrx_word' id='word_1_109' title='bbox 3332 479 3365 546; x_wconf 84' lang='grc' dir='ltr'>ἡ</span> <span class='ocrx_word' id='word_1_110' title='bbox 3401 476 3494 529; x_wconf 79' lang='grc' dir='ltr'>ἐπὶ</span> <span class='ocrx_word' id='word_1_111' title='bbox 3517 474 3579 530; x_wconf 88' lang='grc' dir='ltr'>τὸ</span> <span class='ocrx_word' id='word_1_112' title='bbox 3607 475 3732 547; x_wconf 74' lang='grc' dir='ltr'>ὖρος</span> 
     </span>
    </p>
   </div>
   <div class='ocr_carea' id='block_1_18' title="bbox 2149 566 3731 641">
    <p class='ocr_par' dir='ltr' id='par_1_18' title="bbox 2149 566 3731 641">
     <span class='ocr_line' id='line_1_18' title="bbox 2149 566 3731 641; baseline -0.003 -16"><span class='ocrx_word' id='word_1_113' title='bbox 2149 573 2212 624; x_wconf 90' lang='grc' dir='ltr'>τὸ</span> <span class='ocrx_word' id='word_1_114' title='bbox 2246 573 2378 625; x_wconf 85' lang='grc' dir='ltr'>Σινᾶ</span> <span class='ocrx_word' id='word_1_115' title='bbox 2405 571 2630 634; x_wconf 84' lang='grc' dir='ltr'>κάθοδος</span> <span class='ocrx_word' id='word_1_116' title='bbox 2671 572 2804 640; x_wconf 81' lang='grc' dir='ltr'>ὲσχη</span> <span class='ocrx_word' id='word_1_117' title='bbox 2814 566 3068 641; x_wconf 77' lang='grc' dir='ltr'>ματίζετο</span> <span class='ocrx_word' id='word_1_118' title='bbox 3083 567 3178 622; x_wconf 91' lang='grc' dir='ltr'>τοῦ</span> <span class='ocrx_word' id='word_1_119' title='bbox 3199 567 3358 633; x_wconf 92' lang='grc' dir='ltr'>Θεοῦ,</span> <span class='ocrx_word' id='word_1_120' title='bbox 3378 568 3548 621; x_wconf 88' lang='grc' dir='ltr'>ταῦτα</span> <span class='ocrx_word' id='word_1_121' title='bbox 3570 566 3731 621; x_wconf 88' lang='grc' dir='ltr'>πάλιν</span> 
     </span>
    </p>
   </div>
   <div class='ocr_carea' id='block_1_19' title="bbox 2153 656 3734 730">
    <p class='ocr_par' dir='ltr' id='par_1_19' title="bbox 2153 656 3734 730">
     <span class='ocr_line' id='line_1_19' title="bbox 2153 656 3734 730; baseline -0.004 -14"><span class='ocrx_word' id='word_1_122' title='bbox 2153 663 2354 726; x_wconf 82' lang='grc' dir='ltr'>εἰδότες</span> <span class='ocrx_word' id='word_1_123' title='bbox 2386 662 2557 726; x_wconf 81' lang='grc' dir='ltr'>οὐδὲν,</span> <span class='ocrx_word' id='word_1_124' title='bbox 2601 661 2703 714; x_wconf 85' lang='grc' dir='ltr'>οὑκ</span> <span class='ocrx_word' id='word_1_125' title='bbox 2735 663 2817 724; x_wconf 84' lang='grc' dir='ltr'>εἰς</span> <span class='ocrx_word' id='word_1_126' title='bbox 2855 660 3070 723; x_wconf 81' lang='grc' dir='ltr'>εἰκόνας</span> <span class='ocrx_word' id='word_1_127' title='bbox 3109 659 3453 730; x_wconf 81' lang='grc' dir='ltr'>πραγμάτων</span> <span class='ocrx_word' id='word_1_128' title='bbox 3491 656 3734 727; x_wconf 75' lang='grc' dir='ltr'>ἐδέχοντο</span> 
     </span>
    </p>
   </div>
   <div class='ocr_carea' id='block_1_20' title="bbox 2153 746 3736 822">
    <p class='ocr_par' dir='ltr' id='par_1_20' title="bbox 2153 746 3736 822">
     <span class='ocr_line' id='line_1_20' title="bbox 2153 746 3736 822; baseline -0.004 -16"><span class='ocrx_word' id='word_1_129' title='bbox 2153 754 2378 822; x_wconf 83' lang='grc' dir='ltr'>νοητῶν,</span> <span class='ocrx_word' id='word_1_130' title='bbox 2414 752 2525 805; x_wconf 87' lang='grc' dir='ltr'>ἀλλ’</span> <span class='ocrx_word' id='word_1_131' title='bbox 2549 752 2701 814; x_wconf 83' lang='grc' dir='ltr'>ὄντες</span> <span class='ocrx_word' id='word_1_132' title='bbox 2741 750 2840 822; x_wconf 87' lang='grc' dir='ltr'>[αἰ.</span> <span class='ocrx_word' id='word_1_133' title='bbox 2875 749 3065 818; x_wconf 74' lang='grc' dir='ltr'>ὅντως]</span> <span class='ocrx_word' id='word_1_134' title='bbox 3102 751 3331 811; x_wconf 73' lang='grc' dir='ltr'>καὶτοῖς</span> <span class='ocrx_word' id='word_1_135' title='bbox 3352 748 3448 800; x_wconf 88' lang='grc' dir='ltr'>τοῦ</span> <span class='ocrx_word' id='word_1_136' title='bbox 3482 746 3736 816; x_wconf 83' lang='grc' dir='ltr'>σώματος</span> 
     </span>
    </p>
   </div>
   <div class='ocr_carea' id='block_1_21' title="bbox 2155 837 3734 914">
    <p class='ocr_par' dir='ltr' id='par_1_21' title="bbox 2155 837 3734 914">
     <span class='ocr_line' id='line_1_21' title="bbox 2155 837 3734 914; baseline -0.006 -17"><span class='ocrx_word' id='word_1_137' title='bbox 2155 843 2453 914; x_wconf 84' lang='grc' dir='ltr'>ὀφθαλμοῖς</span> <span class='ocrx_word' id='word_1_138' title='bbox 2507 843 2708 914; x_wconf 83' lang='grc' dir='ltr'>ὁρατὴν</span> <span class='ocrx_word' id='word_1_139' title='bbox 2757 837 2895 895; x_wconf 76' lang='grc' dir='ltr'>εἶναι</span> <span class='ocrx_word' id='word_1_140' title='bbox 2943 840 3200 894; x_wconf 87' lang='grc' dir='ltr'>δύνασθαι</span> <span class='ocrx_word' id='word_1_141' title='bbox 3248 839 3348 910; x_wconf 83' lang='grc' dir='ltr'>τὴν</span> <span class='ocrx_word' id='word_1_142' title='bbox 3392 838 3543 891; x_wconf 89' lang='grc' dir='ltr'>θείαν</span> <span class='ocrx_word' id='word_1_143' title='bbox 3566 837 3734 906; x_wconf 77' lang='grc' dir='ltr'>ᾤοντο</span> 
     </span>
    </p>
   </div>
   <div class='ocr_carea' id='block_1_22' title="bbox 2157 928 3735 1003">
    <p class='ocr_par' dir='ltr' id='par_1_22' title="bbox 2157 928 3735 1003">
     <span class='ocr_line' id='line_1_22' title="bbox 2157 928 3735 1003; baseline -0.004 -17"><span class='ocrx_word' id='word_1_144' title='bbox 2157 933 2338 1002; x_wconf 81' lang='grc' dir='ltr'>φύσιν,</span> <span class='ocrx_word' id='word_1_145' title='bbox 2371 934 2466 985; x_wconf 88' lang='lat' dir='ltr'>xui</span> <span class='ocrx_word' id='word_1_146' title='bbox 2500 936 2650 1003; x_wconf 83' lang='grc' dir='ltr'>φωνῇ</span> <span class='ocrx_word' id='word_1_147' title='bbox 2690 934 2976 1002; x_wconf 81' lang='grc' dir='ltr'>σωματικῇ</span> <span class='ocrx_word' id='word_1_148' title='bbox 3017 931 3316 1001; x_wconf 85' lang='grc' dir='ltr'>κεχρῆσθαι</span> <span class='ocrx_word' id='word_1_149' title='bbox 3345 928 3735 982; x_wconf 84' lang='grc' dir='ltr'>πεπιστεύκει-</span> 
     </span>
    </p>
   </div>
   <div class='ocr_carea' id='block_1_23' title="bbox 2158 1019 3737 1094">
    <p class='ocr_par' dir='ltr' id='par_1_23' title="bbox 2158 1019 3737 1094">
     <span class='ocr_line' id='line_1_23' title="bbox 2158 1019 3737 1094; baseline -0.005 -16"><span class='ocrx_word' id='word_1_150' title='bbox 2158 1041 2278 1079; x_wconf 89' lang='grc' dir='ltr'>σαν.</span> <span class='ocrx_word' id='word_1_151' title='bbox 2325 1026 2444 1076; x_wconf 80' lang='grc' dir='ltr'>Ὅτι</span> <span class='ocrx_word' id='word_1_152' title='bbox 2468 1024 2522 1076; x_wconf 82' lang='grc' dir='ltr'>δὲ</span> <span class='ocrx_word' id='word_1_153' title='bbox 2553 1023 2756 1094; x_wconf 83' lang='grc' dir='ltr'>ἀληθὴς</span> <span class='ocrx_word' id='word_1_154' title='bbox 2787 1024 2872 1076; x_wconf 75' lang='grc' dir='ltr'>ἐπ’</span> <span class='ocrx_word' id='word_1_155' title='bbox 2901 1023 3084 1085; x_wconf 83' lang='grc' dir='ltr'>αὐτοῖς</span> <span class='ocrx_word' id='word_1_156' title='bbox 3113 1022 3207 1076; x_wconf 90' lang='grc' dir='ltr'>τοῦ</span> <span class='ocrx_word' id='word_1_157' title='bbox 3237 1022 3488 1092; x_wconf 79' lang='grc' dir='ltr'>Σωτῆρος</span> <span class='ocrx_word' id='word_1_158' title='bbox 3521 1022 3551 1072; x_wconf 87' lang='grc' dir='ltr'>ὁ</span> <span class='ocrx_word' id='word_1_159' title='bbox 3579 1019 3737 1086; x_wconf 85' lang='grc' dir='ltr'>λόγος</span> 
     </span>
    </p>
   </div>
   <div class='ocr_carea' id='block_1_24' title="bbox 2157 1111 3737 1186">
    <p class='ocr_par' dir='ltr' id='par_1_24' title="bbox 2157 1111 3737 1186">
     <span class='ocr_line' id='line_1_24' title="bbox 2157 1111 3737 1186; baseline -0.001 -20"><span class='ocrx_word' id='word_1_160' title='bbox 2157 1111 2246 1186; x_wconf 83' lang='grc' dir='ltr'>ῆν,</span> <span class='ocrx_word' id='word_1_161' title='bbox 2275 1114 2370 1168; x_wconf 90' lang='lat' dir='ltr'>xui</span> <span class='ocrx_word' id='word_1_162' title='bbox 2391 1113 2514 1166; x_wconf 79' lang='grc' dir='ltr'>οὔτε</span> <span class='ocrx_word' id='word_1_163' title='bbox 2545 1114 2732 1184; x_wconf 79' lang='grc' dir='ltr'>φωνῆς</span> <span class='ocrx_word' id='word_1_164' title='bbox 2749 1114 3020 1184; x_wconf 85' lang='grc' dir='ltr'>ἀκηκόασί</span> <span class='ocrx_word' id='word_1_165' title='bbox 3057 1130 3188 1167; x_wconf 86' lang='grc' dir='ltr'>ποτε</span> <span class='ocrx_word' id='word_1_166' title='bbox 3210 1112 3302 1165; x_wconf 90' lang='grc' dir='ltr'>τοῦ</span> <span class='ocrx_word' id='word_1_167' title='bbox 3335 1111 3469 1165; x_wconf 82' lang='grc' dir='ltr'>Θεοῦ</span> <span class='ocrx_word' id='word_1_168' title='bbox 3491 1111 3590 1165; x_wconf 87' lang='lat' dir='ltr'>xui</span> <span class='ocrx_word' id='word_1_169' title='bbox 3625 1113 3737 1164; x_wconf 86' lang='grc' dir='ltr'>Πα-</span> 
     </span>
    </p>
   </div>
   <div class='ocr_carea' id='block_1_25' title="bbox 2155 1197 3737 1277">
    <p class='ocr_par' dir='ltr' id='par_1_25' title="bbox 2155 1197 3737 1277">
     <span class='ocr_line' id='line_1_25' title="bbox 2155 1197 3737 1277; baseline -0.003 -18"><span class='ocrx_word' id='word_1_170' title='bbox 2155 1205 2299 1277; x_wconf 89' lang='grc' dir='ltr'>τρὸς,</span> <span class='ocrx_word' id='word_1_171' title='bbox 2325 1204 2449 1258; x_wconf 76' lang='grc' dir='ltr'>οὒτε</span> <span class='ocrx_word' id='word_1_172' title='bbox 2482 1205 2580 1274; x_wconf 86' lang='grc' dir='ltr'>μὲν</span> <span class='ocrx_word' id='word_1_173' title='bbox 2600 1204 2721 1273; x_wconf 79' lang='grc' dir='ltr'>ὄψει</span> <span class='ocrx_word' id='word_1_174' title='bbox 2765 1207 2830 1275; x_wconf 82' lang='grc' dir='ltr'>τῇ</span> <span class='ocrx_word' id='word_1_175' title='bbox 2857 1204 2945 1257; x_wconf 82' lang='grc' dir='ltr'>διὰ</span> <span class='ocrx_word' id='word_1_176' title='bbox 2990 1203 3241 1274; x_wconf 83' lang='grc' dir='ltr'>σώματος</span> <span class='ocrx_word' id='word_1_177' title='bbox 3265 1202 3515 1256; x_wconf 79' lang='grc' dir='ltr'>τεθέαται</span> <span class='ocrx_word' id='word_1_178' title='bbox 3538 1220 3621 1265; x_wconf 88' lang='grc' dir='ltr'>τις</span> <span class='ocrx_word' id='word_1_179' title='bbox 3657 1197 3737 1254; x_wconf 78' lang='grc' dir='ltr'>εῖ-</span> 
     </span>
    </p>
   </div>
   <div class='ocr_carea' id='block_1_26' title="bbox 2152 1293 3736 1365">
    <p class='ocr_par' dir='ltr' id='par_1_26' title="bbox 2152 1293 3736 1365">
     <span class='ocr_line' id='line_1_26' title="bbox 2152 1293 3736 1365; baseline -0.001 -17"><span class='ocrx_word' id='word_1_180' title='bbox 2152 1296 2239 1359; x_wconf 86' lang='grc' dir='ltr'>δος</span> <span class='ocrx_word' id='word_1_181' title='bbox 2255 1294 2442 1358; x_wconf 81' lang='grc' dir='ltr'>αὑτοῦ,</span> <span class='ocrx_word' id='word_1_182' title='bbox 2455 1295 2699 1348; x_wconf 82' lang='grc' dir='ltr'>τουτέστι</span> <span class='ocrx_word' id='word_1_183' title='bbox 2722 1294 2814 1347; x_wconf 88' lang='grc' dir='ltr'>τὸν</span> <span class='ocrx_word' id='word_1_184' title='bbox 2829 1296 3012 1365; x_wconf 82' lang='grc' dir='ltr'>ὅμοιον</span> <span class='ocrx_word' id='word_1_185' title='bbox 3035 1294 3183 1364; x_wconf 82' lang='grc' dir='ltr'>αύτῷ</span> <span class='ocrx_word' id='word_1_186' title='bbox 3201 1294 3341 1347; x_wconf 89' lang='grc' dir='ltr'>κατά</span> <span class='ocrx_word' id='word_1_187' title='bbox 3358 1293 3534 1346; x_wconf 87' lang='grc' dir='ltr'>πάντα</span> <span class='ocrx_word' id='word_1_188' title='bbox 3558 1293 3736 1360; x_wconf 89' lang='grc' dir='ltr'>λόγον,</span> 
     </span>
    </p>
   </div>
   <div class='ocr_carea' id='block_1_27' title="bbox 2150 1379 3736 1457">
    <p class='ocr_par' dir='ltr' id='par_1_27' title="bbox 2150 1379 3736 1457">
     <span class='ocr_line' id='line_1_27' title="bbox 2150 1379 3736 1457; baseline -0.003 -18"><span class='ocrx_word' id='word_1_189' title='bbox 2150 1389 2348 1457; x_wconf 80' lang='grc' dir='ltr'>χρῆναι</span> <span class='ocrx_word' id='word_1_190' title='bbox 2377 1387 2534 1440; x_wconf 85' lang='grc' dir='ltr'>πάλιν</span> <span class='ocrx_word' id='word_1_191' title='bbox 2566 1379 2826 1450; x_wconf 74' lang='grc' dir='ltr'>ἐπιδεῖξαι</span> <span class='ocrx_word' id='word_1_192' title='bbox 2856 1385 3042 1455; x_wconf 83' lang='grc' dir='ltr'>σαφῶς</span> <span class='ocrx_word' id='word_1_193' title='bbox 3076 1384 3443 1455; x_wconf 75' lang='grc' dir='ltr'>ὑπολαμϐάνω</span> <span class='ocrx_word' id='word_1_194' title='bbox 3477 1384 3546 1436; x_wconf 82' lang='grc' dir='ltr'>τὰ</span> <span class='ocrx_word' id='word_1_195' title='bbox 3574 1385 3631 1436; x_wconf 81' lang='grc' dir='ltr'>ὲν</span> <span class='ocrx_word' id='word_1_196' title='bbox 3668 1386 3736 1454; x_wconf 80' lang='grc' dir='ltr'>τῇ</span> 
     </span>
    </p>
   </div>
   <div class='ocr_carea' id='block_1_28' title="bbox 487 1455 3738 1548">
    <p class='ocr_par' dir='ltr' id='par_1_28' title="bbox 487 1455 3738 1548">
     <span class='ocr_line' id='line_1_28' title="bbox 487 1455 3738 1548; baseline -0.001 -20"><span class='ocrx_word' id='word_1_197' title='bbox 487 1475 681 1545; x_wconf 86' lang='grc' dir='ltr'>Ἐξόδῳ</span> <span class='ocrx_word' id='word_1_198' title='bbox 700 1455 1062 1546; x_wconf 79' lang='grc' dir='ltr'>γεγραμμένα</span> <span class='ocrx_word' id='word_1_199' title='bbox 1097 1476 1409 1548; x_wconf 88' lang='grc' dir='ltr'>παραθέντα</span> <span class='ocrx_word' id='word_1_200' title='bbox 1440 1476 1575 1546; x_wconf 84' lang='grc' dir='ltr'>πρὸς</span> <span class='ocrx_word' id='word_1_201' title='bbox 1605 1473 1830 1544; x_wconf 77' lang='grc' dir='ltr'>ἔρευνάν</span> <span class='ocrx_word' id='word_1_202' title='bbox 1863 1493 1923 1528; x_wconf 91' lang='grc' dir='ltr'>τε</span> <span class='ocrx_word' id='word_1_203' title='bbox 1954 1477 2047 1529; x_wconf 88' lang='lat' dir='ltr'>xui</span> <span class='ocrx_word' id='word_1_204' title='bbox 2085 1455 2318 1547; x_wconf 81' lang='grc' dir='ltr'>βάσανον</span> <span class='ocrx_word' id='word_1_205' title='bbox 2348 1478 2748 1548; x_wconf 86' lang='grc' dir='ltr'>πνευματικήν.</span> <span class='ocrx_word' id='word_1_206' title='bbox 2785 1477 2938 1547; x_wconf 85' lang='grc' dir='ltr'>Ἔχει</span> <span class='ocrx_word' id='word_1_207' title='bbox 2966 1476 3023 1529; x_wconf 85' lang='grc' dir='ltr'>δὲ</span> <span class='ocrx_word' id='word_1_208' title='bbox 3051 1475 3222 1539; x_wconf 80' lang='grc' dir='ltr'>οὕτως</span> <span class='ocrx_word' id='word_1_209' title='bbox 3248 1493 3261 1508; x_wconf 91' lang='grc'><strong>·</strong></span> <span class='ocrx_word' id='word_1_210' title='bbox 3309 1495 3328 1527; x_wconf 86' lang='grc'><em>‹</em></span> <span class='ocrx_word' id='word_1_211' title='bbox 3353 1477 3464 1530; x_wconf 85' lang='lat' dir='ltr'>Kui</span> <span class='ocrx_word' id='word_1_212' title='bbox 3502 1475 3738 1544; x_wconf 74' lang='grc' dir='ltr'>ἐξήγαγε</span> 
     </span>
    </p>
   </div>
   <div class='ocr_carea' id='block_1_29' title="bbox 472 1570 3739 1644">
    <p class='ocr_par' dir='ltr' id='par_1_29' title="bbox 472 1570 3739 1644">
     <span class='ocr_line' id='line_1_29' title="bbox 472 1570 3739 1644; baseline 0.001 -21"><span class='ocrx_word' id='word_1_213' title='bbox 472 1571 676 1641; x_wconf 88' lang='grc' dir='ltr'>Μωσῆς</span> <span class='ocrx_word' id='word_1_214' title='bbox 698 1571 788 1625; x_wconf 89' lang='grc' dir='ltr'>τὸν</span> <span class='ocrx_word' id='word_1_215' title='bbox 813 1571 940 1625; x_wconf 88' lang='grc' dir='ltr'>λαὸν</span> <span class='ocrx_word' id='word_1_216' title='bbox 964 1574 1042 1636; x_wconf 88' lang='grc' dir='ltr'>εἰς</span> <span class='ocrx_word' id='word_1_217' title='bbox 1080 1574 1180 1642; x_wconf 86' lang='grc' dir='ltr'>τὴν</span> <span class='ocrx_word' id='word_1_218' title='bbox 1208 1573 1530 1642; x_wconf 85' lang='grc' dir='ltr'>συνάντησιν</span> <span class='ocrx_word' id='word_1_219' title='bbox 1551 1570 1644 1624; x_wconf 87' lang='grc' dir='ltr'>τοῦ</span> <span class='ocrx_word' id='word_1_220' title='bbox 1685 1570 1821 1624; x_wconf 88' lang='grc' dir='ltr'>Θεοῦ</span> <span class='ocrx_word' id='word_1_221' title='bbox 1851 1573 1914 1625; x_wconf 81' lang='grc' dir='ltr'>ὲκ</span> <span class='ocrx_word' id='word_1_222' title='bbox 1982 1575 2080 1643; x_wconf 88' lang='grc' dir='ltr'>τῆς</span> <span class='ocrx_word' id='word_1_223' title='bbox 2120 1573 2492 1644; x_wconf 79' lang='grc' dir='ltr'>παρεμϐολῆς,</span> <span class='ocrx_word' id='word_1_224' title='bbox 2561 1572 2656 1626; x_wconf 87' lang='lat' dir='ltr'>xui</span> <span class='ocrx_word' id='word_1_225' title='bbox 2690 1572 3043 1644; x_wconf 83' lang='grc' dir='ltr'>παρέστησαν</span> <span class='ocrx_word' id='word_1_226' title='bbox 3090 1573 3194 1626; x_wconf 86' lang='grc' dir='ltr'>ὑπὸ</span> <span class='ocrx_word' id='word_1_227' title='bbox 3222 1572 3346 1644; x_wconf 80' lang='grc' dir='ltr'>ὅρος</span> <span class='ocrx_word' id='word_1_228' title='bbox 3391 1573 3452 1626; x_wconf 85' lang='grc' dir='ltr'>τὸ</span> <span class='ocrx_word' id='word_1_229' title='bbox 3485 1573 3631 1625; x_wconf 83' lang='grc' dir='ltr'>Σινᾶ.</span> <span class='ocrx_word' id='word_1_230' title='bbox 3667 1572 3739 1626; x_wconf 90' lang='grc' dir='ltr'>Τὸ</span> 
     </span>
    </p>
   </div>
   <div class='ocr_carea' id='block_1_30' title="bbox 472 1662 3741 1738">
    <p class='ocr_par' dir='ltr' id='par_1_30' title="bbox 472 1662 3741 1738">
     <span class='ocr_line' id='line_1_30' title="bbox 472 1662 3741 1738; baseline 0.002 -24"><span class='ocrx_word' id='word_1_231' title='bbox 472 1662 530 1715; x_wconf 80' lang='grc' dir='ltr'>δὲ</span> <span class='ocrx_word' id='word_1_232' title='bbox 557 1664 681 1734; x_wconf 77' lang='grc' dir='ltr'>ὅρος</span> <span class='ocrx_word' id='word_1_233' title='bbox 715 1667 776 1718; x_wconf 90' lang='grc' dir='ltr'>τὸ</span> <span class='ocrx_word' id='word_1_234' title='bbox 805 1667 938 1718; x_wconf 82' lang='grc' dir='ltr'>Σινᾶ</span> <span class='ocrx_word' id='word_1_235' title='bbox 969 1666 1290 1730; x_wconf 81' lang='grc' dir='ltr'>έκαπνίζετο</span> <span class='ocrx_word' id='word_1_236' title='bbox 1314 1666 1433 1720; x_wconf 85' lang='grc' dir='ltr'>ὅλον</span> <span class='ocrx_word' id='word_1_237' title='bbox 1453 1666 1540 1720; x_wconf 84' lang='grc' dir='ltr'>διὰ</span> <span class='ocrx_word' id='word_1_238' title='bbox 1580 1667 1639 1719; x_wconf 88' lang='grc' dir='ltr'>τὸ</span> <span class='ocrx_word' id='word_1_239' title='bbox 1667 1667 2104 1738; x_wconf 77' lang='grc' dir='ltr'>καταϐεϐηκέναι</span> <span class='ocrx_word' id='word_1_240' title='bbox 2141 1669 2232 1723; x_wconf 83' lang='grc' dir='ltr'>τὸν</span> <span class='ocrx_word' id='word_1_241' title='bbox 2254 1670 2385 1722; x_wconf 84' lang='grc' dir='ltr'>Θεὸν</span> <span class='ocrx_word' id='word_1_242' title='bbox 2419 1668 2505 1721; x_wconf 76' lang='grc' dir='ltr'>ἐπ’</span> <span class='ocrx_word' id='word_1_243' title='bbox 2530 1668 2695 1721; x_wconf 84' lang='grc' dir='ltr'>αὐτοῦ</span> <span class='ocrx_word' id='word_1_244' title='bbox 2756 1671 2815 1722; x_wconf 85' lang='grc' dir='ltr'>ὲν</span> <span class='ocrx_word' id='word_1_245' title='bbox 2860 1668 3012 1738; x_wconf 90' lang='grc' dir='ltr'>πυρί.</span> <span class='ocrx_word' id='word_1_246' title='bbox 3073 1667 3181 1722; x_wconf 72' lang='grc' dir='ltr'>Καὶ</span> <span class='ocrx_word' id='word_1_247' title='bbox 3214 1667 3498 1721; x_wconf 81' lang='grc' dir='ltr'>ἀνέϐαινεν</span> <span class='ocrx_word' id='word_1_248' title='bbox 3555 1668 3581 1719; x_wconf 85' lang='grc' dir='ltr'>ό</span> <span class='ocrx_word' id='word_1_249' title='bbox 3638 1683 3741 1720; x_wconf 88' lang='grc' dir='ltr'>κα-</span> 
     </span>
    </p>
   </div>
   <div class='ocr_carea' id='block_1_31' title="bbox 473 1753 3739 1832">
    <p class='ocr_par' dir='ltr' id='par_1_31' title="bbox 473 1753 3739 1832">
     <span class='ocr_line' id='line_1_31' title="bbox 473 1753 3739 1832; baseline 0.001 -24"><span class='ocrx_word' id='word_1_250' title='bbox 473 1753 626 1819; x_wconf 77' lang='grc' dir='ltr'>πνὸς,</span> <span class='ocrx_word' id='word_1_251' title='bbox 655 1755 729 1820; x_wconf 86' lang='grc' dir='ltr'>ὡς</span> <span class='ocrx_word' id='word_1_252' title='bbox 777 1757 982 1821; x_wconf 79' lang='grc' dir='ltr'>καπνὸς</span> <span class='ocrx_word' id='word_1_253' title='bbox 1039 1758 1291 1827; x_wconf 86' lang='grc' dir='ltr'>καμίνου.</span> <span class='ocrx_word' id='word_1_254' title='bbox 1349 1759 1460 1810; x_wconf 77' lang='grc' dir='ltr'>Καὶ</span> <span class='ocrx_word' id='word_1_255' title='bbox 1514 1758 1708 1828; x_wconf 81' lang='grc' dir='ltr'>ἐξέστη</span> <span class='ocrx_word' id='word_1_256' title='bbox 1742 1762 1850 1823; x_wconf 84' lang='grc' dir='ltr'>πᾶς</span> <span class='ocrx_word' id='word_1_257' title='bbox 1877 1761 2053 1826; x_wconf 84' lang='grc' dir='ltr'>όλαὸς</span> <span class='ocrx_word' id='word_1_258' title='bbox 2091 1757 2318 1832; x_wconf 78' lang='grc' dir='ltr'>σφόδρα.</span> <span class='ocrx_word' id='word_1_259' title='bbox 2358 1760 2628 1829; x_wconf 85' lang='grc' dir='ltr'>Ἐγίνοντο</span> <span class='ocrx_word' id='word_1_260' title='bbox 2661 1759 2719 1812; x_wconf 86' lang='grc' dir='ltr'>δὲ</span> <span class='ocrx_word' id='word_1_261' title='bbox 2777 1760 2835 1813; x_wconf 88' lang='grc' dir='ltr'>αἰ</span> <span class='ocrx_word' id='word_1_262' title='bbox 2874 1758 3050 1828; x_wconf 76' lang='grc' dir='ltr'>φωναὶ</span> <span class='ocrx_word' id='word_1_263' title='bbox 3093 1761 3190 1829; x_wconf 82' lang='grc' dir='ltr'>τῆς</span> <span class='ocrx_word' id='word_1_264' title='bbox 3233 1759 3535 1826; x_wconf 82' lang='grc' dir='ltr'>σάλπιγγος</span> <span class='ocrx_word' id='word_1_265' title='bbox 3601 1771 3739 1829; x_wconf 71' lang='grc' dir='ltr'>προ-</span> 
     </span>
    </p>
   </div>
   <div class='ocr_carea' id='block_1_32' title="bbox 473 1844 3740 1924">
    <p class='ocr_par' dir='ltr' id='par_1_32' title="bbox 473 1844 3740 1924">
     <span class='ocr_line' id='line_1_32' title="bbox 473 1844 3740 1924; baseline 0.002 -28"><span class='ocrx_word' id='word_1_266' title='bbox 473 1845 774 1912; x_wconf 78' lang='grc' dir='ltr'>ϐαίνουσαι,</span> <span class='ocrx_word' id='word_1_267' title='bbox 804 1849 1020 1918; x_wconf 74' lang='grc' dir='ltr'>ἰσχυραὶ</span> <span class='ocrx_word' id='word_1_268' title='bbox 1059 1849 1284 1918; x_wconf 83' lang='grc' dir='ltr'>σφόδρα.</span> <span class='ocrx_word' id='word_1_269' title='bbox 1308 1849 1516 1919; x_wconf 84' lang='grc' dir='ltr'>Μωσῆς</span> <span class='ocrx_word' id='word_1_270' title='bbox 1549 1851 1748 1915; x_wconf 75' lang='grc' dir='ltr'>ἐλάλει,</span> <span class='ocrx_word' id='word_1_271' title='bbox 1784 1853 1811 1904; x_wconf 87' lang='grc' dir='ltr'>ὁ</span> <span class='ocrx_word' id='word_1_272' title='bbox 1870 1853 1926 1906; x_wconf 84' lang='grc' dir='ltr'>δὲ</span> <span class='ocrx_word' id='word_1_273' title='bbox 1991 1854 2124 1918; x_wconf 83' lang='grc' dir='ltr'>Θεὸς</span> <span class='ocrx_word' id='word_1_274' title='bbox 2162 1853 2498 1924; x_wconf 84' lang='grc' dir='ltr'>ἀπεκρίνατο</span> <span class='ocrx_word' id='word_1_275' title='bbox 2532 1850 2680 1921; x_wconf 86' lang='grc' dir='ltr'>αύτῷ</span> <span class='ocrx_word' id='word_1_276' title='bbox 2709 1853 2882 1922; x_wconf 77' lang='grc' dir='ltr'>φωνῇ.</span> <span class='ocrx_word' id='word_1_277' title='bbox 2902 1871 2920 1903; x_wconf 81' lang='grc' dir='ltr'>ι</span> <span class='ocrx_word' id='word_1_278' title='bbox 2969 1844 3097 1903; x_wconf 80' lang='grc' dir='ltr'>Ὧδε</span> <span class='ocrx_word' id='word_1_279' title='bbox 3142 1851 3240 1921; x_wconf 85' lang='grc' dir='ltr'>μὲν</span> <span class='ocrx_word' id='word_1_280' title='bbox 3273 1846 3366 1905; x_wconf 80' lang='grc' dir='ltr'>οὖν</span> <span class='ocrx_word' id='word_1_281' title='bbox 3393 1852 3524 1921; x_wconf 85' lang='grc' dir='ltr'>ἡμῖν</span> <span class='ocrx_word' id='word_1_282' title='bbox 3553 1851 3614 1904; x_wconf 86' lang='grc' dir='ltr'>τὸ</span> <span class='ocrx_word' id='word_1_283' title='bbox 3646 1851 3740 1902; x_wconf 82' lang='grc' dir='ltr'>τοῦ</span> 
     </span>
    </p>
   </div>
   <div class='ocr_carea' id='block_1_33' title="bbox 474 1935 3741 2011">
    <p class='ocr_par' dir='ltr' id='par_1_33' title="bbox 474 1935 3741 2011">
     <span class='ocr_line' id='line_1_33' title="bbox 474 1935 3741 2011; baseline 0.002 -24"><span class='ocrx_word' id='word_1_284' title='bbox 474 1935 749 2003; x_wconf 85' lang='grc' dir='ltr'>πανσόφου</span> <span class='ocrx_word' id='word_1_285' title='bbox 797 1937 1038 1999; x_wconf 84' lang='grc' dir='ltr'>Μωσέως</span> <span class='ocrx_word' id='word_1_286' title='bbox 1081 1936 1260 2004; x_wconf 83' lang='grc' dir='ltr'>λόγιον</span> <span class='ocrx_word' id='word_1_287' title='bbox 1316 1937 1446 2007; x_wconf 84' lang='grc' dir='ltr'>ἔχει.</span> <span class='ocrx_word' id='word_1_288' title='bbox 1502 1940 1622 1991; x_wconf 86' lang='grc' dir='ltr'>Δεῖν</span> <span class='ocrx_word' id='word_1_289' title='bbox 1648 1939 1703 1991; x_wconf 83' lang='grc' dir='ltr'>δὲ</span> <span class='ocrx_word' id='word_1_290' title='bbox 1740 1935 1914 2011; x_wconf 74' lang='grc' dir='ltr'>οἶμαι,</span> <span class='ocrx_word' id='word_1_291' title='bbox 1948 1944 2042 1996; x_wconf 87' lang='lat' dir='ltr'>xui</span> <span class='ocrx_word' id='word_1_292' title='bbox 2079 1945 2173 1996; x_wconf 92' lang='grc' dir='ltr'>νῦν</span> <span class='ocrx_word' id='word_1_293' title='bbox 2201 1945 2280 2006; x_wconf 82' lang='grc' dir='ltr'>εἰς</span> <span class='ocrx_word' id='word_1_294' title='bbox 2301 1941 2646 2010; x_wconf 87' lang='grc' dir='ltr'>γελοιοτάτην</span> <span class='ocrx_word' id='word_1_295' title='bbox 2671 1941 3176 2006; x_wconf 88' lang='grc' dir='ltr'>κατολισθαίνοντας</span> <span class='ocrx_word' id='word_1_296' title='bbox 3215 1942 3344 2011; x_wconf 81' lang='grc' dir='ltr'>περί</span> <span class='ocrx_word' id='word_1_297' title='bbox 3381 1940 3517 1993; x_wconf 83' lang='grc' dir='ltr'>Θεοῦ</span> <span class='ocrx_word' id='word_1_298' title='bbox 3582 1941 3741 2007; x_wconf 78' lang='grc' dir='ltr'>δόξαν</span> 
     </span>
    </p>
   </div>
   <div class='ocr_carea' id='block_1_34' title="bbox 467 2029 3740 2108">
    <p class='ocr_par' dir='ltr' id='par_1_34' title="bbox 467 2029 3740 2108">
     <span class='ocr_line' id='line_1_34' title="bbox 467 2029 3740 2108; baseline 0.002 -27"><span class='ocrx_word' id='word_1_299' title='bbox 467 2030 596 2092; x_wconf 83' lang='grc' dir='ltr'>τοὺς</span> <span class='ocrx_word' id='word_1_300' title='bbox 635 2029 922 2093; x_wconf 83' lang='grc' dir='ltr'>Ἰουδαίους</span> <span class='ocrx_word' id='word_1_301' title='bbox 951 2030 1213 2100; x_wconf 80' lang='grc' dir='ltr'>ἐλέγχειν,</span> <span class='ocrx_word' id='word_1_302' title='bbox 1246 2033 1339 2085; x_wconf 89' lang='lat' dir='ltr'>xui</span> <span class='ocrx_word' id='word_1_303' title='bbox 1356 2031 1485 2084; x_wconf 81' lang='grc' dir='ltr'>αὐτὸ</span> <span class='ocrx_word' id='word_1_304' title='bbox 1511 2033 1803 2086; x_wconf 86' lang='grc' dir='ltr'>τεθεᾶσθαι</span> <span class='ocrx_word' id='word_1_305' title='bbox 1858 2036 1920 2088; x_wconf 90' lang='grc' dir='ltr'>τὸ</span> <span class='ocrx_word' id='word_1_306' title='bbox 1984 2034 2120 2101; x_wconf 83' lang='grc' dir='ltr'>εἶδος</span> <span class='ocrx_word' id='word_1_307' title='bbox 2157 2037 2441 2106; x_wconf 79' lang='grc' dir='ltr'>οἰηθέντας</span> <span class='ocrx_word' id='word_1_308' title='bbox 2473 2033 2658 2099; x_wconf 85' lang='grc' dir='ltr'>αὑτοῦ,</span> <span class='ocrx_word' id='word_1_309' title='bbox 2692 2035 2785 2087; x_wconf 85' lang='lat' dir='ltr'>xui</span> <span class='ocrx_word' id='word_1_310' title='bbox 2811 2035 3040 2090; x_wconf 86' lang='grc' dir='ltr'>ἀκοῦσαι</span> <span class='ocrx_word' id='word_1_311' title='bbox 3072 2039 3172 2108; x_wconf 88' lang='grc' dir='ltr'>τῆς</span> <span class='ocrx_word' id='word_1_312' title='bbox 3211 2037 3377 2099; x_wconf 80' lang='grc' dir='ltr'>ὅντως</span> <span class='ocrx_word' id='word_1_313' title='bbox 3411 2035 3637 2106; x_wconf 64' lang='grc' dir='ltr'>ἐνούσης</span> <span class='ocrx_word' id='word_1_314' title='bbox 3673 2035 3740 2104; x_wconf 82' lang='grc' dir='ltr'>τῇ</span> 
     </span>
    </p>
   </div>
   <div class='ocr_carea' id='block_1_35' title="bbox 471 2119 3738 2202">
    <p class='ocr_par' dir='ltr' id='par_1_35' title="bbox 471 2119 3738 2202">
     <span class='ocr_line' id='line_1_35' title="bbox 471 2119 3738 2202; baseline 0.002 -29"><span class='ocrx_word' id='word_1_315' title='bbox 471 2120 593 2190; x_wconf 76' lang='grc' dir='ltr'>θείᾳ</span> <span class='ocrx_word' id='word_1_316' title='bbox 620 2119 778 2188; x_wconf 85' lang='grc' dir='ltr'>φύσει</span> <span class='ocrx_word' id='word_1_317' title='bbox 820 2120 1024 2189; x_wconf 85' lang='grc' dir='ltr'>φωνῆς.</span> <span class='ocrx_word' id='word_1_318' title='bbox 1069 2120 1203 2187; x_wconf 82' lang='grc' dir='ltr'>Ἀγε</span> <span class='ocrx_word' id='word_1_319' title='bbox 1233 2119 1294 2190; x_wconf 80' lang='grc' dir='ltr'>δὴ</span> <span class='ocrx_word' id='word_1_320' title='bbox 1339 2120 1520 2174; x_wconf 78' lang='grc' dir='ltr'>τοίνυν</span> <span class='ocrx_word' id='word_1_321' title='bbox 1555 2124 1621 2192; x_wconf 81' lang='grc' dir='ltr'>τῇ</span> <span class='ocrx_word' id='word_1_322' title='bbox 1663 2121 1755 2174; x_wconf 90' lang='grc' dir='ltr'>τοῦ</span> <span class='ocrx_word' id='word_1_323' title='bbox 1799 2123 2048 2194; x_wconf 84' lang='grc' dir='ltr'>Σωτῆρος</span> <span class='ocrx_word' id='word_1_324' title='bbox 2087 2126 2509 2197; x_wconf 81' lang='grc' dir='ltr'>ὲπιθαρσοῦντες</span> <span class='ocrx_word' id='word_1_325' title='bbox 2528 2130 2763 2202; x_wconf 77' lang='grc' dir='ltr'>χορηγίᾳ</span> <span class='ocrx_word' id='word_1_326' title='bbox 2804 2128 2899 2181; x_wconf 83' lang='lat' dir='ltr'>xui</span> <span class='ocrx_word' id='word_1_327' title='bbox 2929 2126 3134 2197; x_wconf 88' lang='grc' dir='ltr'>χάριτι,</span> <span class='ocrx_word' id='word_1_328' title='bbox 3196 2125 3294 2196; x_wconf 82' lang='grc' dir='ltr'>τὴν</span> <span class='ocrx_word' id='word_1_329' title='bbox 3347 2126 3441 2180; x_wconf 90' lang='grc' dir='ltr'>τοῦ</span> <span class='ocrx_word' id='word_1_330' title='bbox 3514 2127 3738 2196; x_wconf 84' lang='grc' dir='ltr'>νομικοῦ</span> 
     </span>
    </p>
   </div>
   <div class='ocr_carea' id='block_1_36' title="bbox 471 2214 3741 2294">
    <p class='ocr_par' dir='ltr' id='par_1_36' title="bbox 471 2214 3741 2294">
     <span class='ocr_line' id='line_1_36' title="bbox 471 2214 3741 2294; baseline 0.003 -26"><span class='ocrx_word' id='word_1_331' title='bbox 471 2214 757 2285; x_wconf 88' lang='grc' dir='ltr'>παχύτητα</span> <span class='ocrx_word' id='word_1_332' title='bbox 788 2215 1114 2286; x_wconf 84' lang='grc' dir='ltr'>γράμματος</span> <span class='ocrx_word' id='word_1_333' title='bbox 1135 2216 1213 2276; x_wconf 88' lang='grc' dir='ltr'>εἰς</span> <span class='ocrx_word' id='word_1_334' title='bbox 1271 2216 1647 2287; x_wconf 84' lang='grc' dir='ltr'>πνευματικὴν</span> <span class='ocrx_word' id='word_1_335' title='bbox 1709 2216 1940 2288; x_wconf 87' lang='grc' dir='ltr'>θεωρίαν</span> <span class='ocrx_word' id='word_1_336' title='bbox 2008 2220 2489 2294; x_wconf 85' lang='grc' dir='ltr'>ἀπολεπτύνωμεν.</span> <span class='ocrx_word' id='word_1_337' title='bbox 2522 2224 2676 2279; x_wconf 78' lang='grc' dir='ltr'>Οὒτω</span> <span class='ocrx_word' id='word_1_338' title='bbox 2705 2222 2815 2292; x_wconf 86' lang='grc' dir='ltr'>γὰρ</span> <span class='ocrx_word' id='word_1_339' title='bbox 2870 2220 3106 2291; x_wconf 87' lang='grc' dir='ltr'>μάλιστα</span> <span class='ocrx_word' id='word_1_340' title='bbox 3145 2221 3389 2288; x_wconf 77' lang='grc' dir='ltr'>φανεῖται</span> <span class='ocrx_word' id='word_1_341' title='bbox 3421 2219 3516 2272; x_wconf 87' lang='lat' dir='ltr'>xui</span> <span class='ocrx_word' id='word_1_342' title='bbox 3543 2217 3741 2285; x_wconf 69' lang='grc' dir='ltr'>ἀληθὲς</span> 
     </span>
    </p>
   </div>
   <div class='ocr_carea' id='block_1_37' title="bbox 468 2306 3744 2384">
    <p class='ocr_par' dir='ltr' id='par_1_37' title="bbox 468 2306 3744 2384">
     <span class='ocr_line' id='line_1_37' title="bbox 468 2306 3744 2384; baseline 0.002 -27"><span class='ocrx_word' id='word_1_343' title='bbox 468 2307 530 2358; x_wconf 88' lang='grc' dir='ltr'>τὸ</span> <span class='ocrx_word' id='word_1_344' title='bbox 571 2307 707 2378; x_wconf 81' lang='grc' dir='ltr'>πρὸς</span> <span class='ocrx_word' id='word_1_345' title='bbox 759 2306 1084 2376; x_wconf 84' lang='grc' dir='ltr'>Φαρισαίους</span> <span class='ocrx_word' id='word_1_346' title='bbox 1126 2306 1414 2377; x_wconf 79' lang='grc' dir='ltr'>εἰρημένον</span> <span class='ocrx_word' id='word_1_347' title='bbox 1469 2307 1598 2378; x_wconf 78' lang='grc' dir='ltr'>περὶ</span> <span class='ocrx_word' id='word_1_348' title='bbox 1647 2307 1814 2360; x_wconf 86' lang='grc' dir='ltr'>Θεοῦ·</span> <span class='ocrx_word' id='word_1_349' title='bbox 1851 2327 1868 2360; x_wconf 81' lang='grc' dir='ltr'>ι</span> <span class='ocrx_word' id='word_1_350' title='bbox 1903 2307 2041 2361; x_wconf 77' lang='grc' dir='ltr'>Οὔτε</span> <span class='ocrx_word' id='word_1_351' title='bbox 2083 2313 2267 2382; x_wconf 82' lang='grc' dir='ltr'>φωνὴν</span> <span class='ocrx_word' id='word_1_352' title='bbox 2320 2314 2484 2368; x_wconf 81' lang='grc' dir='ltr'>αὑτοῦ</span> <span class='ocrx_word' id='word_1_353' title='bbox 2541 2314 2762 2370; x_wconf 81' lang='grc' dir='ltr'>πώποτε</span> <span class='ocrx_word' id='word_1_354' title='bbox 2818 2311 3114 2384; x_wconf 83' lang='grc' dir='ltr'>ἀκηκόατε,</span> <span class='ocrx_word' id='word_1_355' title='bbox 3171 2309 3296 2364; x_wconf 74' lang='grc' dir='ltr'>οὔτε</span> <span class='ocrx_word' id='word_1_356' title='bbox 3369 2307 3510 2374; x_wconf 79' lang='grc' dir='ltr'>εἶδος</span> <span class='ocrx_word' id='word_1_357' title='bbox 3575 2309 3744 2365; x_wconf 81' lang='grc' dir='ltr'>αὐτοῦ</span> 
     </span>
    </p>
   </div>
   <div class='ocr_carea' id='block_1_38' title="bbox 469 2400 826 2470">
    <p class='ocr_par' dir='ltr' id='par_1_38' title="bbox 469 2400 826 2470">
     <span class='ocr_line' id='line_1_38' title="bbox 469 2400 826 2470; baseline -0.006 -18"><span class='ocrx_word' id='word_1_358' title='bbox 469 2400 770 2470; x_wconf 77' lang='grc' dir='ltr'>ἑωράκατε.</span> <span class='ocrx_word' id='word_1_359' title='bbox 807 2417 826 2450; x_wconf 75' lang='grc' dir='ltr'>ι</span> 
     </span>
    </p>
   </div>
   <div class='ocr_carea' id='block_1_39' title="bbox 540 2490 2044 2566">
    <p class='ocr_par' dir='ltr' id='par_1_39' title="bbox 540 2493 2044 2565">
     <span class='ocr_line' id='line_1_39' title="bbox 540 2493 2044 2565; baseline 0.002 -18"><span class='ocrx_word' id='word_1_360' title='bbox 540 2493 695 2561; x_wconf 76' lang='grc' dir='ltr'>ρηοιί</span> <span class='ocrx_word' id='word_1_361' title='bbox 729 2495 894 2565; x_wconf 77' lang='lat' dir='ltr'><strong>igitur</strong></span> <span class='ocrx_word' id='word_1_362' title='bbox 927 2495 1165 2565; x_wconf 89' lang='lat' dir='ltr'><strong>populus</strong></span> <span class='ocrx_word' id='word_1_363' title='bbox 1214 2495 1270 2549; x_wconf 89' lang='lat' dir='ltr'>in</span> <span class='ocrx_word' id='word_1_364' title='bbox 1310 2509 1602 2551; x_wconf 87' lang='lat' dir='ltr'><strong>occursum</strong></span> <span class='ocrx_word' id='word_1_365' title='bbox 1633 2495 1728 2552; x_wconf 81' lang='lat' dir='ltr'><strong>liei</strong></span> <span class='ocrx_word' id='word_1_366' title='bbox 1769 2496 2044 2565; x_wconf 87' lang='lat' dir='ltr'><strong>educitur,</strong></span> 
     </span>
    </p>
   </div>
   <div class='ocr_carea' id='block_1_40' title="bbox 2144 2490 3744 2566">
    <p class='ocr_par' dir='ltr' id='par_1_40' title="bbox 2220 2490 3744 2566">
     <span class='ocr_line' id='line_1_40' title="bbox 2220 2490 3744 2566; baseline -0.003 -18"><span class='ocrx_word' id='word_1_367' title='bbox 2220 2496 2292 2549; x_wconf 92' lang='grc' dir='ltr'>Τὸ</span> <span class='ocrx_word' id='word_1_368' title='bbox 2345 2496 2442 2566; x_wconf 80' lang='grc' dir='ltr'>μὲν</span> <span class='ocrx_word' id='word_1_369' title='bbox 2475 2492 2570 2549; x_wconf 73' lang='grc' dir='ltr'>οὖν</span> <span class='ocrx_word' id='word_1_370' title='bbox 2603 2494 2691 2548; x_wconf 82' lang='grc' dir='ltr'>διὰ</span> <span class='ocrx_word' id='word_1_371' title='bbox 2737 2491 2980 2556; x_wconf 88' lang='grc' dir='ltr'>Μωσέως</span> <span class='ocrx_word' id='word_1_372' title='bbox 3026 2490 3317 2560; x_wconf 74' lang='grc' dir='ltr'>ἐξάγεσθαι</span> <span class='ocrx_word' id='word_1_373' title='bbox 3358 2491 3451 2544; x_wconf 92' lang='grc' dir='ltr'>τὸν</span> <span class='ocrx_word' id='word_1_374' title='bbox 3491 2490 3618 2544; x_wconf 86' lang='grc' dir='ltr'>λαὸν</span> <span class='ocrx_word' id='word_1_375' title='bbox 3659 2492 3744 2555; x_wconf 86' lang='grc' dir='ltr'>εἰς</span> 
     </span>
    </p>
   </div>
   <div class='ocr_carea' id='block_1_41' title="bbox 469 2588 2053 2660">
    <p class='ocr_par' dir='ltr' id='par_1_41' title="bbox 469 2588 2053 2660">
     <span class='ocr_line' id='line_1_41' title="bbox 469 2588 2053 2660; baseline -0.001 -16"><span class='ocrx_word' id='word_1_376' title='bbox 469 2590 614 2644; x_wconf 87' lang='lat' dir='ltr'><strong>sicut</strong></span> <span class='ocrx_word' id='word_1_377' title='bbox 647 2590 914 2660; x_wconf 89' lang='lat' dir='ltr'><strong>scriptum</strong></span> <span class='ocrx_word' id='word_1_378' title='bbox 961 2599 1062 2654; x_wconf 90' lang='lat' dir='ltr'><strong>est,</strong></span> <span class='ocrx_word' id='word_1_379' title='bbox 1111 2588 1464 2644; x_wconf 81' lang='lat' dir='ltr'><strong>manifestum</strong></span> <span class='ocrx_word' id='word_1_380' title='bbox 1509 2591 1726 2660; x_wconf 84' lang='lat' dir='ltr'><strong>signum</strong></span> <span class='ocrx_word' id='word_1_381' title='bbox 1771 2589 1957 2652; x_wconf 84' lang='lat' dir='ltr'><strong>fuerit,</strong></span> <span class='ocrx_word' id='word_1_382' title='bbox 1997 2597 2053 2645; x_wconf 89' lang='lat' dir='ltr'>et</span> 
     </span>
    </p>
   </div>
   <div class='ocr_carea' id='block_1_42' title="bbox 467 2680 2055 2752">
    <p class='ocr_par' dir='ltr' id='par_1_42' title="bbox 467 2680 2055 2752">
     <span class='ocr_line' id='line_1_42' title="bbox 467 2680 2055 2752; baseline 0 -16"><span class='ocrx_word' id='word_1_383' title='bbox 467 2683 642 2752; x_wconf 83' lang='lat' dir='ltr'><strong>ﬁgura</strong></span> <span class='ocrx_word' id='word_1_384' title='bbox 682 2695 789 2735; x_wconf 93' lang='lat' dir='ltr'>non</span> <span class='ocrx_word' id='word_1_385' title='bbox 825 2696 989 2751; x_wconf 92' lang='lat' dir='ltr'><strong>posse</strong></span> <span class='ocrx_word' id='word_1_386' title='bbox 1024 2681 1243 2750; x_wconf 90' lang='lat' dir='ltr'><strong>aliquos</strong></span> <span class='ocrx_word' id='word_1_387' title='bbox 1283 2681 1349 2734; x_wconf 89' lang='lat' dir='ltr'>ad</span> <span class='ocrx_word' id='word_1_388' title='bbox 1387 2680 1556 2735; x_wconf 91' lang='lat' dir='ltr'><strong>Deum</strong></span> <span class='ocrx_word' id='word_1_389' title='bbox 1591 2681 1799 2750; x_wconf 86' lang='lat' dir='ltr'><strong>absque</strong></span> <span class='ocrx_word' id='word_1_390' title='bbox 1833 2681 2055 2736; x_wconf 87' lang='lat' dir='ltr'><strong>institu-</strong></span> 
     </span>
    </p>
   </div>
   <div class='ocr_carea' id='block_1_43' title="bbox 466 2770 2050 2841">
    <p class='ocr_par' dir='ltr' id='par_1_43' title="bbox 466 2770 2050 2841">
     <span class='ocr_line' id='line_1_43' title="bbox 466 2770 2050 2841; baseline -0.001 -15"><span class='ocrx_word' id='word_1_391' title='bbox 466 2775 619 2826; x_wconf 89' lang='lat' dir='ltr'><strong>tione</strong></span> <span class='ocrx_word' id='word_1_392' title='bbox 649 2779 702 2826; x_wconf 88' lang='lat' dir='ltr'>et</span> <span class='ocrx_word' id='word_1_393' title='bbox 735 2772 967 2826; x_wconf 87' lang='lat' dir='ltr'><strong>scientia</strong></span> <span class='ocrx_word' id='word_1_394' title='bbox 1000 2772 1206 2834; x_wconf 88' lang='lat' dir='ltr'><strong>venire,</strong></span> <span class='ocrx_word' id='word_1_395' title='bbox 1245 2770 1340 2825; x_wconf 89' lang='lat' dir='ltr'>sed</span> <span class='ocrx_word' id='word_1_396' title='bbox 1367 2771 1483 2841; x_wconf 86' lang='lat' dir='ltr'><strong>lege</strong></span> <span class='ocrx_word' id='word_1_397' title='bbox 1521 2771 1707 2840; x_wconf 83' lang='lat' dir='ltr'><strong>potius</strong></span> <span class='ocrx_word' id='word_1_398' title='bbox 1738 2772 1901 2840; x_wconf 87' lang='lat' dir='ltr'><strong>quasi</strong></span> <span class='ocrx_word' id='word_1_399' title='bbox 1931 2787 2050 2825; x_wconf 91' lang='lat' dir='ltr'><strong>ma-</strong></span> 
     </span>
    </p>
   </div>
   <div class='ocr_carea' id='block_1_44' title="bbox 468 2863 2049 2933">
    <p class='ocr_par' dir='ltr' id='par_1_44' title="bbox 468 2863 2049 2933">
     <span class='ocr_line' id='line_1_44' title="bbox 468 2863 2049 2933; baseline 0.001 -16"><span class='ocrx_word' id='word_1_400' title='bbox 468 2880 540 2918; x_wconf 92' lang='lat' dir='ltr'>nu</span> <span class='ocrx_word' id='word_1_401' title='bbox 573 2863 639 2917; x_wconf 88' lang='lat' dir='ltr'>ad</span> <span class='ocrx_word' id='word_1_402' title='bbox 681 2863 1016 2933; x_wconf 82' lang='lat' dir='ltr'><strong>agnitionem</strong></span> <span class='ocrx_word' id='word_1_403' title='bbox 1061 2878 1250 2916; x_wconf 91' lang='lat' dir='ltr'><strong>eorum</strong></span> <span class='ocrx_word' id='word_1_404' title='bbox 1292 2877 1418 2931; x_wconf 70' lang='lat' dir='ltr'><strong>quae</strong></span> <span class='ocrx_word' id='word_1_405' title='bbox 1468 2863 1704 2932; x_wconf 91' lang='lat' dir='ltr'><strong>cupiunt</strong></span> <span class='ocrx_word' id='word_1_406' title='bbox 1759 2863 2049 2929; x_wconf 91' lang='lat' dir='ltr'><strong>deductos,</strong></span> 
     </span>
    </p>
   </div>
   <div class='ocr_carea' id='block_1_45' title="bbox 467 2953 2050 3025">
    <p class='ocr_par' dir='ltr' id='par_1_45' title="bbox 467 2953 2050 3025">
     <span class='ocr_line' id='line_1_45' title="bbox 467 2953 2050 3025; baseline -0.001 -15"><span class='ocrx_word' id='word_1_407' title='bbox 467 2955 802 3025; x_wconf 83' lang='lat' dir='ltr'><strong>perdiscere.</strong></span> <span class='ocrx_word' id='word_1_408' title='bbox 836 2955 1041 3009; x_wconf 86' lang='lat' dir='ltr'><strong>Mosem</strong></span> <span class='ocrx_word' id='word_1_409' title='bbox 1075 2954 1278 3024; x_wconf 87' lang='lat' dir='ltr'><strong>quippe</strong></span> <span class='ocrx_word' id='word_1_410' title='bbox 1301 2969 1402 3023; x_wconf 93' lang='lat' dir='ltr'>pro</span> <span class='ocrx_word' id='word_1_411' title='bbox 1429 2955 1547 3024; x_wconf 83' lang='lat' dir='ltr'><strong>lege</strong></span> <span class='ocrx_word' id='word_1_412' title='bbox 1567 2955 1869 3023; x_wconf 84' lang='lat' dir='ltr'><strong>capiemus,</strong></span> <span class='ocrx_word' id='word_1_413' title='bbox 1898 2953 2050 3022; x_wconf 82' lang='lat' dir='ltr'><strong>iuxta</strong></span> 
     </span>
    </p>
   </div>
   <div class='ocr_carea' id='block_1_46' title="bbox 465 3042 2050 3114">
    <p class='ocr_par' dir='ltr' id='par_1_46' title="bbox 465 3042 2050 3114">
     <span class='ocr_line' id='line_1_46' title="bbox 465 3042 2050 3114; baseline 0.001 -16"><span class='ocrx_word' id='word_1_414' title='bbox 465 3045 599 3099; x_wconf 90' lang='lat' dir='ltr'><strong>illud</strong></span> <span class='ocrx_word' id='word_1_415' title='bbox 621 3044 767 3113; x_wconf 85' lang='lat' dir='ltr'><strong>quod</strong></span> <span class='ocrx_word' id='word_1_416' title='bbox 788 3059 818 3097; x_wconf 92' lang='lat' dir='ltr'>a</span> <span class='ocrx_word' id='word_1_417' title='bbox 846 3043 1081 3112; x_wconf 86' lang='lat' dir='ltr'><strong>quodam</strong></span> <span class='ocrx_word' id='word_1_418' title='bbox 1120 3043 1328 3096; x_wconf 91' lang='lat' dir='ltr'><strong>dictum</strong></span> <span class='ocrx_word' id='word_1_419' title='bbox 1361 3051 1445 3097; x_wconf 89' lang='lat' dir='ltr'>est</span> <span class='ocrx_word' id='word_1_420' title='bbox 1474 3061 1486 3096; x_wconf 88' lang='lat'>:</span> <span class='ocrx_word' id='word_1_421' title='bbox 1517 3061 1537 3094; x_wconf 77' lang='grc' dir='ltr'>ι</span> <span class='ocrx_word' id='word_1_422' title='bbox 1579 3042 1794 3097; x_wconf 86' lang='lat' dir='ltr'><strong>Habent</strong></span> <span class='ocrx_word' id='word_1_423' title='bbox 1824 3043 2050 3114; x_wconf 83' lang='lat' dir='ltr'><strong>Moysen</strong></span> 
     </span>
    </p>
   </div>
   <div class='ocr_carea' id='block_1_47' title="bbox 463 3126 2050 3206">
    <p class='ocr_par' dir='ltr' id='par_1_47' title="bbox 463 3126 2050 3206">
     <span class='ocr_line' id='line_1_47' title="bbox 463 3126 2050 3206; baseline 0 -16"><span class='ocrx_word' id='word_1_424' title='bbox 463 3144 518 3190; x_wconf 86' lang='lat' dir='ltr'>ct</span> <span class='ocrx_word' id='word_1_425' title='bbox 558 3137 854 3206; x_wconf 85' lang='lat' dir='ltr'><strong>prophetas</strong></span> <span class='ocrx_word' id='word_1_426' title='bbox 895 3136 960 3189; x_wconf 83' lang='grc'>¹⁰.</span> <span class='ocrx_word' id='word_1_427' title='bbox 1007 3154 1026 3186; x_wconf 73' lang='grc' dir='ltr'>ι</span> <span class='ocrx_word' id='word_1_428' title='bbox 1071 3132 1231 3200; x_wconf 85' lang='lat' dir='ltr'><strong>Quod</strong></span> <span class='ocrx_word' id='word_1_429' title='bbox 1275 3141 1460 3188; x_wconf 90' lang='lat' dir='ltr'><strong>autem</strong></span> <span class='ocrx_word' id='word_1_430' title='bbox 1496 3135 1734 3202; x_wconf 82' lang='lat' dir='ltr'><strong>populus</strong></span> <span class='ocrx_word' id='word_1_431' title='bbox 1757 3126 1907 3189; x_wconf 79' lang='lat' dir='ltr'><strong>astat</strong></span> <span class='ocrx_word' id='word_1_432' title='bbox 1947 3135 2050 3191; x_wconf 92' lang='lat' dir='ltr'>sub</span> 
     </span>
    </p>
   </div>
   <div class='ocr_carea' id='block_1_48' title="bbox 461 3223 2051 3295">
    <p class='ocr_par' dir='ltr' id='par_1_48' title="bbox 461 3223 2051 3295">
     <span class='ocr_line' id='line_1_48' title="bbox 461 3223 2051 3295; baseline 0.001 -15"><span class='ocrx_word' id='word_1_433' title='bbox 461 3235 673 3289; x_wconf 89' lang='lat' dir='ltr'><strong>monte,</strong></span> <span class='ocrx_word' id='word_1_434' title='bbox 707 3241 830 3280; x_wconf 93' lang='lat' dir='ltr'>cum</span> <span class='ocrx_word' id='word_1_435' title='bbox 857 3227 969 3295; x_wconf 87' lang='lat' dir='ltr'>jam</span> <span class='ocrx_word' id='word_1_436' title='bbox 1006 3223 1388 3279; x_wconf 85' lang='lat' dir='ltr'><strong>descendisset</strong></span> <span class='ocrx_word' id='word_1_437' title='bbox 1434 3223 1575 3280; x_wconf 88' lang='lat' dir='ltr'><strong>Deus</strong></span> <span class='ocrx_word' id='word_1_438' title='bbox 1607 3231 1661 3278; x_wconf 92' lang='lat' dir='ltr'>et</span> <span class='ocrx_word' id='word_1_439' title='bbox 1714 3225 1768 3278; x_wconf 93' lang='lat' dir='ltr'>in</span> <span class='ocrx_word' id='word_1_440' title='bbox 1805 3225 1925 3295; x_wconf 89' lang='lat' dir='ltr'><strong>ipso</strong></span> <span class='ocrx_word' id='word_1_441' title='bbox 1965 3241 2051 3281; x_wconf 85' lang='lat' dir='ltr'><strong>es-</strong></span> 
     </span>
    </p>
   </div>
   <div class='ocr_carea' id='block_1_49' title="bbox 457 3316 2049 3386">
    <p class='ocr_par' dir='ltr' id='par_1_49' title="bbox 457 3316 2049 3386">
     <span class='ocr_line' id='line_1_49' title="bbox 457 3316 2049 3386; baseline -0.001 -14"><span class='ocrx_word' id='word_1_442' title='bbox 457 3327 564 3382; x_wconf 82' lang='lat' dir='ltr'><strong>set,</strong></span> <span class='ocrx_word' id='word_1_443' title='bbox 600 3318 765 3372; x_wconf 90' lang='lat' dir='ltr'><strong>animi</strong></span> <span class='ocrx_word' id='word_1_444' title='bbox 789 3317 1034 3373; x_wconf 89' lang='lat' dir='ltr'><strong>studium</strong></span> <span class='ocrx_word' id='word_1_445' title='bbox 1063 3316 1475 3371; x_wconf 88' lang='lat' dir='ltr'><strong>etalacritatem</strong></span> <span class='ocrx_word' id='word_1_446' title='bbox 1507 3331 1696 3370; x_wconf 91' lang='lat' dir='ltr'><strong>eorum</strong></span> <span class='ocrx_word' id='word_1_447' title='bbox 1721 3317 1818 3386; x_wconf 88' lang='lat' dir='ltr'>qui</span> <span class='ocrx_word' id='word_1_448' title='bbox 1845 3331 2049 3371; x_wconf 81' lang='lat' dir='ltr'><strong>vocan-</strong></span> 
     </span>
    </p>
   </div>
   <div class='ocr_carea' id='block_1_50' title="bbox 460 3406 2048 3478">
    <p class='ocr_par' dir='ltr' id='par_1_50' title="bbox 460 3406 2048 3478">
     <span class='ocr_line' id='line_1_50' title="bbox 460 3406 2048 3478; baseline 0.001 -18"><span class='ocrx_word' id='word_1_449' title='bbox 460 3415 554 3462; x_wconf 88' lang='lat' dir='ltr'>tur</span> <span class='ocrx_word' id='word_1_450' title='bbox 587 3409 641 3464; x_wconf 88' lang='lat' dir='ltr'>in</span> <span class='ocrx_word' id='word_1_451' title='bbox 685 3409 1004 3464; x_wconf 82' lang='lat' dir='ltr'><strong>servitutem</strong></span> <span class='ocrx_word' id='word_1_452' title='bbox 1043 3407 1342 3478; x_wconf 82' lang='lat' dir='ltr'><strong>signiﬁcat,</strong></span> <span class='ocrx_word' id='word_1_453' title='bbox 1378 3406 1474 3475; x_wconf 90' lang='lat' dir='ltr'>qui</span> <span class='ocrx_word' id='word_1_454' title='bbox 1512 3421 1620 3461; x_wconf 91' lang='lat' dir='ltr'>non</span> <span class='ocrx_word' id='word_1_455' title='bbox 1656 3416 1898 3461; x_wconf 91' lang='lat' dir='ltr'><strong>renuunt</strong></span> <span class='ocrx_word' id='word_1_456' title='bbox 1937 3408 2048 3461; x_wconf 90' lang='lat' dir='ltr'><strong>ullo</strong></span> 
     </span>
    </p>
   </div>
   <div class='ocr_carea' id='block_1_51' title="bbox 460 3499 2050 3569">
    <p class='ocr_par' dir='ltr' id='par_1_51' title="bbox 460 3499 2050 3569">
     <span class='ocr_line' id='line_1_51' title="bbox 460 3499 2050 3569; baseline -0.002 -16"><span class='ocrx_word' id='word_1_457' title='bbox 460 3501 627 3554; x_wconf 91' lang='lat' dir='ltr'><strong>modo</strong></span> <span class='ocrx_word' id='word_1_458' title='bbox 675 3517 762 3555; x_wconf 90' lang='lat' dir='ltr'>res</span> <span class='ocrx_word' id='word_1_459' title='bbox 800 3515 967 3569; x_wconf 89' lang='lat' dir='ltr'><strong>supra</strong></span> <span class='ocrx_word' id='word_1_460' title='bbox 1000 3499 1149 3554; x_wconf 88' lang='lat' dir='ltr'><strong>vires</strong></span> <span class='ocrx_word' id='word_1_461' title='bbox 1187 3506 1284 3552; x_wconf 90' lang='lat' dir='ltr'>aut</span> <span class='ocrx_word' id='word_1_462' title='bbox 1327 3499 1555 3553; x_wconf 86' lang='lat' dir='ltr'><strong>altiores</strong></span> <span class='ocrx_word' id='word_1_463' title='bbox 1585 3506 1784 3552; x_wconf 87' lang='lat' dir='ltr'><strong>natura</strong></span> <span class='ocrx_word' id='word_1_464' title='bbox 1829 3515 1929 3554; x_wconf 91' lang='lat' dir='ltr'>sua</span> <span class='ocrx_word' id='word_1_465' title='bbox 1965 3514 2050 3569; x_wconf 83' lang='lat' dir='ltr'><strong>ag-</strong></span> 
     </span>
    </p>
   </div>
   <div class='ocr_carea' id='block_1_52' title="bbox 459 3587 2047 3660">
    <p class='ocr_par' dir='ltr' id='par_1_52' title="bbox 459 3587 2047 3660">
     <span class='ocr_line' id='line_1_52' title="bbox 459 3587 2047 3660; baseline 0 -18"><span class='ocrx_word' id='word_1_466' title='bbox 459 3591 616 3660; x_wconf 83' lang='lat' dir='ltr'><strong>gredi</strong></span> <span class='ocrx_word' id='word_1_467' title='bbox 652 3590 959 3659; x_wconf 87' lang='lat' dir='ltr'><strong>opitulante</strong></span> <span class='ocrx_word' id='word_1_468' title='bbox 993 3589 1130 3658; x_wconf 90' lang='lat' dir='ltr'><strong>ipsis</strong></span> <span class='ocrx_word' id='word_1_469' title='bbox 1163 3588 1297 3643; x_wconf 87' lang='lat' dir='ltr'><strong>Deo.</strong></span> <span class='ocrx_word' id='word_1_470' title='bbox 1339 3587 1671 3657; x_wconf 82' lang='lat' dir='ltr'><strong>Hujusmodi</strong></span> <span class='ocrx_word' id='word_1_471' title='bbox 1717 3599 1846 3644; x_wconf 91' lang='lat' dir='ltr'><strong>sunt</strong></span> <span class='ocrx_word' id='word_1_472' title='bbox 1877 3589 2047 3643; x_wconf 81' lang='lat' dir='ltr'><strong>nimi-</strong></span> 
     </span>
    </p>
   </div>
   <div class='ocr_carea' id='block_1_53' title="bbox 460 3679 2046 3750">
    <p class='ocr_par' dir='ltr' id='par_1_53' title="bbox 460 3679 2046 3750">
     <span class='ocr_line' id='line_1_53' title="bbox 460 3679 2046 3750; baseline 0 -16"><span class='ocrx_word' id='word_1_473' title='bbox 460 3695 608 3744; x_wconf 90' lang='lat' dir='ltr'><strong>rum,</strong></span> <span class='ocrx_word' id='word_1_474' title='bbox 639 3680 734 3748; x_wconf 94' lang='lat' dir='ltr'>qui</span> <span class='ocrx_word' id='word_1_475' title='bbox 770 3679 1075 3733; x_wconf 88' lang='lat' dir='ltr'><strong>Salvatoris</strong></span> <span class='ocrx_word' id='word_1_476' title='bbox 1114 3687 1243 3734; x_wconf 91' lang='lat' dir='ltr'><strong>sunt</strong></span> <span class='ocrx_word' id='word_1_477' title='bbox 1297 3681 1620 3748; x_wconf 88' lang='lat' dir='ltr'><strong>participes.</strong></span> <span class='ocrx_word' id='word_1_478' title='bbox 1674 3681 1912 3749; x_wconf 89' lang='lat' dir='ltr'><strong>Ideoque</strong></span> <span class='ocrx_word' id='word_1_479' title='bbox 1953 3680 2046 3750; x_wconf 91' lang='lat' dir='ltr'>qui</span> 
     </span>
    </p>
   </div>
   <div class='ocr_carea' id='block_1_54' title="bbox 459 3769 2046 3837">
    <p class='ocr_par' dir='ltr' id='par_1_54' title="bbox 459 3769 2046 3837">
     <span class='ocr_line' id='line_1_54' title="bbox 459 3769 2046 3837; baseline -0.001 -12"><span class='ocrx_word' id='word_1_480' title='bbox 459 3770 721 3825; x_wconf 74' lang='lat' dir='ltr'><strong>virtutem</strong></span> <span class='ocrx_word' id='word_1_481' title='bbox 748 3769 937 3822; x_wconf 88' lang='lat' dir='ltr'><strong>colunt</strong></span> <span class='ocrx_word' id='word_1_482' title='bbox 970 3769 1209 3822; x_wconf 82' lang='lat' dir='ltr'><strong>humana</strong></span> <span class='ocrx_word' id='word_1_483' title='bbox 1246 3769 1508 3837; x_wconf 83' lang='lat' dir='ltr'><strong>majorem</strong></span> <span class='ocrx_word' id='word_1_484' title='bbox 1538 3787 1551 3823; x_wconf 93' lang='lat'>:</span> <span class='ocrx_word' id='word_1_485' title='bbox 1597 3788 1616 3821; x_wconf 77' lang='grc' dir='ltr'>ι</span> <span class='ocrx_word' id='word_1_486' title='bbox 1654 3769 1788 3834; x_wconf 89' lang='lat' dir='ltr'><strong>Quis</strong></span> <span class='ocrx_word' id='word_1_487' title='bbox 1822 3786 1922 3825; x_wconf 93' lang='lat' dir='ltr'>nos</span> <span class='ocrx_word' id='word_1_488' title='bbox 1957 3785 2046 3824; x_wconf 56' lang='lat' dir='ltr'><strong>se.</strong></span> 
     </span>
    </p>
   </div>
   <div class='ocr_carea' id='block_1_55' title="bbox 460 3857 2039 3928">
    <p class='ocr_par' dir='ltr' id='par_1_55' title="bbox 460 3857 2039 3928">
     <span class='ocr_line' id='line_1_55' title="bbox 460 3857 2039 3928; baseline 0.002 -16"><span class='ocrx_word' id='word_1_489' title='bbox 460 3858 699 3928; x_wconf 87' lang='lat' dir='ltr'><strong>parabit,</strong></span> <span class='ocrx_word' id='word_1_490' title='bbox 748 3857 1025 3926; x_wconf 89' lang='lat' dir='ltr'><strong>inquiunt,</strong></span> <span class='ocrx_word' id='word_1_491' title='bbox 1066 3872 1094 3912; x_wconf 88' lang='lat' dir='ltr'>a</span> <span class='ocrx_word' id='word_1_492' title='bbox 1136 3857 1410 3912; x_wconf 83' lang='lat' dir='ltr'><strong>eharilatc</strong></span> <span class='ocrx_word' id='word_1_493' title='bbox 1439 3858 1680 3914; x_wconf 86' lang='lat' dir='ltr'><strong>Christi?</strong></span> <span class='ocrx_word' id='word_1_494' title='bbox 1707 3859 2039 3926; x_wconf 87' lang='lat' dir='ltr'><strong>Tribulatio,</strong></span> 
     </span>
    </p>
   </div>
   <div class='ocr_carea' id='block_1_56' title="bbox 458 3947 2040 4017">
    <p class='ocr_par' dir='ltr' id='par_1_56' title="bbox 458 3947 2040 4017">
     <span class='ocr_line' id='line_1_56' title="bbox 458 3947 2040 4017; baseline 0.003 -16"><span class='ocrx_word' id='word_1_495' title='bbox 458 3964 528 4001; x_wconf 89' lang='lat' dir='ltr'>an</span> <span class='ocrx_word' id='word_1_496' title='bbox 569 3947 840 4015; x_wconf 81' lang='lat' dir='ltr'><strong>angustia,</strong></span> <span class='ocrx_word' id='word_1_497' title='bbox 877 3961 944 4000; x_wconf 90' lang='lat' dir='ltr'>an</span> <span class='ocrx_word' id='word_1_498' title='bbox 981 3947 1319 4015; x_wconf 86' lang='lat' dir='ltr'><strong>persecutio,</strong></span> <span class='ocrx_word' id='word_1_499' title='bbox 1349 3961 1418 4000; x_wconf 91' lang='lat' dir='ltr'>an</span> <span class='ocrx_word' id='word_1_500' title='bbox 1451 3947 1648 4012; x_wconf 80' lang='lat' dir='ltr'><strong>fames,</strong></span> <span class='ocrx_word' id='word_1_501' title='bbox 1687 3963 1757 4002; x_wconf 90' lang='lat' dir='ltr'>an</span> <span class='ocrx_word' id='word_1_502' title='bbox 1799 3949 2040 4017; x_wconf 86' lang='lat' dir='ltr'><strong>nuditas,</strong></span> 
     </span>
    </p>
   </div>
   <div class='ocr_carea' id='block_1_57' title="bbox 461 4035 2042 4109">
    <p class='ocr_par' dir='ltr' id='par_1_57' title="bbox 461 4035 2042 4109">
     <span class='ocr_line' id='line_1_57' title="bbox 461 4035 2042 4109; baseline 0.001 -17"><span class='ocrx_word' id='word_1_503' title='bbox 461 4054 529 4092; x_wconf 88' lang='lat' dir='ltr'>an</span> <span class='ocrx_word' id='word_1_504' title='bbox 566 4037 890 4107; x_wconf 87' lang='lat' dir='ltr'><strong>periculum,</strong></span> <span class='ocrx_word' id='word_1_505' title='bbox 923 4051 989 4090; x_wconf 89' lang='lat' dir='ltr'>an</span> <span class='ocrx_word' id='word_1_506' title='bbox 1025 4037 1241 4106; x_wconf 79' lang='lat' dir='ltr'><strong>gladius</strong></span> <span class='ocrx_word' id='word_1_507' title='bbox 1269 4037 1355 4089; x_wconf 86' lang='lat'>“?</span> <span class='ocrx_word' id='word_1_508' title='bbox 1391 4056 1410 4090; x_wconf 68' lang='grc' dir='ltr'>ι</span> <span class='ocrx_word' id='word_1_509' title='bbox 1444 4035 1640 4092; x_wconf 90' lang='lat' dir='ltr'><strong>Omnia</strong></span> <span class='ocrx_word' id='word_1_510' title='bbox 1669 4039 1870 4109; x_wconf 85' lang='lat' dir='ltr'><strong>quippe</strong></span> <span class='ocrx_word' id='word_1_511' title='bbox 1899 4040 2042 4094; x_wconf 86' lang='lat' dir='ltr'><strong>mala</strong></span> 
     </span>
    </p>
   </div>
   <div class='ocr_carea' id='block_1_58' title="bbox 455 4128 2039 4199">
    <p class='ocr_par' dir='ltr' id='par_1_58' title="bbox 455 4128 2039 4199">
     <span class='ocr_line' id='line_1_58' title="bbox 455 4128 2039 4199; baseline 0.001 -14"><span class='ocrx_word' id='word_1_512' title='bbox 455 4129 767 4185; x_wconf 81' lang='lat' dir='ltr'><strong>tolerabilia</strong></span> <span class='ocrx_word' id='word_1_513' title='bbox 796 4137 926 4183; x_wconf 86' lang='lat' dir='ltr'><strong>sunt</strong></span> <span class='ocrx_word' id='word_1_514' title='bbox 957 4129 1065 4198; x_wconf 91' lang='lat' dir='ltr'><strong>piis</strong></span> <span class='ocrx_word' id='word_1_515' title='bbox 1092 4128 1410 4189; x_wconf 85' lang='lat' dir='ltr'><strong>hominibus</strong></span> <span class='ocrx_word' id='word_1_516' title='bbox 1439 4137 1661 4199; x_wconf 84' lang='lat' dir='ltr'><strong>prOpter</strong></span> <span class='ocrx_word' id='word_1_517' title='bbox 1688 4131 2039 4186; x_wconf 78' lang='lat' dir='ltr'><strong>dilectionem</strong></span> 
     </span>
    </p>
   </div>
   <div class='ocr_carea' id='block_1_59' title="bbox 452 4220 2042 4292">
    <p class='ocr_par' dir='ltr' id='par_1_59' title="bbox 452 4220 2042 4292">
     <span class='ocr_line' id='line_1_59' title="bbox 452 4220 2042 4292; baseline 0.001 -16"><span class='ocrx_word' id='word_1_518' title='bbox 452 4221 686 4282; x_wconf 77' lang='lat' dir='ltr'><strong>Christi,</strong></span> <span class='ocrx_word' id='word_1_519' title='bbox 714 4230 768 4275; x_wconf 90' lang='lat' dir='ltr'>et</span> <span class='ocrx_word' id='word_1_520' title='bbox 800 4220 929 4275; x_wconf 92' lang='lat' dir='ltr'><strong>licet</strong></span> <span class='ocrx_word' id='word_1_521' title='bbox 954 4220 1241 4275; x_wconf 90' lang='lat' dir='ltr'><strong>tribulatio</strong></span> <span class='ocrx_word' id='word_1_522' title='bbox 1279 4227 1339 4273; x_wconf 92' lang='lat' dir='ltr'>ut</span> <span class='ocrx_word' id='word_1_523' title='bbox 1375 4236 1533 4275; x_wconf 89' lang='lat' dir='ltr'><strong>mons</strong></span> <span class='ocrx_word' id='word_1_524' title='bbox 1577 4221 1842 4292; x_wconf 84' lang='lat' dir='ltr'><strong>erigatur.</strong></span> <span class='ocrx_word' id='word_1_525' title='bbox 1875 4237 2042 4277; x_wconf 91' lang='lat' dir='ltr'><strong>omne</strong></span> 
     </span>
    </p>
   </div>
   <div class='ocr_carea' id='block_1_60' title="bbox 457 4309 2041 4380">
    <p class='ocr_par' dir='ltr' id='par_1_60' title="bbox 457 4309 2041 4380">
     <span class='ocr_line' id='line_1_60' title="bbox 457 4309 2041 4380; baseline 0.002 -16"><span class='ocrx_word' id='word_1_526' title='bbox 457 4310 762 4380; x_wconf 86' lang='lat' dir='ltr'><strong>periculum</strong></span> <span class='ocrx_word' id='word_1_527' title='bbox 790 4310 1039 4365; x_wconf 90' lang='lat' dir='ltr'><strong>animose</strong></span> <span class='ocrx_word' id='word_1_528' title='bbox 1087 4309 1164 4364; x_wconf 92' lang='lat' dir='ltr'><strong>illi</strong></span> <span class='ocrx_word' id='word_1_529' title='bbox 1201 4310 1567 4380; x_wconf 83' lang='lat' dir='ltr'><strong>superabunt,</strong></span> <span class='ocrx_word' id='word_1_530' title='bbox 1608 4321 1710 4366; x_wconf 91' lang='lat' dir='ltr'>eta</span> <span class='ocrx_word' id='word_1_531' title='bbox 1748 4311 2041 4367; x_wconf 90' lang='lat' dir='ltr'><strong>dilectione</strong></span> 
     </span>
    </p>
   </div>
   <div class='ocr_carea' id='block_1_61' title="bbox 459 4401 2041 4460">
    <p class='ocr_par' dir='ltr' id='par_1_61' title="bbox 459 4401 2041 4460">
     <span class='ocr_line' id='line_1_61' title="bbox 459 4401 2041 4460; baseline 0.002 -3"><span class='ocrx_word' id='word_1_532' title='bbox 459 4401 551 4457; x_wconf 82' lang='lat' dir='ltr'><strong>Dei</strong></span> <span class='ocrx_word' id='word_1_533' title='bbox 586 4418 695 4457; x_wconf 88' lang='lat' dir='ltr'>non</span> <span class='ocrx_word' id='word_1_534' title='bbox 728 4406 1009 4458; x_wconf 89' lang='lat' dir='ltr'><strong>recedent.</strong></span> <span class='ocrx_word' id='word_1_535' title='bbox 1045 4401 1182 4456; x_wconf 86' lang='lat' dir='ltr'><strong>Cum</strong></span> <span class='ocrx_word' id='word_1_536' title='bbox 1229 4412 1411 4458; x_wconf 92' lang='lat' dir='ltr'><strong>autem</strong></span> <span class='ocrx_word' id='word_1_537' title='bbox 1449 4402 1789 4459; x_wconf 87' lang='lat' dir='ltr'><strong>descendere</strong></span> <span class='ocrx_word' id='word_1_538' title='bbox 1822 4403 2041 4460; x_wconf 91' lang='lat' dir='ltr'><strong>dicatur</strong></span> 
     </span>
    </p>
   </div>
   <div class='ocr_carea' id='block_1_62' title="bbox 456 4491 2023 4564">
    <p class='ocr_par' dir='ltr' id='par_1_62' title="bbox 456 4491 2023 4564">
     <span class='ocr_line' id='line_1_62' title="bbox 456 4491 2023 4564; baseline 0.004 -21"><span class='ocrx_word' id='word_1_539' title='bbox 456 4491 622 4556; x_wconf 79' lang='lat' dir='ltr'><strong>Deus,</strong></span> <span class='ocrx_word' id='word_1_540' title='bbox 672 4499 853 4546; x_wconf 83' lang='lat' dir='ltr'><strong>tamen</strong></span> <span class='ocrx_word' id='word_1_541' title='bbox 879 4508 987 4546; x_wconf 92' lang='lat' dir='ltr'>non</span> <span class='ocrx_word' id='word_1_542' title='bbox 1038 4493 1092 4546; x_wconf 92' lang='lat' dir='ltr'>in</span> <span class='ocrx_word' id='word_1_543' title='bbox 1126 4493 1372 4563; x_wconf 87' lang='lat' dir='ltr'><strong>planitie,</strong></span> <span class='ocrx_word' id='word_1_544' title='bbox 1409 4495 1506 4549; x_wconf 87' lang='lat' dir='ltr'>sed</span> <span class='ocrx_word' id='word_1_545' title='bbox 1537 4510 1704 4563; x_wconf 87' lang='lat' dir='ltr'><strong>supra</strong></span> <span class='ocrx_word' id='word_1_546' title='bbox 1750 4496 2023 4564; x_wconf 90' lang='lat' dir='ltr'><strong>quodam-</strong></span> 
     </span>
    </p>
   </div>
   <div class='ocr_carea' id='block_1_63' title="bbox 454 4582 2039 4653">
    <p class='ocr_par' dir='ltr' id='par_1_63' title="bbox 454 4582 2039 4653">
     <span class='ocr_line' id='line_1_63' title="bbox 454 4582 2039 4653; baseline 0.003 -19"><span class='ocrx_word' id='word_1_547' title='bbox 454 4582 638 4647; x_wconf 88' lang='lat' dir='ltr'><strong>modo,</strong></span> <span class='ocrx_word' id='word_1_548' title='bbox 667 4589 722 4636; x_wconf 88' lang='lat' dir='ltr'>et</span> <span class='ocrx_word' id='word_1_549' title='bbox 761 4583 814 4636; x_wconf 92' lang='lat' dir='ltr'>iu</span> <span class='ocrx_word' id='word_1_550' title='bbox 848 4591 1032 4637; x_wconf 84' lang='lat' dir='ltr'><strong>monte</strong></span> <span class='ocrx_word' id='word_1_551' title='bbox 1065 4590 1311 4651; x_wconf 87' lang='lat' dir='ltr'><strong>apparet,</strong></span> <span class='ocrx_word' id='word_1_552' title='bbox 1342 4589 1399 4635; x_wconf 90' lang='lat' dir='ltr'>ut</span> <span class='ocrx_word' id='word_1_553' title='bbox 1430 4583 1538 4636; x_wconf 89' lang='lat' dir='ltr'><strong>tale</strong></span> <span class='ocrx_word' id='word_1_554' title='bbox 1585 4583 1850 4652; x_wconf 87' lang='lat' dir='ltr'><strong>quiddam</strong></span> <span class='ocrx_word' id='word_1_555' title='bbox 1894 4584 2039 4653; x_wconf 88' lang='lat' dir='ltr'><strong>apud</strong></span> 
     </span>
    </p>
   </div>
   <div class='ocr_carea' id='block_1_64' title="bbox 432 4656 2038 4744">
    <p class='ocr_par' dir='ltr' id='par_1_64' title="bbox 432 4656 2038 4744">
     <span class='ocr_line' id='line_1_64' title="bbox 432 4656 2038 4744; baseline 0.001 -17"><span class='ocrx_word' id='word_1_556' title='bbox 432 4656 509 4728; x_wconf 28' lang='lat' dir='ltr'><strong>&#39;te</strong></span> <span class='ocrx_word' id='word_1_557' title='bbox 551 4675 782 4744; x_wconf 85' lang='lat' dir='ltr'><strong>cogites,</strong></span> <span class='ocrx_word' id='word_1_558' title='bbox 843 4675 1106 4729; x_wconf 89' lang='lat' dir='ltr'><strong>nimirum</strong></span> <span class='ocrx_word' id='word_1_559' title='bbox 1159 4674 1288 4728; x_wconf 88' lang='lat' dir='ltr'><strong>licet</strong></span> <span class='ocrx_word' id='word_1_560' title='bbox 1343 4681 1537 4726; x_wconf 88' lang='lat' dir='ltr'><strong>natura</strong></span> <span class='ocrx_word' id='word_1_561' title='bbox 1592 4674 1775 4726; x_wconf 75' lang='lat' dir='ltr'><strong>divina</strong></span> <span class='ocrx_word' id='word_1_562' title='bbox 1831 4673 2038 4728; x_wconf 89' lang='lat' dir='ltr'><strong>nostris</strong></span> 
     </span>
    </p>
   </div>
   <div class='ocr_carea' id='block_1_65' title="bbox 455 4765 2036 4837">
    <p class='ocr_par' dir='ltr' id='par_1_65' title="bbox 455 4765 2036 4837">
     <span class='ocr_line' id='line_1_65' title="bbox 455 4765 2036 4837; baseline 0.002 -19"><span class='ocrx_word' id='word_1_563' title='bbox 455 4766 731 4820; x_wconf 86' lang='lat' dir='ltr'><strong>mentibus</strong></span> <span class='ocrx_word' id='word_1_564' title='bbox 758 4765 1233 4830; x_wconf 88' lang='lat' dir='ltr'><strong>condescendens,</strong></span> <span class='ocrx_word' id='word_1_565' title='bbox 1256 4767 1494 4835; x_wconf 89' lang='lat' dir='ltr'><strong>seipsam</strong></span> <span class='ocrx_word' id='word_1_566' title='bbox 1526 4766 1688 4820; x_wconf 87' lang='lat' dir='ltr'><strong>nobis</strong></span> <span class='ocrx_word' id='word_1_567' title='bbox 1724 4766 2036 4837; x_wconf 85' lang='lat' dir='ltr'><strong>intelligen-</strong></span> 
     </span>
    </p>
   </div>
   <div class='ocr_carea' id='block_1_66' title="bbox 452 4853 2036 4927">
    <p class='ocr_par' dir='ltr' id='par_1_66' title="bbox 452 4853 2036 4927">
     <span class='ocr_line' id='line_1_66' title="bbox 452 4853 2036 4927; baseline 0.003 -20"><span class='ocrx_word' id='word_1_568' title='bbox 452 4853 581 4907; x_wconf 90' lang='lat' dir='ltr'>dam</span> <span class='ocrx_word' id='word_1_569' title='bbox 613 4857 871 4923; x_wconf 64' lang='lat' dir='ltr'><strong>praebeat,</strong></span> <span class='ocrx_word' id='word_1_570' title='bbox 907 4859 1158 4912; x_wconf 89' lang='lat' dir='ltr'><strong>altiorem</strong></span> <span class='ocrx_word' id='word_1_571' title='bbox 1207 4865 1389 4910; x_wconf 89' lang='lat' dir='ltr'><strong>tamen</strong></span> <span class='ocrx_word' id='word_1_572' title='bbox 1438 4872 1562 4911; x_wconf 87' lang='lat' dir='ltr'><strong>esse</strong></span> <span class='ocrx_word' id='word_1_573' title='bbox 1615 4873 1781 4927; x_wconf 89' lang='lat' dir='ltr'><strong>quam</strong></span> <span class='ocrx_word' id='word_1_574' title='bbox 1817 4867 1877 4912; x_wconf 93' lang='lat' dir='ltr'>ut</span> <span class='ocrx_word' id='word_1_575' title='bbox 1914 4873 2036 4913; x_wconf 88' lang='lat' dir='ltr'>eam</span> 
     </span>
    </p>
   </div>
   <div class='ocr_carea' id='block_1_67' title="bbox 449 4943 2031 5018">
    <p class='ocr_par' dir='ltr' id='par_1_67' title="bbox 449 4943 2031 5018">
     <span class='ocr_line' id='line_1_67' title="bbox 449 4943 2031 5018; baseline 0.004 -21"><span class='ocrx_word' id='word_1_576' title='bbox 449 4943 758 5012; x_wconf 80' lang='lat' dir='ltr'><strong>exprimere</strong></span> <span class='ocrx_word' id='word_1_577' title='bbox 784 4946 1016 5000; x_wconf 90' lang='lat' dir='ltr'><strong>dicendo</strong></span> <span class='ocrx_word' id='word_1_578' title='bbox 1047 4957 1142 4999; x_wconf 90' lang='lat' dir='ltr'>aut</span> <span class='ocrx_word' id='word_1_579' title='bbox 1164 4946 1381 5016; x_wconf 90' lang='lat' dir='ltr'><strong>assequi</strong></span> <span class='ocrx_word' id='word_1_580' title='bbox 1411 4948 1705 5017; x_wconf 83' lang='lat' dir='ltr'><strong>cogitando</strong></span> <span class='ocrx_word' id='word_1_581' title='bbox 1735 4950 2031 5018; x_wconf 88' lang='lat' dir='ltr'><strong>possimus.</strong></span> 
     </span>
    </p>
   </div>
   <div class='ocr_carea' id='block_1_68' title="bbox 454 5033 2033 5110">
    <p class='ocr_par' dir='ltr' id='par_1_68' title="bbox 454 5033 2033 5110">
     <span class='ocr_line' id='line_1_68' title="bbox 454 5033 2033 5110; baseline 0.004 -22"><span class='ocrx_word' id='word_1_582' title='bbox 454 5033 772 5089; x_wconf 86' lang='lat' dir='ltr'><strong>Sublimitas</strong></span> <span class='ocrx_word' id='word_1_583' title='bbox 795 5036 942 5090; x_wconf 89' lang='lat' dir='ltr'><strong>enim</strong></span> <span class='ocrx_word' id='word_1_584' title='bbox 973 5046 1027 5090; x_wconf 90' lang='lat' dir='ltr'>et</span> <span class='ocrx_word' id='word_1_585' title='bbox 1052 5038 1352 5092; x_wconf 87' lang='lat' dir='ltr'><strong>eminentia</strong></span> <span class='ocrx_word' id='word_1_586' title='bbox 1373 5038 1686 5094; x_wconf 87' lang='lat' dir='ltr'><strong>divinorum</strong></span> <span class='ocrx_word' id='word_1_587' title='bbox 1714 5039 2033 5110; x_wconf 82' lang='lat' dir='ltr'><strong>dogmatum</strong></span> 
     </span>
    </p>
   </div>
   <div class='ocr_carea' id='block_1_69' title="bbox 453 5126 2106 5225">
    <p class='ocr_par' dir='ltr' id='par_1_69' title="bbox 453 5126 2106 5225">
     <span class='ocr_line' id='line_1_69' title="bbox 453 5126 2106 5225; baseline 0.003 -45"><span class='ocrx_word' id='word_1_588' title='bbox 453 5140 550 5196; x_wconf 89' lang='lat' dir='ltr'>per</span> <span class='ocrx_word' id='word_1_589' title='bbox 582 5131 822 5179; x_wconf 88' lang='lat' dir='ltr'><strong>montem</strong></span> <span class='ocrx_word' id='word_1_590' title='bbox 878 5126 1246 5194; x_wconf 81' lang='lat' dir='ltr'><strong>signiﬁcatur,</strong></span> <span class='ocrx_word' id='word_1_591' title='bbox 1300 5144 1462 5198; x_wconf 89' lang='lat' dir='ltr'><strong>quem</strong></span> <span class='ocrx_word' id='word_1_592' title='bbox 1513 5129 1666 5182; x_wconf 76' lang='lat' dir='ltr'><strong>fumo</strong></span> <span class='ocrx_word' id='word_1_593' title='bbox 1713 5137 1886 5183; x_wconf 89' lang='lat' dir='ltr'><strong>totum</strong></span> <span class='ocrx_word' id='word_1_594' title='bbox 1932 5145 2031 5199; x_wconf 87' lang='lat' dir='ltr'><strong>op—</strong></span> <span class='ocrx_word' id='word_1_595' title='bbox 2065 5171 2106 5225; x_wconf 67' lang='grc' dir='ltr'><strong>Β</strong></span> 
     </span>
    </p>
   </div>
   <div class='ocr_carea' id='block_1_70' title="bbox 449 5216 2032 5288">
    <p class='ocr_par' dir='ltr' id='par_1_70' title="bbox 449 5216 2032 5288">
     <span class='ocr_line' id='line_1_70' title="bbox 449 5216 2032 5288; baseline 0.002 -17"><span class='ocrx_word' id='word_1_596' title='bbox 449 5219 653 5288; x_wconf 89' lang='lat' dir='ltr'><strong>pletum</strong></span> <span class='ocrx_word' id='word_1_597' title='bbox 685 5216 848 5287; x_wconf 72' lang='lat'>258</span> <span class='ocrx_word' id='word_1_598' title='bbox 879 5217 1032 5271; x_wconf 90' lang='lat' dir='ltr'><strong>dicit.</strong></span> <span class='ocrx_word' id='word_1_599' title='bbox 1074 5217 1245 5274; x_wconf 86' lang='lat' dir='ltr'><strong>Acres</strong></span> <span class='ocrx_word' id='word_1_600' title='bbox 1268 5220 1412 5272; x_wconf 88' lang='lat' dir='ltr'><strong>enim</strong></span> <span class='ocrx_word' id='word_1_601' title='bbox 1454 5226 1582 5274; x_wconf 85' lang='lat' dir='ltr'><strong>sunt</strong></span> <span class='ocrx_word' id='word_1_602' title='bbox 1617 5219 1864 5287; x_wconf 75' lang='lat' dir='ltr'><strong>profecto</strong></span> <span class='ocrx_word' id='word_1_603' title='bbox 1884 5259 1897 5284; x_wconf 95' lang='lat'>,</span> <span class='ocrx_word' id='word_1_604' title='bbox 1929 5235 2032 5274; x_wconf 88' lang='lat' dir='ltr'>nec</span> 
     </span>
    </p>
   </div>
   <div class='ocr_carea' id='block_1_71' title="bbox 449 5308 2029 5380">
    <p class='ocr_par' dir='ltr' id='par_1_71' title="bbox 449 5308 2029 5380">
     <span class='ocr_line' id='line_1_71' title="bbox 449 5308 2029 5380; baseline 0.002 -17"><span class='ocrx_word' id='word_1_605' title='bbox 449 5309 745 5364; x_wconf 89' lang='lat' dir='ltr'><strong>admodum</strong></span> <span class='ocrx_word' id='word_1_606' title='bbox 775 5309 909 5364; x_wconf 86' lang='lat' dir='ltr'><strong>clari</strong></span> <span class='ocrx_word' id='word_1_607' title='bbox 945 5308 1089 5380; x_wconf 84' lang='lat' dir='ltr'><strong>apud</strong></span> <span class='ocrx_word' id='word_1_608' title='bbox 1121 5324 1221 5364; x_wconf 92' lang='lat' dir='ltr'>nos</span> <span class='ocrx_word' id='word_1_609' title='bbox 1250 5309 1318 5364; x_wconf 90' lang='lat' dir='ltr'>de</span> <span class='ocrx_word' id='word_1_610' title='bbox 1355 5309 1563 5365; x_wconf 87' lang='lat' dir='ltr'><strong>deitate</strong></span> <span class='ocrx_word' id='word_1_611' title='bbox 1594 5324 1903 5375; x_wconf 88' lang='lat' dir='ltr'><strong>sermones,</strong></span> <span class='ocrx_word' id='word_1_612' title='bbox 1936 5312 2029 5380; x_wconf 87' lang='lat' dir='ltr'>qui</span> 
     </span>
    </p>
   </div>
   <div class='ocr_carea' id='block_1_72' title="bbox 449 5399 2026 5472">
    <p class='ocr_par' dir='ltr' id='par_1_72' title="bbox 449 5399 2026 5472">
     <span class='ocr_line' id='line_1_72' title="bbox 449 5399 2026 5472; baseline 0.004 -18"><span class='ocrx_word' id='word_1_613' title='bbox 449 5402 648 5456; x_wconf 88' lang='lat' dir='ltr'><strong>mentis</strong></span> <span class='ocrx_word' id='word_1_614' title='bbox 677 5402 896 5456; x_wconf 91' lang='lat' dir='ltr'><strong>o&#39;culum</strong></span> <span class='ocrx_word' id='word_1_615' title='bbox 942 5399 1092 5454; x_wconf 83' lang='lat' dir='ltr'><strong>fumo</strong></span> <span class='ocrx_word' id='word_1_616' title='bbox 1119 5400 1398 5456; x_wconf 86' lang='lat' dir='ltr'><strong>vellicant.</strong></span> <span class='ocrx_word' id='word_1_617' title='bbox 1437 5400 1783 5472; x_wconf 82' lang='lat' dir='ltr'><strong>Quapmpter</strong></span> <span class='ocrx_word' id='word_1_618' title='bbox 1822 5401 2026 5460; x_wconf 87' lang='lat' dir='ltr'><strong>Paulus</strong></span> 
     </span>
    </p>
   </div>
   <div class='ocr_carea' id='block_1_73' title="bbox 447 5491 2027 5564">
    <p class='ocr_par' dir='ltr' id='par_1_73' title="bbox 447 5491 2027 5564">
     <span class='ocr_line' id='line_1_73' title="bbox 447 5491 2027 5564; baseline 0.004 -20"><span class='ocrx_word' id='word_1_619' title='bbox 447 5491 542 5548; x_wconf 85' lang='lat' dir='ltr'><strong>ille</strong></span> <span class='ocrx_word' id='word_1_620' title='bbox 571 5493 1034 5562; x_wconf 84' lang='lat' dir='ltr'><strong>sapientissimus,</strong></span> <span class='ocrx_word' id='word_1_621' title='bbox 1069 5495 1124 5547; x_wconf 87' lang='lat' dir='ltr'>in</span> <span class='ocrx_word' id='word_1_622' title='bbox 1179 5492 1409 5562; x_wconf 86' lang='lat' dir='ltr'><strong>speculo</strong></span> <span class='ocrx_word' id='word_1_623' title='bbox 1441 5503 1495 5548; x_wconf 93' lang='lat' dir='ltr'>et</span> <span class='ocrx_word' id='word_1_624' title='bbox 1519 5493 1813 5564; x_wconf 74' lang='lat' dir='ltr'><strong>:enigmate</strong></span> <span class='ocrx_word' id='word_1_625' title='bbox 1841 5495 2027 5551; x_wconf 85' lang='lat' dir='ltr'><strong>videre</strong></span> 
     </span>
    </p>
   </div>
   <div class='ocr_carea' id='block_1_74' title="bbox 2153 2583 3740 2658">
    <p class='ocr_par' dir='ltr' id='par_1_74' title="bbox 2153 2583 3740 2658">
     <span class='ocr_line' id='line_1_74' title="bbox 2153 2583 3740 2658; baseline -0.004 -17"><span class='ocrx_word' id='word_1_626' title='bbox 2153 2589 2458 2658; x_wconf 83' lang='grc' dir='ltr'>ἀπάντησιν</span> <span class='ocrx_word' id='word_1_627' title='bbox 2486 2586 2579 2640; x_wconf 87' lang='grc' dir='ltr'>τοῦ</span> <span class='ocrx_word' id='word_1_628' title='bbox 2631 2584 2788 2647; x_wconf 88' lang='grc' dir='ltr'>Θεοῦ,</span> <span class='ocrx_word' id='word_1_629' title='bbox 2831 2583 2974 2636; x_wconf 87' lang='grc' dir='ltr'>καθά</span> <span class='ocrx_word' id='word_1_630' title='bbox 3025 2583 3359 2653; x_wconf 89' lang='grc' dir='ltr'>γέγραπται,</span> <span class='ocrx_word' id='word_1_631' title='bbox 3409 2586 3634 2652; x_wconf 86' lang='grc' dir='ltr'>σημεῖον</span> <span class='ocrx_word' id='word_1_632' title='bbox 3673 2583 3740 2636; x_wconf 83' lang='grc' dir='ltr'>ἂν</span> 
     </span>
    </p>
   </div>
   <div class='ocr_carea' id='block_1_75' title="bbox 2152 2671 3737 2744">
    <p class='ocr_par' dir='ltr' id='par_1_75' title="bbox 2152 2671 3737 2744">
     <span class='ocr_line' id='line_1_75' title="bbox 2152 2671 3737 2744; baseline -0.002 -16"><span class='ocrx_word' id='word_1_633' title='bbox 2152 2679 2362 2744; x_wconf 90' lang='grc' dir='ltr'>γένοιτο</span> <span class='ocrx_word' id='word_1_634' title='bbox 2417 2675 2606 2743; x_wconf 83' lang='grc' dir='ltr'>σαφὲς,</span> <span class='ocrx_word' id='word_1_635' title='bbox 2637 2674 2733 2726; x_wconf 89' lang='lat' dir='ltr'>xui</span> <span class='ocrx_word' id='word_1_636' title='bbox 2793 2672 2950 2740; x_wconf 87' lang='grc' dir='ltr'>λόγος</span> <span class='ocrx_word' id='word_1_637' title='bbox 2977 2673 3054 2736; x_wconf 84' lang='grc' dir='ltr'>ὼς</span> <span class='ocrx_word' id='word_1_638' title='bbox 3090 2674 3148 2726; x_wconf 83' lang='grc' dir='ltr'>ὲν</span> <span class='ocrx_word' id='word_1_639' title='bbox 3188 2673 3495 2742; x_wconf 81' lang='grc' dir='ltr'>αἰνίγματι,</span> <span class='ocrx_word' id='word_1_640' title='bbox 3525 2671 3622 2724; x_wconf 90' lang='grc' dir='ltr'>τοῦ</span> <span class='ocrx_word' id='word_1_641' title='bbox 3661 2673 3737 2742; x_wconf 84' lang='grc' dir='ltr'>μὴ</span> 
     </span>
    </p>
   </div>
   <div class='ocr_carea' id='block_1_76' title="bbox 2153 2764 3739 2834">
    <p class='ocr_par' dir='ltr' id='par_1_76' title="bbox 2153 2764 3739 2834">
     <span class='ocr_line' id='line_1_76' title="bbox 2153 2764 3739 2834; baseline -0.001 -16"><span class='ocrx_word' id='word_1_642' title='bbox 2153 2766 2411 2821; x_wconf 87' lang='grc' dir='ltr'>δύνασθαί</span> <span class='ocrx_word' id='word_1_643' title='bbox 2443 2782 2596 2828; x_wconf 89' lang='grc' dir='ltr'>τινας</span> <span class='ocrx_word' id='word_1_644' title='bbox 2633 2764 3102 2834; x_wconf 82' lang='grc' dir='ltr'>ἀπαιδαγωγήτως</span> <span class='ocrx_word' id='word_1_645' title='bbox 3146 2781 3206 2817; x_wconf 90' lang='grc' dir='ltr'>τε</span> <span class='ocrx_word' id='word_1_646' title='bbox 3240 2765 3333 2818; x_wconf 87' lang='lat' dir='ltr'>xui</span> <span class='ocrx_word' id='word_1_647' title='bbox 3362 2765 3739 2834; x_wconf 87' lang='grc' dir='ltr'>ἀνεπιστήτως</span> 
     </span>
    </p>
   </div>
   <div class='ocr_carea' id='block_1_77' title="bbox 2157 2855 3738 2928">
    <p class='ocr_par' dir='ltr' id='par_1_77' title="bbox 2157 2855 3738 2928">
     <span class='ocr_line' id='line_1_77' title="bbox 2157 2855 3738 2928; baseline -0.002 -17"><span class='ocrx_word' id='word_1_648' title='bbox 2157 2858 2290 2911; x_wconf 87' lang='grc' dir='ltr'>ἰέναι</span> <span class='ocrx_word' id='word_1_649' title='bbox 2322 2857 2456 2928; x_wconf 90' lang='grc' dir='ltr'>πρὸς</span> <span class='ocrx_word' id='word_1_650' title='bbox 2493 2857 2645 2917; x_wconf 88' lang='grc' dir='ltr'>Θεὸν.</span> <span class='ocrx_word' id='word_1_651' title='bbox 2687 2856 2836 2927; x_wconf 88' lang='grc' dir='ltr'>νόμῳ</span> <span class='ocrx_word' id='word_1_652' title='bbox 2873 2856 2929 2909; x_wconf 84' lang='grc' dir='ltr'>δὲ</span> <span class='ocrx_word' id='word_1_653' title='bbox 2967 2855 3164 2925; x_wconf 84' lang='grc' dir='ltr'>μᾶλλον</span> <span class='ocrx_word' id='word_1_654' title='bbox 3191 2856 3738 2926; x_wconf 87' lang='grc' dir='ltr'>χειραγωγουμένους</span> 
     </span>
    </p>
   </div>
   <div class='ocr_carea' id='block_1_78' title="bbox 2151 2940 3736 3017">
    <p class='ocr_par' dir='ltr' id='par_1_78' title="bbox 2151 2940 3736 3017">
     <span class='ocr_line' id='line_1_78' title="bbox 2151 2940 3736 3017; baseline 0 -17"><span class='ocrx_word' id='word_1_655' title='bbox 2151 2948 2231 3012; x_wconf 88' lang='grc' dir='ltr'>εἰς</span> <span class='ocrx_word' id='word_1_656' title='bbox 2270 2948 2565 3014; x_wconf 76' lang='grc' dir='ltr'>ἐπίγνωσιν</span> <span class='ocrx_word' id='word_1_657' title='bbox 2601 2940 2676 3000; x_wconf 80' lang='grc' dir='ltr'>ὧν</span> <span class='ocrx_word' id='word_1_658' title='bbox 2701 2947 2946 3017; x_wconf 81' lang='grc' dir='ltr'>ζητοῦσι,</span> <span class='ocrx_word' id='word_1_659' title='bbox 2995 2945 3207 3016; x_wconf 90' lang='grc' dir='ltr'>μαθεῖν.</span> <span class='ocrx_word' id='word_1_660' title='bbox 3257 2948 3464 3017; x_wconf 85' lang='grc' dir='ltr'>Μωσῆς</span> <span class='ocrx_word' id='word_1_661' title='bbox 3515 2948 3626 3017; x_wconf 84' lang='grc' dir='ltr'>γὰρ</span> <span class='ocrx_word' id='word_1_662' title='bbox 3655 2949 3736 3011; x_wconf 85' lang='grc' dir='ltr'>εἰς</span> 
     </span>
    </p>
   </div>
   <div class='ocr_carea' id='block_1_79' title="bbox 2151 3036 3733 3108">
    <p class='ocr_par' dir='ltr' id='par_1_79' title="bbox 2151 3036 3733 3108">
     <span class='ocr_line' id='line_1_79' title="bbox 2151 3036 3733 3108; baseline -0.001 -16"><span class='ocrx_word' id='word_1_663' title='bbox 2151 3040 2312 3104; x_wconf 85' lang='grc' dir='ltr'>νόμον</span> <span class='ocrx_word' id='word_1_664' title='bbox 2342 3039 2476 3107; x_wconf 83' lang='grc' dir='ltr'>ἡμῖν</span> <span class='ocrx_word' id='word_1_665' title='bbox 2515 3036 2860 3108; x_wconf 86' lang='grc' dir='ltr'>νοηθήσεται,</span> <span class='ocrx_word' id='word_1_666' title='bbox 2883 3036 3025 3089; x_wconf 86' lang='grc' dir='ltr'>κατά</span> <span class='ocrx_word' id='word_1_667' title='bbox 3045 3037 3104 3088; x_wconf 87' lang='grc' dir='ltr'>τὸ</span> <span class='ocrx_word' id='word_1_668' title='bbox 3121 3037 3408 3106; x_wconf 81' lang='grc' dir='ltr'>εἰρημένον</span> <span class='ocrx_word' id='word_1_669' title='bbox 3439 3037 3542 3090; x_wconf 82' lang='grc' dir='ltr'>ὑπό</span> <span class='ocrx_word' id='word_1_670' title='bbox 3562 3055 3705 3101; x_wconf 87' lang='grc' dir='ltr'>τινος</span> <span class='ocrx_word' id='word_1_671' title='bbox 3720 3057 3733 3067; x_wconf 90' lang='grc'>·</span> 
     </span>
    </p>
   </div>
   <div class='ocr_carea' id='block_1_80' title="bbox 2156 3128 3735 3199">
    <p class='ocr_par' dir='ltr' id='par_1_80' title="bbox 2156 3128 3735 3199">
     <span class='ocr_line' id='line_1_80' title="bbox 2156 3128 3735 3199; baseline 0.001 -18"><span class='ocrx_word' id='word_1_672' title='bbox 2156 3149 2174 3181; x_wconf 78' lang='grc' dir='ltr'>ι</span> <span class='ocrx_word' id='word_1_673' title='bbox 2213 3131 2435 3199; x_wconf 86' lang='grc' dir='ltr'>Ἔχουσι</span> <span class='ocrx_word' id='word_1_674' title='bbox 2499 3128 2728 3192; x_wconf 89' lang='grc' dir='ltr'>Μωσέα,</span> <span class='ocrx_word' id='word_1_675' title='bbox 2756 3129 2850 3181; x_wconf 86' lang='lat' dir='ltr'>xui</span> <span class='ocrx_word' id='word_1_676' title='bbox 2895 3128 3021 3191; x_wconf 83' lang='grc' dir='ltr'>τοὺς</span> <span class='ocrx_word' id='word_1_677' title='bbox 3067 3129 3373 3198; x_wconf 84' lang='grc' dir='ltr'>προφήτας.</span> <span class='ocrx_word' id='word_1_678' title='bbox 3408 3146 3427 3180; x_wconf 71' lang='grc' dir='ltr'>ι</span> <span class='ocrx_word' id='word_1_679' title='bbox 3477 3129 3542 3182; x_wconf 86' lang='grc' dir='ltr'><strong>Ἦ</strong></span> <span class='ocrx_word' id='word_1_680' title='bbox 3581 3129 3639 3182; x_wconf 77' lang='grc' dir='ltr'>δέ</span> <span class='ocrx_word' id='word_1_681' title='bbox 3672 3146 3735 3198; x_wconf 84' lang='grc' dir='ltr'>γε</span> 
     </span>
    </p>
   </div>
   <div class='ocr_carea' id='block_1_81' title="bbox 2151 3217 3736 3290">
    <p class='ocr_par' dir='ltr' id='par_1_81' title="bbox 2151 3217 3736 3290">
     <span class='ocr_line' id='line_1_81' title="bbox 2151 3217 3736 3290; baseline 0.001 -18"><span class='ocrx_word' id='word_1_682' title='bbox 2151 3220 2493 3289; x_wconf 86' lang='grc' dir='ltr'>παράστασις</span> <span class='ocrx_word' id='word_1_683' title='bbox 2524 3220 2556 3288; x_wconf 82' lang='grc' dir='ltr'>ἡ</span> <span class='ocrx_word' id='word_1_684' title='bbox 2589 3218 2693 3271; x_wconf 87' lang='grc' dir='ltr'>ὑπὸ</span> <span class='ocrx_word' id='word_1_685' title='bbox 2745 3218 2808 3270; x_wconf 88' lang='grc' dir='ltr'>τὸ</span> <span class='ocrx_word' id='word_1_686' title='bbox 2839 3217 2984 3288; x_wconf 78' lang='grc' dir='ltr'>ὅρος,</span> <span class='ocrx_word' id='word_1_687' title='bbox 3013 3217 3449 3288; x_wconf 79' lang='grc' dir='ltr'>καταϐεϐηκότος</span> <span class='ocrx_word' id='word_1_688' title='bbox 3495 3220 3597 3290; x_wconf 72' lang='grc' dir='ltr'>ἤδη</span> <span class='ocrx_word' id='word_1_689' title='bbox 3642 3223 3736 3274; x_wconf 83' lang='grc' dir='ltr'>καὶ</span> 
     </span>
    </p>
   </div>
   <div class='ocr_carea' id='block_1_82' title="bbox 2148 3308 3736 3383">
    <p class='ocr_par' dir='ltr' id='par_1_82' title="bbox 2148 3308 3736 3383">
     <span class='ocr_line' id='line_1_82' title="bbox 2148 3308 3736 3383; baseline 0.002 -21"><span class='ocrx_word' id='word_1_690' title='bbox 2148 3311 2299 3372; x_wconf 75' lang='grc' dir='ltr'>ὖντος</span> <span class='ocrx_word' id='word_1_691' title='bbox 2343 3310 2400 3362; x_wconf 81' lang='grc' dir='ltr'>έν</span> <span class='ocrx_word' id='word_1_692' title='bbox 2434 3308 2582 3379; x_wconf 80' lang='grc' dir='ltr'>αὐτῷ</span> <span class='ocrx_word' id='word_1_693' title='bbox 2626 3308 2720 3362; x_wconf 87' lang='grc' dir='ltr'>τοῦ</span> <span class='ocrx_word' id='word_1_694' title='bbox 2766 3309 2926 3375; x_wconf 87' lang='grc' dir='ltr'>Θεοῦ,</span> <span class='ocrx_word' id='word_1_695' title='bbox 2981 3309 3078 3379; x_wconf 85' lang='grc' dir='ltr'>τὴν</span> <span class='ocrx_word' id='word_1_696' title='bbox 3107 3310 3435 3382; x_wconf 80' lang='grc' dir='ltr'>ἑτοιμότητα</span> <span class='ocrx_word' id='word_1_697' title='bbox 3473 3315 3572 3383; x_wconf 83' lang='grc' dir='ltr'>τῆς</span> <span class='ocrx_word' id='word_1_698' title='bbox 3596 3311 3736 3380; x_wconf 82' lang='grc' dir='ltr'>γνὼ-</span> 
     </span>
    </p>
   </div>
   <div class='ocr_carea' id='block_1_83' title="bbox 2155 3398 3735 3471">
    <p class='ocr_par' dir='ltr' id='par_1_83' title="bbox 2155 3398 3735 3471">
     <span class='ocr_line' id='line_1_83' title="bbox 2155 3398 3735 3471; baseline -0.011 0"><span class='ocrx_word' id='word_1_699' title='bbox 2155 3417 2262 3471; x_wconf 82' lang='grc' dir='ltr'>μης</span> <span class='ocrx_word' id='word_1_700' title='bbox 2299 3400 2395 3453; x_wconf 73' lang='grc' dir='ltr'>καὶ</span> <span class='ocrx_word' id='word_1_701' title='bbox 2451 3399 2512 3452; x_wconf 88' lang='grc' dir='ltr'>τὸ</span> <span class='ocrx_word' id='word_1_702' title='bbox 2558 3398 2756 3468; x_wconf 88' lang='grc' dir='ltr'>γοργὸν</span> <span class='ocrx_word' id='word_1_703' title='bbox 2809 3401 2888 3461; x_wconf 88' lang='grc' dir='ltr'>είς</span> <span class='ocrx_word' id='word_1_704' title='bbox 2941 3398 3185 3451; x_wconf 88' lang='grc' dir='ltr'>δουλείαν</span> <span class='ocrx_word' id='word_1_705' title='bbox 3222 3399 3333 3452; x_wconf 84' lang='grc' dir='ltr'>τῶν</span> <span class='ocrx_word' id='word_1_706' title='bbox 3382 3401 3735 3470; x_wconf 83' lang='grc' dir='ltr'>καλουμένων</span> 
     </span>
    </p>
   </div>
   <div class='ocr_carea' id='block_1_84' title="bbox 2150 3488 3734 3560">
    <p class='ocr_par' dir='ltr' id='par_1_84' title="bbox 2150 3488 3734 3560">
     <span class='ocr_line' id='line_1_84' title="bbox 2150 3488 3734 3560; baseline -0.001 -17"><span class='ocrx_word' id='word_1_707' title='bbox 2150 3489 2424 3560; x_wconf 87' lang='grc' dir='ltr'>ὑποδηλοῖ,</span> <span class='ocrx_word' id='word_1_708' title='bbox 2476 3489 2576 3543; x_wconf 87' lang='grc' dir='ltr'>ούκ</span> <span class='ocrx_word' id='word_1_709' title='bbox 2623 3489 2990 3542; x_wconf 86' lang='grc' dir='ltr'>ἀνανευόντων</span> <span class='ocrx_word' id='word_1_710' title='bbox 3044 3489 3244 3558; x_wconf 88' lang='grc' dir='ltr'>τρόπον</span> <span class='ocrx_word' id='word_1_711' title='bbox 3279 3488 3426 3553; x_wconf 80' lang='grc' dir='ltr'>τινὰ,</span> <span class='ocrx_word' id='word_1_712' title='bbox 3477 3490 3573 3543; x_wconf 79' lang='lat' dir='ltr'>xui</span> <span class='ocrx_word' id='word_1_713' title='bbox 3622 3492 3734 3554; x_wconf 87' lang='grc' dir='ltr'>τοῖς</span> 
     </span>
    </p>
   </div>
   <div class='ocr_carea' id='block_1_85' title="bbox 2148 3576 3733 3649">
    <p class='ocr_par' dir='ltr' id='par_1_85' title="bbox 2148 3576 3733 3649">
     <span class='ocr_line' id='line_1_85' title="bbox 2148 3576 3733 3649; baseline -0.001 -17"><span class='ocrx_word' id='word_1_714' title='bbox 2148 3579 2287 3648; x_wconf 83' lang='grc' dir='ltr'>ὑπὲρ</span> <span class='ocrx_word' id='word_1_715' title='bbox 2344 3578 2573 3648; x_wconf 85' lang='grc' dir='ltr'>δύναμιν</span> <span class='ocrx_word' id='word_1_716' title='bbox 2620 3579 2716 3631; x_wconf 86' lang='lat' dir='ltr'>xui</span> <span class='ocrx_word' id='word_1_717' title='bbox 2761 3576 3112 3648; x_wconf 73' lang='grc' dir='ltr'>ὑψηλοτέροις</span> <span class='ocrx_word' id='word_1_718' title='bbox 3163 3578 3196 3648; x_wconf 83' lang='grc' dir='ltr'>ἢ</span> <span class='ocrx_word' id='word_1_719' title='bbox 3247 3578 3391 3632; x_wconf 84' lang='grc' dir='ltr'>κατὰ</span> <span class='ocrx_word' id='word_1_720' title='bbox 3428 3579 3528 3649; x_wconf 83' lang='grc' dir='ltr'>τὴν</span> <span class='ocrx_word' id='word_1_721' title='bbox 3573 3579 3733 3648; x_wconf 84' lang='grc' dir='ltr'>φύσιν</span> 
     </span>
    </p>
   </div>
   <div class='ocr_carea' id='block_1_86' title="bbox 2148 3670 3733 3743">
    <p class='ocr_par' dir='ltr' id='par_1_86' title="bbox 2148 3670 3733 3743">
     <span class='ocr_line' id='line_1_86' title="bbox 2148 3670 3733 3743; baseline 0.001 -19"><span class='ocrx_word' id='word_1_722' title='bbox 2148 3672 2495 3743; x_wconf 80' lang='grc' dir='ltr'>προσϐαλεῖν,</span> <span class='ocrx_word' id='word_1_723' title='bbox 2534 3670 2913 3741; x_wconf 84' lang='grc' dir='ltr'>συμπαρόντος</span> <span class='ocrx_word' id='word_1_724' title='bbox 2941 3671 3128 3734; x_wconf 79' lang='grc' dir='ltr'>αὐτοῖς</span> <span class='ocrx_word' id='word_1_725' title='bbox 3161 3671 3256 3724; x_wconf 88' lang='grc' dir='ltr'>τοῦ</span> <span class='ocrx_word' id='word_1_726' title='bbox 3300 3671 3458 3725; x_wconf 85' lang='grc' dir='ltr'>Θεοῦ.</span> <span class='ocrx_word' id='word_1_727' title='bbox 3489 3672 3733 3726; x_wconf 88' lang='grc' dir='ltr'>Τοιοῦτοι</span> 
     </span>
    </p>
   </div>
   <div class='ocr_carea' id='block_1_87' title="bbox 2148 3760 3732 3834">
    <p class='ocr_par' dir='ltr' id='par_1_87' title="bbox 2148 3760 3732 3834">
     <span class='ocr_line' id='line_1_87' title="bbox 2148 3760 3732 3834; baseline 0.001 -18"><span class='ocrx_word' id='word_1_728' title='bbox 2148 3763 2212 3832; x_wconf 84' lang='grc' dir='ltr'>δὴ</span> <span class='ocrx_word' id='word_1_729' title='bbox 2239 3762 2455 3827; x_wconf 82' lang='grc' dir='ltr'>πάντως</span> <span class='ocrx_word' id='word_1_730' title='bbox 2487 3760 2582 3814; x_wconf 84' lang='grc' dir='ltr'>τοῦ</span> <span class='ocrx_word' id='word_1_731' title='bbox 2631 3761 2884 3831; x_wconf 85' lang='grc' dir='ltr'>Σωτῆρος</span> <span class='ocrx_word' id='word_1_732' title='bbox 2912 3763 2961 3813; x_wconf 85' lang='lat' dir='ltr'>oi</span> <span class='ocrx_word' id='word_1_733' title='bbox 3014 3762 3250 3832; x_wconf 85' lang='grc' dir='ltr'>μέτοχοι.</span> <span class='ocrx_word' id='word_1_734' title='bbox 3283 3763 3373 3815; x_wconf 86' lang='grc' dir='ltr'>Διὸ</span> <span class='ocrx_word' id='word_1_735' title='bbox 3406 3763 3469 3833; x_wconf 86' lang='grc' dir='ltr'>δὴ</span> <span class='ocrx_word' id='word_1_736' title='bbox 3502 3763 3597 3816; x_wconf 86' lang='lat' dir='ltr'>xui</span> <span class='ocrx_word' id='word_1_737' title='bbox 3635 3763 3732 3834; x_wconf 81' lang='grc' dir='ltr'>τὴν</span> 
     </span>
    </p>
   </div>
   <div class='ocr_carea' id='block_1_88' title="bbox 2072 3827 3731 3924">
    <p class='ocr_par' dir='ltr' id='par_1_88' title="bbox 2072 3827 3731 3924">
     <span class='ocr_line' id='line_1_88' title="bbox 2072 3827 3731 3924; baseline 0.001 -18"><span class='ocrx_word' id='word_1_738' title='bbox 2072 3827 2115 3885; x_wconf 75' lang='lat' dir='ltr'>C</span> <span class='ocrx_word' id='word_1_739' title='bbox 2149 3827 2287 3922; x_wconf 82' lang='grc' dir='ltr'>ὑπὲρ</span> <span class='ocrx_word' id='word_1_740' title='bbox 2311 3852 2596 3922; x_wconf 81' lang='grc' dir='ltr'>ἄνθρωπον</span> <span class='ocrx_word' id='word_1_741' title='bbox 2631 3827 2964 3921; x_wconf 72' lang='grc' dir='ltr'>μελετιῦντες</span> <span class='ocrx_word' id='word_1_742' title='bbox 2996 3827 3272 3923; x_wconf 76' lang='grc' dir='ltr'>ἀνδρείαν,</span> <span class='ocrx_word' id='word_1_743' title='bbox 3306 3871 3324 3905; x_wconf 79' lang='grc' dir='ltr'>ι</span> <span class='ocrx_word' id='word_1_744' title='bbox 3363 3827 3469 3916; x_wconf 38' lang='grc' dir='ltr'>Τίς.</span> <span class='ocrx_word' id='word_1_745' title='bbox 3492 3853 3556 3906; x_wconf 86' lang='grc' dir='ltr'>ἂν</span> <span class='ocrx_word' id='word_1_746' title='bbox 3585 3827 3731 3924; x_wconf 66' lang='grc' dir='ltr'>ἠμάς</span> 
     </span>
    </p>
   </div>
   <div class='ocr_carea' id='block_1_89' title="bbox 2145 3941 3731 4015">
    <p class='ocr_par' dir='ltr' id='par_1_89' title="bbox 2145 3941 3731 4015">
     <span class='ocr_line' id='line_1_89' title="bbox 2145 3941 3731 4015; baseline 0 -20"><span class='ocrx_word' id='word_1_747' title='bbox 2145 3943 2401 4015; x_wconf 85' lang='grc' dir='ltr'>χωρίσαι,</span> <span class='ocrx_word' id='word_1_748' title='bbox 2431 3943 2616 4011; x_wconf 65' lang='grc' dir='ltr'>φασιν,</span> <span class='ocrx_word' id='word_1_749' title='bbox 2656 3942 2765 3995; x_wconf 88' lang='grc' dir='ltr'>ἀπὸ</span> <span class='ocrx_word' id='word_1_750' title='bbox 2795 3943 2896 4010; x_wconf 87' lang='grc' dir='ltr'>τῆς</span> <span class='ocrx_word' id='word_1_751' title='bbox 2930 3941 3148 4012; x_wconf 84' lang='grc' dir='ltr'>ἀγάπης</span> <span class='ocrx_word' id='word_1_752' title='bbox 3171 3942 3265 3996; x_wconf 93' lang='grc' dir='ltr'>τοῦ</span> <span class='ocrx_word' id='word_1_753' title='bbox 3293 3942 3537 4014; x_wconf 87' lang='grc' dir='ltr'>Χριστοῦ</span> <span class='ocrx_word' id='word_1_754' title='bbox 3563 3961 3578 4008; x_wconf 90' lang='grc'>;</span> <span class='ocrx_word' id='word_1_755' title='bbox 3607 3943 3731 3996; x_wconf 85' lang='grc' dir='ltr'>Θλί-</span> 
     </span>
    </p>
   </div>
   <div class='ocr_carea' id='block_1_90' title="bbox 2141 4033 3726 4105">
    <p class='ocr_par' dir='ltr' id='par_1_90' title="bbox 2141 4033 3726 4105">
     <span class='ocr_line' id='line_1_90' title="bbox 2141 4033 3726 4105; baseline -0.001 -17"><span class='ocrx_word' id='word_1_756' title='bbox 2141 4035 2254 4104; x_wconf 79' lang='grc' dir='ltr'>ψις,</span> <span class='ocrx_word' id='word_1_757' title='bbox 2289 4033 2321 4105; x_wconf 83' lang='grc' dir='ltr'>ἢ</span> <span class='ocrx_word' id='word_1_758' title='bbox 2355 4033 2704 4105; x_wconf 87' lang='grc' dir='ltr'>στενοχωρία,</span> <span class='ocrx_word' id='word_1_759' title='bbox 2731 4034 2763 4105; x_wconf 80' lang='grc' dir='ltr'>ἢ</span> <span class='ocrx_word' id='word_1_760' title='bbox 2794 4033 3053 4102; x_wconf 88' lang='grc' dir='ltr'>διωγμὸς,</span> <span class='ocrx_word' id='word_1_761' title='bbox 3080 4033 3307 4104; x_wconf 84' lang='grc' dir='ltr'>ἢλιμὸς,</span> <span class='ocrx_word' id='word_1_762' title='bbox 3347 4034 3379 4103; x_wconf 86' lang='grc' dir='ltr'><strong>ἢ</strong></span> <span class='ocrx_word' id='word_1_763' title='bbox 3414 4033 3726 4105; x_wconf 80' lang='grc' dir='ltr'>γυμνότης,</span> 
     </span>
    </p>
   </div>
   <div class='ocr_carea' id='block_1_91' title="bbox 2141 4123 3727 4197">
    <p class='ocr_par' dir='ltr' id='par_1_91' title="bbox 2141 4123 3727 4197">
     <span class='ocr_line' id='line_1_91' title="bbox 2141 4123 3727 4197; baseline 0 -19"><span class='ocrx_word' id='word_1_764' title='bbox 2141 4128 2173 4197; x_wconf 83' lang='grc' dir='ltr'>ἢ</span> <span class='ocrx_word' id='word_1_765' title='bbox 2207 4125 2466 4189; x_wconf 83' lang='grc' dir='ltr'>κίνδυνος,</span> <span class='ocrx_word' id='word_1_766' title='bbox 2498 4126 2530 4196; x_wconf 84' lang='grc' dir='ltr'>ἢ</span> <span class='ocrx_word' id='word_1_767' title='bbox 2560 4125 2804 4196; x_wconf 84' lang='grc' dir='ltr'>μάχαιρα</span> <span class='ocrx_word' id='word_1_768' title='bbox 2831 4140 2845 4188; x_wconf 87' lang='grc'>;</span> <span class='ocrx_word' id='word_1_769' title='bbox 2881 4143 2899 4174; x_wconf 76' lang='grc' dir='ltr'>ι</span> <span class='ocrx_word' id='word_1_770' title='bbox 2933 4123 3118 4177; x_wconf 89' lang='grc' dir='ltr'>Πάντα</span> <span class='ocrx_word' id='word_1_771' title='bbox 3139 4125 3247 4195; x_wconf 78' lang='grc' dir='ltr'>γὰρ</span> <span class='ocrx_word' id='word_1_772' title='bbox 3261 4127 3374 4187; x_wconf 90' lang='grc' dir='ltr'>τοῖς</span> <span class='ocrx_word' id='word_1_773' title='bbox 3405 4125 3727 4178; x_wconf 75' lang='grc' dir='ltr'>εὐσεϐοῦσιν</span> 
     </span>
    </p>
   </div>
   <div class='ocr_carea' id='block_1_92' title="bbox 2140 4215 3728 4289">
    <p class='ocr_par' dir='ltr' id='par_1_92' title="bbox 2140 4215 3728 4289">
     <span class='ocr_line' id='line_1_92' title="bbox 2140 4215 3728 4289; baseline 0 -17"><span class='ocrx_word' id='word_1_774' title='bbox 2140 4219 2295 4272; x_wconf 75' lang='grc' dir='ltr'>οἰστά</span> <span class='ocrx_word' id='word_1_775' title='bbox 2323 4217 2393 4271; x_wconf 83' lang='grc' dir='ltr'>τὰ</span> <span class='ocrx_word' id='word_1_776' title='bbox 2452 4217 2602 4271; x_wconf 77' lang='grc' dir='ltr'>δεινὰ</span> <span class='ocrx_word' id='word_1_777' title='bbox 2643 4217 2732 4270; x_wconf 88' lang='grc' dir='ltr'>διὰ</span> <span class='ocrx_word' id='word_1_778' title='bbox 2759 4215 2856 4286; x_wconf 84' lang='grc' dir='ltr'>τὴν</span> <span class='ocrx_word' id='word_1_779' title='bbox 2888 4217 2966 4280; x_wconf 85' lang='grc' dir='ltr'>είς</span> <span class='ocrx_word' id='word_1_780' title='bbox 3013 4217 3247 4288; x_wconf 85' lang='grc' dir='ltr'>Χριστὸν</span> <span class='ocrx_word' id='word_1_781' title='bbox 3281 4218 3582 4289; x_wconf 62' lang='grc' dir='ltr'>ἀγάπησιν</span> <span class='ocrx_word' id='word_1_782' title='bbox 3622 4218 3728 4272; x_wconf 86' lang='grc' dir='ltr'>κᾶν</span> 
     </span>
    </p>
   </div>
   <div class='ocr_carea' id='block_1_93' title="bbox 2140 4307 3723 4380">
    <p class='ocr_par' dir='ltr' id='par_1_93' title="bbox 2140 4307 3723 4380">
     <span class='ocr_line' id='line_1_93' title="bbox 2140 4307 3723 4380; baseline 0 -18"><span class='ocrx_word' id='word_1_783' title='bbox 2140 4310 2216 4373; x_wconf 81' lang='grc' dir='ltr'>ὡς</span> <span class='ocrx_word' id='word_1_784' title='bbox 2251 4310 2376 4380; x_wconf 69' lang='grc' dir='ltr'>ὅρος</span> <span class='ocrx_word' id='word_1_785' title='bbox 2406 4311 2438 4380; x_wconf 84' lang='grc' dir='ltr'>ἡ</span> <span class='ocrx_word' id='word_1_786' title='bbox 2472 4309 2651 4377; x_wconf 69' lang='grc' dir='ltr'>θλίψις</span> <span class='ocrx_word' id='word_1_787' title='bbox 2677 4307 2979 4377; x_wconf 78' lang='grc' dir='ltr'>ἐγείρηται,</span> <span class='ocrx_word' id='word_1_788' title='bbox 3012 4307 3215 4371; x_wconf 84' lang='grc' dir='ltr'>παντὸς</span> <span class='ocrx_word' id='word_1_789' title='bbox 3245 4310 3442 4363; x_wconf 80' lang='grc' dir='ltr'>ἐκεῖνοι</span> <span class='ocrx_word' id='word_1_790' title='bbox 3478 4309 3723 4363; x_wconf 86' lang='grc' dir='ltr'>κινδύνου</span> 
     </span>
    </p>
   </div>
   <div class='ocr_carea' id='block_1_94' title="bbox 2139 4400 3723 4472">
    <p class='ocr_par' dir='ltr' id='par_1_94' title="bbox 2139 4400 3723 4472">
     <span class='ocr_line' id='line_1_94' title="bbox 2139 4400 3723 4472; baseline 0.001 -18"><span class='ocrx_word' id='word_1_791' title='bbox 2139 4401 2698 4466; x_wconf 85' lang='grc' dir='ltr'>κατανεανιεύσονται,</span> <span class='ocrx_word' id='word_1_792' title='bbox 2759 4401 2854 4454; x_wconf 89' lang='lat' dir='ltr'>xui</span> <span class='ocrx_word' id='word_1_793' title='bbox 2886 4400 2990 4471; x_wconf 88' lang='grc' dir='ltr'>τῆς</span> <span class='ocrx_word' id='word_1_794' title='bbox 3050 4401 3186 4470; x_wconf 83' lang='grc' dir='ltr'>πρὸς</span> <span class='ocrx_word' id='word_1_795' title='bbox 3238 4400 3368 4453; x_wconf 78' lang='grc' dir='ltr'>Θεὸν</span> <span class='ocrx_word' id='word_1_796' title='bbox 3395 4402 3580 4470; x_wconf 82' lang='grc' dir='ltr'>φιλίας</span> <span class='ocrx_word' id='word_1_797' title='bbox 3623 4400 3723 4472; x_wconf 80' lang='grc' dir='ltr'>τὴν</span> 
     </span>
    </p>
   </div>
   <div class='ocr_carea' id='block_1_95' title="bbox 2138 4490 3719 4563">
    <p class='ocr_par' dir='ltr' id='par_1_95' title="bbox 2138 4490 3719 4563">
     <span class='ocr_line' id='line_1_95' title="bbox 2138 4490 3719 4563; baseline 0 -18"><span class='ocrx_word' id='word_1_798' title='bbox 2138 4492 2362 4563; x_wconf 82' lang='grc' dir='ltr'>γνώμην</span> <span class='ocrx_word' id='word_1_799' title='bbox 2391 4491 2492 4544; x_wconf 88' lang='grc' dir='ltr'>ούκ</span> <span class='ocrx_word' id='word_1_800' title='bbox 2545 4491 2935 4561; x_wconf 84' lang='grc' dir='ltr'>άποστήσουσι.</span> <span class='ocrx_word' id='word_1_801' title='bbox 2979 4490 3277 4543; x_wconf 85' lang='grc' dir='ltr'>Κατελθεῖν</span> <span class='ocrx_word' id='word_1_802' title='bbox 3310 4493 3365 4544; x_wconf 84' lang='grc' dir='ltr'>δὲ</span> <span class='ocrx_word' id='word_1_803' title='bbox 3403 4492 3719 4563; x_wconf 88' lang='grc' dir='ltr'>λεγόμενος,</span> 
     </span>
    </p>
   </div>
   <div class='ocr_carea' id='block_1_96' title="bbox 2137 4580 3718 4653">
    <p class='ocr_par' dir='ltr' id='par_1_96' title="bbox 2137 4580 3718 4653">
     <span class='ocr_line' id='line_1_96' title="bbox 2137 4580 3718 4653; baseline 0 -17"><span class='ocrx_word' id='word_1_804' title='bbox 2137 4584 2236 4636; x_wconf 78' lang='grc' dir='ltr'>οὐκ</span> <span class='ocrx_word' id='word_1_805' title='bbox 2267 4584 2347 4646; x_wconf 84' lang='grc' dir='ltr'>εἰς</span> <span class='ocrx_word' id='word_1_806' title='bbox 2416 4581 2685 4653; x_wconf 84' lang='grc' dir='ltr'>χθαμαλόν</span> <span class='ocrx_word' id='word_1_807' title='bbox 2735 4598 2855 4635; x_wconf 86' lang='grc' dir='ltr'>τινα</span> <span class='ocrx_word' id='word_1_808' title='bbox 2884 4580 3083 4651; x_wconf 84' lang='grc' dir='ltr'>χῶρον,</span> <span class='ocrx_word' id='word_1_809' title='bbox 3109 4581 3223 4634; x_wconf 86' lang='grc' dir='ltr'>ἀλλ’</span> <span class='ocrx_word' id='word_1_810' title='bbox 3252 4582 3364 4635; x_wconf 78' lang='grc' dir='ltr'>ἄνω</span> <span class='ocrx_word' id='word_1_811' title='bbox 3405 4583 3569 4637; x_wconf 87' lang='grc' dir='ltr'>πάλιν</span> <span class='ocrx_word' id='word_1_812' title='bbox 3615 4599 3718 4636; x_wconf 91' lang='grc' dir='ltr'>που</span> 
     </span>
    </p>
   </div>
   <div class='ocr_carea' id='block_1_97' title="bbox 2137 4673 3715 4746">
    <p class='ocr_par' dir='ltr' id='par_1_97' title="bbox 2137 4673 3715 4746">
     <span class='ocr_line' id='line_1_97' title="bbox 2137 4673 3715 4746; baseline -0.002 -17"><span class='ocrx_word' id='word_1_813' title='bbox 2137 4676 2232 4729; x_wconf 89' lang='lat' dir='ltr'>xui</span> <span class='ocrx_word' id='word_1_814' title='bbox 2255 4677 2312 4728; x_wconf 82' lang='grc' dir='ltr'>ἐν</span> <span class='ocrx_word' id='word_1_815' title='bbox 2343 4675 2458 4745; x_wconf 77' lang='grc' dir='ltr'>ὄρει</span> <span class='ocrx_word' id='word_1_816' title='bbox 2498 4673 2746 4743; x_wconf 82' lang='grc' dir='ltr'>φαίνεται</span> <span class='ocrx_word' id='word_1_817' title='bbox 2769 4673 2919 4738; x_wconf 89' lang='grc' dir='ltr'>Θεὸς,</span> <span class='ocrx_word' id='word_1_818' title='bbox 2953 4676 3040 4727; x_wconf 80' lang='grc' dir='ltr'>ἵνα</span> <span class='ocrx_word' id='word_1_819' title='bbox 3073 4675 3137 4746; x_wconf 84' lang='grc' dir='ltr'>δή</span> <span class='ocrx_word' id='word_1_820' title='bbox 3174 4692 3224 4727; x_wconf 92' lang='grc' dir='ltr'>τι</span> <span class='ocrx_word' id='word_1_821' title='bbox 3254 4673 3497 4728; x_wconf 88' lang='grc' dir='ltr'>τοιοῦτον</span> <span class='ocrx_word' id='word_1_822' title='bbox 3528 4675 3715 4745; x_wconf 81' lang='grc' dir='ltr'>ἐννοή-</span> 
     </span>
    </p>
   </div>
   <div class='ocr_carea' id='block_1_98' title="bbox 2137 4765 3718 4839">
    <p class='ocr_par' dir='ltr' id='par_1_98' title="bbox 2137 4765 3718 4839">
     <span class='ocr_line' id='line_1_98' title="bbox 2137 4765 3718 4839; baseline -0.001 -20"><span class='ocrx_word' id='word_1_823' title='bbox 2137 4783 2237 4839; x_wconf 87' lang='grc' dir='ltr'>σῃς</span> <span class='ocrx_word' id='word_1_824' title='bbox 2266 4766 2406 4819; x_wconf 85' lang='grc' dir='ltr'>κατὰ</span> <span class='ocrx_word' id='word_1_825' title='bbox 2430 4765 2644 4829; x_wconf 91' lang='grc' dir='ltr'>σαυτὸν,</span> <span class='ocrx_word' id='word_1_826' title='bbox 2675 4767 2759 4819; x_wconf 85' lang='grc' dir='ltr'>ὅτι</span> <span class='ocrx_word' id='word_1_827' title='bbox 2806 4766 2908 4819; x_wconf 79' lang='grc' dir='ltr'>κᾶν</span> <span class='ocrx_word' id='word_1_828' title='bbox 2947 4770 3066 4830; x_wconf 84' lang='grc' dir='ltr'>ταῖς</span> <span class='ocrx_word' id='word_1_829' title='bbox 3118 4767 3420 4839; x_wconf 83' lang='grc' dir='ltr'>ἡμετέραις</span> <span class='ocrx_word' id='word_1_830' title='bbox 3457 4767 3718 4829; x_wconf 82' lang='grc' dir='ltr'>διανοίαις</span> 
     </span>
    </p>
   </div>
   <div class='ocr_carea' id='block_1_99' title="bbox 2135 4854 3717 4927">
    <p class='ocr_par' dir='ltr' id='par_1_99' title="bbox 2135 4854 3717 4927">
     <span class='ocr_line' id='line_1_99' title="bbox 2135 4854 3717 4927; baseline -0.003 -17"><span class='ocrx_word' id='word_1_831' title='bbox 2135 4858 2167 4927; x_wconf 79' lang='grc' dir='ltr'>ἡ</span> <span class='ocrx_word' id='word_1_832' title='bbox 2200 4855 2318 4909; x_wconf 89' lang='grc' dir='ltr'>θεία</span> <span class='ocrx_word' id='word_1_833' title='bbox 2345 4854 2507 4923; x_wconf 83' lang='grc' dir='ltr'>φύσις</span> <span class='ocrx_word' id='word_1_834' title='bbox 2542 4855 3072 4923; x_wconf 75' lang='grc' dir='ltr'>συγκαταϐαίνουσα,</span> <span class='ocrx_word' id='word_1_835' title='bbox 3105 4857 3452 4927; x_wconf 83' lang='grc' dir='ltr'>ὲαυτὴνήμῖν</span> <span class='ocrx_word' id='word_1_836' title='bbox 3466 4855 3717 4927; x_wconf 85' lang='grc' dir='ltr'>προσάγῃ</span> 
     </span>
    </p>
   </div>
   <div class='ocr_carea' id='block_1_100' title="bbox 2135 4945 3714 5017">
    <p class='ocr_par' dir='ltr' id='par_1_100' title="bbox 2135 4945 3714 5017">
     <span class='ocr_line' id='line_1_100' title="bbox 2135 4945 3714 5017; baseline -0.002 -18"><span class='ocrx_word' id='word_1_837' title='bbox 2135 4946 2272 5017; x_wconf 84' lang='grc' dir='ltr'>πρὸς</span> <span class='ocrx_word' id='word_1_838' title='bbox 2304 4945 2656 5015; x_wconf 73' lang='grc' dir='ltr'>κατανόησιν,</span> <span class='ocrx_word' id='word_1_839' title='bbox 2700 4946 2816 5000; x_wconf 85' lang='grc' dir='ltr'>ἀλλ’</span> <span class='ocrx_word' id='word_1_840' title='bbox 2862 4946 2977 5000; x_wconf 83' lang='grc' dir='ltr'>ἔστι</span> <span class='ocrx_word' id='word_1_841' title='bbox 3008 4947 3169 5001; x_wconf 78' lang='grc' dir='ltr'>πάλιν</span> <span class='ocrx_word' id='word_1_842' title='bbox 3203 4948 3259 4999; x_wconf 84' lang='grc' dir='ltr'>ὲν</span> <span class='ocrx_word' id='word_1_843' title='bbox 3292 4949 3405 5009; x_wconf 86' lang='grc' dir='ltr'>τοῖς</span> <span class='ocrx_word' id='word_1_844' title='bbox 3439 4945 3574 4998; x_wconf 83' lang='grc' dir='ltr'>πολὺ</span> <span class='ocrx_word' id='word_1_845' title='bbox 3597 4945 3714 4998; x_wconf 82' lang='grc' dir='ltr'>λίαν</span> 
     </span>
    </p>
   </div>
   <div class='ocr_carea' id='block_1_101' title="bbox 2137 5036 3713 5110">
    <p class='ocr_par' dir='ltr' id='par_1_101' title="bbox 2137 5036 3713 5110">
     <span class='ocr_line' id='line_1_101' title="bbox 2137 5036 3713 5110; baseline 0 -21"><span class='ocrx_word' id='word_1_846' title='bbox 2137 5037 2277 5107; x_wconf 83' lang='grc' dir='ltr'>ὑπὲρ</span> <span class='ocrx_word' id='word_1_847' title='bbox 2304 5038 2470 5106; x_wconf 75' lang='grc' dir='ltr'>ἡμᾶς,</span> <span class='ocrx_word' id='word_1_848' title='bbox 2493 5037 2586 5089; x_wconf 91' lang='lat' dir='ltr'>xui</span> <span class='ocrx_word' id='word_1_849' title='bbox 2620 5036 2818 5104; x_wconf 87' lang='grc' dir='ltr'>λόγοις,</span> <span class='ocrx_word' id='word_1_850' title='bbox 2849 5039 2944 5091; x_wconf 87' lang='lat' dir='ltr'>xui</span> <span class='ocrx_word' id='word_1_851' title='bbox 2979 5038 3315 5110; x_wconf 81' lang='grc' dir='ltr'>θεωρήμασι.</span> <span class='ocrx_word' id='word_1_852' title='bbox 3345 5037 3418 5090; x_wconf 85' lang='grc' dir='ltr'>Τὸ</span> <span class='ocrx_word' id='word_1_853' title='bbox 3437 5037 3546 5108; x_wconf 78' lang='grc' dir='ltr'>γὰρ</span> <span class='ocrx_word' id='word_1_854' title='bbox 3573 5037 3713 5106; x_wconf 77' lang='grc' dir='ltr'>ὑψηο</span> 
     </span>
    </p>
   </div>
   <div class='ocr_carea' id='block_1_102' title="bbox 2134 5126 3713 5200">
    <p class='ocr_par' dir='ltr' id='par_1_102' title="bbox 2134 5126 3713 5200">
     <span class='ocr_line' id='line_1_102' title="bbox 2134 5126 3713 5200; baseline 0 -21"><span class='ocrx_word' id='word_1_855' title='bbox 2134 5127 2223 5179; x_wconf 87' lang='grc' dir='ltr'>λόν</span> <span class='ocrx_word' id='word_1_856' title='bbox 2249 5143 2309 5179; x_wconf 86' lang='grc' dir='ltr'>τε</span> <span class='ocrx_word' id='word_1_857' title='bbox 2335 5126 2429 5180; x_wconf 88' lang='lat' dir='ltr'>xui</span> <span class='ocrx_word' id='word_1_858' title='bbox 2457 5126 2750 5198; x_wconf 84' lang='grc' dir='ltr'>ὑπέρτονον</span> <span class='ocrx_word' id='word_1_859' title='bbox 2779 5128 2887 5182; x_wconf 88' lang='grc' dir='ltr'>τῶν</span> <span class='ocrx_word' id='word_1_860' title='bbox 2921 5131 3048 5200; x_wconf 85' lang='grc' dir='ltr'>περί</span> <span class='ocrx_word' id='word_1_861' title='bbox 3093 5130 3265 5197; x_wconf 82' lang='grc' dir='ltr'>αὐτῆς</span> <span class='ocrx_word' id='word_1_862' title='bbox 3314 5129 3604 5198; x_wconf 89' lang='grc' dir='ltr'>δογμάτων</span> <span class='ocrx_word' id='word_1_863' title='bbox 3629 5127 3713 5180; x_wconf 67' lang='grc' dir='ltr'>διὰ</span> 
     </span>
    </p>
   </div>
   <div class='ocr_carea' id='block_1_103' title="bbox 2134 5216 3714 5291">
    <p class='ocr_par' dir='ltr' id='par_1_103' title="bbox 2134 5216 3714 5291">
     <span class='ocr_line' id='line_1_103' title="bbox 2134 5216 3714 5291; baseline -0.001 -21"><span class='ocrx_word' id='word_1_864' title='bbox 2134 5216 2229 5271; x_wconf 89' lang='grc' dir='ltr'>τοῦ</span> <span class='ocrx_word' id='word_1_865' title='bbox 2267 5218 2424 5289; x_wconf 81' lang='grc' dir='ltr'>ὅρους</span> <span class='ocrx_word' id='word_1_866' title='bbox 2454 5219 2800 5289; x_wconf 85' lang='grc' dir='ltr'>σημαίνεται,</span> <span class='ocrx_word' id='word_1_867' title='bbox 2827 5219 2856 5273; x_wconf 83' lang='grc' dir='ltr'>δ</span> <span class='ocrx_word' id='word_1_868' title='bbox 2885 5222 2980 5274; x_wconf 86' lang='lat' dir='ltr'>xui</span> <span class='ocrx_word' id='word_1_869' title='bbox 3011 5221 3231 5291; x_wconf 87' lang='grc' dir='ltr'>σύμπαν</span> <span class='ocrx_word' id='word_1_870' title='bbox 3256 5222 3387 5291; x_wconf 82' lang='grc' dir='ltr'>ἡμῖν</span> <span class='ocrx_word' id='word_1_871' title='bbox 3409 5218 3490 5288; x_wconf 81' lang='grc' dir='ltr'>τῷ</span> <span class='ocrx_word' id='word_1_872' title='bbox 3525 5217 3714 5287; x_wconf 79' lang='grc' dir='ltr'>καπνῷ</span> 
     </span>
    </p>
   </div>
   <div class='ocr_carea' id='block_1_104' title="bbox 2135 5308 3712 5381">
    <p class='ocr_par' dir='ltr' id='par_1_104' title="bbox 2135 5308 3712 5381">
     <span class='ocr_line' id='line_1_104' title="bbox 2135 5308 3712 5381; baseline -0.004 -17"><span class='ocrx_word' id='word_1_873' title='bbox 2135 5308 2628 5379; x_wconf 84' lang='grc' dir='ltr'>καταμελαίνεσθαι</span> <span class='ocrx_word' id='word_1_874' title='bbox 2657 5309 2822 5376; x_wconf 88' lang='grc' dir='ltr'>λέγει.</span> <span class='ocrx_word' id='word_1_875' title='bbox 2875 5312 3098 5381; x_wconf 85' lang='grc' dir='ltr'>Δριμεῖς</span> <span class='ocrx_word' id='word_1_876' title='bbox 3137 5310 3244 5381; x_wconf 82' lang='grc' dir='ltr'>γὰρ</span> <span class='ocrx_word' id='word_1_877' title='bbox 3298 5311 3466 5373; x_wconf 76' lang='grc' dir='ltr'>ὅντως</span> <span class='ocrx_word' id='word_1_878' title='bbox 3525 5309 3619 5361; x_wconf 89' lang='lat' dir='ltr'>xui</span> <span class='ocrx_word' id='word_1_879' title='bbox 3653 5308 3712 5358; x_wconf 75' lang='grc' dir='ltr'>οὐ</span> 
     </span>
    </p>
   </div>
   <div class='ocr_carea' id='block_1_105' title="bbox 2136 5397 3710 5473">
    <p class='ocr_par' dir='ltr' id='par_1_105' title="bbox 2136 5397 3710 5473">
     <span class='ocr_line' id='line_1_105' title="bbox 2136 5397 3710 5473; baseline -0.003 -20"><span class='ocrx_word' id='word_1_880' title='bbox 2136 5401 2343 5471; x_wconf 76' lang='grc' dir='ltr'>σφόδρα</span> <span class='ocrx_word' id='word_1_881' title='bbox 2369 5402 2617 5471; x_wconf 72' lang='grc' dir='ltr'>λαμπροὶ</span> <span class='ocrx_word' id='word_1_882' title='bbox 2634 5404 2764 5472; x_wconf 78' lang='grc' dir='ltr'>παρ’</span> <span class='ocrx_word' id='word_1_883' title='bbox 2779 5403 2910 5471; x_wconf 81' lang='grc' dir='ltr'>ἡμῖν</span> <span class='ocrx_word' id='word_1_884' title='bbox 2931 5405 2978 5454; x_wconf 90' lang='lat' dir='ltr'>oi</span> <span class='ocrx_word' id='word_1_885' title='bbox 3004 5404 3134 5473; x_wconf 72' lang='grc' dir='ltr'>περὶ</span> <span class='ocrx_word' id='word_1_886' title='bbox 3151 5402 3404 5471; x_wconf 84' lang='grc' dir='ltr'>θεότητος</span> <span class='ocrx_word' id='word_1_887' title='bbox 3420 5399 3591 5469; x_wconf 86' lang='grc' dir='ltr'>λόγοι,</span> <span class='ocrx_word' id='word_1_888' title='bbox 3625 5397 3710 5450; x_wconf 69' lang='grc' dir='ltr'>τὸν</span> 
     </span>
    </p>
   </div>
   <div class='ocr_carea' id='block_1_106' title="bbox 2131 5484 3710 5564">
    <p class='ocr_par' dir='ltr' id='par_1_106' title="bbox 2131 5484 3710 5564">
     <span class='ocr_line' id='line_1_106' title="bbox 2131 5484 3710 5564; baseline -0.001 -22"><span class='ocrx_word' id='word_1_889' title='bbox 2131 5491 2226 5558; x_wconf 84' lang='grc' dir='ltr'>τῆς</span> <span class='ocrx_word' id='word_1_890' title='bbox 2242 5489 2476 5554; x_wconf 81' lang='grc' dir='ltr'>διανοίας</span> <span class='ocrx_word' id='word_1_891' title='bbox 2501 5488 2775 5560; x_wconf 71' lang='grc' dir='ltr'>ὀφθαλμὸν</span> <span class='ocrx_word' id='word_1_892' title='bbox 2801 5493 3008 5546; x_wconf 80' lang='grc' dir='ltr'>καπνοῦ</span> <span class='ocrx_word' id='word_1_893' title='bbox 3029 5491 3225 5564; x_wconf 75' lang='grc' dir='ltr'>[δίκην]</span> <span class='ocrx_word' id='word_1_894' title='bbox 3245 5484 3710 5562; x_wconf 81' lang='grc' dir='ltr'>άμύττοντες.Διὰ</span> 
     </span>
    </p>
   </div>
   <div class='ocr_carea' id='block_1_107' title="bbox 520 5666 2283 5742">
    <p class='ocr_par' dir='ltr' id='par_1_107' title="bbox 520 5666 2283 5742">
     <span class='ocr_line' id='line_1_107' title="bbox 520 5666 2283 5742; baseline 0.001 -21"><span class='ocrx_word' id='word_1_895' title='bbox 520 5669 542 5698; x_wconf 88' lang='grc'><strong>⁹</strong></span> <span class='ocrx_word' id='word_1_896' title='bbox 582 5667 752 5724; x_wconf 71' lang='lat' dir='ltr'><strong>Exod.</strong></span> <span class='ocrx_word' id='word_1_897' title='bbox 793 5688 901 5740; x_wconf 67' lang='lat' dir='ltr'><strong>xix,</strong></span> <span class='ocrx_word' id='word_1_898' title='bbox 941 5673 1126 5728; x_wconf 77' lang='grc'>17-19.</span> <span class='ocrx_word' id='word_1_899' title='bbox 1206 5674 1246 5704; x_wconf 69' lang='grc' dir='ltr'>*θ</span> <span class='ocrx_word' id='word_1_900' title='bbox 1280 5666 1414 5730; x_wconf 84' lang='lat' dir='ltr'><strong>Luc.</strong></span> <span class='ocrx_word' id='word_1_901' title='bbox 1449 5689 1558 5742; x_wconf 74' lang='lat' dir='ltr'>xw,</span> <span class='ocrx_word' id='word_1_902' title='bbox 1597 5673 1681 5727; x_wconf 75' lang='lat'>‘29.</span> <span class='ocrx_word' id='word_1_903' title='bbox 1766 5675 1801 5704; x_wconf 91' lang='grc'>¹¹</span> <span class='ocrx_word' id='word_1_904' title='bbox 1847 5672 2005 5728; x_wconf 81' lang='lat' dir='ltr'><strong>llom.</strong></span> <span class='ocrx_word' id='word_1_905' title='bbox 2043 5685 2157 5738; x_wconf 78' lang='lat' dir='ltr'><strong>Vlll,</strong></span> <span class='ocrx_word' id='word_1_906' title='bbox 2197 5671 2283 5724; x_wconf 78' lang='grc' dir='ltr'>ῦῦ.</span> 
     </span>
    </p>
   </div>
  </div>
