4078 6262
337 407 445 464 H7

1323 403 1392 458 lN
1425 403 1712 462 JOANNIS
1757 404 2218 461 EVANCELIUM
2256 406 2494 461 LlB.|ll.

3387 441 3394 446 ν
3502 412 3605 468 418

337 518 520 584 τοῦτο,
566 515 778 581 Παῦλος
826 516 922 587 μὲν
971 517 1000 568 6
1040 516 1352 586 σοφώτατος
1408 517 1468 571 ὲν
1523 520 1774 592 ἐσόπτρῳ
1835 521 1929 573 καὶ

2034 532 2135 571 nos
2163 525 2399 574 testatus
2437 528 2526 577 est
2567 519 2629 572 ¹¹.
2669 517 2734 572 Et
2783 518 2986 574 alicubi
3025 517 3316 575 Psalmista
3341 522 3402 554 ¹²⁸
3433 523 3604 581 Deum

339 609 701 680 ἑναίνίγματι
733 607 947 678 βλέπειν
988 609 1136 679 ἡμᾶς
1192 610 1612 684 διεμαρτύρατο.
1669 614 1920 667 Τεθεικέ-

340 717 429 752 ναι
457 699 514 753 δὲ
540 699 726 762 σκότος
753 699 1078 770 ἀποκρυφὴν
1125 698 1311 766 αὐτοῦ,
1361 701 1454 754 τὸν
1485 701 1617 755 Θεὸν
1657 702 1916 772 δηλονότι,

342 791 478 860 φησί
508 806 611 843 που
641 788 801 842 πάλιν
826 791 854 842 6
885 789 1158 859 Μελῳδὸς,
1189 789 1268 860 τῷ
1291 789 1387 844 τοῦ
1444 792 1666 856 σκότους
1695 793 1919 863 ὀνόματι

345 880 444 948 τὴν
472 880 600 944 περὶ
632 879 792 932 αὐτὸν
824 879 1201 949 ἀκαταληψίαν
1230 881 1530 950 ὑπώηλῶν,
1549 877 1728 953 ἧσπερ
1751 883 1815 937 ἂν
1839 884 1920 947 είς

345 968 512 1022 τύπον
570 968 798 1040 ληφθείη
867 968 1048 1032 καλῶς
1096 972 1123 1023 ό
1169 971 1298 1040 περὶ
1343 972 1543 1043 τὸ.πῦρ
1594 975 1651 1026 ὲν
1683 973 1762 1044 τῷ
1803 975 1920 1044 ὄρει

346 1059 568 1121 καπνός.
610 1059 695 1110 Ἐν
718 1059 888 1129 πυρὸς
917 1059 972 1111 δὲ
1002 1060 1238 1130 σχήματι
1264 1059 1475 1114 κάτεισι
1499 1061 1558 1113 τὸ
1585 1061 1738 1114 Θεῖον
1766 1063 1917 1129 αὐτὸ,

346 1151 464 1203 κατ’
505 1151 680 1203 ἐκεῖνο
716 1150 780 1220 δὴ
815 1150 1052 1219 μάλιστα
1099 1150 1317 1222 καιροῦ,
1367 1153 1686 1224 πρεπόντως
1722 1171 1783 1206 τε
1827 1155 1921 1207 καὶ

345 1241 654 1308 ἀναγκαίως
681 1243 746 1311 τῇ
779 1239 874 1293 τοῦ
897 1241 1219 1312 πράγματος
1246 1243 1428 1312 φύσει.
1465 1243 1610 1297 Ἔδει
1632 1243 1763 1312 γὰρ,
1789 1245 1916 1311 ἔδει,

345 1334 433 1386 τὸν
460 1334 537 1396 είς
566 1333 810 1386 δουλείαν
837 1333 933 1385 καὶ
983 1333 1198 1386 σύνεσιν
1227 1335 1312 1388 διὰ
1356 1335 1450 1388 τοῦ
1483 1336 1768 1406 μέλλοντος
1802 1339 1918 1406 όρι-

347 1425 639 1495 σθήσεσθαι
699 1424 866 1494 νόμου
919 1423 1189 1479 καλοῦντα
1223 1426 1314 1479 τὸν
1374 1426 1616 1495 Ἰσραὴλ,
1648 1427 1920 1495 φωτιστὴν

346 1515 574 1585 ὁρᾶσθαι
609 1516 702 1567 καὶ
725 1514 997 1584 κολαστήν
1015 1533 1028 1546 ·
1071 1516 1238 1585 ἄμφω
1292 1516 1348 1568 δὲ
1371 1515 1543 1568 ταῦτα
1571 1516 1805 1570 τελεῖται
1833 1514 1923 1569 διά

351 1604 543 1674 πυρός.
591 1622 614 1657 ι
655 1604 818 1656 Ἃ).λά
847 1605 941 1657 καὶ
975 1607 1167 1673 φωναὶ,
1191 1606 1376 1676 φησὶν,
1416 1608 1472 1658 αί
1493 1606 1595 1676 τῆς
1628 1607 1925 1676 σάλπιγγος

349 1696 590 1761 ἐγίνοντο
629 1695 1026 1766 προϐαίνουσαι
1088 1697 1433 1768 ίσχυρότεραι
1484 1698 1710 1769 σφόδρα,
1765 1716 1786 1751 ι
1836 1699 1924 1752 ἵνα

353 1787 514 1842 πάλιν
537 1789 668 1857 ἡμῖν
696 1787 916 1859 τοιαύτη
947 1806 1031 1851 τις
1077 1791 1363 1859 νοημάτων
1389 1789 1737 1860 ὲξυφαίνηται
1765 1789 1922 1843 δύνα-

2021 610 2276 662 tenebras
2317 609 2570 677 posuisse
2604 609 2892 664 latibulum
2921 625 3082 664 suum
3123 609 3219 674 ait,
3253 613 3607 667 tenebrarum

2019 695 2242 750 nomine
2268 696 2660 765 comprehendi
2698 712 2758 751 se
2794 712 2902 752 non
2937 711 3101 766 posse
3133 697 3480 767 significans,
3515 716 3609 756 cu-

2016 789 2108 858 jus
2135 787 2811 858 incomprebensibilitatis
2845 796 3031 858 typum
3058 804 3180 843 esse
3211 789 3417 843 fumum
3449 791 3604 844 illum

2021 878 2164 947 ignis
2214 878 2268 932 in
2324 886 2528 944 monte,
2564 885 2713 933 recte
2745 877 3032 933 "dicemus.
3077 877 3135 932 In
3195 878 3371 933 forma
3419 890 3605 936 autem

2022 969 2169 1039 ignis
2216 967 2363 1023 Deus
2402 970 2521 1038 ipse
2554 969 2839 1024 descendit
2869 986 2884 1024 :
2935 969 3078 1038 quod
3112 984 3178 1023 eo
3209 977 3456 1039 tempore
3506 987 3606 1039 po-

2023 1059 2296 1114 tissimum
2329 1062 2704 1114 necessarium
2736 1069 2854 1114 erat
2891 1067 2944 1114 et
2976 1061 3055 1114 rei
3095 1071 3308 1114 natura:
3333 1075 3606 1130 congrue-

2023 1148 2134 1202 bat.
2171 1146 2408 1202 Decebat
2442 1149 2610 1210 enim,
2652 1147 2882 1202 decebat
2908 1163 3033 1203 eum
3071 1150 3161 1218 qui
3189 1165 3283 1218 per
3316 1149 3489 1219 legem
3521 1149 3606 1202 fu-

2023 1245 2201 1291 turam
2221 1237 2478 1292 lsraelem
2511 1238 2574 1291 ad
2600 1239 2922 1294 servitutem
2954 1249 3006 1295 et
3032 1241 3320 1295 scientiam
3344 1243 3601 1308 vocabat,

2025 1329 2358 1396 illuminare,
2405 1339 2459 1385 et
2491 1331 2774 1400 dirigeref
2831 1347 2954 1399 qua:
3000 1332 3110 1386 duo
3143 1331 3458 1394 efﬁciuntur
3507 1350 3607 1404 per

2027 1422 2232 1492 ignem.
2271 1441 2289 1473 ι
2322 1422 2426 1477 Sed
2490 1433 2544 1477 et
2596 1438 2780 1490 voces,
2821 1424 3026 1494 inquit,
3091 1425 3237 1479 tubae
3278 1424 3436 1479 facta:
3475 1434 3605 1481 sunt

2026 1513 2417 1583 praecedentes,
2467 1513 2723 1569 fortiores
2774 1515 2934 1570 valde
2961 1515 3039 1581 ⁸³;
3090 1534 3109 1566 ι
3145 1524 3204 1570 ut
3237 1515 3366 1571 hinc
3412 1533 3606 1573 rursus

2024 1606 2284 1658 nimirum
2321 1606 2629 1675 intelligas,
2673 1607 2841 1676 legem
2895 1606 3118 1676 quidem
3164 1607 3432 1677 prolatam
3485 1623 3608 1664 esse

2025 1710 2243 1766 quoque
2272 1709 2302 1748 a
2342 1695 2469 1758 Deo,
2504 1712 2612 1748 non
2652 1705 2833 1750 tamen
2867 1705 3123 1750 contenta
3160 1712 3292 1752 voce
3324 1699 3501 1765 initio,
3534 1700 3607 1755 ob

2025 1801 2213 1840 eorum
2236 1786 2328 1855 qui
2351 1785 2742 1840 erudiebantur
2761 1786 3217 1850 imbecillitatem,
3246 1789 3340 1843 sed
3364 1791 3515 1853 exili,
3547 1799 3607 1844 ut

355 1896 480 1945 μις·
530 1851 840 1950 ὲξεφωνὴθη
904 1851 1003 1950 μὲν
1059 1851 1298 1948 γὰρ-καὶ
1348 1880 1376 1930 ό
1415 1851 1573 1949 νόμος
1598 1851 1745 1950 παρά
1765 1879 1918 1945 Θεοῦ,

2034 1886 2098 1932 λιιι
2134 1851 2333 1942 dicam,
2368 1892 2468 1932 nec
2507 1877 2641 1931 totis
2680 1876 2890 1932 viribus
2924 1877 3212 1934 tubicinis.
3257 1851 3606 1949 Proindeque

356 1971 494 2042 πλὴν
516 1971 574 2023 ού
599 1970 862 2032 συντόνως
901 1971 958 2023 ὲν
991 1971 1131 2040 ἀρχῇ
1168 1970 1254 2024 διὰ
1279 1969 1378 2041 τὴν
1413 1970 1522 2023 τῶν
1549 1971 1924 2038 παιδαγωγου-

358 2066 533 2132 μένων
567 2061 867 2124 ἀσθένειαν,
915 2061 1028 2114 ἀλλ’
1065 2060 1426 2130 ισχνοφώνως,
1455 2061 1523 2113 ἵν’
1565 2059 1733 2124 οὕτως
1763 2061 1921 2125 εἴπω,

348 2152 444 2203 καὶ
468 2151 564 2221 οὐχ
589 2150 716 2220 ὅλην
743 2149 878 2220 ἔχων
906 2151 1003 2222 τὴν
1037 2150 1131 2204 τοῦ
1162 2151 1515 2216 σαλπίζοντος
1544 2151 1794 2221 δύναμιν.
1835 2151 1926 2205 Διὸ

349 2241 411 2312 δὴ
459 2243 552 2295 καὶ
593 2241 1007 2312 βραδύγλωσσον
1066 2242 1258 2295 ἑαυτὸν
1299 2243 1576 2312 ὠνόμαζεν
1624 2243 1652 2295 6
1699 2244 1923 2313 Μωσῆς.

349 2331 744 2402 Προὸαίνοντος
808 2331 866 2386 δὲ
913 2330 1007 2386 τοῦ
1055 2334 1269 2405 καιροῦ,
1308 2334 1401 2387 καὶ⁹
1459 2335 1522 2387 ὲκ
1549 2334 1649 2404 τῆς
1686 2334 1826 2388 κατὰ
1843 2335 1927 2394 ,τὸ

347 2420 580 2490 γράμμα
607 2421 764 2482 σκιᾶς
785 2421 863 2482 είς
891 2421 1270 2491 πνευματικὴν
1294 2421 1654 2490 ἀναφέροντος
1676 2421 1927 2492 λατρείαν

347 2512 475 2574 τοὺς
506 2509 860 2574 πιστεύοντας
888 2511 969 2574 είς
1006 2511 1242 2581 Χριστὸν
1266 2553 1280 2578 ,
1332 2513 1675 2583 ἰσχυρότεραι
1722 2513 1927 2583 σφόδρα

345 2600 448 2671 τῆς
470 2599 620 2664 θείας
647 2601 945 2668 σάλπιγγος
977 2600 1270 2673 ἐξέδραμον
1302 2605 1356 2655 αί
1388 2605 1581 2671 φωναὶ,
1623 2605 1716 2658 τοῦ
1754 2622 1928 2674 σωτη-

351 2691 468 2762 ρίου
497 2708 556 2744 τε
586 2693 682 2744 καὶ
720 2692 1074 2761 εὐαγγελικοῦ
1122 2693 1480 2764 κηρύγματος
1523 2697 1704 2750 πᾶσαν
1730 2698 1928 2768 τρόπον

347 2785 472 2837 τινὰ
501 2783 885 2855 περιηχοῦντος
906 2784 1002 2855 τὴν
1039 2785 1383 2855 οἰκουμένην.
1417 2787 1491 2839 Οὐ
1522 2787 1651 2857 γὰρ,
1678 2788 1929 2857 καθάπερ

346 2875 377 2927 6
411 2873 708 2944 λεπτοθόης
738 2891 796 2926 τε
830 2876 923 2926 καὶ
944 2876 1318 2946 σμικροκῆρυξ
1337 2877 1499 2946 νόμος
1531 2880 1609 2943 είς
1639 2879 1807 2950 μόνην
1831 2881 1930 2951 τὴν

360 2963 636 3019 Ἰουδαίων
670 2962 912 3036 ἠκούσθη
957 2965 1158 3036 χώραν,
1195 2968 1346 3037 ἢκαὶ
1392 2969 1497 3021 ἀπὸ
1523 2970 1627 3022 Δὰν
1652 2970 1755 3033 ἓως
1790 2971 1932 3040 Βηρ-

350 3056 529 3110 σαϐεὲ
553 3058 969 3128 κατηγγέλλετο,
1003 3059 1201 3128 μᾶλλον
1227 3060 1282 3112 δὲ
1306 3061 1384 3122 είς
1413 3063 1592 3113 πᾶσαν
1614 3061 1803 3130 ἐξῆλθε
1832 3063 1931 3132 τὴν

2025 1969 2269 2038 seipsum
2338 1969 2505 2022 etiam
2575 1969 2944 2038 tardiloquum
3004 1968 3182 2025 Moses
3260 1971 3598 2026 nominabat.

2024 2058 2295 2114 Processu
2315 2074 2446 2113 vero
2477 2059 2758 2128 temporis,
2789 2059 3042 2115 fidelibus
3069 2076 3134 2116 ex
3159 2061 3380 2117 litterali
3407 2064 3602 2118 umbra

2026 2149 2093 2203 ad
2134 2149 2431 2219 spiritalem
2460 2150 2666 2204 cultum
2699 2152 2991 2218 revocatis,
3041 2152 3203 2221 longe
3233 2153 3610 2207 vehementio-

2025 2254 2115 2294 res
2145 2255 2208 2295 ex
2258 2241 2384 2294 tuba
2435 2241 2620 2295 divina
2657 2256 2820 2297 voces
2879 2253 3205 2314 eruperunt,
3267 2245 3495 2300 salutari
3550 2254 3606 2300 et

2025 2331 2341 2402 evangelico
2372 2333 2650 2401 praeconio
2681 2335 3000 2389 universum
3030 2318 3218 2390 orbem
3246 2338 3606 2407 quodammo-

2027 2423 2097 2478 do
2125 2433 2473 2493 personante.
2503 2423 2622 2478 Non
2653 2426 2798 2480 enim
2832 2427 2992 2481 sicuti
3029 2428 3116 2481 lex
3157 2429 3377 2498 gracilis
3420 2429 3509 2482 illa
3541 2444 3606 2484 ac

2027 2515 2206 2568 tenuis
2234 2529 2412 2584 praeco
2441 2515 2496 2568 in
2514 2516 2628 2570 sola
2653 2515 2836 2571 Judaea
2866 2517 3156 2573 exauditus
3179 2529 3283 2582 est,
3317 2526 3413 2571 aut
3441 2519 3603 2572 etiam

2027 2619 2057 2658 a
2089 2604 2199 2658 Dan
2219 2621 2390 2675 usque
2417 2606 2485 2659 ad
2521 2606 2786 2662 Bersabee
2823 2609 3110 2663 nuntiatus
3133 2618 3237 2672 est,
3267 2610 3362 2665 sed
3403 2610 3455 2666 in
3487 2624 3603 2663 om-

2029 2711 2151 2750 nem
2182 2705 2382 2751 terram
2409 2698 2575 2751 exivit
2604 2713 2772 2752 sonus
2804 2714 3017 2765 eorum,
3050 2709 3109 2754 ut
3132 2702 3396 2770 scriptum
3428 2711 3508 2756 est
3544 2701 3604 2754 “.

2030 2787 2170 2851 Quid
2195 2802 2362 2856 porro
2385 2788 2472 2842 his
2497 2787 2753 2842 additur?
2777 2808 2792 2841 ι
2818 2789 2997 2845 Moses
3025 2792 3370 2861 loquebatur,
3402 2793 3606 2861 inquit,

2031 2878 2177 2934 Deus
2221 2888 2401 2933 autem
2452 2882 2738 2949 respondit
2783 2882 2834 2936 ei
2891 2898 3024 2936 voce
3075 2884 3140 2938 ¹⁸.
3174 2901 3192 2934 ι
3229 2883 3329 2938 llic
3388 2900 3608 2939 rursum

2034 2973 2216 3027 acrius
2284 2972 2572 3028 attendant
2617 2973 2886 3036 studiosi,
2924 2981 2979 3027 et
3023 2983 3278 3028 accurate
3317 2975 3610 3030 observent

2033 3063 2342 3117 divinorum
2393 3067 2743 3119 oraculorum
2775 3065 3132 3121 soliditatem.
3165 3065 3434 3136 Loquitur
3461 3070 3606 3122 enim

346 3145 466 3216 γῆν
493 3149 520 3200 6
539 3147 769 3216 φθόγγος
787 3147 972 3209 αὑτοῦ,
991 3148 1133 3201 καθά
1165 3150 1496 3218 γέγραπται.
1519 3151 1582 3203 Τί
1608 3152 1663 3204 δὲ
1687 3153 1750 3222 δὴ
1770 3155 1932 3207 πάλιν

2035 3154 2246 3210 Moses:
2269 3156 2397 3209 huic
2423 3158 2718 3226 respondet
2750 3156 2894 3213 Deus
2920 3174 3086 3225 voce;
3113 3174 3219 3213 non
3264 3161 3485 3228 propria
3512 3161 3614 3214 uti-

347 3239 455 3292 ὲπὶ
511 3237 760 3304 τούτοις;
807 3256 825 3288 ι
864 3239 1069 3308 Μωσῆς
1119 3239 1316 3304 ἐλάλει,
1382 3242 1564 3310 φησὶν,
1622 3243 1650 3294 6
1697 3244 1751 3295 δὲ
1804 3244 1934 3307 Θεὸς

347 3329 692 3400 ἀπεκρίνατο
722 3328 871 3398 αὐτῷ
910 3332 1082 3400 φωνῇ.
1134 3348 1153 3379 ι
1190 3332 1395 3401 Δριμὺς
1446 3332 1586 3385 ἔστω
1629 3334 1789 3386 πάλιν
1828 3336 1936 3389 τῶν

347 3417 778 3488 εὐμαθεστέρων
841 3420 869 3471 6
918 3417 1062 3482 νοῦς,
1112 3420 1442 3490 ἐπιτηρείτω
1477 3421 1534 3474 δὲ
1573 3422 1814 3493 ἀκριϐῶς
1840 3425 1937 3494 τὴν

344 3512 475 3572 τοῖς
499 3509 663 3572 θείοις
694 3507 893 3576 λογίοις
915 3507 1141 3562 ἐνοῦσαν
1162 3511 1480 3578 ἀσφάλειαν.
1500 3513 1670 3566 Λαλεῖ
1706 3514 1804 3583 μὲν
1828 3516 1936 3586 γὰρ

344 3605 374 3656 6
415 3602 646 3671 Μωσῆς,
701 3595 1057 3669 ἀποκρίνεται
1102 3600 1158 3653 δὲ
1201 3600 1332 3665 Θεὸς
1375 3603 1549 3673 τούτῳ
1594 3607 1785 3674 φωνῇ,
1837 3607 1938 3660 οὐκ

349 3692 473 3762 ἰδίᾳ
500 3691 716 3753 πάντως
747 3692 896 3760 φωνῇ
924 3689 1102 3757 (τοῦτο
1130 3691 1238 3762 γὰρ
1287 3691 1348 3744 οῦ
1379 3695 1586 3765 φησιν),
1612 3696 1726 3748 ἀλλ’
1754 3697 1939 3761 ἁπλῶς

345 3801 414 3839 τε
457 3783 550 3836 καὶ
573 3782 990 3852 ἀπολελυμένως
1016 3786 1188 3854 φωνῇ,
1213 3786 1278 3854 τῇ
1319 3785 1407 3838 διὰ
1440 3786 1646 3841 κτύπου
1679 3790 1940 3860 ῥημάτων

345 3873 842 3946 ἀνθρωπινώτερον
886 3873 1205 3944 παραδόξως
1250 3877 1684 3953 ἀποτελουμένῃ.
1721 3882 1856 3952 Περὶ
1889 3883 1940 3935 τί

347 3969 471 4037 γὰρ
491 3966 556 4019 ἃν
581 3965 686 4018 τῶν
717 3964 892 4036 ἔργων
929 3966 1186 4036 ἀτονήσαι
1229 3966 1398 4034 Θεός;
1432 3969 1487 4021 τί
1517 3969 1562 4021 δ’
1605 3971 1704 4024 οὐκ
1748 3973 1814 4025 ἂν
1857 3972 1942 4038 ἐξ-

347 4056 533 4126 ανύσῃ
565 4056 816 4126 θελήσας,
856 4057 950 4109 καὶ
967 4056 1088 4110 λίαν
1119 4057 1387 4125 εύκόλως;
1424 4060 1633 4114 Ἐλάλει
1655 4065 1941 4134 τοιγαροῦν

353 4153 383 4203 6
414 4147 651 4216 Μωσῆς,
691 4148 720 4198 6
767 4147 822 4199 δὲ
875 4146 1006 4209 Θεὸς
1038 4149 1372 4219 ἀπεκρίνατο
1401 4152 1548 4223 αὑτῷ
1572 4157 1744 4225 φωνῇ.
1778 4157 1887 4208 Καὶ
1914 4157 1942 4208 6

360 4242 465 4311 μὲν
512 4237 681 4301 τύπος
749 4239 806 4291 ὲν
865 4238 1094 4304 τούτοις.
1148 4241 1372 4313 Ἰδωμεν
1407 4243 1464 4297 δὲ
1511 4244 1609 4316 τὴν
1660 4245 1938 4317 ἀλήθειαν.

361 4332 557 4401 Ἔχεις
589 4327 875 4399 τοιγαροῦν
902 4330 958 4381 ὲν
980 4330 1154 4398 ἁγίοις
1179 4331 1529 4402 Εὐαγγελίοις
1565 4336 1831 4391 λαλοῦντα
1851 4338 1943 4391 τὸν

358 4423 573 4493 Κύριον
593 4438 608 4454 ο
635 4439 656 4473 ι
691 4421 895 4491 Πάτερ,
921 4420 1143 4486 δόξασόν
1182 4440 1274 4477 σου
1299 4425 1390 4481 τὸν
1430 4428 1576 4481 Υίόψ
1608 4447 1626 4482 ι
1660 4430 1943 4501 ἀποκρινό-

2035 3261 2141 3316 que
2173 3262 2306 3301 voce
2341 3247 2488 3318 (non
2515 3248 2618 3302 hoc
2667 3251 2811 3304 enim
2840 3250 3034 3320 dicit),
3061 3252 3154 3306 sed
3183 3251 3524 3320 simpliciter,
3555 3262 3612 3306 et

2036 3337 2499 3403 absolute,«voce,
2533 3354 2683 3407 aqua:
2709 3340 3002 3394 verborum
3030 3355 3168 3395 sono
3193 3339 3433 3393 humano
3460 3356 3611 3394 more

2036 3429 2358 3482 mirabiliter
2383 3437 2466 3484 est
2494 3428 2664 3484 edita.
2707 3429 2849 3494 Quid
2882 3430 3027 3485 enim
3069 3430 3292 3485 difﬁcile
3340 3437 3424 3485 est
3456 3430 3612 3485 Deo?

2036 3517 2150 3571 imo
2184 3517 2314 3586 quid
2347 3516 2557 3572 efficere
2591 3533 2699 3571 non
2732 3525 2908 3587 potest
2943 3517 3103 3573 facile
3125 3559 3140 3582 ,
3176 3520 3220 3574 si
3248 3519 3413 3574 modo
3446 3519 3614 3574 velit?

2038 3604 2387 3674 Loquebatur
2413 3608 2596 3676 itaque
2628 3607 2828 3670 Moses,
2863 3607 3004 3663 Deus
3039 3618 3219 3664 autem
3253 3611 3534 3680 respondit
3562 3611 3613 3665 ei

2038 3711 2188 3750 voce.
2219 3695 2330 3750 Sed
2355 3697 2465 3750 hare
2493 3697 2711 3766 quidem
2737 3698 2963 3768 figurate
2989 3715 3003 3752 :
3028 3698 3308 3754 videamus
3333 3715 3496 3769 porro
3515 3715 3608 3756 ve-

2039 3784 2276 3838 ritatem.
2307 3782 2486 3838 Habes
2517 3785 2569 3838 in
2598 3784 2904 3855 Evangeliis
2932 3787 3243 3856 loquentem
3274 3788 3562 3844 Dominum
3593 3809 3609 3846 :

2045 3893 2062 3926 ι
2087 3873 2274 3939 Pater,
2299 3874 2539 3928 clariﬁca
2557 3873 2755 3929 Filium
2783 3883 2938 3930 tuum
2963 3877 3004 3907 ¹⁶
3024 3893 3038 3943 ;
3062 3897 3080 3928 ι
3112 3877 3404 3948 respondet
3432 3887 3613 3936 autem

2040 3964 2203 4035 259
2235 3981 2366 4020 voce
2403 3965 2596 4020 Pater:
2642 3985 2659 4018 ι
2702 3965 2768 4019 Ει
2794 3967 3120 4033 clariﬁcavi,
3161 3977 3216 4024 et
3268 3971 3461 4025 iterum
3496 3971 3612 4025 cla-

2040 4058 2268 4113 rilicabo
2290 4059 2353 4110 ‘7.
2403 4075 2420 4109 ι
2463 4056 2568 4112 Sed
2603 4073 2709 4111 non
2739 4073 2862 4113 esse
2889 4073 3076 4114 revera
3098 4075 3282 4114 vocem
3308 4061 3398 4114 Dei
3425 4076 3488 4115 ac
3513 4061 3616 4114 Pa-

2041 4150 2141 4204 tris
2170 4148 2424 4202 Salvator
2459 4148 2723 4212 ostendit,
2758 4148 2948 4203 dicens
2974 4149 3040 4203 iis
3069 4149 3162 4217 qui
3195 4158 3321 4203 tunc
3348 4150 3572 4204 aderant
3598 4169 3611 4205 :

2047 4257 2066 4290 ι
2103 4237 2222 4292 Non
2279 4245 2504 4306 prepter
2555 4252 2642 4291 me
2693 4237 2808 4290 haec
2855 4252 2954 4290 vox
3006 4238 3176 4300 venit,
3239 4239 3332 4292 sed
3393 4248 3617 4308 propter

2040 4345 2139 4386 vos
2159 4330 2221 4381 ⁸⁸.
2263 4347 2282 4378 ι
2322 4327 2485 4382 Vides
2509 4342 2618 4398 quo
2648 4334 2810 4396 pacto
2841 4341 3032 4380 vocem
3069 4327 3266 4381 factam
3321 4342 3441 4383 esse
3467 4330 3617 4384 clare

2042 4420 2316 4477 asseruit:
2385 4418 2656 4489 siquidem
2722 4417 3026 4487 putandum
3085 4432 3193 4473 non
3224 4426 3307 4473 est
3341 4433 3471 4474 voce
3497 4435 3618 4490 quae

365 4530 531 4585 μενον
557 4513 610 4564 δὲ
639 4511 724 4565 διὰ
751 4511 935 4580 φωνῆς
967 4511 1056 4563 τὸν
1085 4513 1301 4584 Πατέρα
1319 4531 1331 4544 ·
1368 4537 1386 4569 ι
1423 4519 1532 4571 Καὶ
1559 4520 1811 4586 ἐδόξασα,
1848 4522 1932 4574 καΊ

2046 4528 2182 4569 sono
2213 4513 2392 4567 editur
2424 4525 2578 4566 usam
2604 4525 2726 4566 esse
2754 4518 3008 4564 naturam
3037 4509 3301 4574 divinam,
3350 4511 3476 4565 licet
3507 4527 3617 4566 no-

361 4606 530 4660 πάλιν
550 4604 778 4671 δοξάσω.
823 4622 842 4655 ι
876 4606 990 4657 Οὐκ
1012 4601 1151 4659 εἶναι
1184 4607 1355 4678 δὲτὴν
1389 4610 1568 4679 φωνὴν
1600 4610 1812 4681 άληθῶς
1848 4613 1940 4666 τοῦ

359 4697 502 4750 Θεοῦ
541 4697 634 4750 καὶ
672 4696 887 4767 Πατρὸς
939 4699 967 4749 6
1020 4697 1210 4768 Σωτὴρ
1265 4699 1478 4765 ἔδειξεν,
1536 4702 1704 4756 είπὼν
1737 4707 1846 4768 τοῖς
1884 4706 1942 4759 τὸ

359 4789 614 4859 τηνικάδε
641 4788 908 4858 παροῦσιν
929 4806 942 4821 ο
977 4790 1050 4842 Ού
1068 4789 1136 4842 δι’
1158 4789 1260 4860 ἐμὲ
1288 4791 1320 4862 ἡ
1357 4792 1506 4863 φωνὴ
1533 4793 1666 4865 αῦτη
1699 4795 1943 4864 γέγονεν,

359 4881 503 4935 ἀλλὰ
557 4883 623 4935 δι’
675 4883 841 4951 ὑμᾶς.
888 4901 906 4933 ι
954 4882 1118 4954 Ὁρᾷς
1167 4883 1315 4947 ὅπως
1379 4886 1705 4957 γεγενῆσθαι
1760 4888 1947 4956 σαφῶς

359 4975 736 5045 διισχυρισατο
757 4974 854 5046 τὴν
881 4976 1086 5044 φωνὴν,
1123 4977 1245 5029 ἐπεὶ
1280 4977 1355 5048 μὴ
1388 4980 1452 5048 τῇ
1497 4978 1584 5032 διὰ
1619 4981 1824 5033 κτύπου
1859 4998 1948 5033 κε-

359 5065 603 5136 χρῆσθαι
641 5068 788 5134 φωνῇ
843 5065 940 5135 τὴν
1000 5066 1151 5120 θείαν
1199 5066 1411 5121 οἴεσθαι
1443 5067 1602 5135 φύσιν
1630 5070 1942 5134 ἀκόλουθον,

359 5157 474 5210 κᾶν
503 5157 621 5217 ταῖς
675 5155 967 5226 ἡμετέραις
1021 5158 1490 5229 συσχηματίζηται
1547 5159 1797 5229 χρείαις,
1855 5163 1946 5215 καὶ

361 5249 501 5319 λαλῇ
541 5247 662 5301 καθ’
709 5248 854 5316 ἡμᾶς
904 5250 1281 5320 οἰκονομικῶς.
1345 5249 1534 5302 Ταῦτα
1592 5251 1754 5304 πάλιν
1812 5254 1943 5322 ἡμῖν

361 5337 687 5405 ἀναγκαίως
734 5335 1083 5406 εἰσεκομίσθη
1134 5339 1268 5407 πρὸς
1305 5338 1366 5390 τὸ
1407 5338 1583 5407 παρὸν
1612 5338 1688 5408 τῷ
1713 5338 1854 5410 λόγῳ
1879 5342 1946 5394 τὰ

365 5428 723 5498 θεωρήματα.
782 5426 995 5495 Χρῇναι
1023 5426 1130 5496 γὰρ
1182 5428 1398 5489 πάντως
1430 5427 1814 5498 ἐλογισάμεθα,
1836 5434 1946 5493 τοῖς

365 5518 781 5590 ὲντευξαμένοις
842 5515 1173 5585 ἀληθεύοντα
1225 5519 1505 5587 φαίνεσθαι
1553 5520 1644 5572 τὸν
1715 5520 1944 5590 Ἰησοῦν,

363 5609 500 5661 ὅταν
550 5607 870 5677 εὑρίσκηται
924 5605 1098 5674 λέγων
1151 5608 1286 5677 πρὸς
1347 5608 1630 5672 Ἰουδαίους
1681 5609 1809 5679 περὶ
1854 5608 1947 5660 τοῦ

444 5719 833 5780 "lCor.xm,
893 5718 992 5783 12;
1044 5718 1106 5750 ¹¹·
1145 5718 1293 5776 Psal.
1353 5739 1484 5784 xvu,
1537 5725 1626 5780 Μ.
1707 5724 1750 5754 ¹³
1790 5722 1947 5777 Deut.
1985 5739 2110 5782 xiv,
2170 5723 2254 5777 l9.
2338 5722 2379 5752 “'
2415 5720 2561 5776 Psal.
2607 5734 2773 5781 XVIII,
2831 5718 2883 5771 5.

981 5791 1020 5821 ¹⁷
1065 5789 1197 5845 Ibid.
1279 5795 1318 5824 ’⁸
1363 5792 1494 5847 Ibid.
1529 5795 1618 5850 '50.
1700 5795 1740 5826 ¹⁹
1780 5792 1935 5847 Joan.
1977 5810 2026 5856 ν,
2059 5794 2144 5845 57.

381 5777 609 5846 "Joan.
644 5805 754 5855 xu,
787 5777 876 5844 ‘28.

2050 4609 2178 4663 stris
2201 4606 2573 4662 conformetur
2604 4605 2813 4667 usibus,
2836 4612 2889 4657 et
2919 4603 3181 4672 singulari
3215 4604 3619 4672 dispensatione

2049 4701 2322 4769 loquatur,
2358 4699 2520 4754 sicuti
2575 4711 2694 4751 nos.
2733 4696 2860 4749 llaac
2890 4711 3082 4750 rursus
3116 4710 3145 4748 a
3201 4695 3359 4749 nobis
3406 4697 3620 4766 imprae-

2048 4791 2348 4847 sentiarum
2380 4791 2664 4844 observata
2707 4794 2853 4842 sunt.
2883 4786 3069 4842 Jesum
3122 4787 3322 4856 quippe
3371 4802 3617 4843 veraeem

2049 4879 2468 4935 existimandum
2497 4893 2619 4933 esse
2649 4884 2922 4947 putamus,
2954 4891 3079 4930 cum
3104 4877 3173 4932 de
3237 4891 3338 4932 suo
3364 4876 3622 4932 Genitore

2049 4971 2116 5024 ad
2180 4969 2396 5023 Judzeos
2451 4970 2635 5024 dicere
2672 4969 3083 5038 comperiatur:
3121 4988 3139 5020 ‹
3202 4967 3388 5040 Neque
3434 4983 3619 5024 vocem

2049 5060 2170 5129 ejus
2199 5074 2436 5128 unquam
2468 5059 2722 5123 audistis,
2756 5075 2932 5127 neque
2970 5059 3208 5128 speciem
3231 5061 3349 5130 ejus
3382 5059 3620 5120 vidistis,

2049 5160 2103 5206 et
2139 5150 2376 5206 Verbum
2410 5150 2530 5220 ejus
2558 5165 2666 5204 non
2698 5149 2911 5205 habetis
2938 5151 2992 5204 in
3025 5151 3181 5204 vobis
3215 5165 3464 5210 manens,
3493 5147 3621 5216 quia

2051 5258 2210 5312 quem
2246 5243 2392 5298 misit
2442 5241 2551 5306 ille,
2599 5241 2727 5294 huic
2758 5257 2854 5295 vos
2908 5257 3019 5295 non
3083 5240 3311 5294 creditis
3337 5240 3398 5289 ⁸⁸.
3449 5254 3468 5286 ι
3501 5235 3620 5288 Jam

2051 5350 2201 5396 vero,
2235 5334 2540 5388 Pharisaaos
2591 5333 2813 5386 immani
2871 5332 3016 5387 fastu
3083 5329 3328 5398 turgidos
3377 5325 3620 5379 divinum

2054 5425 2292 5480 Verbum
2336 5425 2390 5477 in
2423 5439 2480 5478 se
2511 5431 2564 5478 et
2596 5423 2739 5491 apud
2775 5439 2833 5477 se
2864 5437 2985 5477 esse
3018 5419 3260 5479 finxisse,
3302 5415 3534 5482 ideoque
3556 5414 3623 5466 ad

2055 5515 2362 5570 mirabilem
2430 5512 2724 5583 quamdam
2785 5528 2843 5568 se
2909 5509 3226 5581 pervenisse
3298 5505 3623 5574 sapientiam

2057 5608 2384 5670 asseruisse,
2431 5605 2480 5659 id
2517 5605 2745 5675 spiritus
2785 5605 2895 5672 ipse
2923 5615 3139 5671 quoque
3169 5596 3371 5651 Christi
3401 5595 3622 5651 testabi-

2965 5715 3006 5745 ¹⁸
3047 5713 3245 5777 Deut.,
3301 5726 3428 5775 xu,
3466 5709 3549 5762 19.
