4078 6262
477 386 579 445 419

1427 375 1489 433 S.
1513 372 1790 432 CYBILLI
1830 371 2302 429 ALEXANDRINI
2341 372 2665 430 ARCHIEP.

3615 380 3724 436 Β]

471 513 582 567 tur,
645 513 742 571 per
794 497 1114 569 prophetam
1174 493 1467 550 Jeremiam
1537 493 1730 548 dicens
1789 490 1857 545 ad
1911 504 2045 546 eos:

2156 490 2290 544 ἰδίου
2318 490 2643 562 γεννήτορος
2664 500 2681 518 ’
2714 506 2732 540 ι
2763 484 2898 541 Οὔτε
2917 486 3100 560 φωνὴν
3127 487 3293 544 αὑτοῦ
3334 489 3554 546 πώποτε
3587 494 3728 568 ἀκη-

477 614 497 646 ι
528 588 813 659 Quomodo
842 589 1060 654 dicetis,
1106 586 1237 658 quia
1282 584 1561 655 sapientes
1606 597 1711 638 nos
1740 596 1952 644 sumus,
1992 589 2046 637 et

466 679 710 737 Yerbum
742 679 954 734 Domini
982 679 1273 732 nobiscum
1307 675 1440 730 est?
1474 672 1704 728 Frustra
1735 670 1915 725 factus
1959 676 2047 726 est

466 771 671 842 juncus
702 771 932 825 mendax
995 768 1228 831 Scribis,
1286 764 1502 820 confusi
1568 770 1699 819 sunt
1745 763 2042 832 sapientes.

470 861 753 932 perterriti
777 868 833 916 et
865 858 1010 928 capti
1045 864 1195 920 sunt,
1229 855 1497 925 sapientia
1556 866 1806 923 quasnam
1864 857 1949 905 est
1990 850 2045 903 in

471 954 577 1015 eis,
599 954 727 1023 quia
762 951 1002 1007 Verbum
1036 947 1250 1004 Domini
1290 945 1723 1015 reprobaverunt
1754 942 1821 994 ”.
1860 959 1878 991 ι
1908 939 2047 1006 Quo-

473 1044 638 1099 modo
658 1043 801 1099 enim
833 1043 1047 1104 vivens,
1082 1046 1136 1094 et
1181 1037 1494 1102 subsistens
1522 1033 1615 1090 Dei
1668 1031 1907 1088 Verbum
1936 1046 2047 1085 non

471 1139 802 1207 reprobasse
835 1130 1338 1202 deprchendemur,
1385 1127 1481 1196 qui
1514 1125 1676 1181 tidem
1710 1140 1821 1179 non
1854 1137 2048 1179 susce-

474 1233 690 1297 perunt,
717 1224 813 1279 sed
849 1224 941 1279 Dei
990 1237 1056 1277 ac
1109 1220 1293 1274 Patris
1347 1218 1722 1272 characterem
1775 1215 2049 1269 dedecore

473 1319 797 1378 aﬂ‘ecerunt,
818 1324 873 1370 et
902 1313 1247 1368 verissimam
1273 1309 1396 1380 ejus
1422 1308 1661 1377 speciem
1686 1322 1783 1376 per
1804 1304 2046 1360 divinam

471 1407 770 1478 potentiam
809 1421 874 1460 ac
896 1405 1157 1460 virtutem
1192 1399 1553 1471 contemplari
1582 1397 1860 1469 dedignati
1880 1399 2050 1453 sunt?

468 1498 643 1553 Aliter
670 1498 818 1551 enim
852 1494 1320 1565 comprehendere
1352 1491 1593 1547 divinam
1630 1496 1683 1544 et
1719 1487 2046 1545 ineffabilem

470 1600 726 1645 naturam
756 1603 866 1641 non
901 1601 1217 1656 possumus,
1253 1599 1417 1656 quam
1459 1598 1556 1654 per
1594 1597 1658 1637 ea
1691 1596 1813 1651 qua:
1837 1578 2050 1651 perlicit

466 1691 526 1738 et
553 1688 832 1751 operatur.
865 1677 1213 1747 Quapropter
1244 1692 1274 1730 a
1315 1675 1698 1746 magnitudine
1727 1683 1781 1728 et
1806 1670 2048 1742 pulchri-

476 1776 667 1830 tudine
711 1782 1090 1827 creaturarum
1149 1767 1508 1823 similitudine
1555 1764 1789 1835 quadam
1842 1762 2047 1817 Paulus

2151 581 2332 645 κόατε,
2370 578 2496 634 οὔτε
2524 574 2667 642 εἶδος
2692 576 2862 632 αὐτοῦ
2895 579 3305 648 ἑωράκατε,καὶ
3320 579 3412 634 τὸν
3443 582 3602 652 λόγον
3630 587 3732 639 αύ-

2152 671 2246 724 τοῦ
2282 671 2382 723 οὐκ
2411 670 2563 739 ἔχετε
2627 670 2686 723 ὲν
2726 668 2856 739 ὑμῖν
2887 667 3139 739 μένοντα,
3192 668 3274 721 ὅτι
3304 668 3363 722 ὃν
3409 670 3733 731 ἀπέστειλεν

2152 762 2378 825 ἐκεῖνος,
2412 759 2588 829 τούτῳ
2615 758 2774 828 ὑμεῖς
2809 758 2871 812 οὐ
2921 757 3228 812 πιστεύετε.
3266 778 3286 811 ι
3326 761 3450 815 Ὅτι
3475 762 3534 816 δὲ
3567 764 3731 820 πάλιν

2152 854 2202 906 οί
2216 853 2499 922 Φαρισαῖοι
2524 850 2660 920 πρὸς
2695 849 2957 914 ἐκτύπους
3001 849 3319 916 ἀλαζονείας
3363 854 3732 927 ἀναφυσώμε-

2152 960 2253 1006 νοι,
2307 942 2400 995 τὸν
2454 941 2596 994 θεῖον
2634 935 2774 994 εῖναι
2825 940 2922 994 σὺν
2965 940 3150 1005 αὐτοῖς
3198 958 3260 995 τε
3302 942 3398 995 καὶ
3450 944 3509 995 ὲν
3546 944 3733 1009 αὐτοῖς

2154 1034 2482 1087 ὲπλάττοντο
2531 1033 2714 1101 λόγον,
2744 1032 2835 1086 διά
2882 1049 2943 1084 τε
2992 1030 3152 1085 τοῦτο
3207 1034 3345 1104 πρὸς
3398 1033 3737 1104 ἀξιάγαστον

2154 1126 2343 1180 ἐλάσαι
2386 1125 2578 1195 σοφίαν
2625 1125 2869 1194 ἀνοήτως
2914 1123 3336 1195 διισχυρίζοντο,
3391 1128 3737 1198 μαρτυρήσει

2154 1216 2251 1270 καὶ
2280 1215 2412 1270 αὐτὸ
2444 1216 2507 1292 τὸ
2534 1214 2753 1287 πνεῦμα
2788 1213 3053 1285 Χριστοῦ,
3079 1216 3167 1270 διὰ
3193 1215 3288 1270 τοῦ
3324 1219 3609 1289 προφήτου
3641 1218 3734 1272 λέ-

2153 1321 2250 1373 γον
2280 1304 2545 1377 Ἱερεμίου
2572 1304 2710 1375 πρὸς
2730 1304 2928 1369 αὐτούς
2956 1322 2971 1337 ·
3008 1323 3028 1357 ι
3067 1305 3189 1370 Πῶς
3220 1309 3418 1378 ἐρεῖτε,
3445 1309 3527 1363 ὅτι
3567 1310 3734 1379 Σοφοί

2154 1397 2321 1466 ἐσμεν
2358 1398 2538 1467 ἡμεῖς,
2590 1397 2689 1451 καὶ
2753 1388 2918 1466 λόγος
2962 1397 3171 1467 Κυρίου
3217 1399 3336 1468 μεθ’
3366 1400 3523 1471 ἡμῶν
3549 1402 3732 1470 ὲστιν;

2155 1488 2251 1551 Et;
2283 1479 2462 1558 μάτην
2495 1489 2728 1560 ἐγενήθη
2778 1491 2986 1559 σχοῖνος
3020 1489 3221 1560 ψευδὴς
3270 1491 3729 1563 Γραμματεῦσιν,

2153 1580 2499 1652 ᾐσχύνθησαν
2528 1583 2705 1651 σοφοὶ,
2747 1582 3093 1653 ὲπτοὴθησαν
3132 1584 3228 1638 καὶ
3265 1584 3532 1651 ἑάλωσαν,
3569 1587 3733 1655 σοφία

2153 1672 2238 1736 τίς
2269 1672 2415 1725 ἐστιν
2454 1673 2512 1724 ὲν
2558 1673 2764 1736 αὐτοῖς,
2812 1672 2893 1726 ὅτι
2915 1673 3007 1726 τὸν
3039 1673 3196 1742 λόγον
3241 1675 3446 1746 Κυρίου
3476 1676 3727 1731 ἀπεδοκί-

2158 1778 2356 1832 μασαν.
2401 1780 2421 1814 ι
2457 1760 2583 1825 Πῶς
2609 1761 2719 1832 γὰρ
2746 1762 2835 1817 τὸν
2884 1763 3063 1829 ζῶντα
3106 1766 3201 1818 καὶ
3231 1767 3594 1821 ὲνυπόστατον
3636 1768 3732 1822 τοῦ

471 1866 556 1920 ire
580 1880 680 1920 nos
709 1863 865 1934 jubet
895 1861 961 1915 ad
997 1858 1244 1931 parentis
1292 1872 1477 1911 rerum
1508 1854 2047 1924 contemplationem.

2151 1850 2286 1905 Θεοῦ
2348 1851 2524 1921 Λόγον
2587 1853 3093 1923 ἀποδοκιμάσαντες
3139 1855 3237 1925 οὐχ
3281 1855 3603 1923 ἁλώσονται,
3631 1860 3732 1929 τὴν

474 1956 743 2010 Praeterea
770 1953 1019 2007 Salvator
1042 1950 1110 2005 ad
1136 1949 1221 2006 sui
1241 1944 1789 2016 comprehensionem
1806 1942 2047 2008 deducit,

476 2045 564 2100 his
592 2044 777 2100 verbis
804 2061 819 2098 :
861 2062 880 2094 ι
904 2041 965 2096 Si
989 2056 1097 2096 non
1132 2039 1277 2094 facio
1303 2051 1469 2107 opera
1501 2035 1682 2090 Patris
1719 2034 1847 2098 mei,
1881 2035 2051 2091 nolite

473 2135 699 2190 credere
724 2133 891 2187 mihi:
926 2131 973 2186 si
1000 2138 1182 2184 autem
1220 2127 1385 2191 facio,
1416 2132 1470 2180 et
1500 2126 1546 2180 si
1568 2124 1702 2179 mihi
1734 2140 1846 2180 non
1879 2125 2049 2181 vultis

472 2224 722 2286 credere,
740 2221 1002 2293 operibus
1024 2215 1438 2275 meiscredite“
1473 2233 1492 2265 ι
1515 2213 1647 2269 Jure
1663 2222 1845 2269 autem
1867 2229 2049 2284 repre-

476 2316 746 2372 hendebat
772 2329 932 2369 suum
961 2308 1294 2381 discipulum
1318 2306 1628 2377 (Philippus
1650 2305 1698 2361 is
1724 2304 1866 2375 erat)
1900 2304 2048 2374 quod

460 2407 819 2462 existimaret
849 2404 1008 2457 aliter
1036 2415 1199 2471 posse
1224 2398 1394 2453 Deum
1426 2410 1492 2451 ac
1526 2395 1746 2450 Patrem
1782 2395 2045 2465 spectari,

475 2510 602 2550 cum
645 2495 833 2548 liceret
863 2489 1256 2545 immutabilem
1297 2486 1419 2556 ejus
1462 2483 1756 2554 imaginem
1802 2491 2050 2538 contem-

477 2585 640 2654 plari,
673 2600 795 2654 quae
821 2589 1075 2637 accurate
1099 2581 1154 2634 in
1191 2579 1371 2649 scipsa
1409 2576 1724 2632 Genitorem
1771 2574 2048 2644 exprimit.

477 2676 644 2747 260
679 2674 912 2745 Ideoque
941 2674 1195 2728 diccbat:
1231 2691 1250 2724 ι
1284 2669 1463 2725 Tanto
1491 2676 1740 2738 tempore
1762 2667 2050 2723 vobiscum

476 2781 625 2830 sum,
652 2774 707 2822 et
735 2782 842 2821 non
879 2764 1187 2836 cognovisti
1209 2779 1317 2829 me,
1336 2761 1589 2832 Philippe
1604 2759 1628 2813 ?
1643 2757 1749 2827 Qui
1777 2757 1913 2813 vidit
1942 2773 2051 2826 me,

474 2857 614 2911 νίὼι
645 2864 699 2912 et
732 2855 949 2911 Patrem
977 2857 1046 2909 ¹².
1079 2873 1098 2908 ι

2150 1943 2230 2004 είς
2279 1940 2442 1994 αὐτὸν
2492 1941 2553 1995 οὗ
2603 1942 3039 2015 παραδεξάμενοι
3092 1944 3295 2010 πίστιν,
3342 1946 3481 2001 ἀλλὰ
3512 1949 3601 2003 τὸν
3634 1949 3735 2003 τοῦ

2147 2033 2285 2087 Θεοῦ
2317 2034 2411 2087 καὶ
2465 2034 2680 2104 Πατρὺς
2737 2034 3109 2104 ἀτιμάσαντες
3152 2039 3500 2109 χαρακτῆρα,
3541 2041 3731 2095 καὶτὸ

2149 2121 2515 2193 ἀληθέστατον
2544 2122 2735 2194 ὥσπερ
2765 2118 2908 2186 εἶδος
2955 2124 3117 2178 αὑτοῦ
3149 2126 3238 2178 διὰ
3262 2127 3360 2197 τῆς
3393 2126 3731 2198 θεοπρεποῦς

2147 2213 2394 2278 ἐξουσίας
2421 2230 2481 2267 τε
2510 2213 2605 2268 καλ⁵
2639 2213 2918 2284 δυνάμεως
2936 2214 3209 2285 θεωρῆσαι
3224 2217 3730 2288 παραιτησάμενοις

2148 2302 2487 2374 Καταληπτὴ
2513 2302 2622 2375 γὰρ
2652 2305 2784 2374 ἡμῖν
2818 2305 2919 2375 οὐχ
2946 2304 3151 2377 ἑτέρως
3187 2305 3332 2360 κατὰ
3354 2308 3416 2361 τὸ
3448 2309 3734 2380 ἐνδεχόμε-

2149 2410 2240 2448 νον
2273 2395 2308 2465 ἡ
2337 2393 2457 2447 θεία
2488 2411 2547 2447 τε
2577 2394 2670 2448 καὶ
2696 2395 2934 2465 ἄρῤητος
2980 2396 3162 2465 φύσις,
3196 2396 3228 2469 ἢ
3262 2397 3330 2452 δι’
3376 2396 3452 2453 ὧν
3493 2400 3734 2456 ἐπιτελεί

2150 2482 2245 2536 καὶ
2266 2482 2578 2553 ἐργάζεται.
2611 2482 2713 2536 Διὰ
2744 2484 2853 2555 γάρ
2878 2502 2960 2538 τοι
2980 2485 3159 2551 τοῦτο,
3182 2489 3278 2541 καὶ
3319 2490 3427 2543 ἀπὸ
3468 2492 3730 2561 μεγέθους

2155 2574 2250 2627 καὶ
2273 2574 2535 2646 καλλονῆς
2564 2576 2879 2646 κτισμάτων
2915 2578 3195 2647 ἀναλόγως
3225 2580 3317 2633 ἐπὶ
3339 2581 3436 2653 τὴν
3459 2582 3554 2636 τοῦ
3576 2601 3731 2653 γενε-

2159 2666 2410 2738 σιουργοῦ
2442 2666 2673 2737 θεωρίαν
2701 2669 2730 2720 ὁ
2767 2667 2862 2738 μὲν
2888 2668 3257 2742 Παῦλοςήμᾶς
3291 2673 3426 2727 ἱέναι
3457 2678 3731 2747 προστάτ-

2155 2773 2262 2810 τειο
2295 2756 2513 2826 ξεναγεῖ
2541 2758 2598 2812 δὲ
2629 2758 2791 2814 πάλιν
2818 2761 2898 2824 είς
2949 2762 3049 2832 τὴν
3099 2763 3183 2832 ἐφ’
3210 2764 3389 2835 ἑαυτῷ
3430 2768 3733 2839 κατάληψιν

2158 2849 2189 2902 ὁ
2213 2848 2446 2922 Σωτὴρ,
2483 2868 2502 2902 ι
2540 2852 2604 2904 Εἰ
2641 2851 2703 2905 οὐ
2762 2851 2901 2906 ποιῶ
2949 2851 3021 2906 τὰ
3064 2853 3202 2926 ἔργα
3237 2855 3332 2910 τοῦ
3361 2859 3575 2931 Πατρός
3606 2879 3732 2932 μου,

474 2951 668 3021 λέγων,
707 2952 783 3022 μὴ
822 2950 1107 3004 πιστεύετέ
1171 2965 1281 3012 μοι’
1326 2949 1374 3001 εί
1404 2947 1464 3002 δὲ
1489 2946 1656 3011 ποιῶ,
1687 2944 1789 3000 κᾶν
1817 2943 1944 3014 ἐμοὶ
2014 2941 2090 3015 μὴ
2128 2943 2444 3014 πιστεύητε,
2478 2947 2591 3009 τοῖς
2658 2946 2840 3017 ἔργοις
2892 2963 2994 3017 μου
3027 2948 3333 3002 πιστεύετε.
3372 2969 3390 3002 ι
3429 2952 3734 3026 Κατῃτιᾶτο

472 3047 530 3101 δὲ
550 3049 644 3101 καὶ
671 3047 790 3101 λίαν
817 3045 1054 3113 εὐλόγως
1105 3043 1197 3098 τδν
1249 3045 1446 3097 οἰκεῖον
1499 3039 1749 3112 μαθητὴν
1780 3037 2066 3111 (Φίλιππος
2101 3030 2255 3102 οὗτος
2275 3032 2386 3108 ἦν),
2418 3037 2493 3102 ὡς
2512 3039 2714 3110 ἑτέρως
2753 3038 3012 3094 δύνασθαι
3058 3041 3195 3111 πρὸς
3220 3043 3323 3115 τὴν
3368 3045 3463 3098 ἐπὶ
3497 3047 3577 3118 τῷ
3614 3048 3734 3119 Θεῷ

474 3140 570 3195 καὶ
595 3140 768 3212 Harp!
804 3139 1037 3211 Θεωρίαν
1063 3138 1236 3192 ἐλθεῖν
1278 3137 1563 3209 ἀζητήτως
1610 3134 2047 3204 ὑτωτοπήσαντα,
2089 3132 2264 3186 καίτοι
2304 3134 2480 3205 παρὸν
2552 3134 2640 3188 ἐπ’
2680 3133 2927 3201 ἐξουσίας
2977 3137 3125 3207 αύτῷ
3162 3136 3263 3210 τὴν
3317 3141 3735 3214 ἀπαραποίητον

472 3231 657 3285 είκόνά
714 3229 1225 3292 κατασκέπτεσθαι,
1273 3227 1626 3282 δεικνύουσαν
1693 3224 1935 3297 ἀκριϐῶς
1990 3225 2049 3278 ιν
2085 3225 2251 3297 ἑαυτῇ
2279 3225 2370 3279 τὸν
2403 3227 2761 3300 γεννήσαντα.
2789 3228 2883 3281 Διὸ
2907 3227 2970 3298 δὴ
2995 3231 3091 3282 καὶ
3147 3231 3349 3300 ἔφασκε
3376 3250 3391 3265 ο
3438 3254 3458 3287 ι
3482 3237 3735 3309 Τοσούτῳ

472 3323 649 3395 χρόνῳ
685 3322 802 3393 μεθ’
830 3321 983 3393 ὑμῶν
1011 3322 1149 3391 είμι,
1172 3322 1266 3375 καὶ
1285 3321 1385 3375 οὐκ
1412 3318 1659 3387 ἔγνωκάς
1687 3335 1780 3388 με,
1803 3316 2071 3382 Ollium;

545 3417 614 3480 ν,
646 3417 839 3473 59-40.
871 3415 1202 3471 Scrutamini
1226 3415 1559 3483 Scripturas,
1585 3415 1715 3483 quia
1736 3429 1825 3469 vos
1845 3412 2048 3483 putatis
2077 3417 2119 3474 (ζ

469 3509 528 3562 in
561 3507 691 3575 ipsis
737 3507 899 3560 vitam
958 3518 1214 3562 (sternam
1243 3505 1434 3560 habere
1458 3521 1478 3559 :
1531 3513 1582 3559 et
1612 3504 1725 3558 illa:
1766 3510 1891 3559 sunt
1931 3517 2049 3571 qua:

473 3598 843 3653 testimonium
869 3596 1141 3664 perhibent
1160 3600 1225 3651 de
1248 3614 1348 3651 me.
1381 3595 1448 3650 Et
1472 3611 1576 3650 non
1598 3595 1757 3649 uultis
1783 3594 1958 3648 uenire
1978 3592 2047 3646 ad

474 3703 577 3754 me,
606 3695 661 3739 ιιι
693 3687 855 3740 vitam
882 3687 1143 3741 habeatis.

542 3778 869 3833 Communis
899 3785 955 3832 et
978 3778 1108 3831 trita
1135 3775 1301 3846 hujus
1340 3782 1527 3831 textus
1555 3774 1834 3846 expositio
1887 3774 2049 3831 docet

470 3868 777 3941 imperandi
800 3868 966 3922 modo
989 3867 1284 3922 Pharisaais
1305 3881 1334 3919 a
1353 3864 1640 3921 Salvatore
1663 3865 1872 3920 dictum
1897 3881 2042 3931 esse,

469 3969 531 4018 ut
557 3966 939 4018 scrutarentur
980 3957 1319 4027 Scripturas,
1381 3958 1437 4011 in
1487 3956 1690 4026 quibus
1737 3956 2047 4012 testimonia

467 4053 537 4110 de
565 4054 686 4124 ipso
718 4050 979 4121 colligant
1035 4048 1102 4102 ad
1163 4049 1374 4103 vitam:
1427 4063 1618 4103 verum
1673 4047 1933 4118 quoniam
1988 4048 2043 4103 in

468 4144 650 4201 medio
695 4143 936 4213 copula,
988 4149 1058 4206 et,
1112 4144 1317 4211 posita,
1370 4139 1462 4194 illa
1514 4138 1679 4195 verba
1720 4137 2042 4211 conjungit:

470 4255 491 4289 ι
528 4235 649 4290 Νοη
677 4234 847 4289 vultis
872 4232 1061 4288 venire
1095 4232 1163 4287 ad
1192 4246 1299 4298 me,
1344 4249 1363 4282 ι
1393 4230 1745 4286 manifestum
1775 4240 1860 4287 est
1897 4229 2042 4285 aliud

462 4327 724 4400 quiddam
751 4324 1086 4397 signiﬁcare,
1131 4334 1428 4396 cognatum
1473 4324 1694 4394 quidem
1729 4322 2041 4388 antedictis,

464 4421 559 4478 sed
586 4421 641 4475 in
671 4433 782 4491 quo
810 4418 1063 4473 nonnihil
1090 4418 1164 4473 sit
1187 4417 1413 4473 diversi.
1445 4416 1504 4472 Si
1534 4418 1681 4472 enim
1715 4414 1851 4470 illud
1877 4415 2045 4485 impe—

462 4513 622 4569 randi
653 4510 817 4567 modo
873 4510 946 4565 sit
993 4510 1431 4580 intelligendum,
1477 4507 1753 4579 quomodo
1783 4520 2043 4563 necessa-

462 4606 604 4659 rium
636 4618 744 4659 non
778 4617 901 4658 esse
938 4601 1208 4666 dicemus,
1240 4602 1343 4656 hac
1366 4599 1858 4671 loquendN‘orma,
1887 4599 2041 4654 verbi

464 4696 660 4765 gratia,
712 4703 889 4749 totum
938 4693 1158 4749 dicere:
1214 4711 1233 4745 ι
1303 4690 1642 4747 Scrutamini
1703 4688 2040 4761 Scripturas,

464 4763 594 4856 quia
628 4799 725 4839 vos
750 4784 957 4857 putatis
984 4787 1038 4840 in
1071 4785 1208 4855 ipsis
1241 4785 1406 4839 vitam
1432 4793 1695 4839 aeternam
1733 4781 1957 4845 habere,
1987 4789 2042 4837 et
2076 4763 2117 4817 Ι)

390 4888 407 4901 ε
464 4876 570 4930 illa:
602 4883 732 4929 sunt
782 4892 906 4946 qua:
955 4876 1332 4932 testimonium
1390 4874 1686 4946 perhibent
1738 4873 1809 4929 de
1843 4888 1970 4951 me;
2012 4891 2033 4925 ι

466 4975 759 5038 postquam
794 4975 975 5023 autem
1002 4982 1098 5024 eas
1137 4967 1470 5039 perscrutati
1520 4966 1759 5029 fueritis,
1796 4985 1815 5018 ι
1857 4964 2038 5020 venite

463 5055 533 5111 ad
593 5069 715 5122 me;
747 5072 767 5106 ι
802 5054 899 5109 sed
920 5068 1016 5110 eos
1062 5055 1265 5111 invitos
1312 5055 1521 5120 venire,
1579 5053 1834 5124 quamvis
1871 5068 2039 5107 manu

462 5146 755 5213 deductos,
803 5146 1023 5201 incusat
1055 5145 1285 5201 dicens:
1326 5165 1345 5197 ι
1384 5144 1450 5198 Et
1485 5160 1595 5198 non
1644 5143 1817 5198 vultis
1854 5144 2040 5197 venire

464 5240 531 5295 ad
568 5254 676 5295 me.
714 5257 732 5290 ι
769 5236 1038 5308 Legemus
1073 5235 1257 5305 itaque
1287 5235 1480 5290 utilius
1519 5241 1575 5289 et
1610 5233 2036 5289 convenientius

464 5333 533 5387 iis
558 5346 682 5401 qua:
722 5336 851 5384 ante
905 5327 1051 5382 dicta
1097 5335 1252 5392 sunt,
1306 5341 1419 5380 non
1466 5326 1660 5395 utique
1728 5324 2035 5395 imperandi

464 5422 647 5487 modo,
676 5421 772 5477 sed
803 5419 1140 5476 assentiendi
1177 5420 1363 5489 potius
1386 5427 1552 5489 atque
1577 5417 1877 5473 indicandi.
1918 5416 2037 5470 Erit

464 5526 627 5580 porro
654 5512 760 5566 loci
793 5512 958 5582 hujus
985 5510 1254 5566 sententia
1298 5510 1423 5568 talis
1464 5529 1478 5564 :
1514 5526 1639 5565 cum
1679 5510 1887 5565 videret
1940 5523 2035 5563 cos

460 5619 527 5658 ex
559 5601 724 5659 Musis
791 5604 1012 5674 scriptis
1065 5603 1300 5673 plurima
1336 5602 1587 5674 imperite
1641 5602 1907 5657 adversus
1943 5616 2033 5655 se-

546 5782 591 5813 ”
618 5781 815 5839 Jerem.
851 5800 975 5853 vui,
1010 5786 1063 5855 9,
1096 5786 1181 5843 ll).
1258 5789 1299 5823 ²¹
1341 5786 1498 5844 Joan.
1534 5805 1587 5854 κ,
1629 5789 1719 5854 37,
1755 5788 1840 5841 5‘3.

2122 3316 2180 3370 '0
2208 3318 2469 3388 ἑωρακὼς
2500 3319 2621 3389 ἐμὲ,
2640 3319 2852 3391 ἑώρακε
2876 3320 2969 3374 τὸν
3003 3321 3240 3394 Πατέρα.
3283 3344 3303 3376 ι

2224 3412 2550 3482 ,Ἔρευνᾶτε
2582 3414 2685 3481 τὰς
2729 3414 2996 3485 Γραφὰς,
3030 3415 3118 3468 ὅτι
3139 3416 3210 3469 ἐν
3260 3417 3469 3487 αὐταῖς
3505 3425 3735 3481 δοκεῖτε

2146 3502 2315 3571 ὑμεῖς
2342 3501 2497 3572 ζωὴν
2517 3504 2758 3560 αἰώνιον
2787 3505 2974 3575 ἔχειν,
3004 3506 3103 3560 καὶ
3118 3503 3295 3564 αὗταί
3316 3514 3477 3568 εἰσιν
3506 3520 3568 3569 al
3586 3535 3736 3587 μαρ-

2147 3593 2435 3662 τυροῦσαι
2460 3597 2590 3663 περὶ
2621 3596 2788 3666 ἐμοῦ.
2835 3597 2947 3651 Kal
2996 3603 3069 3653 οὐ
3100 3598 3305 3666 θέλετε
3346 3604 3549 3661 ἐλθεῖν
3581 3611 3733 3677 πρός

2142 3686 2341 3755 μεῖνα
2372 3685 2526 3756 ζωὴν
2552 3687 2751 3757 ἔχητε.

2229 3776 2294 3832 Ἡ
2336 3779 2434 3849 μὲν
2482 3779 2602 3833 λεία
2648 3782 2745 3835 καὶ
2792 3782 3096 3854 ἱππήλατος
3128 3787 3241 3849 τοῖς
3268 3787 3485 3854 πολλοῖς
3509 3793 3602 3846 καὶ
3642 3811 3733 3847 τε-

2147 3871 2424 3943 τριμμένη
2450 3871 2658 3926 διάνοια
2680 3872 2774 3926 τοῦ
2810 3874 3001 3946 ῥητοῦ,
3032 3879 3450 3946 προστακτικῶς
3476 3885 3728 3955 είρῆσθαι

2147 3960 2386 4030 νομίζειν
2413 3962 2566 4034 παρὰ
2601 3963 2695 4017 τοῦ
2741 3965 2996 4037 Σωτῆρος
3039 3968 3198 4039 ἡμῶν
3233 3972 3371 4042 πρὸς
3401 3974 3528 4038 τοὺς
3559 3978 3728 4048 Φαρι-

2148 4053 2333 4118 σαίους
2374 4054 2658 4110 ἀναπείθει
2710 4057 2772 4110 τὸ
2816 4059 3037 4129 χρῆναι,
3068 4060 3169 4124 τὰς
3210 4061 3362 4128 θείας
3389 4065 3728 4135 ἐρευνῶντας

2146 4144 2390 4213 Γραφὰς,
2424 4144 2522 4210 τὰς
2546 4147 2673 4218 περὶ
2691 4148 2860 4201 αὐτοῦ
2889 4150 3199 4223 μαρτυρίας
3220 4152 3357 4225 πρὸς
3376 4155 3523 4227 ζωὴν
3550 4160 3728 4231 ἐρανί-

2148 4233 2352 4299 ζεσθαι.
2371 4236 2588 4309 Ἐπειδὴ
2614 4238 2671 4291 δὲ
2699 4238 2995 4311 σύνδεσμον
3018 4243 3077 4296 ὲν
3094 4241 3175 4312 τῷ
3202 4246 3403 4315 μεταξὺ
3425 4247 3558 4315 θεὶς,
3585 4252 3726 4321 φημὶ

2145 4325 2202 4380 δὲ
2235 4326 2316 4391 τὸ,
2350 4329 2484 4393 Καὶ,
2514 4329 2776 4384 συνάπτει
2800 4330 2881 4396 τὸ,
2908 4334 3014 4386 «ού
3036 4333 3217 4388 θέλετε
3238 4337 3411 4393 ἐλθεῖν
3438 4341 3573 4412 πρός
3602 4360 3721 4412 με’»

2145 4417 2302 4490 δῆλος
2334 4419 2401 4473 ἂν
2429 4420 2512 4489 εἴη
2545 4420 2732 4475 λοιπὸν
2771 4422 2957 4495 ἕτερόν
2995 4442 3048 4480 τι
3105 4429 3405 4498 σημαίνων,
3468 4435 3726 4502 συγγενὲς

2148 4510 2246 4579 μὲν
2275 4513 2388 4575 τοῖς
2418 4511 2749 4583 εἰρημένοις,
2782 4513 2902 4585 ἔχον
2936 4515 2994 4569 δέ
3019 4535 3071 4571 τι
3100 4517 3274 4590 βραχὺ
3305 4520 3368 4574 τὸ
3392 4521 3725 4597 ἐξηλλαγμέ-

2144 4617 2254 4654 νον.
2284 4602 2347 4656 Εἰ
2376 4602 2484 4671 γὰρ
2512 4602 2619 4656 ἔδει
2664 4605 2903 4660 νοεῖσθαι
2958 4614 3396 4679 προστακτικῶς,
3459 4615 3578 4681 πῶς
3625 4620 3724 4672 οὐκ

2145 4688 2284 4747 εἶναι
2322 4694 2569 4763 φήσομεν
2598 4695 2913 4761 ἀναγκαῖον,
2952 4700 3095 4754 κατὰ
3121 4701 3241 4755 τάδε
3268 4704 3330 4756 τὸ
3351 4706 3537 4776 σχῆμα
3569 4710 3724 4773 τυχὸν

2144 4784 2207 4837 τὸ
2234 4783 2452 4854 σύμπαν
2485 4788 2658 4840 εἰπεῖν
2679 4804 2693 4819 ·
2747 4806 2765 4839 ι
2808 4789 3095 4861 Ἐρευνᾶτε
3139 4794 3239 4857 τὰς
3282 4795 3527 4867 Γραφὰς,
3560 4801 3640 4854 ὅτι
3668 4804 3723 4855 ἐν

2146 4876 2342 4937 αὐταῖς
2369 4875 2575 4929 δοκεῖτε
2620 4876 2768 4948 ζωὴν
2812 4878 3028 4935 αἰώνιον
3060 4881 3225 4952 ἔχειν,
3267 4888 3363 4939 καὶ
3390 4881 3554 4942 αὗταί
3588 4892 3721 4944 εἰσιν

2144 4966 2200 5017 αἱ
2251 4966 2624 5037 μαρτυροῦσαι
2709 4970 2839 5043 περὶ
2893 4972 3053 5042 ἐμοῦ·
3120 4993 3140 5026 ι
3200 4977 3593 5050 ἐρευνήσαντες
3642 4984 3717 5044 δὲ.

2151 5074 2170 5108 ι
2207 5055 2388 5110 ἔλθετε
2449 5058 2585 5130 πρός
2643 5078 2752 5131 με;
2797 5080 2815 5114 ι
2842 5062 2958 5118 ἀλλ’
2985 5064 3062 5128 ὡς
3096 5067 3170 5139 μὴ
3211 5068 3492 5136 ἐθέλοντας
3524 5073 3716 5139 ἐλθεῖν,

2145 5146 2322 5200 καίτοι
2359 5146 2449 5201 διὰ
2475 5149 2572 5220 τῆς
2599 5150 2824 5222 ἐρεύνης
2848 5153 2939 5206 ἐπὶ
2969 5153 3128 5208 τοῦτο
3155 5165 3715 5235 χειραγωγουμένουῆ

2145 5239 2510 5302 καταιτιᾶται,
2539 5239 2713 5309 λέγων
2732 5260 2744 5272 ·
2770 5260 2789 5292 ι
2815 5242 2922 5294 Καὶ
2946 5243 3007 5295 οὐ
3022 5243 3203 5298 θέλετε
3221 5247 3392 5302 ἐλθεῖν
3415 5253 3553 5321 πρός
3583 5270 3671 5324 με.
3693 5274 3711 5305 ι

2157 5329 2606 5401 ’Λναγνωσόμεθα
2639 5332 2837 5398 τοίνυν,
2862 5333 2955 5386 ἐπὶ
2970 5335 3032 5388 τὸ
3054 5339 3466 5412 χρησιμώτερον
3496 5343 3716 5413 βλέπον-

2140 5434 2251 5479 τες,
2280 5419 2373 5471 καὶ
2400 5418 2460 5471 τὸ
2488 5421 2599 5484 τοῖς
2630 5420 3079 5489 προαποδοθεῖσιν
3111 5426 3462 5501 ἀκολουθοῦν,
3492 5434 3553 5487 οὐ
3582 5434 3717 5487 πάν-

2138 5526 2246 5571 τως
2272 5510 2704 5580 προστακτικῶς,
2735 5511 2848 5564 ἁλλ’
2899 5513 2974 5577 ὡς
3008 5517 3217 5572 συνέσει
3250 5518 3348 5590 [αι.
3394 5524 3715 5598 συναινέσει]

2145 5600 2340 5671 μᾶλλον
2368 5602 2462 5653 καὶ
2504 5603 2838 5674 ὑποστιγμῇ.
2887 5607 3078 5661 Ἔσται
3099 5608 3153 5661 δὲ
3187 5612 3347 5665 πάλιν
3378 5616 3473 5670 τοῦ
3497 5634 3712 5692 προκει-

1921 5789 1963 5817 ¹²
2002 5786 2161 5841 Joan.
2196 5802 2303 5846 τις,
2336 5784 2386 5837 9.
