4078 6262
319 421 425 480 421

1328 415 1391 468 ΙΝ
1425 410 1712 469 JOANNIS
1754 410 2203 469 EVANGELIUM
2241 414 2367 469 LIB.
2416 413 2500 470 ll].

3478 422 3583 480 4‘22

319 535 485 606 μένου
509 529 751 595 τοιοῦτος
780 530 809 583 ὁ
830 528 975 592 νοῦς.
1016 527 1238 598 Ἐπειδὴ
1269 526 1379 597 γάρ
1398 526 1663 580 ἐθεάσατο
1682 524 1902 595 τρέχον-

2009 523 2186 592 ipsum
2214 526 2495 595 colligere,
2521 524 2766 595 nihilque
2790 525 2938 582 aliud
2981 544 3244 597 quaerere,
3281 540 3379 587 aut
3415 538 3581 594 etiam

316 644 417 689 τας
455 625 550 678 ἐπὶ
586 623 656 677 τά
684 621 926 686 Μωσέως
957 619 1390 691 συγγράμματα,
1423 618 1521 671 καὶ
1547 615 1903 684 συλλέγοντας

320 716 533 771 ἑκεῖθεν
564 712 902 774 ἀπαιδεύτως
956 709 1056 774 τὰς
1104 710 1214 764 τῶν
1259 706 1576 776 ἀντιλογιῶν
1623 704 1901 776 ἀφορμὰς,

323 806 621 879 ζητοῦντας
647 803 703 858 δὲ
739 803 926 873 ἕτερον
967 801 1143 865 οὐδὲν,
1176 801 1211 872 ἢ
1243 800 1339 854 καὶ
1386 797 1729 869 δεχομένους,
1767 797 1906 866 ὅπερ

325 899 392 951 ἂν
429 898 609 960 αὐτοῖς
640 895 698 948 τὸ
726 897 940 966 ’χρῆναι
970 893 1244 947 πιστεύειν
1291 892 1579 961 περιποιῇ-
1616 888 1707 942 διὰ
1747 887 1908 942 τοῦτο

323 989 487 1042 πάλιν
515 986 829 1055 ἀναγκαίως
861 985 1136 1056 ἄχρηστον
1180 985 1364 1046 αὐτοῖς
1409 983 1505 1036 καὶ
1533 981 1790 1050 ἀνόνητον
1813 979 1907 1033 τὸν

319 1079 419 1148 τῆς
450 1078 542 1131 ἐπὶ
567 1077 780 1140 τούτοις
845 1075 1073 1148 ὲρεύνης
1111 1074 1403 1145 ἀποφαίνει
1452 1073 1637 1137 πόνον,
1690 1071 1783 1125 καὶ
1830 1070 1906 1134 ὼς

325 1169 542 1240 μεγάλῳ
562 1185 621 1221 τε
651 1168 749 1222 καὶ
796 1167 1233 1236 ἑπωφελεστόιτῳ
1280 1164 1568 1236 πράγματι
1606 1161 1908 1233 μεμελετή-

323 1277 478 1315 κασιν
518 1260 579 1312 οὐ
625 1259 771 1313 κατά
812 1258 969 1326 λόγον
1031 1255 1335 1328 κεχρῆσθαι
1366 1256 1458 1309 τὸν
1500 1253 1781 1325 πρέποντα
1829 1253 1911 1306 δι·-

329 1351 544 1421 ελέγχει
605 1350 888 1419 σαφῶς.Τί
926 1349 1056 1420 γὰρ,
1102 1348 1369 1419 είπέμοι,
1410 1347 1472 1399 τὸ
1509 1347 1797 1417 χρήσιμον,
1826 1345 1909 1397 ὅτι

320 1445 418 1508 τάς
443 1444 544 1515 μὲν
570 1443 745 1507 θείας,
784 1442 975 1513 φησὶν,
1007 1441 1265 1510 ἑρευνᾶτε
1305 1439 1550 1511 Γραφάς,
1579 1437 1814 1506 οἰόμενοι
1842 1436 1911 1489 δι’

321 1535 498 1589 αὐτῶν
531 1537 609 1598 εἰς
643 1533 862 1588 αἰώνιον
893 1531 1258 1602 ἀναϐήσεσθαι
1281 1533 1467 1602 ζωήνς
1505 1528 1675 1584 Ἐπάν
1698 1528 1755 1581 δὲ
1777 1527 1912 1581 ταύ-

320 1642 420 1688 τας
446 1626 571 1696 ἑμοὶ
604 1622 988 1697 μαρτυρούσας
1027 1623 1338 1695 εὑρίσκητε,
1389 1622 1483 1675 καὶ
1530 1621 1678 1691 ζωὴν
1703 1619 1911 1690 ὀνομα-

323 1715 523 1781 ζούσας
545 1716 644 1786 ἑμὲ
676 1717 774 1786 τὴν
819 1716 1056 1778 αἰώνιον,
1111 1715 1171 1767 οὐ
1220 1714 1400 1768 θέλετε
1445 1714 1618 1767 ἐλθεῖν
1651 1713 1789 1785 πρός
1819 1728 1907 1782 με,

326 1806 416 1859 ἵνα
438 1806 581 1876 ζωὴν
612 1805 794 1877 ἔχητε.
825 1805 1034 1860 Οὐκοῦν
1063 1805 1183 1859 ὅθεν
1231 1804 1340 1858 ἑδει
1387 1804 1677 1871 σώζεσθαι,
1720 1806 1906 1876 φησὶν,

2004 616 2284 685 suscipere
2320 631 2433 685 quo
2455 615 2523 670 ad
2555 615 2891 670 credendum
2922 617 3340 686 inducerentur,
3375 623 3584 683 idcirco

2004 706 2320 762 necessario
2368 706 2482 761 illis
2521 721 2741 761 rursum
2797 707 3043 764 declarat
3107 712 3356 768 inutilem
3419 716 3582 773 istam

2006 798 2285 855 scrutandi
2311 797 2679 868 diligentiam,
2712 798 3117 871 manifesteque
3149 804 3326 874 arguit
3384 823 3482 865 eos
3526 825 3588 864 re

2004 906 2201 962 magna
2254 898 2312 946 et
2362 891 2655 946 utilissima
2704 905 2815 945 non
2854 906 2922 947 eo
2951 908 3062 962 quo
3093 894 3250 950 decet
3284 898 3448 953 modo
3479 900 3583 955 uti.

2006 982 2147 1049 Quid
2197 984 2345 1037 enim
2388 984 2636 1053 prodest,
2673 999 2885 1054 quazso,
2919 985 3132 1055 inquit,
3174 989 3319 1056 quod
3369 990 3586 1048 divinas

2005 1074 2328 1128 scrutamini
2353 1073 2690 1143 Scripturas,
2723 1077 3019 1132 credentes
3064 1094 3164 1149 per
3200 1080 3352 1150 ipsas
3384 1097 3481 1137 vos
3517 1084 3585 1137 ad

2006 1174 2267 1220 aeternam
2292 1164 2458 1218 vitam
2499 1174 2749 1221 evectum
2800 1168 2910 1221 iri?
2959 1166 3176 1241 Quippe
3208 1185 3333 1225 cum
3385 1188 3480 1229 eas
3516 1175 3586 1228 de

2006 1270 2095 1310 me
2132 1255 2417 1311 testiﬁcari
2450 1258 2802 1326 comperiatis
2848 1274 3048 1330 meque
3100 1264 3269 1317 vitam
3323 1273 3584 1320 mternam

2008 1344 2315 1408 nominare,
2341 1360 2447 1400 non
2483 1346 2650 1401 vultis
2681 1354 2864 1403 tamen
2896 1348 2965 1403 ad
2994 1364 3082 1405 me
3105 1352 3294 1407 venire
3329 1363 3388 1407 ut
3412 1356 3583 1408 vitam

2009 1434 2275 1491 habeatis.
2303 1433 2495 1505 Igitur,
2523 1436 2668 1492 unde
2693 1452 2792 1493 vos
2812 1438 3017 1493 salvari
3042 1450 3348 1510 oporteret,
3384 1445 3585 1514 inquit,

2010 1526 2138 1580 inde
2172 1528 2462 1580 maximam
2523 1529 2834 1583 animorum
2864 1530 3143 1599 jacturam
3193 1548 3291 1588 vos
3339 1536 3590 1605 accipere

2010 1632 2119 1673 non
2162 1617 2488 1688 intelligitis,
2520 1634 2662 1689 quos
2695 1620 2964 1675 librorum
3008 1621 3376 1680 Mosaicorum
3422 1626 3586 1682 lectio

2013 1711 2078 1765 ad
2117 1711 2528 1766 contradicendi
2568 1712 2808 1767 studium
2859 1713 3036 1767 solum
3078 1715 3246 1777 acuit,
3279 1730 3404 1785 quae
3450 1733 3583 1772 vero

2014 1803 2081 1858 ad
2107 1811 2364 1857 aeternam
2394 1804 2562 1857 vitam
2592 1803 2931 1866 conducunt.
2962 1805 3121 1875 261
3150 1819 3218 1860 ne
3252 1806 3308 1860 in
3343 1808 3587 1862 animum

326 1860 897 1965 Exsiésv.c&np'értara
926 1895 1025 1958 τὰς
1055 1895 1267 1949 ἑαυτῶν
1297 1860 1616 1966 ζημιοῦντες
1734 1860 1902 1948 νοεῖτε

2010 1895 2228 1964 quidem
2262 1900 2505 1950 vestrum
2539 1894 2854 1949 admittitis.
2880 1860 3151 1950 eaEa-tn
3186 1896 3357 1950 multa
3387 1860 3593 1968 ιηἰεέξ

325 1990 523 2060 ψυχὰς,
552 1990 688 2061 πρὸς
730 1991 827 2061 μὲν
859 1990 1017 2061 μόνον
1066 1990 1128 2043 τὸ
1148 1989 1449 2058 ἀντιλέγειν
1489 1991 1554 2043 ἑκ
1592 1988 1902 2044 Μωσαῖκῶν

2010 1991 2065 2050 et
2099 1984 2306 2039 sanctis
2350 1984 2630 2053 prophetis
2663 1982 2735 2039 de
2763 1983 2877 2038 vita
2936 1986 3240 2041 secundum
3295 1994 3576 2051 naturam,

324 2079 660 2150 ἀκονώμενοι
691 2080 887 2148 λόγων,
907 2082 975 2134 τά
1002 2078 1059 2133 δὲ
1083 2081 1167 2149 ἐφ’
1194 2074 1276 2143 οἷς
1302 2075 1371 2151 ἦν
1401 2082 1543 2151 ὑμᾶς
1562 2081 1659 2152 τὴν
1688 2079 1902 2135 αἰώνιον

2011 2075 2114 2131 hoc
2143 2082 2229 2131 est
2256 2075 2323 2131 de
2352 2075 2648 2145 Unigenito
2697 2076 2989 2143 contineri,
3044 2092 3229 2142 nemo,
3278 2085 3341 2133 ut
3370 2083 3592 2150 Opinor,

320 2171 733 2241 ἀποκερδαίνειν
761 2170 928 2241 ζωὴν,
978 2171 1090 2224 οὐδ’
1117 2171 1243 2225 ὅσον
1292 2173 1370 2235 εἰς
1414 2170 1541 2225 νοῦν
1564 2172 1654 2225 τὸν
1692 2173 1902 2226 ἑαυτῶν

2008 2165 2260 2225 discendi
2288 2164 2575 2219 studiosus
2610 2165 2847 2235 ignorat.

317 2262 714 2326 εἰσοικίζοντες.
742 2264 864 2315 ’Ὁτι
910 2262 966 2314 δὲ
998 2263 1163 2325 πολὺς
1189 2261 1247 2315 ἑν
1277 2279 1336 2316 τε
1362 2263 1441 2334 τῷ
1473 2263 1620 2335 νόμῳ
1670 2266 1764 2319 καὶ
1812 2267 1925 2328 τοῖς
1964 2262 2140 2331 ἁγίοις
2158 2258 2466 2329 προφήταις
2494 2259 2522 2310 ὁ
2550 2257 2707 2325 λόγος
2738 2258 2867 2327 περὶ
2892 2256 2990 2327 τῆς
3015 2256 3158 2312 κατὰ
3195 2257 3357 2327 φύσιν
3423 2259 3590 2332 ζωῆς,

315 2354 560 2408 τουτέστι
579 2354 673 2409 τοῦ
704 2355 1060 2423 Μονογενοῦς,
1095 2359 1255 2410 πᾶσιν
1279 2353 1432 2428 οἶμαι
1458 2361 1571 2423 τοῖς
1615 2359 1966 2429 φιλομαθέσιν
2007 2355 2272 2425 ὑπάρχειν
2299 2352 2628 2420 καταφανέςο

388 2450 584 2515 Δόξαν
648 2451 811 2520 παρὰ
871 2451 1186 2520 ἀνθρώπου
1246 2459 1320 2505 οὺ
1381 2452 1664 2523 λαμϐάνω
1682 2494 1698 2520 ,
1757 2455 1898 2510 ἀλλ’

322 2540 557 2610 ἔγνωκα
594 2539 751 2609 ὑμᾶς
776 2582 792 2606 ,
847 2540 935 2595 ὅτι
982 2540 1099 2610 τὴν·
1147 2540 1391 2611 ἀγάπην
1435 2543 1542 2598 τοῦ
1585 2543 1733 2598 Θεοῦ
1786 2546 1899 2600 οὐκ

320 2633 491 2702 ἔχετε
531 2630 602 2685 ἐν
642 2631 894 2698 ἑαυτοῖς.

394 2721 717 2776 Αίσθόινεται
763 2722 959 2786 πάλιν,
997 2723 1199 2792 μᾶλλον
1235 2724 1293 2778 δὲ
1331 2725 1436 2795 ὁρᾶ
1464 2722 1816 2796 θεοπρεπῶς,
1842 2723 1903 2779 τὸ

318 2810 615 2874 δυσπειθὲς
653 2811 746 2865 καὶ
781 2810 1028 2881 δυσήνιον
1077 2812 1187 2866 τῶν
1212 2814 1524 2883 Φαρισαίων
1564 2815 1904 2870 καταδακνό-

324 2917 494 2972 μενον
541 2905 757 2970 στῖφος.
809 2903 902 2955 καὶ
937 2903 999 2955 οὗ
1031 2904 1252 2968 πάντως
1297 2905 1384 2973 ἐφ’
1430 2898 1513 2968 οἷς
1567 2906 1756 2977 ᾐτιᾶτο
1805 2904 1905 2971 τὰς

324 2991 482 3054 Θείας
530 2991 606 3056 ὡς
651 2992 712 3045 οὒ
746 2991 976 3057 δεόντως
1020 2993 1355 3065 ἐρευνῶντας
1382 2994 1634 3065 Γραφάς,
1666 2996 1783 3049 ἀλλ’
1812 2995 1906 3049 ἑπὶ

318 3081 408 3152 τῷ
438 3083 635 3153 μᾶλλον
673 3084 871 3136 εἰπεῖν’
909 3102 930 3137 ι
965 3084 1039 3137 Ού
1076 3083 1258 3138 θέλετε
1280 3084 1454 3138 ἑλθεῖν
1481 3086 1618 3156 πρός
1651 3103 1737 3157 με.
1781 3106 1801 3140 ι
1835 3087 1904 3140 Ἀ

2076 2448 2146 2516 ν,
2176 2448 2374 2515 41,42.
2424 2447 2737 2503 Claritatcm
2778 2447 2842 2501 ab
2881 2446 3179 2501 hominibus
3214 2463 3320 2501 non
3361 2448 3590 2515 accipio,

2006 2539 2094 2595 sed
2124 2540 2341 2610 cognovi
2380 2554 2489 2599 vos,
2523 2539 2651 2608 quia
2675 2537 3012 2592 dilectionem
3044 2537 3146 2591 Dei
3175 2554 3281 2591 non
3308 2537 3512 2593 habetis
3536 2541 3592 2593 in

2008 2631 2172 2686 vobis.

2079 2721 2260 2777 Sentit
2296 2736 2513 2785 rursus,
2548 2719 2660 2773 imo
2688 2734 2818 2773 vero
2846 2719 2994 2775 videt
3032 2719 3200 2774 modo
3233 2718 3342 2774 Deo
3389 2737 3592 2777 conve-

2005 2814 2176 2868 nienti
2218 2821 2599 2867 contumacem
2659 2818 2713 2865 et
2767 2810 3118 2878 praefractam
3182 2809 3589 2873 Pharisazorum

2006 2906 2223 2960 turbam
2251 2901 2606 2967 commoveri,
2634 2914 2744 2954 non
2771 2901 2917 2969 quod
2950 2916 3047 2956 eos
3075 2900 3294 2955 divinas
3335 2899 3593 2972 Scriptu-

2004 3011 2095 3053 ras
2121 2995 2305 3051 minus
2331 3004 2476 3049 recte
2500 2992 2740 3049 scrutari
2767 2991 3069 3062 objecerat,
3092 2993 3189 3048 sed
3217 3008 3284 3049 ex
3309 3008 3375 3048 eo
3404 2995 3591 3063 potius
3696 3032 3719 3059 .

2004 3086 2151 3159 quod
2184 3088 2423 3151 dixerat,
2463 3104 2483 3137 c
2519 3085 2637 3139 Non
2672 3085 2839 3141 vultis
2895 3086 3084 3140 venire
3116 3085 3181 3140 ad
3243 3099 3350 3141 me.
3388 3103 3408 3137 ι
3467 3084 3587 3152 Qua

316 3172 438 3243 γὰρ
466 3172 618 3226 αὐτοὶ
660 3172 908 3226 νοσοῦσιν
941 3173 1216 3238 εὐκόλως,
1251 3172 1427 3229 ταῦτα
1470 3174 1729 3229 δύνασθαι
1766 3191 1902 3246 κρα-

2006 3178 2153 3234 enim
2180 3179 2285 3248 ipsi
2309 3176 2640 3248 egritudine
2681 3176 3024 3242 laborabant,
3072 3175 3319 3232 eamdem
3368 3192 3590 3247 quoque

313 3265 441 3316 τεῖν
475 3264 571 3315 καὶ
603 3262 698 3315 ἑπὶ
738 3262 835 3316 τοῦ
872 3262 1123 3332 Σωτῆρος
1154 3262 1501 3317 πιστεύουσιν
1525 3280 1540 3295 ο
1581 3263 1749 3335 ᾤοντο
1792 3263 1903 3336 γὰρ

310 3353 386 3423 δὴ
417 3393 431 3417 ,
461 3352 605 3405 κατά
630 3353 691 3406 τὸ
733 3353 880 3415 εἰκὸς
900 3394 914 3415 .
968 3354 1034 3406 ἑκ
1064 3354 1268 3423 πολλῆς
1313 3355 1408 3408 καὶ
1447 3354 1607 3409 τοῦτο
1639 3354 1903 3420 παθόντες

312 3443 538 3507 ἀνοίας,
577 3444 860 3514 φιλαρχεῖν
884 3444 983 3516 ήδη
1028 3447 1150 3497 κατ’
1192 3445 1374 3499 αὐτῶν
1407 3445 1498 3500 τὸν
1542 3445 1776 3517 Κύριον,
1806 3447 1902 3501 καὶ

307 3538 424 3599 τὰς
471 3536 622 3608 παρὰ
671 3536 892 3590 πάντων
951 3535 1121 3606 τιμάς
1177 3535 1353 3607 ἑαυτῷ
1413 3536 1900 3608 πραγματεύεσθαι

311 3628 523 3693 θέλειν,
551 3628 639 3682 διά
675 3627 769 3682 τοῦ
793 3627 978 3682 καλεῖν
1009 3630 1090 3691 είς
1121 3627 1420 3698 μαθητείαν
1458 3629 1675 3694 αὐτούς.
1702 3629 1901 3683 Τοιαύ-

309 3736 427 3787 την
451 3720 572 3773 τινὰ
591 3719 690 3790 τὴν
710 3719 964 3773 ὑπόνοιαν
992 3718 1249 3783 λαϐόντες
1272 3722 1351 3783 είς
1376 3720 1523 3785 νοῦν,
1549 3720 1900 3774 ἐκπεσεῖσθαι

313 3813 429 3883 μὲν
445 3812 569 3865 ὅσον
587 3811 797 3865 οὐδέπω
815 3813 914 3882 τῆς
947 3812 1091 3866 κατὰ
1120 3811 1214 3864 τοῦ
1240 3811 1428 3876 ἑθνους
1452 3811 1702 3877 ἐξουσίας
1728 3828 1900 3883 προσ-

306 3903 522 3957 εδόκων
555 3902 742 3956 αὐτοί·
775 3901 1080 3973 διεπρίοντο
1121 3902 1179 3955 δὲ
1224 3902 1287 3956 ού
1325 3902 1537 3974 μικρῶς
1574 3902 1666 3956 τὸν
1700 3903 1899 3974 κληρο-⁸

305 3994 485 4062 νόμον
510 3990 743 4064 ὁρῶντες
767 3993 1018 4047 ἀπαιτεῖν
1050 3993 1303 4047 ἐθέλοντα
1341 3993 1432 4047 τὸν
1459 3994 1554 4047 τοῦ
1579 3994 1900 4064 ἀμπελῶνος

307 4084 555 4156 καρπόν.
586 4084 677 4136 Διὸ
699 4084 763 4155 δὴ
788 4085 971 4147 πάλιν,
999 4085 1122 4137 ὅσον
1145 4081 1279 4157 ἧκεν
1309 4085 1388 4148 είς
1414 4086 1586 4156 ὀργὴν
1645 4086 1740 4140 καὶ
1773 4086 1900 4150 τοὺς

310 4177 413 4229 ἑπὶ
439 4179 553 4238 τοῖς
585 4175 897 4244 εἰρημένοις
943 4175 1170 4245 φθόνους
1193 4215 1208 4238 ,
1264 4177 1544 4247 μονονουχὶ
1585 4176 1806 4245 λέγουσι
1838 4177 1901 4230 τὸ

311 4269 378 4320 ἑν
408 4266 531 4327 ταῖς
564 4263 943 4331 εύαγγελικαῖς
977 4265 1315 4337 παραϐολαῖς
1336 4281 1350 4295 ·
1384 4265 1602 4329 «Δεῦτε,
1643 4265 1902 4320 ἀποκτεί-

312 4370 505 4423 νωμεν
533 4352 717 4419 αὑτὸν,
745 4354 837 4407 καὶ
864 4355 1081 4427 σχῶμεν
1108 4356 1206 4427 τὴν
1239 4357 1605 4429 κληρονομίαν
1645 4357 1832 4413 αὑτοῦ.
1874 4376 1894 4411 ι

328 4444 607 4514 Ἀναιρῶν
652 4446 939 4517 τοιγαροῦν
983 4446 1080 4515 τὴν
1124 4447 1184 4511 ἑξ
1230 4449 1567 4520 εἰκαιότητπ
1612 4452 1671 4503 ἑν
1714 4451 1899 4513 αὐτοῖς

2002 3268 2229 3337 reperiri
2260 3266 2314 3320 in
2346 3265 2630 3321 Salvatore
2662 3266 2950 3335 putabant.
2984 3266 3390 3321 Existimabam
3410 3267 3585 3329 enim,

2001 3368 2061 3413 ut
2092 3357 2327 3424 videtur,
2357 3357 2522 3427 idque
2554 3370 2668 3428 prae
2696 3356 2965 3425 singulari
3000 3357 3242 3420 insania,
3291 3354 3584 3411 Dominum

2000 3463 2192 3503 eorum
2221 3447 2430 3502 ambire
2465 3447 2579 3516 jam
2608 3446 3002 3517 principatum,
3042 3456 3096 3502 et
3128 3447 3368 3502 honores
3400 3446 3505 3501 sibi
3554 3462 3584 3501 a

2001 3539 2215 3594 cunctis
2243 3539 2506 3608 aucupari
2540 3553 2607 3593 ex
2645 3552 2712 3592 eo
2748 3537 2897 3606 quod
2952 3537 3108 3608 ipsos
3137 3534 3204 3592 ad
3258 3537 3583 3595 discendum

2001 3628 2277 3684 invitaret.
2302 3628 2437 3682 Cum
2466 3642 2586 3683 eam
2622 3627 2996 3696 suspicionem
3063 3627 3250 3683 animo
3282 3629 3581 3699 concepis~

2001 3728 2145 3788 sent,
2172 3720 2400 3791 jamjam
2434 3719 2794 3775 deturbatum
2827 3721 2894 3774 iri
2939 3735 3000 3775 se
3031 3720 3098 3776 de
3126 3736 3241 3775 sua;
3267 3720 3448 3792 gentis
3482 3722 3586 3776 im-

2001 3811 2153 3881 perio
2185 3808 2485 3865 credebant
2511 3826 2525 3864 :
2560 3825 2671 3864 non
2701 3808 3055 3865 mediocriter
3081 3821 3267 3865 autem
3299 3810 3585 3881 dirumpe-

2001 3901 2220 3965 bantur,
2250 3916 2379 3955 cum
2402 3900 2655 3957 viderent
2682 3901 2954 3957 lizcredem
2984 3900 3222 3957 fructum
3247 3901 3422 3957 vineae
3442 3902 3585 3956 velle

2003 4001 2268 4063 repetere.
2321 3990 2669 4063 Quapropter
2716 3992 2763 4049 si
2823 4008 3016 4048 eorum
3055 3992 3190 4045 iram
3249 4000 3305 4048 et
3354 3992 3583 4046 livorem

1999 4091 2333 4153 spectemus,
2396 4084 2529 4137 illud
2582 4084 2983 4154 propemodum
3036 4083 3281 4136 clamant
3330 4082 3477 4151 quod
3527 4082 3587 4135 in

1999 4176 2327 4245 evangelicis
2359 4175 2636 4242 parabolis
2666 4175 2932 4244 scriptum
2966 4180 3085 4228 est:
3134 4193 3153 4225 ι
3194 4172 3411 4236 Venite,
3442 4173 3589 4227 occi-

1999 4266 2195 4322 damus
2222 4279 2371 4329 eum,
2400 4272 2454 4319 et
2485 4264 2812 4320 habebimus
2867 4264 3244 4319 haereditatem
3303 4264 3424 4334 ejus
3449 4264 3516 4319 ".
3557 4283 3582 4315 ν

2001 4355 2226 4411 Tollens
2262 4355 2449 4427 itaque
2475 4356 2851 4425 suspicionem
2884 4371 3073 4411 eorum
3132 4356 3304 4411 levem
3333 4371 3396 4411 ac
3448 4364 3582 4412 tem-

2004 4448 2299 4518 porariam,
2335 4455 2390 4502 et
2428 4448 2676 4516 germina
2717 4447 2908 4502 livoris
2944 4462 3009 4502 ac
3039 4448 3399 4517 malignitatis
3430 4448 3584 4518 prius

315 4509 789 4609 κατεσπαρμένην
815 4509 1101 4591 ’ὑπόνοιαν
1121 4577 1135 4602 ,
1170 4509 1180 4511 ἡ
1206 4540 1300 4592 καὶ
1330 4541 1399 4593 τὰ
1446 4509 1513 4595 ἑκ
1549 4509 1751 4611 ιρθόνου
1798 4509 1894 4596 καί

2008 4509 2324 4605 eradicans,
2363 4509 2545 4610 palam
2606 4548 2661 4595 et
2691 4548 2881 4609 aperte
2914 4539 2989 4593 ait
3020 4558 3033 4594 :
3082 4558 3102 4591 ι
3160 4509 3481 4593 (ἷιοινίιιιιείιι
3513 4540 3583 4593 ab

314 4629 623 4698 βασκανίας
666 4629 1090 4702 προαπορριζῶν
1127 4630 1500 4702 βλαστήματα,
1545 4636 1723 4704 γυμνῇ
1753 4633 1899 4702 λέγει

310 4723 383 4789 τῇ
414 4722 562 4790 φωνῇ
587 4734 598 4747 ·
631 4739 648 4772 ι
695 4720 863 4785 Δόξαν
909 4721 1061 4791 παρὰ
1115 4720 1409 4793 ἀνθρώπου
1451 4724 1512 4776 ού
1550 4724 1831 4795 λαμϐάνω.
1873 4744 1892 4776 ι

312 4812 396 4864 υύ
433 4812 543 4882 γὰρ
584 4812 756 4875 καλῶ,
787 4814 954 4884 φησὶν
981 4855 995 4879 ,
1027 4815 1110 4879 εἰς
1150 4815 1453 4886 μαθητείαν
1477 4816 1577 4888 τὴν
1615 4817 1745 4886 παρ’
1773 4817 1898 4884 ἐμοὶ

313 4901 429 4973 [αι.
466 4902 644 4975 ἐμοῦ]
691 4904 819 4968 τοὺς
856 4906 1276 4977 ἀκροωμένους,
1332 4906 1365 4977 ἢ
1414 4908 1514 4972 τάς
1551 4911 1684 4981 παρ’
1719 4909 1895 4980 ὑμῶν,

307 4994 345 5063 ἢ
380 4992 482 5054 τὰς
515 4995 643 5063 παρ’
677 4996 878 5067 ἑτέρων
909 4997 1098 5067 τιμάς,
1130 4997 1381 5069 καθάπερ
1423 4999 1601 5068 ὑμεῖς,
1645 4999 1898 5071 θηρώμε-

309 5098 433 5145 νος,
458 5082 578 5133 οὺδὲ
608 5081 793 5138 τοῦτον
824 5089 922 5155 τῆς
954 5086 1305 5152 διδασκαλίας
1337 5089 1802 5161 ἀντικομισαίμην
1830 5089 1897 5143 ἂν

308 5171 416 5224 τὸν
440 5170 654 5239 μισθὸν,
682 5173 1060 5248 πληρεστάτην
1087 5177 1226 5248 ἔχων
1249 5178 1349 5248 τὴν
1370 5178 1530 5245 δόξαν
1558 5179 1617 5244 ἑξ
1634 5179 1895 5247 ἐμαυτοῦ,

308 5261 419 5316 καὶ
452 5262 844 5334 ὑστεριζούσης
893 5267 993 5337 τῆς
1041 5272 1169 5340 παρ’
1221 5268 1396 5339 ὑμῶν’
1445 5267 1561 5322 ἀλλ’
1595 5268 1794 5339 εἴρηκα
1826 5270 1901 5341 μὴ

306 5354 496 5408 θέλειν
523 5355 669 5423 ὑμᾶς
704 5355 957 5425 ἔρχεσθαι
989 5360 1124 5429 πρός
1158 5378 1225 5429 με
1247 5359 1337 5413 διὰ
1363 5359 1423 5413 τὸ
1454 5358 1657 5426 γνῶναι
1691 5360 1897 5427 σαφῶς,

305 5446 397 5498 ὅτι
428 5445 523 5516 τὴν
548 5446 767 5516 ἀγάπην
789 5446 885 5499 τοῦ
911 5448 1046 5501 Θεοῦ
1073 5452 1172 5504 οὐκ
1204 5450 1351 5521 ἔχετε
1381 5453 1439 5503 ἐν
1465 5452 1699 5515 ἑαυτοῖς.
1734 5451 1902 5523 Ἔρη-

2002 4630 2320 4687 hominibus
2359 4645 2466 4684 non
2503 4630 2736 4700 accipio.
2773 4649 2790 4680 ›
2825 4628 2944 4683 Νοη
2963 4629 3107 4684 enim
3145 4628 3200 4681 in
3236 4627 3579 4697 disciplinam

2000 4735 2199 4787 meum,
2236 4722 2436 4792 inquit,
2469 4721 2756 4776 auditores
2796 4733 3059 4790 provoco,
3113 4719 3355 4773 honores
3394 4726 3491 4772 aut
3548 4733 3580 4773 a

1998 4812 2157 4869 vobis
2180 4823 2273 4867 aut
2308 4815 2375 4867 ab
2399 4813 2547 4879 aliis,
2589 4811 2752 4867 sicuti
2783 4826 2903 4875 vos,
2943 4810 3232 4873 affectans,
3270 4823 3454 4880 neque
3484 4809 3590 4864 do-

2000 4903 2191 4958 ctrina:
2223 4904 2525 4960 mercedem
2573 4903 2734 4959 istam
2777 4901 3173 4971 reportaverim
3213 4900 3308 4971 qui
3340 4900 3583 4956 absolu-

1999 4995 2273 5050 tissimam
2313 5010 2342 5050 a
2402 4995 2612 5065 meipso
2659 4993 2966 5048 claritatem
3014 4990 3217 5056 habeo,
3252 5005 3361 5061 qua
3424 4989 3585 5057 longe

2000 5087 2231 5142 inferior
2262 5096 2345 5144 est
2367 5088 2459 5141 illa
2484 5095 2668 5142 vestra
2696 5103 2710 5140 :
2746 5085 2841 5141 sed
2882 5083 3000 5138 dixi
3033 5097 3135 5139 vos
3182 5081 3250 5137 ad
3284 5096 3370 5136 me
3397 5080 3585 5135 venire

2002 5180 2165 5244 nolle,
2191 5187 2477 5250 propterea
2513 5177 2660 5247 quod
2700 5184 2890 5247 aperte
2930 5177 3059 5231 novi
3107 5175 3455 5229 dilectionem
3486 5166 3582 5220 Dci

2002 5287 2101 5328 vos
2134 5273 2190 5326 in
2224 5270 2385 5326 vobis
2417 5284 2526 5324 non
2558 5269 2780 5324 habere.
2824 5269 3090 5337 Expertes
3117 5266 3262 5320 enim
3304 5275 3428 5314 cum
3459 5257 3583 5312 sitis

2005 5363 2318 5417 dilectionis
2357 5361 2475 5427 Dei,
2518 5361 2714 5431 inquit,
2748 5359 3026 5430 quomodo
3082 5352 3338 5425 peteritis
3364 5348 3433 5403 ad
3498 5362 3583 5401 me

2010 5452 2203 5508 Filium
2234 5453 2331 5508 Dei
2373 5454 2710 5524 unigenitum
2748 5449 3053 5505 accedere?

311 5557 411 5613 μοι
437 5540 542 5612 γὰρ
583 5542 732 5607 ὄντες
760 5544 860 5614 τῆς
901 5546 981 5607 είς
1022 5544 1154 5600 Θεὸν
1184 5548 1439 5619 ἀγάπης,
1473 5548 1608 5619 φησὶ
1636 5587 1650 5612 ,
1719 5547 1835 5611 πῶς
1910 5550 1976 5603 ἂν
2017 5549 2302 5620 ἀφίκοισθε
2345 5550 2477 5620 πρός
2537 5566 2638 5619 με,
2672 5547 2765 5603 τὸν
2819 5548 2881 5599 ἑκ
2934 5541 3069 5596 Θεοῦ
3120 5535 3395 5606 πεφηνότα
3446 5533 3582 5587 Θεὸν

310 5634 580 5705 μονογενῆ
609 5651 623 5698 ;

408 5804 658 5865 "Matth.
700 5829 811 5877 xxI,
845 5815 930 5869 58.
