4078 6262
475 384 580 440 423

1435 380 1500 436 ’S.
1537 377 1813 437 CYRILLI
1863 374 2331 434 ALEXANDRINI
2374 376 2697 435 ARCHIEP.

3646 383 3744 445 ιει

547 505 613 575 ν,
645 502 746 562 45.
798 501 913 574 Ego
962 500 1078 558 veni
1126 502 1182 556 in
1220 500 1430 557 nomine
1485 499 1669 557 Patris
1708 502 1833 565 mei,
1871 510 1922 556 et
1954 516 2056 555 non

2245 498 2394 568 Ἐγὼ
2417 498 2690 566 ἐλήλυθα
2719 498 2789 552 ἐν
2816 497 2895 563 τῷ
2920 497 3165 566 ὀνόματι
3200 499 3307 555 τοῦ
3346 504 3576 571 Πατρός
3599 523 3742 575 μου,

483 595 723 660 accipitis
749 608 830 648 me
854 608 867 621 '
912 593 958 647 si
981 592 1126 646 alius
1182 591 1376 646 uenerit
1408 592 1465 646 in
1499 593 1713 648 nomine
1742 608 1863 659 suo,
1901 592 2054 647 illum

483 687 780 756 accipietis.

555 779 638 835 Ne
658 775 922 833 Pharisaei
948 783 1208 846 putarent
1235 773 1425 830 inl‘erri
1447 773 1555 829 sibi
1581 789 1612 828 a
1636 774 1797 845 262
1825 772 2056 828 Domino

492 868 747 926 convicia
784 881 910 921 cum
934 865 1012 919 ait
1040 884 1053 920 :
1105 884 1125 917 ι
1159 864 1280 920 Non
1306 865 1521 920 habetis
1553 864 1909 918 dilectionem
1960 860 2055 916 Dei

485 962 541 1016 in
576 961 770 1025 vobis,
812 977 834 1010 ι
884 959 936 1012 id
968 958 1114 1029 quod
1158 957 1369 1011 dictum
1397 964 1481 1012 est
1528 970 1719 1010 verum
1783 967 1909 1009 esse
1961 951 2055 1007 de-

483 1058 825 1114 monstrans,
860 1049 1050 1104 statim
1081 1048 1147 1102 ad
1184 1049 1471 1117 superiora
1518 1046 1666 1101 istud
1715 1058 1938 1115 quoque
1969 1058 2057 1098 re-

484 1144 609 1198 fert.
657 1142 813 1208 Quod
845 1141 1015 1205 enim,
1081 1139 1280 1209 inquit,
1319 1153 1428 1192 non
1479 1137 1739 1203 mentiar,
1798 1136 1927 1191 dum
1958 1149 2055 1189 vos

481 1233 578 1289 Dei
608 1231 902 1287 dilectione
945 1243 1138 1284 carere
1168 1228 1320 1291 dico,
1377 1229 1542 1283 unica
1579 1243 1637 1281 re
1679 1227 1837 1281 vobis
1874 1226 2058 1281 decla-

482 1325 639 1379 rabo.
671 1323 784 1394 Ego
808 1323 1079 1392 siquidem
1103 1320 1270 1376 «Veni
1289 1321 1343 1374 in
1370 1319 1595 1373 nomine
1610 1318 1789 1374 Patris
1810 1317 1917 1373 mei
1934 1320 2000 1371 ἰε
2027 1336 2047 1368 ι

480 1420 681 1471 cuncta
716 1413 862 1467 enim
902 1410 970 1466 ad
1033 1412 1262 1481 gloriam
1318 1407 1413 1463 Dei
1475 1408 1656 1463 Patris
1714 1406 1899 1462 facere
1953 1421 2053 1462 vos

482 1504 710 1557 hortor:
740 1515 838 1556 vos
869 1509 1051 1555 autem
1082 1496 1471 1553 incredulitate
1502 1503 1686 1552 vestra
1711 1497 1932 1552 cmlitus
1959 1510 2055 1550 ve-

482 1594 744 1657 nientem,
770 1603 823 1648 et
853 1607 919 1647 ev
967 1591 1078 1646 Deo
1119 1588 1507 1660 procedentem
1546 1587 1857 1658 repellitis:
1904 1587 2055 1643 acci-

482 1685 646 1755 pietis
669 1699 820 1751 vero,
855 1691 915 1738 ut
953 1682 1096 1738 Deus
1125 1681 1270 1737 enim
1318 1680 1500 1735 futura
1550 1679 1700 1742 novi,
1748 1678 2056 1735 lalsinomi-

483 1792 606 1832 nem
634 1776 809 1841 illum,
844 1775 937 1845 qui
980 1773 1090 1829 Deo
1119 1787 1184 1827 ac
1208 1771 1358 1825 Patri
1404 1770 1635 1842 gloriam
1669 1785 1779 1825 non
1833 1770 2052 1835 referet,

2158 590 2257 644 καί
2286 592 2359 645 οὐ
2391 588 2727 659 λαμϐάνετέ
2743 605 2838 658 με’
2861 590 2973 644 ἐὰν
3006 590 3196 658 ἄλλος
3225 591 3374 661 ἔλθῃ
3409 593 3480 646 ἐν
3498 594 3581 661 τῷ
3607 595 3745 653 ard.

2152 696 2295 749 ματι
2320 679 2401 744 τῷ
2430 680 2575 744 ἰδίῳ,
2610 679 2845 734 ἐκεῖνον
2877 681 3176 751 λήψεσθε.

2230 770 2349 822 Ἵνα
2387 770 2462 841 μὴ
2483 769 2686 824 δοκοῖεν
2723 773 2772 823 οἰ
2801 771 3087 842 Φαρισαῖοι
3122 772 3576 843 διαλοιδορεῖσθαι
3617 776 3748 846 μάλα

2156 860 2248 914 λον
2278 861 2460 925 αὐτοῖς
2494 862 2587 915 τὸν
2627 862 2855 932 Κύριον,
2900 863 2989 917 διὰ
3019 861 3114 916 τοῦ
3143 863 3323 933 λέγειν
3347 880 3363 895 ·
3396 883 3415 916 ι
3448 864 3565 920 Οὐκ
3592 864 3746 937 ἔχετε

2154 950 2253 1022 τὴν
2278 950 2500 1022 ἀγάπην
2534 953 2593 1005 ὲν
2614 952 2830 1017 ἑαυτοῖς
2860 953 2954 1007 τοῦ
2973 952 3135 1007 Θεοῦ’
3188 971 3208 1006 s
3246 956 3485 1025 πρᾶγμα
3532 956 3746 1020 δεικνὺς

2156 1041 2354 1113 ἀληθὲς
2379 1042 2444 1096 τὸ
2477 1043 2767 1114 εἰρημένον
2793 1083 2809 1111 ,
2845 1044 3196 1116 περιτίθησιν
3240 1045 3403 1109 εὐθὺς
3441 1048 3557 1108 τοῖς
3601 1047 3745 1100 ἀνω-

2155 1133 2298 1203 τέρω
2342 1132 2641 1186 καὶτοῦτο.
2679 1133 2801 1187 Ὀτι
2849 1134 2995 1206 γὰρ,
3042 1134 3206 1204 φησιν
3228 1173 3243 1199 ,
3283 1134 3343 1187 οὐ
3370 1134 3741 1205 διαψεύδομαι,

2154 1225 2256 1296 τῆς
2293 1224 2433 1296 πρὸς
2461 1225 2523 1279 τὸ
2565 1225 2727 1280 Θεῖον
2759 1226 2980 1296 ἀγάπης
3011 1228 3252 1296 ἐρήμους·
3302 1226 3448 1296 ὑμᾶς
3482 1226 3745 1297 ὑπάρχειν

2155 1316 2346 1382 εἰπὼν,
2385 1316 2450 1369 δι’
2495 1317 2614 1381 ἑνὸς
2653 1319 2780 1389 ὑμῖν
2829 1318 3173 1389 παραστήσω
3218 1317 3565 1387 πράγματος.
3603 1313 3743 1385 Ἐγὼ

2159 1407 2260 1479 μὲν
2290 1407 2400 1478 γὰρ
2442 1404 2606 1479 ἦλθον
2654 1409 2712 1461 ἐν
2752 1406 2832 1477 τῷ
2871 1407 3096 1477 ὀνόματι
3140 1405 3235 1460 τοῦ
3278 1406 3502 1477 Πατρός
3544 1423 3668 1477 μου.
3719 1426 3737 1459 ι

2155 1500 2341 1553 Πάντα
2379 1497 2489 1570 γάρ
2531 1501 2610 1563 εἰς
2647 1498 2806 1564 δόξαν
2836 1498 2930 1552 τοῦ
2959 1497 3095 1553 Θεοῦ
3134 1499 3230 1552 καὶ
3268 1497 3486 1569 Πατρὸς
3526 1496 3744 1565 ἐπείγε-

2156 1589 2281 1645 σθαι
2315 1590 2576 1661 πράττειν
2602 1591 2748 1662 ὑμᾶς
2774 1591 3056 1646 ἀναπείθω
3076 1602 3103 1622 °'
3121 1590 3257 1644 ἀλλά
3280 1593 3403 1655 ταῖς
3439 1590 3742 1663 ρτειθείαις

2155 1681 2555 1749 ἀπετινάξασθε
2592 1682 2692 1751 μὲν
2727 1682 2820 1736 τὸν
2868 1683 3077 1738 ἀνωθεν
3118 1684 3326 1753 ἥκοντα
3353 1724 3368 1749 ,
3421 1683 3519 1735 καὶ
3557 1682 3742 1736 θεόθεν

2157 1772 2478 1846 ὁρμώμενον
2501 1789 2516 1802 ·
2552 1772 2789 1844 λήψεσθε
2826 1774 2884 1828 δὲ
2924 1774 3143 1838 πάντως
3181 1769 3319 1841 (οἶδα
3351 1774 3463 1845 γὰρ
3505 1773 3582 1837 ὡς
3612 1770 3742 1836 Θεὸς

481 1876 537 1922 et
557 1882 587 1920 a
608 1867 770 1922 vobis
793 1865 952 1920 ﬁdem
976 1865 1178 1934 exiget,
1202 1861 1298 1919 sed
1323 1875 1444 1916 eam
1467 1876 1569 1917 suo
1589 1861 1800 1916 nomini
1826 1863 2053 1920 tribuet.

2160 1865 2228 1919 τὰ
2259 1864 2517 1936 ἐσόμενα)
2574 1864 2665 1919 τὸν
2718 1864 3101 1936 ψευδώνυμον,
3143 1864 3206 1918 οὐ
3243 1863 3322 1936 τῷ
3355 1863 3476 1935 Θεῷ
3523 1864 3619 1918 καὶ
3665 1856 3743 1934 τῷ

483 1958 623 2013 Hinc
671 1957 910 2011 arbitror
957 1956 1178 2011 beatum
1227 1966 1447 2023 quoque
1496 1950 1726 2006 Paulum
1759 1966 1889 2008 vere
1919 1951 2052 2007 illud

482 2050 551 2105 de
579 2047 783 2104 ludatis
813 2055 869 2101 et
910 2045 1216 2116 iniquitatis
1276 2044 1385 2097 tilio
1425 2042 1650 2097 dicere:
1691 2061 1710 2095 ι
1774 2041 1853 2096 Εο
1909 2043 2054 2112 quod

482 2139 805 2193 charitatem
838 2136 1084 2191 veritatis
1128 2148 1238 2189 non
1276 2140 1626 2203 receperunt,
1676 2140 1738 2187 ut
1778 2133 1915 2189 salvi
1961 2134 2055 2188 lle-

482 2238 629 2293 rent,
660 2228 785 2283 ideo
822 2228 997 2282 mittet
1057 2227 1170 2283 illis
1230 2223 1376 2281 Deus
1407 2226 1791 2296 operationem
1822 2226 2052 2289 erroris,

483 2329 545 2375 ut.
571 2319 794 2376 credant
822 2317 1132 2380 mendacio,
1154 2323 1214 2370 ut
1241 2316 1564 2386 iudicentur
1590 2330 1784 2371 omnes
1818 2316 1912 2385 qui
1943 2330 2054 2370 non

483 2411 835 2466 crediderunt
848 2408 1087 2472 veritati,
1103 2407 1198 2463 sed
1219 2414 1623 2463 consenserunt
1638 2405 1917 2475 iniquitati
1933 2407 2001 2460 'i.
2030 2426 2048 2458 ι

482 2499 623 2559 Hinc
658 2498 829 2573 igitur
857 2504 1007 2572 patet
1031 2496 1340 2554 Pharisaeos
1373 2510 1403 2549 ε
1432 2494 1717 2551 Salvatore
1752 2496 1911 2552 vanis
1941 2512 2056 2553 ser-

480 2594 740 2649 monibus
772 2592 915 2646 ictos
943 2604 1053 2644 non
1081 2588 1277 2652 fuisse,
1307 2599 1432 2642 cum
1462 2583 1668 2639 dictum
1693 2583 1827 2640 illud
1846 2584 1924 2640 rei
1953 2599 2057 2643 suo

482 2693 732 2753 tempore
762 2678 961 2735 futurae
993 2679 1279 2749 prophetia
1307 2676 1533 2732 inferat.

2163 1958 2336 2029 Πατρὶ
2378 1958 2475 2029 τὴν
2499 1957 2658 2025 δόξαν
2699 1958 3056 2023 ἀνατιθέντα,
3105 1957 3199 2011 καὶ
3252 1956 3355 2028 τὴν
3411 1958 3542 2028 παρ’
3587 1956 3742 2028 ὑμῶν

2162 2047 2496 2102 ἀπαιτοῦντα
2539 2049 2755 2116 πίστιν,
2801 2049 2918 2103 ἀλλ’
2965 2050 3193 2120 ὀνόματι
3222 2050 3300 2120 τῷ
3337 2048 3452 2118 ἰδίῳ
3479 2064 3743 2121 πραγμα-

2163 2138 2471 2208 τευόμενον.
2514 2138 2817 2205 Ἐντεῦθεν,
2849 2135 3030 2212 οἶμαι,
3062 2141 3238 2203 συνεὶς
3279 2140 3374 2193 καὶ
3404 2141 3431 2193 ό
3474 2139 3743 2210 μακάριος

2165 2229 2398 2298 Παῦλος,
2431 2231 2630 2303 ἀληθές
2669 2233 2723 2286 τί
2761 2250 2895 2304 φησι
2941 2233 3070 2305 περί
3101 2249 3162 2286 τε
3194 2232 3302 2286 τῶν
3344 2231 3611 2286 Ἰουδαίων
3647 2233 3745 2285 καὶ⁵

2160 2320 2256 2376 τοῦ
2288 2322 2388 2392 τῆς
2429 2323 2662 2395 ἀνομίας
2689 2322 2808 2378 υἰοῦ
2853 2341 2867 2355 ·
2906 2343 2926 2377 ι
2972 2323 3114 2378 Ἀνθ’
3144 2317 3219 2377 ὧν
3256 2325 3357 2395 τὴν
3389 2323 3612 2395 ἀγάπην
3643 2326 3743 2395 τῆς

2164 2412 2421 2484 ἀληθείας
2464 2418 2565 2471 οὐκ
2615 2417 2865 2484 ἐδέξαντο
2914 2418 2996 2482 εἰς
3034 2417 3098 2471 τὸ
3132 2416 3374 2489 σωθῆναι
3406 2418 3627 2481 αὐτοὺς,
3654 2416 3743 2469 διὰ

2161 2506 2320 2561 τοῦτο
2347 2508 2552 2580 πέμψει
2579 2510 2763 2573 αὐτοῖς
2788 2512 2816 2564 ὁ
2851 2510 2982 2573 Θεὸς
3017 2510 3298 2582 ἐνέργειαν
3341 2509 3551 2579 πλάνης
3577 2510 3658 2572 είς
3685 2509 3746 2562 τὸ

2162 2593 2456 2648 πιστεῦσαι
2488 2597 2689 2659 αὐτοὺς
2725 2596 2804 2668 τῷ
2836 2596 3045 2666 ψεύδει,
3078 2597 3165 2651 ἵνα
3203 2596 3466 2667 κριθῶσιν
3506 2598 3747 2660 ἀπαντες

2160 2683 2209 2735 οἰ
2237 2682 2315 2757 μὴ
2359 2687 2750 2750 πιστεύσαντες
2779 2688 2845 2757 τῇ
2888 2684 3142 2757 ἀληθείᾳ,
3191 2685 3306 2739 ἀλλ’
3353 2685 3747 2758 εὐδοκήσαντες

482 2776 549 2844 τῇ
582 2773 783 2844 ἀδικίᾳ·
809 2791 830 2825 ι
868 2771 1168 2835 Ἀπόδειξις
1194 2771 1373 2825 τοίνυν
1395 2768 1488 2824 τοῦ
1522 2766 1599 2839 μὴ
1622 2766 1800 2835 λόγοις
1826 2765 2052 2832 εἰκαίως
2088 2769 2385 2848 βεϐλῆσθαι
2412 2780 2539 2842 τοὺς
2556 2779 2883 2851 Φαρισαίους
2907 2779 3062 2852 παρά
3097 2779 3194 2834 τοῦ
3268 2781 3523 2852 Σωτῆρος
3587 2781 3749 2852 ἡμῶν

479 2871 543 2924 τὸ
568 2870 857 2942 εἰρημένον
888 2866 1025 2930 ἐστὶ,
1059 2867 1383 2937 πράγματος
1415 2864 1673 2935 ἐσομένου
1706 2862 1827 2915 κατ’
1858 2865 2056 2919 οἰκεῖον
2096 2870 2287 2943 καιρὸν
2316 2874 2653 2946 προφητείαν
2682 2875 2955 2944 εἰσφέρον.

554 2959 621 3026 ‘l,
644 2960 733 3014 44.
766 2957 1042 3027 Quomodo
1076 2975 1163 3013 vos
1199 2958 1417 3026 potestis
1461 2957 1687 3019 credere.
1713 2959 1803 3026 qui
1829 2958 2059 3027 gloriam

484 3054 548 3108 ab
585 3054 804 3107 invicem
827 3052 1109 3119 accipitis:
1143 3059 1192 3104 et
1219 3050 1445 3120 gloriam
1465 3065 1583 3119 qua:
1617 3066 1652 3102 α
1680 3051 1793 3103 solo
1845 3049 1957 3103 Deo
1979 3059 2059 3106 est

483 3159 587 3197 non
619 3142 855 3211 quwritis
879 3142 904 3196 ἲ

553 3233 866 3289 Ριιετίεεοοε
890 3231 1078 3303 gloriae
1099 3230 1353 3285 humanae
1371 3228 1803 3300 dominandique
1829 3230 2062 3301 cupidos

485 3325 689 3395 arguit,
722 3324 961 3379 obscure
1001 3322 1348 3379 subinnuens
1387 3321 1537 3392 ipsos
1588 3322 1731 3378 male
1765 3321 2061 3377 admodum

483 3432 665 3487 agere,
687 3416 779 3485 qui
805 3416 970 3471 animi
1007 3414 1093 3469 sui
1136 3413 1363 3469 morbos
1405 3411 1516 3468 Deo
1549 3419 1760 3469 temere
1795 3412 2062 3485 amngunt

485 3510 667 3563 omnis
717 3506 882 3577 plane
938 3504 1115 3559 morbi
1172 3505 1383 3561 nescio.
1442 3502 1648 3559 Deinde
1690 3519 1757 3559 ex
1803 3519 1870 3560 eo
1914 3505 2061 3575 quod

486 3600 672 3654 inanis
698 3598 881 3667 gloriae
941 3596 1228 3666 cupiditati
1282 3595 1564 3650 mordicus
1630 3596 1929 3662 inhaerent,
1982 3594 2061 3653 rei

486 3690 943 3762 praeclarissimas,
986 3687 1111 3743 ﬁdei
1144 3686 1406 3740 nimirum
1440 3686 1498 3740 in
1552 3686 1732 3754 ipsum
1778 3687 2060 3756 iacturam

486 3781 612 3836 illos
649 3779 831 3833 facere
864 3774 1125 3830 ostendit.
1152 3774 1311 3840 Quod
1339 3780 1494 3830 certe
1524 3774 1731 3830 Paulus
1760 3776 1928 3831 etiam
1963 3791 2063 3831 no-

487 3871 573 3926 bis
602 3870 751 3925 clare
787 3867 999 3923 dixisse
1025 3866 1280 3923 videtur:
1331 3885 1349 3917 ι
1388 3865 1445 3919 Si
1504 3865 1654 3920 enim
1711 3865 1924 3929 adhuc,
1978 3867 2062 3921 in-

487 3963 631 4035 quit,
703 3960 1019 4017 hominibus
1075 3959 1372 4029 placerem,
1443 3956 1654 4013 Christi
1707 3971 1902 4014 servus
1952 3974 2060 4013 non

485 4068 665 4111 essem
690 4054 758 4108 “.
820 4069 840 4103 ι
901 4049 1092 4106 Solent
1129 4050 1299 4121 igitur
1349 4050 1443 4120 qui
1498 4049 1771 4105 humanos
1823 4048 2060 4105 honores

483 4151 776 4207 venantur,
803 4156 1045 4213 superna
1092 4141 1269 4213 gloria
1299 4148 1353 4196 et
1405 4140 1498 4195 illa
1548 4155 1671 4212 quae
1706 4155 1737 4194 a
1773 4137 1887 4196 Deo
1943 4142 2061 4198 solo

484 4235 877 4308 proﬁciscitur,
910 4242 970 4289 ut
996 4232 1074 4287 ait
1106 4231 1382 4297 Salvator,
1430 4234 1744 4288 necessario
1789 4232 2061 4303 quodam—

485 4328 648 4385 modo
676 4327 954 4383 excidere.
988 4323 1091 4379 llic
1116 4325 1296 4380 solum
1320 4322 1492 4379 Deum
1530 4338 1729 4379 rursus
1755 4323 1851 4389 ait,
1880 4323 2058 4393 ipsum

483 4420 590 4475 diis
610 4418 853 4489 gentium
882 4429 1234 4485 comparans.
1256 4427 1359 4468 nec
1383 4413 1451 4467 ab
1473 4413 1620 4468 illius
1646 4413 1815 4467 unius
1843 4412 2058 4467 honore

2237 2965 2371 3034 Πῶς
2399 2967 2667 3025 δύνασθε
2697 2970 3030 3035 πιστεύειν,
3070 2968 3261 3034 δόξαν
3286 2971 3423 3037 παρ’
3456 2968 3750 3038 ἀλλήλων

2166 3058 2593 3127 λαμϐάνοντες,
2623 3059 2740 3128 τὴν
2766 3058 2835 3113 δὲ
2857 3058 3048 3125 δόξαν
3068 3061 3183 3129 τὴν
3219 3059 3383 3129 παρά
3418 3059 3526 3114 τοῦ
3549 3062 3746 3129 μόνου

2170 3148 2320 3202 Θεοῦ
2351 3150 2424 3202 οὐ
2455 3148 2674 3216 ζητεῖτε
2698 3166 2718 3212 ;

2232 3240 2640 3312 Φιλαρχοῦντας
2686 3243 2820 3314 ἤδη,
2855 3245 2951 3297 καὶ
2987 3244 3086 3308 τὰς
3130 3242 3188 3309 ἐξ
3228 3241 3532 3315 ἀνθρώπων
3582 3242 3749 3312 τιμάς

2164 3330 2519 3401 ποιουμένους
2567 3332 2697 3401 περὶ
2730 3331 2927 3385 πολλοῦ
2981 3332 3111 3395 τούς
3151 3332 3482 3403 Φαρισαίους
3508 3330 3747 3401 ἐλέγχει,

2162 3422 2465 3495 λεληθότως
2521 3426 2996 3496 ὑπαινιττόμενος,
3053 3427 3245 3498 ὅτιπερ
3278 3426 3486 3497 σφόδρα
3533 3426 3748 3482 ποιοῦσι

2163 3519 2371 3582 κακῶς,
2403 3518 2472 3571 τά
2491 3520 2773 3589 νοσήματα
2792 3521 2889 3588 τῆς
2924 3519 3132 3584 οἰκείας
3154 3518 3332 3589 ψυχῆς
3365 3520 3748 3590 περιτιθέντες

2164 3605 2405 3671 ἀϐούλως
2435 3607 2514 3678 τῷ
2537 3608 2689 3663 κατά
2729 3611 2932 3681 μηδένα
2961 3610 3166 3681 τρόπον
3205 3612 3382 3664 νοσεῖν
3409 3611 3575 3665 εἰδότι
3596 3610 3743 3687 Θεῷ.

2163 3693 2302 3750 Εἶτα
2329 3697 2427 3766 τῆς
2461 3697 2765 3766 φιλοδοξίας
2798 3697 2973 3770 ἀπρὶξ
2999 3700 3314 3770 ἐχομένους,
3355 3700 3424 3754 δι’
3465 3700 3639 3772 αὐτὴν
3677 3701 3747 3755 τά

2164 3784 2422 3839 κάλλιστα
2448 3787 2776 3857 ζημιοῦσθαί
2805 3804 2960 3859 φησι,
3000 3789 3098 3859 τὴν
3124 3787 3309 3841 πίστιν
3335 3788 3400 3861 δὴ
3439 3787 3616 3857 λέγων
3644 3790 3746 3859 τὴν

2162 3878 2243 3941 εἰς
2286 3878 2468 3932 αὐτόν.
2534 3880 2716 3951 Ὅπερ
2775 3880 2841 3950 δὴ
2889 3881 2986 3934 καὶ
3027 3882 3057 3934 ὁ
3110 3879 3321 3943 Παῦλος
3372 3882 3505 3951 ἡμῖν
3552 3883 3747 3952 δρᾶται

2163 3967 2330 4022 εἰπὼν
2358 3968 2545 4039 σαφῶς
2566 3985 2579 3998 ο
2616 3986 2636 4022 ι
2674 3971 2739 4024 Εἰ
2777 3971 2888 4042 γὰρ
2917 3970 3019 4034 ἔτι,
3052 3971 3238 4041 φησιν,
3269 3969 3583 4041 ἀνθρώποις
3616 3972 3746 4042 ἦρε-

2163 4076 2314 4123 σκον,
2345 4061 2583 4131 Χριστοῦ
2613 4060 2800 4126 δοῦλος
2830 4063 2930 4114 οὐκ
2958 4061 3024 4116 ἂν
3052 4063 3224 4133 ήμην.
3262 4079 3282 4113 ι
3312 4062 3534 4130 Πέφυκε
3565 4064 3747 4116 τοίνυν

2161 4148 2350 4221 ὥσπερ
2378 4151 2437 4217 ἐξ
2463 4151 2711 4222 ἀνάγκης
2735 4151 3059 4223 συμϐαίνειν
3088 4155 3201 4216 τοῖς
3222 4150 3322 4215 τάς
3351 4151 3412 4216 ὲξ
3439 4151 3745 4224 ἀνθρώπων

2162 4240 2501 4313 θηρωμένοις
2527 4243 2714 4313 τιμὰς,
2747 4244 2809 4297 τὸ
2843 4244 2945 4314 τῆς
2968 4244 3173 4299 ἄνωθεν
3209 4244 3538 4299 ἀποπίπτειν
3561 4245 3742 4314 δόξης,

2161 4333 2256 4386 καὶ
2290 4334 2443 4406 παρά
2489 4334 2626 4388 Θεοῦ
2666 4334 2760 4388 τοῦ
2803 4335 3005 4407 μόνου,
3064 4335 3214 4390 καθά
3264 4353 3431 4407 φησιν
3461 4338 3490 4390 ό
3529 4336 3740 4407 Σωτήρ.

2159 4425 2336 4480 Μόνον
2355 4427 2413 4479 δὲ
2427 4420 2597 4480 πάλιν
2638 4426 2772 4497 φησί
2805 4427 2898 4480 τὸν
2929 4426 3089 4492 Θεὸν,
3122 4430 3234 4491 τοῖς
3257 4427 3369 4480 τῶν
3400 4425 3570 4480 ἐθνῶν
3599 4427 3745 4480 ἀντι-

485 4510 721 4578 seipsum
748 4505 1068 4563 excludens.
1099 4502 1317 4557 Sanctae
1342 4517 1585 4572 namque
1615 4509 1671 4557 et
1696 4502 2056 4558 consubstan-

2163 4516 2527 4581 διαστέλλων,
2578 4520 2673 4572 κοιλ⁸
2720 4520 2821 4572 οὐκ
2887 4518 2993 4586 ἔξω
3030 4518 3201 4582 τιθεὶς
3259 4518 3450 4572 ἑαυτὸν
3494 4517 3599 4586 τῆς
3649 4516 3743 4569 τοῦ

485 4600 632 4654 tialis
693 4595 982 4652 Trinitatis
1040 4594 1362 4665 plenitudo,
1421 4592 2055 4663 quemadmodumjam

2167 4610 2329 4679 μόνου
2356 4609 2537 4682 τιμῆς.
2586 4609 2893 4664 Ἀναϐαίνει
2917 4611 3047 4680 γὰρ,
3083 4609 3336 4680 καθάπερ
3358 4608 3457 4680 ήδη
3486 4607 3747 4669 πολλάκις

487 4705 629 4759 saepe
647 4691 908 4758 diximus,
931 4688 989 4744 in
1019 4702 1183 4743 unam
1218 4685 1438 4741 deitatis
1462 4694 1721 4739 naturam
1750 4692 1804 4738 et
1828 4684 2055 4754 gloriam

487 4782 767 4837 coalescit.

555 4872 716 4943 263
750 4871 814 4937 V,
853 4872 944 4927 45.
984 4871 1167 4927 Nolite
1203 4879 1393 4941 putare
1427 4870 1555 4940 quia
1591 4884 1684 4939 ego
1713 4877 2059 4924 accusaturus

486 4962 588 5018 sim
609 4977 696 5016 uos
725 4960 867 5030 apud
900 4961 1149 5017 Patrem:
1171 4970 1249 5017 est
1273 4961 1363 5032 qui
1385 4968 1603 5015 accusat
1625 4976 1713 5015 vos
1742 4958 1978 5030 Moyses,
2003 4961 2059 5013 in

485 5069 587 5126 quo
611 5069 698 5108 vos
731 5052 978 5121 speratis.

554 5143 851 5215 Postquam
922 5141 1061 5199 dixit
1116 5141 1427 5199 Pharismos
1479 5141 1830 5197 ambitiosam
1885 5141 2060 5211 magis

483 5251 650 5309 quam
684 5236 829 5306 piam
877 5233 1048 5291 vitam
1087 5233 1289 5298 colere,
1332 5241 1498 5303 atque
1528 5232 1738 5287 idcirco
1779 5230 1837 5285 in
1884 5231 2061 5287 obsti-

484 5332 762 5387 nationem
819 5324 1201 5383 incredibilem
1252 5325 1547 5396 delapsos,
1600 5322 1766 5380 etiam
1812 5323 1883 5378 ab
1935 5323 2057 5392 ipso

483 5414 671 5488 Moyse
706 5415 858 5486 ipsos
887 5421 1211 5469 accusatum
1250 5412 1321 5468 iri
1361 5413 1519 5477 dicit.
1551 5425 1663 5483 quo
1696 5419 1877 5468 tamen
1913 5415 2057 5468 sole-

483 5505 614 5560 bant
662 5506 896 5562 mirifice
943 5503 1196 5576 gloriari.
1230 5502 1297 5558 Et
1333 5515 1500 5569 certe,
1532 5517 1677 5559 ca'co
1707 5502 1802 5558 illo
1844 5518 1874 5557 a
1910 5503 2058 5557 nati-

487 5595 658 5652 vitate
705 5596 967 5653 dicente:
1009 5614 1029 5650 ι
1066 5594 1343 5669 Numquid
1382 5604 1439 5652 et
1466 5611 1562 5652 vos
1602 5594 1772 5651 vultis
1798 5594 2057 5666 discipuli

2165 4703 2583 4773 εἰρήκαμεν,είς
2607 4701 2734 4772 μίαν
2753 4701 3010 4772 θεότητος
3035 4700 3199 4770 φύσιν
3229 4718 3291 4754 τε
3318 4700 3411 4753 καὶ
3433 4698 3618 4765 δόξαν,
3647 4698 3745 4768 τῆς

2122 4798 2129 4801 ⁷
2166 4788 2326 4855 ἁγίας
2347 4805 2406 4841 τε
2435 4790 2530 4842 καὶ
2562 4790 2849 4860 όμοουσίου
2883 4789 3111 4859 Τριάδος
3136 4790 3196 4842 τὸ
3220 4788 3519 4860 πλήρωμα.

2231 4876 2329 4945 Μὴ
2367 4876 2626 4943 δοκεῖτε,
2680 4879 2770 4933 ὅτι
2810 4879 2924 4949 ἐγὼ
2972 4879 3371 4949 κατηγορήσω
3398 4877 3565 4948 ὑμῶν
3594 4879 3748 4946 πρὸς

2161 4966 2268 5020 τὸν
2293 4965 2526 5035 Πατέρα
2545 4984 2560 4999 °
2600 4970 2775 5023 ἐστιν
2821 4972 2853 5025 ό
2907 4967 3252 5039 κατηγορῶν
3295 4967 3464 5039 ὑμῶν
3495 4967 3744 5037 Μωσῆς,

2159 5060 2245 5122 εἰς
2282 5057 2354 5112 ὃν
2380 5058 2551 5127 ὑμεῖς
2577 5060 2897 5127 ἠλπίκατε.

2235 5148 2531 5217 Φιλοδόξως
2567 5151 2800 5221 μᾶλλον,
2832 5153 2976 5223 ἢπερ
3013 5152 3252 5215 εὐσεϐῶς
3296 5151 3486 5224 διαζῆν
3530 5151 3745 5221 ἐπείγεο

2164 5236 2289 5291 σθαι
2346 5239 2474 5303 τοὺς
2507 5240 2834 5311 Φαρισαίους
2880 5241 3090 5305 εἰπὼν,
3146 5241 3238 5295 διά
3301 5258 3362 5294 τε
3407 5240 3568 5294 τοῦτο
3613 5241 3744 5313 πρὸς

2162 5328 2398 5402 ἄμετρον
2440 5330 2722 5385 ἀπείθειαν
2763 5331 3049 5386 ἀποκλῖναι
3089 5331 3329 5397 διδάξας,
3369 5332 3464 5386 καὶ
3491 5331 3553 5396 ἐξ
3579 5330 3741 5386 αὐτοῦ

2162 5437 2295 5490 φησι
2327 5421 2872 5493 κατηγορηθήσεσθαι
2908 5424 3174 5489 Μωσέως,
3206 5423 3291 5493 ἐφ’
3324 5417 3480 5494 ᾧπερ
3517 5418 3585 5494 ἦν
3624 5420 3741 5483 ἔθος

2164 5509 2345 5573 αὐτοῖς
2379 5511 2475 5563 καὶ
2510 5509 2630 5565 λίαν
2659 5511 2894 5576 εὐτόνως
2925 5512 3418 5584 ἀποσεμνύνεσθαι.
3461 5511 3574 5565 Καὶ
3614 5509 3741 5579 γοῦν

2163 5599 2414 5669 λέγοντός
2441 5618 2572 5657 ποτε
2624 5602 2721 5657 τοῦ
2759 5604 2824 5659 ὲκ
2876 5606 3100 5676 γενετῆς
3129 5604 3331 5676 τυφλοῦ
3370 5604 3510 5677 πρὸς
3546 5603 3738 5667 αὐτοὺς

547 5770 601 5803 ’⁸
634 5766 795 5825 Joan.
832 5786 885 5837 ν,
915 5770 1004 5825 45.
1079 5772 1125 5803 ³⁸
1165 5770 1208 5825 ll
1230 5769 1429 5829 Thess.
1464 5786 1522 5840 ll,
1563 5769 1650 5838 l0,
1683 5767 1771 5824 ll.
1851 5765 1897 5798 “
1937 5762 2150 5820 Galam
2185 5811 2194 5831 ,
2240 5769 2321 5822 ιυ.
