4078 6262
337 330 441 388 425

1392 318 1459 373 lN
1499 319 1789 374 JOANNIS
1828 319 2273 378 EVANGELIUM
2314 319 2440 374 LIB.
2473 317 2560 372 lli.

3495 312 3598 368 42ίὶ

333 449 466 522 περὶ
485 446 725 519 Χριστοῦ
753 463 764 476 ·
802 464 821 498 ι
850 443 942 515 Μή
964 443 1057 497 καὶ
1088 442 1243 511 ὑμεῖς
1274 439 1456 493 θέλετε
1494 440 1735 511 μαθηταὶ
1755 439 1918 492 αὐτοῦ

2020 442 2142 510 ejus
2175 440 2333 495 ﬁeri?
2371 459 2389 491 ι
2423 439 2609 494 statim
2636 437 2973 491 occiamant:
3018 453 3038 485 ι
3082 432 3164 488 Τιι
3190 431 3500 502 discipulus
3530 431 3597 482 il-

336 538 635 608 γενέσθαι;
673 556 694 590 ι
745 534 1041 607 διαρρήδην
1085 524 1248 593 εὐθὺς
1286 528 1727 599 ἀνακεκραγότες
1765 528 1919 598 φασί·

345 651 364 687 ι
403 634 479 686 Σὺ
513 629 760 703 μαθητής
819 623 867 682 εἰ
918 623 1162 688 ἐκείνου,
1214 623 1379 693 ἡμεῖς
1432 621 1490 674 δέ
1537 619 1632 674 τοῦ
1678 620 1924 684 Μωσέως

339 724 509 795 ἐσμὲν
540 719 798 794 μαθηταί.
833 738 852 772 ι
893 715 1283 787 Κατηγορήσει
1328 712 1547 776 τοίνυν,
1603 711 1775 782 φησι,
1828 710 1924 765 καὶ

341 814 506 879 αὐτὸς
531 811 685 885 ὑμῶν
724 813 753 865 6
797 808 1026 879 Μωσῆς,
1057 808 1143 876 ἐφ’
1176 798 1221 875 ᾧ
1253 805 1437 860 πᾶσαν
1474 803 1662 858 ἔθεσθε
1699 801 1797 873 τὴν
1834 801 1921 855 ἐλ-

343 905 503 968 πίδα,
539 903 632 957 καί
678 901 779 972 τῆς
828 898 1059 970 ἐνούσης
1106 897 1238 969 ὑμῖν
1277 895 1540 960 ἀπονοίας
1587 891 1923 964 καταδοήσει

342 996 494 1066 παρὰ
533 991 673 1064 Θεῷ,
703 991 843 1064 μετά
875 990 987 1044 τῶν
1027 986 1202 1044 ἄλλων
1246 984 1779 1058 καταφρονούμενος.
1812 982 1924 1038 Καὶ

337 1088 398 1142 οὐ
430 1086 494 1157 δή
522 1102 625 1139 που
652 1082 948 1155 νομιοῦμεν
972 1079 1339 1151 ἀνεγκλήτους
1363 1074 1499 1132 εἶναι
1521 1076 1672 1148 παρά
1698 1074 1924 1147 Χριστῷ

338 1180 462 1235 τοὺς
493 1175 854 1238 ἀπειθοῦντας
886 1172 1039 1245 αὐτῷ
1065 1211 1081 1237 ,
1129 1171 1219 1227 διά
1271 1171 1335 1225 τὸ
1390 1170 1556 1240 φάναι
1602 1169 1742 1240 πρὸς
1788 1166 1922 1221 Ἰου-

337 1268 521 1332 δαίους
545 1286 558 1301 ο
600 1287 620 1320 ι
653 1268 747 1338 Μὴ
798 1266 1006 1321 δοκεῖτε
1057 1265 1140 1318 ὅτι
1195 1262 1308 1332 ἐγὼ
1355 1256 1721 1333 κατηγορήσω
1769 1258 1924 1329 ὑμῶν

339 1362 475 1432 πρὸς
498 1362 590 1416 τὸν
631 1345 875 1433 Πᾶτέρα.
919 1377 938 1410 ι
988 1355 1056 1410 Τί
1103 1354 1213 1426 γάρ
1253 1353 1319 1425 δὴ
1357 1353 1453 1406 καὶ
1498 1351 1767 1424 ἐροῦμεν,
1794 1350 1923 1403 ὅταν

338 1455 626 1524 ἀκούωμεν
654 1453 908 1520 λέγοντος
953 1466 967 1482 ο
1007 1467 1025 1500 ι
1055 1448 1173 1511 Πᾶς
1201 1442 1295 1500 οῦν
1325 1445 1473 1509 ὅστις
1500 1443 1824 1514 ὁμολογήσει
1862 1441 1924 1494 ἐν

337 1548 462 1618 ἐμοὶ
500 1542 812 1617 ἔμπροσθεν
858 1539 968 1595 τῶν
1017 1537 1354 1611 ἀνθρώπων,
1396 1535 1717 1606 ὁμολογήσω
1763 1530 1923 1602 κάγὼ

338 1640 397 1692 ἐν
422 1635 573 1707 αὐτῷ
600 1633 910 1706 ἔμπροσθεν
933 1630 1026 1687 τοῦ
1059 1629 1271 1702 Πατρός
1297 1646 1398 1700 μου
1424 1625 1519 1682 τοῦ
1549 1628 1609 1681 ἐν
1632 1626 1880 1699 οὐρανοῖς
1901 1640 1916 1654 ·

341 1730 492 1792 ὅστις
511 1726 555 1780 δ’
584 1725 651 1780 ἂν
684 1722 984 1797 ἀρνήσηταί
1016 1739 1085 1794 με
1112 1719 1424 1792 ἔμπροσθεν
1452 1718 1560 1774 τῶν
1591 1716 1917 1790 ἀνθρώπων,

2026 533 2135 589 lius
2170 532 2287 599 sis;
2341 547 2443 588 nos
2490 539 2672 586 autem
2707 529 2880 600 Moysi
2932 528 3191 599 discipuli
3244 543 3437 585 sumus
3466 527 3531 579 ".
3575 545 3595 579 ι

2025 623 2322 678 Accusabit
2372 621 2559 693 igitur,
2600 621 2805 691 inquit,
2850 619 3020 675 etiam
3059 634 3160 675 vos
3210 620 3330 689 ipse
3360 617 3597 687 Moyses.

2026 710 2080 764 in
2114 725 2223 781 quo
2251 725 2402 780 spem
2433 717 2670 765 vestram
2705 724 2922 764 omnem
2960 708 3247 779 posuistis,
3275 715 3330 762 et
3353 718 3601 762 vestrum

2025 801 2264 858 furorem
2304 801 2597 873 redargttet
2648 800 2791 871 apud
2847 798 3020 855 Deum
3055 837 3070 864 ,
3126 811 3236 853 una
3291 810 3420 852 cum
3474 795 3603 852 aliis

2024 901 2397 964 contemptus.
2430 890 2619 963 Neque
2646 906 2780 948 vero
2800 891 3117 962 putabimus
3138 889 3458 960 inculpatos
3478 902 3602 944 esse

2024 984 2168 1056 apud
2204 985 2484 1041 Christum
2532 984 2786 1041 inﬁdeles
2833 984 2981 1048 illos,
3009 998 3077 1037 ex
3108 994 3176 1039 eo
3203 981 3351 1051 quod
3391 979 3458 1035 ad
3501 977 3600 1034 Ju-

2023 1079 2170 1133 dazos
2204 1077 2374 1134 dixit:
2416 1096 2434 1130 ι
2483 1077 2666 1133 Nolite
2693 1085 2891 1147 putare
2914 1076 3063 1148 quod
3097 1083 3464 1131 accusaturus
3495 1074 3601 1130 sim

2025 1185 2123 1227 vos
2160 1170 2304 1241 apud
2328 1167 2569 1225 Patrem.
2610 1186 2629 1220 ι
2664 1167 2807 1235 Quid
2861 1168 3006 1223 enim
3046 1167 3294 1224 dicemus
3329 1182 3455 1221 cum
3502 1182 3604 1221 au-

2023 1262 2243 1318 diamus
2274 1261 2551 1317 dicentem
2577 1277 2592 1315 :
2630 1280 2651 1314 ι
2691 1260 2885 1316 Omnis
2919 1275 3052 1332 ergo
3078 1260 3395 1331 quicunque
3420 1261 3599 1315 conli-

2023 1355 2229 1410 tebitur
2257 1370 2343 1409 me
2363 1369 2551 1409 coram
2574 1355 2916 1421 hominibus,
2941 1353 3247 1411 conﬁtebor
3264 1363 3318 1410 ct
3340 1342 3444 1424 ego
3471 1368 3599 1409 eum

2022 1458 2210 1500 coram
2240 1443 2407 1501 Patre
2434 1460 2555 1500 meo
2583 1445 2679 1516 qui
2709 1445 2766 1500 in
2797 1444 2955 1501 ccelis
2986 1452 3104 1513 est;
3145 1444 3239 1515 qui
3291 1455 3475 1500 autem
3502 1458 3602 1500 ne-

2022 1537 2235 1607 gaverit
2273 1551 2363 1591 me
2407 1550 2596 1591 coram
2627 1536 2966 1603 hominibus,
3000 1536 3213 1609 negabo
3244 1552 3372 1593 eum
3410 1549 3599 1591 coram

2023 1627 2185 1685 Patre
2222 1642 2368 1695 meo,
2409 1627 2506 1700 qui
2557 1627 2612 1683 in
2661 1628 2819 1684 caelis
2860 1637 2946 1685 est
2980 1629 3050 1683 ³⁸.
3096 1647 3114 1680 ι
3161 1627 3437 1701 Numquid
3470 1627 3602 1699 jure

2022 1718 2342 1789 putabimus
2391 1729 2716 1775 accusatum
2750 1719 2818 1774 iri
2852 1721 2998 1791 apud
3048 1718 3219 1776 Deum
3267 1735 3334 1776 ac
3381 1719 3601 1776 Patrem

345 1819 657 1891 ἀρνήσομαι
699 1813 855 1883 κάγὼ
900 1812 1062 1868 αὐτὸν
1110 1809 1421 1884 ἔμπροσθεν
1448 1808 1543 1863 τοῦ
1572 1808 1785 1879 Πατρός
1816 1825 1918 1880 μου

2022 1824 2120 1880 per
2149 1809 2500 1880 negationem
2541 1824 2640 1866 eos
2667 1809 2762 1879 qui
2803 1823 2904 1879 per
2927 1808 3209 1866 Christum
3242 1811 3424 1882 negati
3476 1809 3600 1867 l’ue-

350 1908 438 1961 τοῦ
486 1909 544 1960 ἐν
578 1906 864 1977 οὐρανοῖς;
904 1921 924 1956 ι
971 1899 1102 1974 Ἆρ’
1132 1902 1234 1956 οὐκ
1279 1901 1518 1969 εὐλόγως
1552 1899 1923 1971 ὑπονοήσομεν

349 1995 897 2069 κατηγορηθήσεσθαι
921 2012 1052 2049 ποτε
1081 1993 1238 2066 παρά
1263 1992 1341 2064 τῷ
1371 1991 1491 2063 Θεῷ
1510 1993 1605 2046 καὶ
1635 1992 1810 2064 Πατρὶ
1836 1991 1924 2046 διά

347 2093 445 2164 τῆς
476 2094 796 2164 ἀρνήσεως,
843 2089 971 2152 τοὺς
1015 2084 1211 2159 οἵσπερ
1245 2087 1313 2141 ἂν
1348 2083 1507 2139 τοῦτο
1537 2083 1810 2157 συμϐαίνῃ
1836 2082 1926 2138 διά

343 2182 620 2254 Χριστοῦς
690 2179 829 2234 Ἀλλ’
889 2179 1159 2251 ὑπάρχειν
1218 2172 1372 2249 οἶμαι
1424 2174 1581 2230 τοῦτο
1640 2174 1801 2230 παντί
1846 2193 1924 2247 τῳ

341 2274 532 2344 σαφές.
602 2273 811 2327 Οὐκοῦν
866 2274 967 2326 οὐκ
1021 2271 1294 2344 ἐλεύθεροι
1349 2270 1444 2324 τοῦ
1498 2269 1924 2340 κατηγορεῖσθαι

341 2367 559 2429 πάντως
592 2365 732 2418 είσὶν
769 2363 1031 2429 Ἰουδαῖοι,
1070 2362 1162 2417 διὰ
1195 2363 1414 2434 μακρᾶς
1446 2360 1730 2425 ἀπειθείας
1761 2361 1926 2434 ἀρνη-

339 2458 565 2527 σάμενοι
590 2456 681 2512 τὸν
718 2454 975 2527 Χριστὸν,
1010 2454 1125 2508 ἀλλ’
1160 2454 1507 2525 εὐφυέστατα
1528 2452 1696 2508 πάλιν
1724 2454 1753 2507 6
1782 2453 1924 2524 πρὸς

335 2548 535 2613 αὐτοὺς
562 2547 673 2619 ἔχει
706 2547 885 2616 λόγος.
919 2545 1140 2618 Ἐπειδὴ
1168 2545 1278 2618 γὰρ
1310 2545 1411 2611 τὰς
1443 2545 1575 2617 παρ’
1604 2543 1772 2599 αὐτοῦ
1797 2561 1922 2599 νου-

338 2639 526 2702 θεσίας
562 2637 966 2708 ἀποσειόμενοι,
995 2635 1092 2690 καὶ
1124 2635 1183 2689 ἐν
1212 2634 1292 2706 τῷ
1340 2633 1532 2706 μηδενὶ
1556 2633 1923 2688 κατατάττονέ

331 2746 428 2793 τες
467 2727 615 2798 λόγῳ
659 2726 758 2798 τὴν
815 2726 964 2781 θείαν
1015 2743 1074 2779 τε
1135 2725 1229 2779 καὶ
1275 2724 1524 2797 οὐράνιον
1574 2724 1922 2780 διδασκαλίαν
1946 2756 1965 2781 ς

334 2817 527 2888 αὐτοῦ,
555 2818 649 2874 ἐπὶ
676 2818 739 2872 τὸ
762 2818 959 2889 χρῆναι
990 2816 1278 2887 φυλάττειν
1303 2816 1389 2871 ἀεὶ
1408 2816 1479 2869 τά
1501 2814 1746 2879 Μωσέως
1773 2815 1923 2887 βαδί-

334 2912 520 2977 ζουσιν
542 2951 558 2976 ,
608 2910 684 2975 ὡς
721 2909 814 2964 καὶ
861 2908 1195 2981 γυμνότερον
1241 2908 1340 2979 ήδη
1372 2906 1615 2978 βοῶντας
1646 2906 1881 2979 ὁρᾶσθαι
1904 2923 1920 2939 °

341 3023 362 3054 ι
412 3004 598 3075 Ἡμεῖς
656 3003 905 3074 οἴδαμεν,
971 3001 1053 3056 ὅτι
1105 3002 1294 3055 Minae!
1357 2998 1655 3071 λελάληκεν
1694 3000 1722 3051 6
1764 2997 1920 3062 Θεὸς,

335 3094 530 3149 τοῦτον
564 3095 619 3148 δὲ
653 3097 754 3149 οὐκ
786 3093 1007 3164 οἴδαμεν
1038 3091 1202 3146 πόθεν
1242 3091 1389 3146 ἐστίν
1413 3107 1427 3121 ·
1470 3109 1489 3144 ι
1516 3089 1830 3160 ἀναγκαίως
1854 3089 1920 3164 δὴ

2023 1898 2137 1954 rint
2160 1898 2445 1965 tNemini,
2468 1910 2528 1955 ut
2568 1915 2715 1966 reor,
2744 1899 3046 1956 obscurum
3084 1900 3234 1955 istud
3258 1910 3363 1961 est.
3389 1901 3473 1957 Ab
3497 1901 3602 1959 hac

2024 1990 2189 2061 igitur
2212 1993 2566 2049 accusatione
2592 1992 2766 2049 Judaei
2789 1994 2975 2065 utique
3000 2008 3112 2048 non
3140 2002 3269 2050 sunt
3304 1995 3599 2059 immunes.

2022 2083 2118 2153 qui
2167 2084 2333 2155 longa
2374 2084 2768 2141 incredulitate
2808 2083 3096 2142 Christum
3136 2094 3451 2158 negarunt,
3501 2086 3601 2142 sed

2024 2173 2141 2229 haec
2171 2174 2350 2229 oratio
2382 2175 2521 2231 scite
2546 2175 2841 2232 admodum
2871 2180 2952 2234 eis
2981 2180 3259 2234 convenit.
3303 2176 3439 2234 Nam
3473 2194 3598 2235 cum

2022 2263 2144 2335 ejus
2177 2265 2404 2323 monitis
2455 2266 2760 2339 repudiatis
2791 2269 3090 2341 divinaque
3134 2277 3191 2327 et
3228 2272 3440 2327 cmlesti
3478 2271 3601 2341 ejus

2022 2355 2275 2413 doctrina
2310 2373 2410 2429 pro
2436 2357 2613 2414 nihilo
2646 2358 2853 2424 habita,
2885 2359 2955 2415 ad
2980 2360 3329 2417 observanda
3357 2361 3601 2418 Mosaica

1986 2478 2005 2497 ο
2025 2457 2295 2522 praecepta
2322 2464 2383 2506 se
2413 2458 2761 2519 convertant,
2803 2452 2878 2507 ita
2912 2460 2972 2508 ut
3005 2454 3197 2510 videre
3236 2453 3403 2511 liceat
3447 2454 3600 2526 ipsos

2023 2548 2211 2612 aperte
2237 2542 2574 2600 clamantes:
2617 2562 2636 2596 ι
2674 2542 2785 2600 Nos
2816 2546 3025 2603 scimus
3055 2545 3188 2619 quia
3228 2544 3404 2619 Moysi
3445 2547 3601 2602 locu-

2025 2639 2113 2687 tus
2148 2639 2233 2688 est
2262 2629 2429 2697 Deus,
2456 2633 2602 2693 hunc
2636 2642 2816 2689 autem
2859 2636 3139 2694 nescimus
3177 2636 3323 2693 unde
3354 2637 3544 2694 sit"':
3576 2656 3594 2689 ι
3653 2682 3660 2688 .

2027 2722 2234 2778 idcirco
2275 2738 2423 2778 uuuc
2458 2739 2555 2781 eos
2596 2726 2913 2781 necessario
2946 2728 3288 2786 demonstrat
3321 2730 3378 2788 in
3416 2730 3599 2801 ipsum

2024 2827 2244 2883 quoque
2289 2812 2510 2884 Moysen
2555 2828 2807 2886 peccare,
2837 2832 2947 2887 quo
2994 2833 3054 2874 sc
3100 2820 3333 2876 miriﬁce
3356 2820 3597 2891 jactaut,

2023 2920 2124 2961 nec
2158 2905 2273 2961 ullo
2313 2914 2638 2962 accusatore
2669 2908 2779 2964 alio
2820 2924 2960 2981 opus
2990 2912 3108 2967 fore
3138 2912 3236 2981 ait,
3269 2915 3602 2986 unicamque

2023 2998 2226 3070 Moysis
2292 2999 2473 3071 legem
2531 3001 2887 3059 suﬂecturam
2953 3005 3021 3061 ad
3073 3020 3169 3062 eos
3233 3005 3364 3077 jure
3428 3023 3599 3066 accu-

2023 3090 2248 3157 saudos,
2297 3092 2515 3149 etiamsi
2557 3092 2783 3164 judicis,
2820 3094 2926 3152 hoc
2964 3104 3049 3153 est
3099 3096 3330 3168 Christi,
3356 3115 3462 3157 vox
3520 3103 3598 3160 si-

331 3185 546 3257 σφόδρα
586 3188 680 3239 καὶ
712 3187 792 3249 είς
834 3185 997 3238 αὐτὸν
1030 3181 1488 3256 πλημμελοῦντας
1539 3183 1792 3253 ἐλέγχει,
1826 3181 1918 3235 τὸν
1943 3169 1988 3230 C
2023 3184 2150 3237 leat.

325 3280 423 3349 ἐφ’
466 3273 510 3348 ᾧ
542 3279 923 3352 μεγαλαυχῶσι
969 3279 1210 3345 Μωσέα,
1254 3279 1351 3333 καὶ
1394 3278 1755 3351 δεηθήσεσθαι
1808 3281 1907 3353 μὲν
1943 3277 2193 3350 οὐδαμῶς
2220 3279 2407 3350 ἐτέρου
2434 3282 2893 3362 κατηγοροῦντάς
2925 3302 3110 3356 φησιν,
3153 3288 3470 3362 ἐξαρκέσειν
3543 3295 3601 3356 δὲ

325 3372 498 3444 μόνον
521 3373 822 3459 αὐτοῖςκαὶ
851 3371 943 3425 τὸν
988 3370 1058 3425 δι’
1086 3371 1293 3425 ἐκείνου
1326 3371 1509 3443 νόμον,
1539 3371 1605 3424 δι’
1643 3365 1719 3426 ὧν
1751 3372 2067 3427 ἀπειθοῦσιν
2092 3373 2240 3443 αὐτῷ
2275 3374 2409 3445 πρὸς
2465 3374 2526 3427 τδ
2581 3378 2781 3448 χρῆναι
2817 3360 3002 3433 λοιπον
3062 3360 3299 3451 εὐλόγως
3363 3400 3596 3459 κατηγο-

324 3464 549 3539 ρεῖσθαι
569 3455 821 3531 πεσοῦσι,
848 3465 951 3520 κᾶν
976 3466 1011 3537 ἡ
1049 3463 1141 3519 τοῦ
1181 3465 1457 3538 κρίνοντος
1483 3465 1704 3540 ἀργήσῃ
1736 3468 1909 3539 φωνὴ,
1952 3468 2198 3523 τουτέστι
2227 3466 2499 3541 Χριστοῦ.’

407 3561 478 3613 Εἰ
502 3559 611 3630 γὰρ
636 3559 980 3614 ἐπιστεύετε
1014 3558 1235 3624 Μωσεῖ,
1264 3559 1611 3615 ἐπιστεύετε
1649 3560 1727 3616 ἂν
1760 3562 1913 3633 ἐμοί.

319 3652 475 3722 Περὶ
512 3650 621 3723 γὰρ
660 3649 807 3720 ἐμοῦ
839 3650 1071 3718 ἐκεῖνος
1105 3650 1388 3721 ἔγραψεν.

417 3744 554 3799 Ὑπὸ
598 3743 692 3798 τοῦ
748 3744 1024 3812 πανσόφου
1076 3744 1319 3807 Μωσέως
1366 3744 1915 3817 κατηγορηθήσεσθαι

318 3837 459 3900 τοὺς
500 3835 788 3899 Ἰουδαίους
824 3834 1012 3902 είπὼν,
1049 3835 1141 3889 καὶ
1191 3835 1292 3906 τὴν
1337 3835 1431 3888 ἐπὶ
1475 3838 1597 3900 ταῖς
1639 3838 1720 3899 είς
1751 3837 1914 3893 αὐτὸν

320 3927 636 3989 ἀπειθείαις
693 3926 982 3997 ὑπομεῖναι
1021 3925 1274 3998 γραφὴν,
1313 3926 1565 4000 ἐπιφέρει
1601 3926 1698 3982 καὶ
1739 3927 1914 3982 ταῦτα

321 4017 620 4089 χρησίμως
647 4016 707 4070 τὺ
744 4015 819 4088 μὴ
851 4016 1028 4086 μάτην
1061 4014 1243 4078 αὐτοῖς
1283 4015 1587 4087 ἐπισκῆψαι
1619 4014 1910 4080 διδάσκων,

322 4108 355 4179 ἢ
403 4107 498 4158 καὶ
522 4105 696 4170 άλλως
718 4107 817 4178 τήν
842 4106 935 4159 ἐπὶ
958 4105 1037 4175 τῷ
1058 4105 1412 4177 λοιδορεῖσθαι
1440 4106 1615 4177 φιλεῖν
1643 4107 1912 4179 ὑπόληψιν

323 4195 793 4266 παραιτούμενος.
827 4195 1068 4267 Πρᾶγμα
1098 4194 1206 4266 γάρ
1229 4195 1491 4265 λέγων,οὐ
1523 4196 1912 4268 διεψευσμένον

322 4286 552 4357 ὁρᾶται.
593 4285 774 4338 Ἔστω
812 4284 1027 4351 τοίνυν,
1067 4287 1233 4359 φησὶ,
1261 4287 1385 4352 τοὺς
1418 4287 1585 4359 ἐμοὺς
1611 4288 1695 4343 ὅτι
1728 4304 1912 4360 παραυ

328 4374 604 4449 κρούεσθε
665 4374 891 4445 λόγους,
954 4381 1279 4450 καρτερήσω
1347 4380 1443 4434 καὶ
1492 4380 1909 4453 ἀπειθούμενος.

330 4464 718 4531 Καταδέξασθε
777 4468 979 4522 Μωσέα
1015 4468 1111 4522 ’τὸν
1163 4469 1406 4524 ἑαυτῶν⁹
1470 4471 1589 4524 δότε
1640 4471 1719 4544 τῷ
1782 4473 1913 4544 παρ’

329 4557 491 4629 ὑμῶν
513 4557 910 4631 θαυμαζομένῳ
927 4560 1024 4631 τήν
1048 4560 1248 4624 πίστιν,
1273 4561 1368 4615 καὶ
1391 4560 1665 4630 γνώσεσθε
1685 4564 1907 4631 πάντες,

2093 3561 2258 3635 264
2295 3561 2362 3629 V,
2393 3563 2483 3618 46.
2516 3562 2578 3620 Si
2607 3566 2741 3621 enim
2773 3565 3057 3623 crederetis
3081 3566 3279 3639 Moysi.
3314 3572 3597 3629 crederetis

2021 3654 2253 3724 forsitan
2270 3664 2318 3709 et
2348 3655 2495 3711 mihi.
2523 3655 2600 3711 De
2626 3673 2706 3712 me
2729 3659 2868 3712 enim
2892 3659 2984 3714 ille
3005 3661 3239 3731 scripsit.

2088 3746 2227 3802 Cum
2261 3746 2463 3801 dixerit
2514 3765 2545 3802 a
2586 3749 2990 3819 sapientissimo
3030 3749 3214 3824 Moyse
3242 3748 3461 3811 Iudaeos
3491 3769 3598 3810 ac—

2021 3847 2274 3893 cusatum
2315 3837 2409 3902 iri,
2444 3845 2500 3893 ct
2528 3839 2929 3898 incredulitatis
2969 3842 3307 3913 postulatum
3359 3844 3452 3911 iri,
3485 3846 3599 3901 hate

2019 3928 2185 3985 ctiam
2237 3929 2448 3985 utiliter
2491 3930 2780 4006 subjungit
2807 3972 2822 3997 ,
2863 3932 3073 3990 docens
3114 3950 3176 3991 se
3224 3951 3336 3994 non
3385 3936 3597 3993 frustra

2018 4035 2117 4077 eos
2164 4020 2477 4092 increpare,
2522 4029 2617 4078 aut
2657 4031 2809 4080 certe
2847 4025 3165 4096 opinionem
3200 4028 3439 4084 convicii
3473 4045 3503 4084 a
3537 4045 3600 4086 se

2019 4127 2330 4170 removens.
2384 4113 2518 4169 Rem
2568 4115 2717 4171 enim
2749 4131 2940 4172 veram
2975 4117 3158 4175 dicere
3187 4119 3428 4176 videtur.
3464 4119 3599 4179 Esto

2017 4205 2211 4277 igitur,
2244 4205 2447 4276 inquit,
2478 4220 2763 4263 sermones
2793 4222 2945 4263 meos
2977 4208 3229 4279 rejicite:
3282 4212 3595 4281 sustinebo,

2018 4308 2073 4355 et
2101 4299 2287 4355 minus
2315 4297 2451 4353 mihi
2475 4297 2628 4354 crcdi
2661 4299 2861 4370 patiar.
2880 4297 3139 4356 Vestrum
3168 4300 3393 4374 Moysen
3414 4307 3597 4359 susci-

2019 4388 2131 4460 pite
2165 4405 2179 4445 :
2235 4387 2393 4443 ﬁdem
2433 4388 2689 4444 adhibete
2713 4389 2766 4445 ei
2803 4405 2963 4460 quem
2996 4392 3304 4462 suspicitis,
3334 4402 3390 4450 et
3427 4411 3597 4468 agno-

2021 4478 2186 4535 scetis
2220 4493 2344 4534 eum
2378 4493 2542 4549 quem
2575 4494 2687 4549 pra:
2726 4480 2952 4539 inscitia
2986 4484 3374 4542 contemnitis.
3414 4487 3597 4561 'l‘ypos

2022 4566 2321 4623 rescinditc
2353 4567 2448 4638 qui
2478 4568 2769 4624 veritatem
2800 4570 3139 4641 parturiunt.
3181 4572 3295 4646 Ego
3342 4578 3490 4633 cnim
3537 4579 3597 4635 in

325 4649 391 4703 ὃν
412 4650 513 4704 οὐκ
556 4651 758 4717 ειδότες
782 4650 1104 4722 ἀτιμάζετε.
1149 4652 1515 4724 Ἀναρῤήξατε
1549 4654 1675 4719 τοὺς
1707 4656 1911 4720 τύπους

2020 4658 2166 4715 illius
2214 4659 2373 4715 libris
2415 4659 2776 4718 adumbratos
2815 4678 2959 4719 sum.
2996 4644 3271 4733 Quocirca
3312 4667 3431 4740 ipse
3456 4687 3595 4742 quo-

327 4740 615 4806 ὠδίνοντας
656 4742 754 4815 τὴν
799 4742 1079 4815 ἀλήθειαν.
1121 4741 1263 4813 Ἐγὼ
1312 4743 1422 4816 γὰρ
1458 4746 1516 4799 ἐν
1556 4747 1668 4811 τοῖς
1697 4746 1907 4802 ἐκείνου

328 4835 844 4909 σκιαγραφούμενος
881 4836 1130 4908 βιϐλίοις.
1176 4836 1389 4891 Οὐκοῦν
1421 4838 1516 4893 καὶ
1547 4838 1711 4905 αὐτὸς
1751 4840 1907 4913 ὑμῶν

327 4929 717 5001 κατηγορήσει,
749 4930 934 5000 φησὶν,
964 4929 992 4981 6
1015 4930 1241 5001 Μωσῆς,
1271 4930 1400 4983 ὅταν
1427 4929 1787 4997 ἀπειθοῦντας
1819 4931 1906 5005 ἴδῃ

323 5024 440 5085 τοῖς
472 5022 601 5092 περὶ
632 5020 765 5091 ἐμοῦ
803 5021 1254 5094 συγγράμμασιν.

407 5109 554 5164 Ἔδει
584 5110 682 5179 μὲν
711 5105 804 5164 οὖν
837 5111 966 5176 ἴσως
987 5114 1137 5183 ἡμᾶς
1164 5115 1259 5167 καὶ
1284 5113 1373 5168 τὸν
1399 5116 1458 5167 ἐν
1486 5116 1596 5180 τοῖς
1618 5115 1903 5187 προκειμέ-

325 5219 443 5265 νοις
465 5201 962 5273 διερμηνεύσαντας
1002 5205 1159 5279 νοῦν,
1201 5207 1338 5260 ίέναι
1369 5205 1532 5261 πάλιν
1560 5207 1656 5261 ἐπὶ¹
1691 5207 1762 5261 τά
1810 5209 1909 5277 ἐφ-

325 5292 475 5362 εξῆς,
489 5292 893 5364 ἐπιτρέψαντας
914 5298 1025 5359 τοῖς
1050 5296 1593 5369 δντωςφιλομαθέσιν
1617 5299 1909 5370 ἀναζητεῖν

324 5385 429 5448 τὰς
477 5384 572 5439 ἐπὶ
615 5383 842 5456 Χριστῷ
882 5384 970 5440 διὰ
1009 5387 1250 5454 Μωσέως
1288 5389 1527 5453 εἰκόνας.
1584 5389 1775 5462 Πλήρη
1807 5391 1907 5462 μέν

326 5475 437 5547 γὰρ
477 5476 587 5530 τῶν
632 5475 944 5549 εἰρημένων
972 5476 1042 5530 τὰ
1069 5480 1277 5533 ἐκείνου
1328 5482 1770 5553 συγγράμματα,
1810 5484 1907 5536 καὶ.

328 5566 496 5631 πολὺς
536 5568 565 5620 6
595 5563 754 5637 λόγος
772 5571 802 5623 6
833 5570 963 5640 παρ’
990 5570 1169 5626 αὐτῶν
1195 5570 1310 5644 [ιιι.
1352 5574 1479 5642 περὶ
1504 5572 1717 5646 αὐτῶν]
1738 5614 1751 5639 ,
1781 5573 1909 5628 δυσ-

403 5741 451 5777 ’τ-
484 5740 645 5797 Joau.
675 5758 751 5809 Ix,
779 5744 871 5800 28.
950 5746 994 5776 ’⁸
1036 5743 1230 5800 Matth.
1269 5764 1297 5801 κ
1322 5789 1337 5814 ,
1374 5750 1461 5805 5‘2.

531 5839 803 5902 PATROL.
845 5841 959 5901 Gn.
1014 5842 1290 5906 LXXIII.

2016 4766 2127 4820 que
2160 4767 2259 4809 vos
2288 4751 2508 4825 Moyses
2540 4754 2849 4822 accusabit,
2880 4755 3083 4826 inquit,
3116 4773 3243 4815 cum
3267 4761 3467 4820 viderit
3495 4781 3594 4823 vos

2018 4843 2086 4899 iis
2118 4860 2238 4915 quze
2272 4847 2338 4903 de
2373 4863 2459 4904 me
2489 4849 2694 4921 scripta
2724 4859 2856 4906 sunt
2887 4866 2997 4907 non
3030 4854 3275 4911 credere.

2086 5109 2276 5182 Opera!
2309 5115 2547 5183 pretium
2580 5116 2801 5187 quidem
2838 5116 3074 5176 forsitan
3103 5130 3277 5188 esset,
3314 5123 3587 5194 propositi

2011 5210 2194 5259 textus
2247 5204 2539 5275 explanata
2599 5208 2896 5276 sententia,
2936 5209 3006 5264 ad
3063 5212 3279 5281 reliqua
3328 5213 3590 5280 deinceps

2012 5293 2287 5365 progredi,
2316 5293 2616 5363 ﬁgurarum
2647 5294 3010 5354 Mosaicarum
3043 5299 3433 5371 disquisitione
3452 5308 3571 5354 .stn
3612 5304 3613 5307 ‘

2011 5385 2182 5441 diosis
2234 5385 2446 5441 relicta.
2479 5386 2633 5442 Pleni
2686 5390 2833 5443 enim
2875 5400 3005 5445 sunt
3038 5390 3230 5460 ﬁguris
3270 5388 3590 5457 hujusmodi

2009 5477 2133 5531 libri
2176 5475 2424 5541 Mosaici.
2458 5479 2740 5550 multaque
2778 5480 2836 5535 in
2883 5482 2951 5537 iis
2987 5479 3313 5543 allen-untur,
3359 5480 3456 5534 sed
3505 5481 3591 5535 in-

2010 5569 2228 5626 tellectu
2268 5568 2534 5636 difﬁcilia,
2565 5580 2620 5627 et
2646 5571 2946 5628 subtilibus
2982 5578 3149 5640 atque
3190 5568 3427 5627 occultis
3456 5583 3591 5625 cono

1543 5750 1608 5783 ’⁸⁸
1640 5748 1799 5805 Joan.
1846 5766 1896 5804 Ix
1925 5792 1940 5817 ,
1974 5749 2065 5804 29.

3198 5841 3268 5904 14
