4078 6262
463 279 570 335 427
1499 279 1557 335 S.
1600 275 1874 336 CYRiLLl
1915 276 2386 336 ALEXANDRINI
2421 280 2740 338 ARCHIEP.
3630 285 3732 345 4‘18

452 395 922 470 .templ'ationibus
964 397 1185 453 referta.
1235 395 1343 454 Sed
1397 412 1467 454 ne
1501 397 1731 468 scriptis
1785 395 2042 452 Mosaicis

2146 398 2368 468 χερείάς
2417 399 2465 453 δ’
2505 395 2598 454 οὖν
2643 401 2794 471 ὅμως
2835 400 2937 472 τῆς
2981 402 3061 464 εἰς
3100 401 3162 455 τὸ
3215 399 3453 456 συνιέναι
3515 403 3734 472 μεστὸς,

447 491 817 547 difficultates
843 488 1150 562 aﬂingendo
1183 490 1393 547 inertia:
1430 489 1796 547 succumbere
1826 494 2042 557 tamque

2157 489 2371 544 λεπτῶν
2421 491 2477 544 δὲ
2512 491 2756 564 σφόδρα,
2801 492 2897 545 καὶ
2924 493 3326 564 κεκρυμμένων
3365 492 3738 565 θεωρημάτων

385 642 387 644 .
452 586 792 656 :praeclarum
833 584 1077 639 laborem
1122 581 1381 654 defugere
1405 583 1717 651 videamur,
1753 581 1823 637 ad
1853 595 1918 635 ea
1945 594 2049 638 nos

451 692 684 749 quoque
735 676 1124 740 demittemus,
1175 676 1330 745 gnari
1389 676 1517 746 ejus
1575 674 1724 746 quod
1782 674 2047 744 scriptum

465 779 594 826 est:
651 787 670 822 ι
733 769 998 824 Dominus
1048 766 1201 821 dabit
1258 767 1484 822 verbum
1540 764 2048 836 evangelizantibus

465 861 670 916 virtute
708 859 883 914 multa
905 859 972 914 '°.
1018 877 1037 911 ι
1075 859 1212 914 Cum
1253 866 1440 914 autem
1476 858 1545 914 de
1573 858 1661 914 his
1693 858 1868 911 multa
1908 854 2048 912 scri-

466 959 560 1022 pta
599 951 746 1017 sint,
787 959 847 1005 ut
886 949 1152 1017 diximus,
1190 958 1244 1005 et
1304 965 1403 1021 per
1453 949 1658 1004 ultas
1704 948 1906 1018 ﬁguras
1955 963 2048 1004 sa-

467 1043 852 1114 pientissimus
891 1041 1108 1114 Moyses
1141 1041 1354 1097 Christi
1411 1043 1739 1114 mysterium
1776 1040 2048 1112 praedixe-

466 1137 562 1201 rit,
600 1151 711 1191 non
764 1135 1100 1192 arbitramur
1138 1136 1464 1190 immensam
1507 1133 1803 1204 quamdam
1852 1149 2046 1189 eorum

466 1225 782 1296 congeriem
828 1224 1230 1280 obtrudendam
1274 1238 1400 1280 esse
1436 1224 1758 1290 lectoribus,
1788 1223 1908 1292 sed,
1937 1239 2047 1279 uno

465 1331 498 1371 e
547 1315 765 1370 cunctis
813 1315 1040 1386 selecto,
1092 1315 1243 1370 clare
1284 1315 1668 1371 demonstrare
1715 1315 2048 1371 conabimur

467 1405 807 1463 Salvatorem
842 1414 959 1459 tum
980 1419 1107 1461 vere
1132 1405 1376 1460 locutum
1409 1419 1554 1470 esse,
1575 1421 1698 1460 cum
1732 1405 1800 1459 ad
1822 1407 2045 1464 Judaeos

464 1497 640 1552 dixit:
677 1515 697 1549 ι
731 1495 790 1552 Si
820 1495 1120 1552 crederetis
1151 1495 1343 1568 Moysi,
1376 1495 1685 1552 crederetis
1726 1495 1963 1554 forsitan
1989 1506 2044 1554 et

465 1588 625 1643 mihi.
651 1586 731 1644 De
759 1602 848 1643 me
877 1586 1026 1642 enim
1058 1586 1150 1643 ille
1177 1586 1426 1657 scripsit.
1459 1605 1478 1640 ι

471 1680 556 1734 ὅτι
596 1677 694 1733 τοῦ
743 1677 996 1749 Σωτῆρος
1041 1677 1202 1748 ἡμῶν
1247 1676 1456 1749 ἀληθὴς
1494 1673 1563 1747 ἦν
1610 1679 1640 1731 ὁ
1688 1677 1879 1748 λόγος,
1945 1679 2006 1734 δν
2065 1683 2302 1736 ἐποιεῖτο
2363 1679 2502 1751 πρὸς
2569 1678 2858 1743 Ἰουδαίους
2923 1676 3094 1732 εἰπών
3120 1692 3136 1709 ·

463 1775 674 1842 Μωσεῖ,
709 1772 1026 1828 ἐπιστεύετε
1057 1771 1124 1825 ἂν
1159 1771 1303 1842 ἐμοί.
1345 1773 1483 1844 Περὶ
1523 1771 1634 1844 γὰρ
1659 1773 1794 1843 ἐμοῦ
1836 1776 2043 1840 ἐκεῖνος
2080 1775 2340 1848 ἔγραψεν.
2375 1793 2394 1827 ι

996 1861 1157 1932 235
1215 1860 1368 1916 cap.
1414 1860 1501 1917 ιιι.

571 1951 726 2020 Quod
761 1949 1060 2006 Saluatoris
1088 1948 1368 2004 adventum
1410 1947 1621 2021 Moyses
1645 1949 1931 2006 nuntiarit.

784 2040 870 2096 Ea:
911 2039 1340 2104 Deuteronomio,
1378 2039 1444 2094 de
1491 2038 1720 2094 Christo.

543 2153 563 2189 ι
593 2133 921 2205 Prophetam
964 2131 1120 2188 vobis
1165 2145 1232 2184 ex
1264 2129 1534 2186 fratribus
1565 2130 1697 2196 tuis,
1740 2129 1888 2186 sicut
1928 2143 2038 2195 me,

468 2227 758 2286 suscitabit
786 2225 889 2282 tibi
915 2223 1181 2280 Dominus
1208 2222 1356 2279 Deus
1384 2231 1536 2279 tuus.
1566 2221 1749 2294 Ipsum
1777 2222 2036 2279 audietis.

469 2317 781 2376 Secundum
814 2315 998 2372 omnia
1045 2329 1169 2386 quae
1212 2314 1421 2385 petiisti
1457 2329 1488 2368 a
1527 2313 1759 2369 Domino
1789 2313 1902 2370 Deo
1947 2323 2040 2369 tuo

468 2414 524 2467 in
559 2411 778 2470 Choreb
835 2409 892 2464 in
930 2407 1022 2463 die
1074 2405 1527 2472 éonvocationis,
1583 2405 1831 2462 dicentes
1867 2421 1880 2459 :
1920 2404 2039 2460 Non

467 2503 789 2574 adjiciemus
815 2500 1006 2556 audire
1025 2513 1213 2555 vocem
1237 2497 1452 2554 Domini
1487 2497 1582 2554 Dei
1639 2499 1743 2562 tui,
1772 2506 1828 2554 et
1857 2498 2038 2570 ignem

465 2595 614 2649 hunc
651 2606 908 2664 magnum
943 2605 1054 2646 non
1085 2590 1422 2661 aspiciemus
1451 2590 1618 2655 ultra,
1645 2605 1825 2660 neque
1843 2589 2041 2644 moria-

467 2702 612 2743 mur.
647 2685 715 2740 Et
759 2684 836 2740 ait
880 2683 1148 2740 Dominus
1193 2682 1264 2738 ad
1311 2698 1398 2737 me
1437 2698 1452 2734 :
1489 2681 1656 2737 Recte
1699 2681 1882 2736 omnia
1918 2696 2040 2751 qua:

467 2779 685 2834 locutus
731 2791 812 2833 es.
845 2773 1174 2846 Prophetam
1236 2773 1517 2830 suscitabo
1565 2773 1644 2828 eis
1678 2787 1747 2827 ex
1777 2771 2040 2827 fratribus

465 2883 676 2934 eorum,
732 2865 876 2924 sicut
917 2873 972 2921 te
1014 2885 1027 2920 :
1067 2874 1120 2920 et
1167 2865 1310 2920 dabo
1355 2865 1580 2918 verbum
1632 2879 1812 2919 meum
1848 2863 1906 2918 in
1943 2878 2040 2917 ore

465 2963 587 3032 ejus
616 2978 632 3016 :
659 2967 715 3016 et
734 2960 993 3030 loquetur
1013 2957 1117 3025 eis,
1151 2957 1452 3012 secundum
1487 2955 1631 3026 quod
1672 2954 1946 3010 mandabo
1965 2955 2036 3010 ei.

471 3052 534 3108 Et
553 3054 742 3116 homo,
779 3053 872 3122 qui
901 3065 1011 3104 non
1037 3048 1278 3103 audierit
1299 3062 1640 3118 qumcunque
1674 3046 1890 3102 locutus
1921 3045 2037 3101 fue-

468 3143 540 3197 rit
587 3142 852 3213 propheta
907 3139 1000 3194 ille
1051 3140 1108 3192 in
1149 3137 1372 3192 nomine
1423 3150 1564 3200 meo,
1603 3151 1703 3206 ego
1745 3136 2036 3190 vindictam

467 3200 790 3290 sumam-de
813 3249 878 3286 eo
905 3231 971 3284 ³ο.
1001 3249 1019 3282 ι
1053 3228 1451 3300 Repetitionem
1481 3200 1772 3298 quamdam
1799 3237 1852 3282 et
1884 3227 2038 3298 quasi
2069 3200 2111 3260 Ο

466 3325 981 3397 recapitulationem
1014 3322 1282 3378 librorum
1305 3319 1671 3376 Mosaicorum
1700 3318 2040 3380 Deuterono-

468 3417 637 3472 mium
679 3415 946 3471 continet.
999 3413 1241 3484 ideoque
1287 3413 1396 3468 diei
1451 3428 1559 3468 non
1614 3418 1794 3482 potest
1835 3426 1937 3466 nos
1977 3426 2041 3464 ex

472 3502 591 3575 ipso
615 3514 807 3577 typum
838 3511 892 3560 et
924 3505 1215 3576 imaginem
1243 3503 1537 3561 sacerdotii
1557 3502 1748 3571 legalis
1771 3501 2041 3572 accipere.

467 3595 606 3661 Quia
637 3606 820 3650 tamen
850 3593 1103 3663 desipere
1137 3609 1247 3648 non
1293 3592 1536 3647 solemus
1570 3597 1845 3661 quotquot
1893 3600 2045 3643 rer-te

469 3685 716 3756 sapimus
746 3690 972 3755 propter
1002 3682 1308 3745 Christum,
1335 3681 1638 3736 lectoribus
1664 3681 1916 3734 dicemus
1947 3693 2042 3747 po-

470 3775 562 3830 siti
605 3788 828 3844 quoque
884 3779 1066 3826 textus
1129 3770 1463 3827 sententiam
1516 3776 1848 3824 reserantes.
1905 3767 2043 3824 Ecce

470 3881 692 3923 rursum
746 3875 933 3936 aperte
995 3864 1156 3918 nobis
1196 3861 1527 3936 praedicatur
1581 3861 1790 3916 Christi
1839 3868 2044 3933 myste-

469 3959 650 4022 rium,
702 3972 770 4013 ει
825 3955 1186 4012 similitudine
1232 3953 1436 4026 Moysis
1470 3969 1566 4024 per
1621 3951 2040 4008 subtilissimam

468 4045 996 4115 contemplationem
1044 4043 1344 4098 artificiose
1387 4043 1679 4114 figuratum
1710 4058 1723 4093 :
1755 4060 1772 4094 ‹
1797 4039 2041 4112 PrOpbe--

468 4146 580 4192 tam
610 4137 812 4208 quippe
839 4134 1021 4200 vobis,
1053 4134 1254 4205 inquit,
1287 4133 1578 4189 suscitabit
1606 4131 1871 4188 Dominus
1898 4131 2042 4188 Deus

469 4237 680 4294 noster,
717 4243 782 4283 ex
835 4227 1106 4282 fratribus
1155 4227 1286 4291 tuis,
1346 4225 1493 4280 sicut
1547 4239 1651 4281 me.
1692 4243 1711 4276 ι
1749 4223 2042 4294 Explicatis

431 4377 434 4380 ,
468 4331 647 4377 autem
687 4321 806 4392 ipse
848 4319 1020 4386 illico,
1059 4318 1243 4390 qualis
1275 4332 1342 4373 ex
1388 4318 1512 4387 ejus
1547 4316 1911 4373 similitudine
1951 4316 2039 4371 in-

467 4412 757 4469 duceretur
797 4409 1224 4480 contemplatio,
1274 4407 1556 4478 sapienter
1621 4407 1843 4462 intulit:
1880 4423 1899 4458 ι
1940 4404 2041 4461 Se-

467 4503 710 4560 cundum
745 4501 929 4556 omnia
962 4513 1307 4570 quaecunque
1339 4498 1550 4569 petiisti
1581 4512 1610 4551 a
1637 4495 1872 4551 Domino
1928 4494 2038 4551 Deo

468 4602 564 4648 tuo
609 4594 664 4647 in
710 4598 895 4646 monte
944 4588 1098 4652 Sina,
1133 4589 1190 4643 in
1221 4587 1312 4643 die
1341 4586 1809 4663 congregationis,
1847 4586 2038 4640 dicen-

469 4692 552 4740 tes
587 4705 601 4740 :
631 4683 754 4738 Non
785 4681 1118 4752 adjiciemus
1146 4680 1338 4736 audire
1360 4694 1550 4734 vocem
1578 4677 1792 4733 Domini
1817 4677 1908 4732 Dei
1941 4693 2041 4732 no-

470 4775 606 4839 stri,
665 4783 720 4828 et
764 4775 946 4844 ignem
1001 4771 1152 4827 hunc
1207 4785 1464 4840 magnum
1531 4782 1641 4823 non
1707 4767 2041 4839 aspiciemus

469 4867 633 4928 ultra,
669 4880 846 4934 neque
885 4864 1208 4917 moriamur.
1239 4880 1258 4913 ι
1293 4859 1552 4931 Seipsum
1594 4859 1740 4914 enim
1771 4866 1902 4914 tunc
1929 4874 2042 4915 me-

470 4955 738 5011 diatorem
787 4953 994 5006 dictum
1038 4967 1162 5007 esse
1210 4952 1522 5017 confirmat,
1557 4966 1682 5006 cum
1726 4949 2038 5005 Iudaeorum

468 5043 823 5116 congregatio
871 5043 1118 5097 nondum
1165 5058 1254 5097 res
1309 5059 1474 5112 supra
1531 5051 1782 5097 naturam
1838 5043 2040 5098 intueri

469 5143 676 5208 posset,
710 5133 943 5202 ideoque
972 5132 1269 5202 prudenter
1288 5132 1340 5186 id
1359 5132 1507 5200 quod
1540 5131 1684 5185 vires
1717 5146 1846 5186 suas
1872 5147 2038 5202 supe-

470 5228 626 5283 rabat
657 5229 926 5280 renueret.
965 5220 1099 5275 Illud
1127 5227 1308 5274 autem
1331 5231 1451 5274 erat
1471 5218 1564 5272 Dei
1589 5219 1726 5273 visio
1753 5219 2036 5286 nimirum,

469 5319 688 5375 insolita
765 5315 950 5386 specie
1009 5319 1358 5385 perterrens,
1414 5317 1469 5364 et
1506 5308 1765 5366 tubarum
1821 5311 2037 5368 sonitus

469 5411 733 5465 immanes
761 5417 927 5480 atque
959 5401 1360 5460 intolerabiles.
1393 5401 1562 5474 igitur
1591 5401 1851 5457 mediatio
1881 5401 2034 5476 Moy-

537 5567 587 5600 ⁸⁹
621 5566 767 5623 Psal.
800 5582 1019 5630 unm,
1059 5565 1146 5619 ll.
1259 5563 1305 5597 ⁸⁸
1347 5541 1506 5620 Deut.
1541 5579 1700 5629 xvm,
1737 5563 1932 5620 15-19.

2153 582 2457 646 ἀνάπλεως.
2492 583 2611 638 Ἵνα
2638 582 2695 636 δέ
2725 584 2800 653 μή
2829 582 3077 654 δοκῶμεν
3105 583 3247 655 ὄκνῳ
3278 583 3377 654 μὲν
3406 584 3484 655 τῷ
3516 587 3738 655 κρατεῖν

2155 675 2469 746 ἐπιτρέψαι,
2502 673 2706 744 ἱδρῶτα
2735 673 2794 727 δέ
2824 673 2969 728 οὕτω
2998 675 3090 730 τὸν
3132 675 3462 745 ἀξιάγαστον
3499 677 3600 728 οὐκ
3646 679 3740 730 εύ-

2153 765 2328 834 λόγως
2352 764 2676 819 ἀναδύεσθαι
2704 763 3066 835 περιτιθέντες
3086 764 3268 818 ἁπλῶς
3295 767 3405 828 τοῖς
3421 766 3740 829 ῙΝῙωσαῖκοῖς

2153 858 2552 933 συγγράμμασι
2607 856 2706 926 τὴν
2756 855 3112 926 δυσχέρειαν,
3167 856 3396 920 ἐαυτοὺς
3442 856 3538 910 καὶ
3599 857 3740 926 πρὸς

2149 948 2306 1002 τοῦτο
2340 947 2685 1020 καθήσομεν,
2729 948 2792 1002 τὺ
2840 947 3229 1018 γεγραμμένον
3269 946 3513 1011 εἰδότεςο
3559 965 3578 998 ι
3623 947 3740 999 Κύ-

2151 1051 2262 1106 ριος
2319 1033 2480 1087 δώσει
2542 1036 2698 1107 ῥῆμα
2763 1037 2878 1098 τοῖς
2949 1035 3453 1106 εύαγγελιξομένοις
3511 1036 3738 1106 δυνάμει

2148 1124 2337 1194 πολλῇ.
2371 1142 2390 1176 ι
2430 1124 2661 1195 Μακροῦ
2705 1124 2762 1178 δὲ
2809 1124 2960 1188 ὄντος
2998 1123 3092 1176 τοῦ
3141 1122 3505 1194 περὶτούτων
3553 1123 3736 1192 λόγου,

2147 1216 2401 1290 καθάπερ
2437 1217 2766 1289 εἰρήκαμεν,
2801 1218 2898 1271 καὶ
2935 1216 3025 1270 διὰ
3056 1216 3268 1269 πολλῶν
3313 1217 3614 1287 σχημάτων
3641 1218 3737 1270 τοῦ

2146 1311 2426 1380 πανσόφου
2459 1311 2705 1374 Μωσέως
2739 1310 2802 1364 τὸ
2828 1310 2924 1364 ἐπὶ
2962 1309 3187 1380 Χριστῷ
3218 1309 3738 1380 προαναμέλποντος

2146 1403 2448 1474 μυστήριον
2469 1441 2486 1468 ,
2533 1403 2632 1456 οὐκ
2676 1401 2990 1474 ἀμέτρητόν
3018 1418 3142 1454 τινα
3181 1402 3296 1464 τοῖς
3329 1399 3738 1472 ἐντευξομένοις

2144 1493 2504 1567 ἐπισωρεύειν
2535 1494 2690 1564 ὗχλον
2721 1493 3017 1565 οἰησόμεθα
3041 1493 3171 1558 δεῖν,
3199 1492 3315 1546 ἀλλ’
3339 1492 3396 1545 ἓν
3431 1492 3646 1556 ἑλόντες
3673 1493 3738 1546 ἐκ

2154 1589 2396 1654 πάντων,
2434 1588 2579 1659 σαφῆ
2599 1586 2696 1658 τὴν
2725 1584 2997 1651 ἀπόδειξιν
3026 1587 3298 1639 ποιεῖσθαι
3336 1585 3733 1654 σπουδάσομεν.

3229 1695 3248 1731 ι
3298 1676 3366 1734 Ei
3426 1677 3735 1732 ἐπιστεύετε

2757 1862 2991 1917 ΚΕΦΑΛ
3022 1863 3097 1918 Γ¹.

2141 1956 2272 2011 Ὀτι
2307 1956 2414 2011 τοῦ
2449 1954 2725 2024 Σωτῆρος
2778 1953 2984 2023 ᾅφιξιν
3033 1953 3366 2024 ἐσήμαινεν
3402 1955 3438 2008 ὁ
3487 1951 3730 2023 Μωσῆς.

2292 2048 2393 2112 Ἐκ
2420 2047 2526 2102 τοῦ
2571 2046 3054 2115 Δευτερονομίου,
3097 2046 3231 2116 περὶ
3275 2046 3556 2115 Χριστοῦ.

2217 2155 2238 2190 ι
2272 2138 2569 2210 Προφήτην
2615 2137 2744 2207 ὑμῖν
2797 2138 2862 2191 ἐκ
2885 2137 2994 2191 τῶν
3030 2136 3278 2207 ἀδελφῶν
3321 2155 3417 2191 σου
3438 2178 3452 2204 ,
3488 2139 3562 2203 ὼς
3594 2138 3695 2208 ἐμὲ
3717 2180 3732 2204 ,

2138 2230 2434 2301 ἀναστήσει
2465 2246 2548 2283 σοι
2592 2229 2796 2298 Κύριος
2824 2230 2852 2284 ὁ
2884 2228 3018 2292 Θεός
3054 2246 3174 2282 σου·
3215 2229 3383 2283 αὐτοῦ
3411 2229 3730 2286 ἀκούσεσθε.

2139 2320 2295 2375 Κατὰ
2327 2320 2506 2376 πάντα
2528 2321 2628 2373 ὅσα
2643 2322 2832 2391 ᾐτήσω
2851 2320 3001 2391 παρά
3028 2320 3234 2393 Κυρίου
3266 2320 3360 2374 τοῦ
3380 2321 3516 2376 Θεοῦ
3541 2339 3656 2385 σου,
3677 2325 3734 2376 ἐν

2140 2411 2342 2484 Χωρὴϐ
2365 2413 2428 2482 τῇ
2466 2410 2650 2482 ἡμέρα
2689 2411 2790 2481 τῆς
2816 2410 3116 2482 ἐκκλησίας
3143 2412 3394 2482 λέγοντες
3417 2430 3431 2444 ο
3459 2413 3536 2466 Οὐ
3566 2431 3734 2484 προσ-

2140 2503 2380 2574 θήσομεν
2413 2502 2648 2557 ἀκοῦσαι
2679 2503 2779 2573 τῆς
2803 2503 2988 2572 φωνῆς
3029 2502 3230 2575 Κυρίου
3260 2504 3356 2557 τοῦ
3387 2504 3526 2559 Θεοῦ
3553 2505 3731 2577 ἡμῶν,

2141 2595 2234 2649 καὶ
2277 2595 2340 2648 τὸ
2389 2593 2500 2664 πῦρ
2527 2595 2588 2648 τὸ
2630 2594 2773 2665 μέγα
2814 2593 2974 2647 τοῦτο
3011 2595 3114 2647 ούκ
3156 2594 3398 2666 ὀψόμεθα
3442 2595 3562 2661 ἔτι,
3608 2598 3732 2654 οὐδέ

2143 2685 2220 2757 μὴ
2249 2685 2629 2755 ἀποθάνωμεν.
2672 2685 2783 2738 Καὶ⁵
2812 2679 2934 2738 εἷπε
2967 2685 3172 2757 Κύριος
3197 2686 3336 2756 πρὸς
3378 2687 3446 2757 μέ
3471 2703 3484 2718 ”
3526 2687 3735 2758 Ὀρθῶς

2142 2777 2344 2842 πάντα,
2373 2777 2472 2830 ὅσα
2503 2776 2773 2848 ἐλάλησας
2791 2776 2891 2848 (1).
2921 2777 3214 2850 Προφήτην
3234 2779 3527 2850 ἀναστήσω
3551 2778 3736 2843 αὐτοῖς

2140 2869 2204 2921 ἐκ
2225 2867 2335 2922 τῶν
2366 2866 2615 2936 ἀδελφῶν
2650 2866 2852 2932 αὐτῶν,
2882 2866 3071 2937 ὥσπερ
3099 2867 3178 2932 σὲ,
3213 2867 3307 2922 καὶ
3328 2866 3483 2921 δὼσω
3503 2868 3565 2921 τὸ
3583 2867 3736 2940 ῥῆμά

2145 2977 2247 3032 μου
2269 2962 2328 3014 ἐν
2359 2959 2440 3030 τῷ
2470 2960 2696 3030 στόματι
2722 2958 2907 3022 αὑτοῦ,
2935 2959 3029 3012 καὶ
3067 2959 3290 3031 λαλήσει
3323 2961 3509 3023 αὐτοῖς
3543 2959 3734 3013 καθότι

2144 3053 2209 3106 ἂν
2235 3051 2554 3122 ἐντείλωμαι
2577 3050 2748 3121 αὐτῷ.
2780 3051 2889 3103 Καὶ
2910 3051 3285 3122 ἄνθρωπος,ὃς
3312 3051 3378 3105 ἂν
3400 3053 3474 3122 μὴ
3497 3050 3730 3124 ἀκούσῃ,

2141 3143 2240 3198 ὅσα
2259 3141 2323 3196 ἂν
2350 3143 2560 3215 λαλήσῃ
2589 3143 2617 3196 ό
2655 3144 2939 3214 προφήτης
2975 3144 3068 3195 ἐπὶ
3093 3141 3172 3213 τῷ
3210 3143 3438 3214 ὀνόματί
3471 3160 3596 3214 μου,
3621 3145 3735 3212 ἐγὼ

2143 3233 2417 3304 ἐκδικήσω
2475 3233 2533 3300 ἐξ
2565 3232 2755 3287 αὐτοῦ.
2784 3253 2801 3286 ι
2843 3232 3210 3304 Ἐπανάληψίν
3240 3251 3361 3286 τινα
3393 3233 3488 3286 καὶ
3534 3233 3735 3286 ἀνακε-

2143 3325 2440 3394 φαλαίωσιν
2479 3325 2586 3378 τῶν
2609 3324 2920 3380 Μωσαῖκῶν
2954 3323 3173 3394 βιϐλίων
3229 3325 3290 3378 τὸ
3313 3327 3733 3397 Δευτερονόμιον

2141 3416 2274 3486 ἔχει.
2309 3415 2400 3468 Διὸ
2428 3415 2492 3487 δὴ
2524 3415 2692 3468 τύπον
2726 3415 2784 3480 ἐξ
2817 3415 2981 3468 αὐτοῦ
3013 3415 3107 3468 καὶ
3147 3416 3332 3470 είκόνα
3357 3415 3455 3487 τὴν
3482 3419 3546 3471 ἐκ
3575 3435 3725 3486 νομι-

2141 3507 2246 3578 κῆς
2284 3506 2599 3578 ἱερουργίας
2633 3506 2732 3560 οὐκ
2783 3506 2988 3559 ἔνεστιν
3041 3506 3263 3570 ἑλόντας
3303 3508 3497 3561 εἰπεῖν.
3544 3510 3729 3578 Ὅμως

2141 3596 2374 3665 ἐπείπερ
2421 3597 2703 3649 ἀσυνετεῖν
2748 3595 2848 3646 οὐκ
2901 3593 3186 3665 εἰθίσμεθα
3246 3594 3448 3658 πάντες
3486 3594 3728 3659 νοοῦντες

2140 3686 2316 3758 ὀρθῶς
2359 3686 2446 3739 διά
2491 3685 2746 3756 Χριστὸν,
2775 3687 2886 3748 τοῖς
2920 3684 3320 3756 ἐντευξομένοις
3347 3685 3603 3756 ἐροῦμεν.
3637 3689 3728 3739 καὶ

2137 3777 2239 3831 τὸν
2273 3777 2330 3829 ἐν
2363 3777 2477 3840 τοῖς
2513 3775 2897 3847 προκειμένοις
2927 3774 3390 3846 ἀναμοχλεύοντες
3418 3774 3564 3830 νοῦν.
3598 3776 3729 3830 ’1δοῦ

2141 3866 2207 3939 δὴ
2242 3865 2403 3920 πάλιν
2425 3863 2898 3926 ἀκατακαλύπτως
2919 3864 3051 3934 ἡμῖν
3086 3865 3145 3916 τὸ
3171 3863 3266 3915 ἐπὶ
3297 3862 3519 3934 Χριστῷ
3548 3861 3728 3915 λαλεῖ-

2139 3975 2232 4012 ται
2268 3957 2588 4028 μυστήριον,
2628 3955 2686 4020 ἐξ
2737 3955 3054 4025 ὁμοιότητος
3081 3954 3182 4025 τῆς
3221 3954 3366 4008 κατά
3399 3955 3600 4009 Μωσέα
3642 3955 3729 4008 διὰ

2140 4047 2476 4118 λεπτοτάτης
2547 4045 2779 4120 θεωρίας
2845 4045 3110 4116 ἐντέχνως
3190 4046 3725 4117 μεταπλαττόμενον.

2147 4160 2165 4194 ι
2204 4141 2494 4213 Προφήτην
2545 4139 2654 4212 γάρ
2694 4140 2822 4208 ὑμῖν
2873 4139 3206 4210 ἀναστήσει,
3243 4140 3400 4211 φησὶ,
3451 4137 3654 4210 Κύριος
3698 4138 3726 4190 ό

2139 4232 2270 4298 Θεὸς
2299 4232 2456 4304 ἡμῶν
2488 4233 2552 4287 ἐκ
2581 4232 2689 4286 τῶν
2714 4231 2958 4301 ἀδελφῶν
3005 4248 3120 4296 σου,
3157 4231 3232 4294 ὡς
3275 4230 3396 4302 ἐμέ.
3440 4247 3462 4286 ι
3497 4233 3726 4300 Διερμη-

2139 4322 2309 4376 νεύων
2332 4323 2389 4375 δὲ
2437 4322 2620 4385 αὐτὸς,
2647 4322 2740 4375 καὶ
2787 4321 2931 4390 μάλα
2974 4321 3188 4394 γοργῶς
3213 4361 3227 4386 ,
3257 4321 3448 4374 ὁποίαν
3481 4320 3724 4390 είσφέρει

2139 4412 2238 4485 τὴν
2267 4413 2326 4480 ἐξ
2357 4411 2670 4483 είκονισμοῦ
2716 4411 2808 4466 τοῦ
2850 4412 2970 4466 κατ’
2999 4412 3160 4466 αὐτὸν
3187 4411 3421 4482 θεωρίαν
3465 4410 3526 4464 τὸ
3571 4410 3722 4480 διηγ-

2139 4505 2421 4576 γελμένον,
2440 4504 2689 4575 ἐπιφέρει
2711 4504 2890 4573 σοφῶς
2911 4520 2922 4532 ·
2954 4522 2972 4556 ι
3000 4503 3157 4558 Κατὰ
3190 4503 3386 4565 πάντα,
3404 4504 3503 4556 ὅσα
3536 4502 3723 4573 ᾐτήσω

2141 4596 2290 4668 παρὰ
2310 4595 2516 4668 Κυρίου
2543 4594 2636 4649 τοῦ
2664 4593 2796 4648 Θεοῦ
2830 4611 2923 4649 σου
2943 4594 3000 4646 ἐν
3027 4593 3106 4665 τῷ
3141 4593 3256 4664 ὄρει
3283 4594 3414 4664 Σινᾷ
3441 4595 3508 4663 τῇ
3542 4590 3723 4662 ἡμέρᾳ

2141 4689 2239 4758 τῆς
2275 4685 2592 4757 ἐκκλησίας,
2623 4685 2873 4754 λέγοντες
2899 4702 2912 4716 ο
2943 4686 3018 4738 Οὐ
3065 4685 3447 4755 προσθήσομεν
3494 4682 3725 4736 ἀκοῦσαι

2141 4781 2240 4850 τῆς
2282 4779 2463 4848 φωνῆς
2513 4777 2719 4848 Κυρίου
2768 4776 2862 4830 τοῦ
2907 4777 3042 4830 Θεοῦ
3097 4776 3274 4847 ήμῶν,
3303 4775 3488 4829 καὶτὸ
3522 4773 3634 4844 πῦρ
3665 4773 3726 4825 τὸ

2145 4869 2288 4940 μέγα
2326 4867 2486 4921 τοῦτο
2531 4868 2631 4921 οὐκ
2666 4867 2910 4938 ὀψόμεθα
2938 4868 3038 4935 ἔτι,
3084 4868 3180 4921 καὶ
3218 4866 3277 4919 οὐ
3322 4866 3398 4938 μὴ
3437 4863 3724 4919 ἀποθάνω-

2146 4972 2298 5025 μεν.)
2343 4954 2563 5008 Ἑαυτὸν
2592 4955 2688 5024 μὲν
2717 4957 2826 5026 γὰρ
2850 4956 2911 5008 τὸ
2937 4955 3189 5027 τηνικάδε
3215 4956 3446 5026 μεσίτην
3471 4951 3724 5026 εἰρῆσθαι

2144 5045 2558 5116 διῖοηχυρίξεται,
2589 5048 2704 5109 τοῖς
2741 5047 2880 5117 ὑπὲρ
2914 5047 3014 5118 τήν
3045 5047 3206 5117 φύσιν
3242 5046 3571 5118 προσϐαλεῖν
3598 5046 3724 5097 ἀτο-

2139 5135 2335 5205 νούσης
2383 5135 2464 5189 έτι
2510 5137 2609 5207 τῆς
2655 5136 2924 5191 ’Ῑουδαίων
2977 5139 3320 5210 συναγωγῆς,
3363 5138 3457 5191 καὶ
3489 5136 3558 5191 τά
3586 5135 3723 5204 ὑπὲρ

2137 5226 2366 5297 δύναμιν
2391 5227 2479 5280 διὰ
2509 5227 2670 5280 τοῦτο
2713 5229 3006 5298 σωφρόνως
3043 5227 3508 5302 παραιτουμένης.
3556 5225 3725 5278 Τοῦτο

2135 5317 2192 5369 δὲ
2229 5312 2297 5389 ἦν
2335 5318 2559 5372 θεοπτία
2579 5318 2839 5390 δηλονότι.
2870 5322 2989 5384 ταῖς
3015 5322 3114 5374 ούκ
3139 5320 3198 5387 ἐξ
3219 5321 3372 5384 ἐθους
3403 5318 3724 5390 φαντασίαις

2137 5408 2238 5480 τὴν
2272 5410 2394 5481 ὄψιν
2451 5410 2750 5475 ξενίζουσα,
2801 5412 2892 5466 καὶ
2944 5413 3261 5482 σαλπίγγων
3315 5409 3574 5482 ὑπερφυῆ
3634 5406 3726 5462 καὶ

538 5679 611 5748 (l)
639 5676 774 5731 LXX
805 5687 858 5731 et
889 5677 1043 5750 Vulg.
1073 5676 1364 5748 ἐλάλησαν,
1393 5677 1554 5732 locuti
1584 5686 1729 5741 sicut,
1767 5683 1818 5729 et
1849 5675 1928 5730 sic
1964 5674 2102 5730 infra
2131 5676 2233 5730 col.
2271 5677 2374 5730 4'50
2397 5676 2457 5732 C.
