4078 6262
329 357 436 416 429

1381 345 1448 400 IN
1483 345 1768 401 JOANNIS
1806 341 2252 400 EVANGELIUM
2289 341 2416 396 LIB.
2467 340 2550 396 Ill.

3483 343 3589 400 450

327 472 580 543 ἀφόρητα
607 468 720 531 τοῖς
746 462 1118 538 ἀκροωμένοις
1136 463 1322 534 ἀπηχή
1333 479 1495 533 ματα.
1525 460 1736 517 Οὐκοῦν
1752 459 1912 514 ἀσθε-

2016 457 2096 514 sis
2129 456 2319 510 divina
2351 455 2571 510 decreta
2613 451 2812 524 populo
2858 450 3227 508 ministrantis
3276 450 3344 505 ad
3398 452 3589 509 levan-

329 563 479 625 νείας
506 562 618 623 τοῖς
647 556 900 630 τηνικάδε
941 555 1209 627 φάρμακα
1238 556 1272 623 ἡ
1301 554 1544 617 Μωσέως
1571 551 1911 607 ἀνεδείκνυτο

335 653 609 724 μεσιτεία,
634 649 1005 713 διακονοῦντος
1026 650 1092 719 τῇ
1127 649 1416 718 συναγωγῇ
1449 646 1520 700 τά
1553 645 1737 700 θεόθεν
1760 642 1910 699 τεθε-

335 744 628 815 σπισμένα.
680 739 981 813 Μεταλήψῃ
1028 739 1085 792 δέ
1119 738 1283 792 πάλιν
1325 737 1419 791 τὸν
1456 735 1627 790 τύπον
1666 734 1761 788 ἐπὶ
1808 733 1910 802 τὴν

334 837 610 906 ἀλήθειαν,
638 834 731 889 καὶ
770 832 863 886 τὸν
916 830 1144 902 μεσίτην
1181 829 1319 885 Θεοῦ
1369 829 1462 884 καὶ
1494 826 1797 900 ἀνθρώπων
1822 825 1911 880 διά

333 927 539 982 τούτων
563 925 836 996 ἐννοήσεις
864 923 1120 995 Χριστὸν,
1147 920 1500 977 διακονοῦντα
1530 921 1644 984 τοῖς
1677 917 1912 990 εὐμαθε-

333 1016 542 1085 στέροις
555 1014 641 1068 διὰ
653 1015 836 1083 φωνῆς
853 1013 1219 1085 ἀνθρωπίνης,
1233 1013 1322 1068 ὅτε
1337 1011 1406 1066 δι’
1416 1014 1450 1084 ή
1459 1011 1564 1083 μᾶς
1576 1011 1641 1064 ἐκ
1653 1009 1912 1079 γυναικὸς

330 1106 615 1178 ἐγεννήθη,
643 1107 743 1178 τὴν
769 1105 866 1159 τοῦ
891 1106 1026 1160 Θεοῦ
1043 1105 1138 1160 καὶ
1170 1104 1384 1175 Πατρὸς
1404 1103 1716 1175 ἀπόρρητον
1751 1101 1910 1172 θέλη-

333 1215 434 1264 σιν,
457 1196 873 1268 γνωριζομένην
899 1195 1049 1266 αύτῷ
1074 1195 1139 1268 δὴ
1169 1195 1264 1249 καὶ
1295 1196 1462 1266 μόνῳ,
1499 1194 1634 1248 καθὸ
1663 1193 1759 1247 καὶ
1785 1192 1912 1256 Υίὸς

331 1288 390 1352 ἐξ
416 1286 582 1341 αὐτοῦ
603 1287 698 1340 καὶ
726 1286 888 1354 σοφία
914 1289 1135 1354 νοεῖται,
1160 1287 1339 1341 πάντα
1371 1285 1547 1351 εἰδὼς,
1569 1285 1664 1340 καὶ
1681 1283 1752 1338 τά
1770 1282 1909 1354 βάθη

329 1378 422 1434 τοῦ
453 1378 611 1433 Θεοῦ.
657 1377 878 1449 Ἐπειδὴ
906 1377 1016 1449 γάρ
1041 1380 1154 1442 τοῖς
1195 1375 1290 1432 τοῦ
1322 1376 1572 1448 σώματος
1611 1374 1912 1444 ὀφθαλμοῖς

328 1469 427 1524 οὐκ
445 1465 514 1542 ἦν
541 1469 771 1541 ἀκράτῳ
799 1469 892 1522 καὶ
913 1471 1093 1539 γυμνῇ
1116 1467 1442 1543 προσϐαλεῖν
1479 1470 1548 1539 τῇ
1578 1466 1700 1538 θείᾳ
1732 1482 1792 1519 τε
1818 1464 1912 1517 καὶ

327 1561 553 1632 ἀρρήτῳ
576 1561 703 1631 δόξῃ
720 1563 822 1631 τῆς
840 1560 910 1613 τὰ
926 1560 1102 1614 πάντα
1122 1558 1526 1635 ὑπερκειμένης
1547 1559 1754 1622 οὐσίας·
1771 1575 1790 1610 t
1817 1558 1913 1613 Οὐ-

327 1653 439 1717 δεὶς
471 1652 584 1724 γὰρ
614 1653 804 1722 ὄψεται
852 1652 914 1705 τὸ
945 1652 1235 1722 πρόσωπόν
1271 1669 1372 1723 μου
1395 1691 1410 1717 ,
1443 1651 1596 1722 φησὶ,
1629 1651 1722 1704 καὶ
1748 1649 1912 1721 ζήσει

329 1760 422 1797 ται
451 1761 464 1773 ·
497 1761 516 1794 ι
563 1741 878 1809 ἀναγκαίως
903 1743 933 1795 ό
965 1740 1257 1812 μονογενὴς
1289 1740 1384 1794 τοῦ
1427 1739 1562 1794 Θεοῦ
1585 1740 1770 1808 -Δόγος
1787 1741 1908 1803 ταῖς

2015 547 2146 603 dum
2196 546 2484 601 hominum
2513 546 2610 615 qui
2643 555 2774 600 tunc
2803 543 3068 614 temporis
3099 550 3261 598 erant
3298 543 3592 599 inﬁrmita-

2015 647 2126 692 tem
2159 636 2413 692 instituta
2449 644 2557 692 est.
2589 635 2690 691 Hie
2732 644 2923 706 typum
2975 649 3174 690 rursus
3205 633 3274 689 ad
3303 636 3589 692 veritatem

2015 726 2343 794 transferes,
2368 735 2424 784 et
2454 726 2812 784 mediatorem
2849 725 2943 782 Dei
2990 736 3049 782 et
3092 726 3258 800 266
3305 728 3592 784 hominum

2015 822 2300 880 Christum
2338 837 2437 893 per
2465 822 2582 878 haec
2611 821 2906 894 intelliges,
2942 821 3356 878 ministrantem
3392 823 3592 879 docili-

2016 914 2121 970 bus
2151 914 2390 969 humana
2423 928 2578 979 voce,
2611 913 2839 984 quando
2872 923 3096 984 propter
3138 928 3244 971 nos
3267 930 3333 970 ex
3366 915 3596 973 muliere

2018 1012 2184 1061 natus
2215 1013 2320 1069 est,
2355 1003 2453 1060 Dei
2507 1019 2574 1062 ac
2627 1004 2812 1062 Patris
2852 1005 3192 1061 voluntatem
3239 1005 3593 1070 ineffabilem,

2019 1095 2123 1167 ipsi
2175 1103 2328 1153 certe
2365 1096 2461 1152 uni
2508 1097 2812 1167 cognita'm,
2838 1097 2897 1152 in
2923 1105 3192 1168 quantum
3239 1106 3294 1162 et
3323 1097 3499 1154 Filius
3526 1114 3591 1153 ex

2018 1185 2161 1257 ipso,
2196 1195 2252 1242 et
2299 1187 2572 1257 sapientia
2606 1186 2957 1257 intelligitur,
2991 1195 3189 1242 cuncta
3225 1202 3593 1259 cognoscens.

2001 1277 2181 1332 etiam
2224 1277 2498 1348 profunda
2525 1277 2702 1334 Dei“.
2730 1279 2867 1335 Cum
2897 1279 3044 1335 enim
3074 1281 3360 1352 corporeis
3411 1282 3593 1337 oculis

2017 1369 2258 1424 divinam
2293 1377 2348 1424 et
2393 1368 2726 1426 inell'abilem
2761 1370 2985 1426 deitatis
3036 1373 3224 1427 omnia
3275 1373 3593 1443 superantis

2019 1460 2252 1531 gloriam
2281 1475 2476 1530 puram
2507 1477 2570 1516 ac
2610 1462 2812 1516 nudam
2844 1477 3072 1518 cernere
3103 1478 3214 1518 non
3248 1478 3542 1534 possemus
3576 1483 3590 1519 :

2023 1570 2042 1606 ι
2075 1551 2196 1609 Non
2217 1554 2377 1610 enim
2407 1554 2615 1610 videbit
2654 1555 2823 1610 homo
2856 1554 3051 1610 faciem
3088 1571 3292 1620 meam,
3313 1556 3512 1628 inquit,
3539 1566 3594 1610 et

2016 1643 2256 1713 vivet";
2287 1662 2306 1697 ι
2341 1644 2554 1700 idcirco
2605 1645 2924 1702 necessario
2957 1646 3300 1718 unigenitum
3333 1647 3425 1704 Dei
3457 1649 3596 1706 Ver-

2017 1736 2145 1790 bum
2174 1735 2382 1792 nostris
2409 1735 2824 1792 infirmitatibus
2855 1736 3264 1794 conformatum
3293 1747 3398 1802 est,
3441 1755 3594 1796 mor-

335 1833 636 1905 ήμετέραις
659 1831 966 1894 ἀσθενείαις
990 1831 1506 1902 συνεσχηματίζετο,
1536 1830 1597 1885 τὸ
1633 1830 1908 1884 ἀνθοώπι-

2022 1826 2113 1881 tali
2164 1827 2270 1882 hoc
2306 1841 2540 1897 corpore
2591 1827 2898 1882 secundum
2935 1828 3265 1884 ineffabilem
3308 1830 3596 1900 dispensa-

337 1943 426 1978 νον
463 1925 529 1996 δὴ
557 1924 714 1978 τοῦτο
754 1924 894 1978 κατὰ
920 1924 1010 1977 τὸν
1042 1923 1279 1996 ἄρρητον
1308 1924 1408 1994 τῆς
1427 1923 1738 1995 οἰκονομίας
1757 1924 1912 1992 λόγον

339 2016 714 2088 ἠμφιεσμένος
752 2016 934 2087 σῶμα,
957 2017 1052 2070 καὶ
1085 2016 1185 2087 τὴν
1233 2016 1441 2072 ἀνωθεν
1485 2018 1637 2087 ἡμῖν,
1667 2016 1913 2070 τουτέστι

335 2107 429 2161 τοῦ
455 2108 591 2161 Θεοῦ
615 2108 708 2161 καὶ
727 2107 939 2178 Πατρὸς
973 2108 1214 2178 φανερὰν
1244 2108 1416 2162 ἐποίει
1444 2107 1656 2180 βουλήν,
1689 2105 1863 2176 λέγων
1895 2123 1910 2138 ο

339 2216 359 2250 ι
393 2199 580 2254 Πάντα
603 2199 703 2252 ὅσα
732 2200 939 2270 ήκουσα
971 2199 1123 2269 παρά
1148 2199 1242 2252 τοῦ
1280 2198 1514 2269 Πατρὸς,
1542 2197 1717 2253 ταῦτα
1745 2199 1914 2268 ἀναγ-

331 2290 507 2357 γέλλω
541 2289 690 2359 ύμῖν.
724 2309 744 2342 ι
773 2291 883 2344 Καὶ
905 2290 1089 2359 πάλιν,
1118 2292 1200 2345 ὅτι
1232 2307 1251 2342 ι
1287 2288 1430 2360 Ἐγὼ
1457 2289 1517 2355 ἐξ
1535 2289 1777 2360 ἐμαυτοῦ
1813 2291 1916 2345 οὐκ

330 2382 589 2453 ἐλάλησα,
616 2381 729 2436 ἀλλ’
755 2383 784 2436 ό
812 2381 1038 2452 πέμψας
1074 2399 1141 2453 με
1187 2382 1399 2454 Πατὴρ,
1438 2381 1602 2445 αὐτός
1637 2382 1730 2453 μοι
1761 2383 1914 2436 ἐντο-

327 2476 430 2547 λὴν
459 2475 659 2530 δέδωκε
686 2475 739 2529 τί
782 2475 942 2544 εἶτα»,
965 2476 1062 2530 καὶ
1091 2476 1143 2530 τί
1175 2475 1416 2547 λαλήσω.
1451 2493 1472 2528 ι
1513 2474 1725 2530 Οὐκοῦν
1773 2475 1918 2546 κατά

332 2572 434 2643 μὲν
482 2571 582 2642 τῆς
614 2569 889 2641 μεσιτείας
937 2570 1140 2635 είκόνα,
1174 2570 1344 2633 τύπος
1370 2569 1438 2624 ἀν
1463 2571 1637 2623 νοοῖτο
1674 2567 1914 2640 Χριστοῦ

330 2662 430 2716 καὶ
467 2660 640 2715 πάλαι
680 2661 908 2731 Μωσῆς,
937 2660 1008 2715 τά
1052 2659 1236 2714 θεόθεν
1263 2659 1596 2733 διωρισμένα
1620 2661 1734 2722 τοῖς
1777 2660 1912 2724 υἱοῖς

343 2752 564 2824 Ἰσραὴλ
593 2747 656 2806 εὖ
697 2751 762 2822 δὴ
800 2752 894 2807 καὶ
935 2751 1081 2822 μάλα
1121 2749 1540 2821 διακονούμενος
1560 2765 1574 2780 ⁸
1600 2750 1716 2804 ἀλλ’
1746 2752 1779 2820 ή
1817 2749 1915 2820 μὲν

329 2846 576 2908 Μωσέως
623 2844 870 2916 μεσιτεία
897 2843 1200 2914 διακονικὴ,
1230 2843 1489 2916 ἐλευθέρα
1518 2841 1576 2896 δὲ
1603 2844 1637 2914 ή
1671 2842 1760 2896 διὰ
1783 2842 1918 2914 Χρι-

333 2933 464 2987 στοῦ
500 2935 594 2988 καὶ
639 2933 1042 3005 μυστικωτέρα,
1075 2932 1320 3003 φυσικῶς
1344 2926 1452 2986 τῶν
1485 2932 1916 3003 μεσιτευομένων

332 3025 792 3094 ἐπιθιγγάνοντος,
819 3025 914 3078 κα)⁸
945 3025 1083 3094 πρὸς
1102 3026 1268 3097 ἄμφω
1285 3025 1580 3096 διήκοντος,
1599 3025 1701 3095 τήν
1727 3039 1788 3077 τε
1823 3042 1918 3094 με-
1958 3068 1962 3072 .

330 3118 691 3188 σιτευομένην
737 3117 1133 3189 ἀνθρωπότητα
1154 3157 1170 3183 ,
1200 3117 1298 3171 καὶ
1349 3117 1570 3188 Πατέρα
1610 3117 1762 3171 Θεόν.
1805 3113 1915 3172 Ἦν

2013 1918 2182 1974 tionis
2223 1919 2498 1975 rationem
2541 1919 2819 1986 indutum,
2845 1928 2900 1974 et
2949 1936 3245 1990 supernam
3276 1922 3458 1988 nobis,
3490 1923 3596 1979 hoc

2009 2016 2096 2064 est
2124 2007 2218 2064 Dei
2249 2023 2314 2064 ac
2340 2007 2546 2074 Patris,
2572 2010 2908 2066 voluntatem
2932 2010 3324 2078 manifestavit,
3353 2013 3545 2070 dicens
3574 2029 3591 2066 :

2017 2119 2035 2153 ι
2064 2101 2260 2156 Omnia
2281 2105 2625 2173 quaecunque
2654 2102 2838 2159 audivi
2865 2117 2897 2158 a
2925 2101 3089 2159 Patre
3116 2119 3261 2168 meo,
3286 2113 3416 2160 nota
3453 2106 3596 2162 facio

2011 2196 2166 2252 vobis
2189 2195 2256 2250 ⁸³.
2294 2215 2314 2248 ι
2348 2194 2479 2252 Item
2509 2212 2523 2250 :
2551 2212 2573 2248 ι
2611 2195 2725 2266 Ego
2756 2212 2819 2253 ex
2867 2197 3078 2269 meipso
3122 2212 3234 2253 non
3275 2213 3398 2256 sum
3429 2201 3581 2256 locu—

2011 2295 2126 2354 tus,
2157 2289 2252 2345 sed
2282 2289 2378 2360 qui
2416 2288 2569 2346 misit
2608 2303 2697 2346 me
2729 2288 2912 2355 Pater,
2949 2288 3070 2359 ipse
3099 2289 3234 2345 mihi
3270 2291 3590 2347 mandatum

2012 2381 2162 2438 dedit
2185 2381 2317 2452 quid
2353 2381 2569 2448 dicam,
2603 2392 2659 2438 et
2689 2381 2820 2453 quid
2849 2382 3044 2451 loquar
3071 2381 3140 2435 “.
3177 2399 3197 2435 ι
3233 2379 3405 2453 Igitur
3445 2384 3592 2454 quod

2016 2474 2084 2528 ad
2120 2473 2470 2531 mediationis
2503 2474 2725 2546 quidem
2786 2481 3000 2544 spectat
3057 2474 3378 2546 imaginem,
3427 2483 3594 2550 typus

2017 2564 2222 2621 Christi
2252 2567 2565 2622 censendus
2612 2577 2698 2622 est
2732 2566 2970 2638 Moyses,
3006 2567 3100 2638 qui
3137 2567 3328 2624 divina
3370 2567 3593 2626 decreta

2022 2655 2147 2713 ﬁliis
2181 2656 2344 2712 Israel
2379 2658 2571 2727 utique
2600 2658 2976 2724 ministrabat,
3015 2659 3112 2715 sed
3136 2657 3340 2730 Moysis
3372 2661 3592 2732 quidem

2029 2745 2295 2802 mediatio
2321 2747 2722 2802 ministratoria
2752 2755 2893 2810 erat,
2917 2747 3126 2804 Christi
3173 2765 3304 2806 vero
3336 2751 3594 2807 mediatio

2021 2834 2194 2889 libera
2237 2844 2293 2890 et
2343 2836 2600 2906 mystica,
2634 2844 2827 2905 utpote
2853 2837 2950 2907 qui
2981 2838 3311 2894 naturaliter
3347 2854 3411 2896 ea
3452 2857 3592 2912 quo-

2017 2941 2138 2979 rum
2170 2926 2535 2983 mediatorest
2560 2927 2804 2998 attingit,
2837 2934 2891 2981 et
2919 2927 2986 2982 ad
3015 2929 3178 2984 ambo
3203 2930 3464 3000 pertinet,
3491 2933 3591 2987 Ιιιι-

2019 3015 2340 3072 manitatem
2375 3016 2662 3082 nimirum,
2693 3017 2856 3086 cujus
2905 3019 3180 3072 mediator
3239 3026 3344 3081 est,
3402 3026 3456 3074 et
3489 3019 3592 3075 Pa—

2019 3115 2161 3164 trem
2196 3108 2386 3165 Deum.
2415 3108 2524 3180 Est.
2545 3110 2690 3164 enim
2713 3117 2912 3163 natura
2944 3107 3088 3166 Deus
3128 3118 3188 3164 ut
3223 3125 3289 3166 ex
3322 3109 3433 3166 Deo
3459 3109 3591 3168 Uni-

327 3203 439 3272 μὲν
471 3204 576 3275 γάρ
606 3204 763 3274 φύσει
804 3203 938 3268 Θεὸς
980 3204 1058 3268 ὠς
1098 3206 1165 3258 ἐκ
1212 3204 1347 3259 Θεοῦ
1379 3206 1690 3276 Μονογενὴς
1709 3245 1724 3270 ,
1754 3205 1912 3259 οἱονεὶ

2020 3201 2261 3273 genitus,
2295 3215 2324 3255 a
2378 3201 2685 3258 substantia
2733 3200 3011 3257 Genitoris
3038 3216 3148 3256 non
3189 3211 3504 3272 separatus,
3541 3215 3591 3259 et

323 3296 434 3368 τῆς
485 3294 580 3348 τοῦ
628 3296 988 3366 γεννήσαντος
1014 3294 1074 3347 οὐ
1120 3295 1526 3365 κεχωρισμένος
1563 3295 1786 3358 οὐσίας,
1825 3293 1918 3346 καὶ

320 3375 471 3456 αὐτῇ
511 3384 912 3457 προσπεφυκὼς
935 3426 950 3451 ,
975 3384 1111 3439 καθὸ
1145 3387 1344 3439 νοεῖται
1369 3387 1464 3439 καὶ
1491 3384 1550 3452 ἐξ
1586 3385 1778 3453 αὐτῆς.
1807 3378 1917 3438 Ἦν

318 3478 379 3533 δὲ
413 3477 508 3530 καὶ
526 3477 834 3546 ἄνθρωπος,
859 3475 993 3531 καθὸ
1015 3476 1206 3545 γέγονε
1248 3476 1386 3549 σὰρξ
1415 3477 1606 3532 ἑαυτὸν
1644 3479 1776 3548 ήμῑν
1826 3474 1911 3540 ἐξ-

317 3566 536 3638 ομοιῶν
561 3604 575 3628 ,
595 3566 683 3620 ἵνα
707 3566 774 3618 δι’
802 3566 964 3619 αὐτοῦ
995 3567 1335 3636 συνάπτηται
1377 3565 1498 3637 Θεῷ
1523 3565 1586 3620 τὸ
1617 3565 1750 3620 πολὺ
1775 3563 1916 3619 κατὰ

317 3661 498 3730 φύσιν
541 3659 890 3730 διῃρημένον.
922 3659 1090 3714 Ὅταν
1118 3655 1212 3713 οῦν
1253 3660 1385 3731 λέγῃ
1419 3659 1660 3730 Μωσῆς’
1697 3678 1716 3712 ι
1761 3659 1917 3712 Ἀνα-

295 3751 522 3821 ·στήσει
557 3750 762 3819 Κύριος
782 3751 912 3821 ὑμῖν
941 3750 1033 3804 τὸν
1063 3751 1350 3822 προφήτην
1379 3751 1454 3816 ὡς
1484 3750 1605 3821 ἐμὲ.
1643 3768 1661 3802 ι
1701 3751 1916 3822 νοήσεις

314 3846 430 3914 οὐχ
457 3842 731 3914 ἐτέρως,ἢ
761 3843 929 3914 ὅνπερ
953 3842 1150 3915 τρόπον
1184 3842 1389 3913 ἀρτίως
1422 3843 1757 3915 εἰρήκαμενο
1789 3842 1916 3895 ἐπεὶ⁷

315 3938 426 3992 καὶ¹
464 3936 625 3996 αὐτὸς
652 3934 744 3988 τὸν
783 3935 877 3988 ἐπὶ
923 3935 1099 4005 τούτῳ
1135 3934 1291 4003 λόγον
1323 3934 1708 4005 ἐπισφραγίζει
1738 3933 1913 4002 λέγων

321 4029 351 4081 ὁ
383 4028 563 4092 Θεός·
601 4045 620 4079 ι
674 4027 879 4099 Ὀρθῶς
921 4027 1100 4081 πάντα
1144 4028 1244 4081 ὅσα
1294 4026 1587 4097 ἐλάλησαν.
1619 4027 1912 4098 Προφήτην

315 4121 516 4182 αὐτοῖς
552 4119 842 4188 ἀναστήσω
877 4117 1066 4189 ὥσπερ
1115 4117 1210 4184 σὲ,
1244 4119 1339 4172 καὶ
1387 4118 1539 4190 θήσω
1569 4118 1642 4172 τὰ
1690 4118 1914 4188 ῥήματά

322 4230 435 4282 μου
485 4211 572 4262 ἐπ’
606 4208 778 4280 αὐτῷ,
812 4209 907 4264 καὶ
945 4209 1169 4280 λαλήσει
1201 4208 1349 4280 αὐτῷ
1397 4209 1538 4264 κατὰ
1584 4209 1784 4274 πάντα,
1812 4209 1913 4263 ὅσα

321 4302 393 4357 ἂν
425 4298 754 4368 ἐντείλωμαι
785 4299 1028 4370 αὐτῷ.-
1053 4300 1214 4371 Φέρει
1245 4301 1351 4372 γὰρ
1383 4302 1451 4356 τὰ
1493 4302 1670 4355 πάντα
1711 4300 1790 4372 τῷ
1816 4300 1913 4372 ρή-

324 4408 468 4463 ματι
500 4390 602 4460 τῆς
631 4389 957 4459 δυνάμεωςό
982 4391 1111 4450 Υἱὸς
1134 4431 1148 4455 ,
1183 4410 1203 4443 ι
1238 4392 1313 4455 ὡς
1337 4392 1365 4443 ό
1395 4392 1605 4457 Παῦλός
1628 4411 1783 4464 φησι,
1817 4393 1912 4446 καὶ

319 4480 432 4543 τὰς
459 4477 554 4531 τοῦ
590 4478 800 4550 Πατρὸς
823 4481 957 4550 ἡμῖν
986 4480 1304 4547 ἀναγγέλλει
1329 4480 1532 4550 φωνὰς,
1562 4482 1656 4536 ἀτε
1677 4482 1742 4553 δὴ
1777 4483 1911 4552 παρ’

2020 3295 2123 3366 ipsi
2159 3294 2514 3359 inexsistens,
2548 3293 2604 3348 in
2635 3302 2904 3365 quantum
2931 3311 2996 3349 ex
3034 3293 3153 3364 ipsa
3192 3295 3356 3350 etiam
3393 3297 3591 3351 intelli-

2019 3382 2186 3454 gitur.
2222 3381 2318 3438 Est
2350 3397 2483 3437 vero
2513 3381 2680 3437 etiam
2712 3383 2898 3447 homo,
2931 3391 3203 3454 quatenus
3235 3400 3365 3440 caro
3415 3385 3592 3444 factus

2016 3484 2122 3541 est,
2159 3475 2402 3545 scipsum
2433 3473 2593 3529 nobis
2615 3474 2848 3530 similem
2899 3475 3137 3543 faciens,
3175 3487 3232 3532 ut
3267 3492 3364 3547 per
3417 3478 3592 3549 ipsum

2017 3567 2072 3622 id
2107 3565 2252 3637 quod
2290 3575 2486 3621 natura
2528 3568 2692 3639 longe
2731 3567 2991 3624 dissitum
3027 3577 3164 3635 erat,
3194 3569 3307 3626 Deo
3357 3571 3596 3642 conjun-

2019 3668 2264 3729 geretur.
2308 3658 2443 3712 (lum
2467 3673 2600 3729 ergo
2623 3658 2760 3714 dicit
2789 3658 3004 3731 Moyses
3033 3679 3046 3716 :
3083 3677 3104 3712 ι
3143 3659 3450 3718 Suscitabit
3487 3662 3586 3718 Do-

2015 3752 2201 3808 minus
2245 3751 2404 3808 vobis
2444 3752 2770 3822 prophetam
2813 3753 2979 3809 sicuti
3017 3768 3103 3808 me
3126 3753 3194 3819 ⁸⁸,
3224 3772 3244 3806 ι
3284 3754 3444 3810 aliter
3483 3770 3591 3810 non

2015 3839 2290 3912 intelliges
2313 3856 2478 3913 quam
2505 3857 2618 3913 quo
2649 3841 2811 3899 modo
2859 3850 3023 3899 antea
3058 3843 3342 3901 diximus:
3368 3861 3495 3901 nam
3541 3855 3590 3901 et

2016 3933 2134 4004 ipse
2165 3933 2309 3990 Deus
2336 3933 2390 3990 id
2415 3933 2726 4000 confirmat,
2756 3933 2984 3990 dicens:
3011 3953 3030 3987 ι
3067 3934 3242 3992 Recte
3263 3937 3446 3992 omnia
3473 3953 3591 4008 qua!

2017 4025 2186 4080 locuti
2225 4034 2356 4081 sunt
2391 4039 2406 4078 :
2453 4025 2774 4096 prophetam
2825 4025 3109 4081 suscitabo
3151 4027 3253 4090 eis,
3302 4028 3450 4082 sicut
3493 4037 3545 4084 te
3583 4077 3598 4100 ,

2017 4125 2070 4169 et
2101 4117 2245 4171 dabo
2273 4115 2435 4170 verba
2473 4129 2593 4169 mea
2640 4116 2697 4170 in
2750 4128 2847 4169 ore
2887 4114 3044 4181 eius;
3101 4123 3156 4170 et
3206 4116 3465 4187 loquetur
3510 4120 3591 4174 eis

2015 4220 2358 4277 quacunque
2409 4205 2741 4260 mandavero
2783 4205 2832 4260 ei
2852 4201 3143 4258 “.bPortat
3200 4207 3348 4262 enim
3408 4209 3590 4264 omnia

2014 4299 2182 4355 verbo
2237 4297 2456 4353 virtutis
2493 4312 2607 4352 suae
2646 4295 2838 4361 Filius,
2887 4297 3350 4368 quemadmodum
3385 4299 3590 4357 Paulus

2014 4388 2089 4442 ait
2113 4388 2180 4454 ³⁷,
2202 4392 2257 4442 et
2283 4385 2463 4442 Patris
2495 4401 2657 4442 voces
2689 4385 2848 4439 nobis
2868 4385 3437 4453 aununtiat,maxime
3465 4405 3592 4444 cum

2017 4481 2085 4534 ab
2114 4483 2238 4550 ipso
2267 4481 2537 4535 mediator
2564 4478 2637 4534 sit
2679 4479 3040 4544 constitutus,
3081 4478 3244 4548 juxta
3276 4479 3410 4535 illud
3436 4480 3590 4536 i’sal-

321 4570 500 4627 αὑτοῦ
535 4569 760 4642 μεσίτης
792 4571 1333 4642 κεχειροτονημένος,
1362 4573 1505 4628 κατά
1540 4573 1603 4626 τὸ
1644 4573 1704 4626 ἐν
1749 4573 1906 4627 Ψαλ-

2016 4575 2191 4629 mistae
2227 4581 2490 4643 tanquam
2519 4587 2584 4628 ex
2632 4585 2867 4642 persona
2906 4569 3111 4626 Christi
3142 4589 3155 4625 :
3197 4588 3216 4621 ι
3251 4572 3367 4642 Ego
3405 4581 3588 4628 autem

321 4663 457 4733 μοῖς
482 4659 763 4732 ᾀδόμενον,
796 4660 872 4724 ὡς
897 4659 958 4725 ἐξ
987 4660 1152 4713 αὐτοῦ
1177 4659 1272 4713 τοῦ
1301 4659 1540 4732 Χριστοῦ
1560 4678 1576 4695 ·
1615 4681 1634 4715 ι
1684 4662 1826 4732 Ἐγὼ
1854 4663 1911 4718 δὲ

320 4751 672 4823 κατεστάθην
711 4750 966 4821 βασιλεὺς
1006 4751 1098 4805 ὑπ’
1130 4751 1294 4806 αὐτοῦ
1319 4793 1334 4819 ,
1369 4753 1463 4808 ἐπὶ
1518 4753 1654 4809 Σιὼν
1685 4755 1812 4827 ὅρος
1851 4755 1913 4809 τὸ

319 4843 484 4912 ἅγιον
510 4842 676 4897 αὑτοῦ
709 4843 1045 4912 διαγγέλλων
1076 4845 1136 4898 τὸ
1165 4846 1498 4916 πρόσταγμα
1529 4847 1758 4919 Κυρίου.
1790 4867 1810 4900 ι
1848 4847 1911 4901 Εἰ

316 4935 378 4987 δέ
427 4951 506 5004 τῳ
551 4935 731 5001 δοκεῖ,
767 4937 862 4990 καὶ
907 4937 966 5002 ἐξ
1018 4937 1223 5005 ἐτέρων
1274 4937 1494 4992 ἐννοιῶν
1545 4938 1640 4993 ἐπὶ
1679 4938 1771 4992 τὸν
1812 4938 1911 5009 τῆς

316 5025 646 5094 ὁμοιότητος
701 5025 1127 5092 ἀναϐιϐάζεσθαι
1177 5026 1400 5098 τρόπον,
1457 5027 1755 5098 ἐκλήψεται
1810 5028 1910 5098 μὲν

317 5113 626 5185 νομοθέτην
649 5115 710 5168 τὸ
736 5133 755 5166 ι
793 5117 869 5180 ὡς
901 5118 1023 5188 ἐμὲ,
1056 5136 1075 5170 ι
1110 5119 1205 5172 καὶ
1240 5118 1490 5192 παροίσει
1525 5118 1663 5190 πρὸς
1693 5117 1910 5172 ἀπόδει-

316 5205 409 5270 ξιν
469 5203 531 5257 τὺ
576 5221 596 5255 σ
649 5205 878 5276 Ἐῥρέθη
929 5211 1041 5272 τοῖς
1092 5209 1341 5282 ἀρχαίοις
1373 5227 1388 5243 ·
1441 5209 1518 5263 υὺ
1554 5208 1903 5280 μοιχεύσεις·

315 5294 440 5365 ἐγὼ
478 5295 534 5348 δὲ
566 5294 710 5364 λέγω
737 5296 866 5366 ὑμῖν
897 5337 910 5362 ,
948 5299 1062 5352 Οὐκ
1107 5301 1486 5372 ἐπιθυμήσεις.
1521 5319 1541 5353 ι
1579 5299 1906 5370 Ἐκλήψεται

315 5389 378 5442 δὲ
411 5386 578 5442 πάλιν
628 5387 832 5457 ὁμοίως
859 5389 920 5440 τὸ
953 5407 972 5441 ι
1011 5389 1088 5453 ὠς
1132 5393 1254 5462 ἐμὲ,
1302 5411 1320 5442 ι
1367 5392 1706 5462 χειραγωγὸν
1741 5390 1906 5445 οἱονεί

317 5478 578 5542 τινα,καὶ
609 5478 1046 5550 καθηγούμενον,
1071 5480 1358 5549 λέγων,είς
1389 5481 1448 5535 τὸ
1477 5481 1736 5535 δύνασθαι
1765 5481 1906 5534 νοεῖν

317 5569 393 5620 τὰ
438 5569 498 5618 ἐν
524 5568 738 5640 θελήσει
771 5572 1008 5642 Πατρὸς,
1035 5571 1128 5625 καὶ
1157 5571 1224 5624 δι’
1252 5565 1328 5627 ὧν
1369 5572 1436 5626 ἂν
1468 5572 1676 5641 γένοιτο
1702 5572 1802 5641 τῆς
1827 5568 1905 5635 είς

395 5683 438 5712 ³¹
485 5681 660 5738 lCor.
694 5700 756 5748 ιι,
797 5685 883 5739 10.
996 5687 1040 5717 ³²
1082 5685 1254 5740 Exod.
1298 5702 1504 5749 χχχιιι,
1536 5685 1628 5740 20.

319 5755 366 5782 ’⁸⁵
405 5751 573 5808 Deut.
600 5769 730 5808 xvul
754 5797 769 5822 ,
805 5755 890 5809 18.
970 5756 1010 5787 ³⁷
1056 5755 1219 5810 Hebr.
1255 5773 1292 5822 ι,
1327 5757 1380 5810 3.
1458 5757 1502 5787 ³⁸
1538 5754 1687 5812 Psal.
1726 5771 1803 5820 ll,
1840 5756 1894 5809 6.

1739 5687 1783 5718 ³³
1817 5685 1972 5741 Joau.
2010 5702 2100 5746 xv,
2138 5686 2222 5739 15.

1971 5758 2013 5786 ιθ
2057 5754 2246 5809 Mauh.
2280 5771 2335 5820 v,
2363 5754 2537 5807 27-28

2016 4664 2358 4719 constitutus
2400 4677 2523 4718 sum
2577 4677 2674 4716 rex
2722 4662 2790 4717 ab
2841 4674 2908 4718 eo
2953 4676 3120 4730 super
3161 4660 3294 4717 Sion
3346 4669 3589 4718 montem

2016 4764 2268 4811 sanctum
2310 4753 2434 4824 ejus
2485 4752 2791 4824 praedicans
2840 4761 3175 4823 praeceptum
3235 4751 3534 4809 Domini".
3567 4774 3586 4806 ι

2014 4846 2171 4914 Quod
2205 4846 2251 4903 si
2279 4846 2369 4901 cui
2414 4845 2582 4901 libeat
2612 4845 2737 4901 aliis
2766 4858 2988 4914 quoque
3020 4845 3590 4914 contemplationibus

2014 4936 2392 4993 similitudinis
2420 4935 2569 4990 illius
2596 4934 2817 4989 modum
2849 4933 3153 5004 inquirere,
3181 4933 3267 4990 his
3289 4935 3450 5007 287
3471 4938 3589 5008 qui-

2017 5029 2143 5084 dem
2177 5027 2388 5090 verbis,
2413 5045 2430 5078 ι
2464 5027 2610 5082 sicut
2649 5039 2759 5091 me,
2799 5042 2819 5076 ι
2875 5023 3246 5095 legislatorem
3295 5025 3596 5097 intelliget,

2015 5073 2171 5174 ἔῖζει
2190 5073 2812 5173 ’ῐεί”‹ίὲἰη“οἷιέἰῖ-ἐιιζᾶιῖἐη“
2831 5073 3246 5186 ειίζιῗίὶᾷἶὸῖὲξέἑ
3271 5073 3600 5190 {Taifali

2013 5220 2098 5267 est
2124 5210 2371 5279 antiquis
2401 5227 2414 5264 :
2447 5207 2565 5263 Non
2612 5207 2978 5263 mmehaberis
3024 5224 3037 5261 :
3074 5223 3176 5278 ego
3232 5215 3415 5263 autem
3461 5207 3573 5261 ἀίει.

2014 5300 2172 5358 vobis
2208 5319 2222 5354 :
2253 5298 2374 5354 Non
2419 5299 2779 5368 concupisces
2808 5298 2876 5351 ".
2929 5316 2948 5349 ι
2995 5297 3286 5363 Similiter,
3333 5296 3420 5350 his
3473 5311 3588 5351 ver-

2015 5391 2136 5455 bis,
2182 5410 2200 5442 ι
2249 5389 2396 5444 sicut
2452 5405 2576 5454 me,
2608 5409 2628 5440 ι
2672 5389 2865 5444 ducem
2907 5389 3072 5443 veluti
3129 5384 3419 5457 quemdam
3464 5401 3586 5441 esse

2013 5483 2278 5552 intelliget
2333 5481 2401 5536 ad
2467 5497 2530 5536 ea
2593 5479 2941 5551 percipienda
3012 5491 3133 5546 quae
3190 5477 3246 5528 in
3305 5474 3586 5529 voluntate

2013 5581 2142 5630 sunt
2191 5570 2394 5636 Patris,
2445 5580 2501 5627 et
2552 5587 2647 5641 per
2689 5587 2810 5640 qua:
2859 5567 3008 5637 regni
3062 5565 3304 5621 caelestis
3350 5563 3459 5620 iter
3490 5583 3588 5638 pa-

2337 5684 2380 5716 ”
2412 5683 2570 5737 Joan.
2624 5698 2734 5745 χιι,
2786 5680 2871 5733 49.
2990 5679 3034 5710 ³⁵
3077 5677 3234 5734 Deut.
3272 5692 3428 5744 xvm,
3490 5677 3587 5732 15.
