4078 6262
501 373 599 430 iiii
1482 364 1540 420 S.
1583 359 1856 417 CYRILLI
1895 355 2365 412 ALEXANDRINI
2405 353 2724 410 ARCHIEI’.
3237 385 3257 404 .
3647 343 3753 399 452

503 490 646 546 teat,
694 477 1154 548 quemadmodum
1201 475 1461 531 nimirum
1517 475 1714 528 beatus
1773 472 1863 526 ille
1918 468 2108 538 Moy-i

2209 468 2430 537 ’Jpavob;
2466 467 2741 537 βασιλείας
2786 466 2814 535 ἡ
2857 461 2975 526 όδὸς
3032 460 3334 532 ἱππήλατος
3367 474 3380 488 ·
3416 456 3606 526 ὥσπερ
3660 453 3754 509 οὖν

503 589 593 630 ses
644 573 834 641 legalis
895 569 1258 625 institutionis
1309 569 1569 639 magister
1635 566 1802 621 etiam
1866 561 2072 618 veteri-

2213 559 2360 628 μέλει
2393 558 2486 610 καὶ
2523 558 2636 618 τοῖς
2665 553 3040 624 ἀρχαιοτέροις
3068 552 3096 603 ό
3129 549 3398 618 μακάριος
3423 546 3630 614 Μωσῆς
3658 545 3756 614 τῆς

505 665 609 717 bus
662 636 909 724 cnstitit,
951 660 1152 728 ubique
1193 658 1308 713 suis
1340 636 1550 712 addens
1602 654 1844 709 oraculis
1889 668 1904 704 :
1947 669 1964 708 ι
2002 648 2074 704 Ut

2209 649 2258 702 ιὰ
2286 649 2449 718 νόμου
2485 645 2858 714 παιδαγωγίας
2892 641 3206 704 διδάσκαλος
3241 636 3579 706 ἀνεφαίνετο,
3623 653 3759 689 παν-

505 746 677 810 multo
709 761 954 822 tempore
991 752 1161 817 vivas,
1195 760 1248 805 et
1278 749 1582 804 inducat‘te
1624 747 1888 802 Dominus
1932 744 2075 798 Deus

2209 741 2313 810 αχῆ
2346 742 2456 801 τοῖς
2504 738 2652 801 ἰδίοις
2688 735 2949 799 ἐπιτιθεὶς
2989 733 3188 801 λογίοις
3221 731 3314 796 τὸ,
3361 748 3381 781 ε
3424 730 3542 782 Ἵνα
3590 728 3756 781 πολὺν

505 857 634 902 tuus
687 820 993 902 in,terram
1035 858 1198 913 quam
1251 841 1458 910 juravit
1511 840 1759 910 patribus
1812 837 1922 891 tuis
1943 837 2012 889 ιθ.
2052 853 2068 886 ι

2209 831 2347 900 ήσῃς
2393 827 2603 899 χρόνον,
2637 827 2730 879 καὶ
2763 825 2953 896 εἰσάξῃ
2987 841 3047 877 σε
3094 822 3346 892 Κύριοςό
3381 820 3515 883 Θεός
3557 837 3652 872 σου
3681 821 3760 881 εἰς

507 937 778 1004 Quoniam
823 949 955 990 vero
987 931 1272 1001 subjunxit
1301 950 1314 985 :
1346 949 1364 982 ι
1404 929 1469 983 Et
1508 930 1672 984 homo
1701 929 1794 998 qui
1826 942 1936 981 non
1981 941 2076 979 au-

509 1030 675 1084 dierit
715 1038 1058 1097 quaecunque
1091 1023 1313 1078 locutus
1365 1021 1531 1076 fuerit
1578 1019 1844 1090 propheta
1896 1018 1987 1072 ille
2021 1019 2077 1070 in

511 1121 734 1175 nomine
757 1133 898 1182 meo,
923 1131 1022 1188 ego
1051 1115 1348 1170 vindictam
1374 1127 1590 1168 sumam
1616 1112 1682 1166 de
1721 1125 1787 1166 eo
1812 1151 1827 1176 ,
1866 1128 1884 1160 ι
1927 1110 2079 1178 igna-

509 1213 554 1266 ri
594 1209 798 1274 Judaei,
832 1218 888 1263 et
939 1218 1184 1263 extrema
1245 1205 1446 1260 duritie
1497 1202 1770 1258 obﬁrmati
1823 1202 1969 1254 ultro
2021 1214 2079 1255 se

509 1303 628 1360 suis
677 1300 954 1370 capitibus
1012 1298 1241 1353 exitium
1298 1309 1579 1350 arcessere
1620 1291 1838 1346 tandem
1879 1290 2081 1344 intelli-

505 1391 680 1464 gant.’
725 1392 822 1446 Irae
886 1391 1088 1460 quippe
1141 1388 1341 1441 divina:
1400 1383 1807 1453 subjacebunt,
1863 1396 1976 1437 suae
2025 1381 2080 1434 in

512 1485 788 1541 Christum
831 1481 1149 1553 petulantiae
1202 1478 1556 1549 stipendium,
1602 1475 1844 1530 omnium
1890 1486 2085 1541 nempe

505 1578 740 1632 omnino
768 1577 1038 1631 bonorum
1067 1575 1339 1642 jacturam
1371 1574 1715 1638 reportantes
1743 1589 1754 1620 :
1792 1584 1810 1616 ι
1851 1563 1908 1618 Si
1937 1564 2082 1619 enim

512 1667 883 1723 credidissent
907 1664 1105 1735 Moysi,
1129 1662 1493 1719 credidissent
1520 1669 1573 1715 et
1597 1659 1851 1722 Christo;
1879 1656 1945 1711 de
1967 1655 2086 1726 ipso

516 1760 661 1815 enim
693 1760 784 1814 ille
821 1756 1062 1826 scripsit.
1095 1773 1110 1805 ι

597 2020 658 2089 ν,
693 2021 785 2076 47.
835 2019 894 2074 Si
937 2027 1112 2073 autem
1143 2017 1290 2071 illius
1327 2014 1518 2070 litteris
1558 2028 1658 2065 non
1694 2009 1930 2073 creditis,
1961 2023 2092 2077 quo-

524 2113 676 2169 modo
699 2111 864 2167 verbis
895 2109 1024 2162 meis
1062 2105 1283 2161 credetis
1300 2108 1325 2160 ?

597 2204 848 2272 Magnam
899 2200 954 2253 in
1006 2197 1093 2252 his
1138 2195 1320 2250 verbis
1369 2192 1761 2251 obscuritatem
1802 2203 1927 2243 esse
1981 2201 2092 2241 non

525 2295 802 2348 immerito
843 2289 967 2359 quis
1024 2287 1322 2342 existimet.
1372 2283 1581 2337 Poterit
1613 2280 1784 2343 enim,
1819 2293 1996 2348 neque
2040 2277 2094 2330 id

519 2389 624 2442 abs
657 2400 738 2449 re,
767 2383 907 2438 falso
932 2379 1230 2451 suspicari,
1264 2376 1505 2444 Mosaica
1541 2374 1750 2443 scripta
1792 2367 2098 2424 Salvatoris

526 2476 708 2533 verbis
740 2472 1086 2528 anteeellerc.
1134 2467 1193 2520 ld
1223 2467 1369 2522 enim
1415 2459 1828 2534 quodammodo
1880 2473 1993 2528 prae
2039 2470 2099 2513 se

526 2570 673 2624 ferre
703 2566 916 2622 videtur
963 2560 1169 2624 oratio,
1229 2566 1281 2613 et
1338 2556 1444 2611 nisi
1489 2569 1604 2610 rem
1657 2551 1971 2607 accuratius
2010 2549 2098 2602 in-

531 2658 947 2728 trospiciamns,
975 2652 1181 2722 Moysis
1209 2649 1431 2719 scriptis
1467 2648 1588 2717 plus
1619 2643 1970 2699 auctoritatis
2005 2641 2100 2694 tri-

531 2752 675 2816 buit,
704 2764 866 2820 quam
902 2745 1084 2801 verbis
1111 2738 1598 2797 Salvatoris.Nam
1630 2752 1755 2792 cum
1781 2736 1928 2790 dicat
1959 2752 2012 2786 τι
2043 2730 2099 2787 Si

534 2849 717 2898 autem
761 2836 912 2892 illius
943 2832 1143 2888 litteris
1177 2845 1287 2885 non
1330 2828 1581 2892 creditis,
1613 2823 1888 2896 quomodo
1921 2823 2102 2878 verbis

533 2932 672 2989 meis
703 2926 1008 2985 credetis?»
1033 2925 1180 2980 illius
1210 2922 1416 2991 scripta
1453 2919 1570 2975 suis
1589 2916 1938 2974 sermonibus
1966 2929 2106 2984 prae-

533 3035 700 3090 stare,
724 3020 1128 3091 quodammodo
1153 3012 1502 3082 cogitandum
1533 3010 1815 3079 relinquit.
1850 3006 1957 3062 Sed
1988 3007 2104 3075 ipsa

534 3117 614 3172 rei
641 3124 838 3170 natura
857 3117 1120 3166 extremae
1137 3104 1363 3160 insaniae
1387 3103 1607 3172 plenam
1631 3115 1754 3156 esse
1774 3100 1914 3154 hanc
1931 3097 2107 3166 eXpli-

536 3209 811 3264 cationem
844 3200 1115 3259 ostendet.
1145 3194 1431 3265 Quomodo
1457 3195 1606 3250 enim
1647 3192 1852 3262 scripta
1889 3189 2094 3245 Mosai-

539 3316 602 3358 ca
633 3297 818 3354 verbis
867 3290 1173 3349 Salvatoris
1223 3295 1486 3359 praestare
1539 3284 1936 3346 censebuntur,
1980 3295 2105 3335 cum

540 3395 632 3451 illa
673 3391 857 3462 ﬁgurae
888 3396 1101 3442 tantum
1141 3387 1326 3437 essent
1353 3387 1408 3434 et
1429 3377 1660 3443 umbrze,
1685 3375 1893 3430 Christi
1927 3380 2108 3427 autem

539 3460 733 3539 verba:
750 3481 860 3536 sint
903 3474 1139 3532 veritas?
1169 3471 1236 3524 Et
1271 3477 1422 3525 certe
1465 3467 1686 3522 dillicile
1728 3464 1915 3519 forsan
1964 3460 2110 3516 haud

542 3585 690 3634 esset
723 3575 943 3642 longum
984 3583 1047 3625 ea
1079 3567 1148 3622 de
1171 3581 1230 3620 re
1269 3577 1582 3621 sermonem
1618 3569 1825 3624 texere,
1865 3555 1960 3613 scd
1992 3569 2112 3625 quae

544 3670 705 3724 valde
743 3665 1037 3720 manifesta
1087 3667 1252 3722 sunt,
1304 3671 1406 3710 nec
1451 3653 1695 3718 aliunde,
1728 3652 1821 3708 sed
1857 3667 1886 3704 a
1915 3648 2112 3718 seipsis

545 3756 875 3829 produntur,
913 3750 1055 3804 male
1091 3763 1162 3801 an
1209 3759 1370 3801 secus
1411 3759 1472 3798 se
1519 3743 1790 3807 habeant,
1837 3737 2115 3809 superﬂue

545 3849 655 3904 dici
694 3854 843 3916 puto.
877 3842 990 3896 Cur
1022 3840 1172 3894 enim
1219 3834 1536 3892 istiusmodi
1571 3832 1979 3889 subtilitatibus
2023 3845 2117 3885 cx-

547 3932 821 4011 plicandis
874 3928 1156 4001 quispiam
1201 3925 1554 3982 immorctur,
1599 3931 1670 3986 et,
1706 3920 1871 3990 268
1928 3918 2118 3972 intem-

551 4028 760 4103 pestiva
792 4023 1132 4096 prolixitate,
1158 4033 1280 4089 qua:
1307 4016 1444 4071 nihil
1475 4013 1816 4070 diiiicultatis
1841 4013 1896 4065 in
1927 4025 1989 4066 se
2023 4011 2120 4064 hac

547 4102 679 4177 bent
701 4120 756 4174 in
787 4116 1030 4172 minutas
1054 4110 1456 4182 quodammodo
1485 4114 1669 4178 partes
1707 4105 1888 4161 secet?
1917 4102 2118 4156 Eorum

552 4214 720 4286 igitur
751 4225 870 4281 qua:
911 4223 940 4263 a
975 4205 1260 4260 Salvatore
1289 4202 1548 4255 dicuntur
1579 4214 1773 4255 sensus
1805 4207 1890 4253 est
1928 4196 2123 4265 hujus-

554 4305 722 4359 tnodi.
750 4304 807 4357 Si
844 4303 1041 4371 legem,
1069 4296 1270 4366 inquit,
1314 4293 1520 4364 Moysis
1570 4294 1828 4362 scriptam
1860 4305 1987 4344 eum
2036 4289 2125 4341 lia-

2174 921 2274 992 τὴν
2306 921 2430 991 γῆν,
2452 920 2518 990 ἥν
2533 919 2715 989 ὤμοσε
2739 920 2852 980 τοῖς
2881 916 3119 986 πατράσι
3141 931 3288 966 σου.»
3323 911 3543 981 Ἐπειδὴ
3568 911 3623 963 δὲ
3647 913 3759 972 τοῖς

2178 1010 2489 1080 εἰρημένοις
2539 1009 2807 1080 ἐπήνεγκε
2838 1024 2907 1058 ·-‹
2947 1007 3056 1059 Καὶ
3108 1005 3413 1076 ἄνθρωπος,
3458 1002 3517 1065 ὃς
3556 1001 3622 1054 ἂν
3685 1003 3760 1070 μὴ

2178 1097 2408 1169 ἀκούσῃ,
2431 1099 2531 1151 ὅσα
2561 1097 2627 1150 ἂν
2667 1096 2873 1166 λαλήσῃ
2920 1096 2948 1148 ό
2980 1094 3263 1165 προφήτης
3318 1094 3524 1153 ἐκεῖνος
3557 1091 3649 1142 ἐπὶ
3679 1089 3760 1158 τῷ

2179 1192 2404 1261 ὀνόματί
2441 1207 2564 1261 μου,
2590 1188 2702 1257 ἐγὼ
2733 1188 3001 1259 ἐκδικήσω
3034 1186 3093 1250 ἐξ
3122 1183 3306 1249 αὐτοῦ,
3329 1203 3348 1236 ι
3371 1183 3758 1254 ἀμαθαίνοντες

2182 1283 2444 1345 Ἰουδαῖοι,
2477 1282 2573 1335 καὶ
2622 1281 2756 1350 πρὸς
2815 1280 3050 1348 ἐσχάτην
3099 1276 3396 1346 δυσηκοῖαν
3445 1274 3538 1326 τὸν
3566 1274 3762 1324 οἰκεῖον

2182 1373 2648 1442 ἀποτραχύνοντες
2687 1369 2845 1434 νοῦν,
2885 1367 3216 1436 αὐτόκλητον
3255 1366 3359 1436 ήδη
3413 1363 3762 1432 βλεπέτωσαν

2183 1466 2302 1527 ταῖς
2360 1463 2565 1516 ἑαυτῶν
2614 1461 2874 1529 κεφαλαῖς
2929 1457 3327 1518 ἐπαντλοῦντες
3377 1454 3470 1506 τὸν
3520 1452 3756 1521 δλεθρον.

2189 1557 2441 1609 Ἔσονται
2477 1554 2584 1623 γὰρ
2625 1552 2728 1605 ὐπὸ
2763 1551 2912 1604 θείαν
2945 1547 3136 1620 ὀργὴν,
3163 1545 3367 1614 ὀψώνια
3396 1546 3494 1613 τῆς
3523 1544 3603 1605 εἰς
3629 1542 3759 1612 Χρι-

2188 1648 2312 1702 στὸν
2345 1646 2628 1717 παροινίας
2653 1644 2714 1697 τὸ
2748 1645 2803 1696 ἐν
2853 1641 3131 1711 ὁλοκλήρῳ
3184 1637 3292 1692 τῶν
3343 1633 3562 1703 ἀγαθῶν
3597 1633 3765 1702 ζημίᾳ

2187 1738 2440 1806 γενέσθαι
2489 1734 2890 1806 λαμϐάνοντες·
2925 1750 2942 1782 ι
2989 1732 3050 1783 Εἰ
3091 1729 3199 1799 γὰρ
3230 1727 3516 1780 ἐπίστευον
3570 1725 3761 1792 Μωσῇ,

2124 1808 2161 1862 Β
2190 1827 2471 1880 ἐπίστευον
2515 1826 2580 1878 ἂν
2621 1822 2698 1892 τῷ
2730 1818 2981 1891 Χριστῷ·
3018 1817 3148 1888 περὶ
3197 1816 3306 1884 γὰρ
3359 1812 3523 1866 αὐτοῦ
3564 1812 3765 1874 ἐκεῖνος

2191 1918 2449 1989 ἔγραψεν.
2498 1936 2517 1969 ι

2262 2013 2334 2064 Εἰ
2381 2008 2448 2061 δὲ
2491 2007 2614 2075 τοῖς
2646 2007 2880 2060 ἐκείνου
2911 2002 3253 2071 γράμμασιν
3293 1999 3365 2052 οὐ
3415 1995 3728 2049 πιστεύετε
3751 2033 3766 2060 ,

2193 2102 2320 2168 πῶς
2355 2103 2480 2167 τοῖς
2529 2100 2694 2170 ἐμοῖς
2722 2096 2950 2166 ῥήμασι
2981 2094 3374 2156 πιστεύσετε;

2263 2193 2472 2264 Πολλὴν
2490 2191 2554 2246 ἄν
2570 2208 2649 2261 τῳ
2667 2190 2760 2242 καὶ
2778 2188 2898 2240 λίαν
2920 2186 3144 2247 εἰκότως
3161 2185 3188 2237 ό
3205 2183 3360 2251 λόγος
3384 2180 3529 2252 ἔχειν
3555 2176 3770 2252 [δόξειε]

2194 2286 2292 2358 τὴν
2339 2284 2628 2353 ἀσάφειαν.
2663 2282 2960 2351 Οἰχήσεται
2991 2276 3099 2348 γὰρ
3124 2276 3219 2330 καὶ
3263 2275 3366 2328 οὐκ
3397 2273 3513 2328 ἀπὸ
3545 2269 3772 2334 σκοποῦ,

2198 2377 2336 2449 πρὸς
2359 2375 2610 2437 ὑπονοίας
2642 2373 2742 2426 οὐκ
2761 2370 3002 2441 ἀληθεῖς,
3021 2366 3377 2438 ὑπερκεῖσθαι
3407 2363 3506 2428 τὰς
3537 2362 3777 2419 Μωσέως

2201 2466 2522 2540 συγγραφὰς
2539 2465 2648 2520 τῶν
2661 2463 2755 2517 τοῦ
2770 2461 3018 2533 Σωτῆρος
3036 2460 3295 2531 ῥημάτων
3313 2455 3776 2524 ὐπολαϐών.¹Ἐχει

2199 2563 2308 2633 γάρ
2349 2576 2470 2614 τινα
2520 2557 2760 2611 τοιοῦτον
2793 2556 2821 2608 ὁ
2871 2554 3026 2622 λόγος
3083 2551 3174 2605 τὸν
3230 2548 3611 2622 σχηματισμὸν
3637 2587 3652 2612 ,
3683 2545 3778 2597 καὶ

2200 2655 2321 2708 ὅσον
2359 2652 2505 2704 ἐστιν
2548 2650 2647 2703 οὐκ
2677 2647 2735 2712 ἐξ
2779 2646 3041 2719 ἀκριϐοῦς
3076 2643 3304 2715 θεωρίας
3329 2642 3546 2703 ἑλόντας
3583 2640 3778 2702 εἰπεῖν,

2203 2740 2632 2811 ἀξιολογωτέραν
2663 2737 2770 2793 τῶν
2797 2735 2892 2790 τοῦ
2941 2735 3191 2806 Σωτῆρος
3233 2733 3495 2804 ῥημάτων
3519 2732 3631 2792 τοῖς
3653 2731 3779 2783 Μω-

2205 2836 2414 2897 σαῖκοῖς
2447 2830 2876 2902 συγγράμμασιν
2911 2825 3190 2898 ἐκπορίζει
3226 2827 3326 2895 τὴν
3360 2823 3650 2893 ὑπόληψιν.
3684 2821 3782 2874 Διά

2205 2924 2312 2996 γὰρ
2337 2923 2427 2976 τοῦ
2457 2923 2636 2990 λέγειν
2663 2937 2677 2952 ’
2715 2939 2733 2972 ‹
2777 2921 2840 2972 Εἰ
2882 2919 2940 2972 δὲ
2963 2919 3076 2980 τοῖς
3117 2915 3327 2970 ἐκείνου
3375 2915 3696 2985 γράμμασιν
3723 2912 3783 2965 οὐ

2209 3015 2518 3080 πιστεύετε,
2550 3013 2666 3076 πῶς
2717 3013 2831 3074 τοῖς
2878 3012 3030 3081 ἐμοῖς
3090 3010 3330 3081 ῥήμασιν
3368 3006 3726 3070 πιστεύσετε;
3762 3022 3781 3054 ι

2136 3131 2178 3188 C
2209 3107 2269 3160 τὺ
2299 3109 2355 3159 ἐν
2378 3105 2624 3177 ἀμείνοσι
2645 3103 2858 3157 κεῖσθαι
2876 3102 2975 3164 τὰς
2996 3100 3206 3154 ἐκείνου
3229 3097 3549 3170 συγγραφὰς
3569 3097 3602 3168 ἢ
3626 3098 3685 3151 ἐν
3709 3090 3788 3158 οἷς
3857 3155 3861 3158 _

2211 3198 2278 3251 ἂν
2312 3191 2421 3250 εἷεν
2467 3196 2517 3249 οἰ
2569 3194 2699 3266 παρ’
2738 3192 2902 3248 αὐτοῦ
2949 3193 3121 3261 λόγοι,
3151 3191 3336 3245 δίδωσί
3390 3207 3508 3254 πως
3567 3191 3785 3243 ἐννοεῖν.

2223 3289 2361 3342 Ἀλλ’
2420 3287 2556 3359 αὐτὴ
2609 3286 2703 3340 τοῦ
2761 3286 3086 3358 πράγματος
3131 3286 3164 3356 ἡ
3205 3283 3364 3353 φύσις
3407 3283 3506 3352 τῆς
3555 3283 3789 3352 ἐσχάτης

2211 3381 2461 3452 εὐηθείας
2507 3379 2788 3433 ἀνάπλεων
2843 3375 2940 3448 τὴν
2989 3375 3160 3438 οὕτως
3214 3373 3475 3428 ἀπίθανον
3535 3372 3791 3436 ἐπιδείξει

2210 3475 2468 3529 διάνοιαν.
2494 3473 2616 3534 Πῶς
2646 3470 2756 3541 γὰρ
2787 3468 2852 3523 ἂν
2886 3471 3058 3523 νοοῖτο
3095 3469 3164 3522 τά
3213 3467 3456 3529 Μωσέως
3487 3465 3790 3536 γράμματα

2212 3565 2320 3618 τῶν
2349 3562 2443 3618 τοῦ
2483 3562 2734 3633 Σωτῆρος
2792 3560 3140 3628 διενεγκόντα
3173 3557 3601 3629 ῥημάτων,ὂπου
3633 3555 3791 3606 τύποι

2218 3656 2316 3727 μὲν
2340 3651 2480 3725 ἦσαν
2502 3653 2569 3707 τὰ
2597 3653 2664 3706 δι’
2691 3652 2900 3706 ἐκείνου
2926 3650 3020 3702 καί
3053 3649 3228 3712 σκιαὶ,
3263 3647 3495 3718 ἀλήθεια
3516 3647 3572 3698 δέ
3605 3645 3675 3698 τὰ
3702 3644 3792 3697 διὰ

2216 3743 2452 3816 Χριστοῦ
2487 3762 2501 3810 ;
2537 3744 2644 3796 Καὶ
2689 3742 2897 3813 μακρὸν
2933 3740 3031 3810 μὲν
3061 3736 3129 3809 ἦν
3171 3739 3300 3802 ἴσως
3329 3737 3390 3788 οὐ
3439 3735 3674 3807 χαλεπὸν
3701 3733 3795 3785 ἐπὶ

2217 3835 2390 3905 τούτῳ
2419 3833 2729 3903 δαπανῆσαι
2765 3831 2924 3898 λόγον
2947 3845 2958 3858 ·
2986 3828 3055 3880 τὰ
3086 3828 3144 3881 δὲ
3190 3821 3310 3880 λίαν
3343 3826 3570 3898 ἐναργῆ,
3613 3824 3704 3877 καὶ
3732 3821 3793 3874 οὐ

2219 3927 2472 4000 θύραθεν,
2503 3925 2616 3980 ἀλλ’
2653 3924 2712 3990 ἐξ
2759 3920 2984 3984 ἑαυτῶν,
3017 3919 3114 3971 οὐκ
3160 3918 3356 3982 ἔξωθεν
3384 3919 3508 3980 τούς
3542 3915 3795 3982 ἐλέγχους

2219 4019 2581 4090 λαμϐάνοντα,
2618 4014 2867 4087 περιττὸν
2897 4009 3047 4082 οἶμαι
3093 4009 3291 4078 λέγειν,
3327 4009 3404 4072 ὡς
3443 4008 3542 4060 οὐκ
3576 4005 3642 4059 ἂν
3683 4005 3795 4074 ἐχοι

2223 4113 2429 4176 κακῶς,
2457 4111 2490 4181 ἢ
2526 4108 2725 4171 καλῶς.
2758 4105 2823 4159 Τί
2855 4104 2963 4174 γὰρ
3010 4103 3076 4157 ἄν
3121 4119 3206 4164 τις
3237 4103 3346 4164 τοῖς
3375 4098 3634 4161 τοιούτοις
3677 4098 3796 4147 ἐπι-

2222 4202 2498 4274 διατρίψαι
2549 4195 2926 4266 λεπτομυθῶν,
2959 4194 3052 4246 καὶ
3103 4192 3170 4246 τὰ
3203 4189 3514 4261 μηδαμόθεν
3557 4184 3795 4254 δυσχερῆ

2226 4292 2711 4365 κατακερματίζων
2731 4291 2807 4352 εἰς
2826 4289 2926 4341 οὐκ
2948 4285 3236 4355 εὐκαίρους
3265 4282 3587 4348 πολυλογίας
3608 4298 3622 4344 ;
3646 4281 3798 4350 Ἔχει

552 4393 752 4456 beatis,
789 4398 843 4445 et
880 4391 934 4442 in
970 4387 1092 4457 ejus
1125 4384 1350 4454 scriptis
1391 4379 1613 4436 assidue
1665 4375 1983 4436 vet-semini,
2025 4387 2108 4442 prc

2225 4389 2402 4444 τοίνυν
2429 4387 2490 4439 τὸ
2535 4385 2624 4437 διὰ
2650 4381 2744 4435 τοῦ
2783 4380 3030 4451 Σωτῆρος
3081 4377 3368 4446 λεγόμενον
3411 4374 3650 4427 τοιοῦτόν
3682 4390 3800 4426 τινα

553 4455 746 4542 nihilo
773 4491 955 4538 tamen
1004 4455 1210 4533 ducitis
1241 4489 1304 4530 ea
1346 4471 1720 4544 prmtergredi,
1757 4468 1962 4538 ingenti
1994 4466 2108 4519 obli

2228 4480 2371 4536 νοῦν·
2414 4480 2476 4532 Εἰ
2505 4477 2687 4547 νόμον,
2719 4473 2870 4544 φησὶ,
2895 4473 2983 4526 τὸν
3029 4469 3116 4524 διὰ
3159 4468 3402 4529 Μωσέως
3453 4465 3667 4536 ἔχοντες
3712 4481 3802 4532 γε·

553 4578 716 4632 vione
773 4578 1082 4642 mergentes
1123 4566 1271 4638 quod
1324 4580 1468 4636 saepe
1527 4563 1739 4634 legistis
1786 4580 1798 4615 :
1847 4557 2128 4628 quomodo

553 4684 684 4740 erga
719 4680 873 4730 meos
918 4674 1201 4718 sermones
1254 4659 1526 4728 aequiores
1584 4655 1824 4716 fueritis,
1865 4661 1959 4706 aut
1995 4664 2129 4719 quo-

557 4759 722 4813 modo
753 4754 1124 4825 promptiores
1167 4757 1220 4806 et
1260 4749 1559 4804 alacriores
1589 4745 1654 4800 ad
1685 4760 1747 4800 ea
1777 4741 2128 4812 suscipienda

559 4864 681 4919 quae
708 4848 831 4902 dico
858 4860 955 4900 vos
987 4843 1353 4914 prrebucritis,
1379 4840 1474 4912 qui
1513 4854 1622 4895 non
1671 4851 1814 4906 saepe
1849 4850 1954 4890 nec
1983 4849 2130 4890 sem-

560 4956 657 5013 per
707 4936 991 5000 assidetis,
1035 4937 1131 4992 sed
1161 4936 1311 4991 velut
1342 4935 1397 4987 in
1432 4941 1760 4988 transcursu
1801 4945 1865 4986 ea
1901 4929 2129 4990 auditis,

561 5039 616 5087 et
658 5029 748 5085 vix
802 5027 973 5082 semel
1025 5026 1080 5079 in
1127 5039 1292 5078 aures
1347 5024 1598 5092 corporis
1654 5019 2134 5075 admisistis?Aut

561 5123 708 5178 enim
741 5118 847 5173 hoc
867 5114 1032 5171 modo
1054 5129 1117 5170 ea
1155 5113 1451 5181 intelliges,
1477 5119 1570 5164 aut
1597 5117 1744 5164 certe
1779 5109 1958 5175 (utilis
1986 5107 2133 5161 enim

563 5230 626 5269 ac
668 5214 808 5268 bona
844 5215 930 5263 est
957 5207 1012 5261 iii
1048 5207 1135 5262 his
1167 5203 1486 5272 curiositas)
1519 5201 1726 5269 scripta
1775 5199 2016 5254 Mosaica
2052 5199 2136 5252 di-

564 5324 656 5364 ces
700 5300 1099 5358 institutionem
1157 5293 1476 5365 quamdam,
1519 5298 1575 5348 et
1614 5290 1847 5362 typicam
1901 5289 2131 5346 formam

563 5396 766 5454 Christi
824 5388 1217 5463 mysteriorum
1267 5385 1572 5448 continere,
1624 5391 1678 5438 et
1726 5397 1849 5452 quae
1897 5382 1952 5436 in
1998 5381 2134 5452 ipsis

565 5489 962 5544 adumbrantur
989 5482 1259 5538 elementa
1293 5478 1462 5534 veluti
1499 5477 1748 5550 quaedam
1783 5492 1905 5532 esse
1939 5478 2129 5544 cogni-

567 5583 732 5636 tionis
748 5579 893 5647 ejus,
926 5576 994 5632 de
1021 5574 1226 5647 quibus
1261 5579 1419 5628 antea
1449 5570 1719 5642 prolixius
1755 5569 2018 5624 diximus.
2045 5567 2134 5622 Fi-

642 5757 684 5788 “
729 5757 879 5810 Deut.
915 5770 968 5821 ν,
1005 5755 1094 5809 16.

2231 4570 2568 4644 γραμμένον,
2600 4566 2713 4620 ἄνω
2740 4581 2797 4618 τε
2826 4563 2921 4616 καὶ
2953 4561 3102 4614 κάτω
3135 4559 3202 4612 τά
3235 4556 3440 4611 ἐκείνου
3477 4555 3800 4626 μελετῶντες

2232 4664 2534 4735 γράμματα
2567 4660 2694 4729 παρ’
2715 4656 2866 4710 οὐδὲν
2899 4654 3135 4706 ποιεῖσθε
3168 4651 3266 4721 τὴν
3295 4650 3382 4702 ἐπ’
3418 4648 3601 4710 αὐτοῖς
3629 4645 3805 4717 παρά-

2233 4755 2389 4808 ϐασιν
2416 4795 2430 4818 ,
2461 4751 2674 4820 ἐκτόπῳ
2721 4748 2858 4820 λήθῃ
2903 4745 3252 4816 βαπτίζοντες
3296 4740 3358 4793 τὸ
3408 4737 3667 4800 πολλάκις
3711 4737 3805 4790 ἀνι

2235 4841 2596 4915 εγνωσμένον,
2629 4839 2744 4902 πῶς
2784 4839 2848 4891 ἂν
2891 4835 3134 4906 γένοισθε
3173 4833 3299 4902 περὶ
3341 4831 3469 4891 τούς
3503 4829 3670 4897 ἐμοὺς
3713 4826 3804 4878 εὐ-

2236 4910 2660 5004 γνωμονέστεροι
2705 4926 2895 4994 λόγους
2920 4923 2998 4993 ,ἢ
3059 4921 3175 4984 πῶς
3210 4919 3276 4974 ἂν
3325 4915 3661 4986 ἐτοιμότεροι
3716 4910 3807 4963 καὶ

2235 4999 2639 5088 εὐπειθέστεροι
2669 5017 2804 5086 πρὸς
2835 5013 2933 5077 τάς
2968 5011 3108 5082 ἐμὰς
3139 5005 3497 5076 ἀναφανεῖσθε
3527 4999 3804 5071 φωνὰς,οὐ

2237 5115 2494 5176 πολλάκις
2519 5109 2641 5164 οὐδὲ
2683 5109 2769 5162 ἀεὶ
2793 5103 3263 5176 προσεδρεύοντες,
3306 5097 3420 5152 ἀλλ’
3451 5098 3525 5158 ὡς
3551 5097 3614 5147 ἐκ
3637 5109 3807 5163 παρε-

2236 5206 2442 5279 δρομῆς
2473 5201 2814 5273 ἀκροώμενοι
2841 5236 2856 5261 ,
2883 5196 2978 5248 καὶ
3023 5195 3182 5263 μόνον
3227 5188 3375 5256 ἅπαξ
3427 5185 3538 5239 ἔσθ’
3565 5186 3654 5238 ὅτε
3693 5183 3806 5241 ταῖς

2238 5272 2614 5366 τοῦσώματος
2651 5292 2839 5352 ἀκοαῖς
2885 5285 3298 5349 εἰσοικίζοντες;
3328 5281 3399 5332 Ἦ
3441 5277 3548 5345 γὰρ
3583 5276 3717 5327 κατὰ
3749 5272 3809 5322 τδ

2244 5390 2430 5459 σχῆμα
2480 5383 2596 5437 τόδε
2641 5384 2754 5445 τοῖς
2789 5377 3094 5450 εἰρημένοις
3129 5370 3473 5445 προσϐαλεῖς,
3523 5367 3557 5436 ἢ
3614 5366 3808 5434 ἑτέρως

2243 5457 2586 5546 ἐπαθλὴσεις·
2618 5467 3002 5544 χρηστομαθὴς
3028 5466 3135 5536 γὰρ
3154 5465 3271 5517 λίαν
3291 5463 3324 5530 ἡ
3353 5463 3411 5513 ἐν
3432 5457 3642 5517 τούτοις
3665 5469 3814 5519 περι-

2246 5569 2402 5640 εργία
2427 5545 2516 5622 καὶ
2535 5565 2758 5636 ζήτησις
2779 5579 2789 5592 '
2815 5557 3009 5614 οὐκοῦν
3029 5557 3096 5611 τὰ
3133 5556 3229 5627 μὲν
3256 5551 3497 5615 Μωσέως
3513 5545 3811 5618 γράμματα
