4078 6262
306 325 406 383 635

1329 327 1396 383 ΙΝ
1429 326 1718 385 JOANNIS
1751 329 2201 386 EVANGELIUM
2238 330 2365 386 LIB.
2407 330 2464 385 ll.

3468 334 3570 394 454

300 446 684 518 παιδαγωγίαν
730 447 849 502 τινὰ
870 489 887 513 ,
918 447 1011 502 καί
1044 447 1133 501 τὸν
1178 446 1266 503 διὰ
1296 448 1469 535 τύπου
1511 451 1889 523 σχηματισμὸν

1993 452 2081 508 nis
2105 459 2292 507 autem
2317 451 2682 507 institutionis
2704 450 2900 521 legalis
2919 449 3198 517 Christus,
3218 462 3277 506 ut
3300 453 3567 522 scriptum

301 540 411 594 τῶν
445 540 540 594 ἐπὶ
565 539 786 611 Χριστῷ
817 539 1130 612 μυστηρίων
1156 541 1420 612 εἰσφέρει,
1446 543 1534 596 καὶ
1557 543 1721 596 οἱονεὶ
1741 559 1885 598 στοι-

301 631 428 702 χεῖά
468 647 593 686 τινα
622 631 723 703 τῆς
768 633 896 702 περὶ
938 631 1103 687 αὐτοῦ
1148 632 1436 701 γνώσεως,
1464 633 1533 688 τά
1581 635 1640 688 ὲν
1690 636 1883 707 ἐκείνῳ

305 722 813 795 σκιαγραφούμενα,
847 722 884 776 ἃ
930 724 1024 776 καί⁸
1067 722 1158 777 διὰ
1199 723 1308 777 τῶν
1331 723 1436 794 ήδη
1472 722 1882 795 προεξητασμέ-

305 830 413 867 νων
452 812 782 885 πλατύτερον
825 812 1205 885 ὑπεδείξαμεν.
1251 814 1416 878 Τέλος
1452 814 1511 869 δὲ
1551 813 1884 879 παιδεύσεως

307 905 535 976 νομικῆς
560 907 589 959 ὁ
627 904 880 976 Χριστὸς,
912 906 1055 959 κατά
1084 905 1146 959 τὸ
1170 904 1578 977 γεγραμμένον,
1611 905 1888 979 πλήρωμα

305 995 469 1064 νόμου
502 995 594 1048 καὶ
638 995 932 1067 προφητῶν
963 998 992 1049 ὀ
1019 995 1273 1066 Χριστός.
1302 997 1365 1050 Οἰ
1403 992 1601 1060 τοίνυν,
1634 994 1789 1067 φησὶ,
1820 995 1889 1049 τά

305 1087 541 1156 στοιχεῖα
568 1088 667 1158 τῆς
704 1086 878 1158 ἀρχῆς
911 1087 1020 1141 τῶν
1049 1086 1224 1156 λόγων
1246 1085 1341 1140 τοῦ
1364 1086 1503 1140 Θεοῦ
1528 1087 1605 1157 μὴ
1645 1088 1887 1159 παραδε-

305 1181 558 1252 ξάμενοι,
625 1183 720 1236 καί⁸
761 1183 854 1237 τὸν
903 1181 969 1236 δι’
1002 1182 1409 1254 ἐμφανεστέραν
1487 1181 1583 1236 τοῦ
1630 1182 1953 1254 γράμματος

1989 553 2074 599 est
2098 543 2240 609 ⁸¹·⁹³,
2270 543 2555 613 plenitudo
2603 544 2738 614 legis
2777 551 2831 599 et
2862 543 3253 613 prophetarum
3286 543 3565 598 Christus.

1989 631 2093 699 Qui
2123 646 2277 704 ergo,
2308 634 2510 703 inquit,
2533 634 2802 688 elementa
2831 633 2973 687 initii
2998 647 3316 689 sermonum
3340 630 3435 687 Dei
3457 648 3568 686 non

1993 724 2326 796 suscipiunt,
2358 732 2413 781 et
2447 725 2619 795 legem
2656 738 2752 794 per
2790 723 3028 779 litteram
3064 725 3225 795 quasi
3263 737 3432 777 mauu
3463 721 3568 777 du-

1989 824 2204 874 centem
2251 816 2420 872 stulte
2467 815 2761 886 repellunt,
2792 829 2904 886 quo
2969 825 3131 886 pacto
3181 815 3403 870 demum
3450 828 3570 884 per-

1989 906 2273 964 fectiorem
2316 907 2686 978 cognitionem
2713 906 3117 977 assequentur?
3161 912 3257 961 aut
3291 904 3568 976 quomodo

1989 999 2044 1053 id
2085 998 2232 1070 quod
2279 998 2458 1069 majus
2512 1005 2599 1055 est
2649 999 2893 1070 capient,
2925 999 3018 1070 qui
3049 998 3195 1070 quod
3225 1012 3458 1068 parvum
3504 1011 3569 1049 ac

1993 1090 2224 1146 inferius
2252 1098 2338 1147 est
2369 1106 2479 1146 non
2511 1090 2781 1161 capiunt?

1990 1183 2429 1256 χειραγωγοῦντα
2485 1186 2647 1258 νόμον
2698 1187 2820 1251 ταῖς
2879 1184 3141 1259 εὔηθεᾶιις
3186 1184 3567 1255 ἐξωθούμενοι,

305 1273 423 1337 πῶς
453 1273 521 1327 ἂν
561 1272 641 1326 ἔτι
678 1272 775 1343 τῆς
806 1271 1144 1343 τελειοτέρας
1182 1272 1456 1341 ὲφίκοιντο
1486 1271 1773 1341 γνὼσεως;
1813 1274 1882 1327 Ἢ
1923 1276 2039 1341 πῶς
2063 1275 2129 1330 ἀν
2156 1278 2341 1342 αὐτοῖς
2396 1277 2804 1349 εὐπαράδεκτον-
2853 1275 2934 1332 ἔτι
2973 1278 3190 1350 μεῖζον,
3230 1277 3569 1349 χωρηθέντος

309 1362 558 1433 οὐδαμῶς
585 1352 680 1414 τοῦ
717 1361 916 1433 μικροῦ
950 1379 1009 1414 τε
1038 1363 1132 1416 καὶ
1161 1361 1564 1434 ὑποϐεϐηκότος
1588 1380 1604 1429 ;

912 1451 1170 1507 ΚΕΦΑΛ.
1203 1456 1276 1531 A'.

310 1546 439 1599 Ὀτι
490 1540 789 1614 πολλάκις
826 1545 888 1598 αἰ
925 1544 1180 1613 Χριστοῦ
1221 1546 1579 1614 μεταϐάσεις
1604 1546 1723 1601 ἀπὸ
1779 1546 1889 1614 τῆς

385 1612 804 1686 τιερουσξαλὴμ,
862 1612 1493 1686 τιὸ-μετατεθήσεσραι
1550 1616 1666 1683 τὴν
1715 1612 1892 1686 χάριν

374 1678 474 1736 ὲπί
501 1682 578 1755 τὰ
600 1678 756 1755 ξθνῇ
776 1678 1099 1755 δηλοῆὸνιν.
1143 1678 1437 1755 Ἔνάῠτῷ
1469 1686 1535 1739 δὲ
1568 1678 1666 1740 add
1707 1678 1891 1755 ,ἷόξαος

383 1751 519 1819 περι
561 1749 684 1804 τῶν
731 1749 910 1822 πέντε
940 1750 1136 1821 ἄρτων
1161 1754 1280 1808 τῶν
1323 1749 1601 1822 κριθίνων
1645 1755 1742 1809 καὶ
1773 1749 1893 1813 {ibi

381 1822 612 1877 δώδεκα
642 1820 929 1889 ὀψαρίων.

2628 1455 2785 1512 CAP.
2804 1530 2810 1537 γ
2836 1455 2929 1512 1v.

1994 1547 2149 1627 Quod
2192 1547 2500 1627 plerumque
2541 1545 2744 1627 Christi
2770 1547 3115 1627 migratione:
3144 1564 3213 1627 ea:
3268 1548 3568 1627 Jerusalem

2064 1618 2360 1687 signiﬁcent
2408 1616 2730 1699 translatum
2762 1618 2832 1696 iri
2852 1616 2859 1617 7
2881 1619 3111 1699 gratiam
3138 1620 3192 1672 in
3223 1629 3422 1699 gemes.
3468 1620 3562 1699 U_ln'

2065 1687 2934 1823 sfrgtotyuoquep'est.dfrguinque
2963 1687 3187 1756 panibus
3237 1689 3564 1756 hordeaceis,

2064 1772 2091 1810 ε
2185 1773 2250 1811 uo
2291 1772 2423 1810 ectm
2493 1772 2618 1810 mu:
2682 1772 2746 1808 ι.

382 1911 491 1966 Kal
516 1911 666 1980 μετὰ
683 1883 880 1967 ταῦτα
916 1913 1190 1981 ἀπῆλθεν
1214 1916 1247 1968 d
1288 1915 1520 1983 Ἰησοῦς
1571 1915 1760 1984 πέραν
1781 1914 1890 1985 τῆς

2065 1910 2153 1977 Vl,
2192 1914 2241 1968 l.
2273 1910 2341 1965 Et
2379 1920 2497 1980 post
2541 1910 2653 1966 Ιαιό
2681 1909 2812 1965 abiit
2842 1907 3003 1966 Iesus
3047 1919 3195 1967 trans
3231 1928 3377 1969 mare
3414 1915 3566 1972 Tibe-

313 2003 633 2070 θαλάσσης
663 2003 773 2071 τῆς
805 2003 1153 2073 Τιϐεριάδος.

383 2097 606 2166 Πρῶτον
657 2098 835 2151 ἐκεῖνο
880 2099 1077 2169 χρῆναι
1134 2102 1249 2163 τοῖς
1298 2101 1670 2172 ἀκροωμένοις
1716 2103 1890 2156 εἰπεῖν

309 2187 681 2259 ὑπολαμϐάνω
710 2189 1026 2261 ἀναγκαῖον,
1060 2191 1141 2245 ὅτι
1187 2191 1287 2254 τὰς
1332 2194 1398 2245 ἐκ
1443 2192 1551 2246 τῶν
1594 2193 1891 2263 Ἱεροσολύ-

268 2279 287 2296 ‘
309 2295 428 2350 μων
460 2278 833 2350 μεταϐάσειςό
864 2282 1069 2352 Κύριος
1099 2283 1160 2336 οὑ
1196 2281 1321 2353 δίχα
1347 2282 1493 2348 τινος
1528 2284 1893 2354 ἀναγκαιοτά-

303 2386 408 2441 της
438 2369 617 2434 αἰτίας
643 2372 838 2442 ὁρᾶται
868 2373 1059 2427 ποιῶν.
1084 2374 1373 2445 Οἰκονομεῖ
1409 2374 1466 2429 δέ
1500 2392 1553 2429 τι
1586 2376 1771 2446 σχεδὸν
1805 2378 1892 2446 ἐφ’

307 2462 538 2532 ἑκάστῃ,
572 2462 666 2515 καὶ
710 2463 769 2515 ὲν
796 2464 863 2533 τῇ
900 2462 1010 2517 τῶν
1052 2463 1393 2536 πραγμάτων
1424 2464 1607 2535 φύσει,
1641 2465 1892 2538 καθάπερ

305 2553 366 2605 ὲν
393 2553 582 2607 πίνακι
610 2595 623 2616 ,
653 2554 1000 2625 καταγράφει
1053 2557 1351 2628 μυστήρια.
1396 2557 1608 2621 Ὀποῖος
1668 2558 1767 2630 μὲν
1796 2556 1890 2615 οῦν

305 2643 409 2712 τῆς
441 2645 824 2713 μεταστάσεως
851 2647 880 2699 6
911 2647 1133 2713 σκοπὸς,
1158 2648 1251 2701 καί.
1280 2647 1333 2702 τί
1358 2646 1421 2702 τὸ
1459 2649 1708 2704 ἐντεῦθεν
1755 2652 1888 2706 ὐπο-

288 2731 655 2804 -δηλούμενον,
681 2737 738 2789 ὲν
779 2735 966 2808 οἰκείῳ
1010 2737 1186 2809 καιρῷ
1228 2738 1515 2810 καταφανῆ
1548 2743 1890 2813 καταστήσο-

309 2840 431 2893 μεν,
463 2824 838 2895 ὲκδεσηκότων
864 2828 945 2890 εἰς
982 2828 1158 2899 πέρας
1203 2829 1312 2883 τῶν
1353 2833 1730 2903 προκειμένων
1760 2835 1892 2904 ἡμῖν

308 2914 637 2982 κεφαλαίων.
673 2913 924 2973 Ἐκαστα
947 2919 1057 2990 γὰρ
1102 2919 1367 2986 διελόντες
1405 2924 1543 2977 κατά
1570 2923 1766 2995 βραχὺ,
1797 2927 1893 2979 καὶ

309 3005 375 3058 τὸ
415 3007 478 3058 ὲκ
518 3006 628 3061 τῶν
674 3007 1023 3079 Γραμμάτων
1064 3010 1553 3083 ὁιερμηνεύσαντες
1597 3017 1888 3087 χρήσιμον,

307 3094 458 3149 οὕτω
491 3113 550 3149 τε
582 3098 692 3160 τοῖς
730 3098 1130 3170 ἐντευξομένοις
1178 3103 1517 3171 παραθέντες
1561 3106 1640 3169 εἰς
1683 3112 1889 3176 νόησιν,

1993 2002 2184 2059 riadis.

2063 2097 2305 2151 Primum
2329 2095 2673 2152 auditoribus
2707 2094 2842 2151 illud
2872 2092 3168 2151 dicendum
3203 2103 3359 2166 puto,
3384 2097 3566 2153 Donu-

1990 2204 2120 2243 num
2165 2185 2560 2259 Hierosolymis
2614 2200 2724 2240 non
2768 2186 2892 2243 sine
2938 2187 3088 2257 gravi
3143 2196 3199 2243 et
3254 2191 3566 2245 necessaria

1990 2271 2158 2335 causa
2206 2279 2462 2349 migrare.
2513 2275 2741 2343 Quoties
2794 2284 2976 2333 autem
3037 2278 3091 2332 id
3145 2277 3299 2345 facit,
3360 2281 3567 2351 aliquid

1991 2371 2251 2428 eximium
2307 2371 2419 2428 fere
2468 2371 2712 2436 molitur,
2756 2377 2811 2425 et
2873 2370 2930 2424 in
2970 2384 3155 2426 rerum
3197 2378 3395 2426 natura
3443 2379 3568 2426 tan-

1992 2476 2155 2533 quam
2208 2461 2263 2516 in
2316 2460 2498 2516 tabula
2553 2462 2810 2532 mysteria
2861 2460 3122 2533 depingit.
3164 2460 3413 2528 Quonam
3472 2465 3572 2535 igi-

1994 2563 2082 2609 tur
2122 2561 2331 2625 spectet
2381 2554 2658 2624 migratio,
2702 2561 2757 2609 et
2793 2553 2925 2623 quid
2971 2553 3063 2608 illa
3116 2554 3411 2626 signiticet,
3465 2572 3568 2611 suo

1992 2644 2155 2717 239
2178 2654 2427 2716 tempore
2444 2644 2789 2724 docebimus,
2823 2657 2949 2699 cum
2982 2644 3049 2699 ad
3080 2645 3293 2700 calcem
3324 2647 3567 2716 capitqu

1990 2736 2426 2807 pervenerimus.
2457 2735 2705 2806 Singulis
2728 2736 2874 2790 enim
2899 2736 3130 2805 divisis,
3162 2748 3218 2793 et
3255 2736 3568 2810 Scriptura-

1990 2842 2111 2882 rum
2138 2826 2378 2882 utilitate
2408 2826 2683 2897 exposita,
2714 2835 2880 2896 atque
2904 2826 3008 2881 hoc
3030 2835 3190 2897 pacto
3218 2828 3569 2884 auditoribus

1992 2918 2058 2974 ad
2081 2916 2501 2989 intelligendum
2516 2918 2822 2988 proposita,
2837 2927 3139 2973 extremam
3161 2920 3328 2974 totius
3344 2921 3421 2973 rei
3445 2935 3572 2973 cou-

1993 3008 2406 3078 templationem
2457 3007 2774 3073 all‘eremus,
2817 3023 2941 3078 quae
2980 3009 3134 3062 varie
3181 3017 3415 3063 tractata
3450 3009 3569 3065 fue-

1993 3101 2104 3154 rint
2135 3101 2448 3156 summatim
2478 3100 2805 3155 dividentes.
2826 3099 2984 3166 Quod
3008 3107 3193 3155 autem
3222 3100 3280 3155 in
3312 3101 3569 3155 manibus

301 3184 626 3241 τελευταίαν
650 3187 943 3260 ἐποίσομεν
982 3190 1079 3262 τὴν
1124 3191 1217 3245 ἐπὶ
1243 3192 1323 3262 τῷ
1355 3195 1518 3248 παντὶ
1563 3194 1794 3266 θεωρίαν
1826 3197 1892 3250 τὰ

1994 3192 2102 3260 jam
2137 3192 2301 3249 nobis
2331 3199 2434 3257 est,
2467 3192 2703 3262 primum
2739 3192 2985 3248 omnium
3017 3191 3415 3247 declarandum
3452 3193 3571 3248 exi-

301 3275 639 3349 πολυμερῶς
689 3279 957 3350 εἰρημένα
1005 3280 1533 3354 κεφαλαιωδέστερον
1579 3286 1894 3358 ἐπιτέμνον-

296 3384 420 3431 τες.
455 3369 520 3421 Ὃ
554 3367 613 3422 δὲ
649 3367 743 3424 νῦν
771 3371 830 3424 ὲν
861 3372 1049 3442 χερσὶν
1078 3371 1337 3444 ὑπάρχει,
1372 3374 1530 3429 τοῦτο
1563 3377 1655 3430 καὶ
1678 3378 1892 3451 πρῶτον

296 3453 486 3506 εἰπεῖν
522 3454 777 3526 οἰήσομαι
809 3455 939 3513 δεῖν.
972 3476 992 3509 ι
1022 3459 1176 3513 Μετά
1216 3461 1411 3526 ταῦτα,
1440 3465 1624 3534 φησιν,
1654 3466 1892 3537 ἀπῆλθεν

295 3545 330 3594 ὁ
377 3543 584 3614 Ἰησοῦς
642 3546 816 3617 πέραν
862 3548 960 3619 τῆς
1009 3549 1285 3623 θαλάσσης
1332 3556 1432 3624 τῆς
1482 3554 1816 3625 Τιϐεριάδος.
1866 3575 1886 3608 ι

295 3635 467 3688 Μετὰ
499 3639 626 3691 ποῖα
657 3636 849 3703 ταῦτα,
882 3638 1142 3711 ζητητέον
1180 3643 1242 3696 οὐ
1288 3644 1656 3715 παρειμένως.
1707 3646 1893 3717 Παρά-

294 3725 458 3790 δοξος
489 3726 668 3782 τοίνυν
698 3728 757 3781 ὲν
794 3731 908 3794 τοῖς
945 3729 1337 3804 Ἰεροσολύμοις
1381 3733 1563 3807 ἰατρὸς
1608 3736 1889 3809 ἀνεδείχθη

296 3819 568 3889 Χριστός.
633 3821 1045 3894 Τεθεράπευκεν
1109 3824 1396 3896 ἄνθρωπον
1448 3827 1740 3896 τριάκοντα
1799 3828 1895 3899 καὶ

296 3908 456 3965 ὀκτὼ
491 3910 588 3981 ἐτη
621 3913 679 3966 ἐν
716 3916 783 3986 τῇ
822 3914 1078 3987 ἀσθενείᾳ
1118 3916 1308 3984 αὐτοῦ,
1348 3918 1411 3971 οὐ
1452 3918 1745 3989 φάρμακον
1774 3920 1896 3973 επι-

296 4006 446 4073 θεὶς,
496 4008 558 4061 οὐ
604 4009 924 4079 νοσημάτων
959 4011 1391 4083 ἀποκρουστικὸν
1438 4013 1728 4083 ἐπινοήσας
1767 4013 1893 4083 βοή-

296 4101 376 4170 θη
389 4117 483 4169 μα,
511 4099 653 4172 λόγῳ
679 4101 735 4154 δὲ
770 4103 987 4172 μᾶλλον,
1022 4104 1098 4167 ὡς
1134 4104 1285 4171 Θεὸς,
1311 4102 1531 4176 ἐξουσίᾳ
1567 4105 1893 4177 παντουργῷ

299 4191 412 4243 καὶ
441 4189 737 4259 θεοπρεπεῖ
758 4191 838 4260 τῷ
865 4191 1111 4263 νεύματι.
1152 4211 1171 4244 ι
1203 4192 1478 4264 Ἐγερθεὶς
1499 4218 1519 4245 ι
1553 4192 1681 4263 γὰρ,
1705 4193 1891 4261 φησὶν,

305 4300 326 4331 ε
361 4275 498 4348 ἆρον
523 4281 585 4332 τὸ
612 4281 864 4336 κλινίδιόν
892 4284 1111 4349 σου,καί
1133 4283 1310 4355 ὕπαγε
1335 4286 1416 4349 εἰς
1432 4285 1524 4339 τὸν
1539 4280 1686 4339 οἷκον
1712 4301 1826 4339 σου.
1869 4302 1888 4336 ι

314 4371 546 4442 Ἐπειδὴ
581 4372 640 4426 δὲ
667 4372 940 4427 Σάϐϐατον
981 4372 1072 4446 ἦν,
1120 4376 1533 4446 χαλεπαίνουσιν
1577 4377 1804 4448 ἀμαθῶς
1841 4377 1892 4429 οἰ

300 4461 415 4531 τὴν
442 4462 726 4532 παχύτητα
755 4465 1032 4529 νοσοῦντες
1063 4466 1155 4519 τοῦ
1194 4469 1515 4538 γράμματος
1556 4469 1814 4531 Ἰουδαῖοι,
1840 4469 1892 4521 οἰ

1996 3285 2180 3339 stimo.
2224 3302 2243 3335 ι
2285 3284 2414 3340 Post
2451 3284 2595 3350 haec,
2625 3283 2835 3353 inquit,
2876 3282 3012 3338 abiit
3036 3281 3198 3339 Jesus
3230 3291 3383 3339 trans
3419 3298 3572 3338 mare

1995 3374 2320 3431 Tiberiadis.
2359 3393 2378 3427 ι
2414 3374 2674 3440 Quaenam
2709 3373 2819 3430 sint
2849 3388 2914 3429 ea
2954 3372 3022 3429 de
3041 3373 3249 3444 quibus
3281 3372 3359 3426 ait
3382 3412 3396 3435 ,
3444 3380 3571 3442 post

1995 3468 2132 3528 haec.
2163 3466 2455 3538 diligenter
2484 3462 2927 3535 investigandum
2955 3473 3060 3519 est.
3091 3463 3352 3538 Christus,
3376 3462 3572 3517 Hieru-

1994 3558 2222 3630 solymis
2268 3536 2575 3613 mirabilem
2616 3555 2890 3610 medicum
2944 3570 3004 3611 se
3047 3555 3298 3626 praebuit.
3341 3536 3569 3610 Sanavit

1997 3648 2296 3712 hominem,
2325 3647 2418 3718 qui
2452 3654 2579 3701 octo
2607 3656 2660 3701 et
2689 3646 2912 3717 triginta
2950 3654 3095 3703 totos
3126 3661 3300 3702 annos
3329 3655 3566 3717 aegrota-

1994 3739 2124 3805 bat,
2157 3754 2268 3794 non
2312 3737 2561 3794 adhibito
2596 3738 2933 3809 pharmaco,
2970 3738 3122 3793 nulla
3162 3738 3390 3795 medica:
3429 3738 3568 3794 artis

1993 3846 2119 3902 ope,
2155 3830 2250 3886 sed
2283 3831 2404 3887 solo
2430 3830 2619 3895 verbo,
2649 3838 2835 3900 utpote
2861 3832 3027 3897 Deus,
3054 3831 3424 3901 omnipotenti
3455 3832 3568 3885 vir-

1996 3928 2148 3984 tute,
2185 3929 2239 3975 et
2276 3927 2410 3973 nutu
2444 3919 2552 3973 Deo
2597 3920 2947 3975 rouvcnienti
2987 3939 3002 3976 :
3054 3939 3073 3972 ι
3109 3919 3353 3991 Surgens
3383 3921 3564 3983 enim,

1995 4012 2210 4082 inquit,
2259 4012 2389 4066 tolle
2418 4011 2706 4080 grabatum
2731 4019 2885 4066 tuum
2912 4051 2927 4075 ,
2977 4021 3030 4066 et
3063 4019 3335 4067 revertere
3374 4011 3430 4064 in
3471 4012 3568 4065 do-

1996 4118 2145 4157 mum
2210 4109 2360 4156 tuam
2413 4101 2524 4155 “.r
2573 4098 2681 4155 Sed
2733 4100 2995 4172 quoniam
3055 4101 3353 4156 Sabbatum
3405 4109 3566 4164 erat,

1994 4191 2167 4249 Judaei
2198 4192 2368 4248 stulte
2415 4176 2808 4263 indignantur,
2844 4206 2971 4246 cum
3004 4190 3280 4246 crassitici
3312 4192 3568 4246 litteralis

1994 4286 2190 4341 morbo
2220 4288 2546 4351 teneantur,
2599 4289 2653 4337 et
2701 4281 3176 4336 inconsiderantia
3210 4296 3310 4337 sua
3334 4321 3349 4346 ,
3403 4283 3569 4337 vehe-

1995 4377 2236 4433 mentius
2281 4389 2446 4445 quam
2503 4382 2742 4444 aegrotus
2797 4373 2890 4427 ille
2934 4371 3128 4426 morbo
3183 4371 3564 4442 stringantur,

1994 4469 2240 4536 adeoque
2283 4465 2552 4519 bonorum
2597 4461 2843 4516 omnium
2894 4464 3126 4530 penuria
3172 4460 3444 4516 laborent.
3486 4461 3567 4515 llli

303 4553 480 4606 πλέον
529 4553 562 4625 ἢ
608 4557 815 4619 ἐκεῖνος
865 4558 986 4619 ταῖς
1042 4558 1359 4627 συντρόφοις
1412 4557 1593 4612 αὐτῶν
1646 4557 1892 4625 ἀλογίαις

2000 4567 2186 4614 mente
2235 4555 2519 4627 paralytici
2549 4594 2564 4619 ,
2606 4559 2662 4609 et
2706 4552 2956 4607 moribus
2997 4551 3296 4617 dissoluti,
3338 4551 3394 4606 ln
3429 4566 3571 4622 quos

305 4646 709 4718 συνδεδεμένοι,
759 4648 810 4701 οἰ
853 4649 1069 4703 πάντων
1110 4648 1244 4718 ὁμοῦ
1292 4650 1401 4703 τῶν
1444 4648 1665 4718 ἀγαθῶν
1691 4650 1894 4721 ἀδρανῆ

1994 4648 2131 4704 illud
2151 4651 2280 4719 jure
2313 4645 2700 4719 quadraverit:
2741 4663 2760 4696 ι
2790 4643 3220 4706 Conlortamini,
3255 4658 3451 4699 manus
3484 4659 3573 4701 re-

303 4738 594 4803 νοσοῦντες
624 4739 847 4811 ἀργίαν,
885 4742 934 4794 οἰ
983 4741 1284 4812 παράλυτοι
1330 4742 1421 4799 τὸν
1468 4741 1612 4806 νοῦν,
1662 4741 1758 4795 καὶ
1794 4740 1892 4812 τὴν

1997 4742 2183 4797 missae
2202 4781 2218 4807 ,
2251 4751 2307 4795 et
2337 4753 2513 4811 genua
2544 4736 2817 4793 dissoluta
2847 4735 2916 4790 ".
2944 4755 2962 4786 ι
3008 4735 3370 4806 lndignantur
3400 4751 3533 4791 vero
3554 4777 3568 4802 ,

306 4829 424 4894 ἕξιν
456 4829 825 4902 ἐκλελυμένοι,
853 4831 989 4903 πρὸς
1020 4831 1114 4896 οὓς
1148 4832 1215 4886 ἂν
1243 4833 1467 4899 εἰκότως
1512 4834 1603 4889 καὶ
1647 4833 1859 4903 λέγοιτο
1879 4849 1892 4864 ⁸

312 4940 333 4972 ι
381 4921 680 4992 ’1σχύσατε,
699 4926 882 4995 χεῖρες
929 4923 1233 4994 ἀνειμέναι,
1277 4925 1371 4978 καὶ
1415 4925 1617 4994 γόνατα
1653 4925 1896 4996 παραλε-

198 5094 211 5101 σ
305 5011 542 5081 λυμένα.
602 5032 623 5066 ι
675 5015 1074 5070 Χαλεπαίνουσι
1141 5015 1198 5069 δὲ
1257 5015 1356 5087 τὴν
1404 5016 1757 5089 ὀφειλομένην
1816 5015 1901 5087 τῷ

308 5102 583 5173 Σαϐϐάτῳ
630 5106 793 5176 τιμὴν
848 5108 1047 5178 χρῆναι
1090 5107 1343 5176 λέγοντες
1390 5109 1485 5161 καὶ
1544 5108 1675 5177 παρ’
1728 5106 1897 5162 αὐτοῦ

304 5193 412 5247 τοῦ
464 5193 757 5264 νομοθέτου
822 5199 1186 5265 φυλάττεσθαι
1219 5215 1235 5230 ⁸
1307 5198 1760 5263 καταδικάζουσιν
1820 5199 1895 5262 ὡς

310 5286 749 5357 παραϐαίνοντος
797 5289 891 5342 τοῦ
938 5290 1175 5361 Χριστοῦ
1201 5334 1216 5358 ,
1270 5292 1348 5356 ὼς
1395 5292 1781 5363 γεγραμμένον
1836 5292 1897 5346 οὐ

305 5378 590 5449 δεχόμενοι
608 5394 622 5408 ⁸
649 5397 667 5429 ι
706 5378 934 5450 Ἀσεϐὴς
959 5381 986 5433 ὁ
1014 5380 1185 5450 λέγων
1212 5382 1455 5452 βασιλεῖ·
1480 5384 1840 5454 Παρανομετς.
1874 5401 1890 5435 ι

1999 4832 2225 4888 Sabbati
2260 4832 2527 4886 honorem
2569 4830 2638 4883 ab
2678 4830 2797 4898 ipso
2832 4842 3055 4898 quoque
3092 4826 3414 4897 legislature
3449 4844 3570 4885 ser-

1994 4923 2235 4978 vandum
2257 4936 2382 4977 esse
2403 4920 2689 4976 dicentes:
2719 4917 3003 4973 Christum
3023 4917 3413 4987 condemnant,
3436 4937 3575 4991 qua-

1996 5013 2043 5070 si
2077 5012 2576 5083 praevaricatorem,
2602 5025 2725 5064 cum
2745 5025 2856 5065 non
2882 5009 3103 5078 capiant
3126 5009 3275 5079 quod
3305 5012 3570 5080 scriptum

1994 5112 2080 5161 est
2113 5122 2126 5159 :
2169 5121 2188 5155 ι
2216 5103 2423 5174 Impius
2451 5110 2538 5159 est
2566 5103 2660 5172 qui
2692 5101 2826 5156 dicit
2853 5100 3007 5172 regi:
3048 5099 3258 5172 injuste
3293 5103 3414 5172 agis
3446 5104 3511 5156 ³⁸,
3546 5122 3565 5153 r

1996 5196 2109 5254 Hos
2153 5196 2357 5253 acriter
2395 5194 2650 5249 Salvator
2679 5191 2959 5262 redarguit
2996 5211 3008 5246 :
3041 5192 3338 5262 multisque
3367 5192 3568 5261 proba-

1994 5289 2071 5344 vit
2103 5302 2229 5343 cum
2258 5286 2623 5342 cessationem
2650 5284 2707 5337 in
2737 5283 2977 5337 Sabbato
3010 5283 3190 5353 typice
3221 5297 3250 5333 a
3286 5282 3400 5349 Icge
3432 5295 3570 5333 cou-

2001 5382 2283 5444 stitutam,
2322 5385 2439 5432 tum
2475 5374 2674 5430 Filium
2709 5373 2948 5428 hominis
2977 5371 3258 5426 dominum
3290 5382 3415 5422 esse
3444 5367 3573 5422 Sab~

322 5470 451 5521 Ἐπὶ
481 5470 691 5535 τούτοις
730 5471 943 5543 ἔλεγχοι
989 5472 1089 5542 μὲν
1130 5469 1268 5544 ἦσαν
1326 5475 1476 5546 παρὰ
1510 5474 1605 5528 τοῦ
1647 5476 1892 5546 Σωτῆρος

2000 5472 2113 5528 bati
2141 5471 2229 5525 οτι
2283 5478 2340 5522 at
2370 5468 2574 5538 quibus
2608 5466 2757 5520 nulla
2792 5473 2912 5521 erat
2952 5475 3086 5515 cura
3129 5459 3290 5520 boni,
3337 5458 3433 5512 sed
3495 5460 3560 5514 ad

307 5561 558 5630 δριμεῖς·
583 5563 737 5631 λόγος
768 5564 823 5617 δὲ
854 5564 1231 5631 διεσκευάξετο
1262 5566 1423 5632 πολύς
1454 5584 1512 5620 τε
1542 5567 1635 5621 καὶ
1663 5567 1892 5637 μακρὸς,

395 5736 511 5776 ⁵¹-⁹³
547 5738 704 5795 llom.
748 5760 807 5811 κ,
846 5745 888 5798 ί.
969 5747 1012 5778 ⁹¹ι
1055 5746 1209 5802 Joan.
1244 5766 1294 5816 ν,
1338 5748 1390 5804 8.
1466 5752 1510 5783 *³⁵
1550 5749 1649 5805 lsa.
1688 5764 1849 5814 xxxv,
1883 5749 1892 5803 ξ

2014 5748 2058 5779 9"
2101 5743 2199 5801 Job
2229 5760 2425 5809 XXSIV,
2454 5742 2535 5795 18.

2004 5579 2221 5622 omnem
2256 5560 2514 5634 pr0pcnsi
2547 5559 2832 5621 malitiam,
2868 5556 2920 5608 in
2950 5554 3230 5607 doctorem
3260 5547 3572 5622 insurgunt,

2616 5742 2655 5772 97
2699 5739 2831 5793 Luc.
2869 5752 2939 5797 τι,
2976 5734 3027 5788 5.
