4078 6262
527 327 630 384 435

1552 323 1610 384 S.
1647 322 1925 380 CYBILLI
1964 323 2438 383 ALEXANDle
2473 329 2790 387 ARCHIEP.

3678 337 3784 393 43C

526 462 575 507 et
595 450 802 506 eaedem
843 445 965 519 ejus
1007 448 1396 503 maehinantur
1430 445 1524 517 qui
1557 447 1882 518 sapientiam
1915 445 1984 501 iis
2017 445 2099 499 in-

2207 449 2290 507 δτι
2327 453 2576 516 τυπικῶς
2598 455 2712 517 τοῖς
2739 454 3116 526 ἀρχαιοτέροις
3160 456 3195 526 ἡ
3237 455 3376 509 κατά
3411 455 3472 510 τὸ
3511 457 3786 513 Σάδδατον

529 542 756 598 fundere
797 541 1054 606 volebat,
1100 541 1242 596 mala
1274 540 1324 596 ei
1365 554 1463 610 pro
1498 538 1658 595 bonis
1683 581 1696 602 ,
1734 548 1793 594 ut
1820 538 2092 608 scriptum

526 641 614 689 est
639 632 690 666 "
717 670 734 697 ,
782 633 1175 687 retribuentes.
1231 630 1528 701 Postquam
1565 630 1738 699 igitur
1783 629 1899 683 haec
1931 628 2000 682 ab
2033 641 2101 682 eo

527 725 671 780 facta
703 733 833 781 sunt
867 738 934 779 ac
966 725 1132 790 dicta,
1173 723 1408 779 discedit
1442 721 1836 793 Hierosolymis
1865 720 2010 775 velut
2034 733 2100 773 ex

526 817 860 874 necessitate
884 816 1122 886 quadam
1155 815 1419 870 Dominus
1445 850 1461 878 ,
1497 826 1732 882 cumque
1759 825 1931 881 prape
1954 813 2104 864 esset

526 907 738 964 Pascha
779 905 1125 970 Judaeorum,
1171 912 1232 961 ut
1273 905 1328 960 in
1377 903 1737 975 sequentibus
1785 900 1948 971 paulo
1977 904 2103 969 post

515 998 866 1067 reperiemus
891 1037 907 1063 ,
960 999 1137 1068 ipsum
1170 1011 1322 1052 mare
1352 995 1665 1052 Tiberiadis
1704 992 1949 1063 trajecit,
1985 989 2103 1046 sive

528 1091 781 1162 paludem
805 1091 879 1145 ita
907 1090 1106 1144 dictam
1135 1089 1188 1143 in
1219 1089 1444 1160 regione
1463 1087 1800 1142 Iudaeorum.
1826 1084 2098 1150 Quoniam

527 1197 657 1237 vero
687 1195 812 1236 mox
841 1180 1080 1236 diximus
1107 1177 1367 1249 quidnam
1397 1191 1522 1232 eum
1553 1176 1902 1247 potissimum
1932 1173 2103 1243 impu-

527 1272 618 1338 lit,
673 1279 730 1328 et
773 1271 1033 1328 recedere
1062 1269 1242 1341 coegit
1272 1268 1326 1323 in
1355 1269 1462 1323 alia
1493 1269 1610 1324 loca
1636 1307 1654 1336 ,
1705 1267 1872 1336 27o
1924 1279 2102 1334 eaque

526 1351 679 1417 tanto
710 1363 889 1432 spatio
922 1359 1325 1432 Hierosolymis
1360 1359 1623 1414 distantia
1645 1398 1660 1424 ,
1701 1357 1837 1411 illud
1865 1371 1989 1412 esse
2019 1356 2099 1410 ni-

526 1455 748 1517 mirum,
780 1453 927 1524 quod
957 1467 1129 1523 prope
1156 1462 1304 1507 esset
1326 1449 1534 1506 Pascha
1555 1447 1890 1510 Iudaeorum,
1915 1457 2101 1503 osten-

523 1545 760 1598 dendum
806 1543 1053 1598 arbitror
1093 1540 1282 1598 Jesum
1325 1548 1481 1597 recte
1519 1540 1712 1610 utique
1757 1553 1826 1595 eo
1855 1547 2102 1608 tempore

527 1635 924 1708 Hierosolymis
960 1634 1193 1706 reperiri
1228 1633 1497 1688 noluisse.
1538 1631 1710 1701 Igitur
1735 1632 1822 1687 lex
1857 1628 2100 1684 Mosaica

522 1727 744 1784 .Iudazos
769 1743 835 1782 ex
870 1727 1020 1782 omni
1060 1725 1494 1794 circumquaque
1526 1723 1752 1795 regione
1785 1719 2095 1790 Hierosoly-

525 1833 670 1872 mam
715 1815 995 1888 proticisci
1029 1814 1289 1885 iubebat,
1328 1824 1392 1868 ut
1425 1813 1503 1869 ibi
1545 1815 1788 1886 typieum
1825 1810 2100 1880 Scenope-

525 1906 628 1977 giae
676 1907 874 1964 festum
919 1913 1268 1977 peragerent.
1301 1905 1369 1959 Et
1395 1903 1615 1975 quidem
1655 1903 1784 1959 hinc
1830 1901 2100 1973 spiritalis

527 1997 690 2053 homo
722 2005 1040 2052 sanctorum
1068 1997 1320 2052 omnium
1347 1995 1828 2067 congregationem
1861 1993 1916 2047 in
1943 1991 2102 2048 Chri-

528 2094 674 2142 stum
706 2086 1011 2158 iutelliget,
1047 2101 1174 2142 cum
1223 2100 1292 2140 ex
1339 2085 1599 2140 universo
1649 2091 1922 2139 terrarum
1967 2082 2102 2137 orbe

528 2185 650 2248 post
681 2189 1020 2233 mortuorum
1060 2175 1519 2233 resurrectionem
1549 2175 1604 2230 in
1633 2189 1931 2246 supernam
1963 2172 2101 2229 civi-

527 2277 691 2324 tatem
727 2268 1092 2332 convenient,
1138 2266 1290 2323 illam
1320 2266 1602 2322 cmlestem
1644 2264 1990 2328 Jerusalem,
2026 2263 2099 2319 ibi

525 2357 732 2428 gratias
767 2357 948 2413 acturi
976 2372 1118 2414 verae
1150 2355 1503 2428 Seenopegiaa
1531 2397 1547 2422 ,
1591 2356 1694 2412 hoc
1723 2366 1810 2412 est
1841 2353 2100 2426 perenni-

527 2449 657 2505 tatis
727 2463 1023 2520 corporum
1051 2487 1067 2514 ,
1112 2449 1292 2506 soluta
1337 2449 1690 2518 corruptione
1737 2446 1989 2502 videlicet
2044 2451 2100 2500 et

524 2550 708 2599 morte
757 2542 813 2597 in
863 2552 1094 2598 mortem
1144 2541 1318 2612 lapsa.
1375 2539 1533 2606 Quod
1583 2539 1630 2596 si
1685 2538 1764 2595 rei
1812 2538 2099 2595 veritatem

527 2634 842 2690 ltistorieam
869 2641 1206 2704 spectemus,
1236 2639 1448 2687 certum
1473 2639 1559 2687 est
1587 2631 1930 2686 innumeram
1961 2627 2102 2682 mul-

526 2727 815 2782 titudinem
859 2725 1153 2782 ascendere
1187 2725 1406 2782 solitam
1435 2723 1776 2785 Jerusalem,
1818 2730 1872 2777 et
1901 2720 2100 2790 proba-

527 2818 634 2874 bile
657 2824 744 2874 est
771 2815 1077 2874 Pharisaaos
1108 2832 1174 2873 eo
1213 2815 1449 2872 maxime
1481 2825 1728 2885 tempore
1753 2812 1896 2883 apud
1925 2826 2098 2882 popu-

525 2910 634 2962 lum
663 2909 937 2971 valuisse,
981 2906 1304 2964 simulantes
1351 2922 1412 2964 se
1458 2908 1630 2978 legem
1672 2903 2002 2967 defendere,
2043 2909 2103 2959 et

523 3014 711 3054 coram
745 3007 899 3053 tanta
941 2998 1296 3054 tnultitudine
1339 2999 1602 3054 adversus
1632 3011 1757 3052 eum
1786 2995 2100 3051 declaman-

2209 539 2378 612 ἀργία
2426 541 2830 613 νενομοθέτητο,
2871 543 2965 597 καὶ
3001 544 3084 598 ὅτι
3132 543 3320 615 κύριός
3364 545 3480 598 ἐστι
3515 544 3612 599 τοῦ
3645 547 3785 602 Σασ-

2202 629 2367 686 6άτου
2394 633 2422 686 ὁ
2449 633 2577 697 Υἱὸς
2607 632 2702 687 τοῦ
2744 633 3065 705 ἀνθρώπουο
3099 635 3217 688 ἀλλ’
3241 636 3289 688 οἱ
3323 635 3461 706 πρὸς
3493 635 3658 708 μηδὲν
3686 637 3785 707 μὲν

2203 719 2314 773 τῶν
2355 721 2577 789 ἀγαθῶν
2605 723 2916 794 ἐπιτήδειοι,
2948 722 3085 795 πρὸς
3121 725 3180 779 δὲ
3220 725 3402 789 πάσας
3448 726 3785 797 ἑτοιμότατοι

2201 809 2527 882 δυστροπίας
2571 816 3062 880 καταστασιάζουσι
3109 815 3206 870 τοῦ
3255 816 3596 880 διδάσκοντος
3641 819 3784 889 ἅπερ

2164 901 2309 986 ⁹ἔδει
2343 902 2555 973 μαθεῖν,
2597 905 2692 959 καὶ
2715 906 2949 976 φονῶσιν
2984 907 3085 979 ήδη
3129 908 3272 962 κατά
3307 907 3401 962 τοῦ
3437 907 3636 978 σοφοῦν
3663 908 3786 962 ἐθέ-

2200 989 2405 1058 λοντος,
2433 995 2663 1067 πονηρά,
2685 997 2827 1050 κατά
2856 997 2918 1050 τὸ
2957 997 3364 1069 γεγραμμένον,
3399 998 3522 1053 ἀντὶ
3559 998 3784 1067 ἀγαθῶν

2201 1083 2542 1150 ἀποδιδόντες
2587 1087 2759 1158 αὑτῷ.
2789 1087 2944 1142 Μετά
2988 1089 3170 1143 τοίνυν
3196 1088 3370 1142 ταῦτα
3415 1089 3486 1144 τά
3533 1106 3783 1160 πεπραγ-

2205 1174 2341 1246 μένα
2371 1193 2432 1230 τε
2482 1178 2578 1231 καὶ
2623 1179 2894 1251 εἰρημένα
2937 1181 3300 1236 ἀπανίσταται
3329 1181 3440 1236 τῶν
3488 1181 3781 1253 Ἰεροσολύ-

2204 1279 2322 1334 μων
2345 1263 2417 1327 ὡς
2447 1264 2506 1330 ἐξ
2533 1266 2779 1337 ἀνάγκης
2802 1269 2831 1322 δ
2854 1269 3079 1340 Κύριος,
3109 1272 3205 1325 καὶ
3248 1270 3479 1342 ἐπείπερ
3505 1266 3574 1341 ἦν
3612 1272 3782 1339 ἐγγὺς

2201 1354 2262 1407 τὸ
2291 1357 2482 1426 Πάσχα
2518 1357 2626 1412 τῶν
2669 1357 2957 1425 Ἰουδαίων,
2987 1360 3063 1426 ὡς
3105 1361 3285 1431 ὀλίγον
3325 1362 3383 1415 ἐν
3425 1363 3538 1425 τοῖς
3583 1361 3779 1430 ἑφεξῆς

2202 1444 2524 1515 εὑρήσομεν,
2550 1446 2646 1501 καὶ
2683 1448 2860 1521 αὑτὴν¹
2881 1449 3163 1505 διέπλευσε
3203 1451 3302 1524 τὴν
3333 1451 3648 1522 Τιϐεριάδος
3678 1452 3776 1504 θά-

2201 1533 2427 1600 λασσαν,
2453 1537 2573 1607 ἤτοι
2622 1538 2838 1611 λίμνην,
2867 1539 3009 1595 οὑτω
3056 1541 3402 1614 καλουμένην
3430 1543 3488 1596 ἐν
3519 1546 3585 1614 τῇ
3624 1541 3778 1614 χώρᾳ

2204 1624 2300 1696 [aL
2331 1626 2396 1679 ἐκ
2427 1628 2528 1699 τῆς
2563 1629 2771 1703 χώρας]
2818 1631 2925 1686 τῶν
2966 1633 3255 1688 Ἰουδαίων.
3295 1633 3511 1705 Ἐπειδὴ
3540 1635 3598 1688 δὲ
3632 1633 3694 1687 τὸ
3723 1633 3777 1686 τί

2207 1719 2443 1789 μάλιστα
2484 1723 2866 1794 κατασοϐἧσαν
2907 1725 3091 1788 αὑτὸν,
3131 1726 3228 1781 καὶ
3272 1729 3612 1798 μεταχωρεῖν
3641 1729 3774 1782 ἀνιι⁴

2203 1811 2484 1875 πεπεικδς,
2519 1813 2600 1874 είς
2637 1813 2859 1887 ἑτέρους
2899 1833 2959 1869 τε
2997 1817 3239 1886 οἴχεσθαι
3270 1817 3487 1883 τόπους,
3519 1816 3616 1870 καὶ
3656 1833 3776 1870 τοση

2200 1902 2357 1957 οῦτον
2383 1903 2483 1974 τῆς
2515 1903 2869 1978 Ἰερουσαλὴμ
2916 1907 3457 1980 ἀπεσχοινισμένους,
3505 1909 3682 1962 έκεῖνο
3713 1907 3778 1976 δὴ

2204 1995 2439 2067 μάλιστα
2471 1997 2735 2069 ὑπάρχειν
2767 2001 2968 2070 ἀρτίως
3003 2002 3323 2073 εἰρήκαμεν,
3355 2000 3418 2054 τδ
3446 1999 3612 2068 ὲγγὺς
3639 1994 3776 2055 εἷναι

2200 2087 2260 2143 τδ
2306 2087 2498 2159 Πάσχα
2542 2089 2650 2142 τῶν
2700 2090 3004 2156 Ἰουδαίων,
3053 2090 3324 2146 δεικνύναι
3375 2090 3606 2161 πρέπειν
3646 2089 3776 2143 ὑπο-

2199 2179 2480 2250 λαμϐάνω,
2523 2181 2704 2247 καλῶς
2747 2182 2812 2254 δὴ
2859 2181 2978 2236 λίαν
3021 2182 3084 2238 τδ
3129 2185 3188 2238 ἐν
3232 2184 3344 2246 τοῖς
3385 2181 3776 2253 Ἰεροσολύμοις

2199 2270 2550 2343 εὑρίσκεσθαι
2580 2273 2701 2326 κατ’
2729 2275 2904 2327 έκεῖνο
2947 2273 3140 2346 καιροῦ
3179 2273 3656 2346 παραιτησάμενον
3683 2273 3776 2327 τδν

2213 2363 2437 2433 Ἰησοῦν.
2483 2364 2692 2419 Οὐκοῦν
2733 2365 2896 2438 νόμος
2931 2366 2961 2420 ὁ
3004 2364 3092 2420 διὰ
3138 2365 3383 2429 Μωσέως
3438 2363 3549 2419 ἀπὺ
3593 2364 3776 2432 πάσης

2198 2455 2298 2524 τῆς
2347 2455 2677 2526 περιοικίδος
2737 2456 3056 2528 ἀνατρέχειν
3110 2457 3189 2520 είς
3243 2455 3589 2526 Ἰεροσόλυμα
3649 2454 3774 2517 τοὺς

2213 2547 2497 2610 Ἰουδαίους
2517 2548 2784 2613 ἐκέλευεν,
2817 2551 2934 2603 ἐκεῖ
2957 2548 3056 2619 τὴν
3092 2549 3150 2602 ὲν
3181 2547 3338 2618 τύπῳ
3375 2546 3475 2616 τῆς
3505 2561 3777 2616 σκηνοπη-

2199 2638 2323 2707 γίας
2356 2638 2761 2702 ὲπιτελέσοντας
2785 2640 2995 2709 ἑορτήν.
3033 2641 3142 2694 Καὶ
3172 2639 3354 2709 νοήσει
3393 2639 3492 2709 μὲν
3529 2637 3774 2690 ἐντεῦθεν

2199 2731 2228 2784 ὁ
2259 2729 2623 2800 πνευματικὸς
2646 2729 2746 2800 τὴν
2776 2731 3029 2784 ἁπάντων
3059 2731 3169 2786 τῶν
3216 2731 3387 2799 ἁγίων
3430 2731 3770 2796 ἐπισυναγω-

2198 2821 2302 2892 γὴν
2331 2822 2410 2885 είς
2433 2822 2683 2892 Χριστὸν,
2708 2822 2798 2876 ὅτε
2835 2821 2899 2891 δὴ
2947 2823 3039 2876 καὶ
3065 2822 3172 2875 ἀπὸ
3201 2822 3382 2893 πάσης
3409 2823 3508 2891 τῆς
3527 2817 3775 2890 οίκουμέ-

2203 2931 2301 2985 νης
2330 2913 2468 2984 μετά
2489 2914 2588 2985 τὴν
2611 2913 2720 2968 τῶν
2741 2913 2948 2984 νεκρῶν
2972 2914 3267 2968 ἀναδίωσιν
3291 2915 3370 2975 είς
3390 2912 3486 2982 τὴν
3509 2911 3622 2965 ἀνω
3653 2927 3774 2963 συν-

2199 3006 2582 3077 ενεχθήσονται
2604 3005 2758 3060 πόλιν
2779 3005 2878 3076 τὴν
2899 3005 3215 3075 ἐπουράνιον
3247 3003 3620 3076 Ἰερουσαλὴμ,
3647 3003 3775 3056 ἀνα-

527 3101 608 3146 tes
634 3088 728 3159 qui
761 3090 932 3160 legem
965 3087 1511 3159 praetergrediebatur
1529 3127 1545 3153 ,
1573 3096 1669 3141 aut
1693 3087 1786 3157 qui
1811 3101 1930 3142 eam
1959 3100 2098 3156 pra:-

2201 3096 2454 3166 θήσοντες
2481 3096 2660 3149 ἐκεῖσε
2699 3094 2769 3148 τά
2797 3095 3126 3166 χαριστήρια
3150 3091 3251 3164 τῆς
3280 3093 3654 3165 σκηνοπηγίας
3677 3093 3775 3162 τῆς

527 3179 766 3252 targredi
810 3180 1120 3235 videbatur.
1174 3179 1401 3234 Difﬁcile
1436 3180 1582 3234 enim
1623 3179 1814 3248 utique
1860 3193 1969 3233 non
2016 3186 2101 3233 est

527 3272 826 3343 plebecula:
890 3271 1300 3326 multitudinem
1366 3270 1714 3325 innumeram
1783 3269 2098 3334 concitare,

523 3381 647 3420 cum
670 3365 794 3435 quis
819 3364 992 3432 ipsam
1027 3362 1228 3434 injuria
1258 3361 1507 3417 affectam
1541 3361 1832 3431 praedicat,
1875 3367 1930 3416 et
1958 3359 2098 3414 inei-

523 3465 642 3511 tare
682 3455 877 3510 nititur
919 3454 1185 3510 adversus
1217 3468 1315 3510 eos
1340 3452 1510 3509 etiam
1565 3452 1658 3523 qui
1699 3452 1908 3506 nullam
1955 3449 2098 3519 inju-

525 3543 662 3598 riam
696 3546 1017 3600 intulerunt.
1065 3545 1243 3600 instar
1271 3544 1419 3602 enim
1448 3558 1604 3614 aqua:
1632 3551 1728 3597 aut
1761 3543 1907 3613 ignis
1933 3551 2101 3596 teme-

524 3632 676 3687 rario
702 3632 906 3702 impetu
936 3633 1109 3686 fertur
1139 3632 1246 3686 huc
1273 3640 1330 3688 et
1364 3633 1517 3694 illuc,
1553 3640 1608 3688 et
1639 3632 1774 3687 nihil
1806 3647 1915 3686 non
1950 3633 2101 3685 inva-

521 3724 604 3781 dit
641 3724 786 3792 quod
828 3722 1042 3792 injuria:
1069 3723 1320 3778 cesserit.
1349 3721 1479 3778 Haec
1516 3721 1690 3793 igitur
1737 3737 1862 3777 eum
1917 3719 2101 3776 Domi-

523 3828 631 3868 nus
661 3826 771 3867 non
805 3812 1118 3882 ignoraret,
1154 3828 1278 3867 cum
1321 3813 1440 3868 suis
1466 3811 1758 3882 discipulis
1788 3810 2100 3881 Hierosoly-

526 3902 631 3957 mis
669 3917 730 3958 se
771 3901 1070 3966 subducit,
1115 3909 1172 3958 et
1217 3901 1331 3956 abit
1379 3910 1534 3958 trans
1583 3918 1732 3957 mare
1767 3900 2096 3957 Tiberiadis.

524 3993 683 4059 Quod
723 4001 909 4049 autem
939 3991 1179 4060 Iudaeos,
1205 4007 1236 4048 a
1279 3994 1481 4064 quibus
1507 3993 1576 4048 ad
1602 3993 1802 4048 caedem
1841 3994 2101 4064 deposce—

525 4087 706 4154 batur,
743 4094 894 4142 recte
932 4083 1162 4150 devitet,
1196 4101 1265 4142 ex
1309 4085 1395 4141 his
1444 4099 1664 4141 rursum
1714 4100 2096 4156 agnoscemus.

524 4177 644 4247 Ipse
664 4179 812 4235 enim
833 4179 1029 4234 beatus
1055 4178 1393 4250 evangelista
1424 4178 1476 4234 id
1498 4178 1737 4233 declarat
1765 4177 1853 4234 bis
1876 4177 2095 4234 verbis:

529 4287 546 4319 ι
579 4267 711 4322 Post
753 4267 868 4323 haec
911 4275 1097 4322 autem
1153 4267 1472 4324 ambulabat
1519 4266 1680 4325 Jesus
1729 4269 1783 4323 in
1826 4267 2094 4324 Galilaza:

522 4375 636 4415 non
673 4358 817 4415 enim
847 4360 1066 4416 volebat
1087 4359 1143 4414 in
1172 4358 1357 4416 Judtea
1390 4360 1694 4427 ambulare,
1725 4361 1853 4431 quia
1883 4377 2098 4432 qumrc-

523 4455 655 4508 bant
680 4467 804 4509 eum
829 4450 1003 4508 Judaei
1032 4453 1343 4509 interficere
1366 4454 1433 4508 9’.
1466 4473 1484 4507 ι
1521 4454 1628 4510 Sed
1661 4455 1878 4525 inquiet
1908 4454 2094 4510 forsan

523 4546 768 4616 aliquis:
806 4545 1004 4602 Fateor
1051 4547 1231 4618 ipsqu
1268 4547 1322 4601 in
1360 4546 1547 4602 Iudaea
1577 4549 1720 4603 nolle
1752 4548 1989 4612 versari,
2029 4563 2098 4602 ne

525 4651 753 4697 mortem
804 4642 1153 4696 immaturam
1200 4643 1398 4697 subeat
1441 4657 1454 4693 :
1506 4642 1599 4696 sed
1655 4649 1839 4695 utrum
1895 4640 2094 4696 festum

525 4747 743 4801 quoque
775 4732 981 4803 fugiat,
1006 4735 1248 4788 nondum
1283 4733 1550 4802 intelligo.
1578 4731 1752 4803 Igitur
1778 4733 1872 4802 qui
1895 4732 2098 4789 fratres

525 4823 857 4890 putabantur
877 4863 892 4885 .
925 4825 994 4880 ad
1021 4825 1301 4880 Christum
1329 4826 1603 4880 accedunt
1632 4827 1686 4882 in
1713 4828 1930 4884 Galilaea
1955 4871 1969 4896 ,
2011 4829 2095 4884 di-

527 4922 715 4967 centes
747 4930 763 4966 :
801 4932 819 4964 ι
855 4913 1052 4970 Transi
1085 4917 1248 4980 hinc,
1290 4927 1343 4973 ct
1375 4919 1512 4974 vade
1551 4919 1604 4974 in
1631 4919 1907 4986 Judteam,
1944 4929 2005 4976 ut
2043 4928 2096 4975 et

524 5003 782 5073 discipuli
827 5005 904 5058 tui
949 5006 1170 5061 videant
1211 5023 1380 5078 Opera
1432 5017 1524 5064 tua
1567 5027 1690 5081 quae
1723 5011 1857 5069 facis
1887 5015 1924 5066 ι.
1959 5031 1978 5065 ι
2015 5013 2095 5070 Ad

522 5109 663 5163 quos
707 5092 976 5150 Dominus
1021 5111 1034 5148 :
1095 5097 1253 5166 2'71
1319 5118 1338 5149 ‹
1383 5100 1489 5153 Vos
1539 5101 1825 5156 ascendite
1853 5102 1922 5156 ad
1954 5103 2097 5156 diem

525 5188 723 5242 festum
753 5185 942 5241 hunc:
992 5202 1096 5257 ego
1145 5204 1255 5243 non
1307 5190 1550 5243 ascendo
1596 5191 1662 5243 ad
1711 5191 1856 5246 diem
1899 5191 2098 5246 festum

523 5281 730 5343 istum,
808 5279 941 5346 quia
999 5295 1180 5335 meum
1237 5289 1458 5352 tempus
1509 5281 1754 5336 nondum
1817 5284 2100 5354 impletum

463 5354 473 5369 ’
521 5379 607 5428 est
637 5375 679 5428 ’.
731 5391 750 5424 ι
804 5372 1027 5428 Clarum
1069 5373 1236 5443 igitur
1280 5380 1335 5429 et
1385 5373 1742 5429 manifestum
1783 5384 1870 5430 est
1915 5375 2103 5429 Salva-

523 5469 696 5518 turem
745 5463 1075 5521 discessisse
1124 5463 1555 5535 Hierosolymis,
1596 5479 1703 5519 non
1730 5465 1876 5535 quod
1907 5475 2104 5536 sponte

524 5546 674 5607 illine
705 5552 986 5623 profectus
1023 5554 1126 5619 sit,
1165 5554 1262 5610 sed
1295 5555 1440 5627 quod
1472 5555 1883 5614 iucredulorum
1911 5556 2105 5614 nefan-

503 5762 515 5804 ς¹
587 5733 636 5764 ’⁸
677 5731 824 5789 Psal.
861 5749 1080 5800 xxxv",
1122 5735 1211 5791 21.

2199 3185 2453 3256 ἀληθοῦς,
2477 3187 2723 3240 τουτέστι
2759 3186 2859 3256 τῆς
2903 3185 3010 3239 τῶν
3058 3184 3325 3256 σωμάτων
3359 3182 3690 3255 συμπήξεὼς
3714 3200 3772 3236 τε

2199 3278 2294 3332 καὶ
2337 3277 2616 3349 διαμονῆς,
2650 3277 2950 3349 λελυμένης
2987 3276 3227 3348 δηλονότι
3270 3277 3373 3347 τῆς
3419 3275 3647 3346 φθορᾶς,
3682 3276 3774 3328 καὶ

2197 3369 2291 3423 τοῦ
2323 3368 2554 3422 θανάτου
2583 3368 2836 3430 πεσόντος
2865 3369 2943 3431 είς
2977 3367 3224 3422 θάνατον.
3261 3365 3336 3419 Τὸ
3363 3365 3420 3418 δὲ
3447 3365 3572 3419 ὅσον
3604 3365 3775 3417 εἰπεῖν

2199 3465 2279 3527 εἰς
2315 3463 2376 3516 τὸ
2427 3463 2492 3516 ὲκ
2536 3462 2635 3531 τῆς
2692 3460 2932 3529 ἱστορίας
2959 3458 3204 3530 γίνεσθαι
3241 3458 3504 3527 πεφυκὸς,
3547 3457 3775 3530 ἀριθμὸν

2197 3556 2297 3609 οὑκ
2317 3555 2433 3624 ᾔδει
2460 3553 2566 3606 τῶν
2590 3552 2984 3608 ἀναϐαινόντων
3004 3553 3084 3616 είς
3116 3551 3469 3623 Ἰερουσαλὴμ
3491 3551 3524 3621 ἡ
3547 3549 3773 3619 πληθὺς,

2199 3645 2293 3698 καὶ
2332 3639 2400 3713 ἦν
2428 3642 2493 3714 δὴ
2528 3641 2760 3713 μάλιστα
2810 3643 2930 3696 κατ’
2965 3642 3140 3696 ἐκεῖνο
3173 3638 3366 3712 καιροῦ
3421 3638 3593 3693 πολλὰ
3620 3637 3776 3691 δύνα-

2201 3735 2323 3790 σθαι
2363 3735 2484 3797 τοὺς
2530 3733 2853 3804 Φαρισαίους
2883 3732 3048 3798 είκδς,
3085 3731 3470 3802 συναγορεύειν
3512 3730 3592 3801 τῷ
3630 3730 3778 3801 νόμῳ

2201 3827 2719 3900 προσποιουμένους,
2759 3825 2853 3878 καὶ
2887 3825 2963 3888 ὡς
2996 3824 3055 3878 ἐν
3099 3825 3294 3895 πλήθει
3341 3823 3580 3893 τοσούτῳ
3620 3840 3778 3877 κατα-

2200 3917 2439 3979 ϐοῶντας
2499 3915 2594 3968 τοῦ
2652 3913 3122 3986 παραϐαίνοντος,
3183 3913 3216 3986 ἢ
3274 3913 3370 3967 καὶ
3423 3912 3778 3984 παραϐαίνειν

2199 4009 2474 4081 οἰηθέντος
2504 4009 2708 4072 αὐτοῖς.
2751 4006 2916 4061 Οὑδὲν
2959 4005 3068 4076 γὰρ
3109 4005 3247 4070 ὅλως
3288 4005 3350 4058 τὸ
3400 4004 3656 4075 χαλεπὸν,
3687 4003 3778 4056 τὸν

2198 4099 2510 4170 ἀμέτρητον
2553 4095 2663 4151 τῶν
2689 4093 2955 4164 ἀγελαίων
3003 4091 3384 4165 ἀναρριπίζειν
3427 4090 3614 4161 ἐσμὸν,
3649 4089 3776 4142 ὅταν

2198 4209 2284 4255 τις
2321 4191 2482 4244 αὑτὸν
2510 4185 2800 4259 ἠδικῆσθαι
2831 4184 2966 4256 λέγῃ
2998 4183 3090 4238 καὶ
3129 4181 3490 4254 παροτρύνειν
3525 4182 3772 4251 ἐπιχειρῇ

2199 4283 2294 4337 καὶ
2329 4281 2470 4336 κατά
2493 4281 2605 4334 τῶν
2645 4276 2957 4332 λυπούντων
2989 4276 3162 4331 οὐδέν.
3187 4263 3419 4338 Ὕδατος
3459 4273 3568 4344 γάρ
3597 4273 3772 4342 δίκην,

2200 4375 2234 4446 ἢ
2264 4375 2356 4429 καὶ
2385 4373 2555 4445 πυρὸς
2584 4369 2918 4442 ἀδιακρίτοις
2945 4368 3040 4422 καὶ
3071 4365 3558 4440 ἀπροαϐουλεύτοις
3581 4365 3775 4436 ὁρμαῖς

2201 4467 2599 4537 διαρριπτεῖται
2630 4460 2902 4531 πανταχῆ,
2956 4460 3051 4514 καὶ⁵
3094 4459 3228 4532 πρὸς
3267 4458 3480 4512 ἅπαντα
3512 4458 3683 4528 χωρεῖ
3711 4453 3775 4507 τὰ

2205 4559 2397 4612 παθεῖν
2453 4556 2773 4627 ἀνεχόμενα.
2825 4553 3010 4608 Ταῦτα
3058 4552 3239 4606 τοίνυν
3283 4551 3383 4604 οὑκ
3426 4550 3700 4619 ἀγνοήσας
3750 4546 3776 4598 ὁ

2204 4651 2406 4722 Κύριος
2444 4648 2808 4703 ὑπεκκλέπτει
2864 4645 2962 4716 μὲν
2997 4647 3097 4715 τῆς
3137 4640 3490 4714 Ἰερουσαλὴμ
3523 4640 3638 4709 ἅμα
3670 4639 3776 4702 τοῖς

2207 4743 2473 4813 μαθηταῖς
2501 4740 2712 4806 ἑαυτὸν,
2746 4739 3052 4807 ἀφικνεῖται
3083 4735 3138 4788 δὲ
3169 4735 3268 4806 τῆς
3299 4733 3573 4800 θαλάσσης
3609 4731 3778 4799 πέραν

2204 4833 2305 4902 τῆς
2349 4831 2695 4903 Τιϐεριάδοςο
2738 4830 2818 4883 ὅτι
2865 4828 2921 4881 δὲ
2964 4826 3240 4896 φονῶντας
3269 4825 3618 4895 παραιτεῖται
3659 4820 3778 4882 τοὺς

2213 4924 2520 4988 Ἰουδαίους,
2550 4923 2732 4986 καλῶς
2771 4922 2835 4994 δὴ
2867 4921 3011 4992 μάλα
3058 4919 3228 4973 ποιῶν
3251 4959 3266 4984 ,
3306 4916 3567 4987 εἰσόμεθα
3620 4913 3780 4967 πάλιν

2201 5018 2295 5072 καὶ
2325 5017 2412 5070 διὰ
2444 5015 2668 5070 τούτων.
2719 5014 2881 5084 Λέγει
2918 5013 3026 5085 γὰρ
3055 5011 3216 5076 αὑτὸς
3247 5012 3276 5064 6
3305 5008 3573 5081 μακάριος
3606 5005 3777 5072 Εὑαγο

2202 5106 2492 5177 γελιστής·
2523 5124 2541 5157 ι
2581 5106 2690 5159 Καὶ
2725 5103 2864 5175 μετά
2905 5103 3079 5156 ταῦτα
3131 5099 3452 5172 περιεπάτει
3499 5097 3528 5149 ὁ
3576 5091 3779 5165 Ἰησοῦς

2205 5198 2264 5250 ὲν
2295 5198 2362 5267 τῇ
2388 5194 2674 5265 Γαλιλαίᾳ·
2706 5195 2767 5247 οὑ
2802 5192 2909 5263 γάρ
2948 5191 3137 5261 ήθελεν
3169 5191 3227 5243 ὲν
3257 5191 3324 5259 τῇ
3372 5186 3598 5255 Ἰουδαίᾳ
3631 5199 3778 5253 περι-

2207 5288 2416 5350 πατεῖν,
2460 5284 2540 5336 ὄτι
2580 5284 2802 5355 ἐζήτουν
2836 5282 3000 5336 αὑτὸν
3031 5284 3080 5334 οἱ
3119 5281 3352 5335 Ἰουδαῖοι
3388 5279 3724 5331 ἀποκτεῖναι.
3758 5291 3777 5324 ι

2208 5377 2334 5430 Ὀτι
2365 5375 2466 5446 μὲν
2508 5370 2602 5428 οὖν
2646 5375 2993 5445 παραιτεῖται
3039 5372 3101 5425 τὺ
3144 5373 3206 5426 ἐν
3255 5373 3323 5440 τῇ
3373 5367 3605 5436 Ἰουδαίᾳ
3633 5381 3776 5435 περι-

2209 5471 2418 5532 πατεῖν,
2447 5467 2534 5521 ἴνα
2569 5466 2646 5537 μὴ
2689 5465 2937 5538 πρόωρον
2967 5463 3236 5536 ὑπομείνῃ
3260 5463 3353 5515 τὸν
3384 5460 3634 5522 θάνατον,
3666 5471 3785 5524 συγ-

2210 5557 2541 5624 κατανεύσω,
2574 5555 2758 5627 φησὶν,
2790 5557 2907 5628 ἐρεῖ
2943 5571 3028 5618 τις
3060 5552 3245 5624 τυχὸν,
3278 5549 3394 5605 ἀλλ’
3435 5550 3486 5604 ει
3524 5547 3622 5602 καὶ
3654 5542 3773 5616 φεύ-

1323 5735 1365 5770 ”
1400 5734 1560 5792 Joan.
1593 5753 1668 5795 vn
1697 5780 1710 5805 ,
1763 5739 1809 5792 1.
1892 5739 1903 5770 ¹
1943 5736 2076 5794 ibid.
2117 5736 2168 5792 5.
2249 5737 2437 5796 ιϋήιί.
2471 5735 2521 5790 8.
