4078 6262
298 407 404 464 451

1311 397 1379 453 IN
1406 395 1694 454 JOANNIS
1732 395 2181 455 EVANGELIUM
2226 398 2355 454 LIB.
2395 395 2471 453 ΙΞΙ.

3466 384 3571 444 438

301 541 387 594 γει
419 521 522 592 τὴν
551 519 766 591 ἑορτὴν,
795 517 948 573 οὔπω
978 515 1252 588 μανθάνω.
1289 515 1498 570 Οὐκοῦν
1527 516 1576 569 ol
1617 515 1715 586 μὲν
1742 531 1890 585 νομι-

1997 515 2066 569 da
2087 514 2316 571 consilia
2335 514 2708 568 detestaretur
2721 547 2738 574 ,
2776 513 2835 564 et
2854 508 3269 577 persecutorum
3297 499 3572 557 feritatem

305 614 524 677 σθέντες
556 611 777 679 ἁδελφοὶ
823 608 1078 681 προσίασι
1108 608 1358 676 λέγοντες
1404 610 1462 660 ἐν
1504 609 1572 679 τῇ
1624 605 1886 676 Γαλιλαίᾳ

303 704 384 775 τῷ
411 702 660 775 Χριστῷ·
701 721 720 752 ι
762 701 1016 770 Ἀνάϐηθι
1047 699 1320 766 ἐντεῦθεν,
1353 700 1449 754 καὶ
1475 699 1654 768 ὕπαγε
1682 699 1762 761 εἰς
1787 697 1887 768 τὴν

321 796 596 860 Ἰουδαίαν,
638 794 724 847 ῖνα
753 795 846 848 καὶ
893 793 946 846 οἱ
999 791 1238 864 μαθηταί
1280 807 1374 844 σου
1414 790 1653 860 βλέπωσι
1689 789 1758 843 τά
1791 805 1888 860 ση-

313 895 441 962 μεῖα
479 889 515 944 ἀ
544 890 735 952 ποιεῖς.
774 907 792 940 ι
823 886 968 958 Πρὸς
989 887 1188 950 αὐτοὺς
1219 885 1276 939 δέ
1306 888 1335 941 ὁ
1366 885 1606 956 Κύριοςο
1641 903 1659 936 ι
1701 884 1890 955 ’Υμεῖς

307 982 543 1054 ἀνάϐητε
569 981 650 1045 είς
684 980 784 1050 τὴν
826 979 1042 1051 ἑορτήν·
1069 977 1180 1047 ἐγὼ
1217 977 1318 1031 οὐκ
1364 977 1641 1033 ἀναϐαίνω
1677 977 1758 1040 είς
1790 974 1891 1047 τὴν

307 1072 496 1144 ἑορτὴν
539 1070 764 1141 ταύτην,
795 1071 878 1124 ὅτι
909 1071 938 1124 ὁ
976 1070 1108 1141 ἐμὸς
1152 1069 1343 1140 καιρὸς
1389 1067 1542 1122 οὐπω
1589 1066 1890 1139 πεπλήρω-

308 1179 416 1215 ται.
451 1181 472 1214 ι
501 1160 776 1231 Πρόδηλον
817 1156 911 1214 οὖν
943 1159 1051 1230 ἀρα
1081 1159 1175 1212 καὶ
1204 1158 1390 1224 σαφὲς,
1412 1157 1495 1210 ὅτι
1519 1156 1630 1210 τῶν
1664 1155 1892 1228 Ἱεροσο-

309 1252 493 1324 λύμων
525 1250 912 1325 ἐκκεχώρηκεν
946 1253 976 1304 ὁ
1015 1251 1228 1324 Σωτὴρ,
1275 1251 1378 1302 οὐκ
1425 1248 1746 1320 αὐθαίρετον
1792 1245 1892 1318 τὴν

311 1344 384 1408 ὡς
415 1343 473 1411 ἐξ
502 1344 710 1397 ἐκεῖθεν
748 1342 1057 1413 ἀποδημίαν
1105 1343 1471 1412 στειλάμενος,
1501 1339 1638 1394 ἀλλά
1673 1336 1893 1402 καὶτὰς

307 1435 414 1488 τῶν
463 1434 833 1488 ἀπειθούντων
890 1433 1169 1504 βδελυρίας
1218 1431 1692 1504 ἐκμυσαττόμενος
1716 1470 1732 1496 ,
1796 1430 1894 1484 καὶ

308 1524 414 1579 τῶν
451 1524 758 1578 διωκόντων
805 1523 904 1595 τὴν
939 1524 1238 1596 ἀγριότητα
1280 1524 1380 1594 τῆς
1417 1520 1700 1592 εὐστοχίας
1737 1535 1894 1590 περι-

311 1616 546 1679 πλανῶν,
580 1615 675 1669 καὶ
706 1615 870 1685 τέχνη
899 1615 995 1668 τοῦ
1030 1615 1226 1684 φθόνου
1252 1614 1314 1668 τὸ
1345 1614 1494 1685 βέλος
1525 1612 1897 1684 ἀποκρουόμεο

309 1724 420 1770 νος.
457 1705 779 1760 ’Υπεκνεύει
825 1707 882 1759 δὲ
925 1707 1107 1772 πάλιν,
1138 1707 1316 1759 καίτοι
1344 1705 1538 1758 παθεῖν
1575 1703 1776 1775 ἰσχύων
1813 1703 1898 1757 οὐ-

311 1794 420 1860 δέν,
453 1793 567 1862 είγε
593 1795 688 1848 καὶ
711 1794 916 1866 παρῆν,
941 1794 1028 1848 ἵνα
1059 1793 1231 1848 τύπον
1256 1796 1416 1865 ἡμεῖς
1459 1793 1750 1865 ἀναγράψῃ
1794 1809 1895 1846 κα-

1988 605 2278 678 prudentia
2344 617 2446 658 sua
2506 599 2792 671 defugeret
2854 611 2920 651 ac
2960 593 3187 650 invidia:
3233 591 3406 648 telum
3453 599 3577 648 arte

1987 696 2300 767 depelleret.
2350 693 2564 748 Rursus
2607 699 2790 746 autem
2840 703 2900 744 se
2939 685 3217 751 subducit,
3273 683 3404 739 licet
3436 682 3577 738 nihil

1988 790 2106 861 pati
2140 794 2326 859 posset
2359 785 2522 840 etiam
2553 797 2679 838 cum
2706 779 2944 843 adesset,
2977 786 3037 833 ut
3069 776 3384 846 exemplum
3412 774 3582 832 nobis

1989 881 2316 951 praeclarum
2359 883 2647 942 statueret,
2685 887 2797 929 non
2827 870 3161 934 timiditatis,
3212 868 3308 924 sed
3353 868 3580 938 pietatis

1989 982 2046 1029 et
2065 971 2358 1027 cltaritatis
2384 971 2438 1022 in
2464 967 2796 1039 proximum.
2821 962 2961 1017 Hinc
2987 960 3133 1016 enim
3155 958 3406 1028 exemplo
3439 972 3576 1028 qua-

1991 1065 2038 1121 si
2063 1063 2304 1134 quudam
2339 1059 2408 1115 ad
2440 1059 2521 1115 rei
2555 1056 2710 1114 utilis
2736 1053 3106 1127 cognitionem
3139 1049 3363 1107 deducti
3393 1049 3576 1106 disce-

1994 1171 2138 1219 mus,
2166 1150 2598 1225 quod,inimicis
2626 1163 2730 1205 nos
2753 1143 3247 1218 persequentibus,
3279 1141 3410 1198 licet
3437 1140 3578 1196 nihil

1993 1247 2178 1303 damni
2226 1243 2517 1316 praesentia
2551 1248 2742 1296 nostra
2767 1238 2931 1295 nobis
2963 1236 3196 1291 allatura
3225 1233 3498 1298 videatur,
3528 1231 3578 1288 si

1995 1346 2177 1393 tamen
2222 1336 2598 1400 declinemus,
2642 1339 2699 1388 et
2747 1331 2854 1386 hoc
2895 1337 3058 1400 pacto
3101 1327 3310 1400 primos
3339 1327 3580 1397 impetus

1995 1427 2393 1491 retundamus,
2435 1437 2740 1493 eorumque
2778 1419 2949 1476 furori
2997 1435 3099 1475 nos
3145 1417 3578 1484 subtrahamus,

1996 1521 2136 1575 iram
2167 1532 2360 1574 eorum
2386 1515 2605 1571 tandem
2632 1512 2880 1570 sedatam
2910 1509 3275 1574 oﬂendemus,
3303 1517 3360 1564 et
3381 1523 3577 1566 eorum

1997 1609 2254 1679 iniuriam
2299 1606 2714 1671 resecabimus,
2755 1603 3084 1673 adiuvantes
3125 1601 3302 1672 magis
3343 1614 3441 1656 eos
3485 1597 3580 1667 qui

1999 1701 2160 1757 nobis
2187 1698 2375 1755 infesti
2401 1704 2553 1762 sunt,
2577 1710 2746 1767 quam
2777 1693 2950 1763 adiuti
2981 1711 2996 1749 :
3029 1692 3175 1763 quod
3203 1691 3426 1762 quidem
3455 1698 3542 1746 eSt
3561 1729 3584 1756 ,

2001 1800 2060 1847 ut
2090 1799 2338 1862 apparet,
2366 1797 2552 1844 nostra
2579 1801 2689 1843 non
2720 1798 2989 1856 qumrere,
3020 1783 3118 1839 sed
3148 1797 3271 1853 quae
3291 1791 3422 1838 sunt
3450 1780 3581 1835 alio-

313 1859 425 1946 λον,
454 1859 741 1947 οὐίδειλίας
767 1859 1005 1955 μάλλον,
1053 1885 1168 1938 ἀλλ’
1209 1859 1495 1947 εὐλαϐείας
1531 1859 1625 1938 καλ
1672 1859 1890 1953 ἀγάπης

2002 1859 2435 1939 rum—(Ofﬁcium
2480 1881 2666 1951 itaque
2713 1875 3010 1933 cbaritatis
3051 1885 3176 1940 est,
3229 1889 3339 1930 non
3391 1873 3580 1943 utique

314 1973 415 2042 τῆς
443 1975 522 2038 είς
553 1976 642 2028 τὸν
672 1951 860 2039 πέλας.
889 1976 1167 2047 Εἰσόμεθα
1187 1975 1315 2047 γὰρ,
1338 1975 1413 2040 ὡς
1452 1977 1518 2029 ἐκ
1556 1951 1731 2029 τύπου
1756 1951 1890 2046 πρός

1995 1975 2262 2032 resistere
2307 1973 2376 2030 iis
2410 1972 2505 2043 qui
2539 1971 2743 2026 malum
2788 1970 2844 2024 in
2875 1983 2980 2024 nos
3009 1967 3321 2022 moliuntur
3343 2006 3359 2022 .
3400 1951 3612 2035 neque‘

313 2065 605 2133 ἐπίγνωσιν
657 2067 927 2138 χρησίμου
981 2066 1482 2138 χειραγωγούμενοι
1533 2067 1887 2138 πράγματος,

1995 2085 2059 2125 ex
2091 2083 2158 2123 eo
2185 2066 2330 2137 quod
2356 2064 2494 2120 nihil
2517 2063 2679 2118 nobis
2716 2062 2868 2127 mali,
2895 2076 2962 2116 ne
2987 2061 3033 2116 si
3061 2059 3310 2115 adsimus
3335 2057 3578 2128 quidem,

308 2157 391 2208 ὅτι
415 2158 715 2212 διωκόντων
738 2161 888 2229 ἡμᾶς
908 2159 1016 2212 τῶν
1046 2159 1279 2230 ἐχθρῶν,
1310 2160 1404 2212 καὶ
1439 2160 1486 2211 εί
1519 2157 1687 2228 μηδὲν
1716 2159 1890 2230 ὁρῷτο

1995 2157 2186 2213 inferri
2223 2156 2422 2227 possit,
2463 2169 2657 2210 eorum
2688 2153 2932 2208 animum
2963 2150 3317 2214 exacerbare,
3347 2149 3479 2204 dum
3511 2161 3573 2203 se

307 2245 588 2310 παντελῶς
613 2248 671 2300 ἐν
693 2246 772 2318 τῷ
795 2251 1049 2320 παρεῖναι
1075 2249 1134 2302 τὸ
1167 2247 1382 2318 βλάϐος.
1407 2249 1522 2307 ἀλλ’
1547 2248 1889 2320 ἐξιστάμενοί

1995 2249 2204 2306 viribus
2236 2247 2444 2304 nostris
2489 2245 2786 2301 inferiores
2836 2243 3218 2314 indignantur.
3273 2258 3293 2294 ι
3323 2238 3582 2296 Charitas

305 2353 447 2400 πως,
492 2337 586 2391 καὶ
622 2338 711 2392 διὰ
755 2339 946 2393 τούτου
996 2341 1336 2410 σοφιζόμενοι
1382 2341 1482 2406 τὰς
1528 2341 1638 2394 τῶν
1693 2341 1890 2409 ἐφόδων

2002 2341 2194 2412 igitur,
2222 2349 2282 2395 ut
2301 2339 2507 2395 Paulus
2531 2339 2630 2403 ait,
2656 2352 2770 2393 non
2816 2336 3016 2408 quaerit
3039 2349 3161 2405 quae
3189 2348 3289 2391 sua
3317 2342 3449 2390 sunt
3469 2332 3522 2400 ³,
3554 2351 3572 2385 ι

303 2425 526 2495 ἀκμὰς,
574 2428 1001 2501 ὑπεκτρέχοντές
1036 2447 1097 2483 τε
1121 2431 1182 2484 τὸ
1211 2430 1524 2501 παραυτίκα
1561 2429 1783 2501 θερμὸν,
1810 2430 1890 2495 s5-

2003 2447 2126 2502 quae
2156 2432 2210 2486 in
2239 2431 2461 2488 Christo
2485 2430 2706 2502 quidem
2735 2436 2857 2485 erat
2880 2428 3190 2484 manifeste.

303 2515 457 2582 ήόοις
513 2518 614 2590 ἤδη
677 2521 1104 2592 περιτευξόμεθα
1167 2523 1286 2586 ταῖς
1342 2523 1451 2576 τῶν
1513 2522 1840 2577 ἀδικούντων
1905 2525 2109 2594 ὀργαῖς,
2170 2525 2264 2579 καὶ
2319 2525 2382 2579 τὸ
2432 2524 2633 2597 θράσος
2677 2523 2777 2593 τῆς
2842 2521 2965 2578 καθ’
3011 2520 3219 2576 ἑαυτῶν
3267 2516 3581 2583 πλεονεξίας

303 2605 742 2678 ὑποτεμνόμεθα,
793 2611 1129 2680 ὠφελοῦντες
1189 2613 1389 2684 μᾶλλον
1435 2613 1563 2677 τοὺς
1606 2614 1766 2686 οἷπερ
1821 2614 1888 2668 ἂν
1925 2615 2163 2682 γένοιντο
2211 2617 2340 2688 περὶ
2377 2617 2526 2688 ἡμᾶς
2573 2616 2676 2669 οὐκ
2759 2613 2972 2683 ἀγαθοὶ,
3027 2613 3121 2667 καὶ
3175 2611 3396 2674 ἀδίκως,
3437 2611 3582 2680 ἥπερ

302 2701 702 2774 ὠφελούμενοι,
745 2704 884 2777 ὅπερ
931 2707 1078 2760 ἐστὶν
1129 2707 1397 2778 ἐναργῶς,
1445 2708 1520 2780 μὴ
1567 2708 1636 2762 τά
1683 2709 1888 2763 ἑαυτῶν
1926 2709 2234 2782 ζητοῦντες,
2261 2711 2397 2765 ἀλλὰ
2434 2711 2625 2765 καὶτὰ
2656 2710 2881 2780 ἐτέρων.
2915 2709 3116 2779 Ἔργον
3177 2702 3270 2760 οὖν
3333 2705 3579 2774 ἀγάπης,

300 2793 362 2846 τὸ
388 2796 503 2857 τοῖς
530 2793 911 2848 ἐθελοκακοῦσι
940 2795 1014 2866 μὴ
1048 2797 1454 2868 ἀντεγείρεσθαι
1487 2797 1724 2865 πάντως,
1789 2798 1923 2868 μηδὲ
1959 2799 2443 2871 ἀποκεχρημένους
2505 2798 2582 2870 τῷ
2613 2797 2872 2852 δύνασθαι
2911 2797 3138 2866 πάσχειν
3167 2795 3289 2849 οὐδέ
3317 2794 3422 2848 κᾶν
3447 2811 3583 2864 παρ-

305 2882 457 2946 όντες
502 2883 871 2956 ἀλισκώμεθα,
927 2887 1250 2959 δριμύτερον
1309 2888 1498 2961 ὥσπερ
1546 2891 1604 2942 ἐν
1661 2889 1888 2952 ἐκείνοις
1927 2891 2333 2961 ἀπεργάζεσθαι
2361 2889 2452 2944 τὸν
2482 2888 2672 2960 θυμὸν,
2703 2888 3040 2942 πλεονεκτεῖν
3070 2887 3171 2939 οὐκ
3233 2885 3424 2956 ἔχοντα
3487 2882 3582 2938 τοῦ

308 2973 638 3040 μισουμένου
681 2976 780 3046 τὴν
824 2976 1082 3048 δύναμιν.
1118 2997 1136 3030 t
1183 2979 1248 3032 ’Π
1283 2981 1459 3036 τοίνυν
1500 2981 1710 3052 ἀγάπη,
1747 2981 1998 3054 καθάπερ
2037 2985 2200 3052 φησὶν
2229 2983 2258 3036 ὁ
2284 2981 2517 3046 Παῦλος,
2556 2981 2617 3034 οὐ
2656 2980 2811 3051 ζητεῖ
2840 2979 2908 3034 τὰ
2940 2979 3160 3049 ἑαυτῆς,
3185 2997 3202 3028 ι
3241 2979 3387 3049 ἤπερ
3416 2971 3485 3049 ἦν
3523 2980 3582 3034 ὲν

303 3065 532 3135 Χριστῷ
564 3067 833 3139 καθαρῶς.
2147 3075 2149 3078 ‘

395 3157 519 3221 Ὀξὺ
573 3159 628 3212 δὲ
681 3161 748 3230 δὴ
805 3163 968 3216 πάλιν
1023 3163 1300 3235 ἐνερείσας
1343 3166 1750 3238 γεγραμμένοις
1797 3165 1890 3236 τῆς

2073 3160 2275 3216 Verum
2306 3161 2352 3216 si
2380 3159 2600 3231 penitus
2630 3174 2694 3214 ea
2722 3173 2844 3230 quae
2867 3157 2959 3215 hic
2988 3158 3194 3228 scripta
3227 3168 3357 3214 sunt
3385 3159 3581 3216 mentis

295 3249 549 3312 διανοίας
606 3250 669 3303 τὸ
729 3251 918 3324 ὄμμα,
976 3255 1276 3325 θαυμάσεις
1342 3256 1572 3328 ἀρίστην
1631 3257 1890 3329 εὑρίσκων

2006 3253 2184 3309 oculis
2214 3252 2608 3322 introspexeris
2635 3293 2651 3317 ,
2696 3251 2752 3306 in
2794 3249 2903 3306 isto
2951 3249 3023 3304 ab
3062 3248 3459 3320 Hierosolymis
3495 3266 3582 3306 re-

293 3343 624 3412 οἰκονομίαν
669 3347 728 3399 ἐν
770 3348 892 3409 ταῖς
933 3345 1027 3400 τοῦ
1070 3347 1321 3419 Σωτῆρος
1358 3347 1514 3419 ἡμῶν
1543 3349 1890 3415 ἀποστάσεσι,

2006 3359 2169 3401 cessu
2201 3341 2717 3415 pmstantissimam
2753 3341 3220 3412 dispensationem
3263 3341 3579 3396 miraberis.

291 3436 431 3498 ταῖς
475 3435 542 3488 ὲκ
584 3434 694 3488 τῶν
737 3434 1121 3506 Ἰεροσολύμων
1172 3437 1335 3508 φημί.
1383 3435 1758 3502 Ἐξελαύνεται
1798 3439 1890 3509 μὲν

2003 3432 2314 3489 ,Ιιιόοιοτυιιι
2360 3433 2567 3504 quippe
2611 3431 2838 3487 vesania
2886 3445 3030 3501 saepe
3079 3430 3344 3501 eiicitur:
3386 3431 3482 3486 sed
3514 3431 3582 3485 ad

291 3524 418 3594 γὰρ
444 3523 552 3577 ὐπδ
576 3527 675 3596 τῆς
697 3525 805 3578 τῶν
838 3525 1106 3580 Ἰουδαίων
1137 3527 1392 3590 ἀπονοίας
1421 3528 1704 3592 πολλάκις,
1736 3545 1890 3584 κατα-

2007 3526 2342 3597 alienigenas
2371 3525 2695 3581 divertendo
2717 3564 2734 3590 ,
2766 3534 2945 3580 tutum
2981 3523 3085 3581 sibi
3122 3523 3265 3596 apud
3301 3523 3425 3580 illos
3460 3540 3582 3595 per-

289 3611 450 3666 λύων
475 3613 532 3666 δὲ
557 3615 710 3686 παρὰ
738 3617 851 3679 τοῖς
878 3615 1208 3685 ἀλλογενέσι,
1245 3616 1336 3670 καὶ
1378 3617 1752 3683 ἀνασώζεσθαι
1781 3635 1898 3682 πως

288 3705 457 3758 δοκεῖ
476 3708 607 3779 παρ’
626 3705 876 3772 ἐκείνοις,
901 3709 997 3763 καὶ
1016 3709 1116 3778 τῆς
1133 3708 1360 3778 δεούσης
1387 3709 1680 3763 ἀπολαύειν
1705 3709 1892 3780 τιμῆς’

286 3796 404 3866 τὴν
431 3796 638 3866 ἀμείνω
663 3796 841 3868 ψῆφον
867 3800 935 3870 τῇ
966 3797 1028 3863 ἐξ
1053 3797 1220 3852 ἐθνῶν
1254 3798 1550 3871 Ἐκκλησία
1577 3799 1666 3854 διὰ
1703 3799 1894 3852 τούτου

283 3887 500 3949 διδοὺς.
532 3887 627 3941 καὶ
660 3888 723 3940 τὸ
757 3889 1006 3958 μισόθεον
1045 3889 1156 3943 τῶν
1182 3890 1242 3954 ἐξ
1279 3889 1496 3961 Ἰσραὴλ
1533 3889 1622 3944 διὰ
1647 3891 1748 3962 τῆς
1777 3890 1896 3943 ἐτέ-

287 3993 418 4047 ρων
441 3977 724 4042 εὐλαϐείας
746 3980 1124 4050 ἐξελέγχεσθαι
1152 3981 1344 4047 ποιῶν,
1371 3981 1466 4034 καὶ
1493 3981 1556 4035 τὸ
1584 3983 1642 4035 ἐν
1665 3982 1894 4046 ἐκείνοις

281 4067 456 4139 ὠμὸν
509 4068 598 4122 διά
637 4069 736 4138 τῆς
772 4071 832 4123 ἐν
876 4070 1086 4134 τούτοις
1136 4072 1474 4144 ἡμερότητος
1516 4072 1889 4138 ἐπιδεικνύων,

283 4162 386 4215 ἵνα
419 4159 485 4228 δὴ
517 4160 603 4212 διὰ
631 4161 849 4215 πάντων
875 4161 1148 4229 φαίνοιντο
1187 4163 1370 4218 λοιπὸν
1395 4163 1891 4235 κεχρεωστημινως

281 4251 407 4321 ἤδη
458 4249 552 4300 καὶ
593 4249 776 4312 καλῶς
827 4250 926 4320 τῆς
972 4251 1055 4315 είς
1097 4252 1224 4317 τοὺς
1269 4253 1509 4323 πατέρας
1561 4253 1891 4323 ἐπαγγελίας

286 4336 688 4408 ἐξωθούμενοι.
737 4339 1117 4411 ’Δποπηδήσας
1171 4343 1228 4396 δὲ
1277 4343 1386 4397 τῶν
1430 4344 1818 4416 Ἰεροσολύμων
1861 4347 1890 4398 ὁ

289 4430 546 4498 Κύριος,
592 4430 693 4484 οὐκ
752 4431 832 4495 είς
891 4432 1022 4502 μίαν
1065 4434 1174 4489 τῶν
1226 4437 1572 4505 περιοικίδων
1629 4437 1888 4491 καταλύει

2005 3617 2214 3690 fugiunt
2271 3633 2393 3674 esse
2421 3625 2620 3689 putat,
2665 3625 2720 3672 et
2750 3633 2830 3680 se,
2877 3625 2938 3673 ut
2984 3616 3235 3686 decebat,
3283 3617 3582 3674 honorifice

2004 3708 2228 3764 tractari
2279 3726 2292 3763 :
2346 3723 2454 3778 quo
2501 3707 2648 3763 facto
2694 3708 2939 3778 gentium
2993 3707 3258 3765 Ecclesiae
3305 3710 3576 3780 potiorem

2001 3799 2274 3854 calculum
2305 3798 2518 3861 tribuit,
2545 3806 2599 3855 et
2628 3799 2960 3870 impietatem
2993 3798 3309 3856 Iudaeorum
3342 3785 3574 3856 aliorum

2001 3889 2200 3960 pietate
2226 3889 2525 3960 redarguit,
2543 3896 2598 3944 et
2621 3889 2841 3944 illorum
2857 3889 3239 3947 crudelitatem
3258 3891 3456 3947 horum
3476 3891 3576 3946 hu-

1999 3982 2263 4038 manitate
2293 3981 2678 4050 demonstrat,
2720 3990 2779 4037 ut
2808 3981 3004 4038 merito
3034 3983 3328 4040 videantur
3355 3983 3423 4039 de
3451 3999 3579 4054 pro-

1999 4070 2264 4128 missione
2294 4072 2541 4141 patribus
2570 4070 2717 4127 facta
2751 4072 2970 4142 deiecti.
3016 4070 3190 4128 Porro
3231 4087 3356 4127 cum
3395 4073 3581 4128 Domi-

1997 4177 2105 4218 nus
2144 4162 2378 4217 recessit
2412 4163 2846 4232 Hierosolymis,
2893 4179 3004 4218 non
3043 4163 3099 4218 in
3135 4177 3298 4218 unam
3335 4163 3578 4234 aliquam

1995 4269 2060 4311 ex
2101 4254 2422 4311 civitatibus
2447 4255 2646 4311 vicinis
2683 4255 2939 4319 divertit,
2977 4263 3074 4308 aut
3105 4256 3160 4309 in
3197 4254 3447 4312 finitimis
3483 4271 3578 4326 pa-

1995 4349 2079 4419 gis
2126 4354 2412 4413 moratur,
2461 4347 2557 4403 sed
2604 4346 2718 4402 abit
2759 4355 2913 4402 trans
2945 4355 3098 4400 mare
3125 4345 3463 4411 'l‘iberiadis,
3518 4357 3577 4401 ut

1996 4441 2070 4496 rei
2077 4455 2176 4510 psa
2197 4437 2602 4510 quodammodo
2618 4432 2801 4506 impiis
2818 4435 3261 4506 persecutoribus
3280 4436 3396 4490 suis
3412 4435 3575 4505 2'72

288 4519 485 4582 πόλιν,
511 4520 605 4574 καὶ
634 4520 692 4574 ἐν
723 4523 844 4584 ταῖς
871 4522 1092 4594 ὁμόροις
1123 4523 1402 4588 αὐλίζεται
1443 4526 1678 4596 κώμαις,
1714 4527 1890 4598 πέραν

1995 4527 2338 4587 interminari
2377 4526 2663 4590 videatur,
2705 4535 2814 4580 tam
2847 4525 3038 4596 procul
3075 4525 3144 4580 ab
3188 4525 3257 4581 iis
3295 4540 3355 4580 se
3393 4525 3578 4579 abitu-

285 4615 352 4667 δὲ
407 4613 594 4667 ἄπεισι
642 4614 744 4684 τῆς
796 4614 1070 4686 θαλάσσης
1099 4615 1199 4686 τῆς
1247 4617 1584 4687 Τιϐεριάδος,
1615 4622 1890 4690 μονονουχὶ

1995 4639 2112 4679 rum
2147 4630 2203 4678 et
2232 4622 2302 4677 ab
2333 4620 2485 4677 omni
2517 4628 2680 4691 gente
2707 4633 3058 4674 recessurum
3085 4641 3104 4684 -,
3134 4627 3194 4671 ut
3226 4618 3574 4673 inaccessum

285 4708 367 4759 δι’
401 4707 813 4776 ἐμφανεστάτου
840 4707 1168 4777 πράγματος
1195 4707 1435 4762 ἀπειλῶν
1458 4710 1574 4772 τοῖς
1607 4710 1690 4763 ὅτι
1724 4727 1890 4782 προσ⁴

1995 4712 2396 4786 quodammodo
2423 4710 2809 4768 conversionis
2841 4709 2909 4765 ad
2942 4710 3120 4780 ipsum
3154 4710 3259 4766 iter
3297 4712 3578 4780 praestitu-

287 4801 426 4868 ήκοι
451 4797 664 4852 διώκειν
695 4799 858 4854 αὐτὸν
889 4798 1164 4863 δυσσεϐῶς
1196 4799 1512 4871 ᾑρημένοις,
1536 4801 1616 4854 ὅτι
1641 4802 1890 4855 τοσοῦτον

1995 4821 2088 4859 rus
2115 4805 2188 4859 sit
2213 4821 2227 4858 :
2259 4805 2466 4859 invium
2489 4802 2695 4873 quippe
2729 4802 2988 4857 humanis
3021 4800 3255 4871 pedibus
3285 4807 3370 4856 est
3399 4815 3572 4857 mare.

285 4889 481 4943 αὐτῶν
523 4891 911 4963 ἀποστήσεται.
959 4890 1056 4944 καὶ
1091 4891 1292 4955 παντὸς
1331 4889 1425 4944 τοῦ
1471 4892 1657 4957 ἔθνους
1699 4893 1890 4948 ἑαυτὸν

1995 4895 2124 4952 Tale
2153 4896 2412 4966 quiddam
2444 4895 2611 4951 etiam
2645 4895 2696 4948 in
2729 4893 3091 4964 sequentibus
3138 4892 3321 4950 dicere
3363 4908 3578 4964 compe-

283 4983 640 5050 ἀπονοσφιεῖ,
681 4982 758 5044 ὡς
797 4983 894 5036 καὶ¹
937 4981 1138 5036 ἄϐατον
1184 4983 1369 5046 αὐτοῖς
1410 4984 1612 5055 τρόπον
1635 4985 1757 5039 τινὰ
1788 4986 1889 5056 τῆς

283 5071 442 5140 πρὸς
498 5070 661 5122 αὐτὸν
717 5073 1054 5143 ἐπιστροφῆς
1106 5074 1514 5129 κατασκευάσαι
1579 5077 1679 5147 τὴν
1737 5077 1884 5132 ὀδόν·

284 5159 444 5230 βατὴ
477 5159 584 5229 γὰρ
611 5161 858 5232 οὐδαμῶς
891 5168 1000 5227 τοῖς
1027 5164 1330 5236 ἀνθρώπων
1367 5168 1524 5220 ποσὶν
1556 5170 1588 5238 ή
1623 5167 1885 5224 θάλασσα.

277 5253 555 5308 Τοιοῦτον
587 5252 644 5306 δέ
671 5271 724 5306 τι
759 5254 854 5307 καὶ
895 5257 950 5310 ἐν
976 5261 1087 5323 τοῖς
1121 5260 1318 5331 ἐφεξῆς
1367 5261 1506 5332 πρὸς
1550 5260 1746 5324 αὐτούς
1786 5280 1888 5316 που

280 5351 474 5420 λέγων
517 5349 906 5420 εὐρεθήσεται’
936 5369 954 5403 ι
991 5355 1260 5426 Ζητήσετέ
1299 5373 1388 5427 με,
1442 5359 1538 5411 καὶ
1581 5357 1679 5428 οὐχ
1727 5358 1890 5429 εὑρή-

283 5456 446 5502 σετε,
469 5442 562 5495 καὶ
587 5441 724 5494 ὅπου
750 5441 861 5511 ἐγὼ
882 5442 1099 5512 ὑπάγω,
1121 5447 1277 5514 ὑμεῖς
1303 5448 1364 5500 οὐ
1384 5447 1614 5501 δύνασθε
1637 5449 1830 5504 ἐλθεῖν.
1864 5471 1884 5504 ι

282 5530 565 5603 Λειοτάτη
603 5532 704 5602 μὲν
735 5531 864 5604 γὰρ,
895 5533 988 5587 καὶ
1017 5534 1364 5607 εὐπόρευτος,
1391 5537 1486 5590 καὶ
1515 5536 1670 5590 οὐδὲν
1695 5537 1888 5608 ἔχουσα

278 5623 348 5675 τὸ
381 5625 564 5694 τραχὺ
612 5627 722 5690 τοῖς
760 5626 850 5680 διὰ
896 5625 1134 5690 πίστεως
1162 5628 1298 5699 πρὸς
1327 5629 1487 5686 αὐτὸν
1537 5631 1708 5686 ἰοῦσιν
1736 5632 1769 5702 ἡ
1803 5632 1889 5688 διὰ

266 5871 275 5878 ι
363 5797 387 5828 ³
426 5795 604 5855 lCor.
644 5817 766 5865 xm,
796 5802 848 5858 5.
927 5803 945 5834 ³
984 5802 1142 5861 Joan.
1183 5820 1299 5875 vm,
1328 5807 1416 5861 ‘21.

1996 4988 2207 5042 rictur:
2243 5005 2262 5039 ι
2297 4985 2569 5052 Quaeretis
2613 5000 2700 5040 me
2725 5025 2741 5050 ,
2781 4993 2837 5040 et
2865 4999 2976 5039 non
3008 4983 3342 5047 invenietis;
3389 4993 3576 5054 etquo

1995 5094 2095 5150 ego
2137 5078 2315 5144 vado,
2356 5093 2453 5134 vos
2497 5093 2606 5133 non
2629 5077 2856 5148 potestis
2875 5075 3062 5132 venire
3088 5076 3132 5130 ⁸.
3172 5093 3191 5128 ι
3245 5074 3573 5131 Planissima

1995 5171 2139 5225 enim
2171 5178 2226 5226 et
2260 5169 2437 5226 facilis
2459 5177 2566 5234 est,
2601 5183 2702 5224 nec
2733 5167 3050 5238 asperitatis
3077 5165 3380 5236 quidquam
3413 5165 3576 5218 habet

1997 5265 2083 5318 via
2109 5264 2341 5334 iustitia:
2356 5262 2704 5320 venientibus
2736 5261 2804 5316 ad
2834 5261 3013 5331 ipsum
3041 5274 3140 5330 per
3173 5258 3332 5312 fidem
3363 5273 3378 5309 :
3415 5269 3574 5322 aspc-

1998 5371 2058 5410 ra
2088 5371 2221 5411 vero
2257 5363 2314 5411 et
2352 5354 2520 5409 ardua
2542 5393 2559 5418 ,
2611 5355 2720 5408 imo
2753 5368 2884 5408 vero
2925 5352 3204 5406 inaccessa
3242 5359 3471 5416 prorsus
3504 5343 3573 5396 iis

1997 5448 2090 5518 qui
2141 5448 2476 5503 exacerbant
2525 5447 2738 5517 ipsum,
2785 5453 2844 5499 ut
2892 5459 2986 5513 per
3030 5454 3197 5495 unum
3248 5443 3570 5492 sanctorum

1998 5540 2388 5610 prophetarum
2421 5538 2688 5608 scriptum
2733 5543 2818 5590 est
2852 5552 2865 5588 :
2911 5554 2931 5584 ‹
2967 5533 3111 5594 Ideo,
3154 5527 3370 5596 inquit,
3405 5534 3568 5579 recta:

1998 5634 2093 5689 viae
2131 5631 2373 5697 Domini,
2417 5639 2470 5686 ct
2497 5630 2630 5701 iusti
2677 5625 3035 5682 ambulabunt
3077 5623 3132 5679 in
3185 5620 3303 5678 cis:
3341 5616 3434 5689 qui
3470 5631 3572 5671 au-
