4078 6262
555 373 662 432 43-3

1587 370 1644 424 S.
1685 367 1962 427 CYRILLI
2001 366 2470 426 ALEXANDRINI
2508 371 2826 428 ARCHIEP.
3751 379 3832 435 MC

559 504 670 550 tem
702 493 856 564 impii
885 496 1014 548 sunt
1039 531 1054 556 ,
1100 490 1528 548 inﬁrmabuntur
1573 493 1628 548 in
1673 493 1784 549 illis
1815 495 1856 549 ⁸.
1896 514 1914 546 ι
1957 493 2148 564 Itaque

2254 498 2350 566 τῆς
2382 497 2725 568 δικαιοσύνης
2749 497 2886 559 ὁδὸς,
2912 497 3354 569 ἐκτετραχυμένη
3384 497 3438 551 δὲ
3465 498 3560 550 καὶ
3589 498 3831 571 ἀνάντης,

557 586 912 655 interiectum
950 584 1086 640 illud
1123 584 1294 640 maris
1334 585 1576 655 spatium
1632 585 1906 657 significat
1943 585 2150 641 Judaeis

555 677 776 732 difﬁcile
803 675 1249 748 quodammodo,
1291 676 1404 732 imo
1448 693 1580 733 vero
1623 677 1832 735 invium
1881 693 2007 734 esse
2047 677 2151 732 iter

556 771 624 825 ad
670 770 891 841 ipsum,
944 768 1393 841 quandoquidem
1445 770 1629 842 impize
1682 787 1904 842 quoque
1949 773 2152 826 anima:

555 863 676 917 vias
708 861 1083 918 intercludere
1123 877 1184 918 se
1223 863 1514 933 profitetur
1548 863 1690 920 Deus
1736 863 1877 934 apud
1915 862 2153 933 prophe-

559 960 695 1017 tam,
729 950 924 1008 dicens
956 967 970 1002 :
1007 968 1026 1002 ι
1054 951 1202 1018 Ideo,
1230 951 1408 1023 inquit
1429 992 1445 1016 ,
1477 967 1578 1024 ego
1609 954 1821 1023 sepiam
1851 953 1998 1008 viam
2031 951 2153 1020 ejus

557 1058 615 1110 in
663 1042 900 1100 sudibus
931 1081 947 1107 ,
993 1050 1049 1098 et
1095 1045 1349 1099 semitam
1400 1057 1557 1098 suam
1615 1059 1724 1100 non
1781 1043 2026 1100 inveniet
2049 1044 2091 1096 °.
2129 1060 2148 1095 ι

556 1132 713 1200 Quod
766 1133 938 1205 igitur
988 1134 1065 1190 ibi
1111 1133 1316 1201 fossae,
1371 1134 1610 1205 idipsum
1659 1136 1826 1192 etiam
1867 1135 1958 1191 hic
2003 1147 2156 1189 mare

555 1225 863 1295 signiﬁcat,
899 1224 1049 1295 quod
1084 1224 1365 1296 improbos
1393 1226 1563 1282 ab-eo
1589 1227 1680 1282 cui
1723 1226 2065 1283 contumelia
2095 1225 2154 1280 fit

555 1324 780 1385 separat
801 1355 817 1382 ,
861 1324 916 1371 et
947 1331 977 1370 a
1010 1315 1300 1387 ﬂagitiosis
1333 1325 1587 1372 sanctum
1624 1317 1914 1388 dispescit.
1944 1317 2051 1373 Sed
2083 1325 2140 1372 et

554 1407 773 1462 videtur
823 1406 972 1461 aliud
1023 1406 1300 1478 quoddam
1359 1408 1522 1464 nobis
1579 1415 1743 1480 typus
1808 1408 1900 1464 ille
1958 1423 2154 1478 parere

555 1498 1057 1572 mysterium.Nam
1092 1514 1218 1554 cum
1244 1514 1308 1555 ex
1344 1498 1582 1572 (Egypto
1604 1499 1934 1556 educeretur
1962 1498 2154 1563 Israel,

555 1593 951 1663 insequebatur
975 1592 1204 1647 nimium
1225 1601 1491 1661 quantum
1528 1599 1889 1662 exasperatus
1910 1590 2151 1653 Pharao,

556 1692 612 1739 et
652 1683 936 1754 inopinata
989 1683 1168 1755 gentis
1213 1683 1366 1738 illius
1415 1682 1680 1738 felicitate
1720 1681 2154 1743 exstimulatus.

494 1833 498 1836 .
558 1791 671 1847 prae
712 1777 920 1832 invidia
961 1791 1026 1832 ac
1073 1776 1266 1832 dolore
1305 1783 1556 1831 extrema
1599 1790 1832 1848 quaeque
1872 1775 2150 1846 parabat:

2260 587 2462 658 μᾶλλον
2503 587 2561 641 δὲ
2605 587 2701 640 καὶ
2751 587 3056 651 ἁδιόδευτος
3105 588 3387 652 παντελῶς
3430 592 3546 652 τοῖς
3587 592 3836 661 παροργί-

2257 679 2442 745 ζουσιν
2480 679 2663 742 αὐτὸν,
2690 679 2833 733 κατά
2872 679 2935 732 τὸ
2975 680 3268 751 εἰρημένον
3292 681 3360 734 δι’
3390 681 3508 744 ένδς
3539 682 3649 734 τῶν
3679 681 3837 750 ἀγίων

2259 770 2582 842 προφητῶν·
2622 788 2641 822 ι
2674 771 2818 824 Διότι
2864 769 3071 825 εὐθεῖαι
3115 772 3173 826 αἱ
3207 771 3318 825 ὁδοὶ
3364 770 3460 825 τοῦ
3499 773 3726 844 Κυρίου,
3753 774 3840 827 καὶ.

2256 861 2455 929 δίκαιοι
2483 860 2837 932 πορεύσονται
2869 861 2924 914 ὲν
2950 861 3162 925 αὑταῖς,
3193 861 3243 914 οἱ
3282 861 3340 914 δὲ
3375 861 3596 924 ἀσεϐεῖς
3616 860 3837 931 ἀσθενή-

2260 969 2444 1006 σουσιν
2492 952 2550 1004 ὲν
2598 952 2808 1014 αὑταῖς.
2860 969 2877 1003 ι
2905 949 3116 1005 Οὐκοῦν
3176 951 3237 1003 τὸ
3285 949 3582 1020 δυσήνυτον
3635 948 3833 1020 ὥσπερ,

2262 1043 2462 1116 μᾶλλον
2496 1043 2552 1096 δὲ
2587 1043 2682 1096 καί.
2726 1045 2986 1115 ἀνήνυτον
3030 1046 3144 1107 τοῖς
3181 1040 3472 1106 Ἰουδαίοις,
3505 1041 3605 1110 τῆς
3643 1040 3718 1104 ὡς
3751 1043 3836 1093 ἐπ’

2259 1136 2420 1191 αὐτὸν
2441 1135 2738 1206 νοουμένης
2763 1136 2906 1201 ὁδοῦ,
2931 1136 2992 1189 τὸ
3021 1134 3224 1207 μεταξῦ
3250 1134 3350 1204 τῆς
3374 1132 3648 1203 Θαλάσσης
3676 1151 3833 1186 κατα-

2263 1225 2520 1297 σημαίνει
2551 1224 2848 1294 διάστημα,
2880 1224 3004 1277 ἐπεὶ
3033 1224 3126 1277 καὶ
3155 1223 3252 1292 τῆς
3273 1220 3640 1290 δυσσεϐούσης
3668 1218 3834 1290 ψυχῆς

2259 1318 2626 1390 ἀναφράττειν
2678 1315 3073 1386 ἐπαγγέλλεται
3127 1314 3225 1378 τάς
3275 1313 3428 1377 ὁδοὺς
3478 1313 3537 1366 ὲν
3593 1314 3832 1384 προφήτῃ

2259 1410 2394 1474 Θεὸς
2423 1410 2624 1478 λέγων·
2659 1428 2678 1463 ι
2714 1409 2811 1462 Διά
2834 1407 3012 1471 τοῦτο,
3045 1407 3153 1464 ἰδοὺ
3194 1406 3304 1474 ἐγὼ
3339 1405 3571 1476 φράσσω
3602 1405 3700 1475 τὴν
3728 1405 3834 1458 ὁδὸν

2260 1500 2431 1570 αὐτῆς
2459 1503 2517 1554 ἐν
2542 1500 2781 1570 σκόλοψι,
2814 1501 2908 1554 καὶ
2934 1498 3036 1570 τὴν
3053 1499 3234 1569 τρίϐον
3259 1497 3425 1567 αὐτῆς
3455 1498 3514 1550 οὐ
3543 1496 3618 1568 μὴ
3652 1495 3827 1568 εὕρῃ.»

2262 1594 2442 1666 Ὅπερ
2468 1590 2561 1654 οὖν
2590 1595 2649 1646 ὲν
2676 1593 2902 1656 ἐκείνοις
2931 1591 3151 1663 ἐδήλουν
3177 1592 3226 1644 οἱ
3264 1589 3544 1654 σκόλοπες,
3567 1588 3723 1642 τοῦτο
3749 1592 3833 1642 καὶ.

2261 1685 2320 1737 ὲν
2378 1683 2586 1747 τούτοις
2655 1686 2689 1753 ὴ
2761 1682 3004 1736 Θάλασσα
3048 1681 3156 1734 τῶν
3210 1677 3533 1746 ἀφυλάκτως
3575 1680 3829 1748 ἐμπαροι-

2263 1777 2372 1830 νεῖν
2436 1775 2709 1846 ἑλομένων
2778 1773 2872 1826 τὸν
2951 1769 3426 1844 έμπαροινηθέντα
3499 1768 3827 1841 χωρίζουσα,

559 1868 957 1938 insequebatur
979 1875 1162 1923 autem
1193 1876 1512 1931 coacturus.
1542 1875 1603 1922 ut
1625 1868 1728 1924 sibi
1759 1866 2146 1936 persuadebat,

2254 1868 2346 1921 καὶ
2409 1866 2670 1921 δι’ίστῶσα
2723 1867 2830 1920 τῶν
2895 1865 2994 1935 οὐχ
3061 1863 3223 1916 ὁσίων
3261 1863 3352 1916 τὸν
3427 1863 3593 1916 ὅσιον.
3656 1859 3830 1912 Ἔοικε

560 1958 764 2013 iterum
803 1961 859 2012 in
885 1957 1210 2013 servitutem
1234 1971 1330 2013 eos
1359 1957 1458 2028 qui
1493 1972 1621 2012 sero
1652 1971 1717 2013 ac
1746 1957 1836 2011 vix
1867 1956 2014 2012 illam
2049 1971 2146 2011 ex.

560 2055 869 2103 cusserant.
901 2046 967 2101 Et
1000 2047 1288 2104 traductus
1313 2045 1535 2118 quidem
1563 2053 1649 2103 est
1678 2061 1709 2100 a
1742 2045 1852 2103 Deo
1875 2061 1972 2118 per
1993 2059 2147 2101 mare

561 2141 800 2196 medium
825 2157 838 2195 :
860 2155 1049 2195 verum
1070 2154 1194 2195 cum
1219 2139 1422 2196 acriter
1443 2140 1849 2210 insequeretur,
1873 2153 1977 2195 nec
1999 2139 2136 2194 iram

561 2234 746 2289 sedari
778 2248 1007 2304 prorsus
1035 2242 1342 2304 pateretur,
1375 2233 1471 2289 sed
1500 2233 1790 2304 impotenti
1813 2233 2002 2288 animo
2036 2231 2149 2288 Deo

560 2325 728 2382 Stulte
749 2325 951 2382 bellum
980 2323 1246 2392 inferret,
1273 2326 1330 2381 in
1355 2325 1555 2390 mediis
1586 2324 1846 2381 fluctibus
1879 2339 2004 2379 cum
2032 2338 2150 2379 om-

562 2417 726 2475 nibus
774 2419 951 2489 c0piis
992 2418 1226 2474 obrutus
1283 2425 1402 2484 est,
1451 2418 1720 2488 solusque
1766 2424 2021 2473 servatus
2067 2425 2149 2470 est

561 2508 751 2564 Israel.
781 2508 888 2564 Sed
921 2508 1152 2579 prodeat
1185 2509 1300 2578 jam
1337 2509 1503 2565 nobis
1539 2509 1596 2563 in
1628 2507 1872 2563 medium
1910 2507 2003 2563 ille
2037 2504 2153 2561 Mo-

564 2617 654 2657 ses
689 2601 783 2670 qui
812 2598 1129 2655 Iudam-um
1168 2599 1448 2656 vesaniam
1495 2599 1652 2672 prius
1689 2598 1946 2664 deflevit,
1981 2607 2037 2654 et
2066 2599 2153 2654 di-

563 2697 654 2745 cat
693 2690 762 2744 ad
809 2706 904 2745 eos
953 2707 1095 2762 aegre
1138 2690 1320 2749 ferens
1365 2692 1536 2763 impia
1576 2693 1633 2747 in
1679 2690 1962 2748 Christum
2016 2689 2152 2746 faci-

565 2797 703 2837 nora
758 2802 772 2838 :
830 2783 1174 2839 «Generatio
1222 2799 1409 2855 prava,
1465 2793 1520 2840 et
1574 2783 1856 2850 adultera,
1912 2783 2153 2838 haeccine

564 2872 755 2928 reddis
815 2872 1050 2928 Domino
1089 2873 1154 2927 τί
1201 2893 1218 2926 ι
1280 2873 1412 2928 Eum
1471 2874 1568 2945 qui
1626 2881 1682 2929 te
1733 2889 1829 2944 per
1881 2887 2033 2928 mare
2097 2878 2153 2928 et

563 2962 765 3023 ﬂuctus
816 2962 1105 3027 traduxit,
1160 2964 1307 3018 ultra
1361 2978 1512 3019 mare
1560 2962 1778 3035 abigis.
1833 2971 1889 3019 et
1934 2960 2151 3031 insequi

565 3071 676 3110 non
734 3053 998 3110 vereris?
1061 3053 1192 3108 Tuae
1243 3055 1357 3124 jam
1427 3063 1557 3110 sunt
1611 3062 1796 3124 partes
1829 3093 1847 3121 ,
1908 3052 2146 3108 Iudaee:

565 3147 727 3218 273
769 3161 919 3200 mare
960 3153 1013 3202 te
1060 3146 1279 3202 tandem
1321 3147 1615 3217 opprimet.
1667 3145 1815 3201 Mors
1861 3147 2008 3202 enim
2055 3160 2149 3202 eos

567 3240 660 3309 qui
702 3245 1114 3309 persequuntur
1141 3246 1348 3301 manet,
1378 3247 1486 3294 non
1523 3238 1619 3309 qui
1651 3237 1891 3309 fugiunt,
1923 3246 1977 3294 et
2004 3237 2151 3309 quod

566 3340 700 3384 tunc
729 3329 784 3383 in
813 3329 925 3383 illis
950 3370 965 3396 ,
1011 3328 1068 3384 id
1097 3345 1247 3385 nunc
1282 3331 1338 3385 in
1375 3329 1597 3386 Christo
1624 3343 1850 3400 quoque
1882 3339 1937 3384 ει
1968 3329 2152 3399 impiis

565 3424 772 3481 Iudaeis
795 3426 981 3482 videre
1012 3434 1118 3482 est.
1163 3425 1358 3483 Psallit
1390 3441 1520 3481 vero
1565 3427 1769 3481 alicubi
1801 3427 2020 3482 divinus
2062 3426 2153 3480 ille

566 3523 756 3572 noster
779 3515 952 3572 David
979 3535 994 3574 :
1031 3534 1053 3569 ι
1079 3517 1199 3572 Νοιι
1227 3533 1314 3572 me
1337 3517 1619 3587 demergat
1643 3526 1940 3589 tempestas
1974 3532 2150 3588 aqua},

568 3619 748 3673 neque
785 3605 1083 3660 absorbeat
1116 3620 1203 3660 me
1227 3604 1558 3676 profundum
1585 3606 1639 3670 ⁸,
1674 3625 1692 3658 ι
1731 3608 1934 3676 quibus
1970 3608 2153 3663 verbis

566 3695 956 3766 gravissimum
1035 3695 1340 3766 Synagog'e
1405 3693 1722 3758 Judazorum
1791 3697 2151 3770 naufragium

565 3785 904 3848 subindicat,
937 3796 991 3841 et
1025 3788 1350 3856 ignorantia:
1381 3786 1660 3857 profundo
1705 3788 1869 3844 simul
1909 3788 2152 3860 demergi

567 3885 872 3934 aversatur.
915 3877 1022 3934 Sed
1051 3878 1297 3950 Egyptii
1338 3880 1558 3950 quidem
1591 3888 1644 3936 et
1675 3895 1864 3935 eorum
1907 3896 2002 3937 rex
2039 3896 2157 3936 cor-

568 3983 764 4037 porum
807 3969 1192 4025 tantummodo
1234 3969 1512 4040 jacturam
1565 3969 1838 4025 fecerunt.
1880 3968 2056 4026 Judaei
2097 3986 2155 4026 re

567 4062 956 4129 praestabiliori
1001 4063 1217 4118 multati
1258 4065 1483 4136 gravius
1536 4063 1840 4132 puniuntur
1885 4082 1898 4118 :
1956 4063 2155 4118 animae

565 4153 770 4224 quippe
802 4153 1078 4222 iacturam
1114 4154 1365 4221 faciunt,
1415 4170 1516 4225 pro
1550 4155 1767 4211 ratione
1812 4171 2040 4212 suorum
2072 4155 2154 4210 fav

564 4245 821 4301 cinorum
873 4247 1095 4315 praemia
1133 4254 1502 4317 reportantes.
1549 4246 1686 4303 Jure
1733 4247 1882 4303 enim
1929 4247 2153 4318 punitus

531 4335 534 4343 ’
563 4347 652 4394 εει
689 4337 925 4404 Pharao,
966 4347 1157 4410 utpote
1185 4339 1278 4410 qui
1314 4340 1547 4395 liberum
1577 4341 1842 4411 p0pulum
1885 4341 2153 4396 servitute

521 4445 816 4498 .prcmere
884 4439 1172 4498 tentaret;
1240 4440 1434 4486 contra
1504 4447 1635 4487 vero
1704 4431 1854 4502 juste
1920 4431 2153 4502 punitur

2245 1961 2304 2015 δέ
2374 1979 2426 2014 τι
2499 1960 2592 2014 καὶ
2659 1959 2842 2029 ἕτερον
2889 1959 3018 2029 ἡμῖν
3073 1956 3152 2019 ὡς
3223 1954 3280 2008 ἐν
3347 1953 3531 2008 ὠδῖσιν
3591 1953 3620 2005 6
3676 1951 3833 2014 τύπος

2249 2052 2634 2125 κεκρυμμένον
2725 2051 2870 2121 ἔχειν
2953 2049 3270 2120 μυστήριον.
3351 2047 3480 2100 Ὅτε
3564 2045 3675 2116 γάρ
3742 2043 3834 2113 τῆς

2249 2145 2564 2214 Αἰγυπτίων
2624 2142 2965 2213 ἐξεπέμπετο
3017 2140 3200 2213 χώρας
3251 2142 3280 2193 6
3316 2138 3554 2210 Ἰσραὴλ,
3611 2134 3831 2206 ἠκολού-

2250 2237 2332 2290 θει
2373 2236 2473 2304 μὲν
2525 2235 2646 2287 λίαν
2691 2232 3088 2304 ἐκτεθηγμένος
3137 2234 3165 2286 6
3207 2230 3427 2301 Φαραὼ,
3479 2229 3572 2282 ἐπὶ
3621 2227 3680 2280 δὲ
3719 2228 3833 2290 ταῖς

2249 2327 2532 2399 ἀδοκήτοις
2589 2324 2916 2397 εὐπραγίαις
2970 2324 3067 2378 τοῦ
3126 2323 3309 2387 ἔθνους
3373 2319 3829 2392 ὲξοιστρούμενος,

2249 2419 2320 2472 τά
2347 2419 2412 2471 ὲκ
2442 2417 2636 2487 φθόνου
2677 2418 2770 2472 καί
2807 2417 2984 2488 λύπης
3013 2415 3325 2488 ἀποτολμᾷν
3370 2414 3522 2484 νόμῳ
3547 2411 3624 2484 τῷ
3661 2411 3838 2482 μάχης

2251 2511 2541 2581 ἠπείγετο·
2581 2509 2866 2581 ἠκολούθει
2911 2509 2968 2562 δὲ
3021 2509 3282 2562 δύνασθαι
3330 2507 3713 2577 παλινδρομεῖν
3760 2505 3836 2568 είς

2251 2601 2495 2656 δουλείαν
2541 2598 2872 2668 ἀναγκάζειν
2921 2600 3165 2671 οἰόμενος
3212 2601 3338 2663 τοὺς
3387 2599 3486 2667 ὀψὲ
3539 2597 3632 2650 καὶ
3688 2596 3834 2666 μόλις

2252 2695 2350 2765 τῆς
2398 2692 2489 2746 ὑπ’
2518 2692 2667 2763 αὐτῷ
2699 2691 2919 2763 θητείας
2955 2691 3326 2754 ὲκδεδυκότας.
3366 2689 3524 2743 Ἀλλά
3569 2686 3832 2751 διεϐίϐαζε

2257 2785 2355 2854 μὲν
2383 2785 2483 2855 τὴν
2513 2783 2601 2836 διὰ
2635 2782 2910 2853 θαλάσσης
2947 2781 3118 2853 μέσης
3155 2781 3307 2844 Θεὸς,
3341 2781 3370 2834 6
3404 2779 3460 2832 δὲ
3501 2777 3713 2832 διώκων
3755 2779 3835 2829 ὲν·

2252 2876 2440 2941 τόνως,
2471 2875 2565 2928 καὶ
2593 2874 2830 2946 χαλᾶσαι
2865 2875 2964 2944 μὲν
3007 2874 3105 2944 τὴν
3141 2873 3312 2945 ὀργὴν
3353 2871 3616 2944 μηδαμῶς
3661 2870 3838 2939 ἀνεχόρ

2257 2983 2435 3037 μενος,
2465 2966 2754 3036 θεομαχεῖν
2799 2965 2856 3018 δὲ
2902 2964 3230 3036 παραλόγως
3282 2959 3756 3031 άναπεπεισμένος
3781 2958 3836 3022 ἐξ

2253 3055 2496 3126 ἀκράτου
2558 3054 2771 3124 θυμοῦ,
2830 3053 2972 3108 κατά
3042 3053 3214 3122 μέσην
3273 3052 3441 3122 αὐτὴν
3497 3050 3838 3123 πανστρατιᾷ

2254 3145 2648 3214 κατεπνίγετο,
2695 3144 2984 3209 διεσώζετο
3031 3143 3086 3197 δὲ
3146 3143 3304 3213 μόνος
3351 3144 3380 3196 6
3427 3141 3666 3214 Ἰσραήλ.
3706 3141 3834 3193 Ἀλλ’

2253 3239 2433 3311 ἡκέτω
2474 3239 2566 3293 καὶ
2597 3237 2692 3292 νῦν
2729 3239 2809 3301 εἰς
2857 3236 3021 3306 μέσον
3063 3237 3193 3306 ἡμῖν
3226 3235 3254 3287 6
3294 3237 3392 3301 τὰς
3429 3235 3538 3290 τῶν
3573 3235 3836 3289 Ἰουδαίων

2252 3330 2509 3394 ἀπονοίας
2539 3329 3028 3402 προαναθρηνήσας
3064 3329 3293 3400 Μωσῆς,
3325 3329 3418 3383 καί
3468 3328 3676 3396 λεγέτω
3703 3329 3838 3399 πρὸς

2253 3422 2449 3486 αὐτοὺς
2483 3422 2576 3475 ἐπὶ
2601 3423 2723 3486 ταῖς
2766 3423 2847 3486 είς
2892 3421 3127 3493 Χριστὸν
3161 3421 3437 3484 ἀσεϐείαις
3484 3421 3837 3488 ἀγανακτῶν·

2259 3531 2278 3565 ι
2311 3511 2478 3566 Γενεά
2527 3512 2740 3582 πονηρὰ
2791 3513 2886 3567 καὶ
2940 3514 3221 3585 μοιχαλὶς,
3266 3513 3440 3566 ταῦτα
3482 3513 3674 3584 Κυρίῳ
3717 3513 3838 3566 ἀντι

2253 3605 2556 3670 αποδίδοτε;
2587 3625 2606 3656 ι
2645 3604 2748 3658 Τὸν
2771 3605 3110 3673 διενεγκόντα
3133 3604 3221 3658 διὰ
3243 3604 3520 3676 θαλάσσης
3550 3604 3721 3674 μέσης
3751 3603 3840 3655 καὶ

2253 3698 2513 3768 κυμάτων
2559 3697 2804 3768 σφοδρῶν
2860 3697 3034 3769 πέραν
3081 3697 3324 3761 ἐλαύνεις
3375 3697 3686 3769 θαλάσσης,
3748 3697 3841 3750 καὶ

2253 3790 2464 3842 διώκων
2491 3789 2590 3842 οὐκ
2617 3789 2908 3861 ὲρυθριᾷς;
2949 3790 3048 3844 Σὺν
3092 3786 3184 3845 οὖν
3215 3791 3322 3858 ἄρα
3356 3791 3416 3844 τὸ
3456 3790 3671 3851 παθεῖν.
3709 3791 3843 3843 Ἰου-

2254 3879 2391 3946 δαῖε,
2433 3880 2491 3933 σὲ
2540 3881 2858 3945 καταπνίξει
2915 3881 3100 3935 λοιπὸν
3145 3883 3178 3953 ἡ
3227 3883 3491 3936 θάλασσα.
3561 3883 3684 3942 Τῶν
3732 3883 3842 3952 γὰρ

2253 3971 2580 4036 διωκόντων,
2620 3972 2683 4025 οὐ
2740 3971 2850 4026 τῶν
2891 3973 3236 4044 διωκομένων
3271 3976 3298 4028 6
3345 3973 3596 4038 θάνατος,
3646 3974 3743 4028 καὶ
3785 3975 3843 4026 ὲν

2255 4063 2484 4127 ἐκείνοις
2509 4059 2578 4134 ἦν
2608 4064 2727 4118 τότε
2760 4064 2852 4117 καὶ
2889 4063 2983 4116 νῦν
3040 4065 3133 4118 ἐπὶ
3171 4064 3408 4136 Χριστοῦ
3454 4066 3550 4118 καὶ
3595 4064 3706 4118 τῶν
3751 4066 3843 4119 ἀν-

2252 4156 2414 4209 οσίων
2472 4155 2758 4211 Ἰουδαίων.
2814 4155 3022 4211 Ψάλλει
3066 4157 3124 4210 δέ
3187 4174 3290 4210 που
3323 4157 3418 4210 καὶ
3468 4156 3498 4209 6
3554 4155 3842 4220 θεσπέσιος

2253 4249 2384 4318 ἡμῖν
2418 4247 2608 4301 Δαϐίδ·
2646 4267 2664 4298 ι
2698 4249 2788 4318 Μή
2831 4265 2898 4319 με
2937 4248 3386 4303 καταποντισάτω
3427 4250 3683 4318 καταιγίς
3717 4248 3846 4301 ὕδα-

2253 4357 2363 4404 τος,
2399 4339 2596 4408 λέγων,
2630 4340 2763 4410 μηδὲ
2795 4340 3109 4394 καταπιέτω
3147 4357 3215 4410 με
3249 4339 3430 4410 βυθὸς,
3472 4361 3490 4393 ι
3516 4341 3578 4394 τὸ
3628 4339 3845 4410 παγχά-

2251 4432 2416 4485 λεπον
2458 4431 2557 4503 τῆς
2595 4432 2862 4485 Ἰουδαίων
2920 4434 3249 4503 Συναγωγῆς
3301 4434 3658 4505 ὑπεμφαίνων
3704 4426 3845 4486 ’ναυ-

564 4520 730 4581 Israel
757 4560 772 4584 ,
801 4521 892 4590 qui
939 4521 1147 4576 servire
1188 4521 1434 4577 universi
1464 4521 1694 4578 Domino
1721 4522 2147 4593 dedignaretur;

2257 4522 2430 4591 ἅγιον,
2477 4521 2571 4575 καὶ
2616 4521 2677 4575 τὸ
2723 4523 2820 4576 σὺν
2856 4523 3085 4586 ἐκείνοις
3125 4523 3585 4594 ὲναποπνίγεσθαι
3629 4524 3708 4595 τῷ
3740 4524 3844 4592 τῆς

564 4619 620 4666 et
643 4626 805 4680 quem
839 4611 932 4666 ille
961 4613 1106 4682 apud
1139 4611 1319 4681 ipsum
1352 4612 1660 4683 tyrannidis
1694 4613 1878 4668 locum
1904 4613 2148 4678 tenebat,

565 4701 712 4755 Imnc
748 4701 868 4770 ipse
894 4717 1024 4771 erga
1065 4701 1232 4758 Deum
1264 4702 1536 4774 superbia:
1569 4712 1752 4760 tenere
1784 4703 2152 4774 deprehendi-

565 4801 676 4845 tur.
724 4792 1035 4847 Notandum
1113 4809 1279 4863 porro
1358 4795 1449 4850 hic
1502 4795 1756 4867 paludem
1804 4794 2149 4850 Tiberiadem

567 4897 719 4936 mare
757 4884 967 4949 vocari,
997 4899 1098 4954 pro
1129 4902 1280 4941 more
1311 4886 1610 4958 Scriptura:
1643 4888 1842 4944 divina:
1873 4909 1885 4942 :
1943 4907 1961 4941 ι
2000 4888 2152 4944 Con-

562 4972 920 5041 gregationes
988 4975 1132 5029 enim
1200 4991 1466 5045 aquarum
1545 4981 1720 5034 maria
1803 4980 2064 5036 vocavit"
2128 5000 2144 5032 ι

565 5062 787 5135 Opifex.
822 5063 976 5133 Saepe
1005 5074 1184 5120 autem
1227 5067 1333 5120 hoc
1373 5070 1703 5124 vocabulum
1741 5071 1954 5126 externi
2004 5072 2148 5128 scri-

563 5166 754 5224 ptorcs
783 5153 1097 5225 promiscue
1135 5165 1440 5225 usurpant,
1488 5159 1561 5212 ita
1594 5168 1655 5212 ut
1699 5160 1950 5214 nonnulli
1993 5163 2150 5232 palu-

560 5250 684 5305 dem
718 5247 890 5304 maris
916 5247 1138 5303 nomine
1161 5263 1484 5319 nuncupare
1515 5265 1626 5305 non
1653 5250 1929 5307 dubitent.

2253 4614 2526 4683 ἀγνωσίας
2557 4613 2704 4685 βυθῷ
2741 4615 3194 4686 παραιτούμενος.
3231 4617 3371 4670 Ἀλλ’
3399 4617 3717 4685 Αἰγυπτίοις
3742 4616 3846 4686 μὲν

2253 4705 2348 4759 καὶ¹
2379 4703 2456 4775 τῷ
2484 4706 2613 4776 παρ’
2665 4706 2892 4770 ἐκείνοις
2929 4707 3216 4778 κρατοῦντι
3260 4710 3380 4763 τότε
3425 4711 3552 4780 περὶ
3587 4709 3844 4779 σώματος

2253 4797 2319 4850 ὲκ
2349 4797 2450 4867 γῆς
2494 4796 2524 4848 ὁ
2571 4797 2812 4862 κίνδυνος
2841 4795 2930 4870 ἦν,
2967 4801 3206 4854 Ἰουδαῖοι
3244 4802 3301 4856 δὲ
3332 4802 3591 4866 παθόντες
3640 4805 3724 4865 εἰς
3772 4801 3846 4854 τά

2253 4887 2554 4959 τιμιώτερα
2589 4888 2850 4958 μειζόνως
2891 4891 3238 4956 κολάζονται·
3271 4894 3452 4965 ψυχῆς
3491 4894 3601 4964 γάρ
3628 4895 3846 4965 ὑπομέο

2256 4997 2403 5034 νουσι
2434 4981 2655 5052 ζημίαν,
2683 4983 2961 5052 ἀναλόγως
2997 4988 3110 5049 τοῖς
3143 4987 3291 5051 ἰδίοις
3316 4989 3595 5059 κακουργή
3606 5006 3739 5058 μασι
3775 4987 3847 5040 τὰ

2256 5071 2508 5145 ἐπίχειρα
2541 5074 2906 5146 κομιζόμενοι.
2953 5078 3268 5143 Ἑκολάζετο
3313 5080 3413 5151 μὲν
3455 5080 3564 5151 γὰρ
3601 5079 3848 5149 εὐλόγως

2254 5166 2283 5218 6
2313 5165 2529 5236 Φαραὼ,
2557 5167 2898 5221 πλεονεκτεῖν
2926 5170 3006 5232 είς
3034 5169 3280 5224 δουλείαν
3307 5172 3367 5225 τὸ
3406 5171 3691 5242 ἐλεύθερον
3730 5175 3842 5223 ἐπι-

2256 5257 2483 5328 χειρῶν·
2516 5260 2839 5329 τιμωρεῖται
2867 5260 2924 5312 δὲ
2949 5261 3109 5316 πάλιν
3135 5264 3192 5330 ἐξ
3219 5264 3576 5336 ἀντιστρόφου
3612 5265 3843 5325 δικαίως

559 5342 587 5393 ὀ
635 5339 856 5413 Ἰσραὴλ
881 5339 979 5410 τὴν
1007 5338 1110 5393 ὑπὸ
1146 5337 1224 5410 τῷ
1255 5339 1475 5394 πάντων
1510 5341 1754 5413 Δεσπότῃ
1783 5341 2024 5398 δουλείαν
2050 5345 2148 5398 οὐκ
2178 5347 2574 5418 εἰσερχόμενος,
2622 5349 2736 5402 ἀλλ’
2762 5350 2900 5420 ὅπερ
2928 5345 2996 5421 ἧν
3023 5351 3098 5414 ὡς
3146 5353 3204 5406 ἐν
3253 5353 3479 5424 δυνάμει
3527 5354 3841 5420 πλεονεξίας

555 5439 770 5502 ἐκεῖνος
826 5437 996 5506 αὐτῷ,
1066 5437 1224 5490 τοῦτο
1257 5437 1351 5491 καὶ
1414 5437 1574 5502 αὐτὸς
1617 5440 1682 5492 ὲκ
1755 5439 1953 5512 πολλῆς
2015 5441 2329 5508 ἀλαζονείας
2370 5446 2450 5508 εἰς
2501 5444 2632 5499 Θεὸν
2676 5446 3082 5517 εὑρισκόμενος.
3126 5449 3465 5520 Σημειωτέον
3501 5450 3580 5517 δὲ,
3614 5452 3702 5503 ὅτι
3740 5451 3843 5521 τὴν

565 5527 857 5598 Γιϐεριάδα
911 5529 1106 5600 λίμνην
1153 5528 1425 5584 θάλασσαν
1470 5530 1768 5596 ἀποκαλεῖ,
1807 5535 1916 5595 τοῖς
1990 5535 2086 5604 τῆς
2125 5534 2274 5598 θείας
2333 5537 2551 5607 Γραφῆς
2612 5537 2876 5608 ἑπόμενος
2909 5538 3114 5606 λόγοις·
3147 5557 3166 5591 ι
3205 5540 3286 5592 Τά
3344 5540 3454 5610 γάρ
3517 5543 3838 5612 συστήματα

558 5620 673 5672 τῶν
718 5621 927 5674 ὑδάτων
981 5623 1254 5688 θαλάσσας
1303 5624 1561 5678 ἐκάλεσεν
1620 5646 1637 5678 ι
1685 5629 1712 5678 6
1763 5628 2121 5699 Δημιουργός.
2165 5631 2465 5700 Ἀδιαφορεῖ
2506 5631 2562 5684 δὲ
2605 5633 2858 5698 πολλάκις
2903 5635 2993 5687 καὶ
3026 5635 3227 5703 ὀπαρά
3270 5637 3379 5700 τοῖς
3408 5635 3512 5701 ἔξω
3547 5636 3721 5708 λόγος,
3763 5637 3832 5698 ὡς

561 5714 658 5767 καὶ
686 5713 879 5784 λίμνην
914 5714 1035 5767 ἔσθ’
1080 5717 1165 5769 ὅτε
1231 5720 1328 5789 τὴν
1362 5718 1636 5772 θάλασσαν
1704 5719 1986 5790 ὀνομάζειν
2050 5722 2111 5773 οὐ
2166 5723 2739 5793 παραιτεῖσθαίτινας.

644 5868 664 5899 ⁸
697 5867 834 5925 Osee
868 5887 977 5937 xiv,
1019 5873 1101 5928 10.
1181 5878 1198 5906 ⁸
1237 5877 1375 5934 Osee
1411 5895 1485 5944 II,
1522 5880 1569 5934 6.
1652 5885 1664 5910 ⁷
1713 5877 1870 5933 Deut.
1912 5895 2098 5945 xxxii,
2139 5879 2150 5926 ἲ

2268 5880 2285 5908 ’³
2322 5878 2467 5936 Psal.
2506 5895 2709 5949 vam,
2765 5883 2843 5937 16.
2925 5885 2940 5913 -”
2966 5883 3096 5941 Gen.
3135 5901 3170 5951 I,
3216 5884 3293 5937 I0.
