4078 6262
379 315 480 371 Ml

1412 306 1479 362 IN
1517 306 1808 365 ιοΑΝΝιε
1845 301 2295 363 ΕνΑΝοΕιιυιι
2338 298 2468 361 LIB.
2506 297 2597 354 Ill.

3555 297 3663 355 4-H

467 427 809 483 Ἠκολούθει
835 425 905 480 δὲ
922 425 1083 492 αὐτῷ
1102 424 1287 496 ὄχλος
1306 426 1522 494 πολὺς,
1546 425 1638 483 ὅτι
1684 426 1958 496 Maximam

2152 422 2241 489 Vl,
2261 425 2383 480 2.4.
2426 416 2756 494 Sequebatur
2786 422 2965 469 autem
2982 427 3101 468 eum
3126 411 3412 466 multitudo
3442 428 3659 482 magna,

381 518 457 573 τὰ
493 518 738 587 σημεῖα,
773 518 813 573 d
836 518 1023 573 ἐποίει
1051 516 1149 571 ἐπὶ
1188 516 1308 572 τῶν
1336 518 1783 573 ἀσθενούντων.
1828 518 1963 574 Ἀν-

381 608 539 679 ἦλθε
574 609 645 663 δὲ
674 612 762 677 εις
795 610 860 664 τὸ
900 609 1037 677 ὄρος
1060 611 1096 664 ὁ
1135 609 1388 678 Ἰησοῦς,
1429 608 1528 665 καί
1554 609 1686 665 ἐκεῖ
1709 608 1969 680 ἐκάθητο

380 699 533 769 μετὰ
556 700 678 755 τῶν
684 699 969 771 μαθητῶν
987 700 1194 758 αὐτοῦ.
1222 696 1337 760 Ἦν
1360 702 1431 757 δὲ
1458 702 1640 773 ἐγγὺς
1660 702 1730 758 τὸ
1751 702 1970 774 Πάσχα

385 787 425 854 ἡ
452 788 626 856 ἑορτὴ
656 787 775 842 τῶν
807 787 1120 843 Ἰουδαίων.
1933 847 1936 851 .

457 881 587 935 Ὅτε
614 881 722 953 7&9
762 881 873 937 τῶν
914 881 1308 954 Ἱεροσολύμων
1338 883 1738 956 ὲκπεφοίτηκεν
1765 888 1796 940 ὀ
1831 887 1965 959 Χρι-

382 972 526 1039 στὸς,
567 974 710 1029 κατὰ
735 974 799 1028 τὸ
826 976 883 1029 ἐν
922 977 1231 1049 προφήταις
1264 979 1386 1051 είρη
1395 978 1556 1050 μένον
1585 996 1599 1011 ’
1643 999 1662 1032 ι
1700 982 1966 1051 Ἐγκατα-

380 1062 601 1117 λέλοιπα
620 1063 712 1117 τδν
737 1058 887 1118 οἶκόν
919 1081 1043 1134 μου,
1073 1065 1266 1137 ἀφῆκα
1292 1066 1391 1137 τὴν
1416 1066 1782 1139 κληρονομίαν
1803 1084 1960 1139 pou,»

380 1155 467 1209 ὅτε
496 1155 588 1209 τὸν
608 1155 813 1233 ἀπειθῆ
840 1156 935 1210 καὶ
952 1156 1204 1229 δυσήνιον
1230 1159 1342 1213 τῶν
1375 1160 1647 1215 Ἰουδαίων
1667 1159 1967 1215 ἀπολακτί-

381 1261 479 1309 σας
507 1246 672 1311 λαὸν,
722 1248 837 1310 τοῖς
881 1246 1225 1317 ἀλληενέσιν
1251 1248 1442 1304 ἑαυτὸν
1482 1248 1795 1321 ἐχαρίζετο,
1843 1248 1966 1302 τότε

378 1337 545 1401 πολὺς
571 1337 676 1408 μὲν
697 1336 853 1409 ὄχλος
878 1338 1181 1394 ἀκολουθεῖ.
1209 1341 1418 1396 Ἀνεισι
1440 1340 1498 1395 δὲ
1527 1342 1606 1405 είς
1630 1341 1755 1412 ὅρος
1779 1340 1962 1407 αὐτὸς,

376 1430 497 1482 κατ’
520 1430 701 1494 ἐκεῖνο
725 1429 791 1501 δὴ
819 1430 1057 1496 πάντως,
1090 1432 1229 1503 ὅπερ
1250 1432 1440 1503 εἴρηκε
1460 1432 1674 1502 φθάσας
1699 1449 1715 1466 °
1749 1451 1769 1486 ι
1795 1431 1967 1501 Κάγὼ

377 1520 473 1574 ἐὰν
498 1521 703 1591 ὑψωθῶ
732 1523 798 1575 ὲκ
835 1523 960 1594 γῆς,
990 1525 1197 1586 πάντας
1241 1525 1454 1580 ἑλκύσω
1483 1525 1619 1601 πρὸς
1653 1525 1914 1597 ἐμαυτόν.
1940 1541 1959 1576 ι

387 1611 615 1683 Ὑψὼθη
642 1611 742 1682 μὲν
770 1612 881 1684 γὰρ
908 1614 973 1668 ὲκ
995 1614 1098 1683 τῆς
1121 1615 1248 1685 γῆς,
1273 1616 1371 1670 καὶ
1399 1618 1481 1681 είς
1518 1617 1610 1671 τὸν
1633 1617 1775 1687 ὑπὲρ
1806 1615 1967 1688 ἡμῶν

377 1701 688 1756 ἀναϐαίνων
728 1705 978 1775 σταυρόν.
1022 1704 1245 1777 Ὺψώθη
1271 1706 1327 1760 δὲ
1356 1707 1518 1762 πάλιν
1548 1708 1771 1780 ἑτέρως,
1802 1707 1974 1763 καθά-

377 1809 489 1864 περ
523 1796 604 1859 είς
633 1795 759 1867 ὅρος
804 1796 1162 1869 ἀναϐεϐηκὼς
1214 1798 1313 1871 τὴν
1361 1799 1642 1872 θεοπρεπῆ
1685 1801 1854 1871 τιμήν
1903 1817 1962 1854 τε

380 1885 477 1940 καὶ
496 1886 674 1954 δόξαν.
700 1889 774 1941 Οὐ
794 1889 904 1958 7&9
930 1888 1006 1952 ὡς
1036 1889 1320 1962 ἄνθρωπον
1341 1890 1682 1962 ἀτιμάζομεν
1704 1891 1848 1946 κατά
1872 1891 1963 1947 τὸν

393 1972 645 2044 Ἰσραὴλ,
698 1974 814 2028 ἀλλ’
853 1976 929 2039 ὡς
959 1976 1128 2043 Θεὸν,
1173 1979 1271 2032 καὶ
1300 1980 1561 2052 Σωτῆρα,
1614 1981 1711 2036 καὶ
1756 1981 1962 2052 Κύριον

375 2064 795 2137 προσκυνοῦμεν
825 2069 1007 2138 ἡμεῖς.
1030 2069 1169 2139 Παρ’
1194 2070 1425 2135 ἐκείνοις
1448 2073 1546 2142 μὲν
1574 2072 1683 2143 γάρ
1707 2072 1963 2137 ταπεινός

370 2173 455 2219 τις
485 2156 772 2229 ὑπάρχειν,
810 2159 908 2213 καὶ
935 2160 1089 2214 οὐδὲν
1104 2161 1244 2226 ὅλως
1273 2163 1416 2217 κατά
1448 2163 1510 2217 τὺ
1538 2163 1819 2229 παντελῶς
1852 2166 1964 2219 tvo-

375 2245 565 2315 μίξετο
594 2262 608 2277 ·
671 2248 767 2302 καὶ
819 2248 950 2318 γοῦν
992 2252 1342 2324 Σαμαρείτην
1401 2254 1806 2321 ἀποκαλοῦντες
1860 2258 1962 2312 οὑκ

369 2336 652 2406 ἔφριττον,
707 2340 1035 2413 σεμνότερον
1072 2342 1132 2397 δέ
1176 2361 1294 2407 πως
1325 2345 1690 2416 ἀτιμάζοντες
1731 2349 1825 2402 τὸν
1866 2350 1960 2404 τοῦ

369 2425 624 2492 τέκτονος
651 2429 813 2484 αὑτὸν
838 2430 1147 2488 ἀπεκάλουν
1182 2435 1300 2489 υίόν
1319 2452 1332 2465 °
1376 2437 1529 2508 παρὰ
1556 2438 1614 2492 δέ
1639 2455 1704 2508 γε
1737 2441 1850 2504 τοῖς
1871 2458 1960 2495 πι-

373 2517 763 2618 στεύουσιν-είς
786 2521 951 2577 αὑτὸν
976 2562 992 2585 ,
1040 2522 1116 2588 ὡς
1143 2525 1517 2598 μεγαλουργὸς
1538 2530 1635 2583 καὶ⁸
1663 2530 1799 2594 Θεὸς
1819 2572 1835 2594 ,
1884 2531 1962 2596 ὡς

371 2608 480 2662 τῶν
499 2608 817 2679 παραδόξων
836 2612 1075 2685 ἐργάτης
1090 2615 1563 2687 ἀποθαυμάζεται.
1579 2619 1806 2692 Ἀκούῃς
1828 2622 1958 2694 γὰρ,

367 2698 519 2762 ὅπως
548 2699 781 2771 εὐσεϐὴς
806 2705 922 2767 τοῖς
939 2705 1374 2778 ἀκολουθήσασιν
1402 2710 1702 2783 ἐνυπάρχει
1733 2715 1957 2778 σκοπός.

370 2789 496 2853 Ὅτι
529 2791 638 2863 γὰρ
670 2791 942 2865 ἐθεώρουν
975 2796 1045 2851 τὰ
1070 2797 1163 2851 ἐπὶ
1190 2798 1300 2853 τῶν
1327 2800 1700 2858 ἀσθενούντων
1731 2807 1955 2876 σημεῖα,

366 2882 726 2989 ,διάτούτο-δὴ
748 2887 895 2989 μάλα
920 2889 1140 2989 θερμῶς
1169 2891 1396 2947 ἕπεσθαι
1414 2893 1525 2948 δεῖν
1552 2896 1956 2967 ὑπελάμϐανον,

365 2977 443 3035 ὥς
462 2977 572 3032 ἀπὸ
590 2979 696 3034 τῶν
713 2981 1056 3053 τελουμένων
1070 2984 1355 3054 ,ἀναλόγως
1376 2987 1471 3040 ἐπὶ
1498 2987 1599 3058 τὴν
1624 2988 1720 3042 τοῦ
1744 2989 1960 3043 τελοῦν-

2070 516 2199 586 quia
2239 516 2484 571 uidebant
2527 517 2685 583 signa
2708 522 2828 578 qua!
2857 501 3089 573 faciebat
3127 516 3283 570 super
3319 500 3402 571 his
3449 504 3538 571 qui
3581 502 3663 555 in-

2071 607 2449 678 ﬁrmabantur.
2484 604 2660 660 Subiit
2694 620 2820 676 ergo
2844 606 2900 659 in
2932 605 3166 657 montem
3197 591 3377 659 Iesus,
3401 600 3451 646 ει
3478 593 3551 644 ibi
3579 608 3661 645 te-

2070 699 2227 759 debat
2267 714 2390 754 cum
2437 698 2717 768 discipulis
2758 697 2894 752 suis.
2950 695 3092 751 Erat
3138 704 3317 749 autem
3356 686 3660 764 proximum

2071 790 2290 847 Pascha
2325 791 2440 847 dies
2480 790 2649 861 festus
2681 789 3017 847 ludazorum.

2139 886 2276 940 Cum
2329 884 2477 941 enim
2519 880 2924 953 tlierosolymis
2974 877 3234 936 Christus
3280 873 3655 939 discessisset,

2065 975 2223 1047 juxta
2257 973 2392 1030 illud
2419 974 2801 1045 propheticum
2832 992 2845 1027 :
2888 990 2907 1024 ι
2940 970 3158 1041 Reliqui
3190 968 3416 1024 domum
3452 980 3654 1030 meam,

2068 1064 2255 1122 dimisi
2298 1064 2675 1121 haereditatem
2715 1078 2892 1120 meam
2920 1064 2999 1131 ¹⁰;
3039 1081 3060 1115 ι
3091 1075 3241 1126 cum,
3267 1056 3561 1130 praefracto
3600 1062 3657 1110 et

2066 1160 2382 1217 contumaci
2432 1158 2749 1215 indecorum
2800 1158 3005 1229 p0pulo
3056 1155 3285 1226 reiecto,
3330 1148 3653 1219 alienigenis

2067 1266 2191 1309 sese
2218 1250 2567 1323 praebuisset,
2601 1258 2736 1305 tunc
2764 1263 2961 1320 magna
2985 1255 3176 1304 secuta
3198 1253 3283 1303 est
3309 1258 3433 1299 eum
3461 1241 3650 1296 turba.

2068 1341 2190 1411 Ipse
2215 1356 2350 1396 vero
2378 1340 2434 1395 in
2462 1346 2703 1394 montem
2737 1335 3010 1404 ascendit,
3040 1335 3200 1405 juxta
3228 1331 3280 1386 id
3305 1327 3450 1400 quod
3478 1326 3648 1382 dixit:

2073 1452 2092 1486 ι
2120 1433 2188 1488 Ει
2216 1449 2318 1506 ego
2349 1434 2395 1489 si
2427 1434 2699 1489 exaltatus
2722 1430 2880 1485 fuero
2906 1429 2974 1484 de
3007 1435 3177 1493 terra,
3212 1437 3405 1479 omnes
3437 1419 3650 1477 traham

2067 1526 2138 1581 ad
2170 1526 2439 1596 meipsum
2462 1524 2526 1578 ιι.
2561 1540 2581 1575 ι
2602 1522 2890 1577 Exaltatus
2914 1520 3061 1575 enim
3085 1526 3171 1575 est
3190 1516 3259 1573 de
3285 1523 3452 1579 terra,
3483 1511 3648 1567 etiam

2067 1633 2194 1673 cum
2226 1618 2281 1673 in
2305 1630 2528 1673 crucem
2564 1630 2666 1685 pro
2704 1612 2869 1669 nobis
2895 1607 3165 1666 ascendit.
3213 1605 3346 1662 ltem
3378 1602 3651 1659 exaltatus

2067 1711 2176 1765 alio
2203 1723 2426 1779 quoque
2461 1706 2625 1763 modo
2650 1713 2756 1768 est,
2786 1719 2910 1759 cum
2944 1701 3011 1755 ad
3044 1701 3308 1754 honorem
3335 1701 3390 1752 et
3417 1694 3647 1765 gloriam

2064 1800 2177 1857 Deo
2201 1801 2423 1872 dignam
2454 1797 2724 1854 ascendit.
2767 1794 2895 1850 Non
2918 1792 3064 1850 enim
3089 1788 3463 1847 lsraelitarum
3497 1798 3651 1839 more

2063 1908 2167 1950 nos
2196 1908 2322 1949 eum
2350 1901 2409 1948 ut
2445 1890 2726 1946 hominem
2760 1885 3079 1958 respuimns
3099 1924 3114 1950 ,
3171 1881 3265 1938 sed
3291 1887 3351 1935 ut
3388 1878 3557 1934 Deum
3585 1891 3650 1932 ac

2064 1984 2411 2042 Servatorem
2470 1981 2871 2049 Dominumquc
2927 1977 3241 2032 adoramus.
3303 1969 3463 2042 Apud
3523 1969 3649 2024 illos

2061 2080 2265 2152 quippe
2296 2077 2421 2133 vilis
2461 2090 2525 2130 ac
2555 2088 2657 2145 pro
2694 2071 2868 2126 nihilo
2907 2065 3072 2139 274
3104 2065 3265 2137 plane
3296 2062 3604 2118 habebatur
3630 2080 3643 2117 :

2063 2172 2208 2229 unde
2239 2169 2648 2227 Samaritanum
2691 2165 2871 2236 ipsum
2920 2159 3196 2231 appellare
3241 2172 3350 2210 non
3379 2155 3648 2211 vereban-

2060 2270 2152 2320 tur
2182 2263 2319 2327 “,et
2348 2260 2444 2330 qui
2472 2254 2842 2314 verecundius
2869 2251 2920 2307 ei
2955 2247 3281 2309 illudebant,
3311 2243 3450 2299 fabri
3474 2242 3643 2297 tilium

2061 2353 2376 2411 vocitabant
2398 2352 2466 2405 ¹³.
2497 2347 2656 2420 Apud
2690 2344 2880 2403 ﬁdeles
2917 2356 3047 2398 vero
3068 2379 3083 2406 ,
3115 2349 3178 2394 ut
3211 2348 3531 2408 magnarum
3558 2347 3645 2387 re-

2062 2462 2182 2503 rum
2208 2455 2456 2517 patrator
2483 2456 2551 2497 ac
2576 2440 2741 2505 Deus,
2758 2444 2820 2493 ut
2847 2432 3185 2517 mirabilium
3214 2427 3439 2484 etIector
3460 2422 3645 2493 suspi-

2059 2511 2225 2595 citur:
2254 2536 2395 2591 Audi
2425 2534 2572 2592 enim
2594 2572 2609 2599 ,
2666 2541 2724 2586 ut
2754 2511 3257 2601 qui‘sequebantur
3285 2535 3411 2576 eum
3444 2518 3536 2589 pio
3564 2515 3645 2570 af-
3676 2564 3681 2567 .

2061 2630 2207 2687 fectu
2241 2629 2597 2685 ducerentur.
2654 2621 2798 2689 Quia
2847 2620 2996 2676 enim
3033 2617 3191 2690 signa
3235 2611 3492 2668 videbant
3525 2623 3646 2679 qua:

2060 2736 2228 2791 super
2259 2717 2493 2773 infirmis
2538 2713 2806 2776 faciebat,
2856 2711 3066 2768 idcirco
3097 2720 3299 2778 magno
3348 2700 3532 2759 studio
3560 2716 3647 2755 se-

2060 2811 2340 2885 quendum
2367 2823 2492 2865 esse
2517 2806 2825 2878 putabant,
2879 2803 3032 2859 velut
3073 2816 3103 2855 a
3134 2798 3527 2854 miraculorum
3558 2808 3646 2847 ra-

2059 2905 2214 2981 tione
2252 2900 2322 2958 ad
2364 2899 2699 2972 agnitionem
2747 2893 2870 2965 ejus
2925 2909 2956 2947 a
3005 2905 3118 2963 quo
3169 2888 3373 2944 ﬁebant
3418 2898 3644 2955 progre-

2060 2973 2275 3052 dientes
2297 3034 2312 3059 ,
2362 2999 2418 3049 et
2443 3007 2471 3048 a
2504 2996 2775 3062 potestate
2793 2986 2905 3042 Deo
2931 2981 3278 3041 convenienti
3319 2978 3412 3032 Dei
3444 2973 3641 3029 Filium

371 3084 465 3167 τος
482 3068 776 3167 ἐπίγνωσιν
796 3071 1217 3167 ποδηγούμενοι,
1234 3074 1329 3129 καὶ
1349 3075 1457 3130 ἀπὸ
1485 3078 1587 3148 τῆς
1621 3076 1958 3151 θεοπρεποῦς

2062 3102 2188 3145 esse
2233 3085 2557 3157 colligentes
2608 3095 2733 3137 eum
2787 3078 2882 3150 qui
2930 3082 3081 3133 tanta
3130 3074 3330 3127 virtute
3381 3066 3643 3139 praditus

367 3157 617 3225 ἰξουσίας
646 3161 739 3216 τὸν
779 3161 986 3233 ταύτην
1016 3165 1394 3237 ἠμφιεσμένον
1439 3168 1686 3237 φυσικῶς
1717 3168 1961 3225 ἐννοοῦν-

365 3270 458 3316 τες
484 3252 634 3308 Υίόν.
691 3254 791 3309 Διά
822 3256 1030 3328 ταύτης
1059 3256 1119 3310 δὲ
1160 3259 1361 3330 χρῆναι
1405 3259 1644 3330 βαδίζειν
1666 3263 1818 3333 ἡμᾶς
1859 3263 1961 3335 τῆς

364 3344 490 3399 ὁδοῦ
515 3345 653 3418 πρὸς
680 3347 780 3419 τὴν
805 3349 895 3419 ἐφ’
929 3348 1109 3421 ἐαυτῷ
1141 3350 1326 3404 πίστιν
1367 3352 1653 3407 ἐκέλευσεν
1685 3357 1713 3408 ὁ
1742 3356 1955 3427 Σωτήρ.

372 3455 394 3489 ι
423 3436 504 3490 Τὰ
531 3438 641 3508 γὰρ
667 3437 822 3511 ἔργα,
854 3440 892 3494 ἃ
916 3438 1027 3509 ἐγὼ
1052 3441 1213 3506 ποιῶ,
1244 3443 1433 3514 φησιν,
1467 3444 1607 3497 αὐτά
1636 3446 1704 3500 τὰ
1734 3445 1892 3518 ἔργα,
1923 3445 1960 3500 ἃ

367 3528 481 3598 ἐγὼ
504 3530 640 3585 ποιῶ
668 3535 938 3604 μαρτυρεῖ
972 3534 1101 3604 περὶ
1129 3534 1287 3605 ἐμοῦ.
1317 3554 1338 3588 ι
1374 3535 1491 3590 Καὶ
1514 3537 1676 3591 πάλιν
1697 3554 1712 3569 ο
1745 3557 1764 3589 ι
1793 3539 1856 3591 Et
1895 3539 1958 3591 οὑ

367 3620 512 3675 ποιῶ
537 3621 605 3676 τὰ
647 3622 786 3694 ἔργα
829 3623 924 3677 τοῦ
960 3625 1177 3695 Πατρός
1201 3644 1334 3696 μου,
1395 3627 1470 3698 μὴ
1506 3628 1793 3683 πιστεύετέ
1824 3647 1954 3701 μοι’

368 3713 419 3766 εί
446 3712 503 3766 δὲ
545 3715 706 3781 ποιῶ,
745 3715 846 3769 κᾶν
877 3716 1004 3788 ἐμοὶ
1035 3716 1110 3788 μὴ
1146 3718 1466 3789 πιστεύητε,
1496 3723 1610 3783 τοῖς
1643 3720 1826 3792 ἔργοις
1856 3740 1957 3795 μου

369 3804 675 3861 πιστεύετε.
708 3825 728 3858 ι
762 3807 972 3880 Ὥσπερ
1001 3805 1095 3863 οὖν
1124 3809 1234 3864 ἀπὸ
1266 3811 1531 3881 μεγέθους
1554 3813 1820 3885 καλλονῆς
1850 3815 1958 3870 τῶν

369 3897 686 3968 κτισμάτων
705 3898 734 3951 ὁ
757 3900 1135 3972 γενεσιουργὸς
1163 3901 1344 3956 αὐτῶν
1376 3901 1665 3975 θεωρεῖται
1681 3905 1835 3973 Θεὸς,
1867 3905 1959 3960 οὖ-

366 4003 478 4051 τως
508 3987 618 4040 ἀπὸ
663 3987 764 4057 τῆς
804 3987 1132 4059 θεοσημείας
1153 4031 1170 4056 ,
1214 3991 1357 4045 κατά
1388 3990 1486 4062 τὴν
1530 3992 1654 4064 ῐσην
1681 3994 1793 4050 τῶν
1829 4013 1957 4066 νοη-

373 4077 561 4148 μάτων
592 4077 909 4149 διασκευὴν,
929 4079 959 4132 ὁ
985 4079 1096 4133 τῶν
1117 4081 1388 4150 σωμάτων
1419 4083 1615 4153 ὁρᾶται
1639 4085 1953 4155 τελειωτὴς.

370 4169 469 4222 ml.
509 4170 543 4239 ἡ
571 4168 679 4221 τῶν
700 4168 1140 4226 ἀκολουθούντων
1172 4171 1356 4236 πίστις
1385 4173 1609 4239 δικαίως
1640 4173 1707 4229 ἂν
1738 4176 1957 4248 θαυμὰ-

371 4261 537 4324 ζοιτο.
570 4258 738 4332 Οἶμαι
773 4261 817 4315 δ’
850 4260 1026 4331 ἔγωγε
1084 4267 1517 4340 περιεργοτέραν
1548 4268 1670 4322 τινὰ
1717 4271 1814 4324 καὶ
1856 4270 1956 4340 οὺχ

370 4351 550 4421 ἁπλῆν
575 4353 688 4414 τοῖς
733 4352 1043 4423 εἰρημένοις
1076 4355 1453 4427 ὲγκεκρύφθαι
1483 4360 1742 4414 διάνοιαν.
1783 4360 1955 4433 Ὁρῶ-

2059 3187 2228 3237 esset.
2298 3176 2452 3234 lstud
2512 3188 2643 3230 vero
2705 3172 2811 3227 iter
2879 3183 2981 3224 nos
3039 3165 3207 3236 jussit
3234 3161 3491 3218 Christus
3553 3158 3640 3212 in-

2059 3271 2297 3332 sistere,
2364 3265 2433 3321 ad
2496 3263 2657 3319 ﬁdem
2713 3255 3132 3317 contendentes.
3190 3270 3209 3303 ι
3267 3248 3445 3317 Opera
3496 3244 3642 3300 enim

2058 3375 2180 3432 qua:
2202 3373 2303 3430 ego
2326 3357 2490 3423 facio,
2518 3352 2719 3424 inquit,
2749 3353 2869 3422 ipsa
2912 3360 3079 3417 opera
3106 3357 3229 3415 quae
3261 3356 3361 3412 ego
3389 3337 3532 3432 facio
3561 3343 3644 3390 tc-

2059 3427 2382 3508 stimonium
2428 3446 2721 3519 perhibent
2753 3442 2822 3497 de
2854 3438 3020 3495 me“.
3058 3456 3076 3489 ι
3132 3433 3262 3489 Item
3301 3449 3315 3485 :
3370 3450 3390 3480 ι
3428 3427 3486 3483 Si
3532 3441 3640 3482 non

2059 3542 2205 3597 facio
2248 3553 2416 3612 opera
2463 3536 2647 3592 Patris
2692 3533 2832 3597 mei,
2881 3528 3053 3585 nolite
3098 3524 3325 3582 credere
3365 3520 3499 3576 mihi
3542 3537 3557 3574 :
3595 3519 3640 3573 si

2058 3644 2238 3691 autem
2271 3610 2446 3695 facio,
2484 3638 2539 3685 et
2565 3627 2610 3685 si
2639 3624 2774 3680 mihi
2808 3637 2919 3678 non
2957 3618 3126 3675 vultis
3160 3614 3416 3679 credere,
3463 3610 3643 3681 operi-

2058 3729 2164 3785 bus
2211 3725 2351 3780 meis
2402 3720 2611 3779 credite
2632 3718 2699 3772 ¹⁸.
2731 3735 2750 3768 ι
2807 3714 2966 3770 Sicut
3011 3725 3141 3782 ergo
3190 3724 3221 3764 a
3267 3703 3643 3777 magnitudine

2057 3816 2261 3889 speciei
2290 3820 2669 3871 creaturarum
2715 3814 2911 3863 auctor
2948 3811 3005 3863 et
3046 3800 3230 3874 opifex
3271 3796 3461 3856 earum
3497 3794 3642 3849 Deus

2057 3907 2405 3980 agnoscitur,
2459 3905 2541 3961 sic
2586 3919 2618 3958 a
2674 3898 2993 3962 miraculis,
3052 3895 3243 3951 eodem
3298 3885 3638 3957 intelligendi

2058 3977 2244 4061 modo,
2268 4009 2562 4067 corporum
2594 3991 2870 4063 perfector
2896 3986 3173 4048 cernitur,
3209 3989 3263 4037 et
3290 3977 3637 4048 sequentium

2058 4091 2194 4147 ﬁdes
2229 4066 2682 4159 jureilaudatur.
2737 4080 2910 4135 Porro
2955 4075 3297 4133 subtiliorem
3347 4066 3638 4140 quemdam

2057 4197 2161 4239 nec
2193 4158 2496 4250 simplicem
2528 4177 2582 4230 in
2621 4174 2706 4228 his
2736 4173 2906 4226 latere
2940 4181 3163 4224 sensum
3193 4163 3452 4218 arbitror.
3478 4158 3640 4213 Vide-

2059 4289 2183 4329 mus
2214 4270 2360 4327 enim
2390 4265 2780 4336 evangelistam
2805 4261 3012 4323 dicere,
3049 4272 3158 4312 non
3194 4261 3406 4309 tantum
3443 4250 3640 4322 cupide

2058 4376 2309 4437 spectare
2356 4357 2620 4415 miracula
2663 4354 2871 4410 Christi
2926 4350 3201 4411 asseclas,
3263 4345 3358 4403 sed
3411 4351 3466 4398 ct
3517 4357 3639 4412 qua:

367 4456 470 4528 μεν
523 4443 633 4514 γὰρ
676 4442 906 4511 λέγοντα
941 4443 1031 4499 τὸν
1074 4446 1465 4521 εὑαγγελιστὴν
1484 4489 1502 4515 ,
1561 4452 1659 4521 οὑχ
1683 4453 1766 4507 ὅτι
1796 4453 1956 4523 μόνον

2062 4434 2219 4528 signa
2268 4454 2345 4510 illi
2386 4453 2514 4523 jure
2555 4450 2923 4509 mirarentur,
2972 4442 3197 4496 indicat.
3253 4436 3419 4492 Addit
3467 4434 3636 4497 enim,

368 4527 508 4600 ἦσαν
552 4531 941 4603 φιλοθεάμονες
985 4533 1037 4587 oi
1078 4535 1548 4607 ἀκολουθήσαντες
1589 4540 1668 4610 τῷ
1708 4540 1953 4613 Χριστῷ,

371 4620 505 4676 ἀλλά
542 4621 638 4674 καὶ
682 4621 856 4673 ποίων
897 4616 1041 4692 ἦσαν
1085 4622 1329 4694 σημείων
1372 4624 1703 4682 δικαιότατοι
1747 4627 1958 4700 θαυμα-

373 4712 511 4765 σταί.
568 4711 901 4783 Προστίθησι
932 4713 1062 4785 γὰρ,
1090 4713 1173 4768 ὅτι
1212 4734 1231 4768 ι
1260 4716 1327 4769 Ἃ
1357 4716 1531 4772 ἐποίει
1555 4718 1648 4772 ἐπὶ
1673 4720 1779 4777 τῶν
1805 4721 1959 4776 ἀσθε-

369 4804 635 4870 νούντων,
668 4823 685 4854 ι
727 4804 816 4859 ἵνα
834 4804 923 4859 διὰ
944 4804 1151 4859 τούτων
1182 4805 1441 4873 ἐναντίως
1465 4807 1695 4879 ἔχουσαν
1733 4814 1802 4883 τῇ
1844 4812 1953 4866 τῶν

381 4895 650 4948 Ἰουδαίων
679 4896 781 4966 τὴν
811 4896 921 4951 τῶν
953 4896 1392 4959 ἀκολουθούντων
1406 4900 1662 4973 ἀποδείξῃ
1692 4903 1948 4959 διάνοιαν.

368 4985 434 5036 0i.
483 4984 578 5053 μὲν
617 4985 727 5057 γὰρ
755 4989 837 5041 ὄτι
882 4988 973 5042 τὸν
1004 4990 1318 5061 παράλυτον
1358 4990 1688 5049 ἀσθενοῦντα
1718 4995 1949 5068 τεθερὰι

372 5092 543 5130 πευκε
564 5117 580 5141 ,
602 5076 875 5142 δυσσεϐῶς
901 5080 1322 5152 ,χαλεπαίνουσιν
1341 5120 1357 5145 ,
1390 5083 1439 5135 οί
1472 5082 1530 5136 δὲ
1568 5089 1630 5144 οὑ
1662 5087 1821 5156 μόνον
1860 5091 1954 5143 ἐπὶ

369 5166 583 5229 τούτοις
606 5168 851 5238 παρόντα
879 5170 1272 5243 θαυμάζουσιν,
1299 5172 1434 5227 ἁλλά
1459 5173 1554 5227 καὶ
1582 5175 1950 5249 ἀποδημοῦντι

371 5258 846 5328 συνεκτρέχουσιν,
870 5260 944 5324 ὡς
967 5260 1370 5339 θαυματουργῷ
1400 5265 1493 5318 καὶ
1516 5265 1656 5339 Scip.
1688 5267 1951 5337 Φύγωμεν

369 5348 548 5402 τοίνυν
581 5349 682 5420 τὴν
726 5349 999 5415 Ἰουδαίοις
1041 5338 1362 5421 πρέπουσαν
1403 5338 1672 5426 ἀμαθίαν,
1723 5361 1773 5412 οι
1822 5361 1954 5430 Χριο

372 5441 499 5493 στὸν
519 5443 796 5513 Δεσπότην
825 5444 1278 5516 ἐπιγραφόμενοι,
1298 5447 1783 5521 προσεδρεύσωμεν
1806 5454 1953 5523 αὐτῷ

371 5530 461 5584 διὰ
480 5534 577 5602 τῆς
615 5535 892 5607 ὑπομονῆς
918 5578 930 5601 ,
959 5539 1093 5609 ὅπερ
1119 5537 1287 5609 ἔδρων
1310 5539 1599 5611 τληπαθῶς
1623 5544 1669 5596 οἱ
1702 5543 1949 5614 σοφώτα-

448 5649 490 5677 ¹⁰
511 5649 708 5704 Jtrt‘t'm.
751 5670 849 5706 xu.
875 5655 902 5703 ’ἲ

386 5716 426 5747 ’⁸
449 5717 606 5774 lion].
647 5739 764 5789 nn,
793 5725 881 5779 35.

1013 5654 1233 5711 “Joan.
1268 5654 1482 5723 “1,39.
1566 5658 1782 5715 "Joan.
1815 5662 1868 5727 8,
1904 5662 1980 5714 i8.

2064 4564 2083 4596 ι
2111 4527 2243 4610 Quae
2273 4541 2508 4596 faciebat
2542 4550 2708 4607 super
2750 4534 2840 4588 his
2875 4531 2969 4602 qui
3004 4527 3426 4602 inﬁrmabantur
3449 4564 3464 4590 ,
3507 4543 3525 4575 ι
3580 4532 3640 4577 ut

2056 4635 2187 4691 hinc
2224 4632 2467 4687 ﬁdelium
2509 4629 2752 4685 animum
2798 4621 3141 4680 contrarium
3170 4635 3292 4675 esse
3340 4617 3506 4672 menti
3537 4613 3636 4669 Ju-

2057 4727 2299 4781 daeorum
2331 4721 2664 4778 ostenderet.
2699 4717 2763 4772 ili
2794 4717 2941 4773 enim
2985 4714 3128 4786 quod
3164 4710 3524 4783 paralyticum
3550 4722 3637 4763 sa-

2058 4819 2226 4883 narit,
2252 4816 2420 4886 impie
2441 4818 2771 4872 succensent
2797 4828 2810 4864 :
2832 4809 2910 4863 illi
2936 4823 3085 4872 vero,
3112 4820 3221 4861 non
3255 4803 3328 4859 ob
3355 4803 3459 4858 ista
3499 4816 3636 4871 pra:-

2057 4918 2267 4966 scntem
2292 4907 2586 4969 mirantur,
2617 4903 2708 4960 sed
2743 4909 2797 4956 et
2821 4901 3110 4955 abeuntem
3144 4902 3551 4967 prosequuntur
3578 4899 3638 4944 ut

2059 4996 2392 5053 mirabilinm
2418 5004 2751 5065 patratorcm
2787 5005 2852 5045 ac
2885 4991 3077 5045 Deum.
3124 4986 3424 5058 Fugiamus
3453 4986 3637 5052 itaque

2059 5090 2277 5160 dignam
2304 5084 2509 5141 Iudaeis
2537 5084 2833 5147 inscitiam,
2859 5086 3132 5152 quotquot
3152 5079 3374 5134 Christo
3405 5074 3637 5128 Domino

2058 5196 2259 5237 nomen
2305 5180 2586 5242 dedimus,
2639 5178 3020 5232 adhaareamus
3062 5177 3115 5232 ei
3164 5187 3260 5240 per
3296 5167 3632 5237 patientiam,

2057 5271 2204 5342 quod
2253 5269 2645 5343 sapientissimi
2685 5267 2938 5337 discipuli
2971 5269 3294 5320 censtanter
3339 5257 3631 5321 faciebant,

2062 5378 2162 5418 nec
2213 5363 2514 5416 avellamur
2566 5375 2806 5430 unquam
2852 5364 2946 5411 aut
2989 5353 3238 5407 ordinem
3286 5348 3629 5410 deseramus,

2062 5456 2156 5512 sed
2189 5455 2367 5523 rcipsa
2395 5468 2501 5508 una
2526 5468 2648 5508 cum
2674 5451 2844 5504 Paulo
2867 5447 3239 5502 cxclamemus
3269 5456 3281 5489 :
3315 5454 3332 5487 ι
3364 5434 3498 5500 Quis
3532 5452 3632 5489 nos

2061 5547 2339 5618 separabit
2365 5563 2395 5600 a
2431 5544 2700 5600 charitate
2736 5538 2941 5597 Christi
2970 5535 3047 5586 ‘6?
3085 5552 3101 5583 ι
3135 5529 3441 5598 Sequamnr
3468 5526 3633 5599 igitur

2066 5663 2106 5693 ’³
2134 5660 2581 5725 M:tltl1.Xttt,.’iTi.
2666 5658 2703 5686 "‘
2731 5655 2890 5710 .loan.
2918 5666 2997 5717 ιιι,
3025 5646 3112 5704 56.
3195 5645 3236 5675 ’⁵
3264 5641 3422 5697 Joan.
3462 5658 3513 5706 κ,
3539 5639 3630 5695 38.
