4078 6262
491 355 596 410 Ηὸ

1482 365 1540 423 S.
1587 365 1864 423 CYRILLI
1909 365 2383 424 ALEXANDRlNI
2424 367 2750 426 ARCBIEP.

3657 378 3760 433 445

492 493 619 536 eum
655 493 781 535 cum
815 480 1256 551 persecutionem
1292 482 1621 554 patientem,
1675 494 1792 540 tum
1831 484 2074 541 hostium

2195 503 2260 539 ποι
2293 485 2574 558 μαθηταί·
2618 487 2948 560 χωρίζεσθαι
2991 489 3094 562 μὲν
3126 490 3221 546 καὶ
3262 491 3641 548 λειποτακτεῖν
3670 495 3764 549 ἀν-

495 570 890 626 immanitatem
928 571 1263 640 fugientem,
1293 583 1374 628 -ut
1405 583 1459 629 et
1499 577 1554 630 in
1600 583 1839 630 montem
1882 590 2078 632 ascen-

495 659 714 727 damus,
741 668 794 715 et
826 659 899 726 ibi
921 660 1212 718 sedeamus
1241 677 1365 718 cum
1394 664 1654 736 ipso,hoc
1681 672 1767 720 est
1794 663 1862 719 ad
1891 665 2077 735 splen-

497 749 681 804 didam
730 758 785 805 et
819 751 1297 820 praeclarissimam
1345 755 1578 826 gratiam
1617 753 1937 820 elieramur,
1985 768 2077 809 re-

497 843 716 913 gnando
736 859 860 898 cum
889 859 978 910 eo,
997 846 1458 916 quemadmodum
1489 847 1750 902 nimirum
1773 847 1890 917 ipse
1913 846 2076 917 275

499 934 636 989 dixit
667 953 681 988 :
720 952 739 985 ι
766 933 874 990 Vos
907 934 1002 1007 qui
1035 937 1210 992 secuti
1235 939 1371 994 estis
1397 953 1513 1004 me,
1540 957 1559 991 ι
1593 937 1650 994 in
1679 937 2077 994 tentationibus

497 1027 639 1083 meis
695 1026 988 1094 nimirum,
1027 1046 1046 1080 ι
1094 1028 1150 1083 in
1194 1031 1652 1101 regeneratione,
1700 1043 1826 1085 cum
1878 1027 2086 1084 sederit

502 1115 675 1172 Filius
701 1118 937 1175 hominis
969 1119 1026 1174 in
1055 1118 1184 1176 sede
1217 1121 1522 1191 majestatis
1557 1135 1700 1184 suae,
1735 1120 1999 1177 sedebitis
2026 1125 2084 1175 et

503 1227 600 1268 vos
618 1228 785 1282 super
815 1212 974 1269 sedes
993 1213 1303 1280 duodecim,
1332 1215 1645 1284 judicantes
1661 1213 1951 1269 duodecim
1984 1211 2083 1265 tri-

501 1304 605 1360 bus
636 1303 803 1359 Israel
827 1305 890 1358 ".
919 1324 938 1357 ι
988 1304 1106 1362 Hoc
1131 1307 1276 1363 enim
1303 1307 1601 1379 signiﬁcari
1643 1298 1904 1370 arbitro'r,
1955 1319 2081 1359 cum

501 1393 762 1464 discipuli
801 1395 1050 1452 assidere
1088 1394 1310 1458 Christo
1345 1399 1630 1460 dicuntur.
1686 1403 1978 1468 postquam
2023 1395 2078 1450 in

501 1492 742 1540 montem
773 1488 1246 1544 conscendissent.

2180 576 2427 648 εχόμενοι
2463 579 2746 651 μηδαμῶς,
2775 580 2958 646 αὐτοῖς
2983 582 3041 636 δὲ
3066 583 3254 638 λοιπὸν
3275 583 3617 649 ἀναϐοῶντες
3651 588 3763 648 τοῖς

2180 667 2502 740 πράγμασι,
2538 669 2601 724 τὸ
2627 672 2890 738 νεανικῶς
2928 674 3034 728 ὑπὸ
3052 675 3149 728 τοῦ
3172 675 3389 730 Παύλου
3421 675 3716 747 λεγόμενον
3745 695 3761 710 ·

2186 777 2206 812 ι
2232 761 2330 824 Τίς
2352 761 2502 832 ἡμᾶς
2528 762 2754 834 χωρίσει
2785 764 2894 819 ἀπὸ
2918 767 3020 838 τῆς
3057 768 3281 839 ἀγάπης
3312 768 3408 822 τοῦ
3431 769 3709 840 Χριστοῦ;
3741 781 3760 821 n‘

2193 849 2678 924 Ἀκολουθήσωμεν
2711 855 2890 908 τοίνυν
2923 857 3109 928 αὐτῷ,
3152 859 3249 912 καὶ
3279 859 3628 930 διωκομένῳ,
3669 860 3765 914 καὶ

2182 940 2438 1010 φεύγοντι
2475 943 2575 1010 τάς
2606 945 2716 999 τῶν
2751 948 3076 1019 μαχομένων
3102 948 3250 1020 αὐτῷ
3279 950 3610 1020 δυστροπίας
3633 989 3649 1016 ,
3677 949 3766 1003 ἵνα

2182 1030 2276 1084 καὶ
2310 1032 2392 1095 είς
2415 1031 2543 1104 ὅρος
2578 1033 2994 1108 ἀναϐαίνωμεν,
3043 1037 3138 1093 καὶ
3167 1039 3284 1093 ἐκεῖ
3326 1039 3642 1111 καθίσωμεν
3669 1040 3766 1093 σὺν

2183 1119 2368 1190 αὐτῷ,
2415 1124 2711 1190 τουτέστιν,
2755 1128 2837 1191 είς
2879 1133 3152 1201 περιφανῆ
3204 1129 3300 1184 καὶ
3367 1129 3767 1200 εὐκλεεστάτην

2183 1212 2622 1286 ἀναπηδήσωμεν
2656 1218 2849 1290 χάριν,
2892 1219 2982 1274 διὰ
3006 1219 3101 1274 τοῦ
3130 1220 3553 1292 συμϐασιλεύειν
3591 1221 3763 1292 αὐτῷ,

2183 1304 2438 1379 καθάπερ
2471 1303 2564 1362 οὖν
2592 1308 2830 1379 ἔφασκεν
2861 1311 3027 1376 αὐτὸς
3049 1329 3064 1344 ο
3121 1331 3140 1366 ι
3176 1313 3368 1384 Ὑμεῖς
3389 1314 3440 1366 oi
3467 1311 3766 1382 ἀκολουθή-

2187 1398 2378 1462 σαντές
2409 1416 2496 1470 μοι
2525 1419 2544 1453 ι
2567 1401 2625 1454 ἐν
2655 1405 2766 1466 τοῖς
2780 1407 3107 1476 πειρασμοῖς
3128 1421 3252 1476 μου,
3273 1423 3291 1457 ι
3316 1407 3374 1458 ἐν
3403 1407 3468 1476 τῇ
3497 1405 3764 1473 παλιγγε-

2185 1486 2339 1557 νεσία
2355 1528 2372 1554 ,
2419 1488 2547 1543 ὅταν
2582 1490 2785 1564 καθίσῃ
2809 1493 2838 1544 ὁ
2863 1492 2992 1556 Υίὸς
3017 1491 3113 1546 τοῦ
3145 1492 3435 1563 ἀνθρώπου
3460 1491 3550 1546 ἐπὶ
3576 1490 3766 1562 θρόνου

501 1579 662 1650 δόξης
690 1579 894 1644 αὐτοῦ,
949 1581 1256 1654 καθήσεσθε
1284 1584 1378 1637 καὶ
1423 1583 1583 1655 ὑμεῖς
1649 1583 1744 1637 ἐπὶ
1806 1581 2014 1636 δώδεκα
2074 1578 2332 1650 θρόνους,
2378 1581 2655 1653 κρίνοντες
2700 1586 2800 1649 τάς
2840 1585 3049 1640 δώδεκα
3091 1586 3267 1655 φυλὰς
3309 1585 3406 1639 τοῦ
3463 1585 3702 1658 Ἰσραήλ.
3742 1603 3762 1636 ι

503 1669 719 1733 Ταύτας
743 1671 851 1742 γὰρ
866 1666 1018 1742 οἶμαι
1042 1674 1138 1737 τὰς
1161 1673 1392 1745 θεωρίας
1411 1674 1686 1746 εἰσφέρειν
1712 1673 1772 1728 τὸ
1802 1673 1898 1727 καὶ
1918 1669 2299 1743 προσεδρεύειν
2334 1671 2590 1741 λέγεσθαι
2617 1674 2697 1743 τῷ
2719 1675 2930 1748 Σωτῆρι
2994 1677 3125 1740 τοὺς
3156 1676 3409 1748 μαθητὰς
3427 1715 3444 1741 ,
3510 1675 3607 1730 καὶ
3662 1676 3757 1729 ἀνο

503 1760 757 1825 ελθόντας
789 1765 846 1816 ἐν
877 1763 993 1834 ὄρει
1025 1765 1421 1835 συγκαθῆσθαι.

576 1851 668 1917 γι,
703 1855 757 1919 5,
785 1854 839 1909 6.
889 1854 1022 1911 Cum
1057 1858 1379 1914 sublevasset
1407 1877 1530 1932 ergo
1574 1862 1755 1917 oculos
1811 1860 1990 1924 Iesus,
2031 1868 2082 1913 et

2269 1855 2522 1926 Ἐπάρας
2545 1853 2662 1911 οὖν
2696 1857 2860 1923 τοὺς·
2887 1857 3229 1926 ὀφθαλμοὺς
3283 1859 3318 1912 d
3366 1857 3628 1925 Ἰησοῦς,
3670 1858 3769 1913 καί

506 1948 723 2003 vidisset
746 1951 871 2018 quia
906 1951 1194 2008 multitudo
1231 1956 1470 2009 maxima
1496 1957 1635 2011 venit
1663 1956 1733 2011 ad
1767 1973 1918 2022 eum,
1950 1956 2087 2011 dixit

508 2043 580 2095 ad
607 2042 912 2113 Philippum
945 2061 963 2099 :
1013 2045 1160 2100 Unde
1184 2063 1413 2102 ememus
1451 2064 1614 2118 panes
1636 2088 1651 2109 ,
1692 2060 1748 2102 ut
1776 2048 2088 2103 manducent

509 2131 608 2184 hi?
645 2130 759 2186 Hoc
785 2141 960 2188 autem
984 2135 1190 2188 dicebat
1226 2144 1433 2191 tentans
1462 2153 1582 2191 eum
1613 2153 1633 2191 :
1655 2138 1766 2207 ipse
1784 2139 1926 2193 enim
1957 2139 2086 2194 scie-

511 2221 597 2277 bat
626 2223 752 2293 quid
779 2233 913 2279 esset
939 2224 1213 2296 facturus.
1259 2225 1548 2298 Respondit
1572 2229 1620 2283 ei
1645 2227 1945 2299 Philippus.

578 2397 912 2455 Praeclarum
944 2400 1035 2457 hic
1063 2418 1298 2468 rursus,
1344 2411 1398 2460 et
1438 2405 1810 2462 sanctissimis
1855 2406 2092 2461 homini-

510 2492 615 2547 bus
643 2493 760 2548 suis
781 2493 1069 2564 discipulis
1091 2491 1674 2553 convenientissimum
1697 2498 2089 2554 documentum

509 2583 766 2639 Christus
797 2585 1020 2653 statuit,
1061 2585 1268 2642 docens
1300 2588 1354 2642 in
1384 2589 1641 2644 maximis
1666 2605 1886 2660 quoque
1912 2604 2090 2662 angu-

511 2674 635 2729 stiis
665 2675 940 2746 intrepide
974 2679 1337 2734 exercendam
1383 2694 1508 2734 esse
1539 2679 1971 2750 hospitalitatem
1993 2721 2008 2747 ,
2037 2688 2092 2735 et

511 2766 921 2822 cunctationem
956 2783 1172 2824 omnem
1204 2771 1394 2841 procul
1421 2771 1788 2841 repellendam
1813 2811 1828 2837 ,
1878 2772 1990 2826 imo
2023 2772 2091 2826 ad

511 2876 632 2915 eam
673 2863 931 2917 virtutem
963 2871 1080 2919 toto
1114 2865 1299 2920 animo
1327 2865 1733 2936 properandum
1775 2884 1788 2920 :
1823 2880 1933 2937 quo
1961 2865 2094 2936 quid

515 2950 694 3020 majus
719 2952 863 3022 apud
890 2968 987 3007 eos
1031 2968 1156 3008 esse
1197 2961 1380 3023 potest
1418 2954 1510 3024 qui
1554 2962 1759 3010 norunt
1798 2970 1863 3010 ac
1905 2957 2096 3010 volunt

513 3053 806 3108 supernam
864 3042 972 3096 sibi
1041 3043 1342 3097 amicitiam
1411 3049 1472 3096 ut
1527 3043 1682 3098 decet
1737 3045 2094 3113 comparare?

2189 1943 2561 2015 θεασάμενος
2585 1946 2674 2000 ὅτι
2698 1947 2894 2013 πολὺς
2917 1948 3104 2016 ὄχλος
3123 1949 3357 2017 ἔρχεται
3386 1947 3536 2016 πρὸς
3559 1948 3768 2015 αὐτὸν,

2188 2037 2351 2106 λέγει
2381 2036 2532 2104 πρὸς
2551 2039 2853 2092 Φίλιππον
2872 2057 2884 2070 ·
2908 2041 3102 2093 Πόθεν
3123 2039 3504 2108 ἀγοράσωμεν
3527 2040 3766 2109 ἄρτους,

2189 2127 2289 2182 ἵνα
2309 2127 2584 2196 φάγωσιν
2607 2123 2810 2194 οὖτοι;
2845 2129 3023 2184 Τοῦτο
3049 2129 3119 2182 δὲ
3144 2130 3313 2199 ἔλεγε
3341 2130 3626 2199 πειράζων
3662 2136 3768 2188 αὺ-

2189 2219 2326 2272 τόν·
2360 2219 2545 2286 αὐτὸς
2578 2220 2688 2288 γὰρ
2713 2220 2842 2291 ᾔδει
2875 2222 2934 2275 τί
2962 2221 3184 2291 ἔμελλε
3205 2222 3419 2278 ποιεῖν.
3466 2223 3769 2295 Ἀπεκρίθη

2189 2308 2350 2375 αὐτῷ
2389 2309 2704 2376 Φίλιππος.
3073 2339 3090 2358 ο

2260 2399 2510 2470 Μάθημα
2559 2401 2623 2472 δὴ
2669 2401 2832 2455 πάλιν
2877 2401 3100 2474 ἄριστόν
3141 2418 3205 2456 τε
3243 2403 3340 2457 καὶ
3387 2405 3617 2477 ἀνδράσι
3660 2409 3771 2471 τοῖς

2192 2493 2506 2564 ἱερωτάτοις
2538 2493 2991 2565 πρεπωδέστατον
3011 2497 3122 2559 τοῖς
3154 2494 3352 2549 ἐαυτοῦ
3383 2497 3652 2566 μαθηταῖς
3676 2498 3773 2550 ἐπ-

2191 2585 2413 2656 ενόησεν
2441 2587 2470 2640 ὁ
2489 2585 2744 2658 Χριστὸς,
2774 2586 2870 2639 καὶ⁸
2896 2587 2953 2639 ἐν
2979 2586 3310 2658 δυσχωρίαις
3330 2588 3590 2658 ἀκράτοις
3617 2591 3772 2661 νικᾷν

2191 2675 2502 2731 ἀναπείθων
2527 2676 2625 2748 τὴν
2657 2677 2752 2730 ἐπὶ
2784 2676 2972 2748 τρόπῳ
3009 2677 3086 2748 τῷ
3125 2677 3386 2749 φιλοξένῳ
3409 2679 3614 2733 δειλίαν
3633 2721 3648 2746 ,
3680 2685 3775 2734 καὶ

2191 2765 2348 2820 ὖκνον
2393 2768 2492 2838 μέν
2532 2767 2624 2822 τὸν
2670 2767 2763 2820 ἐπὶ
2794 2767 2970 2839 τούτῳ
2997 2768 3342 2840 διαρρίπτειν
3387 2786 3490 2823 που
3535 2772 3774 2842 μακρὰν,

2194 2855 2545 2930 θερμοτέροις
2579 2858 2638 2912 δέ
2681 2858 2881 2929 μᾶλλον
2918 2858 3013 2912 ἐπὶ
3056 2860 3158 2931 τὴν
3197 2859 3399 2932 ἀρετὴν
3433 2861 3776 2928 ἀφικνεῖσθαι

2194 2951 2488 3021 κινήμασιν
2509 2967 2521 2981 ο
2561 2943 2622 3004 οὗ
2652 2950 2705 3004 τί
2752 2951 2818 3005 ἂν
2863 2951 3073 3020 γένοιτο
3109 2951 3323 3023 μεῖζον,
3375 2953 3528 3024 παρά
3564 2970 3630 3022 γε
3666 2956 3776 3017 τοῖς

2195 3042 2359 3096 εἰδόσι
2389 3043 2483 3096 καὶ
2517 3042 2728 3096 θέλουσι
2751 3042 2818 3096 δι’
2847 3037 2923 3098 ὧν
2957 3043 3026 3098 ἂν
3050 3044 3252 3115 πρέπει
3291 3043 3392 3116 τὴν
3423 3045 3630 3100 ἀνωθεν
3652 3047 3778 3098 ἐαυ-

513 3129 760 3199 Quippe,
819 3148 942 3187 cum
997 3132 1156 3187 turba
1205 3148 1314 3188 non
1361 3147 1535 3203 pauca
1578 3143 1632 3189 et
1677 3135 2092 3192 innumerabilis

2195 3136 2309 3198 τοῖς
2335 3133 2653 3200 ἐξωνεῖσθαι
2695 3134 2917 3205 φιλίαν;
2962 3136 3160 3206 Ὀχλου
3191 3136 3301 3208 γὰρ
3338 3137 3402 3208 δὴ
3453 3138 3590 3208 πρὸς
3617 3138 3779 3192 αὐτὸν

515 3222 808 3277 multitudo
848 3224 902 3277 in
951 3239 1014 3278 ea
1059 3226 1176 3279 loca
1218 3239 1486 3296 aquarum
1518 3225 1690 3280 instar
1716 3225 2092 3292 conﬂuxisset,

2200 3223 2369 3287 ἰόντος
2398 3227 2458 3278 οὐ
2489 3225 2686 3296 μικροῦ
2706 3267 2721 3290 ,
2764 3225 2861 3280 καὶ
2897 3205 3281 3298 ἀναριθμήτουή
3303 3205 3542 3297 πλήθύος
3570 3228 3779 3283 ὑδάτων

511 3311 678 3383 jussit
710 3316 857 3370 illico
881 3317 1060 3386 parari
1079 3317 1225 3372 unde
1252 3317 1435 3372 cibum
1469 3316 1573 3386 ipsi
1595 3325 1879 3387 caperent.
1906 3317 2096 3388 Neque

515 3421 645 3461 vero
678 3407 902 3462 dubium
937 3417 1057 3464 erat
1093 3411 1344 3479 quemvis
1377 3409 1502 3464 licet
1533 3409 1870 3466 ditissimum
1904 3411 1973 3465 ab
1998 3427 2097 3466 ex-

514 3499 764 3568 cipienda
791 3507 940 3552 tanta
974 3502 1322 3556 multitudine
1345 3501 1672 3556 deterritum
1699 3501 1796 3555 iri:
1830 3502 1925 3557 sed
1960 3501 2096 3556 nihil

515 3589 810 3644 admodum
842 3591 1073 3646 arduum
1109 3607 1234 3647 esse
1257 3591 1512 3647 Christus
1547 3591 1838 3662 signiﬁcat,
1867 3593 1920 3646 in
1959 3608 2094 3662 pau-

515 3695 612 3732 cos
643 3680 882 3734 studium
913 3688 1161 3736 nostrum
1193 3683 1468 3747 conferre,
1504 3682 1600 3738 sed
1630 3697 1694 3737 ea
1721 3699 1942 3754 quoque
1977 3699 2100 3754 qum

513 3770 982 3838 emptae-tationem
1004 3781 1268 3841 superant
1291 3787 1558 3842 generose
1580 3773 1697 3828 vult
1723 3788 1824 3828 nos
1853 3775 2097 3844 aggredi,

513 3860 636 3926 ejus
675 3857 870 3913 litlucia
905 3860 972 3914 ad
1012 3859 1247 3931 quodvis
1277 3861 1481 3917 bonum
1532 3863 1932 3932 capessendum
1969 3881 2099 3921 con-

518 3951 785 4004 tinuatos.
837 3949 894 4002 Si
922 3965 1055 4022 ergo
1085 3950 1320 4007 historia
1345 3952 1424 4008 rei
1456 3961 1758 4024 spectetur,
1783 3963 1936 4010 extra
1971 3972 2099 4013 sco-

516 4053 645 4108 pum
681 4055 786 4092 non
815 4042 988 4096 tendit
1019 4057 1208 4098 eorum
1243 4059 1366 4113 quae
1391 4044 1537 4100 dicta
1569 4055 1700 4101 sunt
1726 4048 1810 4103 vis
1845 4057 1900 4103 et
1934 4050 2096 4116 ratio,

515 4131 610 4188 sed
636 4131 703 4187 iis
733 4148 948 4188 rursum
967 4134 1033 4188 ad
1058 4135 1358 4206 spiritalem
1379 4139 1899 4210 contemplationem
1919 4150 2101 4199 trans-

515 4222 664 4286 latis,
699 4231 751 4278 et
777 4225 959 4296 typica
988 4227 1239 4282 crassitie
1274 4229 1479 4293 recisa,
1514 4247 1659 4285 nunc
1688 4234 1933 4302 apertius
1956 4234 2098 4291 dici-

515 4331 638 4370 mus
681 4315 850 4372 Dcnm
903 4335 971 4373 ex
1035 4329 1219 4375 monte
1263 4320 1700 4392 quodammodo,
1758 4324 1864 4380 hoc
1895 4333 2016 4392 est,
2069 4342 2101 4384 e

516 4407 734 4463 sublimi
785 4424 848 4463 ac
891 4409 1076 4466 divina
1117 4414 1464 4482 prmscientia
1511 4416 1812 4485 praevidere
1853 4433 1950 4474 eos
2005 4420 2100 4490 qui

2195 3314 2352 3387 δίκην
2392 3316 2816 3387 ἐπεισχεομένης
2857 3320 2969 3382 τοῖς
2998 3319 3221 3383 τόποις,
3281 3320 3340 3372 ἐν
3387 3315 3468 3382 οἷς
3505 3319 3778 3390 ηὐλίζετο,

2197 3407 2334 3478 πρὸς
2379 3407 2440 3461 τὸ
2483 3408 2868 3474 ἑτοιμάζεσθαι
2912 3408 3137 3481 τρέφειν
3192 3408 3392 3475 αὐτοὺς
3435 3412 3780 3484 παραχρῆμα

2195 3496 2546 3552 διεκελεύετο.
2578 3499 2689 3552 Καὶ
2717 3495 2786 3571 ἦν
2823 3500 2920 3570 μέν
2945 3499 3115 3564 ὅντως
3152 3500 3254 3554 οὐκ
3282 3501 3534 3567 ἀπεικὸς,
3565 3504 3659 3556 καὶ
3685 3503 3779 3557 τοῦ

2199 3589 2404 3662 σφόδρα
2433 3589 2691 3644 πλουσίου
2740 3591 3183 3662 καταναρκήσειν
3213 3591 3314 3661 τὴν
3340 3592 3674 3663 προθυμίαν,
3703 3593 3782 3664 τῷ

2197 3677 2392 3749 πλήθει
2419 3679 2528 3734 τῶν
2555 3679 2846 3751 ὁρωμένων
2873 3681 3356 3752 καταπτοουμένην
3384 3684 3462 3746 εἰς
3499 3681 3664 3751 φόϐον
3687 3682 3782 3735 τὸν

2197 3769 2292 3823 ἐπὶ
2329 3769 2409 3842 τῷ
2457 3770 2532 3842 μὴ
2575 3771 2838 3827 δύνασθαι
2887 3771 3185 3842 φιλοξενεῖν
3207 3788 3223 3803 ο
3283 3772 3398 3826 ἀλλ’
3443 3773 3596 3827 οὐδὲν
3646 3773 3782 3836 ὅλως

2196 3861 2432 3916 δεικνύει
2451 3863 2512 3916 τὸ
2537 3863 2679 3935 μέγα
2699 3864 2795 3918 τοῦ
2820 3864 3078 3938 Χριστὸς,
3095 3865 3224 3919 ὃταν
3251 3865 3335 3928 εἰς
3357 3863 3572 3931 ὀλίγους
3594 3863 3784 3934 γίγνη-

2197 3971 2289 4008 ται
2335 3957 2465 4027 παρ’
2503 3955 2662 4027 ἡμῶν
2717 3957 2752 4028 ἡ
2787 3956 3137 4026 φιλαδελφία,
3182 3956 3701 4013 κατανεανιεύεσθαι
3726 3956 3783 4010 δέ

2199 4063 2315 4109 πως
2337 4045 2560 4100 καὶτῶν
2575 4047 2706 4116 παρ’
2727 4045 2918 4099 ἐλπίδα
2939 4045 3208 4115 βούλεται,
3226 4049 3292 4118 τῇ
3311 4048 3390 4111 είς
3404 4047 3568 4101 αὐτὸν
3591 4063 3785 4102 πεποι-

2197 4137 2353 4210 θήσει
2384 4137 2806 4209 βεϐαιουμένους
2834 4137 2973 4209 πρὸς
2990 4137 3087 4210 τὴν
3113 4139 3198 4208 ἐφ’
3221 4138 3392 4192 ἅπασι
3416 4141 3528 4201 τοῖς
3557 4138 3783 4207 ἀγαθοῖς

2197 4229 2510 4300 εὐτολμίαν.
2536 4229 2693 4284 Κατά
2719 4229 2817 4300 μὲν
2838 4225 2932 4283 οὖν
2962 4229 3062 4300 τῆς
3097 4230 3336 4301 ἱστορίας
3365 4229 3455 4283 τὸν
3483 4229 3662 4298 λόγον,
3683 4230 3782 4284 οὐκ

2198 4323 2307 4377 ἀπὸ
2356 4321 2561 4376 σκοποῦ
2595 4322 2927 4376 συντείνεται
2967 4321 3075 4377 τῶν
3101 4323 3411 4394 είρημένων
3453 4324 3486 4392 ἡ
3528 4322 3782 4394 δύναμις,

2204 4413 2602 4484 μεταϐαλόντες
2634 4413 2692 4466 δέ
2723 4413 2883 4467 πάλιν
2927 4415 3067 4468 αὐτὰ
3101 4414 3238 4485 πρὸς
3271 4413 3503 4482 θεωρίαν
3542 4431 3782 4483 πνευμαο

513 4501 699 4558 stndio
723 4503 870 4559 bono
896 4520 960 4557 ac
982 4505 1086 4562 ﬁde
1113 4507 1444 4578 investigarit
1463 4509 1668 4578 ipsum,
1688 4510 1847 4577 juxta
1870 4510 1923 4565 id
1952 4512 2092 4582 quod

2201 4507 2386 4580 τικὴν,
2431 4507 2527 4561 καὶ
2569 4506 2630 4560 τὸ
2674 4508 2733 4561 ἐν
2763 4506 2917 4578 τύπῳ
2948 4509 3094 4578 παχὺ
3133 4507 3544 4578 περικείροντες
3580 4509 3781 4578 σχῆμα,

515 4612 544 4651 a
577 4597 744 4652 Paulo
771 4599 976 4653 dictum
1007 4609 1125 4655 est:
1161 4620 1178 4652 ι
1212 4601 1362 4668 Quos
1386 4604 1532 4658 enim
1573 4605 1848 4672 prmscivit
1881 4614 1935 4659 et
1960 4621 2098 4675 prm-

515 4688 814 4744 destinavit
867 4691 1184 4748 conformes
1226 4695 1482 4765 imaginis
1514 4694 1672 4760 Filii,
1709 4695 1813 4750 hos
1851 4703 1904 4751 et
1930 4711 2097 4751 voca-

517 4779 680 4831 vit".
725 4799 744 4831 ι
784 4780 1046 4837 Sublcvat
1072 4800 1203 4854 ergo
1231 4785 1486 4840 Christus
1523 4787 1743 4849 oculos,
1779 4802 1890 4857 quo
1927 4787 2101 4858 signi-

521 4870 645 4923 licat
673 4885 768 4926 eos
801 4875 895 4938 qui
925 4875 1159 4944 diligunt
1193 4877 1372 4947 ipsum
1409 4877 1606 4948 dignos
1639 4893 1763 4934 esse
1793 4879 1888 4949 qui
1923 4893 1952 4932 a
1991 4878 2102 4935 Deo

517 4963 914 5032 rcspiciantnr,
971 4969 1136 5038 276
1171 4970 1632 5038 quemadmodum
1681 4987 1875 5040 nempe
1933 4971 2103 5026 bene-

518 5053 736 5108 dicendi
764 5055 926 5108 modo
947 5057 1152 5112 dictum
1179 5067 1264 5114 est
1296 5061 1360 5115 ad
1390 5059 1554 5116 Israel
1589 5079 1602 5115 :
1634 5081 1650 5113 ι
1683 5061 1940 5116 Sultlcvct
1968 5078 2103 5116 ocu-

520 5145 602 5201 los
637 5160 768 5200 suos
812 5146 1076 5201 Dominus
1123 5149 1190 5202 ad
1233 5159 1320 5214 te,
1380 5158 1435 5205 et
1485 5151 1576 5205 det
1615 5151 1708 5205 tibi
1753 5167 1942 5220 pacem
1986 5153 2050 5205 ¹⁹.
2079 5172 2097 5204 ι

518 5236 626 5292 Sed
661 5253 770 5292 non
803 5236 1146 5308 inspectione
1174 5239 1291 5293 sola
1325 5249 1543 5295 constat
1575 5257 1636 5296 ea
1667 5241 1873 5311 gratia.
1913 5257 2102 5297 verum

517 5331 626 5385 alio
672 5331 910 5401 quodam
957 5330 1144 5386 addito
1200 5332 1390 5388 beatus
1433 5334 1767 5406 evangelista
1810 5333 2098 5390 Dominum

517 5427 758 5482 ostendit
792 5428 966 5482 turba:
999 5426 1288 5498 providere
1309 5470 1322 5491 .
1366 5427 1522 5483 cibos
1553 5440 1720 5498 atque
1749 5429 1916 5499 dapes
1959 5446 2100 5499 prm-

521 5519 764 5588 parando
789 5537 802 5572 :
828 5530 886 5576 ut
904 5521 1031 5576 hinc
1053 5536 1251 5577 rursus
1274 5520 1549 5592 intelligas
1577 5522 1628 5576 id
1660 5523 1804 5590 quod
1831 5523 2095 5592 scriptum

519 5618 603 5663 est
661 5609 718 5666 in
755 5609 1113 5669 Proverbiis:
1155 5633 1173 5666 ι
1221 5610 1338 5668 Non
1384 5611 1602 5668 occidet
1648 5611 1914 5667 Dominus
1955 5612 2096 5667 fame

616 5789 658 5824 "
682 5787 817 5847 Luc.
854 5805 990 5853 xm.
1027 5791 1114 5845 '50.
1198 5790 1236 5822 “
1267 5789 1424 5846 Rom.
1472 5807 1588 5858 \‘lll,
1626 5792 1712 5846 ἓξ).

1797 5789 2020 5844 I"Num.
2060 5805 2131 5853 τι,

2203 4600 2536 4672 γυμνότερον
2559 4599 2659 4671 ἤδη
2689 4599 2890 4670 φαμὲν,
2911 4599 2987 4662 ὡς
3012 4599 3100 4652 διὰ
3126 4599 3436 4669 προθυμίας
3458 4599 3669 4669 ἀγαθῆς
3693 4600 3782 4652 καὶ

2205 4691 2440 4754 πίστεως
2468 4691 2594 4755 τοὺς
2621 4690 3012 4762 ἐπιζητοῦντας
3042 4691 3227 4756 αὐτὸν,
3253 4689 3504 4760 καθάπερ
3527 4691 3585 4757 ἐξ
3606 4691 3782 4760 ὄρους,

2205 4785 2264 4850 ἐξ
2284 4777 2493 4852 ὑψηλῆς
2538 4783 2780 4852 δηλονότι
2804 4785 2898 4836 καὶ
2927 4781 3262 4852 θεοπρεποῦς
3289 4783 3391 4852 τῆς
3422 4781 3784 4853 προγνώσεως

2207 4872 2611 4942 προαναϐλέπει
2658 4872 2822 4937 Θεὸς,
2884 4873 3024 4926 κατὰ
3059 4872 3122 4925 τὸ
3153 4872 3444 4944 εἰρημένον
3491 4872 3645 4944 παρά
3693 4871 3784 4924 τοῦ

2207 4963 2420 5016 Παύλου
2446 4979 2460 4994 ”
2488 4982 2506 5015 ι
2544 4963 2651 5029 Οὓς
2681 4964 2790 5035 γὰρ
2825 4965 3076 5035 προέγνω
3101 4966 3196 5020 καὶ
3247 4963 3526 5037 προώρισε
3552 4965 3794 5035 συμμόρ-

2206 5072 2341 5125 φους
2376 5056 2475 5126 τῆς
2511 5057 2719 5120 εἰκόνος
2752 5057 2847 5110 τοῦ
2888 5056 3050 5121 Υίοῦ,
3077 5057 3303 5120 τούτους
3328 5056 3424 5110 καὶ
3455 5056 3732 5110 ἐκάλεσεν.
3763 5073 3781 5103 ι

2220 5147 2466 5219 Ἐπαίρει
2503 5149 2681 5201 τοίνυν
2728 5149 2858 5212 τοὺς
2905 5147 3220 5219 ὀφθαλμοὺς
3254 5147 3283 5199 ὁ
3317 5147 3583 5219 Χριστὸς,
3629 5145 3784 5200 οἱονεὶ

2204 5240 2301 5310 τῆς
2332 5240 2851 5310 θείαςέπισκέψεως
2880 5239 3064 5304 ἀξίους
3085 5240 3247 5304 ὂντας
3278 5239 3635 5293 ἐπιδεικνύων
3665 5240 3783 5302 τοὺς

2208 5333 2538 5402 ἀγαπῶντας
2569 5334 2732 5388 αὐτόν
2755 5349 2769 5364 °
2794 5332 2984 5403 ῶσπερ
3005 5329 3098 5386 οὖν
3127 5332 3321 5402 ἀμέλει
3344 5331 3440 5385 καὶ
3458 5333 3516 5383 ἐν
3539 5330 3782 5398 εὐλογίας

2205 5429 2392 5499 τρόπῳ
2423 5429 2558 5498 πρὸς
2593 5428 2683 5481 τὸν
2729 5426 2947 5498 Ἰσραὴλ
2980 5426 3226 5494 ἐλέγετο·
3266 5443 3286 5477 ι
3328 5423 3564 5494 Ἐπάραι
3585 5423 3782 5494 Κύριος

2204 5520 2266 5573 τὸ
2298 5521 2587 5588 πρόσωπον
2618 5517 2785 5572 αὐτοῦ
2835 5519 2927 5572 ἐπὶ
2967 5517 3056 5582 σὲ,
3105 5517 3201 5572 καὶ
3231 5516 3344 5588 δῴη
3380 5533 3461 5569 σοι
3496 5515 3740 5586 εἰρήνην.
3762 5529 3780 5563 ι

2219 5613 2358 5666 ‘AD.’
2373 5613 2433 5666 οὐ
2459 5611 2620 5684 μέχρι
2647 5610 2812 5682 μόνης
2831 5611 2931 5682 τῆς
2955 5609 3295 5678 ἐπισκέψεως
3317 5609 3350 5679 ἡ
3372 5607 3466 5661 ἐπὶ
3484 5608 3596 5670 τοῖς
3621 5602 3782 5676 τιμῶ·

2163 5789 2231 5842 26
2243 5832 2254 5846 .
