4078 6262
318 347 423 403 113

1345 334 1415 389 IN
1450 333 1736 392 JOANNIS
1765 331 2210 390 EVANGELIUM
2245 332 2374 390 LIB.
2412 332 2500 388 111.

3474 333 3578 392 416

320 480 405 516 σιν
435 461 598 515 αὑτὸν
626 457 868 531 ὁρίζεται
896 455 1086 526 χάρις,
1131 450 1270 506 ἀλλά
1300 451 1396 505 καί
1433 468 1488 506 τι
1517 450 1707 522 ἕτερον
1731 464 1877 520 προσ

2011 452 2248 506 animam
2293 452 2500 521 justam
2523 451 2589 502 ’°.
2638 467 2657 501 ι
2691 445 2941 518 Seipsum
2983 446 3131 502 enim
3169 458 3406 517 apponet
3452 458 3577 503 tau-

318 555 492 617 τιθεὶς
547 555 578 608 ὁ
632 551 896 624 μακάριος
939 544 1375 614 εὐαγγελιστὴς,
1437 544 1538 598 οὐκ
1591 543 1910 610 ἀπονοήτως

316 645 513 716 ἔχοντα
538 643 649 696 τῶν
678 641 849 711 ὄχλων
875 635 1107 691 δεικνύει
1135 635 1227 688 τὸν
1256 634 1496 706 Κύριον,
1523 632 1637 686 ἀλλ’
1672 633 1752 694 είς
1782 645 1906 699 τρο-

2010 557 2173 614 quam
2203 557 2396 613 panem
2431 541 2499 596 de
2537 539 2678 594 caelo
2698 581 2713 605 ,
2739 549 2796 594 et
2819 554 3010 595 eorum
3051 553 3081 591 a
3122 539 3324 607 quibus
3356 539 3579 593 timetur

2006 633 2220 688 animas
2268 631 2495 685 nutriet.
2543 629 2754 684 Cuncta
2795 643 2926 682 vero
2967 628 3100 696 ipsis
3141 635 3412 698 praeparat
3455 643 3578 693 qua!

319 736 430 806 φὰς
444 734 549 806 ⁴ἤδη
570 733 664 788 καὶ
682 728 999 791 πανδαισίας
1021 719 1478 798 εὐτρεπιζόμενον
1504 740 1516 754 ·
1549 723 1637 776 ἵνα
1653 721 1717 792 δὴ
1742 720 1879 773 πάλι

2004 725 2071 778 ad
2096 724 2262 777 vitam
2299 721 2573 777 sufﬁciunt
2621 718 3080 790 quemadmodum
3112 718 3170 772 in
3213 717 3447 774 Psalmis
3493 717 3578 771 di-

316 827 408 880 διά
439 825 632 880 τούτου
660 825 786 893 νοῇς
820 820 881 874 τὸ
928 821 985 873 ἐν
1016 817 1344 890 Παροιμίαις
1388 815 1687 887 φερόμενον
1713 829 1728 844 ·
1768 831 1787 864 ι
1825 811 1900 864 Οὐ

315 916 695 986 λιμοκτονήσει
721 911 925 980 Κύριος
955 909 1134 979 ψυχὴν
1173 906 1414 961 δικαίαν.
1453 923 1471 955 ι
1519 903 1747 957 Ἑαυτὸν
1791 901 1899 972 γὰρ

315 1004 646 1075 παραθήσει,
681 1001 935 1070 καθάπερ
965 999 1126 1068 ἀρτον
1156 996 1215 1062 ἐξ
1239 993 1503 1067 ούρανοῦ,
1551 993 1645 1047 καὶ
1669 991 1770 1055 τάς
1791 990 1899 1042 τῶν

316 1093 479 1163 φοεου
488 1092 662 1160 μένων
683 1089 845 1142 αὐτὸν
866 1085 1168 1157 ἀποτρέψει
1189 1083 1388 1154 ψυχάς.
1419 1078 1604 1136 Πάντα
1627 1080 1683 1133 δὲ
1713 1080 1899 1140 αὐτοῖς

315 1181 589 1253 ἐτοιμάζει
623 1181 692 1233 τὰ
721 1178 978 1250 ζωαρκῆ,
1013 1176 1263 1247 καθάπερ
1287 1171 1382 1228 οὖν
1411 1174 1470 1226 ἐν
1499 1173 1748 1243 Ψαλμοῖς
1774 1171 1864 1225 ὲλέ

315 1292 470 1344 γετο·
502 1293 520 1325 ι
560 1270 897 1341 Ἦτοίμασας
930 1268 1026 1339 τὴν
1058 1265 1266 1338 τροφὴν
1293 1265 1503 1330 αὐτῶν,
1551 1265 1633 1318 ότι
1661 1261 1891 1332 οὔτωςή

315 1364 600 1436 ἐτοιμασία
637 1379 752 1415 σου.
787 1380 806 1413 ι
839 1361 951 1414 Καὶ
976 1358 1136 1422 αὐτὸς
1159 1358 1216 1411 δέ
1246 1358 1349 1411 πού
1381 1373 1543 1426 φησιν
1567 1357 1596 1409 ὁ
1619 1354 1890 1426 Χριστόςο

317 1479 336 1510 ι
358 1455 710 1528 Ἀμὴν,ἀμὴν
720 1454 864 1522 λέγω
882 1453 1033 1524 ὑμῖν·
1047 1452 1108 1508 Ὀ
1135 1449 1428 1522 ἐρχόμενος
1447 1447 1608 1521 [πρὸς
1623 1446 1714 1520 μὲ]
1731 1447 1792 1499 ού
1814 1445 1890 1518 μὴ

313 1547 545 1618 πεινάσῃ
570 1543 812 1600 πώποτε.
837 1562 856 1596 ι
891 1541 1174 1596 Ἐπιδώσει
1191 1541 1318 1610 γὰρ,
1338 1539 1592 1610 καθάπερ
1626 1539 1728 1610 ἤδη
1755 1555 1890 1609 προ-

312 1641 569 1710 είπομεν,
616 1637 717 1700 τὰς
757 1635 817 1700 ἐξ
847 1633 1077 1706 ούρανοῦ
1109 1633 1350 1706 δηλονότι
1385 1631 1622 1703 τροφὰς,
1665 1632 1760 1685 καὶ
1786 1631 1889 1701 τὴν

319 1729 572 1799 πολυειδῆ
604 1727 696 1780 τοῦ
725 1726 1043 1796 Πνεύματος
1075 1724 1543 1792 ἐπιδαψιλεύσεται
1567 1724 1747 1792 χάριν.
1783 1723 1888 1776 Εύ-

319 1818 638 1892 τρεπίζεταί
665 1835 728 1887 γε
757 1817 862 1888 μὴν
884 1817 1018 1887 πρὸς
1049 1815 1110 1869 τὸ
1129 1815 1313 1868 δοῦναι
1337 1817 1448 1876 τοῖς
1481 1811 1762 1883 προσιοῦσι
1788 1811 1885 1876 τὰς

320 1909 555 1981 τροφὰς,
610 1906 728 1960 οὐδὲ
769 1904 1092 1976 περιμείνας
1141 1904 1242 1975 τὴν
1290 1903 1525 1972 αἴτησιν.
1575 1901 1649 1954 Τὸ
1685 1902 1793 1972 γὰρ
1835 1901 1888 1955 τί

317 1998 745 2072 προσευξόμεθα,
769 1997 892 2050 καθ’
920 1997 949 2049 ὃ
965 1996 1062 2060 δεῖ,
1080 1995 1178 2048 οὐκ
1195 1995 1434 2066 οἴδαμεν,
1453 1995 1616 2057 αὐτὸς
1629 1995 1685 2046 δὲ
1707 1995 1887 2066 ὀρέγει

311 2090 630 2162 προλαϐὼν,
656 2089 798 2159 άπερ
827 2089 975 2160 ἡμᾶς
1009 2089 1088 2151 είς
1107 2087 1253 2158 ζωὴν
1283 2087 1496 2157 συνέχει
1520 2086 1619 2157 τὴν
1648 2085 1880 2139 αἰώνιον.

306 2181 674 2250 Λέγειτοίνυν
719 2179 855 2249 πρὸς
900 2179 1202 2232 Φίλιππονο
1260 2197 1279 2230 ι
1325 2178 1497 2232 Πόθεν
1543 2178 1884 2249 ἀγοράσομεν

305 2272 536 2343 ἄρτουςς
580 2288 600 2323 ι
644 2269 794 2323 Διατί
835 2270 973 2342 πρὸς
1000 2268 1296 2334 Φίλιππον,
1347 2268 1525 2322 καίτοι
1573 2267 1682 2321 τῶν
1706 2267 1881 2322 ἀλλων

302 2362 670 2435 παρεστώτων
686 2377 743 2413 τε
762 2360 856 2414 καὶ
868 2357 1418 2431 προσκαρτερούντων
1430 2357 1578 2428 αύτῷ
1598 2358 1877 2428 μαθητῶν.

301 2455 600 2524 ἀναγκαῖον
644 2452 790 2506 [δεῖν.
827 2449 1037 2504 Οὐκοῦν
1077 2450 1366 2522 ζητητικὸς
1413 2451 1512 2520 μὲν
1545 2452 1574 2504 ό
1615 2450 1879 2515 Φίλιππος

301 2546 400 2601 καὶ
425 2544 726 2616 φιλομαθὴς
744 2583 760 2608 ,
810 2543 935 2607 ὀξὺς
962 2543 1017 2595 δὲ
1045 2543 1105 2596 οὐ
1134 2541 1252 2595 λίαν
1277 2543 1357 2606 είς
1377 2542 1441 2594 τὸ
1465 2541 1723 2595 δύνασθαι
1754 2559 1850 2596 συν

301 2639 441 2692 ιέναι
468 2637 686 2709 θερμῶς
715 2637 785 2691 τὰ
813 2635 1269 2707 θεοπρεπέστερα.
1303 2633 1473 2688 Τοῦτο
1497 2635 1542 2688 δ’
1568 2634 1634 2688 ἂν
1661 2634 1872 2705 μάθοις,

297 2728 478 2779 ἐκεῖνο
527 2726 672 2779 κατά
715 2726 908 2779 σαυτὸν
967 2724 1426 2794 ἀναλογισάμενος
1449 2763 1464 2786 ,
1517 2726 1600 2778 ὅτι
1651 2726 1875 2796 χρόνους

197 2813 210 2822 “
296 2817 673 2886 ἀκολουθήσας
713 2815 792 2886 τῷ
823 2816 1036 2886 Σωτῆρι
1062 2815 1339 2886 μακροὺς,
1380 2817 1474 2869 καὶ
1513 2815 1774 2880 ποικίλως
1806 2815 1876 2870 τὰ

299 2907 436 2978 περὶ
462 2910 559 2978 τῆς
595 2907 846 2974 θεότητος
889 2905 1055 2959 αὐτοῦ
1106 2906 1379 2975 συλλέγων
1407 2907 1734 2978 μαθήματα,
1780 2910 1874 2962 καὶ

299 2997 712 3068 πλουσιωτάτην
751 2997 840 3050 διά
868 3015 925 3050 τε
955 2998 1294 3068 πραγμάτων
1314 2998 1405 3050 καὶ
1429 2997 1602 3066 λόγων
1630 2999 1873 3070 ἐρανιζό-

2001 815 2148 872 citur
2187 831 2201 868 :
2253 832 2272 865 ι
2306 811 2521 868 Parasti
2561 811 2740 867 cibum
2776 810 2994 864 illorum
3029 824 3044 861 :
3083 809 3340 879 quoniam
3388 808 3464 862 ita
3491 815 3576 862 est

1999 903 2328 978 praeparatio
2367 913 2460 959 tua
2481 905 2548 956 ἰ.
2599 921 2618 956 ι
2656 901 2722 955 Ει
2762 902 2882 972 ipse
2927 900 3180 956 Christus
3224 900 3302 954 ait
3332 898 3572 953 alicubi:

2005 1017 2024 1051 ι
2051 999 2258 1064 Amen,
2301 1012 2457 1052 amen
2485 995 2610 1050 dico
2638 981 2794 1049 vobis
2839 1011 2854 1048 :
2890 993 2983 1063 qui
3017 993 3166 1046 venit
3197 991 3265 1046 ad
3299 1005 3417 1053 me,
3462 1005 3572 1044 non

1996 1093 2282 1151 esuriet“.
2312 1110 2330 1142 ι
2357 1089 2516 1144 Dabit
2534 1089 2706 1153 enim,
2743 1096 2798 1142 ut
2829 1087 2941 1157 jam
2970 1085 3124 1153 prius
3168 1083 3428 1146 diximus,
3460 1097 3574 1137 ca:-

1993 1187 2163 1244 lestcs
2196 1184 2455 1238 nimirum
2485 1197 2668 1248 escas,
2713 1188 2768 1236 et
2797 1178 3188 1234 multiformem
3223 1177 3373 1231 illam
3403 1173 3571 1245 Spiris

1993 1287 2085 1334 tus
2114 1277 2344 1349 gratiam
2376 1275 2578 1330 aﬂ'atim
2609 1272 2922 1328 distribuet.
2976 1267 3381 1324 Accedentibus
3405 1280 3571 1336 porro

1992 1369 2060 1424 ad
2091 1383 2150 1423 se
2189 1367 2346 1423 cibos
2390 1370 2694 1436 praeparat,
2747 1377 2849 1418 nec
2882 1365 3162 1430 exspectat
3192 1358 3319 1413 dum
3361 1363 3567 1427 petant.

1991 1459 2133 1527 Quid
2178 1459 2323 1515 enim
2358 1465 2544 1529 petere
2588 1472 2692 1512 nos
2737 1455 2928 1510 deceat
2968 1452 3291 1508 nescimus:
3323 1449 3418 1504 sed
3450 1449 3570 1518 ipse

1987 1550 2376 1622 prmveniendo
2413 1549 2644 1617 largitur
2671 1561 2795 1616 qua:
2833 1545 2900 1599 ad
2930 1544 3099 1598 vitam
3145 1550 3403 1597 aeternam
3437 1554 3569 1596 con-

1990 1650 2233 1699 servant.
2272 1639 2420 1694 Dixit
2450 1654 2581 1709 ergo
2610 1638 2676 1692 ad
2711 1636 3020 1704 Philippum
3049 1650 3062 1686 :
3093 1651 3112 1684 ι
3137 1632 3295 1689 Unde
3321 1644 3567 1687 ememus

1989 1730 2191 1802 panes?
2214 1748 2233 1780 ›
2263 1727 2375 1784 Cur
2399 1727 2466 1781 ad
2490 1725 2823 1795 Philippum,
2853 1737 2976 1777 cum
2999 1723 3090 1776 alii
3114 1728 3359 1776 astarent
3391 1717 3558 1773 disci-

1991 1822 2127 1894 puli,
2146 1821 2308 1891 eique
2333 1818 2585 1874 assiduos
2614 1817 2842 1870 comites
2865 1827 2987 1868 sese
3013 1816 3363 1882 praestarent,
3385 1823 3566 1878 opera:

1987 1915 2222 1986 pretium
2256 1921 2338 1968 est
2361 1907 2813 1964 animadvertere.
2846 1904 3172 1960 Sciscitator
3200 1915 3396 1970 nempe
3421 1905 3562 1960 erat,

1987 2023 2050 2062 ac
2076 2003 2322 2061 discendi
2354 2001 2583 2069 avidus,
2614 2000 2708 2056 sed
2734 1999 2788 2054 in
2816 1995 3185 2069 percipiendis
3221 1993 3388 2048 rebus
3421 1989 3564 2044 divi-

1984 2096 2072 2150 nis
2118 2093 2264 2149 haud
2302 2092 2534 2146 multum
2574 2097 2789 2147 acutus.
2839 2087 2954 2141 Hoc
2996 2093 3176 2140 autem
3230 2080 3470 2153 patebit,
3511 2079 3560 2135 si

1983 2187 2125 2258 apud
2165 2195 2218 2240 te
2245 2181 2467 2255 reputes
2499 2181 2645 2254 quod
2689 2196 2814 2236 cum
2845 2179 3010 2249 longo
3038 2187 3282 2258 tempore
3310 2172 3562 2228 Salvato-

1981 2254 2096 2334 rem
2125 2254 2350 2332 secutus
2371 2275 2465 2339 sit,
2488 2287 2554 2327 ac
2578 2271 2646 2328 de
2663 2270 2784 2340 ejus
2811 2268 3016 2324 deitate
3033 2254 3204 2321 multa
3233 2262 3561 2318 documenta

1981 2367 2314 2438 susceperit,
2375 2372 2430 2420 et
2482 2361 3016 2418 abundantissimam
3052 2372 3180 2413 cum
3221 2355 3410 2420 rebus,
3441 2361 3558 2408 tum

1979 2459 2162 2514 verbis
2191 2459 2312 2526 ejus
2333 2455 2700 2528 cognitionem
2721 2452 2989 2514 hauserit,
3017 2448 3176 2519 quasi
3211 2457 3396 2502 tamen
3422 2445 3560 2500 nihil

1977 2551 2160 2605 adhuc
2187 2547 2492 2611 didicisset,
2524 2547 2577 2600 in
2601 2544 2861 2600 extremis
2890 2537 3556 2612 dispensationistempo-

1976 2642 2133 2698 ribus
2155 2641 2228 2694 ait
2249 2640 2314 2694 ad
2339 2637 2557 2694 Iesum:
2586 2653 2605 2687 ι
2633 2635 2879 2698 Domine,
2894 2631 3122 2688 ostende
3138 2630 3300 2686 nobis
3315 2626 3557 2686 Patrem.

1974 2742 2028 2790 et
2053 2731 2250 2788 sufﬁcit
2275 2729 2511 2784 nobis”.
2538 2747 2556 2780 ι
2594 2727 2698 2782 Sed
2722 2742 2752 2780 a
2783 2724 3066 2780 Salvatore
3087 2722 3276 2792 utique
3306 2719 3556 2774 docetur.

1975 2833 2034 2878 ut
2077 2822 2171 2894 qui
2211 2818 2531 2886 simpliciter
2578 2831 2680 2871 nec
2718 2816 2993 2870 malitiose
3037 2813 3092 2867 id
3127 2813 3345 2866 locutus
3383 2813 3552 2864 esset.

1979 2933 1998 2965 ι
2026 2911 2203 2966 Tanto
2225 2908 2369 2964 enim
2396 2915 2638 2976 tempore
2667 2905 2948 2961 vobiscum
2978 2916 3123 2964 sum,
3143 2911 3195 2956 et
3219 2914 3326 2954 non
3351 2911 3557 2968 cogno-

1975 3003 2100 3059 visti
2123 3018 2229 3068 me,
2261 2999 2511 3070 Philippe
2535 2998 2616 3052 "‘l
2641 3016 2659 3050 ›
2704 2995 2884 3068 inquit
2908 2993 3182 3050 Christus.
3222 2990 3376 3056 Quod
3409 2989 3554 3044 enim

295 3107 468 3160 μενος
493 3089 664 3158 ἐαυτῷ
683 3087 780 3160 [αι.
812 3089 900 3141 ἐπ’
930 3087 1102 3161 αὐτῷ]
1124 3089 1224 3160 τὴν
1252 3089 1556 3159 κατάληψιν
1575 3130 1590 3154 ,
1626 3092 1700 3155 ὡς
1727 3092 1878 3145 οὐδὲν

1982 3093 2204 3165 ingenio
2259 3089 2518 3148 crassiori
2551 3095 2729 3153 esset,
2791 3102 2854 3143 ac
2893 3085 3109 3140 tardius
3153 3078 3557 3151 quodammodo

287 3180 354 3234 οὗ
367 3199 455 3234 πω
484 3178 692 3252 μαθὼν,
726 3181 784 3233 ἐν
812 3179 1141 3242 τελευταίοις
1171 3182 1272 3251 τῆς
1309 3181 1622 3250 οἰκονομίας
1665 3185 1877 3254 καιροῖς

286 3269 449 3337 λέγει
489 3267 624 3338 πρὸς
663 3268 754 3320 τὸν
793 3267 1028 3338 Ἰησοῦν·
1081 3285 1100 3319 ι
1131 3268 1301 3340 Κύριε
1324 3309 1338 3333 ,
1391 3269 1562 3336 δεῖξον
1607 3273 1742 3342 ἡμῖν
1786 3273 1877 3327 τὸν

283 3357 536 3428 Πατέρα,
557 3357 649 3410 καὶ
680 3358 841 3427 ἀρκεῖ
858 3359 889 3426 ἡ
901 3359 1010 3426 μῖν.
1042 3375 1062 3408 ι
1102 3357 1242 3410 Ἀλλ’
1261 3357 1335 3421 ὡς
1356 3359 1682 3430 ἀκακοήθως
1709 3362 1878 3416 εἰπὼν

279 3447 339 3506 εῦ
400 3451 546 3522 μάλα
579 3449 1012 3520 μετεπαιδεύετο.
1051 3468 1070 3502 ι
1107 3449 1357 3520 Τοσούτῳ
1399 3451 1508 3524 γὰρ
1536 3452 1713 3524 χρόνῳ
1758 3454 1878 3525 μεθ’

278 3544 453 3616 ὑμῶν
479 3544 613 3612 είμι,
643 3541 736 3595 καὶ
779 3541 879 3593 οὐκ
919 3540 1166 3610 ἔγνωκάς
1197 3559 1300 3613 με,
1351 3544 1618 3611 (illusus;
1658 3564 1676 3598 ι
1711 3547 1876 3617 φησὶν

275 3635 304 3688 ό
331 3633 606 3703 Χριστός.
646 3631 737 3694 Ὠς
767 3625 861 3684 οὖν
898 3631 1189 3702 παχυτέρῳ
1217 3631 1351 3703 πρὸς
1378 3634 1580 3704 νόησιν,
1616 3635 1711 3689 καὶ
1743 3636 1875 3707 βρα-

279 3720 521 3792 δύτερόν
565 3735 682 3783 πως
724 3720 868 3790 ἥπερ
913 3721 1079 3790 ἐχρῆν
1126 3719 1261 3790 πρὸς
1304 3721 1405 3792 τὴν
1446 3721 1554 3775 τῶν
1587 3721 1876 3794 θειοτέρων

287 3813 430 3867 ίόντι
463 3811 770 3883 κατάληψιν
808 3812 1078 3882 προτείνει
1105 3811 1205 3884 τὴν
1233 3811 1447 3878 πεῦσιν,
1478 3814 1772 3884 γυμνάζων
1795 3818 1874 3881 είς

284 3905 480 3957 πίστιν
510 3902 601 3956 τὺν
631 3901 900 3976 μαθητήν.
929 3902 1098 3956 Τοῦτο
1127 3903 1236 3974 γάρ
1256 3903 1514 3974 σημαίνει
1542 3903 1602 3956 τὸ
1636 3924 1654 3955 ι
1680 3906 1874 3976 πειρά-

285 3994 432 4060 ζων,
464 4012 484 4045 ι
525 3995 582 4046 ἐν
612 3991 852 4055 τούτοις.
892 3993 942 4045 εί
973 3991 1086 4057 καὶ,
1111 3993 1361 4063 καθάπερ
1409 3993 1437 4046 ὁ
1483 3993 1750 4066 μακάριος
1783 3994 1873 4046 εύ-

282 4083 622 4156 αγγελιστὴς
665 4083 1068 4152 διῖσχυρίσατο,
1113 4083 1274 4147 αὐτὸς
1321 4083 1380 4136 δὲ
1429 4083 1543 4155 ᾔδει
1583 4083 1635 4136 τί
1682 4083 1874 4153 ἔμελλε

287 4178 492 4230 ποιεῖν.
530 4174 604 4227 Τὸ
636 4173 694 4226 δὲ
728 4191 746 4224 ι
770 4173 941 4226 Πόθεν
972 4173 1316 4244 ἀγοράσομεν
1344 4193 1362 4225 ι
1395 4173 1589 4242 λέγων,
1618 4173 1725 4228 τῶν
1751 4191 1873 4227 συν-

290 4271 472 4322 όντων
493 4265 641 4335 αύτῷ
668 4265 728 4318 τὸ
762 4265 1199 4335 ἀφιλοχρήματον
1218 4306 1232 4330 ,
1263 4265 1357 4319 καὶ
1383 4264 1480 4336 τὴν
1510 4265 1755 4319 ἑκούσιον
1785 4266 1873 4319 διὰ

285 4359 431 4411 Θεὸν
459 4355 730 4426 πτωχείαν
752 4355 1098 4420 ἐπιδεικνύει,
1118 4356 1228 4410 οὐδ’
1253 4356 1377 4410 ὅσον
1406 4359 1485 4418 είς
1514 4357 1576 4410 τὺ
1603 4356 1871 4427 πρίασθαι

1978 3195 2141 3252 quam
2191 3179 2420 3234 decebat
2465 3191 2553 3231 res
2596 3175 2812 3232 divinas
2850 3181 3106 3244 caperet,
3149 3171 3355 3226 idcirco
3386 3171 3556 3225 inter-

1978 3270 2316 3342 rogationem
2342 3266 2616 3338 pr0ponit,
2639 3266 2968 3336 discipulum
2995 3264 3061 3319 ad
3093 3263 3252 3318 iidem
3267 3276 3554 3318 exercens.

1979 3361 2094 3418 Hoc
2131 3361 2275 3417 enim
2305 3360 2606 3430 signiﬁcat,
2662 3359 2755 3414 illa
2787 3372 2914 3421 vox,
2949 3375 2967 3410 ι
2991 3363 3230 3419 tentans,
3261 3373 3280 3406 ι
3314 3352 3552 3417 tametsi,

1979 3461 2040 3508 ut
2064 3451 2260 3507 asserit
2275 3452 2469 3507 beatus
2489 3451 2850 3522 evangelista,
2875 3450 2993 3520 ipse
3019 3447 3228 3504 sciebat
3256 3444 3385 3517 quid
3405 3451 3555 3500 esset

1977 3541 2244 3597 facturus.
2272 3540 2406 3595 Cum
2433 3550 2612 3596 autem
2642 3541 2755 3608 ait,
2796 3557 2816 3592 ι
2853 3535 3009 3594 Unde
3033 3552 3300 3602 ememus,
3327 3554 3346 3588 ι
3373 3535 3546 3591 disci:

1977 3634 2228 3704 pulcrum
2256 3633 2614 3703 pecuniarum
2641 3639 3016 3702 contemptum
3037 3671 3051 3695 ,
3096 3639 3152 3682 et
3183 3626 3547 3683 voluntariam

1977 3725 2139 3794 277
2189 3733 2414 3794 propter
2450 3724 2617 3781 Deum
2659 3730 3033 3796 paupertatem
3073 3720 3302 3785 indicat,
3335 3719 3428 3790 qui
3482 3735 3552 3772 ne

1977 3813 2243 3868 haberent
2272 3814 2490 3882 quidem
2528 3813 2676 3868 unde
2703 3813 3051 3868 necessarios
3079 3810 3235 3865 cibos
3269 3816 3546 3864 emerent:

1977 3902 2250 3973 simulque
2272 3902 2417 3958 aliud
2450 3903 2709 3973 quiddam
2739 3901 3005 3973 singulari
3039 3900 3271 3956 consilio
3303 3898 3547 3952 molitur.

1975 3993 2110 4048 Illud
2145 3995 2287 4048 enim
2319 3995 2672 4060 vocabulum,
2713 3994 2958 4060 «unde,»
2998 4007 3105 4045 non
3150 3991 3352 4043 frustra
3391 3987 3549 4057 poni-

1976 4093 2084 4149 tur,
2122 4084 2282 4154 quasi
2311 4085 2520 4138 dictum
2552 4084 2624 4139 sit
2654 4082 2721 4137 ad
2753 4098 2848 4138 eos
2876 4081 2970 4150 qui
2998 4079 3130 4134 nihil
3162 4079 3323 4148 plane
3354 4075 3550 4129 aﬂ‘erro

1974 4182 2324 4240 curaverant,
2355 4175 2450 4230 sed
2483 4182 2536 4229 et
2576 4174 2668 4244 qui
2704 4173 2994 4243 pecuniam
3036 4184 3267 4239 prorsus
3301 4175 3550 4221 contem-

1973 4282 2107 4322 nere
2149 4265 2420 4321 solebant.
2461 4263 2569 4334 Spe
2602 4265 2773 4334 igitur
2804 4264 2859 4317 in
2894 4262 3148 4334 pecuniis
3190 4259 3369 4330 posita
3407 4258 3550 4313 scito

1975 4356 2268 4412 admodum
2300 4354 2522 4409 exclusa
2558 4363 2612 4409 et
2650 4360 2950 4423 amputata,
3005 4352 3130 4406 illos
3161 4365 3228 4405 eo
3262 4363 3548 4419 propemo«

288 4452 395 4513 τὰς
427 4448 729 4516 ἀναγκαίας
780 4446 1008 4516 ἐχόντων
1041 4447 1247 4518 τροφάς
1271 4463 1286 4477 ο
1321 4447 1456 4516 ὁμοῦ
1487 4448 1545 4500 δέ
1599 4465 1654 4500 τι
1694 4447 1870 4518 τούτῳ

1982 4451 2105 4505 dum
2135 4449 2306 4518 adigit
2341 4454 2399 4502 ut
2431 4447 2486 4500 in
2515 4445 2760 4500 animum
2794 4444 3058 4499 inducant
3091 4442 3246 4498 cibos
3285 4439 3547 4496 inell'abili

289 4539 766 4613 προσεργάζεται,
815 4540 909 4592 καὶ
953 4538 1042 4592 διὰ
1084 4538 1278 4608 τέχνης
1315 4540 1607 4608 οἰκονομεῖ.
1657 4539 1731 4591 Τὸ
1761 4539 1868 4609 γὰρ

292 4651 312 4684 ι
345 4631 512 4684 πόθεν
533 4672 546 4693 ,
575 4650 594 4682 ι
628 4630 689 4684 οὐ
720 4629 899 4702 μάτην
918 4668 932 4691 ,
961 4629 1034 4692 ὡς
1068 4627 1205 4698 πρὸς
1226 4627 1378 4681 οὐδὲν
1399 4627 1538 4690 ὅλως
1562 4627 1871 4697 ἐπικομίζε-

289 4722 418 4774 σθαι
453 4721 889 4790 μελετήσαντας,
913 4719 1048 4771 άλλά
1075 4720 1170 4772 καὶ
1203 4721 1280 4782 είς
1310 4718 1448 4786 ἄγαν
1471 4719 1865 4792 ἀφιλαργυρεῖν

285 4813 632 4884 εἴθισμένους
668 4816 850 4883 φησῖν.
929 4810 1278 4874 Ἀποκλείσας
1305 4811 1368 4882 δὴ
1400 4805 1493 4865 οὖν
1531 4813 1625 4865 καὶ
1671 4813 1869 4866 ἀποτε-

287 4903 412 4974 μὼν
443 4904 822 4973 εύφυεστάτως
850 4902 950 4975 τὴν
983 4903 1071 4957 ἐπ’
1101 4902 1384 4973 ἀργυρίοις
1410 4902 1601 4957 ἐλπίδα
1622 4943 1640 4967 ,
1679 4919 1868 4973 μονον-

283 4995 416 5061 ουχὶ
452 4997 544 5046 καὶ
581 4995 866 5048 ἀναπείθει
912 4994 1098 5047 λοιπὸν
1146 4993 1234 5046 ἐπ’
1265 4994 1440 5048 ἐκεῖνο
1473 4993 1745 5064 βαδίζειν,
1780 4995 1862 5048 ὅτι

1974 4543 2178 4597 virtute
2217 4555 2280 4595 ac
2323 4539 2566 4608 potentia
2600 4537 2834 4591 Domino
2868 4535 3138 4592 creandos
3170 4549 3314 4598 esse,
3348 4533 3417 4598 si,
3448 4533 3548 4586 ni-

1976 4632 2051 4686 hil
2086 4646 2211 4686 cum
2249 4630 2588 4684 cibariorum
2627 4628 2721 4691 sit,
2756 4628 2906 4683 alere
2954 4635 3137 4682 tamen
3173 4627 3304 4680 velit
3355 4623 3545 4677 multi-

1974 4723 2218 4777 tudinem
2256 4736 2376 4791 qua:
2404 4721 2472 4775 ad
2507 4737 2631 4776 eum
2658 4720 3017 4776 conﬂuxerat.
3053 4717 3166 4772 Hoc
3198 4716 3346 4772 enim
3378 4731 3545 4769 unum

1975 4814 2242 4877 restabat,
2275 4820 2328 4869 et
2356 4811 2421 4866 ad
2457 4813 2631 4868 solam
2661 4827 2811 4882 spem
2843 4811 3110 4880 deinceps
3137 4810 3414 4879 respicere
3451 4824 3548 4863 eos

1975 4903 2252 4964 monebat,
2280 4903 2442 4972 juxta
2472 4901 2606 4956 illud
2664 4901 2837 4958 Graeci
2884 4910 3056 4972 poetae
3101 4918 3116 4956 :
3158 4943 3170 4956 .
3215 4941 3228 4954 .
3271 4941 3284 4955 .
3327 4943 3341 4956 .
3383 4936 3399 4955 .
3440 4901 3546 4969 fer.

1972 5011 2118 5049 reum
2147 4993 2296 5048 ulcus
2330 4995 2680 5048 necessitatis.

283 5085 475 5152 δεήσει
507 5082 599 5136 τὸν
627 5083 826 5153 Κύριον
849 5123 863 5147 ,
903 5085 952 5137 εί
1000 5084 1228 5154 μηδενὸς
1294 5083 1505 5146 ἐνόντος
1546 5085 1730 5148 αὐτοῖς
1793 5085 2126 5153 ἀποτρὲφειν
2157 5081 2397 5152 βούλοιτο
2426 5084 2554 5147 τοὺς
2581 5083 2716 5154 πρὸς
2742 5083 2907 5138 αὑτὸν
2968 5083 3316 5156 ἐρχομένους,
3355 5083 3546 5154 ἀφάτῳ

287 5172 522 5240 δυνάμει
568 5170 663 5224 καὶ
699 5173 914 5243 ἐξουσίᾳ
961 5175 1254 5244 θεοπρεπΞί
1274 5173 1677 5244 δημιουργῆσαι
1703 5175 1928 5244 τροφάς.
1969 5173 2138 5226 Τοῦτο
2164 5172 2274 5243 γὰρ
2301 5167 2368 5244 ἦν
2395 5172 2474 5226 ἔτι
2498 5172 2559 5226 τὸ
2587 5172 2935 5243 λειπόμενον,
2987 5173 3082 5226 καὶ
3109 5175 3189 5236 εἰς
3220 5173 3387 5242 μόνας
3415 5171 3547 5239 όρᾷν

285 5269 390 5332 τὰς
417 5266 669 5321 ἐντεῦθεν
711 5267 930 5331 ἐλπίδας
968 5271 1151 5324 ἐκάλει
1193 5270 1380 5324 λοιπὸν
1412 5271 1553 5323 κατά
1589 5269 1714 5333 τοὺς
1754 5271 1884 5341 παρ’
1913 5270 2138 5340 Ἕλλησι
2165 5271 2412 5338 ποιητὰς,
2446 5309 2460 5323 .
2505 5309 2518 5323 .
2563 5310 2576 5323 .
2619 5310 2631 5323 .
2677 5310 2691 5324 .
2731 5270 3018 5338 σιδήρεον
3041 5269 3220 5331 ἕλκος
3257 5264 3544 5332 ἀνάγκης.

361 5380 696 5433 Διακοσίων
723 5380 1020 5447 δηναρίων
1057 5383 1220 5449 ἄρτοι
1266 5384 1378 5436 οὐκ
1417 5382 1714 5452 ἀρκοῦσιν
1759 5384 1856 5438 αὺ-

288 5467 438 5534 τοῖς,
467 5469 567 5522 ἵνα
587 5469 846 5537 ἕκαστος
869 5471 1069 5542 ,ϐραχύ
1094 5489 1146 5525 τι
1168 5472 1339 5542 λάϐῃ.

367 5726 414 5756 ³⁸
457 5729 612 5786 Prov.
659 5747 709 5796 ι,
741 5733 791 5787 5.
846 5740 886 5769 ἰ
940 5732 1263 5798 Psal.Lx1v,
1305 5735 1385 5788 10.

1467 5734 1502 5764 ³³
1532 5733 1688 5788 Joan.
1723 5750 1793 5799 γι,

2040 5381 2127 5446 Vl,
2159 5383 2213 5436 7.
2269 5383 2624 5437 Ducentorum
2677 5384 3019 5437 denariorum
3058 5394 3222 5447 panes
3273 5391 3376 5428 non
3430 5375 3542 5443 suf-

1969 5473 2155 5539 ﬁciunt
2207 5459 2322 5540 eis,
2394 5483 2452 5525 ut
2502 5472 2857 5542 unusquisque
2908 5465 3173 5520 modicum
3222 5459 3348 5530 quid
3405 5462 3550 5515 acci-

1973 5563 2106 5630 piat.

2003 5735 2224 5790 “Joan.
2264 5751 2372 5800 xxv,
2417 5737 2468 5790 8.
2549 5733 2748 5789 “ibid.
2780 5731 2830 5786 9.
