4078 6262
525 331 627 386 ﬂ?

527 549 694 604 porro
725 519 911 588 Jes'um
962 542 1165 586 cuncta
1220 547 1403 600 posse,
1437 531 1606 601 idque
1647 531 1830 597 facile,
1867 533 1961 587 sed
2013 533 2101 589 ubi

527 625 722 689 audiit,
757 643 774 674 ι
810 623 968 678 Unde
999 639 1268 690 ememus,
1291 622 1509 677 islatim
1540 622 1608 675 ad
1635 638 1758 678 eum
1785 623 2103 688 tentandum

529 717 767 786 rapitur,
813 724 867 770 et
923 715 1187 785 pecunias
1246 720 1458 768 tantum
1509 714 1772 780 somniat,
1826 729 1948 768 cum
1995 731 2105 770 non

529 806 689 860 aliter
737 819 850 860 rem
902 820 1003 875 pro
1055 819 1158 860 sua
1199 811 1396 862 natura
1428 802 1732 873 perfectum
1764 805 1832 857 iri
1864 812 2102 875 putaret,

528 912 689 968 qnam
720 898 766 952 si
804 897 1082 953 communi
1116 897 1357 966 tritaque
1387 896 1524 966 lege.
1556 903 1810 966 sumptus
1843 895 2104 950 nimirum

529 1003 758 1059 magnos
790 987 1069 1044 faciendo.
1100 988 1447 1058 QuaprOpter
1474 987 1520 1042 si
1567 986 1970 1057 discipulorum
2013 1002 2105 1056 pe-

528 1082 819 1135 cuniarum
868 1087 1247 1148 contemptum
1301 1079 1704 1149 respiciamus,
1754 1085 1810 1134 et
1857 1078 2104 1132 omnium

530 1189 711 1228 rerum
759 1173 1070 1243 penuriam,
1106 1172 1390 1242 ipsamque
1423 1171 1658 1241 Philippi
1712 1177 1972 1234 mentem,
2015 1170 2105 1224 cui

462 1269 464 1272 ’
531 1266 774 1319 nondum
826 1266 1096 1318 immensa
1145 1264 1235 1316 illa
1290 1262 1592 1318 Salvatoris
1643 1264 1820 1316 nostri
1866 1262 2106 1332 dignitas

530 1358 770 1427 patebat,
802 1356 1050 1410 exerceri
1090 1357 1276 1424 utique
1325 1370 1434 1409 non
1469 1365 1650 1425 potest
1678 1369 1811 1424 erga
1859 1355 2107 1407 multitu-

527 1447 713 1500 dinem
747 1461 808 1500 ea
839 1445 1163 1499 liberalitas.
1200 1443 1308 1498 Sed
1343 1460 1451 1498 non
1498 1445 1574 1497 ita
1613 1443 1706 1497 fit:
1754 1443 1863 1497 imo
1895 1445 2103 1498 exitum

529 1538 760 1592 sortitur
815 1537 1189 1606 quodcunque
1246 1535 1529 1591 Servatori
1591 1534 1880 1606 placuerit.
1946 1534 2104 1600 Quod

526 1626 674 1678 enim
726 1624 1070 1694 impossibile
1120 1631 1204 1679 est
1240 1623 1381 1693 apud
1417 1623 1690 1686 homines,
1725 1623 1990 1692 possibile
2023 1630 2106 1678 est

529 1714 673 1782 apud
715 1713 884 1768 Deum
915 1715 985 1777 ’⁸,
1021 1721 1076 1769 et
1110 1729 1294 1768 rerum
1331 1712 1668 1768 naturalium
1705 1712 1902 1767 ordine
1943 1713 2107 1766 undi-

528 1820 638 1874 que
686 1806 870 1875 potior
897 1813 982 1862 est
1013 1805 1108 1860 Dei
1152 1806 1348 1868 virtus,
1379 1821 1500 1874 quae
1546 1805 1876 1860 mirabiliter
1906 1815 2106 1860 cuncta
2141 1792 2180 1845 Β

531 1896 713 1951 facere
746 1904 948 1966 potest,
998 1897 1166 1951 etiam
1199 1909 1545 1966 quaecunque
1588 1903 1826 1949 mentem
1858 1903 2106 1950 nostram

529 1987 822 2043 excedunt.

603 2163 670 2229 ν,
699 2164 752 2227 8,
781 2167 835 2221 9.
871 2165 1010 2238 Dicit
1067 2167 1113 2220 ei
1138 2183 1271 2220 unus
1309 2182 1372 2220 ea:
1397 2166 1673 2235 discipulis
1704 2167 1841 2236 ejus,
1872 2166 2110 2220 Andreas

532 2258 703 2327 frater
739 2256 972 2311 Simonis
1019 2257 1165 2311 Petri
1195 2273 1210 2309 :
1248 2257 1346 2311 Est
1378 2273 1508 2324 puer
1545 2274 1679 2311 unus
1713 2259 1816 2319 hic,
1842 2259 1932 2326 qui
1961 2256 2114 2309 habet

1531 324 1586 380 S.
1631 323 1907 382 CYlilLLl
1946 325 2413 382 ALEXANDIHNI
2461 325 2770 383 ARClIIEP.

597 444 878 513 Angustus
913 440 1132 512 quidem
1167 440 1406 510 Philippi
1453 439 1671 493 animus
1723 456 1830 493 non
1867 441 2104 510 percipit
2137 455 2179 507 Α

3695 331 3794 386 H8

2289 436 2560 514 Ἀδρανῶς
2598 443 2626 494 ὁ
2658 441 2920 504 Φίλιππος
2949 439 3048 493 οὐκ
3091 440 3183 494 ἐπὶ
3222 441 3281 492 τὸ
3325 441 3503 495 πάντα
3537 439 3794 493 δύνασθαι

2213 537 2305 590 καὶ
2332 536 2454 588 λίαν
2483 533 2719 596 εὐκόλως
2749 533 2840 585 τὸν
2883 531 3084 604 Ἰησοῦν
3121 531 3402 585 ἀναϐαίνει
3438 530 3599 584 πάλιν
3619 571 3632 595 _.
3661 530 3795 583 ἀλλὰ

2210 627 2271 680 τὸ
2295 646 2312 677 ι
2345 627 2512 679 Πόθεν
2534 623 2875 695 ἀγοράσομεν
2906 643 2923 674 ι
2956 624 3194 686 ἀκούσας
3221 622 3591 694 πειραστικῶς
3617 639 3795 692 παρα·

2211 715 2399 786 χρῆμα
2421 712 2841 784 συναρπάζεται,
2877 713 2971 766 καὶ
2997 716 3074 777 εἰς
3099 714 3393 785 μόνην’ὁρᾷ
3412 712 3510 783 τὴν
3541 712 3628 764 διὰ
3656 728 3792 782 χρη-

2215 808 2402 878 μάτων
2434 806 2572 874 ὁδὸν,
2595 805 2692 876 οὐχ
2727 806 2811 858 ἐτέ
2822 823 2927 876 ρως
2952 804 3358 876 ἀνυσθήσεσθαι
3377 803 3475 874 τὴν
3503 803 3597 856 τοῦ
3615 803 3792 874 πράγ-

2215 915 2382 968 ματος
2428 898 2687 967 ἐννοήσας
2747 896 2934 966 φύσιν,
2967 897 3014 948 εί
3046 895 3120 967 μὴ
3155 895 3340 966 θεσμῷ
3365 894 3440 966 τῷ
3473 893 3666 964 κοινῷ,
3700 896 3793 947 καὶ

2211 988 2288 1058 τῷ
2315 987 2467 1058 παρὰ
2494 989 2626 1040 πᾶσι
2656 986 3056 1056 κατειθισμένῳ
3077 1001 3090 1014 °
3111 984 3270 1038 τοῦτο
3298 985 3354 1038 δέ
3382 981 3450 1056 ἦν
3478 986 3511 1056 ἡ
3537 986 3600 1037 ἐκ
3628 985 3793 1038 δαπά-

2212 1098 2309 1152 νης
2342 1079 2640 1151 φιλοτιμία.
2695 1078 2902 1132 Οὐκοῦν
2937 1081 3061 1132 ὅσον
3091 1079 3168 1142 εῐς
3212 1095 3272 1130 τε
3302 1078 3410 1130 τῶν
3445 1077 3705 1148 μαθητῶν
3733 1076 3792 1130 τὸ

2212 1172 2676 1244 ἀφιλοχρήματον,
2709 1171 2804 1225 καί⁵
2830 1171 2890 1224 τὸ
2922 1169 3220 1241 κεκτῆσθαι
3253 1170 3439 1240 μηδὲν,
3472 1170 3568 1223 καὶ
3587 1171 3666 1232 εἰς
3691 1170 3788 1223 αύ-

2212 1262 2309 1332 τὴν
2343 1262 2398 1316 δὲ
2447 1262 2541 1316 τοῦ
2581 1262 2845 1316 Φιλίππου
2889 1263 2987 1332 τὴν
3037 1261 3308 1326 διάνοιαν,
3367 1260 3520 1315 οὔπω
3569 1259 3790 1324 τελείως

2215 1353 2347 1424 πρὸς
2365 1353 2425 1406 τὸ
2447 1353 2680 1418 ἐξαίσιον
2700 1352 2792 1406 τοῦ
2810 1353 3058 1423 Σωτῆρος
3072 1353 3228 1424 ἡμῶν
3240 1351 3530 1424 ἀφορῶσαν
3552 1351 3788 1422 ἀξίωμα,

2213 1447 2292 1508 εἰς
2321 1444 2579 1498 ἀδύνατόν
2622 1462 2741 1508 πως
2783 1445 3175 1516 περιτρέπεται
3227 1444 3410 1496 λοιπὸν
3454 1444 3488 1514 ἠ
3537 1443 3630 1495 ἐπὶ
3678 1445 3789 1506 τοῖς

2213 1537 2390 1608 ὄχλοις
2415 1536 2714 1609 φιλοτιμία.
2764 1537 2935 1592 Τοῦτο
2965 1537 3022 1590 δὲ
3063 1537 3124 1590 οὐ
3152 1537 3365 1614 γέγονε,
3400 1535 3705 1604 διεξάγεται
3735 1536 3790 1588 δὲ

2212 1627 2306 1681 τοῦ
2334 1627 2587 1698 Σωτῆρος
2616 1629 2696 1692 είς
2725 1627 2894 1697 πέρας
2927 1628 2960 1696 ἡ
2995 1625 3267 1696 βούλησις.
3301 1625 3374 1678 Τὸ
3397 1625 3654 1678 ἀδύνατον
3687 1618 3790 1691 ἀρα.

2216 1719 2365 1791 παρά
2391 1718 2699 1790 ἀνθρώποις
2727 1718 2950 1772 δυνατὸν
2980 1717 3132 1789 παρά
3155 1717 3230 1788 τῷ
3259 1715 3378 1787 Θεῷ
3397 1757 3411 1779 ,
3451 1717 3544 1770 καὶ
3573 1715 3673 1786 τῆς
3710 1715 3791 1767 ἐν·

2211 1810 2377 1879 ούσης
2410 1809 2729 1872 ἀκολουθίας
2757 1810 2813 1862 ἐν
2834 1811 2900 1878 τῇ
2951 1807 3111 1876 φύσει
3138 1807 3247 1860 τῶν
3287 1807 3407 1861 καθ’
3438 1808 3587 1877 ἡμᾶς
3613 1823 3791 1878 πραγ-

2216 1903 2422 1973 μάτων,
2472 1900 2810 1970 πανταχόθεν
2835 1899 3076 1969 ἀμείνων
3094 1900 3127 1968 ἡ
3151 1898 3269 1952 θεία
3282 1898 3789 1969 φαίνεταιδύναμις,

2213 1993 2394 2046 πάντα
2417 1989 2734 2062 παραδόξως
2773 1989 3017 2054 ἐξανύειν
3054 1988 3332 2060 ἰσχύουσα,
3369 1989 3462 2042 καὶ
3486 1990 3586 2043 ὅσα
3616 1988 3708 2042 τὸν
3736 1989 3794 2040 ἐν

2214 2086 2343 2155 ἡμῖν
2380 2083 2660 2149 ἐξάλλεται
2699 2082 2840 2136 νοῦν.

2286 2175 2454 2244 Λέγει
2501 2172 2661 2238 αὐτῷ
2708 2168 2796 2238 εἷς
2840 2173 2905 2226 ἐκ
2948 2171 3067 2224 τῶν
3089 2169 3369 2239 μαθητῶν
3397 2171 3614 2233 αὑτοῦ,
3675 2171 3790 2226 Ἅν-

2213 2268 2390 2336 δρέας
2431 2269 2464 2320 ὁ
2503 2264 2767 2333 ἀδελφὸς
2793 2264 3059 2332 Σίμωνος
3083 2263 3332 2330 Πέτρου·
3377 2263 3545 2315 Ἔστι
3585 2262 3790 2317 παιδά-

530 2350 756 2418 quinque
777 2364 940 2417 panes
961 2348 1278 2402 Itordeuceos
1298 2359 1346 2402 et
1370 2347 1502 2401 duos
1525 2350 1693 2416 pisces
1712 2363 1730 2400 :
1748 2349 1836 2402 sed
1863 2350 1973 2401 hwc
1988 2347 2112 2416 quid

2219 2378 2344 2428 ριον
2368 2352 2484 2412 ὦδε
2506 2397 2521 2422 ,
2544 2358 2574 2411 ὃ
2599 2358 2724 2426 ἔχει
2749 2357 2927 2409 πέντε
2960 2356 3179 2424 ἄρτους
3203 2356 3508 2424 κριθίνους
3531 2397 3542 2417 ,
3565 2356 3660 2408 καὶ
3687 2355 3793 2410 δύο

531 2445 654 2490 sunt
683 2437 821 2490 inter
849 2439 1075 2492 tantos?
1111 2436 1257 2490 Dixit
1289 2453 1406 2490 vero
1431 2437 1607 2491 Jesus.

605 2615 996 2667 Consentanea
1045 2611 1299 2682 Philippo
1332 2613 1500 2667 sentit
1533 2619 1588 2667 et
1634 2611 1864 2680 cogitat,
1903 2621 1955 2665 et
1999 2610 2116 2663 ani-

533 2719 660 2759 nem
718 2703 1122 2773 quodammodo
1159 2704 1228 2759 de
1281 2704 1574 2760 Servatore
1626 2703 1851 2757 Christo
1909 2702 2115 2756 habere

534 2793 848 2864 opinionem
889 2793 1006 2864 ipse
1040 2799 1260 2863 quoque
1293 2795 1564 2863 arguitur.
1596 2791 1905 2846 Cum‘cnim
1939 2790 2115 2844 virtu-

534 2891 643 2938 tem
675 2884 797 2954 ejus
822 2897 932 2938 non
968 2885 1273 2954 agnoverit,
1305 2899 1483 2954 neque
1519 2884 1655 2938 adeo
1681 2899 1745 2938 ex
1779 2883 1946 2953 278
1971 2897 2110 2952 prae-

534 2973 858 3028 cedentibus
930 2973 1213 3026 miraculis
1281 2974 1592 3041 perceperit
1657 2969 1842 3027 Jesum
1911 2981 2112 3026 cuncta

537 3075 726 3132 posse,
764 3059 933 3129 idque
965 3059 1247 3124 facillime,
1286 3062 1495 3114 indicat
1527 3060 1748 3129 quidem
1785 3075 1950 3128 penes
1984 3075 2113 3127 pne-

537 3167 660 3206 rum
693 3168 817 3208 esse
871 3152 1196 3222 pisciculos,
1235 3161 1610 3206 verumtamen
1666 3153 1833 3206 lueret
1870 3153 1924 3205 in
1965 3151 2110 3205 tide:

2220 3181 2317 3251 μὲν
2353 3181 2422 3234 τὰ
2456 3181 2602 3247 παρὰ
2640 3181 2717 3250 τῷ
2769 3181 2974 3250 παιδαρ

539 3243 666 3297 Haec
696 3243 842 3297 enim
883 3243 1015 3313 quid
1066 3251 1218 3308 sunt,
1253 3242 1452 3312 inquit,
1491 3243 1637 3296 inter
1661 3241 1895 3297 tantos?
1929 3243 2113 3311 Atqui,

539 3349 641 3388 nec
685 3335 830 3387 enim
876 3334 989 3404 jam
1039 3334 1267 3388 remisse
1313 3332 1648 3402 loquendum
1684 3333 1842 3388 nobis
1875 3343 1979 3395 est,
2018 3332 2113 3388 sed

540 3426 607 3479 ad
642 3441 835 3480 eorum
873 3441 994 3495 qua:
1038 3426 1370 3479 mirabiliter
1397 3425 1508 3494 jam
1545 3423 1686 3480 facta
1735 3433 1864 3480 sunt
1896 3435 2118 3480 strenue

544 3518 852 3572 revocanda
881 3527 965 3573 est
999 3519 1286 3580 memoria,
1317 3518 1672 3588 cogitandum
1705 3517 1860 3572 cibos
1889 3534 1917 3572 e
1947 3519 2118 3571 nihilo

542 3623 759 3674 creare,
796 3617 851 3662 et
889 3623 1096 3677 paucos
1145 3607 1434 3663 admodum
1472 3609 1652 3678 pisces
1695 3616 1942 3677 repertos
1973 3609 2117 3662 divi—

545 3700 696 3754 nitus
745 3700 1134 3769 multiplicare,
1186 3700 1426 3755 alienum
1479 3715 1588 3754 non
1629 3715 1753 3754 esse
1802 3701 1869 3753 ab
1911 3715 1977 3754 eo
2023 3701 2116 3768 qui

545 3806 706 3860 aqua:
736 3797 985 3844 naturam
1020 3790 1074 3844 in
1110 3794 1297 3846 vinum
1339 3792 1591 3854 mutavit,
1629 3792 1721 3861 qui
1757 3792 2116 3862 paralyticum

546 3884 784 3947 sanavit,
813 3891 866 3938 et
889 3891 999 3937 tam
1035 3884 1358 3939 diuturnum
1395 3884 1649 3938 morbum
1682 3899 1794 3938 uno
1827 3885 1993 3938 verbo
2035 3883 2121 3937 fu-

545 3977 712 4046 gavit.
750 3974 853 4043 Qui
894 3978 1039 4032 enim
1097 3978 1189 4031 illa
1240 3979 1439 4048 potuit,
1483 3976 1763 4047 quomodo
1813 3991 1924 4031 non
1972 3976 2120 4032 istud

545 4084 765 4139 quoque
811 4067 1053 4124 eiﬁciet?
1101 4069 1284 4136 Quare
1331 4069 1662 4124 imbecillius
1715 4069 2122 4138 quodammodo

543 4178 707 4230 quam
756 4162 984 4217 decebat
1032 4178 1130 4232 par
1183 4161 1315 4216 illud
1365 4161 1766 4232 discipulorum
1815 4161 2118 4231 respondit.

541 4252 834 4320 Caeterum,
865 4253 955 4307 hic
983 4251 1388 4308 observandum
1423 4260 1507 4307 est
1537 4251 1719 4307 denuo
1779 4268 1890 4307 non
1925 4253 2124 4307 inutile

545 4361 690 4414 saepe
714 4345 920 4399 sanctis
947 4359 1091 4409 esse,
1130 4343 1278 4415 quod
1312 4343 1568 4399 videntur
1598 4345 1789 4400 leviter
1827 4344 2120 4410 cecidisse,

2218 2452 2460 2519 ὀψάριω
2485 2451 2648 2504 ἀλλὰ
2673 2448 2860 2505 ταῦτα
2882 2449 2936 2502 τί
2957 2449 3126 2502 ἐστιν
3152 2451 3238 2514 εἰς
3260 2449 3628 2514 τοσούτους;
3652 2445 3793 2504 Εῖπε

2217 2543 2284 2596 δὲ
2305 2547 2336 2596 ό
2379 2540 2631 2610 Ἰησοῦς.

2301 2631 2528 2702 Ἀδελφά
2548 2631 2626 2702 τῷ
2658 2631 2912 2702 Φιλίππῳ
2936 2631 3029 2684 κού⁸
3051 2630 3238 2700 φρονεί
3266 2627 3359 2682 καὶ
3380 2629 3675 2698 λογίζεται,
3701 2631 3793 2684 καὶ

2220 2727 2451 2794 συγγενῆ
2501 2741 2617 2787 πως
2669 2723 2805 2793 ἔχων
2862 2724 2918 2774 ἐν
2969 2720 3146 2786 ἐαυτῷ
3194 2722 3294 2791 τὴν
3338 2721 3429 2774 ἐπὶ
3473 2721 3550 2791 τῷ
3581 2721 3794 2791 Σωτῆρι

2216 2815 2436 2886 Χριστῷ
2461 2813 2712 2886 διάληψιν
2738 2813 2830 2866 καὶ
2863 2813 3024 2875 αὐτὸς
3053 2811 3416 2882 ἐξελέγχεται.
3469 2813 3545 2866 Ού
3575 2812 3683 2883 γὰρ
3710 2813 3796 2864 ἐν-

2215 2908 2416 2976 νοήσας
2448 2907 2548 2976 τὴν
2585 2905 2813 2975 δύναμιν
2835 2944 2850 2968 ,
2889 2902 3011 2956 οὕτε
3049 2903 3155 2973 μὴν
3187 2903 3252 2955 ἐκ
3295 2903 3393 2972 τῆς
3419 2903 3525 2955 τῶν
3555 2901 3795 2970 φθασάν-

2216 3013 2323 3049 των
2354 2997 2750 3067 μεγαλουργίας
2786 2996 2878 3048 ἐπί
2905 2995 2965 3048 τὸ
2986 2995 3164 3048 πάντα
3189 2993 3452 3047 δύνασθαι
3479 2995 3570 3046 τὸν
3587 2993 3794 3065 Ἰησοῦν

2219 3089 2315 3142 καὶ
2341 3089 2460 3142 λίαν
2499 3089 2871 3142 εὑπετέστατα
2901 3086 3245 3155 παιδαγωγού
3255 3103 3435 3156 μενος,
3457 3084 3795 3156 καταμηνύει

2982 3179 3043 3250 ίῳ
3073 3179 3321 3250 κείμενα,
3360 3178 3498 3248 πλὴν
3531 3179 3795 3246 ἀτονήσας

2215 3271 2410 3341 ὁρᾶται
2437 3271 2562 3341 περὶ
2587 3269 2685 3341 τὴν
2722 3271 2904 3324 πίστιν
2930 3286 2944 3300 ·
2989 3270 3165 3323 ταῦτα
3211 3269 3321 3339 γὰρ
3350 3269 3402 3321 τί
3433 3270 3578 3330 ἐστι,
3612 3268 3793 3338 φησιν,

2215 3363 2293 3422 εἰς
2341 3360 2664 3426 τοσούτους;
2713 3360 2936 3422 Καίτοι,
3006 3359 3113 3430 χρὴ
3172 3358 3279 3428 γὰρ
3327 3358 3427 3430 ἤδη
3470 3357 3652 3424 λέγειν
3700 3358 3796 3427 οὐχ

2217 3450 2666 3520 ύπεσταλμένως,
2734 3452 2934 3521 μᾶλλον
2978 3451 3034 3504 δέ
3064 3451 3143 3504 δεῖ
3174 3449 3307 3518 πρὸς
3329 3449 3632 3520 ἀνάμνησιν
3663 3449 3796 3502 ἰέναι

2217 3543 2432 3613 γοργῶς
2470 3542 2579 3595 τῶν
2619 3543 2719 3613 ἤδη
2762 3541 3080 3614 παραδόξως
3122 3541 3554 3612 τετελεσμένων,
3587 3539 3797 3608 λογίζε-

2219 3633 2342 3686 σθαι
2366 3633 2420 3685 δὲ
2449 3634 2530 3686 ὅτι
2556 3633 2704 3699 ξένον
2734 3629 2800 3704 ἦν
2835 3633 2994 3705 ἔργον
3036 3633 3069 3702 ἢ
3129 3633 3222 3687 καὶ
3251 3632 3528 3702 ἀλλότριον
3551 3631 3800 3702 οὐδαμῶς

2220 3724 2311 3778 τοῦ
2347 3727 2848 3795 μετασκευάσαντος
2870 3728 2949 3788 εἰς
2977 3720 3118 3778 οἶνον
3142 3725 3240 3797 τὴν
3270 3723 3362 3778 τοῦ
3394 3723 3582 3788 ὓδατος
3616 3725 3797 3793 φύσιν,

2217 3815 2310 3870 τοῦ
2339 3816 2775 3888 θεραπεύσαντος
2795 3817 2884 3872 τὸν
2906 3816 3217 3888 παράλυτον
3238 3854 3253 3878 ,
3287 3814 3380 3867 καὶ
3401 3815 3500 3880 τὴν
3520 3813 3662 3867 οὕτω
3693 3830 3797 3882 μα-

2222 3907 2359 3978 κρὰν
2388 3908 2699 3978 ἀρρωστίαν
2746 3908 2826 3962 ἐνὶ
2866 3907 3339 3977 κατασοϐήσαντος
3375 3903 3520 3974 λόγῳ
3541 3946 3556 3967 ,
3609 3902 3705 3956 καὶ
3738 3903 3801 3954 ἐκ

2221 3993 2313 4048 τοῦ
2347 3994 2422 4064 μὴ
2465 3995 2614 4058 ὄντος
2640 3995 3045 4067 δημιουργῆσαι
3077 3995 3285 4066 τροφὰς
3307 4035 3321 4058 ,
3372 3994 3466 4046 καὶ
3490 3993 3680 4060 ὀλίγας
3711 4009 3800 4044 κο-

2225 4087 2349 4157 μιδῇ
2397 4086 2492 4150 τὰς
2521 4087 2837 4158 ηὑρημένας
2868 4087 3300 4140 πολυπλασιάσαι
3334 4085 3552 4149 θεῐκῶς.
3596 4085 3657 4136 Ἡ
3693 4081 3800 4152 γὰρ

2223 4178 2280 4230 ἐν
2309 4178 2538 4240 ἐκείνοις
2571 4176 2787 4240 ἐξουσία
2807 4219 2822 4242 ,
2867 4177 2985 4238 πῶς
3017 4179 3116 4229 οὐκ
3140 4176 3205 4230 ἂν
3233 4175 3345 4246 ἔχοι
3376 4175 3471 4227 καλ⁸
3502 4173 3564 4226 τὸ
3589 4174 3646 4228 ἐν
3678 4171 3800 4224 τού-

2222 4282 2336 4329 τοις
2354 4266 2673 4332 δραστικόν;
2711 4266 2919 4319 Οὐκοῦν
2953 4265 3344 4336 ἀδρανεστερον
3367 4265 3465 4336 μέν
3498 4280 3635 4326 πως,
3655 4262 3798 4333 ἥπερ

2224 4359 2390 4428 ἐχρῆν
2452 4361 2486 4431 ἡ
2523 4357 2631 4410 τῶν
2686 4356 2942 4427 μαθητῶν
2979 4357 3306 4428 ἀπεκρίνετο
3354 4354 3584 4425 ξυνωρίς
3656 4351 3800 4422 Πλὴν

547 4437 641 4491 sed
673 4437 836 4491 habet
864 4436 1073 4506 aliquid
1105 4451 1402 4502 annexum,
1434 4435 1583 4506 quod
1613 4437 1690 4491 rei
1745 4444 1954 4491 natum
1982 4452 2117 4490 con-

2225 4447 2488 4520 ἀθρητὲον
2532 4450 2589 4501 ἐν
2629 4447 2802 4518 τούτῳ
2839 4447 3000 4500 πάλιν
3037 4447 3246 4499 ἐκεῖνο·
3297 4445 3366 4497 τὰ
3406 4445 3514 4514 γὰρ
3541 4441 3801 4496 δοκοῦντα

547 4524 720 4588 ducit,
739 4539 879 4594 erga
929 4539 1092 4593 quam
1143 4525 1436 4579 inﬁrmitas
1461 4540 1649 4578 eorum
1683 4533 1925 4579 notetur.
1983 4525 2117 4578 Nam

2224 4517 2334 4603 τοίς
2356 4517 2534 4608 ἀγίοις
2555 4539 2648 4591 καὶ
2672 4517 3012 4592 διεπταῖσθαι
3035 4537 3176 4591 κατὰ
3201 4537 3395 4608 βραχὺ,
3412 4534 3506 4588 τοῦ
3534 4534 3802 4605 χρησίμου

547 4631 673 4670 cum
722 4616 1012 4672 memorati
1057 4618 1235 4671 sancti
1275 4618 1540 4687 discipuli
1582 4633 1768 4673 secum
1813 4623 2124 4688 putaverint

545 4721 600 4767 et
633 4723 821 4782 aperte
851 4713 1116 4776 dixerint,
1149 4714 1241 4768 ille
1273 4715 1519 4784 quidem,
1547 4715 1912 4770 ducentorum
1952 4715 2120 4770 dena-

549 4804 754 4857 riorum
785 4820 955 4874 panes
997 4821 1106 4859 non
1144 4805 1476 4862 suﬂ‘ectnros
1523 4807 1615 4871 iis,
1646 4813 1706 4860 ut
1743 4806 2125 4877 unusquisque

551 4891 826 4948 modicum
867 4895 1002 4963 quid
1036 4896 1305 4966 accipiat;
1344 4899 1432 4953 hic
1466 4913 1614 4960 vero,
1654 4896 1721 4953 de
1750 4899 1992 4969 quinque
2025 4913 2122 4968 pa-

553 4981 714 5036 nibus
761 4999 824 5037 ac
856 4984 1074 5040 duobus
1103 4987 1374 5056 piscibus,
1409 4989 1541 5057 quid
1573 4991 1688 5044 haec
1722 4990 1866 5044 inter
1897 4989 2126 5044 tantos?

549 5075 822 5129 extollunt
867 5077 1275 5146 quodammodo
1317 5080 1403 5135 his
1443 5081 1624 5136 verbis
1671 5082 2020 5145 miraculum,
2073 5089 2125 5134 et

553 5166 852 5223 Salvatoris
880 5169 1179 5237 potentiam
1213 5169 1573 5224 illustriorem
1621 5171 1875 5235 reddunt,
1917 5172 2127 5242 signiﬁ-

549 5255 730 5312 cando
768 5257 993 5327 iamjam
1032 5259 1293 5313 satiatum
1349 5259 1419 5314 iri
1469 5259 1896 5328 multitudinem,
1941 5273 1997 5318 et
2043 5265 2126 5319 vis

551 5350 961 5406 incredulitatis
1005 5351 1060 5404 in
1104 5351 1306 5405 bonum
1363 5353 1432 5408 de
1489 5352 1712 5409 Christo
1749 5355 2124 5412 testimonium

549 5443 716 5497 cedit.
751 5442 966 5509 Quibus
995 5442 1142 5497 enim
1183 5461 1245 5498 ex
1283 5445 1444 5500 rebus
1475 5445 1714 5502 confessi
1750 5457 1878 5502 sunt
1917 5458 2124 5502 tantam

555 5533 801 5601 pecunia:
850 5549 1124 5591 summam
1166 5536 1230 5590 ad
1281 5537 1473 5592 turbas
1506 5538 1586 5594 vel
1623 5537 1834 5594 modice
1877 5540 2126 5595 refuien-

628 5708 670 5737 ”
699 5708 832 5763 Luc.
863 5727 1016 5774 XVIII,
1044 5713 1132 5766 ’27.

2229 4631 2486 4694 πολλάκις
2509 4631 2609 4683 οὐκ
2635 4631 2886 4701 ἀμοιρεῖ,
2925 4629 3038 4683 ἀλλ’
3069 4628 3182 4698 ἔχει
3211 4629 3264 4681 τί
3293 4625 3802 4697 συμπεπλεγμένον,

2223 4721 2252 4773 δ
2285 4724 2351 4790 τῇ
2384 4721 2475 4774 τοῦ
2527 4721 2850 4791 πράγματος
2899 4720 3058 4789 φύσει
3097 4719 3392 4782 λυσιτελεῖ,
3449 4719 3576 4788 περὶ
3618 4717 3686 4786 ἢν
3737 4714 3803 4768 ἂν

2227 4809 2434 4878 γένοιτο
2447 4812 2544 4879 τῆς
2563 4809 2824 4880 δοκούσης
2852 4809 3132 4871 ἀσθενείας
3164 4806 3344 4861 αὐτῶν
3372 4808 3438 4860 τὰ
3461 4806 3805 4875 ἐγκλήματα.

2225 4898 2588 4968 Λογιοάμενοι
2637 4899 2746 4970 γὰρ
2787 4903 2836 4954 οἱ
2866 4898 3327 4970 μνημονευθέντες
3359 4898 3502 4966 ἅγιοι
3539 4896 3807 4966 μαθηταὶ,

2231 4988 2325 5041 καὶ
2358 4988 2544 5057 σαφῶς
2571 4991 2851 5061 εἰρηκότες
2871 5030 2885 5054 ,
2919 4991 2947 5042 ὁ
2988 4990 3085 5060 μὲν
3112 4991 3192 5043 ὅτι
3226 4989 3514 5042 διακοσίων
3537 4986 3805 5058 δηναρίων

2231 5080 2384 5150 ἄρτοι
2433 5081 2534 5133 οὐκ
2578 5081 2838 5152 ἀρκοῦσιν
2878 5083 3094 5144 αὐτοῖς,
3157 5082 3244 5133 ἵνα
3282 5079 3512 5142 ἕκαστος
3549 5077 3722 5149 βραχύ
3756 5093 3808 5129 τι

2231 5169 2370 5242 λάϐῃ
2397 5187 2411 5201 ⁸
2458 5172 2487 5223 ὁ
2513 5171 2569 5224 δὲ
2587 5213 2602 5238 ,
2636 5173 2762 5240 περί
2787 5191 2845 5224 τε
2875 5172 2980 5225 τῶν
3007 5175 3168 5226 πέντε
3201 5173 3381 5242 ἄρτων
3402 5214 3415 5233 ,
3452 5173 3543 5224 καὶ
3569 5169 3678 5222 τῶν
3716 5167 3808 5221 δύο

2237 5263 2453 5335 ἰχθύων,
2499 5265 2580 5316 ὅτι
2621 5264 2794 5316 ταῦτα
2836 5263 2887 5316 τί
2919 5265 3066 5316 ἐστιν
3097 5265 3176 5325 εἰς
3217 5263 3550 5328 τοσούτους;
3592 5258 3806 5331 αἴρουσί

2233 5367 2355 5418 πως⁵
2377 5358 2454 5418 είς
2488 5355 2619 5424 ὕψος
2647 5355 2708 5406 τὸ
2737 5353 2940 5425 θαῦμα,
2963 5355 3054 5407 καὶ
3077 5355 3551 5426 περιφανεστάτην
3572 5351 3807 5424 ἀπεργά-

2233 5447 2414 5511 ζονται
2456 5448 2554 5518 τὴν
2594 5447 2688 5499 τοῦ
2734 5447 2982 5516 Σωτῆρος
3025 5448 3212 5517 ἰσχὺν,
3260 5445 3358 5516 τὴν
3408 5447 3530 5499 ὅσον
3562 5444 3683 5498 οὐδέ
3721 5459 3806 5494 πω

2237 5539 2707 5611 κορεσθησομένην
2749 5538 2956 5610 πληθὺν
2996 5540 3080 5594 διὰ
3101 5539 3208 5594 τῶν
3245 5537 3460 5593 οἰκείων
3491 5535 3808 5606 κατασημή-
