4078 6262
331 313 359 366 Δ
374 311 436 365 i9

1415 301 1483 356 lN
1517 299 1801 357 JOANNIS
1832 299 2284 355 EVANGELIUM
2318 301 2444 355 LIB.
2482 298 2568 354 Ill.

3483 298 3588 355 £50

330 442 519 488 ναντες
532 424 728 493 λόγων,
752 425 844 476 καὶ
865 418 1289 491 περιτέτραπται
1311 416 1408 484 τῆς
1426 413 1684 476 ἀπιστίας
1708 415 1741 483 ἡ
1760 412 1914 465 δύνα-

2025 413 2119 469 das
2151 431 2259 469 non
2291 415 2668 474 suﬂ‘eeturam,
2714 409 2907 465 iisdem
2941 407 3078 478 ipsis
3108 405 3442 463 ineffabilem
3472 411 3590 465 illas

334 534 426 587 μις
446 554 464 582 ,
505 517 584 577 εἰς
613 513 824 584 ἀγαθὴν
861 509 1161 582 μαρτυρίαν
1197 508 1295 576 τὴν
1323 507 1416 558 ἐπὶ
1448 504 1688 577 Χριστῷ.
1728 506 1806 556 Δι’
1836 497 1911 557 ὧν

334 607 443 676 γὰρ
484 608 601 668 τοῖς
636 605 812 674 ὖχλοις
859 603 959 655 οὐκ
995 599 1310 670 ἐξαρκέσειν
1357 596 1740 666 ὡμολογήκασι
1776 595 1910 665 πρὸς

337 697 592 767 βραχεῖαν
639 695 932 747 ἀπόλαυσιν
970 690 1076 744 τῶν
1102 689 1369 742 τοσούτων
1419 686 1698 757 ἀργυρίων
1723 685 1784 736 τὸ
1816 685 1910 754 μέ-

336 806 485 860 τρον,
504 787 592 839 διὰ
619 785 819 838 τούτων
842 783 1020 836 αὐτῶν
1049 784 1148 852 τὴν
1180 781 1492 850 ἀπόρρητον
1517 777 1607 829 τοῦ
1630 776 1913 838 ἐστιῶντος

338 877 768 946 καταστρέφουσι
803 873 1034 942 δύναμιν
1058 912 1073 937 ,
1102 873 1189 925 ὅτε
1213 871 1277 939 δὴ
1311 870 1404 923 καὶ
1433 869 1640 929 ἐνόντος
1661 865 1872 929 οὐδενός
1895 883 1906 895 ·

333 969 388 1019 τί
411 967 519 1037 γὰρ
556 963 623 1036 ἦν
651 967 731 1029 είς
758 964 1046 1027 τοσούτους
1073 963 1142 1016 τὰ
1182 961 1336 1031 παρὰ
1365 960 1448 1029 τῷ
1477 958 1748 1029 παιδαρίῳ
1771 957 1915 1010 κατὰ

337 1059 425 1111 τὸν
469 1057 714 1128 Ἀνδρέου
740 1055 933 1123 λόγον;
975 1055 1043 1107 τά
1072 1055 1168 1122 τῆς
1191 1053 1270 1114 είς
1292 1051 1419 1112 τοὺς
1452 1050 1641 1119 ὄχλους
1694 1047 1913 1114 ἀγάπης

340 1148 427 1202 καὶ
470 1147 671 1217 σφόδρα
697 1145 964 1208 πλουσίως
997 1143 1288 1212 ἐκϐέϐηκε.
1325 1139 1595 1208 Τοιαύτην
1625 1136 1746 1190 τινὰ
1775 1137 1914 1188 κατά

335 1241 431 1311 τὴν
477 1240 682 1308 ἔρημον
715 1238 810 1291 καὶ
853 1237 953 1306 τὴν
1001 1234 1094 1288 τοῦ
1146 1232 1422 1300 πανσόφου
1477 1229 1718 1289 Μωσέως
1743 1227 1915 1293 ὀλιγοε

340 1334 552 1386 πιστίαν
574 1333 901 1403 εὑρήσομεν.
943 1328 1196 1382 Ἔκλαιον
1235 1325 1333 1396 μὲν
1356 1324 1466 1396 γὰρ
1494 1323 1544 1374 oi
1581 1321 1640 1384 ἐξ
1677 1317 1912 1389 Ἰσραὴλ,

336 1425 432 1479 καὶ
459 1425 592 1494 πρὸς
626 1421 883 1492 βδελυρὰν
908 1420 1203 1479 ἐπιθυμίαν
1253 1415 1359 1468 τῶν
1407 1417 1463 1468 ἐν
1495 1411 1752 1480 Αἰγύπτῳ
1780 1426 1914 1478 τρα-

336 1515 516 1579 πεζῶν
573 1511 1055 1582 κατηρεθισμένοι,
1112 1508 1345 1578 λέϐητας
1419 1505 1516 1575 μὲν
1571 1503 1914 1574 ἀκαθάρτους

338 1607 703 1674 ἐφαντάζοντο
725 1601 936 1673 κρεῶν,
966 1598 1266 1672 κρομμύων
1305 1597 1361 1649 δὲ
1390 1595 1484 1648 καὶ
1518 1593 1786 1664 σκορόδων
1821 1593 1916 1644 καὶ

339 1698 440 1766 τῆς
473 1699 529 1748 ἐν
566 1695 676 1756 τοῖς
705 1691 974 1762 ὁμοειδέσι
1007 1690 1374 1760 χυδαιότητος,
1425 1687 1502 1748 εις
1533 1682 1915 1752 ἐκτοπωτάτην

2019 506 2325 559 saturantis
2383 506 2638 557 virtutem
2693 497 3100 568 depraedieanl,
3161 498 3385 564 quando
3443 509 3587 554 certe

2017 593 2180 648 etiam
2228 609 2352 646 cum
2389 594 2525 646 nihil
2581 591 2743 658 plane
2800 590 3018 643 adesset
3071 586 3218 658 (nam
3271 586 3405 656 quid
3448 587 3591 645 inter

2019 687 2201 734 tantos
2235 689 2392 732 erant
2438 679 2554 739 illa,
2605 691 2725 745 qua:
2759 690 2925 745 penes
2974 674 3448 728 adolescentulum
3499 690 3596 732 su-

2019 777 2374 840 pererant,ut
2401 767 2651 821 Andreas
2681 765 2910 834 aiebat),
2932 763 3219 818 cbaritalis
3245 779 3374 835 erga
3402 765 3592 820 turbas

2019 862 2194 916 oﬂieia
2256 857 2732 914 abundantissime
2784 855 3086 926 superavit.
3138 853 3325 909 Talem
3375 871 3592 926 quoque

2020 951 2144 1007 ﬁdei
2193 951 2516 1005 tenuitatem
2555 947 2951 1018 sapientissimi
3005 945 3208 1016 Moysis
3266 945 3323 999 in
3373 947 3595 1001 deserto

2019 1042 2440 1111 comperiemus.
2493 1039 2720 1095 Flebant
2773 1040 2922 1092 enim
2953 1037 3236 1102 Israelita},
3274 1045 3329 1092 et
3357 1036 3590 1093 nefanda

2018 1148 2332 1188 mensarum
2351 1131 2735 1202 Egyptiarum
2756 1129 3056 1199 cupiditate
3074 1129 3318 1198 impuros
3338 1126 3592 1181 carnium

2019 1226 2248 1288 lebetes,
2291 1240 2549 1294 ceparum
2577 1231 2628 1278 et
2665 1223 2917 1275 alliorum
2945 1228 2998 1273 et
3033 1217 3349 1272 istiusmodi
3400 1217 3593 1270 vilium

2021 1332 2203 1373 rerum
2239 1317 2612 1377 somniahant,
2648 1312 2871 1366 immani
2905 1311 3180 1378 voluptate
3210 1310 3378 1378 capti,
3430 1317 3484 1362 et
3511 1306 3584 1360 di-

2019 1411 2271 1464 vinorum
2332 1409 2599 1462 bonorum
2658 1412 2977 1472 contemptu
3031 1403 3084 1456 in
3145 1409 3489 1471 sequestrem
3541 1408 3591 1452 et

2021 1501 2299 1556 doctorem
2346 1499 2511 1569 279
2566 1513 2726 1553 suum
2772 1495 2992 1566 Moysen
3040 1494 3424 1564 insurgebant.
3484 1491 3591 1546 Sed

2023 1607 2130 1647 non
2172 1593 2461 1661 ignorabat
2511 1587 2653 1642 Deus
2699 1587 2902 1656 quibus
2947 1588 3012 1640 de
3068 1586 3232 1638 rebus
3295 1585 3350 1636 in
3408 1581 3589 1636 ﬂetum

2021 1688 2392 1749 erumperent,
2427 1687 2478 1734 et
2511 1687 2659 1734 certe
2693 1676 2947 1746 promisit
2997 1690 3057 1729 se
3087 1689 3283 1728 carnes
3335 1672 3444 1727 illis
3498 1672 3592 1724 da-

345 1761 656 1846 ἐκνεύοντες
685 1761 877 1853 ἡδονὴν
897 1823 911 1847 ,
951 1781 1044 1833 καὶ
1077 1779 1182 1832 τῶν
1214 1778 1372 1831 θείων
1401 1766 1762 1846 ἀλογήσαντες
1785 1774 1914 1840 ἀγαο

2025 1783 2222 1829 Lurum.
2267 1770 2372 1825 Sed
2410 1770 2668 1840 quoniam
2710 1767 3008 1837 promissio
3045 1765 3138 1818 illa
3185 1763 3352 1816 ﬁebat
3402 1763 3454 1815 in
3493 1761 3592 1814 de-

345 1874 477 1938 θῶν,
496 1873 790 1943 ἐπεφύοντό
812 1890 924 1935 πως
944 1871 1040 1924 καλ⁸
1080 1869 1159 1940 τῷ
1179 1868 1512 1938 μεσιτεύοντι
1535 1868 1626 1921 καὶ
1649 1865 1917 1933 παιδαγω-

347 1967 532 2036 γοῦντι
567 1967 772 2018 Μωσεῖ.
835 1963 969 2015 Ἀλλ’
1025 1962 1126 2014 οὐκ
1181 1960 1367 2029 ἠγνόει
1415 1957 1546 2021 Θεὸς
1607 1956 1678 2010 τὰ
1723 1956 1807 2023 ἐφ’
1837 1950 1921 2018 οἷς

347 2055 667 2127 ἀνοιμώζειν
697 2057 728 2126 ἡ
762 2055 969 2125 πληθὺς
1006 2052 1288 2121 ἠπείγετο,
1314 2051 1405 2104 καλ⁸
1428 2049 1492 2120 δὴ
1510 2051 1602 2102 καὶ
1632 2048 1916 2102 ἐπιδώσειν

341 2147 528 2207 αὐτοῖς
557 2145 694 2216 κρέα
721 2142 1210 2212 κατεπηγγέλλετο.
1231 2140 1447 2208 Ἐπειδὴ
1475 2139 1531 2192 δὲ
1547 2134 1612 2208 ἦν
1643 2139 1700 2190 ἐν
1727 2138 1918 2207 ἐρήμῳ

340 2235 439 2303 τῆς
476 2233 787 2302 φιλοτιμίας
832 2233 865 2301 ἡ
910 2232 1234 2300 ὑπόσχεσις,
1297 2228 1389 2281 καὶ
1435 2226 1728 2297 δυσήνυτόν
1779 2243 1916 2296 πως,

338 2327 462 2378 ὅσον
493 2319 626 2396 ἧκεν
681 2325 761 2387 είς
789 2324 1127 2393 ἀνθρώπινον
1160 2321 1282 2376 νοῦν
1302 2360 1316 2384 ,
1366 2321 1539 2374 ἐδόκει
1569 2321 1629 2372 τὸ
1662 2320 1918 2390 πρᾶγμα,

343 2415 626 2485 πρόσεισιν
669 2412 912 2466 ἀναϐοῶν
957 2413 985 2465 ὁ
1021 2411 1262 2480 Μωσῆς·
1325 2427 1344 2460 ι
1396 2408 1705 2473 Ἐξακόσιαι
1746 2409 1920 2480 χιλιά-

340 2505 432 2566 δες
481 2503 657 2568 πεζῶν
701 2503 911 2566 ὁλαὺς,
961 2505 1019 2556 ἐν
1063 2497 1143 2564 οἷς
1183 2503 1299 2571 είμι
1346 2503 1403 2553 ἐν
1448 2501 1662 2563 αὐτοῖς,
1707 2502 1802 2554 καὶ
1855 2503 1919 2554 σὺ

347 2593 537 2659 εἶπες,
570 2595 721 2666 Κρέα
747 2594 900 2648 δώσω
931 2595 1143 2657 αὐτοῖς,
1179 2594 1274 2646 καὶ
1307 2593 1569 2661 φάγονται
1607 2593 1750 2662 μῆνα
1780 2594 1919 2662 ἡμε-

349 2688 479 2758 ρῶν.
526 2688 617 2756 Μὴ
669 2686 916 2757 πρόϐατα
977 2685 1070 2738 καὶ
1131 2683 1250 2754 βόες
1289 2685 1658 2754 σφαγήσονται
1705 2683 1917 2750 αὐτοῖς,

346 2779 443 2832 καὶ
487 2777 710 2848 ἀρκέσει
763 2777 980 2840 αὐτοῖς;
1013 2795 1031 2827 ι
1086 2775 1196 2829 Καὶ
1244 2775 1297 2826 τί
1349 2774 1485 2844 πρὸς
1531 2774 1704 2828 ταῦτα
1754 2773 1920 2839 Θεός;

354 2890 372 2921 ι
414 2871 503 2938 Μὴ
552 2869 673 2940 χεὶρ
720 2868 925 2940 Κυρίου
987 2868 1086 2920 οὐκ
1143 2865 1404 2936 ἀρκέσει;
1449 2885 1467 2916 ι
1520 2864 1656 2934 Περὶ
1706 2865 1756 2917 τί
1818 2865 1922 2935 γὰρ

352 2961 420 3012 ἂν
454 2960 545 3012 καὶ
586 2958 916 3029 ἀδυνατήσαι
941 2957 1112 3020 Θεός;
1161 2953 1366 3008 Οὐκοῦν
1427 2955 1540 3023 ἐρεῖ
1571 2971 1654 3016 τις
1691 2952 1924 3020 εὐλόγως

354 3050 447 3102 καὶ
473 3050 564 3101 ἐπὶ
606 3052 718 3112 τοῖς
753 3049 907 3120 παρά
955 3047 1220 3100 Φιλίππου
1281 3045 1373 3098 καὶ
1415 3045 1658 3115 Ἀνδρέου
1706 3043 1918 3112 λόγοις’

347 3140 444 3208 Μὴ
493 3139 610 3209 χεὶρ
657 3140 862 3209 Κυρίου
911 3138 1013 3191 οὐκ
1053 3138 1316 3208 άρκέσει;
1384 3136 1669 3205 Δεχόμενοι
1725 3134 1782 3187 δὲ
1831 3133 1925 3185 καὶ

350 3233 515 3302 ἡμεῖς
567 3233 645 3294 είς
679 3231 1122 3302 παραδείγματος
1165 3229 1362 3300 τρόπον
1408 3227 1507 3297 τὴν
1541 3227 1634 3280 τοῦ
1668 3227 1926 3297 πράγμα-

344 3343 442 3388 τος
476 3325 656 3394 φύσιν,
694 3324 1010 3395 νοσημάτων
1039 3322 1262 3393 ἔσχατον
1319 3319 1414 3372 καὶ
1445 3319 1644 3380 παντὸς
1675 3319 1927 3370 ἐπέκεινα

348 3417 525 3470 κακοῦ
568 3416 664 3486 τὴν
718 3415 1083 3484 ὀλιγοπιστίαν
1133 3413 1432 3485 ἡγώμεθα,
1485 3411 1587 3465 κᾶν
1632 3410 1927 3481 ἐργάζηται

347 3508 508 3571 Θεὸς,
538 3507 572 3576 ἢ
600 3509 694 3560 καὶ
716 3507 934 3578 δράσειν
968 3505 1392 3576 ἐπαγγέλληται,
1426 3503 1604 3555 πίστει
1624 3503 1687 3570 δὴ
1712 3501 1927 3565 πάντως

349 3599 772 3670 ἀπεριεργάστῳ
805 3599 1040 3666 γινέσθω
1067 3597 1253 3651 δεκτὺν
1277 3637 1290 3661 ,
1343 3598 1436 3650 καὶ
1474 3596 1547 3665 μὴ
1574 3593 1652 3662 τῷ
1679 3593 1738 3645 οὐ
1769 3592 1928 3645 δύνα-

354 3687 480 3739 σθαι
508 3689 664 3752 νοεῖν,
689 3688 832 3751 ὅπως
858 3687 1010 3740 ἔσται
1035 3687 1268 3756 τάὐπὲρ
1288 3687 1459 3755 ἡμᾶς,
1480 3686 1564 3736 ἐπ’
1590 3683 1841 3752 ἀσθενείᾳ
1863 3685 1927 3753 τῇ

353 3778 449 3828 ἐπί
474 3795 615 3842 τισι,
665 3778 1075 3848 κατηγορείσθω
1099 3778 1160 3830 τὸ
1206 3777 1378 3829 Θεῖον.
1433 3775 1634 3845 Πρέποι
1674 3775 1716 3827 δ’
1755 3773 1820 3826 ἂν
1854 3772 1931 3844 τῷ

354 3867 567 3936 ἀγαθῷ,
607 3868 702 3920 καὶ
741 3869 1012 3939 σώφρονι,
1049 3870 1142 3921 καὶ
1173 3866 1442 3938 βεϐηκότα
1470 3863 1649 3926 καλῶς
1680 3863 1931 3934 φοροῦντι

356 3961 449 4011 τὸν
476 3959 732 4030 λογισμὸν
750 3999 764 4024 ,
794 3961 1011 4012 κάκεῖνο
1055 3958 1353 4028 λαμϐάνειν
1383 3958 1461 4018 είς
1490 3955 1613 4007 νοῦν
1633 3994 1647 4017 ,
1690 3954 1763 4016 ώς
1791 3954 1882 4006 καὶ
1907 3955 1934 4004 ὁ

359 4051 453 4103 τοῦ
509 4051 758 4121 σώματος
799 4051 1108 4119 ὀφθαλμὸς,
1155 4048 1252 4118 οὐχ
1293 4049 1416 4100 ὅσον
1456 4046 1520 4099 ἂν
1558 4043 1798 4115 βούλοιτό
1827 4060 1931 4106 τις,

363 4139 582 4191 τοσοῦτο
601 4141 664 4208 δὴ
685 4141 900 4200 πάντως
923 4140 1014 4191 καὶ
1031 4138 1343 4207 κατόψεται,
1364 4136 1478 4189 ἀλλ’
1500 4137 1621 4188 ὅσον
1639 4133 1930 4203 ἐνδέχεται,

365 4229 459 4280 παλ⁵
490 4229 550 4280 τὸ
597 4229 694 4298 τῆς
742 4228 954 4296 φύσεως
992 4229 1176 4298 ἐφίησι
1229 4228 1424 4298 μέτρον
1453 4240 1468 4256 '
1520 4225 1591 4279 τὰ
1629 4225 1683 4278 δὲ
1724 4228 1780 4278 ἐν
1813 4225 1934 4292 ὕψει

366 4316 550 4386 πολλῷ
568 4317 685 4369 λίαν
717 4317 1122 4388 ἀνατεθειμένα,
1153 4319 1255 4370 κᾶν
1283 4317 1418 4381 ὅλως
1445 4315 1804 4386 φαντάζηται,
1829 4315 1937 4368 δια-

2017 1875 2188 1928 serto,
2221 1872 2276 1918 et
2301 1864 2347 1918 si
2378 1871 2600 1930 captum
2624 1857 2824 1913 mentis
2855 1857 3112 1910 humanae
3150 1852 3492 1915 consideres,
3529 1865 3593 1905 ea

2016 1971 2106 2011 res
2159 1954 2530 2025 impossibilis
2565 1948 2969 2021 quodammodo
3022 1945 3333 2008 videbatur,
3382 1941 3595 1997 accedit

2017 2050 2266 2103 clamans
2305 2045 2562 2114 Moyses:
2605 2060 2624 2092 ι
2667 2040 2938 2094 Sexcenta
2977 2037 3147 2090 millia
3200 2035 3440 2104 peditum
3504 2032 3596 2086 hic

2018 2148 2170 2203 sunt,
2202 2139 2256 2192 iu
2290 2137 2488 2208 quibus
2515 2149 2636 2190 sum
2670 2134 2724 2186 in
2759 2132 2871 2196 eis;
2908 2137 2962 2184 et
2993 2139 3046 2208 tu
3077 2127 3296 2181 dixisti:
3335 2123 3486 2178 Dabo
3514 2123 3596 2178 eis

2019 2246 2212 2285 carnes
2262 2228 2572 2292 comedere,
2615 2233 2662 2280 el
2715 2205 3006 2278 comedent
3054 2233 3298 2273 mensem
3352 2217 3591 2271 dierum.

2019 2322 2293 2392 Numquid
2327 2335 2456 2376 oves
2489 2325 2542 2372 et
2571 2319 2736 2370 boves
2768 2312 3241 2371 necidenturillis,
3275 2317 3328 2363 et
3361 2307 3597 2364 suﬂiciet

1985 2431 1991 2438 ‘
2019 2413 2160 2469 illis?
2185 2432 2201 2463 ι
2231 2409 2370 2477 Quid
2403 2417 2584 2464 autem
2615 2407 2678 2459 ad
2709 2407 2822 2458 hcce
2841 2403 3021 2457 Deus?
3063 2420 3080 2452 ι
3104 2397 3378 2469 Numquid
3400 2410 3597 2451 manus

2024 2503 2239 2559 Domini
2288 2515 2398 2554 non
2454 2497 2687 2552 suﬂieiet
2720 2493 2814 2546 ἐἳ
2851 2513 2868 2544 ι
2905 2491 3043 2557 Quid
3089 2490 3233 2544 enim
3281 2502 3390 2540 non
3422 2485 3600 2556 possit

2021 2593 2211 2650 Deus?
2241 2591 2510 2658 Quocirca
2538 2589 2604 2642 de
2635 2585 2871 2655 Philippi
2899 2590 2952 2638 et
2983 2582 3213 2636 Andreae
3243 2576 3597 2633 sermonibus

2017 2685 2141 2754 jure
2192 2681 2336 2734 dicet
2378 2679 2619 2746 aliquis:
2660 2673 2940 2743 Numquid
2985 2686 3180 2724 manus
3227 2667 3444 2721 Domini
3481 2681 3593 2719 non

2023 2773 2292 2830 sulliciet?
2338 2771 2450 2826 Nos
2489 2777 2693 2831 autem,
2721 2766 2800 2819 rei
2840 2773 3039 2852 natura
3071 2760 3304 2830 exetnpli
3345 2759 3465 2813 vice
3500 2769 3597 2810 as-

2025 2874 2265 2936 sumpta,
2290 2863 2612 2919 morborum
2661 2857 2718 2913 et
2762 2850 3032 2910 malorum
3072 2861 3376 2908 extremum
3415 2850 3598 2903 incre-

2025 2960 2306 3014 dulitatem
2342 2969 2465 3009 esse
2491 2952 2777 3011 ducamus,
2807 2955 2883 3010 et,
2936 2947 2981 3001 si
3012 2945 3143 3013 quid
3181 2944 3343 3006 Deus,
3382 2949 3477 2994 aut
3511 2939 3598 2993 fa-

2025 3052 2178 3113 ciat,
2237 3057 2331 3102 aut
2367 3046 2639 3098 facturum
2693 3057 2753 3096 se
2810 3038 3140 3108 promittat,
3198 3034 3302 3088 ﬁde
3359 3031 3600 3100 simplici

2027 3138 2318 3195 confestim
2355 3133 2485 3189 illud
2533 3132 2890 3200 suscipiatur,
2941 3141 3040 3182 nec
3088 3142 3156 3181 ex
3203 3139 3269 3178 eu
3305 3121 3450 3192 quod
3490 3136 3601 3190 quo

2027 3241 2189 3302 pacto
2236 3229 2418 3283 futura
2449 3226 2560 3281 sint
2599 3238 2660 3277 ea
2694 3237 2816 3290 quae
2855 3234 2956 3273 nos
3001 3224 3286 3285 superant,
3334 3227 3447 3282 pra:
3494 3211 3598 3264 im-

2030 3301 2321 3376 becillitate
2359 3315 2646 3387 cogitando
2691 3310 2909 3380 assequi
2947 3324 3054 3362 non
3104 3318 3422 3376 possumus,
3458 3301 3602 3355 Deus

2029 3419 2340 3466 accusetur.
2388 3407 2598 3460 Bonum
2650 3415 2815 3472 porro
2857 3409 2910 3453 et
2961 3397 3266 3466 sapientem
3307 3407 3372 3446 ac
3405 3407 3601 3446 sanum

2029 3505 2186 3558 decet
2233 3502 2289 3554 in
2339 3499 2580 3552 animum
2617 3493 2900 3554 inducere,
2933 3486 3186 3558 corporis
3212 3484 3456 3546 oculum,
3490 3496 3601 3536 non

2032 3605 2296 3666 quantum
2347 3591 2474 3661 quis
2519 3588 2645 3643 velit
2685 3584 3019 3655 perspicere,
3055 3578 3148 3633 sed
3189 3583 3454 3646 quantum
3489 3571 3603 3626 ﬁeri

2033 3664 2244 3758 potest,
2298 3694 2357 3739 et
2403 3689 2613 3735 natura:
2664 3687 2866 3731 nostra:
2913 3672 3018 3728 fert
3057 3668 3452 3724 rnediocritas:
3507 3664 3602 3720 sed

2031 3755 2152 3847 quae
2181 3773 2334 3828 valde
2370 3769 2624 3827 sublimia
2669 3773 2820 3829 sunt,
2855 3764 2982 3817 licet
3019 3761 3141 3830 quis
3193 3758 3397 3813 mentis
3429 3755 3602 3810 aciem

2033 3867 2410 3923 vehementius
2459 3861 2727 3923 intendat,
2777 3858 3095 3912 discernere
3147 3866 3256 3906 non
3301 3863 3484 3918 posse.
3528 3845 3604 3898 lla

2035 3970 2255 4025 quoque
2276 3952 2565 4007 considera
2596 3957 2831 4002 mentem
2860 3943 3101 3998 hominis
3127 3939 3196 3994 ad
3227 3948 3408 3994 certos
3434 3951 3606 4005 usque

2037 4048 2173 4101 lines
2208 4042 2564 4114 intelligendo
2586 4037 2863 4111 protendi,
2890 4037 3015 4090 licet
3036 4035 3224 4101 utique
3253 4038 3480 4099 purgata
3509 4029 3602 4082 sit.

2034 4137 2182 4192 Nihil
2232 4137 2378 4188 enim
2414 4148 2535 4202 quae
2582 4144 2748 4199 supra
2781 4142 2882 4182 nos
2930 4125 3107 4195 posita
3144 4131 3273 4176 sunt
3321 4117 3602 4189 perspicit,

2037 4227 2131 4283 sed
2179 4219 2696 4292 supernaturalibus
2745 4219 2908 4272 rebus
2940 4213 3104 4278 cedit,
3138 4213 3220 4266 vel
3255 4210 3447 4274 inrita,
3480 4221 3604 4260 cum

2039 4317 2356 4371 nullatenus
2385 4327 2481 4364 cas
2508 4310 2681 4380 possit
2713 4302 3194 4374 comprehendere.
3235 4298 3366 4354 Fide
3405 4300 3603 4366 itaque,

367 4408 576 4477 κρίνειν
603 4409 665 4460 οὐ
694 4407 939 4470 δύναται,
962 4408 1294 4478 λεπτοτάτην
1325 4409 1413 4460 ἐπ’
1444 4409 1627 4470 αὐτοῖς
1655 4407 1749 4461 καὶ
1780 4406 1922 4477 μόλις

2039 4423 2144 4462 non
2173 4404 2426 4473 indagine
2455 4416 2575 4470 qua:
2605 4412 2769 4467 supra
2801 4411 2902 4450 nos
2933 4401 3064 4448 sunt
3094 4391 3413 4461 capiuntur,
3448 4395 3502 4440 et
3547 4393 3606 4437 ut

369 4497 627 4569 ἁρπάζων
657 4499 754 4569 τὴν
787 4497 1040 4566 θεωρίαν.
1091 4499 1246 4552 Οὕτω
1297 4517 1387 4569 μοι
1423 4499 1531 4551 νόει
1575 4498 1670 4552 καὶ
1705 4498 1796 4552 τὸν
1842 4500 1936 4552 ἀν-

367 4586 637 4656 θρώπινον
667 4587 822 4640 νοῦν·
857 4587 1019 4657 μέχρι
1057 4585 1165 4656 γὰρ
1194 4585 1300 4638 τῶν
1325 4585 1586 4638 δοθέντων
1617 4588 1757 4656 ὅρων
1788 4586 1936 4654 αὐτῷ

365 4677 517 4748 παρά
537 4678 630 4730 τοῦ
656 4678 1018 4747 πεποιηκότος
1039 4678 1358 4744 ἐφικνεῖται,
1379 4678 1472 4730 καὶ
1493 4677 1810 4738 ἐκτείνεται,
1834 4676 1938 4729 κᾶν

363 4769 499 4832 ὅλως
537 4771 757 4842 ὑπάρχῃ
791 4760 1201 4838 κεκαθαρμένος
1229 4784 1242 4796 σ
1291 4768 1477 4837 ὄψεται
1505 4767 1613 4839 γάρ
1647 4767 1797 4820 οὐδὲν
1829 4767 1938 4820 τῶν

368 4863 778 4934 ὑπερκειμένων
800 4903 814 4930 ,
849 4861 1244 4933 παραχωρήσει
1279 4860 1367 4924 δὲ,
1404 4862 1495 4914 καὶ
1527 4861 1624 4930 οὐχ
1657 4858 1797 4912 ἐκὼν
1827 4861 1939 4922 τοῖς

2039 4497 2289 4554 laudatur
2321 4494 2412 4563 qui
2447 4490 2640 4549 credit,
2675 4491 2748 4541 ita
2777 4487 2936 4554 culpa
2964 4499 3071 4538 non
3106 4488 3258 4536 caret
3284 4479 3602 4548 quicunque

2038 4591 2093 4644 in
2126 4585 2469 4644 contrarium
2500 4579 2712 4636 incidit.
2749 4576 2920 4645 Cujus
2949 4574 3025 4628 rei
3053 4571 3209 4626 testis
3240 4569 3354 4639 ipse
3387 4578 3608 4620 rursum

2043 4681 2293 4735 Salvator
2319 4676 2478 4731 nobis
2508 4673 2634 4735 erit,
2662 4670 2748 4725 his
2781 4667 2998 4722 verbis:
3038 4683 3055 4715 ι
3087 4661 3191 4728 Qui
3227 4657 3401 4715 credit
3430 4656 3483 4710 in
3518 4653 3607 4708 Fi-

2039 4774 2192 4836 lium,
2227 4784 2336 4824 non
2370 4765 2691 4836 iudicatur;
2734 4761 2828 4830 qui
2880 4766 3063 4812 autem
3110 4768 3220 4808 non
3270 4748 3466 4812 credit,
3494 4745 3608 4816 jam

2037 4861 2321 4930 judicatus
2355 4865 2438 4912 est
2469 4857 2534 4910 ’⁷.
2563 4875 2581 4906 ι

370 4957 507 5025 ὑπὲρ
535 4956 631 5023 τὴν
662 4953 853 5021 φύσιν,
876 4953 1172 5024 οὐδαμόθεν
1201 4953 1338 5022 ἔχων
1363 4953 1540 5006 αὐτῶν
1575 4950 2046 5021 περιδράττεσθαι.
2101 4952 2290 5006 Πίστει
2361 4949 2540 5001 τοίνυν
2599 4945 2670 4998 τὰ
2711 4931 2850 5011 ὑπὲρ
2891 4941 3063 5010 ὑμᾶς,
3130 4935 3223 4989 καὶ
3256 4934 3315 4987 οὒ
3387 4931 3611 5000 ζητήσει

371 5045 724 5114 λαμϐάνεται,
752 5046 845 5098 καὶ
877 5045 1214 5114 θαυμάζεται
1261 5044 1358 5112 μὲν
1383 5047 1411 5096 ὁ
1436 5042 1577 5094 οὓτω
1643 5041 1856 5106 πιστὸς,
1922 5043 2309 5113 ἀνεπιτίμητος
2356 5041 2413 5092 δὲ
2477 5035 2721 5106 οὐδαμῶς
2765 5036 2792 5086 ὁ
2825 5034 2935 5094 τοῖς
2977 5029 3236 5090 ἐναντίοις
3277 5019 3608 5094 περιπεσών.

373 5112 483 5190 καὶ
510 5136 605 5186 ἐπὶ
627 5134 798 5203 τούτῳ
837 5112 995 5189 πάλιν
1024 5137 1185 5199 αὐτὸς
1221 5137 1351 5206 ἡμῖν
1383 5137 1411 5188 ὁ
1446 5132 1635 5203 Σωτὴρ
1661 5133 1999 5204 μαρτυρήσει
2021 5112 2194 5204 λέγων
2220 5150 2233 5164 ο
2265 5153 2282 5185 ι
2308 5133 2364 5185 Ὀ
2401 5128 2670 5182 πιστεύων
2699 5127 2780 5191 εἰς
2830 5125 2917 5178 τὸν
2932 5123 3058 5176 Υἱὸν
3124 5122 3183 5174 οὐ
3257 5118 3522 5189 κρίνεται,
3586 5112 3613 5160 ὁ

370 5229 424 5281 δὲ
457 5228 531 5298 μὴ
567 5224 856 5288 πιστεύων,
888 5227 986 5297 ἤδη
1018 5228 1290 5296 κέκριται.

440 5317 786 5387 Διειληφὸτες
814 5316 868 5368 δὲ
907 5317 1054 5382 ἅπαξ
1082 5319 1172 5370 τὸν
1205 5317 1363 5384 λόγον
1393 5316 1480 5367 τὸν
1518 5315 1608 5366 ἐπὶ
1632 5314 1709 5368 τῶ
1742 5313 1937 5384 χρῆναι

377 5412 449 5480 μὴ
479 5407 822 5476 ἀπιστεῖντῴ
849 5407 985 5476 Θεῷ,
1021 5409 1153 5476 φέρε
1181 5408 1244 5476 δή
1270 5425 1322 5458 τι
1353 5405 1511 5458 πάλιν
1545 5406 1608 5457 ἐκ
1639 5405 1745 5456 τῶν
1783 5403 1940 5474 ἱερῶν

376 5500 718 5572 Γραμμάτων
741 5498 1128 5568 ἀναλεξάμενοι
1153 5496 1486 5567 παραθῶμεν
1513 5497 1593 5558 εἰς
1627 5495 1809 5566 μέσον,
1845 5497 1939 5550 καὶ

2119 5310 2224 5365 Sed
2267 5325 2391 5364 cum
2446 5309 2556 5378 jam
2603 5303 2770 5360 semel
2801 5301 2868 5356 de
2914 5295 3298 5352 incredulitate
3349 5289 3399 5341 in
3445 5287 3614 5341 Deum

2049 5419 2157 5458 non
2185 5399 2534 5468 suscipienda
2571 5393 3020 5451 disseruerimus,
3063 5401 3179 5453 age,
3204 5392 3421 5433 rursum
3463 5390 3493 5428 e
3526 5391 3614 5429 sa-

2049 5496 2158 5549 cris
2202 5491 2425 5547 Litteris
2473 5486 2720 5544 nonnihil
2767 5486 2820 5538 in
2874 5478 3110 5533 urediqu
3152 5467 3513 5540 proferamus,
3557 5477 3613 5519 et

443 5681 485 5711 "
508 5678 668 5734 Num.
703 5692 778 5743 ιιι,
825 5675 976 5729 1-23.
1061 5672 1282 5728 "Joan.
1324 5689 1405 5736 Ill,
1442 5672 1527 5728 l8.
