4078 6262
517 305 612 360 451

1499 291 1556 347 S.
1597 288 1872 346 CYBlLLl
1911 285 2374 343 ALEXANDRINI
2415 284 2736 342 ARCIIIEP.

3665 286 3774 342 452

515 437 628 494 quo
658 425 818 490 pacto
844 413 1288 472 incredulitatem
1315 417 1508 466 secuta
1545 409 1619 465 sit
1652 405 2079 494 animadversio,

2189 404 2290 474 τὴν
2315 405 2408 456 ἐπὶ
2431 404 2553 466 ταῖς
2575 401 2858 465 ἀπιστίαις
2879 401 3104 456 κόλασιν
3131 400 3607 473 ἐκλαμπρύνωμεν
3632 401 3772 472 πρὸς

517 493 585 568 ad
617 514 883 566 lectormn
908 508 1196 562 utilitatem
1216 515 1578 572 exponamus.
1597 498 1782 554 Redeo
1807 500 1992 566 itaque
2018 493 2086 549 ad

520 605 742 675 onscn
800 601 951 654 illum
1005 610 1293 654 sacrorum
1356 592 1694 647 antistitem.
1755 589 1954 644 Jussus
2005 594 2091 642 est

517 698 674 760 olim,
705 709 832 749 eum
863 693 918 747 in
945 692 1167 747 deserto
1204 686 1441 758 populus
1465 682 1796 739 intolerabili
1840 681 1930 736 siti
1969 694 2091 749 pre-

519 795 781 849 meretur,
813 785 1030 839 soeium
1077 781 1181 837 sibi
1214 781 1486 832 Aaronem
1530 775 1810 839 adhibere,
1841 772 2005 841 280
2035 777 2089 825 et

517 881 669 949 virga
695 892 886 931 saxum
919 883 1230 946 percutere,
1262 879 1322 926 ut
1365 883 1632 940 aquarum
1667 865 1850 920 fontes
1887 866 2089 918 educe-

518 977 620 1023 ret.
651 965 758 1022 Sed
792 980 914 1021 cum
950 963 1362 1032 Dominijussis
1390 959 1535 1015 haud
1557 958 1788 1011 multum
1816 953 2085 1018 crederet,

515 1067 567 1110 et
615 1071 726 1126 prae
773 1055 1116 1108 humanitate
1162 1052 1364 1122 pusillo
1393 1058 1547 1104 esset
1571 1048 1790 1102 animo:
1829 1064 1846 1095 ι
1891 1043 2089 1097 Audite

515 1163 626 1214 me,
660 1146 859 1216 inquit,
898 1144 1201 1200 increduli:
1236 1139 1499 1210 numquid
1535 1156 1598 1194 ex
1630 1148 1788 1208 petra
1817 1137 1918 1191 hac
1946 1135 2084 1190 edu-

515 1251 702 1292 cemus
741 1235 896 1289 vobis
940 1231 1184 1302 aquam?
1216 1229 1281 1285 Et
1313 1231 1583 1296 extollens
1619 1229 1830 1301 Moyses
1861 1241 2084 1283 manum

515 1339 692 1390 suam,
742 1323 1018 1394 percussit
1053 1328 1263 1390 petram
1311 1319 1476 1374 semel
1530 1325 1584 1372 et
1627 1319 1734 1383 bis,
1779 1325 1832 1372 et
1875 1315 2090 1371 exsiliit

514 1431 652 1484 aqua
677 1415 864 1468 multa.
901 1412 966 1466 Et
997 1411 1134 1466 dixit
1156 1409 1424 1465 Dominus
1449 1408 1514 1462 ad
1534 1407 1754 1479 Moysen
1776 1417 1832 1462 et
1863 1406 2082 1462 Aaron:

514 1506 651 1572 Quia
688 1520 798 1560 non
833 1501 1148 1559 credidistis
1179 1499 1526 1555 sanctiﬁcare
1557 1513 1644 1553 me
1685 1498 1741 1553 in
1780 1503 2084 1567 conSpectu

515 1596 748 1668 filiorum
784 1595 974 1661 Israel,
1007 1599 1293 1664 propterea
1325 1606 1434 1646 non
1475 1588 1748 1644 inducetis
1785 1601 1884 1643 vos
1923 1600 2080 1657 syna-

513 1698 702 1755 gogam
743 1682 885 1736 hanc
925 1683 982 1736 in
1016 1689 1221 1736 terram
1271 1694 1435 1750 quam
1476 1677 1600 1734 dedi
1637 1678 1722 1733 eis
1750 1677 1817 1731 “.
1861 1695 1880 1728 ι
1913 1673 2083 1729 Num-

2190 496 2460 566 ὠφέλειαν
2503 495 2614 549 τῶν
2645 494 3065 566 ἐντευξομένων.
3107 493 3322 548 Οὐκοῦν
3353 492 3441 546 ἐπ’
3463 491 3628 546 αὐτὸν
3656 489 3772 564 εἶμι

2191 590 2355 644 πάλιν
2380 589 2472 642 τὸν
2502 587 2827 660 ἱεροφάντην
2859 587 3086 643 Μωσέα.
3128 584 3440 640 Ἐκελεύετό
3469 601 3601 638 ποτε
3631 587 3771 639 κατά

2188 680 2288 752 τὴν
2310 680 2408 751 ἐρη
2416 697 2515 751 μον
2531 680 2791 750 ἀφορήτῳ
2811 678 2954 749 δίψει
2978 677 3478 749 καταϐαρυνθέντος
3493 676 3588 730 τοῦ
3613 677 3768 742 λαοῦ,

2190 772 2444 826 κοινωνόν
2476 771 2576 842 μὲν
2601 771 2872 825 ποιεῖσθαι
2910 771 3001 825 τὸν
3041 769 3288 843 Ἀαρὼν,
3331 769 3769 840 κατακρούεσθαι

2187 864 2244 916 δὲ
2265 864 2330 934 τῇ
2367 862 2546 932 ῥάϐδῳ
2568 862 2668 932 τὴν
2699 863 2926 934 πέτραν,
2959 861 3047 915 ἵνα
3079 863 3176 916 καὶ
3203 861 3413 914 ὑδάτων
3444 859 3772 930 ἀνομσρήσῃ

2189 956 2394 1026 πηγάς.
2440 956 2580 1010 Ἀλλ’
2613 957 2673 1010 οὐ
2699 955 2903 1026 σφόδρα
2928 957 3040 1018 τοῖς
3055 953 3150 1008 τοῦ
3186 952 3618 1024 προστάττοντος
3637 952 3769 1005 ἀνα-

2188 1051 2556 1119 πεπεισμένος
2603 1047 2810 1115 λόγοις,
2861 1047 3262 1118 όλιγοψυχήσας
3311 1044 3369 1098 δέ
3425 1061 3540 1108 πως
3579 1043 3670 1096 διὰ
3705 1043 3768 1096 rb

2186 1139 2523 1211 ἀνθρώπινον
2539 1156 2552 1170 ⁸
2574 1159 2593 1192 ι
2617 1139 2908 1192 Ἀκούσατέ
2945 1155 3070 1208 μου,
3085 1136 3271 1208 φησὶν,
3288 1135 3339 1188 οἱ
3364 1134 3610 1198 ἀπειθεῖς
3632 1151 3645 1164 ·
3688 1133 3764 1204 μὴ

2187 1230 2251 1284 ἐκ
2280 1231 2380 1300 τῆς
2411 1231 2617 1302 πέτρας
2652 1230 2853 1301 ταύτης
2882 1229 3147 1298 ἐξάξομεν
3180 1228 3310 1298 ὑμῖν
3339 1225 3634 1297 “mmihi.
3660 1225 3760 1278 ἐπ-

2188 1322 2325 1393 άρας
2352 1322 2556 1391 Μωσῆς
2583 1321 2682 1392 τὴν
2709 1323 2866 1391 χεῖρα
2894 1318 3081 1382 αὐτοῦ,
3105 1316 3345 1382 ἐπάταξε
3370 1319 3436 1388 τῇ
3464 1314 3644 1386 ῥάϐδῳ
3665 1313 3762 1384 τὴν

2187 1415 2394 1486 πέτραν
2420 1413 2568 1480 ἀπαξ
2613 1413 2706 1468 καὶ
2742 1413 2856 1477 δἰς,
2891 1414 2982 1466 καὶ
3007 1411 3232 1480 ἐξῆλθεν
3263 1410 3408 1481 ὕδωρ
3441 1409 3596 1464 πολύ.
3649 1406 3762 1460 Καὶ

2185 1499 2309 1558 εῖπι
2350 1504 2554 1575 Κύριος
2601 1503 2738 1572 πρὸς
2795 1501 2999 1572 Μωσῆν
3050 1504 3145 1556 καὶ
3183 1499 3428 1572 ’Δαρώνο
3489 1499 3613 1552 Ὅτι
3660 1499 3763 1552 οὐκ

2184 1594 2542 1650 ἐπιστεύσατε
2568 1595 2792 1662 ἁγιάσαι
2821 1612 2888 1665 με
2920 1594 3160 1648 ἐναντίον
3181 1593 3290 1648 τῶν
3333 1591 3466 1646 υίῶν
3505 1589 3724 1662 Ἰσραήλ
3744 1605 3756 1618 ·

2185 1685 2273 1738 διὰ
2299 1684 2458 1738 τοῦτο
2486 1686 2588 1739 οὐκ
2624 1685 2867 1750 εἰσάξετε
2903 1686 3062 1755 ὑμεῖς
3086 1684 3185 1756 τὴν
3213 1683 3534 1752 συναγωγὴν
3561 1681 3762 1752 ταύτην

513 1774 648 1846 quid
700 1789 833 1844 ergo
881 1773 1009 1827 hinc
1062 1772 1236 1826 cuivis
1286 1770 1529 1841 patebit,
1577 1783 1740 1839 quam
1793 1767 1975 1837 gravis
2021 1768 2079 1820 sil

2190 1777 2271 1840 είς
2298 1776 2396 1846 τὴν
2428 1777 2562 1847 γῆν,
2608 1778 2676 1846 ἢν
2702 1776 2910 1831 δέδωκα
2940 1776 3144 1840 αὐτοῖς.
3174 1793 3194 1828 ι
3233 1775 3355 1845 Ἆρ’
3383 1769 3479 1828 οὗν
3516 1772 3764 1827 ἐντεῦθεν

513 1880 726 1920 merces
760 1863 1214 1919 incredulitatis?
1243 1862 1396 1929 Quod
1429 1863 1476 1918 si
1519 1861 1733 1932 Moyses
1761 1861 1852 1914 ille
1898 1867 2087 1913 tantus

512 1957 599 2012 vir
629 1972 757 2012 cum
792 1965 960 2023 esset,
990 1955 1358 2026 reprehensus
1387 1962 1493 2018 est,
1521 1955 1739 2008 cuinam
1763 1951 1909 2006 Deus
1934 1949 2088 2020 igno-

513 2056 651 2112 scet,
680 2056 774 2103 aut
802 2049 927 2118 quis
958 2047 1390 2118 indignationem
1415 2045 1536 2114 ejus
1565 2044 1784 2116 elingiet
1819 2043 1911 2114 qui
1947 2041 2085 2095 adeo

516 2155 873 2211 personarum
907 2149 1162 2212 acceptor
1196 2153 1307 2193 non
1330 2146 1416 2194 est
1444 2139 1514 2202 “,
1547 2147 1606 2193 ut
1644 2152 1712 2192 ne
1739 2139 1920 2207 ipsum
1961 2136 2083 2205 qui-

513 2227 637 2283 dem
691 2227 912 2300 Moysen
955 2229 1251 2282 immunem
1283 2241 1408 2282 esse
1433 2227 1690 2290 voluerit,
1716 2226 1782 2280 ad
1814 2239 1974 2294 quem
2003 2223 2084 2277 di-

512 2325 660 2371 ctum
687 2327 813 2374 est:
857 2337 874 2369 ι
909 2317 1043 2373 Νονί
1072 2326 1128 2375 te
1163 2326 1358 2388 praeter
1397 2331 1615 2381 omnes,
1647 2324 1701 2372 et
1734 2315 1963 2386 gratiam
1995 2315 2083 2368 in-

511 2408 707 2464 venisti
744 2409 888 2481 apud
923 2425 1011 2464 me
1034 2409 1101 2465 ⁸ο.
1143 2427 1160 2460 ι

581 2496 671 2562 Vl,
704 2497 793 2552 10.
840 2495 1028 2551 Facite
1060 2497 1304 2566 homines
1340 2495 1685 2551 discumbere.
1732 2494 1867 2548 Erat
1906 2502 2080 2548 autem

512 2587 690 2658 fenum
734 2588 960 2641 multum
993 2588 1049 2642 in
1100 2587 1235 2642 loco.
1267 2587 1658 2642 Discubuerunt
1689 2603 1812 2655 ergo
1851 2587 1950 2640 viri
1991 2600 2086 2640 nuo

511 2697 655 2735 mero
688 2681 844 2751 quasi
866 2681 1091 2750 quinque
1113 2679 1311 2732 millia.

583 2771 812 2827 Solitam
843 2787 997 2827 suam
1035 2771 1426 2841 benignitatem
1461 2769 1716 2824 Salvator
1756 2775 1995 2836 exercet,
2029 2773 2084 2823 et

511 2860 582 2914 ab
638 2860 852 2930 asperis
916 2861 1390 2930 increpationibus
1446 2861 1710 2916 abstinet.
1767 2860 1876 2916 Nec
1933 2862 2088 2916 enim

511 2952 765 3008 acerbius
797 2953 1098 3008 insectatur
1124 2952 1448 3023 discipulos,
1473 2953 1603 3006 licet
1633 2952 1860 3006 nimium
1881 2951 2080 3022 pusillo

509 3044 696 3098 animo
734 3058 799 3097 ac
846 3043 951 3098 ﬁde
1000 3043 1341 3110 oscitantes;
1377 3043 1470 3098 sed
1513 3044 1680 3098 rebus
1712 3043 1847 3112 ipsis
1897 3043 2081 3111 potius

509 3136 732 3190 instruit
765 3135 831 3190 ad
869 3135 1413 3204 comprehensionem
1437 3150 1629 3190 eorum
1666 3149 1786 3204 qua:
1838 3134 2080 3188 nondum

507 3226 760 3280 credunt.
780 3224 916 3280 Illud
933 3225 1102 3291 enim,
1126 3243 1144 3276 ι
1164 3223 1352 3282 Facite
1385 3225 1636 3281 homines
1659 3224 2031 3286 discumbere,
2055 3242 2074 3275 ι

508 3332 616 3371 non
674 3315 1010 3371 mediocrem
1057 3315 1223 3371 habet
1268 3315 1598 3386 emphasim,
1657 3327 1711 3368 et
1764 3313 2080 3369 istiusmodi

505 3407 763 3478 quiddam
792 3408 861 3461 ab
887 3405 1016 3462 Jesu
1049 3406 1156 3462 dici
1187 3415 1400 3462 tantum
1441 3422 1549 3460 non
1593 3406 1799 3460 indicat
1826 3427 1837 3462 :
1869 3402 1915 3460 0
1941 3405 2081 3460 tardi

505 3499 573 3552 ad
602 3499 1006 3570 percipiendam
1041 3513 1217 3554 meam
1248 3499 1533 3559 virtutem,
1579 3507 1631 3551 et
1665 3497 2079 3568 intelligendum

504 3590 732 3656 quinam
767 3589 859 3643 ille
888 3590 960 3643 sit
1008 3588 1104 3657 qui
1149 3587 1432 3657 loquitur:
1470 3587 1656 3641 Facite
1695 3587 1945 3642 homines
1976 3586 2081 3642 dis-

505 3677 764 3730 cumbere
805 3695 855 3740 ι,
878 3684 938 3730 ιιι
967 3690 1093 3731 cum
1123 3677 1257 3729 nihil
1284 3691 1449 3745 penes
1482 3691 1579 3730 vos
1611 3677 1702 3738 sit,
1733 3675 1861 3730 inde
1895 3687 2081 3730 tamen

504 3766 757 3820 videntes
803 3780 902 3820 eos
954 3773 1257 3829 saturatos,
1297 3765 1594 3819 miremini.
1641 3783 1659 3815 ι
1697 3764 1883 3820 Facite
1909 3765 2083 3821 homi-

504 3874 604 3914 nes
631 3857 997 3914 discumbere.
1025 3877 1044 3910 ›
1066 3857 1177 3911 Hoc
1207 3858 1350 3912 enim
1382 3857 1464 3913 eis
1490 3865 1760 3927 superest.
1787 3857 1904 3912 Non
1933 3861 2080 3914 enim

382 3988 387 3993 -
503 3951 717 4007 denarii
748 3950 971 4006 ducenti
1003 3949 1396 4020 comparandis
1430 3949 1498 4005 iis
1527 3965 1648 4019 qua:
1680 3951 1857 4006 turbis
1893 3967 2081 4008 neces-

503 4043 651 4098 saria
695 4050 827 4100 sunt
859 4041 1199 4105 suﬂ‘ecerint,
1233 4041 1326 4096 sed
1379 4041 1527 4111 quod
1564 4041 1770 4094 nummi
1819 4051 2078 4112 pmstare

504 4143 784 4207 nequeunt
825 4136 1023 4190 virtute
1057 4148 1177 4188 mea
1213 4147 1503 4204 assequar,
1538 4147 1658 4202 quae
1691 4133 1758 4188 ad
1792 4149 1917 4190 esse
1947 4149 2079 4189 cun-

503 4238 594 4283 cta
629 4228 865 4292 vocavit,
891 4235 945 4280 et
972 4241 1059 4281 res
1081 4241 1111 4282 e
1141 4226 1315 4281 nihilo
1340 4224 1624 4296 produxit.
1658 4226 1738 4279 An
1767 4241 1897 4281 vero
1926 4225 2075 4283 Elias

500 4319 764 4390 propheta
796 4319 887 4373 ille
915 4317 1092 4371 vidua:
1131 4333 1226 4373 vas
1275 4317 1398 4372 oleo
1441 4317 1680 4387 replere,
1722 4325 1777 4370 et
1823 4317 2074 4388 hydriam

501 4410 868 4467 indeﬁcientis
912 4411 1020 4464 cibi
1068 4418 1296 4464 matrem
1347 4407 1566 4463 efﬁcere
1609 4410 1790 4479 potuit
1838 4409 1926 4463 ἰε
1979 4409 2071 4479 qui

499 4511 681 4558 autem
713 4501 793 4556 illi
831 4509 892 4556 ut
925 4501 978 4555 id
1011 4507 1196 4570 posset
1229 4499 1443 4564 tribuit,
1492 4515 1600 4553 non
1659 4499 1858 4568 poterit
1893 4499 2074 4554 multi-

2187 1869 2287 1922 οὐκ
2313 1868 2378 1922 ἀν
2407 1869 2616 1938 γένοιτο
2655 1869 2818 1922 παντί
2846 1887 2928 1942 τῳ
2963 1868 3164 1938 σαφὶς,
3201 1869 3349 1931 ὅπως
3394 1867 3512 1921 ἐστὶ
3553 1864 3767 1936 χαλεπά

2185 1961 2284 2031 τῆς
2316 1961 2569 2024 ἀπιστίας
2593 1959 2663 2014 τὰ
2695 1959 2939 2031 όψὼνια;
2977 1962 3088 2014 Καὶ
3124 1961 3174 2013 εί
3205 1958 3459 2022 τοσοῦτος
3505 1957 3765 2028 ὑπάρχων

2185 2052 2492 2122 ἐπετιμήθη
2515 2053 2753 2122 Μωσῆς,
2803 2051 2944 2115 τίνος
2985 2051 3069 2106 ιτι
3097 2051 3340 2121 φείσεται
3372 2049 3530 2112 Θεὸς,
3571 2049 3680 2100 τίνι
3709 2047 3765 2099 δέ

2184 2145 2284 2197 οὐκ
2311 2145 2518 2198 ἐποίσει
2548 2144 2639 2198 τὸν
2673 2145 2759 2212 ἐφ’
2797 2137 2879 2206 οἷς
2923 2141 2989 2195 ἂν
3018 2141 3296 2212 ἀπιστήσῃ
3330 2138 3502 2210 θυμὸν
3538 2139 3568 2190 6
3594 2136 3766 2197 οὕτως

2184 2234 2708 2306 ἀπροσωπόληπτος,
2754 2235 2831 2296 ὡς
2867 2232 3000 2304 μηδὲ
3029 2232 3194 2287 αὐτὸν
3231 2229 3487 2299 ἐθελῆσαι
3507 2229 3765 2282 δυσωπεῖν

2189 2324 2314 2377 σθαι
2336 2324 2560 2388 Μωσέα,
2587 2323 2722 2395 πρὸς
2745 2324 2804 2377 ὃν
2829 2325 3072 2395 εῖρηται’
3107 2317 3239 2378 Οῐδά
3263 2338 3324 2374 σε
3355 2320 3507 2392 παρὰ
3535 2319 3764 2382 πάντας.

2187 2416 2282 2469 καὶ
2309 2415 2470 2486 χάριν
2499 2408 2659 2486 εὗρες
2687 2416 2818 2486 παρ’
2852 2415 2997 2486 spot;

2253 2503 2552 2571 Ποιήσατε
2597 2505 2741 2571 τοὺς
2772 2504 3121 2573 ἀνθρώπους
3159 2501 3513 2558 ἀναπεσεῖν.
3553 2495 3664 2557 Ἦν
3694 2499 3762 2553 δὲ

2183 2593 2398 2663 χόρτος
2424 2593 2620 2660 πολὺς
2639 2594 2710 2648 ἐν
2733 2593 2814 2660 τῷ
2842 2595 3024 2662 τόπῳ.
3056 2593 3378 2649 Ἀνέπεσον
3404 2587 3520 2650 οὖν
3549 2590 3762 2660 ἄνδρες

2184 2684 2290 2737 τὸν
2327 2684 2577 2753 ἀριθμὸν
2600 2682 2745 2737 ὡσεὶ
2767 2684 3268 2753 πεντακισχίλιοι.

2256 2775 2549 2845 Πραὸτητα
2576 2775 2678 2845 μὲν
2700 2773 2798 2846 τὴν
2823 2773 3027 2846 συνήθη
3053 2775 3348 2845 τετίμηκεν
3372 2774 3402 2827 6
3425 2770 3638 2842 Σωτὴρ,
3667 2767 3762 2824 καὶ

2183 2865 2245 2919 rb
2277 2865 2376 2936 μὲν
2406 2865 2571 2938 δριμὺ
2601 2866 2711 2921 τῶν
2747 2867 2986 2936 ἐλέγχων
3027 2865 3343 2935 ἀφίστησιν.
3391 2863 3506 2917 Οὐκ
3533 2861 3762 2932 ἐπιτιμᾷ

2184 2955 2294 3027 γὰρ
2325 2955 2594 3028 δηκτικῶς
2645 2959 2738 3011 καὶ
2786 2957 2909 3012 λίαν
2954 2957 3274 3021 νυστάζουσι
3306 2957 3420 3018 τοῖς
3466 2953 3757 3024 μαθηταῖς,

2185 3049 2308 3102 ὅσον
2331 3043 2465 3120 ἧκεν
2494 3050 2574 3113 εἰς
2606 3049 2667 3102 rb
2694 3051 2781 3102 ἐπ’
2813 3047 2962 3120 αὑτῷ
3005 3047 3340 3120 μικρόψυχόν
3380 3064 3442 3100 τε
3470 3045 3566 3100 καὶ
3587 3045 3760 3114 ὀλιγό-

2183 3158 2374 3194 πιστον
2399 3158 2412 3171 ο
2455 3141 2792 3211 παιδαγωγεῖ
2823 3143 2879 3196 δὲ
2935 3143 3135 3212 μᾶλλον
3174 3141 3263 3194 διὰ
3290 3138 3636 3210 πραγμάτων
3663 3139 3758 3191 a6-

2182 3232 2290 3285 τῶν
2343 3235 2422 3296 είς
2468 3233 2771 3302 κατάληψιν
2814 3227 2890 3287 ὧν
2939 3231 3092 3286 οὔπω
3139 3231 3470 3285 πιστεύουσι.
3528 3230 3604 3284 Tb
3631 3231 3758 3303 γὰρ,

2189 3341 2208 3376 ι
2239 3324 2506 3394 Ποιήσατε
2535 3323 2660 3387 τοὺς
2685 3322 3007 3391 ἀνθρώπους
3037 3325 3357 3385 ἀναπεσεῖν,
3383 3341 3402 3375 ι
3431 3323 3491 3376 οὐ
3532 3321 3758 3392 μετρίαν

2183 3415 2297 3485 ἔχει
2320 3414 2417 3486 τὴν
2447 3415 2716 3484 ἔμφασιν,
2763 3414 2922 3485 μόνον
2951 3415 3008 3467 δὲ
3037 3415 3157 3484 οὐχὶ
3192 3415 3286 3468 κα)⁵
3315 3413 3556 3468 τοιοῦτόν
3584 3431 3638 3466 τι
3666 3414 3756 3468 λέο

2181 3521 2347 3572 γοντα
2375 3503 2605 3556 δεικνύει
2625 3502 2714 3555 τὸν
2728 3501 2956 3573 Ἰησοῦνο
2979 3503 3043 3554 Ὦ
3066 3503 3279 3573 βραδεῖς
3311 3503 3392 3565 είς
3413 3502 3474 3555 rb
3501 3501 3597 3572 τὴν
3619 3501 3756 3573 ἐμὴν

2185 3593 2425 3647 συνιέναι
2447 3592 2697 3662 δύναμιν,
2716 3593 2812 3645 καὶ
2829 3592 3016 3662 νοῆσαι
3043 3593 3126 3656 τίς
3154 3595 3183 3646 6
3201 3592 3398 3657 λαλῶν,
3435 3592 3753 3646 ἀνακλίνατε

2179 3684 2307 3746 τοὺς
2349 3683 2577 3754 ἀνδρας,
2611 3682 2679 3736 ἶν’
2707 3684 2771 3737 ἐκ
2801 3683 3027 3754 μηδενὸς
3052 3684 3145 3737 τοῦ
3178 3683 3308 3755 παρ’
3343 3684 3472 3754 ὑμῖν
3501 3684 3753 3754 κειμένου

2182 3774 2687 3846 κατακορεσθέντας
2713 3775 2949 3845 ὁρῶντες
2967 3775 3310 3848 θαυμάζητε.
3347 3794 3366 3828 ι
3407 3775 3751 3830 Ἀνακλίνατε

2178 3865 2305 3929 τοὺς
2329 3865 2546 3938 ἄνδρας.
2579 3884 2598 3918 ι
2626 3865 2798 3920 Τοῦτο
2824 3867 2933 3938 γὰρ
2961 3868 3143 3932 αὐτοῖς
3162 3867 3224 3920 rb
3243 3867 3428 3922 λεῖπόν
3468 3868 3638 3922 ἐστιν.
3678 3868 3750 3922 Οὐ

2180 3955 2289 4027 γὰρ
2332 3956 2564 4028 δηνάρια
2607 3957 2706 4028 μὲν
2755 3957 3007 4012 διακόσια
3048 3958 3118 4012 τά
3166 3957 3394 4029 ζωαρκῆ
3431 3960 3546 4022 τοῖς
3577 3959 3752 4028 ὄχλοις

2179 4051 2485 4121 περιποιεῖν
2511 4048 2578 4102 ἂν
2600 4048 2810 4118 ἴσχυσε,
2839 4049 3134 4120 χρημάτων
3152 4049 3210 4102 δὲ
3231 4048 3339 4102 τῶν
3359 4049 3418 4103 ἐν
3446 4049 3751 4120 ἀνθρώποις

2177 4139 2238 4192 rb
2277 4140 2426 4208 μεῖον
2465 4137 2523 4190 ἐν
2557 4135 2635 4207 τῷ
2661 4137 2920 4192 δύνασθαι
2959 4135 3188 4200 σώζειν,
3223 4137 3256 4206 ή
3291 4137 3399 4206 ἐμὴ
3422 4137 3748 4205 κεκτήσεται

2176 4229 2403 4300 δύναμις
2425 4267 2441 4291 ,
2471 4229 2506 4298 ἡ
2547 4227 2722 4282 πάντα
2753 4225 2890 4298 πρὸς
2922 4225 2983 4279 rb
3026 4221 3165 4279 εἶναι
3194 4224 3462 4290 καλοῦσα,
3523 4226 3616 4278 καὶ
3645 4223 3748 4278 τῶν

2177 4318 2237 4384 ἐξ
2267 4319 2366 4372 οὐκ
2394 4317 2563 4373 ὄντων
2591 4317 2938 4389 δημιουργός.
2971 4317 3107 4371 Οὑδέ
3139 4317 3325 4382 Ἠλίας
3359 4316 3457 4386 μὲν
3482 4318 3511 4370 6
3537 4318 3747 4386 προφή-

2173 4427 2274 4480 της
2297 4408 2519 4464 ἀνενδεᾶ
2539 4407 2632 4462 τὸν
2661 4407 2977 4480 ἐλαιοφόρον
3009 4407 3112 4478 τῆς
3140 4408 3312 4478 χήρας
3335 4406 3500 4461 ἐτίθει
3524 4406 3745 4476 καμψά-

2174 4518 2297 4572 κην,
2331 4499 2541 4572 μητέρα
2563 4516 2624 4553 τε
2657 4499 3007 4554 ἀνεκλείπτου
3038 4498 3244 4570 τροφῆς
3277 4498 3374 4569 τὴν
3393 4497 3583 4569 ὑδρίαν
3617 4500 3746 4552 ἀπο-

497 4593 705 4662 plicare
754 4591 1012 4653 nihilum,
1054 4597 1108 4644 et
1155 4589 1301 4660 quod
1334 4590 1388 4643 in
1423 4589 1676 4644 manibus
1707 4597 1812 4654 est,
1843 4597 1903 4643 ut
1948 4591 2076 4646 sim-

2181 4593 2350 4660 τελεῖς
2400 4594 2430 4645 6
2458 4591 2515 4646 δὲ
2556 4591 2791 4662 κάκείνῳ
2820 4591 2882 4644 rb
2918 4590 3175 4646 δύνασθαι
3202 4589 3376 4652 διδοὺς
3400 4627 3415 4651 ,
3443 4589 3544 4642 οὐκ
3570 4589 3636 4643 ἀν
3662 4588 3745 4652 ἐξα

501 4685 716 4754 pliciter
745 4681 1257 4748 dicam,ineﬂ‘abilis
1275 4681 1632 4752 benignitatis
1652 4680 1882 4744 inuitem,
1906 4689 2071 4753 atque

499 4774 796 4843 inopinata:
823 4775 1012 4843 gratiae
1048 4779 1211 4842 caput
1239 4779 1294 4825 et
1338 4771 1577 4826 radicem
1618 4772 1882 4827 ellicere?
1912 4771 2066 4827 Talia

495 4863 658 4933 281
717 4878 845 4933 ειεο
897 4865 951 4918 in
992 4865 1176 4918 animo
1208 4862 1489 4920 Christum
1528 4864 1789 4920 habuisse
1840 4881 1949 4920 non
1979 4873 2066 4922 est

497 4953 877 5024 improbabile,
919 4968 1044 5008 cum
1078 4956 1381 5025 emphatice
1418 4955 1822 5024 quodammodo
1875 4958 2068 5028 loque-

497 5053 669 5102 retur.
706 5043 870 5098 Notat
901 5061 1033 5100 vero
1064 5049 1230 5100 etiam
1254 5048 1464 5102 utiliter
1502 5047 1697 5103 beatus
1727 5049 2068 5117 evangelista

499 5141 681 5195 fenum
705 5136 934 5192 multum
957 5137 1011 5192 in
1039 5154 1104 5193 eo
1121 5138 1242 5192 loco
1266 5138 1857 5204 iuissc,demonstrans
1879 5148 2064 5209 aptum

498 5230 668 5286 fuisse
718 5228 902 5284 locum
937 5228 992 5283 in
1028 5242 1141 5298 quo
1179 5228 1283 5282 viri
1335 5228 1768 5283 discumberent.
1827 5228 2067 5284 Observa

495 5329 678 5377 autem
693 5334 803 5391 quo
823 5327 982 5390 pacto
1001 5318 1352 5374 multitudine
1378 5318 1688 5388 promiscue
1712 5328 2063 5390 congregata,

495 5425 728 5481 cumque
763 5411 1022 5466 mulieres
1058 5425 1163 5464 una
1199 5425 1342 5479 cutn_
1377 5408 1564 5465 liberis
1620 5411 1734 5466 suis
1787 5411 2064 5478 adessent,

494 5503 642 5558 solos
677 5510 858 5559 tamen
899 5505 1048 5560 viros
1113 5503 1440 5568 numerarit,
1502 5503 1671 5573 legis,
1735 5512 1793 5557 ut
1847 5506 2064 5574 opinor,

2183 4683 2364 4751 ίσχυσε
2405 4681 2834 4736 πολυπλασιάσαι
2867 4681 2930 4735 rb
2977 4680 3161 4752 μηδὲν,
3201 4680 3298 4735 καὶ
3337 4679 3400 4734 rb
3445 4678 3746 4751 προστυχὸν

2177 4771 2366 4834 ἁπλῶς
2415 4772 2514 4841 τῆς
2544 4773 2783 4843 ἀρρήτου
2819 4771 3123 4841 φιλοτιμίας
3169 4771 3506 4843 ἐργάσασθαι
3542 4769 3742 4840 πηγὴν,

2174 4863 2270 4917 καὶ
2303 4862 2567 4932 ἀδοκήτου
2600 4863 2820 4933 χάριτος
2853 4863 3030 4934 ἀρχήν
3058 4879 3118 4916 τε
3141 4863 3236 4916 καὶ⁵
3267 4862 3458 4934 ρίζανς
3511 4861 3746 4914 Τοιαῦτα

2177 4955 2276 5026 μὲν
2303 4949 2397 5010 οὖν
2424 4953 2676 5024 ἐννοῆσαι
2701 4954 2864 5024 τυχὸν
2888 4955 2989 5007 οὐκ
3015 4955 3278 5008 ἀπίθανον
3311 4954 3402 5008 διὰ
3437 4953 3538 5024 τῆς
3569 4953 3746 5025 ἐμφάο

2175 5063 2312 5110 σεως
2342 5046 2504 5099 οίονεὶ
2541 5045 2768 5114 λέγοντα
2795 5046 2884 5100 τὸν
2914 5047 3165 5117 Χριστόν.
3209 5046 3661 5117 Ἐπισημαίνεται
3691 5045 3744 5098 δὲ

2171 5140 2455 5210 χρησίμως
2487 5139 2516 5191 6
2547 5138 2818 5210 μακάριος
2843 5137 3262 5208 εὐαγγελιστὴς,
3295 5139 3378 5192 ὃτι
3427 5137 3524 5191 καὶ⁵
3556 5138 3742 5209 χόρτος
3769 5153 3799 5176 ι

2169 5227 2238 5303 ἦν
2265 5233 2320 5284 ἐν
2353 5231 2431 5301 τῷ
2471 5229 2622 5301 τόπῳ
2656 5231 2843 5296 πολὺς,
2877 5231 3202 5302 ἐπιτηδείως
3233 5231 3427 5302 ἔχοντα
3452 5231 3544 5284 τὸν
3569 5230 3742 5301 χῶρον

2169 5323 2306 5394 πρὸς
2335 5323 2394 5376 rb
2419 5322 2512 5375 καὶ
2553 5322 2662 5375 δεῖν
2695 5319 3080 5376 ἀνακλίνεσθαι
3129 5323 3259 5385 τοὺς
3305 5323 3510 5393 ἄνδρας
3545 5321 3740 5375 ἐπιδει-

2169 5413 2320 5477 κνύς.
2363 5413 2643 5482 Ἐπιτήρει
2675 5413 2730 5465 δὲ
2753 5413 2899 5475 ὅπως
2924 5413 3380 5485 ἀναμεμιγμένης
3426 5416 3508 5477 εἰς
3555 5413 3740 5468 ἐαυτὸν

2170 5505 2267 5575 τῆς
2290 5503 2400 5557 τῶν
2425 5503 2775 5574 τρεφομένων
2797 5503 3057 5575 πληθύος,
3083 5509 3176 5560 καὶ
3202 5507 3479 5574 γυναικῶν
3501 5505 3739 5577 δηλονότι

561 5677 606 5710 ⁸³
639 5674 797 5732 Νυιη.
834 5696 926 5742 xx,
957 5679 1141 5734 10-12.
1218 5679 1260 5709 ’9
1288 5679 1445 5735 llum.
1477 5697 1538 5745 ιι,
1574 5682 1655 5744 il,
1694 5689 1746 5737 ct
1777 5683 1927 5737 alibi.
2005 5683 2050 5715 "

2181 5681 2264 5736 od.
2311 5696 2507 5751 χχχιιι,
2551 5681 2638 5736 l7.
2719 5683 2757 5715 ³¹
2787 5683 2857 5737 ΙΙΙ
2908 5683 3039 5755 Reg.
3087 5683 3387 5748 ι.ιίι,9-1ϐ.
