4078 6262
305 283 405 338 633

1392 284 1457 338 ΙΝ
1493 284 1779 341 JOANNIS
1801 285 2250 344 EVANGELIUM
2291 289 2414 346 LIB.
2449 291 2538 347 Ill.

3451 306 3559 361 ι’ςι

304 393 590 466 παρουσῶν
623 393 720 449 σὺν
751 393 990 460 τέκνοις,
1038 394 1231 465 μόνους
1272 399 1399 461 τοὺς
1453 401 1653 472 ἄνδρας
1685 401 1864 470 ἀπηριη

1985 404 2442 460 consuetudinem
2473 413 2715 462 secutus.
2773 407 2882 464 Deo
2929 412 3073 466 enim
3101 412 3328 482 jubentc
3379 417 3555 490 Moysi

304 487 586 556 θμήσατο,
635 487 756 548 ταῖς
807 485 946 539 κατά
976 485 1162 556 νόμον,
1204 486 1281 551 ὡς
1327 483 1516 558 οῐμαι,
1575 491 1881 560 συνηθείαις

302 577 638 632 ἀκολουθῶν.
683 577 1068 640 Διατάττοντος
1118 577 1226 648 γὰρ
1263 579 1360 632 τοῦ
1390 579 1560 642 Θεοῦ,
1599 583 1694 634 καὶ
1743 583 1880 654 πρὸς

302 667 394 720 τὸν
433 668 760 739 ἱεροφάντην
808 667 1056 735 λέγοντος
1090 668 1326 722 Μωσέα·
1376 689 1395 722 ι
1440 672 1650 726 Λάσετε
1701 673 1880 745 ἀρχὴν

302 757 487 826 πάσης
535 759 854 828 συναγωγῆς
902 756 1036 810 υἱῶν
1089 758 1306 829 Ἰσραὴλ
1340 757 1487 814 κατά
1533 763 1880 833 συγγενείας,

306 848 427 901 κατ’
480 847 660 910 οῖκους
703 847 988 919 πατριῶν,
1044 848 1186 902 κατά
1223 849 1456 920 ἀριθμὸν
1499 850 1559 916 ἐξ
1590 851 1874 921 ὀνόματος,

303 938 442 991 κατά
474 937 714 1008 κεφαλὴν
746 938 930 992 αὐτῶν
955 955 969 968 ·
1019 941 1128 1003 πᾶς
1156 939 1333 1010 ἄρσην
1362 941 1471 994 ἀπὸ
1508 942 1874 1009 εἰκοσαετοῦς,

301 1027 394 1079 καὶ
437 1026 622 1080 ἐπάνω
646 1043 660 1058 ·
692 1045 711 1080 ι
750 1027 1068 1081 ἀπετελεῖτο
1109 1029 1170 1080 τὸ
1211 1030 1588 1100 προπαχθέν,
1637 1033 1734 1086 καὶ
1770 1049 1875 1102 μα-

303 1118 430 1189 κρὸν
457 1118 554 1188 μὲν
583 1118 864 1191 ὀνομάτων
885 1122 913 1174 ό
937 1121 1221 1192 προφήτης
1252 1121 1520 1176 συνετίθει
1547 1123 1871 1192 κατάλογον,

303 1209 530 1280 θηλειῶν
540 1211 594 1264 δὲ
607 1211 883 1275 παντελῶς
896 1211 1034 1284 [καὶ]
1050 1231 1116 1282 με
1125 1213 1444 1284 ιρακιώδους
1453 1215 1666 1285 ήλικίας
1677 1217 1872 1288 ἀλογή-

304 1315 402 1362 σας
421 1300 636 1369 ὁρᾶται,
655 1301 1003 1371 καταγράφει
1022 1301 1076 1354 δέ
1090 1301 1244 1371 ὄχλον
1256 1301 1347 1355 τὸν
1367 1297 1664 1374 ἡϐήσαντα.
1678 1305 1871 1375 Τίμιον

300 1389 407 1462 γὰρ
432 1391 526 1466 καὶ
555 1391 612 1444 ἐν
647 1389 837 1461 βιϐλίῳ
867 1390 1000 1445 Θεοῦ
1030 1394 1138 1446 πᾶν
1170 1394 1293 1448 ὅσον
1320 1385 1589 1466 ἀνδρῶδες
1621 1395 1719 1448 καὶ
1746 1401 1871 1452 νεα-

300 1465 492 1547 νικὸν,
527 1486 624 1535 καὶ
653 1482 714 1534 οὐ
762 1482 1022 1550 νηπιάζον
1057 1485 1138 1547 είς
1179 1483 1442 1555 φρόνησιν
1478 1485 1578 1557 τὴν
1615 1486 1703 1539 ἐπ’
1731 1487 1869 1556 ἀγα-

299 1572 433 1636 θοῖς.
481 1571 692 1636 Οὐκοῦν
747 1571 845 1626 καὶ
896 1573 1182 1645 συνήθειαν
1233 1575 1322 1628 διὰ
1363 1575 1552 1629 τούτου
1602 1579 1867 1648 τετίμηκε

300 1662 552 1734 νομικὴν,
580 1662 675 1716 καὶ
703 1661 967 1734 θεώρημά
991 1681 1044 1717 τι
1069 1665 1229 1720 πάλιν
1272 1666 1586 1722 διαπλάττει
1621 1686 1868 1740 πνευμα-

1981 491 2069 547 his
2100 495 2284 550 verbis
2306 512 2324 549 :
2362 513 2384 547 ε
2416 494 2627 552 Sumite
2675 500 3006 569 principium
3041 503 3220 558 onmis
3251 519 3554 578 congrega-

1979 581 2152 636 tionis
2189 581 2425 637 ﬁliorum
2468 585 2638 640 lsrael
2692 589 2992 642 secundum
3047 593 3420 660 cognationes,
3461 611 3552 652 se-

1977 669 2220 726 cundum
2245 671 2437 728 domos
2464 675 2767 743 patriarum
2790 692 3003 744 eorum,
3028 681 3329 736 secundum
3361 699 3555 741 nume-

1979 777 2098 816 rum
2131 778 2199 820 cx
2237 764 2462 819 nomine
2501 781 2718 833 eorum,
2761 769 3061 823 secundum
3122 784 3285 842 caput
3312 783 3500 830 eorum
3532 795 3547 831 :

1978 855 2161 910 omnis
2190 856 2473 913 masculus
2500 871 2530 910 a
2558 858 2752 928 viginti
2784 861 2943 916 annis
2972 869 3026 916 et
3056 878 3223 933 supra
3247 865 3328 933 ³²;
3363 883 3382 916 ι
3421 866 3550 922 fecit

1976 945 2242 1014 prapheta
2305 947 2452 1016 quod
2490 947 2682 1017 jussus
2714 957 2820 1017 est,
2884 952 3214 1024 longumque
3267 956 3548 1012 nominum

1974 1036 2282 1105 catalogum
2311 1036 2573 1104 instituit,
2615 1039 2668 1092 in
2695 1055 2804 1108 quo
2856 1039 3182 1096 feminarum
3216 1055 3269 1099 et
3325 1047 3547 1114 puerilis

1973 1123 2151 1176 aetatis
2184 1122 2389 1177 nullam
2424 1139 2653 1194 prorsus
2695 1127 2962 1181 rationem
3006 1129 3266 1186 habuisse
3305 1132 3545 1201 videtur,

1973 1210 2070 1266 sed
2109 1227 2206 1268 eos
2240 1220 2452 1268 tantum
2484 1224 2769 1271 enumerat
2795 1218 2889 1286 qui
2925 1219 3268 1288 pubertatem
3294 1236 3547 1278 excesse-

1971 1312 2114 1359 rant.
2147 1302 2462 1360 llonoratur
2485 1305 2628 1360 enim
2661 1307 2716 1361 in
2746 1307 2886 1362 libro
2913 1325 3131 1380 quoque
3153 1304 3248 1367 Dei
3274 1312 3543 1384 quidquid

1971 1392 2126 1447 virile
2153 1399 2208 1447 et
2263 1394 2503 1462 juvenile
2533 1403 2638 1461 est,
2669 1411 2770 1450 nec
2804 1397 2860 1450 in
2897 1399 3208 1469 cognitione
3271 1402 3542 1458 bonorum

1969 1483 2326 1540 imbecillum.
2359 1483 2529 1556 igitur
2560 1495 2613 1541 et
2652 1489 3107 1545 consuetudinem
3135 1491 3270 1562 legis
3298 1493 3388 1548 hic
3425 1509 3542 1549 ser-

1969 1575 2226 1640 vavit,et
2261 1576 2508 1646 spiritale
2555 1576 2944 1634 documentum
2997 1582 3220 1653 aliquod
3280 1585 3541 1642 instituit.

1968 1666 2166 1721 Annon
2195 1667 2366 1735 enim,
2398 1668 2443 1723 si
2471 1676 2650 1724 textus
2681 1672 2940 1740 propositi
2969 1677 3296 1730 sententiam
3319 1692 3539 1733 onmem

298 1755 469 1808 τικόν.
521 1756 592 1808 Ἦ
635 1753 744 1826 γὰρ
781 1733 900 1809 οὐκ
931 1756 1166 1825 εὐλόγως
1203 1757 1436 1830 ἐροῦμεν
1489 1762 1568 1823 εἰς
1611 1761 1738 1830 ὅλην
1762 1733 1864 1814 ττοῦ

1973 1756 2210 1826 penitius
2241 1764 2571 1824 scrutemur,
2606 1766 2752 1813 recte
2793 1760 3038 1816 dicemus
3069 1762 3345 1819 Christum
3388 1767 3540 1821 inso-

301 1845 666 1916 προκειμένου
720 1846 820 1918 τὴν
868 1847 1106 1902 διάνοιαν
1150 1847 1468 1919 βλέποντες,
1515 1851 1595 1904 ὅτι
1637 1852 1728 1906 τὸν
1767 1851 1866 1922 μὲν

302 1935 562 2008 ὑϐριστὴν
611 1938 706 1991 καὶ
739 1937 974 2002 ἀλαζόνα
1017 1939 1123 1994 τῶν
1170 1941 1438 1996 Ἰουδαίων
1480 1943 1607 1997 λαὸν
1646 1947 1739 1999 καὶ
1777 1947 1869 1999 ἐκ·

300 2030 558 2098 τρέπεται
584 2030 831 2098 δικαίως,
861 2031 955 2085 καὶ
985 2033 1384 2104 καταλιμπάνει
1419 2037 1677 2105 Χριστὸς,
1702 2054 1870 2109 προσ-

296 2119 512 2190 δέχεται
551 2120 608 2173 δὲ
659 2122 755 2174 καὶ
800 2121 922 2175 λίαν
950 2122 1122 2192 ἡδέως
1160 2125 1288 2188 τοὺς
1329 2126 1651 2196 προσιόντας
1694 2129 1863 2199 αὐτῷ,

294 2210 387 2261 καὶ
425 2210 543 2272 ταῖς
565 2209 836 2280 οὐρανίοις
879 2212 1228 2266 καταπιαίνει
1264 2219 1512 2285 τροφαῖς,
1554 2217 1719 2289 ἄρτον
1745 2220 1865 2290 ὀρέ-

292 2315 406 2366 γων
430 2300 523 2352 τὸν
565 2301 776 2370 νοητὸν,
817 2301 910 2356 τὸν
933 2302 1256 2373 στηρίζοντα
1283 2306 1510 2376 καρδίαν
1536 2307 1861 2379 ἀνθρώπους

307 2391 633 2462 ’Δποτρέφει
655 2392 714 2446 δὲ
753 2393 856 2447 οὐκ
883 2395 1156 2458 ἐπιπόνως
1180 2397 1396 2461 αὐτοὺς,
1422 2397 1538 2452 ἀλλ’
1571 2398 1772 2470 ἱλαρῶς
1804 2417 1864 2454 τε

290 2483 389 2536 καὶ
429 2483 748 2552 ἀνειμένως,
793 2487 888 2539 καὶ
933 2486 1073 2556 μετά
1126 2489 1331 2559 πολλῆς
1371 2490 1471 2560 τῆς
1513 2491 1571 2543 ἐν
1609 2491 1864 2563 εὐλαὸείᾳ

287 2573 555 2646 τέρψεως.
591 2575 762 2630 Τοῦτο
781 2577 890 2648 γὰρ
917 2579 1046 2648 ἡμῖν
1068 2580 1100 2650 ἡ
1126 2579 1218 2632 ἐπὶ
1245 2579 1324 2650 τῷ
1352 2580 1530 2652 χόρτῳ
1556 2581 1664 2633 τῶν
1692 2582 1864 2652 ὄχλων

237 2725 240 2728 ,
286 2665 614 2728 κατάκλισις
657 2667 943 2737 σημαίνει,
995 2669 1072 2732 ὡς
1129 2669 1230 2740 ήδη
1281 2671 1375 2724 καὶ
1407 2671 1606 2742 πρέπει
1649 2672 1864 2742 ἑκάστῳ

283 2756 399 2810 τῶν
431 2756 532 2827 τῆς
558 2758 818 2829 τοιαύτης
844 2757 1163 2829 ἠξιωμένων
1193 2760 1414 2832 χάριτος
1441 2761 1505 2814 τὸ
1531 2763 1589 2815 ἐν
1618 2762 1862 2832 Ψαλμοῖς

284 2848 468 2901 ἐκεῖνο
496 2847 676 2918 λέγειν
697 2865 710 2878 ·
750 2867 770 2902 ι
811 2849 1016 2923 Κύριος
1053 2852 1333 2921 ποιμαίνει
1368 2870 1460 2924 με,
1489 2853 1586 2908 καὶ
1609 2855 1760 2908 οὐδέν
1795 2872 1862 2926 με

288 2940 596 3011 ὐστερὴσει,
621 2942 702 3006 είς
723 2941 887 2996 τόπον
915 2942 1080 3013 χλόης
1133 2945 1251 2996 ἐκεῖ
1285 2961 1350 3015 με
1372 2947 1803 3016 κατεσκήνωσεν.
1836 2964 1855 2999 ι

301 3032 394 3085 Ἐν
416 3032 583 3104 πολλῇ
638 3033 747 3104 γὰρ
768 3034 959 3105 τέρψει
980 3035 1074 3088 καὶ
1099 3038 1276 3106 τρυφῇ
1305 3039 1421 3100 ταῖς
1453 3036 1540 3090 διὰ
1567 3036 1660 3090 τοῦ
1690 3035 1862 3090 Πνεύ-

288 3138 463 3190 ματος
496 3123 774 3196 χορηγίαις
806 3125 835 3176 ὁ
855 3123 963 3176 τῶν
986 3123 1157 3192 ἁγίων
1187 3125 1514 3196 ἐκτρέφεται
1548 3126 1693 3189 νοῦς,
1721 3126 1864 3180 κατὰ

280 3214 340 3266 τὸ
374 3215 668 3286 εἰρημένον
690 3217 748 3268 ἐν
770 3215 847 3286 τῷ
879 3214 1119 3286 ’ᾼσματι
1145 3216 1254 3272 τῶν
1277 3218 1558 3288 ᾀσμάτωνο
1587 3237 1606 3270 ι
1633 3219 1860 3287 Φάγετε,

281 3305 372 3357 καὶ
396 3304 576 3370 πίετε,
607 3304 702 3358 καὶ
741 3305 1066 3376 μεθύσθητε,
1107 3309 1156 3360 oi
1196 3307 1444 3380 πλησίον.
1491 3327 1509 3360 ι
1555 3308 1770 3363 Πολλῶν
1804 3310 1863 3364 δὲ

280 3397 456 3450 ὄντων
483 3397 576 3450 καὶ
624 3397 844 3468 ἀναμὶξ,
868 3397 1122 3470 καθάπερ
1155 3399 1256 3470 ήδη
1296 3401 1728 3472 προειρήκαμεν,
1754 3401 1862 3456 τῶν

280 3485 663 3557 ἀνακειμένων
698 3487 905 3559 ἀνδρῶν
933 3490 1248 3561 ἐπεμνήσθη
1283 3492 1459 3558 μόνων
1482 3532 1498 3556 ,
1543 3491 1862 3562 ἀποσιωπή-

281 3592 375 3638 σας
440 3577 705 3641 γυναῖκας
756 3577 853 3628 καὶ
891 3575 1056 3628 τέκνα
1098 3576 1384 3646 χρησίμως
1410 3577 1489 3647 τῷ
1523 3577 1858 3648 θεωρήματι.

279 3661 537 3714 Διδάσκει
558 3660 665 3732 γὰρ
688 3663 854 3732 ἡμᾶς.
881 3662 955 3725 ὡς
972 3663 1039 3716 δι’
1061 3663 1408 3732 αἰνίγματος,
1437 3664 1519 3717 ὅτι
1539 3668 1650 3727 τοῖς
1677 3664 1859 3735 ἀνδρι-

280 3746 558 3818 ζομένοις,
619 3749 699 3810 είς
741 3748 804 3800 τὸ
837 3749 1039 3817 ἀγαθὸν
1087 3749 1368 3820 δηλονότι,
1414 3750 1860 3822 πρεπωδέστερόν

281 3849 398 3899 πως
431 3833 527 3886 καὶ
565 3835 890 3907 οἰκειότερον
916 3837 948 3907 ἡ
973 3836 1124 3908 παρά
1145 3836 1237 3889 τοῦ
1266 3837 1518 3908 Σωτῆρος
1545 3838 1858 3909 χορηγηθή-

279 3941 436 3981 σεται
464 3923 660 3996 τροφὴ,
697 3925 792 3978 καὶ
825 3926 944 3997 οὐχὶ
980 3929 1092 3990 τοῖς
1122 3927 1518 3998 ἐκθηλύνεσθαι
1555 3929 1858 3998 πεφυκόσιν

278 4019 355 4078 είς
379 4017 501 4080 ἕξιν
537 4016 637 4069 οὐκ
671 4016 903 4087 ἀγαθὴν,
933 4017 1046 4070 ἀλλ’
1075 4019 1194 4070 οὐδὲ
1226 4021 1337 4081 τοῖς
1379 4019 1703 4090 νηπιὰζουσι
1737 4022 1857 4083 ταῖς

279 4104 506 4173 φρεσὶν,
548 4103 622 4165 ὡς
657 4103 744 4157 διὰ
779 4103 937 4158 τοῦτο
972 4105 1137 4176 μηδὲν
1172 4106 1410 4161 συνιέναι
1449 4106 1707 4162 δύνασθαι
1747 4108 1856 4162 τῶν

280 4190 600 4259 ἀναγκαίων
633 4191 712 4253 είς
741 4190 966 4259 γνῶσιν.

1971 1847 2168 1902 lentem
2227 1855 2282 1902 et
2341 1840 2644 1918 superbum
2701 1847 3012 1905 Judworum
3078 1855 3336 1924 populum
3389 1859 3540 1927 juste

1970 1937 2211 1991 aversari
2251 1951 2315 1990 ac
2347 1937 2629 2007 repellere,
2664 1929 2944 2009 quotquot.
2968 1950 3147 1996 autem
3184 1947 3250 1998 ad
3280 1961 3403 2001 eum
3442 1964 3536 2003 ac-

1967 2025 2168 2082 cedunt
2208 2027 2585 2085 lubentissime
2619 2033 2918 2101 suscipere,
2955 2043 3008 2089 et
3038 2037 3353 2093 ccelcstibus
3392 2041 3536 2109 sagi-

1969 2134 2098 2174 nare
2122 2120 2280 2185 cibis,
2309 2120 2539 2191 spiritali
2584 2137 2723 2192 pane
2753 2123 3022 2190 videlicet,
3052 2127 3144 2196 qui
3169 2143 3265 2182 cor
3289 2131 3528 2186 hominis

1968 2210 2278 2275 conﬁrmat,
2311 2213 2652 2281 porrecto”?
2671 2213 2781 2267 Alit
2803 2225 2982 2270 autem
3011 2231 3128 2282 eos,
3161 2234 3265 2272 non
3292 2233 3534 2289 gravate,

1966 2303 2060 2358 sed
2095 2303 2253 2357 hilari
2285 2311 2338 2357 et
2364 2301 2534 2359 ell'usa
2572 2313 2770 2372 mente,
2806 2319 2869 2360 ac
2903 2307 3070 2361 multa
3097 2324 3222 2362 cum
3257 2311 3534 2381 voluptate

1967 2391 2152 2462 pietati
2186 2391 2504 2460 conjuncta.
2551 2390 2666 2447 Hoc
2727 2395 2870 2449 enim
2931 2397 3090 2452 nobis
3125 2397 3395 2467 significat
3447 2401 3536 2456 ille

1965 2480 2247 2535 turbarum
2280 2481 2331 2533 in
2363 2479 2488 2534 leno
2522 2480 2852 2548 discubitus,
2886 2490 2945 2535 ut
2972 2481 3084 2551 jam
3116 2484 3411 2554 unicuique
3443 2501 3536 2542 eo-

1964 2585 2083 2625 rum
2119 2571 2210 2640 qui
2257 2570 2350 2624 tali
2387 2569 2563 2640 gratia
2611 2570 2797 2626 donati
2829 2571 3034 2628 fuerint
3067 2574 3200 2628 illud
3234 2575 3535 2632 Psalmistar.

1963 2660 2253 2715 dicendum
2287 2662 2397 2717 sit:
2430 2680 2448 2712 ι
2487 2662 2745 2717 Dominus
2772 2665 2948 2734 pascit
2981 2681 3088 2730 me,
3129 2675 3181 2722 et
3209 2668 3345 2722 nihil
3400 2670 3532 2724 mihi

1963 2752 2175 2815 deerit;
2207 2752 2259 2805 in
2308 2753 2428 2806 loco
2471 2768 2687 2822 pasrutc
2737 2755 2810 2808 ibi
2874 2771 2962 2810 me
2999 2758 3285 2814 collocavit
3309 2760 3376 2816 “.
3415 2779 3434 2812 ι
3476 2761 3531 2816 In

1963 2841 2129 2895 multa
2162 2843 2305 2896 enim
2336 2843 2614 2913 voluptate
2638 2853 2692 2899 et
2726 2845 2962 2913 deliciis,
3008 2849 3270 2920 largiente
3321 2850 3530 2921 Spiritu

1962 2950 2275 2993 sanctorum
2319 2955 2472 2994 mens
2507 2939 2805 3006 educatur,
2836 2940 2994 3008 juxta
3034 2941 3164 2995 illud
3198 2941 3340 3011 quod
3394 2945 3533 2998 scri-

1891 3055 1934 3114 ο
1971 3040 2121 3099 ptum
2162 3038 2248 3086 est
2279 3031 2331 3084 in
2367 3031 2595 3086 Cantico
2623 3033 2998 3087 canticorum:
3032 3053 3049 3084 ι
3077 3032 3378 3098 Comedite,
3410 3050 3535 3105 pro-

1969 3121 2120 3185 ximi,
2171 3128 2224 3174 et
2281 3121 2472 3188 bibite,
2510 3132 2564 3176 et
2622 3122 3066 3178 inebriamini”.
3117 3142 3135 3175 ι
3185 3122 3320 3176 Cum
3354 3132 3532 3178 autem

1968 3210 2123 3265 multi
2156 3212 2466 3280 promiscue
2516 3222 2760 3282 agerent,
2820 3221 2881 3266 ut
2917 3213 3028 3282 jam
3063 3214 3214 3284 prius
3273 3214 3534 3279 diximus,

1968 3299 2426 3356 discumbentium
2465 3304 2704 3355 virorum
2734 3301 3002 3356 duntaxat
3050 3303 3317 3366 meminit,
3351 3305 3538 3358 mulie-

1969 3389 2120 3444 ribus
2146 3398 2198 3444 et
2224 3391 2407 3460 pueris
2435 3391 2637 3445 utiliter
2672 3391 2739 3445 ad
2766 3401 3008 3445 nostrain
3033 3391 3339 3446 doctrinam
3366 3394 3536 3448 silen-

1970 3481 2045 3535 tio
2079 3483 2393 3551 praeteritis.
2430 3483 2596 3538 Docet
2632 3483 2830 3552 quippe
2863 3498 2962 3539 nos
3019 3493 3279 3554 tanquam
3311 3485 3364 3538 in
3395 3486 3532 3539 ami-

1965 3581 2167 3643 gmate,
2206 3573 2262 3627 in
2313 3574 2495 3629 studio
2547 3574 2677 3628 boni
2713 3574 2944 3628 viriliter
2982 3575 3271 3645 agentibus
3328 3592 3528 3630 conve-

1961 3663 2202 3720 nientius
2249 3665 2654 3735 quodammodo
2708 3673 2762 3718 et
2818 3665 2990 3734 magis
3027 3668 3244 3736 proprie
3282 3666 3462 3721 cibum
3502 3683 3533 3720 a

1961 3753 2242 3810 Salvatore
2267 3757 2669 3827 suppeditatum
2713 3757 2956 3820 iri,.non
2993 3766 3178 3811 autem
3216 3758 3282 3813 iis
3316 3759 3410 3828 qui
3445 3760 3524 3811 vi-

1965 3848 2122 3903 tiosis
2159 3848 2405 3903 moribus
2439 3848 2602 3917 282
2653 3861 2780 3903 sunt
2809 3847 3126 3914 ell‘eminati,
3177 3851 3272 3905 sed
3333 3866 3432 3905 nec
3467 3851 3534 3906 iis

1966 3940 2060 4010 qui
2109 3947 2287 3995 mente
2339 3948 2468 3994 sunt
2516 3941 2691 4009 pueri,
2747 3949 2805 3993 ut
2867 3939 3074 3994 idcirco
3131 3942 3264 3994 nihil
3341 3956 3538 4012 capere

1962 4029 2171 4099 possint
2197 4043 2384 4084 eorum
2430 4044 2552 4100 qua:
2583 4038 2713 4084 sunt
2754 4029 2821 4083 ad
2863 4031 3095 4086 salutem
3123 4033 3459 4085 necessaria.

356 4284 621 4337 Ἔλαϐεν
645 4277 758 4336 οὖν
788 4281 930 4346 τοὺς
958 4281 1174 4350 ἄρτους
1207 4287 1239 4338 ό
1269 4284 1523 4354 Ἰησοῦς,
1549 4285 1646 4338 καὶ
1677 4287 1854 4354 εὐχα-

2031 4288 2118 4353 Vl,
2149 4289 2235 4343 il.
2265 4288 2477 4357 Accepit
2523 4305 2644 4358 ergo
2670 4288 2831 4344 Jesus
2874 4305 3056 4364 plures,
3089 4299 3135 4343 et
3183 4305 3300 4342 cum
3332 4291 3532 4359 gratias

275 4370 584 4439 ριστήσας
615 4369 854 4424 διέδωκε
890 4371 1013 4436 τοῖς
1047 4373 1336 4440 μαθηταῖς
1361 4390 1372 4400 ·
1413 4377 1468 4427 οἱ
1503 4373 1571 4426 δὲ
1595 4374 1855 4442 μαθηταί

282 4463 413 4528 τοῖς
444 4459 858 4529 ἀνακειμένοις
879 4476 892 4492 ⁸
935 4462 1149 4530 ὁμοίως
1187 4463 1284 4516 καί
1315 4463 1382 4516 ἐκ
1417 4462 1534 4517 τῶν
1569 4465 1856 4534 ὀψαρίων,

284 4555 438 4607 ὅσον
464 4552 706 4621 ἤθελον.

355 4646 686 4716 Εὐχαριστεῖ
709 4643 810 4716 μὲν
842 4645 922 4706 είς
947 4643 1120 4697 τύπον
1149 4644 1434 4715 ἡμέτερον,
1468 4646 1562 4697 καὶ
1590 4645 1689 4716 τῆς
1713 4646 1861 4716 ὀφει-

284 4733 485 4804 λούσης
539 4736 672 4806 ήμῖν
725 4733 1052 4804 ἐνυπάρχειν
1127 4733 1412 4799 εὐλαϐείας
1474 4735 1856 4806 ὑπογραμμόν.

297 4825 608 4895 Ἀνατίθησι
649 4826 704 4879 δὲ
742 4825 901 4880 πάλιν
927 4867 940 4888 ,
974 4825 1050 4888 ὡς
1089 4825 1402 4898 ἄνθρωπος,
1440 4829 1505 4898 τῇ
1551 4826 1671 4899 θείᾳ
1700 4827 1860 4898 φύσει

285 4913 383 4984 τὴν
411 4915 503 4968 ἐπὶ
525 4915 604 4986 τῷ
635 4917 921 4987 παραδόξῳ
945 4915 1195 4987 δύναμιν.
1223 4917 1572 4972 Κατείθισται
1601 4918 1712 4988 γάρ
1742 4936 1860 4983 πως

275 5000 443 5065 ὀὗτος
471 5006 498 5056 ὁ
532 5004 730 5075 τρόπος
755 5005 924 5078 αὐτῷ,
951 5007 1046 5060 καὶ
1071 5006 1368 5076 ὠφελοῦντι
1400 5008 1537 5078 πρὸς
1570 5009 1860 5080 ὑπογραμ-

293 5094 394 5164 μὸν
417 5094 715 5159 εὐλαὸείας,
744 5098 991 5168 καθάπερ
1019 5098 1347 5169 εἰρήκαμεν,
1370 5099 1495 5162 τοὺς
1522 5101 1608 5169 ἐφ’
1628 5094 1708 5163 οἷς
1734 5102 1862 5154 ἀνα-

288 5183 474 5256 δειχθῇ
505 5185 611 5237 τῶν
649 5185 945 5242 καλλίστων
991 5189 1319 5261 είσηγητὴς,
1367 5190 1462 5242 καὶ
1501 5190 1861 5260 οἰκονομικῶς

291 5276 729 5348 κατακρύπτοντί
776 5297 891 5342 πως
947 5282 1006 5333 τὸ
1062 5281 1368 5352 θεοπρεπὲς
1424 5283 1681 5355 ἀξίωμα,
1732 5285 1861 5354 πρὶν

291 5369 576 5440 ἐπιστῆναι
608 5368 704 5424 τοῦ
737 5369 931 5424 παθεῖν
957 5372 1047 5425 τὸν
1071 5375 1264 5445 καιρόν
1283 5390 1296 5403 ·
1331 5370 1398 5445 ἦν
1433 5377 1540 5447 γὰρ
1569 5376 1633 5445 δὴ
1659 5375 1754 5428 καὶ
1776 5374 1862 5428 διὰ

292 5461 568 5532 φροντίδος
618 5461 765 5532 αὐτῷ
807 5462 869 5515 τὸ
906 5462 1087 5516 λαθεῖν
1137 5465 1454 5532 ἐπείγεσθαι
1501 5467 1590 5519 τὸν
1627 5466 1861 5536 ἄρχοντα

364 5635 406 5666 ²²
431 5636 590 5694 Num.
627 5656 663 5702 ι,
697 5641 748 5704 ‘2,
784 5642 834 5694 5.

1961 4383 2164 4452 egisset,
2215 4380 2484 4433 distribuit
2536 4379 2860 4449 discipulis;
2898 4381 3153 4448 discipuli
3192 4391 3367 4435 autem
3417 4384 3531 4434 dis-

1963 4470 2320 4526 cumbentibus
2358 4485 2376 4523 :
2414 4469 2660 4524 similiter
2683 4482 2730 4524 et
2771 4486 2836 4524 ex
2861 4471 3090 4539 piscibus
3121 4481 3375 4541 quantum
3399 4473 3534 4525 vole—

1966 4563 2109 4617 bant

2036 4652 2252 4708 Gratias
2283 4652 2412 4722 agit,
2439 4651 2744 4723 exemplum
2777 4651 2936 4707 nobis
2971 4650 3218 4722 praebens
3253 4650 3371 4720 ejus
3413 4666 3533 4721 qua:

1967 4743 2214 4800 in.nobis
2242 4759 2365 4800 esse
2405 4743 2564 4798 debet
2596 4745 2836 4814 pietatis.
2881 4744 3097 4798 Trihuit
3125 4751 3303 4797 autem
3342 4758 3534 4798 rursus

1968 4842 2027 4889 ut
2059 4834 2222 4889 homo
2249 4843 2457 4889 natura:
2488 4835 2690 4890 divina:
2715 4835 2965 4889 miraculi
2995 4834 3274 4890 virtutem.
3305 4832 3360 4888 ld
3389 4836 3534 4889 enim

1967 4925 2014 4980 ei
2043 4924 2311 4981 familiare
2337 4933 2423 4980 est
2453 4927 2566 4982 sive
2590 4927 2658 4980 ad
2698 4927 2918 4997 pietatis
2943 4927 3272 4996 exemplum,
3304 4934 3364 4980 ut
3392 4926 3534 4980 dixi-

1966 5031 2112 5078 mus.
2146 5030 2240 5071 eos
2269 5015 2510 5086 adjuvet,
2539 5033 2681 5087 quos
2720 5018 3002 5086 praeclaris
3034 5017 3199 5073 rebus
3231 5016 3534 5071 informan-

1965 5105 2065 5161 dos
2097 5108 2420 5178 susceperit,
2457 5109 2572 5163 sive
2601 5109 2811 5162 ratione
2843 5108 3265 5178 dispensationis
3296 5107 3534 5176 dignita-

1963 5201 2070 5249 tcm
2105 5194 2215 5248 Deo
2245 5197 2655 5251 convenientem
2690 5197 2831 5250 celet
2881 5197 3306 5267 quodammodo,
3348 5193 3529 5262 prius—

1965 5303 2125 5356 quam
2160 5287 2396 5357 paticndi
2452 5298 2666 5359 tempus
2707 5290 3026 5343 advenerit:
3076 5285 3342 5355 imprimis
3389 5283 3534 5335 enim

1967 5379 2149 5433 saeculi
2191 5378 2356 5449 hujus
2385 5380 2691 5450 principem
2730 5381 2899 5436 latere
2929 5381 3165 5435 volebat.
3195 5377 3537 5442 Quaproplel’

1968 5467 2105 5522 alias
2136 5484 2351 5539 quoque
2388 5485 2547 5525 voces
2574 5470 2892 5526 hominibus
2915 5466 3300 5523 convenientes
3335 5474 3446 5530 pra:
3478 5475 3540 5515 se

916 5640 1121 5696 “Psal.
1159 5642 1392 5708 (1111,15.
1471 5642 1678 5699 “Psal.
1723 5659 1859 5708 xm,
1894 5644 1948 5696 2.
2028 5643 2252 5699 “Cum.
2296 5664 2349 5711 ν,
2394 5649 2438 5702 l.
