4078 6262
515 317 619 375 455
1529 311 1586 365 S.
1628 304 1900 363 CYlilLLl
1943 302 2411 359 ALEXANDRINI
2463 295 2781 356 ARCI'IIEP.
3661 289 3766 344 456

516 429 639 494 fert,
673 429 766 484 sed
803 429 1005 486 animis
1044 426 1358 483 auditorum
1395 436 1618 477 rursum
1671 419 1944 485 medetur,
1993 432 2082 471 sa—

2200 417 2278 468 ιοῦ
2307 416 2504 479 αἰῶνος
2531 414 2747 467 τούτου.
2789 410 2888 463 Διά
2919 425 3001 462 τοι
3031 405 3188 460 τοῦτο
3216 406 3308 458 καὶ
3347 404 3405 458 έν
3431 404 3636 477 ἑτέροις
3668 405 3765 469 τάς

525 519 869 590 pientissime
895 518 1225 589 quandoque
1253 513 1515 577 inferens,
1547 522 1606 567 ut
1633 527 1756 565 cum
1787 510 1900 564 ait:
1940 527 1958 560 ι
1986 507 2090 561 Pa-

2200 508 2295 576 μὲν
2337 504 2644 575 ἀνθρώποις
2673 500 2990 573 πρεπούσας
3019 497 3414 568 σχηματίζεται
3454 497 3662 565 φωνὰς,
3694 497 3768 561 ὡς

519 589 624 676 ter,
643 610 846 680 gratias
878 624 980 677 ago
1007 608 1128 672 tibi,
1151 605 1413 674 quoniam
1446 603 1648 658 audisti
1669 619 1753 656 me
1774 601 1819 632 ³³
1852 619 1870 651 ›
1899 597 2092 654 Cernis

2200 598 2478 668 ἄνθρωπος
2502 613 2514 624 ο
2545 593 2842 666 θεραπεύει,
2867 593 2923 646 δὲ
2965 592 3127 646 πάλιν
3158 589 3266 643 τῶν
3290 590 3660 660 ἀκροωμένων
3676 589 3766 644 τὸν

521 711 581 756 ιιι
634 703 874 756 humano
922 715 1076 754 more
1131 700 1424 768 loquatur,
1489 696 1632 750 unde
1685 692 2090 763 simpliciorum

2200 689 2338 752 νοῦν,
2363 687 2684 756 σοφωτάτην
2715 685 2828 738 ἔσθ’
2853 685 2942 737 ὅτε
2973 682 3297 751 ποιούμενος
3316 681 3417 751 τὴν
3444 680 3764 752 ἐπαγωγὴν,

521 806 674 844 mens
707 789 917 843 turbari
962 796 1146 858 queat.
1217 788 1286 841 At
1321 801 1444 841 cum
1489 785 1593 839 hoc
1635 783 1784 838 dicat
1818 791 1877 836 ut
1909 782 2090 845 homo,

2200 783 2269 846 ὡς
2297 783 2354 834 ἐν
2377 779 2476 850 τῷ,
2499 800 2518 832 ι
2548 779 2753 848 Πάτερ,
2777 775 3088 848 εὐχαριστῶ
3109 792 3212 838 σοι,
3243 775 3326 826 ὅτι
3347 773 3587 844 ἤκουσάς
3609 790 3764 844 μου.»

519 881 946 950 dispensationis
1005 881 1272 934 rationem
1324 879 1511 934 statim
1574 877 1843 945 explicat,
1885 882 1940 929 et
1983 886 2094 944 quo

2206 874 2394 944 Ὁρᾷς,
2423 872 2582 934 ὅπως
2619 867 3095 940 ἀνθρωποπρεπὴς
3123 868 3152 920 ὁ
3176 866 3332 934 λόγος
3352 905 3366 929 ,
3398 865 3495 918 καὶ
3533 864 3635 934 τὴν
3661 865 3771 920 τῶν

521 972 754 1027 consilio
783 973 952 1026 latere
995 972 1147 1036 velit,
1182 979 1346 1040 atque
1379 971 1453 1023 ita
1493 967 1889 1037 simpliciorum
1924 965 2096 1019 imbe-

2200 963 2599 1035 ἀκεραιοτέρων
2631 961 2868 1014 διάνοιαν
2906 958 3203 1030 ὲκταρόιξαι
3250 961 3583 1028 δυνάμενος;
3629 955 3771 1010 Ἀλλ’

521 1060 705 1115 cillem
746 1061 986 1114 animum
1037 1066 1234 1113 tractat
1289 1065 1344 1113 et
1397 1058 1707 1112 confirmat.
1749 1074 1766 1106 ι
1806 1055 1916 1123 Ego
1948 1052 2092 1107 enim

2200 1054 2284 1107 ὅτε
2311 1051 2466 1104 τοῦτό
2508 1067 2694 1122 φησιν,
2728 1048 2804 1111 ὼς
2829 1047 3140 1118 ἄνθρωπος,
3174 1045 3295 1098 τότε
3323 1045 3386 1116 δὴ
3415 1044 3577 1098 πάλιν
3608 1043 3771 1108 εὐθὺς

525 1151 784 1215 sciebam,
831 1170 849 1202 ι
896 1151 1091 1220 inquit,
1127 1170 1143 1200 (
1185 1149 1312 1218 quia
1348 1163 1562 1218 semper
1621 1163 1710 1202 me
1757 1145 1917 1201 audis
1945 1145 2011 1198 ³⁷.
2070 1161 2088 1193 ι

2200 1144 2296 1214 τῆς
2324 1142 2636 1211 οἰκονομίας
2659 1139 2936 1209 ἐξηγεῖται
2961 1138 3052 1191 τὸν
3079 1137 3302 1207 τρόπον,
3329 1135 3423 1190 καὶ
3447 1136 3538 1190 τὸν
3579 1136 3673 1190 ἐπὶ
3693 1136 3770 1207 τῷ

524 1241 696 1307 Quam
757 1243 828 1296 ob
859 1258 973 1296 rem
1024 1242 1139 1295 haec
1192 1240 1376 1295 dicis?
1429 1240 1658 1309 Propter
1693 1237 2086 1294 circumfusam

2200 1233 2486 1304 βούλεσθαι
2511 1230 2795 1285 λανθάνειν
2827 1227 3050 1291 σκοπὸν,
3085 1227 3284 1300 ἄριστα
3320 1226 3386 1297 δὴ
3421 1225 3547 1278 λίαν
3573 1225 3773 1279 οίκονο⁶

522 1333 739 1385 turbam
781 1332 894 1386 haec
930 1333 1066 1398 dixi,
1106 1340 1164 1385 ut
1200 1332 1449 1393 credant,
1506 1331 1706 1400 inquit,
1745 1330 1870 1400 quia
1921 1337 1978 1382 tu
2012 1342 2098 1383 me

2202 1323 2338 1391 μῶν,
2372 1322 2466 1374 καὶ
2493 1318 2847 1389 ἀνατειχίζων
2875 1316 3319 1387 παραλελυμένον
3353 1315 3462 1367 τῶν
3483 1314 3772 1368 ἁπλουστέ-

525 1425 750 1479 misisti.
784 1424 1058 1495 Numquid
1085 1441 1216 1497 ergo
1261 1425 1388 1479 hinc
1418 1423 1769 1479 manifestum
1804 1431 1884 1477 est
1926 1422 2094 1492 quod,

2203 1430 2310 1483 ρων
2344 1412 2434 1464 τὸν
2460 1410 2606 1464 νοῦν.
2647 1429 2666 1461 ι
2709 1407 2851 1476 Ἐγὼ
2871 1408 2979 1478 γὰρ
3011 1407 3177 1478 ᾔδειν,
3210 1407 3396 1477 φησὶν,
3427 1406 3512 1460 ὅτι
3538 1405 3771 1460 πάντοτέ

525 1529 650 1568 cum
705 1516 862 1570 nobis
895 1517 1080 1571 multis
1133 1516 1313 1570 modis
1362 1503 1683 1584 opituletur,
1733 1527 1788 1568 et
1820 1515 2097 1569 occultum

2203 1521 2306 1575 μου
2336 1503 2574 1565 ἀκούεις.
2610 1518 2630 1554 ι
2663 1501 2820 1564 Τίνος
2844 1497 2938 1554 οὖν
2965 1500 3128 1553 ἓνεκα
3157 1498 3382 1553 τοιαῦτα
3419 1497 3641 1564 λαλεῖς;
3675 1497 3773 1551 Διά

525 1606 922 1663 incarnationis
955 1608 1248 1661 consilium
1290 1622 1412 1662 esse
1441 1607 1596 1671 velit,
1631 1605 1894 1659 humilius
1924 1618 2099 1674 quan-

2200 1596 2290 1649 τὸν
2332 1595 2488 1665 όχλον
2527 1595 2620 1650 τὸν
2657 1593 2998 1665 περιεστῶτα
3033 1588 3188 1646 εῐπον
3212 1632 3225 1658 ,
3272 1593 3357 1646 ἵνα
3412 1590 3770 1656 πιστεύσωσι,

525 1695 703 1766 doque
733 1695 799 1752 de
819 1712 881 1752 se
906 1696 1202 1766 loquatur?
1225 1694 1293 1750 Ut
1323 1697 1491 1764 igitur
1519 1695 1654 1750 illud
1685 1695 1783 1758 ibi,
1820 1712 1838 1745 ι
1877 1693 2099 1755 Gratias

2203 1685 2387 1754 φησιν,
2408 1687 2490 1738 ὅτι
2515 1683 2579 1737 σύ
2613 1701 2679 1754 με
2699 1683 3044 1747 ἀπέστειλας.
3071 1680 3199 1754 Ἆρ’
3223 1677 3316 1737 οὖν
3346 1682 3448 1737 οὐκ
3471 1683 3538 1736 ἂν
3564 1682 3774 1750 γένοιτο

531 1745 701 1766 --τη
738 1745 797 1752 η
819 1745 878 1752 η
907 1745 1149 1766 ατη---η
1185 1745 1197 1750 -
1233 1745 1290 1750 --
1325 1745 1483 1764 -ο-η-
1519 1745 1653 1750 -----
1685 1745 1783 1758 ---,
1890 1745 1940 1748 --
2073 1745 2099 1755 ..

527 1800 629 1857 ago
662 1786 784 1851 tibi,
815 1804 832 1836 ι
859 1788 1016 1856 juxta
1042 1787 1310 1840 rationem
1337 1785 1768 1856 dispensationis
1797 1783 2092 1854 accipitur,

2200 1745 2286 1831 διά
2316 1745 2522 1829 τούτων
2557 1745 2891 1843 καταφανὲς,
2933 1745 3019 1826 ὅτι
3057 1745 3408 1843 πολυτρόπως
3438 1745 3589 1842 ἡμᾶς
3627 1771 3772 1840 ὠφε-

528 1877 602 1931 ita
652 1878 739 1932 hic
781 1893 1002 1948 quoque
1057 1878 1378 1948 intelligitur
1434 1877 1668 1947 panibus
1723 1876 2092 1932 benedixisse.

2200 1870 2308 1924 λῶν
2326 1910 2340 1934 ,
2372 1870 2466 1922 καὶ
2508 1867 2599 1920 τὸν
2627 1865 3006 1938 κεκρυμμένον
3033 1865 3134 1936 τῆς
3170 1865 3310 1935 μετά
3339 1865 3542 1934 σαρκὸς
3567 1864 3774 1917 οίκονο-

528 1966 840 2023 Notandum
873 1985 1023 2032 vero,
1081 1983 1179 2038 pro
1209 1969 1623 2040 Εὐχαριστήσας
1654 1967 1970 2022 Matthaaum
2010 1967 2099 2024 di-

2203 1962 2351 2033 μίας,
2391 1962 2466 2024 ὼς
2499 1960 2564 2015 ἂν
2585 1959 2734 2031 αὐτῷ
2759 1959 2982 2032 πρέποι,
3007 1957 3236 2011 διανύων
3263 1955 3485 2019 σκοπὸν,
3515 1954 3773 2008 ταπεινό-

529 2057 698 2124 xisse,
727 2059 1060 2129 Εὐλογήσας,
1084 2067 1400 2114 sanctorum
1427 2067 1611 2112 tamen
1641 2059 2099 2126 evangelistarum

2200 2054 2336 2124 τερά
2369 2069 2514 2116 πως,
2556 2051 2589 2122 ἢ
2625 2052 2682 2104 ἐν
2724 2046 2806 2115 οἷς
2846 2051 2994 2102 ἐστιν
3032 2047 3248 2119 ἀληθῶς
3271 2089 3286 2114 ,
3319 2046 3432 2100 ἔσθ’
3457 2048 3548 2100 ὅτε
3583 2046 3771 2110 λαλεῖς

529 2150 822 2204 editionem
864 2165 1204 2221 nequaquam
1237 2150 1570 2220 discrepare.
1613 2150 1922 2220 Utrumque
1953 2151 2098 2206 enim

2211 2148 2298 2210 Ὠς
2328 2141 2420 2199 οὖν
2445 2146 2502 2200 ἐν
2527 2144 2720 2214 ἐκείνῳ
2739 2142 3101 2213 οἰκονομικῶς
3121 2141 3234 2206 τό,‹
3259 2140 3582 2211 Εὐχάριστῶ
3612 2157 3718 2206 σοι,
3750 2158 3769 2192 ι

531 2257 700 2296 unum
731 2251 785 2297 et
808 2243 948 2297 idem
973 2258 1096 2298 esse
1123 2241 1325 2297 Paulus
1347 2243 1610 2306 ostendit,
1641 2242 1851 2306 dicens,
1881 2257 2098 2297 omnem

2201 2236 2568 2306 λαμϐάνεται,
2612 2234 2784 2297 οὓτως
2826 2234 2920 2287 καὶ
2967 2232 3200 2286 ἐνταῦθα
3248 2232 3330 2297 τὸ,
3353 2231 3655 2303 εὐλογήσας
3683 2231 3774 2284 ἐπὶ

529 2332 714 2387 cibum
745 2347 868 2387 esse
895 2333 1117 2396 bonum,
1152 2339 1207 2386 et
1242 2331 1377 2384 nihil
1408 2345 1530 2385 esse
1554 2329 1938 2400 rejiciendum.
1962 2330 2099 2385 San-

2200 2326 2308 2381 τῶν
2353 2327 2553 2397 ἀρτων,
2579 2327 2800 2379 νοεῖται.
2850 2323 3195 2395 Σημειωτέον
3235 2322 3330 2388 δὲ,
3380 2322 3462 2376 ὅτι
3511 2323 3635 2376 ἀντὶ
3680 2321 3771 2376 τοῦ

529 2421 799 2476 ctiﬁcalur
836 2422 980 2475 enim
1013 2437 1108 2491 per
1138 2421 1365 2475 verbum
1423 2419 1522 2475 Dei
1561 2429 1617 2476 et
1674 2420 2095 2489 orationem”;

2200 2413 2634 2485 εὐχαριστήσας,
2673 2413 2735 2465 τὸ
2787 2411 3105 2481 Εὐλογήσας
3159 2411 3381 2482 εἴρηκεν
3418 2413 3447 2464 ὁ
3473 2412 3769 2474 Ματθαῖος,

531 2517 719 2584 utique
752 2529 880 2569 vero
904 2514 1246 2569 benedicitur
1274 2513 1326 2567 id
1376 2513 1522 2584 quod
1576 2528 1672 2584 per
1725 2515 2094 2584 precationem

2200 2505 2530 2575 διαφωνήσει
2569 2504 2633 2558 δέ
2669 2504 2919 2576 οὐδαμῶς
2953 2504 3062 2556 τῶν
3121 2504 3289 2572 ἁγίων
3340 2502 3634 2573 ήέκδοσις.
3677 2503 3772 2555 Ἐν

532 2605 925 2668 sanctiﬁcatur,
955 2619 1116 2674 quam
1152 2618 1316 2674 super
1351 2603 1555 2658 mensis
1602 2611 1868 2673 perpetuo
1919 2603 2098 2667 facere

2202 2599 2310 2670 γάρ
2341 2597 2612 2665 ἀποδείξει
2644 2596 2705 2651 τὸ
2729 2597 3138 2667 συναμφότερον
3175 2599 3204 2650 ὁ
3233 2595 3442 2658 Παῦλος
3471 2593 3661 2659 εἰπὼν,
3691 2595 3770 2648 ὄτι

533 2697 791 2752 solemus.
821 2696 992 2751 Porro
1027 2710 1149 2750 cum
1194 2696 1334 2750 nihil
1369 2697 1635 2749 intactum
1677 2697 2094 2765 praetermitten-

2201 2692 2311 2745 πᾶν
2343 2689 2538 2762 βρῶμα
2564 2689 2748 2753 καλὸν,
2783 2689 2878 2744 καὶ
2916 2688 3066 2742 οὐδὲν
3103 2688 3427 2759 ἀπόϐλητον.
3462 2687 3772 2756 ’Δγιάζεται

531 2789 661 2844 dum
690 2789 852 2860 283
881 2788 1038 2844 nobis
1087 2789 1159 2843 sit
1203 2786 1350 2859 quod
1397 2787 1691 2853 conducat,
1754 2787 1985 2858 agedum
2041 2788 2096 2842 in

2200 2783 2306 2853 γὰρ
2335 2781 2424 2836 διά
2452 2782 2608 2851 λόγου
2661 2781 2795 2835 Θεοῦ
2849 2781 2944 2836 καὶ
2985 2780 3276 2846 ἐντεύξεως
3317 2793 3332 2808 ⁸
3375 2779 3676 2849 εὐλογεῖται
3715 2778 3772 2832 δὲ

532 2880 776 2948 quinque
809 2894 976 2948 panes
1007 2879 1100 2949 qui
1140 2893 1309 2949 penes
1342 2875 1808 2932 adolescentulum
1835 2885 2013 2941 erant,
2044 2883 2098 2932 et

2200 2875 2420 2940 πάντως
2447 2875 2507 2929 τὸ
2545 2874 2905 2945 ἁγιαζόμενον
2937 2873 3027 2928 διά
3060 2877 3159 2946 τῆς
3188 2876 3246 2928 ἐν
3275 2872 3515 2938 ἐντεύξει
3540 2890 3772 2944 προσευ-

533 2968 588 3021 in
619 2967 756 3022 duos
783 2967 1085 3037 pisciculos
1112 2982 1282 3037 pauca
1319 2966 1564 3037 quaedam
1597 2965 1866 3021 dicamus.
1923 2965 2098 3022 Habet

2200 2969 2319 3040 χῆς,
2355 2967 2422 3038 ἣν
2447 2968 2538 3020 ἐπὶ
2563 2966 2861 3038 τραπέζαις
2888 2967 2973 3021 ἀεὶ
3001 2969 3173 3020 ποιεῖν
3208 2965 3515 3035 εἰθίσμεθα.
3557 2966 3772 3036 Ἐπειδὴ

530 3058 675 3111 enim
735 3057 999 3112 rationem
1047 3057 1339 3127 quamdam
1385 3055 1673 3126 mysticam
1736 3071 1926 3112 eorum
1979 3071 2099 3126 quae

2200 3059 2256 3112 δὲ
2313 3057 2581 3129 ἀζήτητον
2629 3057 2737 3110 τῶν
2799 3058 3188 3128 συμφερόντων
3229 3057 3381 3112 οὐδὲν
3427 3056 3774 3127 καταλιμπά-

532 3154 750 3217 reperta
780 3155 927 3212 sunt,
960 3162 1084 3202 cum
1130 3146 1249 3218 ipsa
1284 3145 1482 3210 forma,
1515 3155 1628 3199 tum
1674 3159 1958 3202 numerus.
1989 3146 2099 3201 Cur

2203 3149 2389 3204 νεσθαι
2421 3151 2643 3220 πρέπει,
2662 3150 2793 3220 φέρε
2834 3149 2897 3220 δή
2925 3167 2976 3204 τι
3006 3149 3180 3220 βραχὺ
3213 3150 3304 3202 καὶ¹
3340 3149 3420 3212 είς
3450 3149 3578 3213 τοὺς
3611 3149 3771 3202 πέντε

530 3240 698 3299 enim.
731 3239 1016 3295 studiosus
1058 3237 1241 3292 forsan
1283 3237 1427 3292 dicet
1455 3237 1676 3307 aliquis,
1723 3251 1830 3292 non
1865 3246 2099 3307 quatuor

2200 3240 2449 3311 λέγωμεν
2485 3240 2717 3310 ἄρτους,
2753 3240 2914 3310 οἵπερ
2956 3235 3098 3310 ἦσαν
3149 3239 3302 3312 παρά
3341 3240 3422 3310 τῷ
3473 3240 3767 3311 παιδαρίῳ,

532 3330 712 3401 potius
745 3343 935 3398 panes,
964 3338 1016 3383 et
1046 3337 1155 3382 tres
1183 3328 1401 3398 pisces?
1429 3328 1536 3382 Aut
1563 3343 1662 3383 cur
1692 3344 1799 3383 non
1836 3329 2095 3399 quinque,

2201 3334 2294 3386 acati.
2321 3333 2400 3395 είς
2432 3329 2502 3385 τά
2539 3331 2632 3384 δύο
2673 3330 2894 3402 ὀψάρια.
2939 3332 3110 3401 Λόγον
3153 3333 3263 3405 γάρ
3298 3332 3478 3387 ὠδίνει
3508 3331 3770 3403 μυστικδν

529 3430 584 3476 ct
628 3431 865 3491 quatuor
901 3421 1204 3490 pisciculi?
1248 3418 1392 3486 Quid
1443 3435 1572 3476 vero
1627 3420 1856 3492 cogebat
1908 3435 2098 3475 eorum

517 3519 722 3565 .notare
750 3525 1062 3575 numerum,
1106 3524 1170 3563 ac
1196 3525 1305 3563 non
1335 3509 1662 3579 simpliciter
1694 3511 1878 3580 potius
1918 3520 1972 3564 et
2005 3510 2102 3564 ab-

531 3599 708 3654 solute
736 3599 968 3663 dicebat,
1002 3613 1066 3652 ex
1097 3599 1292 3666 paucis
1322 3599 1545 3652 omnino
1580 3599 1810 3665 repertis
1850 3599 2101 3652 innume-

531 3703 648 3742 ram
679 3689 960 3741 hominum
1017 3688 1110 3756 qui
1146 3687 1518 3756 sequebantur
1571 3687 1974 3742 multitudinem
2015 3703 2098 3741 sa-

531 3778 723 3831 tiatam
750 3777 913 3831 esse?
942 3778 1010 3828 At
1055 3777 1200 3846 quod
1229 3777 1421 3832 beatus
1447 3778 1781 3848 evangelista
1806 3785 1915 3832 tam
1941 3793 2101 3832 accu-

530 3877 647 3924 rate
675 3883 738 3923 ea
774 3877 1055 3933 recenset,
1081 3868 1290 3938 aliquid
1313 3868 1473 3923 nobis
1499 3869 1849 3940 cogitandum
1878 3869 2097 3938 praebet,

529 3963 674 4029 quod
723 3961 885 4014 etiam
942 3960 1203 4031 indagare
1253 3968 1338 4016 est
1387 3961 1788 4017 necessarium.
1847 3961 2101 4033 Quinque

528 4067 660 4123 ergo
696 4067 864 4122 panes
901 4067 1027 4108 esse
1053 4053 1152 4117 ait,
1205 4067 1412 4122 eosque
1446 4053 1801 4119 hordeaceos,
1837 4055 1977 4110 duos
2007 4069 2101 4108 au-

528 4151 637 4198 tem
679 4143 997 4213 pisciculos,
1031 4144 1231 4212 quibus
1281 4143 1535 4200 Christus
1587 4144 1876 4214 diligentes
1920 4159 1980 4199 se
2012 4160 2100 4215 pa-

528 4233 725 4289 scitur.
775 4232 1040 4289 Existimo
1095 4249 1226 4290 vero
1287 4249 1410 4305 ego,
1463 4243 1686 4293 servato
1740 4235 2098 4290 nihilominus

525 4324 744 4380 erudito
795 4325 993 4396 cuique
1039 4341 1142 4381 suo
1193 4327 1426 4398 judicio,
1483 4341 1581 4395 per
1630 4327 1874 4397 quinque
1924 4343 2098 4397 panes

2199 3425 2308 3478 τῶν
2363 3423 2688 3496 ηὑρημένων
2732 3423 2863 3476 αὐτό
2909 3440 2970 3477 τε
3005 3423 3068 3477 τὸ
3109 3421 3282 3490 εἶδος,
3328 3427 3423 3480 καὶ
3473 3425 3580 3495 μὴν
3618 3425 3713 3479 καὶ
3742 3426 3770 3477 ό

2200 3515 2450 3588 ἀριθμός.
2485 3517 2584 3570 Διά
2614 3516 2668 3569 τί
2700 3515 2830 3588 γὰρ,
2862 3517 3022 3587 τυχὸν
3054 3518 3172 3587 ἐρεῖ
3204 3534 3290 3581 τις
3332 3518 3443 3572 τῶν
3473 3518 3768 3590 φιλομαθε-
3845 3515 3847 3517 ’

2202 3609 2431 3679 στέρων,
2462 3608 2583 3679 οὐχὶ¹
2615 3607 2813 3673 μᾶλλον
2841 3607 3110 3678 τέσσαρες
3141 3610 3189 3662 οἱ
3217 3609 3394 3680 ἄρτοι,
3423 3607 3518 3662 καὶ
3542 3612 3692 3681 τρεῖς
3719 3608 3769 3660 οῖ

2204 3697 2422 3769 ίχθύες;
2451 3698 2602 3751 Διατί
2633 3698 2689 3751 δὲ
2721 3697 2795 3770 μὴ
2825 3702 3007 3763 πέντε,
3036 3699 3130 3751 καὶ
3160 3698 3403 3768 τέσσαρα
3441 3697 3674 3770 etprima;
3707 3699 3772 3752 Τί

2199 3790 2256 3843 δὲ
2279 3786 2346 3862 ἦν
2381 3789 2514 3854 ὅλως
2538 3789 2599 3842 τὸ
2629 3790 2935 3858 ἀναγκάζον
2966 3789 3187 3844 καὶτῶν
3212 3790 3540 3861 ηὑρημένων
3563 3790 3773 3861 ἐξηγεῖ-

2201 3880 2326 3934 σθαι
2357 3880 2449 3934 τὸν
2480 3879 2709 3951 ἀριθμὸν
2729 3919 2742 3945 ,
2780 3881 2873 3934 καὶ
2917 3881 3036 3952 οὐχὶ
3083 3881 3286 3952 μᾶλλον
3316 3881 3684 3952 ἀπλούστερόν
3710 3899 3771 3935 τε

2201 3972 2294 4026 καὶ
2319 3969 2601 4035 ἀπολύτως
2637 3967 2790 4026 εἷπεν
2823 3972 2881 4039 ἐξ
2911 3971 3106 4041 ὀλίγων
3142 3971 3340 4043 κομιδῆ
3376 3973 3487 4027 τῶν
3524 3972 3772 4046 ηὑρημέ-

2199 4081 2304 4118 νων
2324 4062 2420 4134 τὴν
2443 4063 2751 4135 ἀμέτρητον
2769 4064 2878 4118 τῶν
2905 4063 3344 4119 ἀκολουθούντων
3362 4064 3770 4140 ἀποτετράφθαι

2199 4154 2440 4225 πληθύν;
2471 4153 2545 4208 Τὸ
2574 4154 2631 4208 δὲ
2657 4154 2779 4210 λίαν
2813 4155 3266 4226 ἐσπουδασμένως
3293 4155 3390 4210 καὶ
3415 4155 3770 4228 περὶτούτων

2200 4245 2512 4316 ἐξηγεῖσθαι
2566 4246 2658 4299 τὸν
2707 4245 2975 4318 μακάριον
3018 4245 3446 4318 εὐαγγελιστὴν,
3496 4247 3679 4301 δίδωσί
3717 4264 3768 4299 τι

2199 4339 2417 4402 πάντως
2457 4338 2658 4391 ἐννοεῖν
2682 4377 2697 4402 ,
2741 4338 2770 4391 ὃ
2812 4338 2905 4391 καὶ
2966 4338 3150 4410 ζητεῖν
3189 4339 3508 4408 ἀναγκαῖον.
3561 4339 3769 4393 Οὐκοῦν

527 4413 862 4472 hordeaceos
917 4418 1160 4488 quinque
1227 4417 1624 4488 sapientissimi
1697 4415 1863 4472 Musis
1925 4418 2094 4474 libros

2200 4437 2360 4489 πέντε
2401 4433 2498 4504 μὲν
2529 4429 2668 4487 εἷναί
2711 4450 2844 4504 φησι
2870 4435 2996 4497 τούς
3028 4435 3246 4505 ἄρτους,
3277 4435 3366 4488 καὶ
3401 4433 3562 4488 τοῦτο
3595 4433 3770 4505 κριθί-

525 4505 799 4574 denotari,
833 4507 937 4562 hoc
983 4516 1071 4563 est
1120 4508 1431 4563 universam
1487 4508 1684 4578 legem,
1731 4515 1921 4577 utpote
1974 4524 2094 4578 qum

2200 4542 2323 4588 νους
2345 4564 2359 4589 ,
2393 4523 2486 4578 δύο
2521 4523 2580 4577 δὲ
2611 4523 2679 4576 τά
2704 4523 2904 4594 ὀψάρια
2931 4563 2946 4588 ,
2997 4525 3092 4580 καὶ
3121 4526 3207 4580 διὰ
3233 4525 3434 4578 τούτων
3471 4525 3768 4598 ἀποτρέψει

527 4611 622 4664 per
640 4597 877 4652 litteram
901 4605 955 4654 et
979 4598 1301 4654 historicum
1319 4613 1542 4655 sensum
1560 4597 1887 4653 crassiorem
1910 4613 2091 4670 quem-

2200 4614 2434 4684 Χριστὸς
2461 4613 2585 4676 τοὺς
2607 4612 2933 4681 ἀγαπῶντας
2960 4615 3139 4669 αὐτόν.
3165 4611 3328 4686 Οἶμαι
3356 4616 3412 4670 δὲ
3435 4613 3610 4684 ἔγωγε
3623 4597 3644 4645 θ’
3676 4616 3766 4668 καὶ

525 4685 650 4740 dam
677 4689 859 4743 cibum
893 4688 1080 4745 infert.
1106 4687 1222 4744 Hoc
1244 4689 1386 4745 enim
1411 4705 1479 4744 ex
1504 4704 1570 4744 eo
1587 4687 1926 4760 signiﬁcatur
1946 4689 2091 4760 quod

2200 4699 2472 4758 σκοπείτω
2497 4704 2559 4756 τὸ
2591 4705 2836 4774 κρεῖττον
2867 4705 2896 4756 ὁ
2928 4685 3269 4776 φιλομαθής·
3313 4706 3396 4760 ὅτι
3419 4706 3507 4760 διά
3540 4706 3639 4776 μὲν
3662 4706 3768 4758 τῶν

525 4785 712 4831 essent
736 4779 1045 4835 hordeacei.
1065 4777 1169 4835 Per
1193 4779 1490 4850 pisciculos
1514 4787 1720 4844 autem,
1750 4779 2088 4850 piscatorum

2200 4796 2357 4848 πέντε
2389 4795 2569 4866 ἄρτων
2599 4793 2707 4849 τῶν
2743 4796 2997 4868 κριθίνων
3018 4837 3032 4863 ,
3050 4799 3110 4852 τὸ
3140 4800 3478 4870 πενταμερὲς
3504 4799 3598 4853 τοῦ
3634 4817 3768 4854 παν-

526 4865 732 4932 cibum,
766 4869 869 4922 hoc
892 4876 993 4934 est,
1023 4870 1345 4925 delicatiora
1370 4871 1462 4924 illa
1487 4869 1790 4927 Salvatoris
1827 4873 2089 4928 doctrinae

2200 4886 2361 4956 σόφου
2393 4865 2638 4950 Μωσέως
2657 4865 2861 4957 βιϐλίον
2893 4888 3236 4959 σημαίνεται,
3267 4865 3515 4944 τουτέστι
3545 4891 3767 4960 σύμπας

527 4955 769 5024 scripta:
804 4956 942 5010 duos
974 4966 1152 5013 autem
1175 4975 1298 5014 cum
1329 4962 1429 5026 ait,
1455 4963 1812 5032 apostolicam
1849 4972 1904 5020 et
1931 4979 2091 5020 evan-

2200 4975 2222 5026 ὐ
2260 4955 2459 5044 νόμος,
2513 4955 2824 5047 παχυτέραν
2877 4955 3064 5048 ὥσπερ
3105 4955 3373 5051 εἰσφέρων
3412 4979 3513 5051 τὴν
3548 4955 3636 5032 διά
3671 4978 3765 5032 τοῦ

526 5045 754 5115 gelicam
779 5046 832 5100 in
861 5049 1019 5104 nobis
1043 5051 1484 5119 praedicationem
1507 5052 1767 5124 effulgere
1794 5055 2068 5124 signiﬁcat

2200 5063 2518 5134 γράμματος
2566 5063 2660 5116 καὶ
2709 5045 2808 5134 τῆς
2875 5045 3112 5136 ἱστορίας
3165 5045 3404 5138 τροξρήν·
3441 5045 3603 5122 τοῦτο
3660 5067 3768 5139 γὰρ

530 5134 774 5206 Utraque
821 5137 964 5192 enim
1014 5139 1130 5192 haec
1164 5149 1292 5194 sunt
1347 5143 1682 5210 piscatorum
1737 5143 1981 5208 inventa,
2037 5153 2092 5202 et

2200 5155 2468 5225 ὐποδηλοῖ,
2500 5156 2561 5209 τὸ
2591 5155 2698 5210 ἀπὸ
2731 5155 2924 5227 κριθῆς
2948 5173 2962 5188 °
2994 5134 3082 5212 διὰ
3113 5158 3171 5213 δὲ
3203 5134 3587 5232 των-ὀψαρίων
3611 5161 3644 5231 ἡ
3672 5134 3765 5214 *διά

522 5231 799 5301 Spiritales
847 5231 993 5288 libri.
1050 5231 1288 5288 Miscens
1344 5236 1531 5305 itaque
1603 5238 1885 5294 veteribus
1949 5255 2088 5296 nova

2200 5245 2299 5300 τῶν
2346 5247 2538 5301 ἀλιέων
2581 5249 2790 5319 τροφὴ,
2833 5251 3078 5305 τουτέστι
3135 5251 3205 5305 τά
3231 5251 3627 5324 τρυφερώτατα
3657 5251 3762 5304 τῶν

524 5321 794 5390 Salvator,
829 5338 924 5394 per
963 5324 1133 5395 legem
1163 5333 1216 5379 et
1244 5324 1381 5381 Novi
1405 5326 1742 5384 Testamenti
1775 5329 2080 5388 doctrinam

2200 5338 2282 5393 τοῦ
2331 5339 2580 5410 Σωτῆρος
2623 5340 2962 5412 μαθημάτων
3019 5321 3430 5414 συγγράμματα
3459 5360 3473 5375 ·
3527 5345 3624 5399 καὶ
3672 5343 3764 5396 δύο

523 5413 760 5470 ﬁdelium
801 5415 1013 5472 animas
1061 5416 1231 5470 nutrit
1266 5417 1334 5471 ad
1373 5418 1560 5483 vitam,
1616 5420 1870 5476 nimirum
1927 5433 2083 5478 arter-

2200 5429 2364 5486 εαύτά
2387 5447 2571 5501 φησιν,
2616 5433 2971 5487 ἁποστολικὸν
3015 5436 3072 5488 ἐν
3105 5413 3251 5507 ἡμῖν
3279 5413 3375 5490 καὶ
3411 5436 3762 5505 εὐαγγελικὺν

521 5519 668 5559 nam.
701 5507 855 5573 Quod
887 5518 1067 5563 autem
1095 5507 1352 5580 discipuli
1391 5512 1693 5580 piscatores
1728 5523 1932 5581 essent,
1975 5517 2080 5570 uti-

2200 5521 2480 5594 διαλάμπει
2523 5525 2806 5596 κήρυγμα.
2855 5527 3057 5598 Ἀμφω
3094 5530 3150 5584 δὲ
3203 5531 3374 5585 ταῦτα
3419 5531 3528 5586 τῶν
3568 5527 3761 5584 ἀλιέων

593 5677 814 5732 "Joan.
849 5697 920 5745 xl,
949 5683 1036 5737 Η.
1128 5683 1171 5715 ⁸⁷
1216 5681 1346 5742 ibid.
1386 5685 1467 5739 4-2.
1550 5686 1892 5745 "lTimO'h.
1931 5707 2002 5758 iv,
2040 5693 2094 5748 5.
