4078 6262
557 368 658 423 459

1545 359 1897 418 S.CYRILLI
1940 354 2405 414 ALBXANDIthl
2436 357 2755 417 ARCIIIEP.

3689 354 3788 412 460

549 482 621 537 sit
658 482 774 535 tui-:
798 481 851 534 in
882 478 1096 535 inferno
1117 486 1320 543 autem,
1345 478 1468 547 quis
1488 478 1841 535 conﬁtebitur
1865 478 1960 533 tibi
1986 476 2068 529 “?
2091 495 2110 529 ο

2216 476 2548 551 ἐπιδεομένῳ
2600 481 2658 533 ἐν
2698 480 2800 533 σοί.
2848 497 2867 532 ι
2920 477 3058 531 Πότε
3110 474 3218 545 γάρ
3269 472 3518 545 ἐλεήμων
3559 473 3784 547 όιρθήσῃ,

547 571 711 642 285
736 570 871 636 Quis
893 570 1037 623 enim
1066 576 1410 621 mortuorum
1446 567 1659 623 fructus
1691 567 1818 631 erit,
1847 573 1942 619 aut
1974 578 2115 633 quo-

548 663 712 716 modo
740 659 1051 715 meminerit
1081 657 1172 713 Dei
1198 666 1468 728 praecepta
1493 658 1613 726 ejus
1638 655 1934 727 implendo,
1960 654 2117 726 quis-

545 754 670 823 quis
702 754 755 806 in
805 750 1082 805 infernum
1124 749 1516 804 descenderit?
1555 769 1572 800 ι
1626 747 1917 803 Conclusit
1965 746 2115 800 enim

549 848 691 901 lh~us
743 861 911 916 super
948 860 1096 909 etiin,
1158 862 1176 893 ι
1216 852 1273 897 ut
1332 843 1597 913 scriptum
1642 841 1813 896 est“.
1878 839 2118 909 Ideoque

544 937 989 1006 sapientissimus
1025 937 1112 990 ille
1143 934 1347 989 Paulus
1376 948 1475 988 nos
1507 931 1807 987 erudiebat
1868 931 2117 987 scribens

545 1030 632 1084 his
675 1029 896 1084 verbis:
947 1047 965 1079 ι
1010 1026 1143 1081 Dum
1206 1034 1423 1095 tempus
1478 1024 1763 1087 habemus,
1821 1034 2118 1091 operemur

544 1120 745 1173 bonum
770 1121 877 1173 “.a
905 1118 969 1173 Et
998 1120 1112 1173 haec
1145 1116 1390 1187 quidem,
1414 1114 1557 1185 quod
1591 1114 1656 1169 ad
1687 1129 1908 1167 sensum
1945 1112 2118 1167 histo-

546 1209 719 1261 ricum
767 1207 983 1272 attinet,
1024 1207 1236 1261 utiliter
1268 1206 1376 1260 diei
1412 1211 1689 1274 poterunt.
1725 1200 1928 1257 Verum
1989 1215 2115 1256 eum

544 1301 757 1354 ratione
790 1300 964 1369 magis
1016 1299 1248 1368 spiritali
1299 1296 1665 1367 intelligentes
1692 1310 1756 1349 ea
1815 1309 1935 1364 qua:
1969 1292 2116 1347 dicta

544 1400 700 1457 sunt,
732 1404 835 1445 nec
853 1391 998 1444 enim
1028 1390 1185 1444 aliter
1223 1387 1424 1441 factum
1453 1385 1716 1455 oportuit,
1748 1399 1843 1453 per
1871 1382 2117 1453 quinque

544 1483 879 1537 hordeaceus
907 1497 1076 1551 panes
1122 1479 1288 1535 Mosis
1329 1476 1787 1541 Pentateuchum,
1828 1490 1924 1546 per
1973 1474 2115 1529 duos

543 1583 721 1628 autem
757 1573 1052 1642 pisciculos
1079 1569 1347 1640 sapientia
1386 1576 1701 1623 sanctorum
1737 1562 2113 1633 apostolorum

543 1666 754 1735 scripta
786 1663 1084 1734 signiﬁcari
1130 1662 1457 1726 dixerimus,
1499 1659 1782 1729 mysticam
1819 1672 2011 1712 rursus
2051 1670 2115 1709 ac

544 1756 847 1827 spiritalem
877 1755 1168 1824 quamdam
1195 1752 1632 1807 observationem
1671 1750 1756 1803 his
1787 1765 1908 1819 qua:
1959 1751 2113 1817 prius

539 1851 833 1903 retulimus
883 1854 1307 1913 consentaneum
1346 1841 1764 1914 excogitandam
1809 1856 1931 1897 esse
1958 1849 2110 1911 puto.

540 1941 714 2010 igitur
763 1939 932 2009 jussit
980 1937 1201 2008 quidem
1243 1934 1496 1991 Salvator
1550 1935 1740 1990 turbas
1777 1934 2115 2001 recumbere,

544 2040 598 2086 ct
647 2045 769 2085 cum
829 2044 1000 2100 panes
1043 2027 1410 2083 benedixisset
1457 2035 1510 2080 et
1556 2026 1886 2096 pisciculos,
1943 2040 2117 2095 appo-

2222 569 2458 639 σκληρὸς
2478 569 2760 641 διαμείνας
2786 570 2877 624 τὸν
2908 571 2965 623 ἐν
2992 567 3127 638 τῷδε
3153 565 3228 637 τῷ
3253 565 3353 636 βίῳ
3387 565 3576 636 χρόνον
3599 581 3614 629 ;
3664 567 3792 619 Πότε

2219 658 2275 710 δέ
2321 657 2632 728 πληρώσεις
2682 658 2781 729 τὴν
2816 657 3073 729 ἐντολὴν,
3109 656 3200 709 τὸν
3238 653 3333 708 τοῦ
3378 653 3640 707 δύνασθαι
3667 654 3790 726 δρᾷν

2218 751 2468 821 ἐνεργείᾳ
2510 751 2882 820 παριππεύειν
2926 748 3237 819 ἐπιτρέπων
3270 748 3496 819 καιρόν,
3545 745 3794 817 Μέμνησο

2218 843 2465 911 λέγοντος
2487 842 2580 895 τοῦ
2603 841 2861 912 Μελῳδοῦ
2878 858 2894 875 ’
2923 862 2941 893 ι
2967 841 3089 894 ’Ότι
3112 841 3212 893 οὐκ
3234 838 3379 891 ἐστιν
3400 841 3456 890 ἐν
3486 837 3565 908 τῷ
3584 837 3790 906 θανάτῳ

2217 937 2246 988 6
2276 934 2629 1005 μνημονεύων
2670 951 2784 995 σου,
2816 935 2873 986 ἐν
2907 934 2964 987 δέ
2997 932 3075 1003 τῷ
3103 931 3201 1002 ᾄδῃ
3231 930 3316 993 τίς
3347 928 3792 1000 ἐξομολογήσεταί

2220 1042 2329 1092 σοι;
2382 1044 2400 1077 ι
2430 1026 2585 1088 ΙΙοῖος
2607 1024 2715 1095 γὰρ
2741 1024 2821 1077 ἐτι
2862 1023 2971 1078 τῶν
3005 1022 3214 1093 νεκρῶν
3263 1023 3291 1075 6
3318 1021 3550 1090 καρπὸς,
3606 1022 3640 1091 ἦ
3683 1021 3791 1085 πῶς

2218 1115 2297 1170 ἔτι
2314 1114 2655 1186 μεμνήσεταί
2680 1132 2762 1177 τις
2781 1112 2915 1167 Θεοῦ
2939 1112 3026 1166 διὰ
3044 1110 3136 1164 τοῦ
3159 1109 3397 1182 πληροῦν
3427 1110 3669 1181 ἐντολὴν,
3696 1111 3794 1164 τῶν

2223 1210 2282 1263 ἐν
2358 1207 2459 1280 [αι.
2507 1206 2610 1279 είςῖ
2663 1207 2792 1278 ᾅδου
2862 1204 3357 1275 καταϐεϐηκότων;
3400 1218 3425 1254 r
3486 1203 3792 1255 Συνέκλεισε

2216 1300 2325 1370 γὰρ
2362 1302 2390 1355 6
2417 1299 2547 1362 Θεὸς
2562 1300 2681 1353 κατ’
2702 1297 2888 1361 αὐτοῦ,
2927 1316 2945 1349 ›
2978 1296 3118 1350 κατά
3150 1295 3212 1349 τὸ
3239 1295 3646 1367 γεγραμμένον.
3676 1294 3793 1347 Διάο
3817 1356 3824 1370 Ι

2216 1411 2299 1448 τοι
2330 1393 2509 1459 τοῦτο,
2535 1392 2630 1446 καὶ
2669 1392 2697 1443 6
2747 1387 3057 1457 σοφώτατος
3090 1388 3238 1458 ἡμᾶς
3261 1386 3515 1440 ἐπαίδευε
3545 1384 3752 1448 Παῦλος
3777 1402 3789 1416 ·

2224 1485 2400 1546 ιἝως
2419 1450 2608 1553 καίρὸν
2632 1450 2849 1551 ἔχομεν’,
2883 1450 3247 1550 ἐργαζώμεθα
3277 1478 3340 1530 τὸ
3372 1475 3599 1544 ἀγαθὸν,
3631 1494 3652 1527 ι
3679 1450 3821 1529 ἐπι-ῐ

2220 1574 2451 1629 στέλλων
2474 1573 2604 1626 τισί.
2641 1572 2750 1627 Καὶ
2765 1570 2937 1626 ταῦτα
2969 1571 3067 1641 μέν
3091 1571 3221 1639 ἡμῖν
3247 1570 3325 1631 είς
3351 1567 3411 1621 τὸ
3432 1570 3496 1620 ἐκ
3529 1568 3627 1637 τῆς
3660 1569 3793 1620 ἱστο-

2221 1669 2341 1739 ρίας
2367 1667 2640 1732 λελέξεται
2677 1667 2967 1737 χρήσιμον.
3021 1662 3240 1732 Ἐπειδὴ
3280 1662 3336 1715 δὲ
3358 1659 3795 1731 πνευματικώτε-

2221 1775 2312 1830 ρον
2343 1756 2778 1826 ἐκλαμϐάνοντες
2799 1754 2869 1807 τὰ
2890 1753 3157 1824 εἰρημένα
3183 1792 3197 1817 ,
3230 1751 3368 1822 χρῆν
3392 1750 3504 1821 γὰρ
3525 1750 3690 1816 οὕτω,
3710 1752 3795 1803 καὶ

2216 1850 2316 1919 οὐχ
2340 1848 2574 1919 ἐτέρως,
2613 1845 2700 1900 διὰ
2742 1844 2839 1917 μέν
2862 1844 2971 1897 τῶν
2992 1842 3154 1897 πέντε
3197 1841 3457 1913 κριθίνων
3492 1841 3553 1893 τὸ
3577 1843 3795 1894 Μωσαῖ-

2217 1940 2313 1995 κὺν
2350 1939 2562 2008 ἔφημεν
2592 1933 2992 2007 ὑποδηλοῦσθαι
3039 1932 3262 2004 βιϐλίον,
3296 1931 3385 1985 διὰ
3413 1931 3471 1984 δὲ
3513 1932 3629 1983 τοῖν
3656 1931 3795 1983 δυοῖν

2216 2031 2482 2102 ὀψαρίοιν,
2513 2030 2581 2083 τὰ
2609 2027 2747 2098 σοφά
2780 2026 2889 2081 τῶν
2939 2026 3110 2095 ἁγίων
3154 2024 3469 2078 ἀποστόλων
3512 2024 3795 2094 συγγράμο

532 2123 684 2188 suit,
732 2121 1123 2190 discipulorum
1182 2134 1376 2189 nempe
1438 2118 1766 2173 ministerio.
1810 2115 2112 2185 Postquam

2220 2136 2386 2192 ματα·
2437 2121 2635 2193 χρῆναι
2672 2118 2834 2173 πάλιν
2867 2116 3260 2187 ὑπολαμϐάνω,
3306 2116 3400 2169 καὶ
3423 2116 3519 2168 ἐπὶ
3561 2115 3662 2185 τῆς
3695 2112 3795 2167 τῶν

546 2219 724 2267 autem
778 2210 1099 2265 mirabiliter
1132 2208 1362 2263 saturati
1416 2214 1545 2263 sunt
1588 2208 1683 2277 qui
1740 2207 2112 2270 comederant,

2216 2212 2482 2282 λειψάνων
2540 2211 2826 2281 συλλογῆς,
2883 2208 3148 2280 μυστικόν
3189 2226 3242 2261 τι
3283 2208 3379 2261 καὶ
3425 2206 3794 2276 πνευματικὸν

544 2304 801 2375 colligere
828 2302 984 2373 jubet
1030 2317 1152 2373 qua:
1190 2308 1533 2370 supererant,
1588 2306 1644 2353 et
1682 2298 1979 2367 implentur
2018 2311 2112 2351 co-

2216 2303 2502 2374 ἐπινοῆσαι
2560 2302 2846 2373 θεώρημα,
2902 2305 2970 2373 τῇ
3021 2302 3131 2355 τῶν
3164 2302 3473 2371 εἰρημένων
3507 2297 3796 2369 ἀκολουθίᾳ

545 2393 696 2462 phini
723 2391 1037 2458 duodecim,
1064 2391 1322 2462 singulis,
1356 2398 1415 2445 ut
1441 2388 1707 2445 credibile
1732 2398 1838 2453 est,
1871 2387 2112 2458 discipu-

2219 2395 2531 2467 συντρέχον.
2567 2392 2778 2445 Οὐκοῦν
2811 2390 3035 2445 ἐκέλευε
3067 2391 3166 2461 μὲν
3199 2393 3228 2444 6
3254 2389 3442 2463 Σωτὴρ
3472 2389 3795 2444 ἀναπίπτειν

543 2486 610 2540 lis
643 2499 825 2539 unus:
881 2483 1106 2539 totidem
1146 2483 1291 2537 enim
1344 2482 1447 2551 ipsi
1481 2495 1700 2551 quoque
1745 2488 1918 2534 erant.
1976 2478 2112 2544 Quid

2221 2486 2320 2556 μὲν
2349 2485 2474 2546 τοὺς
2518 2481 2728 2553 δχλους,
2766 2482 3067 2551 εὐλογήσας
3095 2481 3154 2534 δέ
3197 2481 3325 2543 τοὺς
3361 2479 3579 2551 ἄρτους,
3609 2478 3707 2533 καὶ
3729 2479 3795 2531 τά

542 2590 672 2645 ergo
699 2574 829 2627 hinc
856 2573 1244 2643 intelligemus,
1269 2572 1374 2626 nisi
1405 2571 1549 2641 quod
1575 2570 1832 2625 dominus
1868 2568 2108 2623 convivii

2216 2576 2419 2646 ὀψάρια
2457 2574 2759 2649 παρετίθει,
2796 2573 2885 2629 διά
2913 2574 3014 2643 τῆς
3042 2573 3150 2651 τῶν
3190 2572 3447 2643 μαθητῶν
3497 2571 3794 2643 ὑπουργίας

544 2665 782 2719 ﬁdelium
813 2664 1071 2718 Christus
1096 2672 1202 2729 est,
1233 2672 1285 2716 et
1316 2662 1408 2731 qui
1451 2660 1518 2715 ad
1561 2676 1687 2716 eum
1730 2660 2002 2715 accedunt
2030 2659 2112 2712 di-

2216 2666 2440 2739 δηλαδή.
2504 2666 2720 2737 Ἐπειδὴ
2762 2666 2819 2719 δέ
2862 2664 3341 2735 κατεκορέσθησαν
3384 2662 3705 2733 παραδόξως
3745 2663 3794 2714 oi

543 2754 686 2809 vinis
716 2768 780 2807 ac
811 2754 1128 2809 cmlcstihus
1175 2752 1443 2807 doctrinis
1486 2752 1604 2817 alit,
1648 2766 1773 2804 cum
1826 2749 2112 2820 legalibus,

2218 2758 2576 2830 βεϐρωκότες,
2626 2757 2905 2825 συλλέγειν
2969 2756 3247 2813 ἐπιτάττει
3292 2754 3362 2808 τά
3406 2754 3651 2823 λείψανα,
3702 2752 3796 2805 καὶ

542 2854 672 2901 ιιιιη.
695 2845 1025 2915 evangelicis
1048 2854 1102 2900 et
1130 2842 1448 2914 apostolicis
1475 2861 1489 2898 ι
1522 2841 1616 2897 sed
1648 2856 1757 2896 non
1782 2841 1972 2909 utique
2000 2840 2112 2909 ipse

2217 2848 2548 2921 πληροῦνται
2565 2849 2775 2918 κόφινοι
2798 2847 3027 2911 δώδεκα,
3054 2842 3135 2909 εἷς
3151 2846 3367 2916 ἑκάστῳ
3380 2844 3490 2898 τῶν
3516 2843 3793 2914 μαθητῶν,

541 2953 638 3009 per
668 2952 728 2992 se
759 2937 812 2991 id
842 2935 1025 2991 facere
1054 2936 1288 2997 videtur,
1322 2934 1417 2991 sed
1451 2933 1712 3003 discipuli
1744 2932 1977 3004 gratiam
2013 2945 2112 2986 no-

2216 2941 2359 2994 κατά
2383 2940 2445 2993 τὸ
2469 2939 2617 3002 εἰκός
2643 2956 2654 2969 ·
2679 2935 2820 3010 ἦσαν
2853 2938 2960 3008 γάρ
2994 2937 3238 2991 τοσοῦτοι
3265 2937 3358 2989 καὶ
3387 2935 3567 2990 αὐτοί.
3611 2934 3676 2986 Τί
3702 2931 3797 2987 οὐν

541 3029 625 3084 bis
681 3042 977 3109 supernam
1016 3026 1367 3081 ministrant:
1404 3044 1422 3077 ι
1467 3023 1780 3080 Nonenim
1818 3028 1948 3078 sunt
2008 3021 2111 3091 ipsi

2216 3033 2399 3103 ἕτερον
2433 3030 2682 3085 ἐντεῦθεν
2722 3030 3116 3099 ὐπονοήσομεν,
3148 3029 3181 3100 ἢ
3217 3029 3438 3090 πάντως
3465 3027 3666 3088 ἐκεῖνο,
3703 3024 3796 3077 καὶ

538 3120 634 3190 qui
674 3121 992 3189 loquuntur,
1026 3136 1044 3169 ι
1083 3125 1145 3172 ut
1194 3118 1463 3188 scriptum
1522 3123 1628 3184 est,
1682 3136 1701 3168 ‹
1739 3115 1835 3172 sed
1876 3114 2112 3186 Spiritus

2216 3127 2312 3179 οὐκ
2330 3123 2699 3195 ἐψευσμένως,
2716 3122 2797 3175 ὅτι
2816 3121 3271 3192 πανηγυριάρχης
3292 3120 3389 3191 μὲν
3416 3118 3526 3173 τῶν
3542 3119 3628 3170 ἐπ’
3648 3116 3798 3187 αὐτῷ

537 3210 737 3276 Patris,
770 3210 864 3280 qui
897 3208 1138 3279 loquitur
1176 3207 1231 3262 in
1261 3208 1395 3276 ipsis
1416 3206 1487 3261 ".
1528 3225 1548 3258 ι
1596 3208 1668 3261 At
1706 3208 1957 3263 mercede
2000 3222 2111 3262 non

2220 3215 2582 3270 πιστευόντων
2610 3212 2760 3266 ἐστὶν
2804 3214 2833 3265 6
2869 3212 3124 3282 Χριστὸς,
3168 3211 3262 3264 καὶ
3294 3210 3419 3273 τοὺς
3456 3208 3593 3279 πρὸς
3636 3205 3797 3260 αὐτὸν

522 3302 746 3358 carebit
769 3312 1084 3358 sanctorum
1107 3300 1482 3372 apostolorum
1509 3300 1614 3356 iste
1638 3299 1811 3355 labor.
1829 3299 1959 3353 Nam
1984 3314 2110 3354 cum

2221 3308 2395 3370 ἰόντας
2420 3305 2714 3375 ἀποτρέφει
2752 3306 2862 3368 τοῖς
2902 3303 3066 3366 θείοις
3100 3320 3157 3355 τε
3188 3303 3282 3356 καὶ
3313 3300 3604 3373 οὐρανίοις,
3639 3298 3799 3369 δῆλον

536 3395 815 3464 Spiritales
862 3393 1022 3451 nobis
1060 3408 1220 3449 escas
1269 3393 1650 3463 apposuerint,
1707 3400 1762 3446 et
1815 3398 2039 3461 accepta
2080 3404 2110 3444 a

2216 3400 2299 3452 ὅτι
2321 3397 2626 3469 μαθήμασι,
2652 3397 2894 3467 νομικοῖς
2918 3412 2979 3448 τε
2997 3395 3092 3448 καὶ⁴
3117 3395 3490 3465 προφητικοίς,
3516 3390 3799 3459 εὐαγγελι-

539 3486 831 3563 Scrvatore
875 3485 1016 3537 bona
1069 3483 1527 3548 ministraverint,
1568 3483 1902 3538 uberrimam
1945 3483 2110 3536 retri-

2219 3492 2335 3550 κοῖς
2359 3506 2418 3541 τε
2442 3488 2537 3541 καὶ
2573 3486 2948 3549 ἀποστολικοῖς
2965 3502 2980 3517 ·
3001 3485 3115 3538 ἀλλ’
3138 3485 3200 3539 οὐ
3241 3484 3456 3548 πάντως
3479 3484 3642 3547 αὐτὸς
3667 3484 3799 3553 ὁρᾶ-

536 3577 816 3631 butionem
843 3574 1138 3643 accipient,
1167 3582 1220 3628 et
1264 3574 1637 3643 plenissimam
1672 3589 1703 3627 a
1735 3574 1845 3629 Deo
1883 3575 2108 3628 muniti-

2216 3598 2304 3633 ται
2350 3579 2562 3654 ,τούτων
2621 3580 2647 3632 6
2702 3577 3019 3648 αὐτουργὸς,
3063 3576 3370 3630 διακονοῦσι
3411 3575 3468 3653 δὲ
3524 3577 3658 3647 ἡμῖν
3695 3575 3799 3644 τὴν

535 3668 730 3722 centius
758 3666 990 3737 gratiam
1017 3672 1445 3733 consequentur.
1488 3663 1547 3717 1d
1577 3666 1723 3718 enim
1752 3680 1818 3719 ex
1849 3680 1916 3719 eo
1939 3666 2109 3735 signi-

2216 3651 2412 3725 ivmﬁsv
2437 3671 2595 3741 χάριν
2644 3670 2693 3721 οἱ
2737 3647 2979 3739 μαθηταί
3000 3684 3011 3697 '
3043 3686 3062 3719 ‹
3106 3668 3273 3720 Αὐτοὶ
3298 3667 3406 3736 γὰρ
3426 3647 3538 3721 οὐκ
3566 3668 3709 3720 εἰσιν
3742 3666 3795 3718 οἱ

538 3758 690 3813 ﬁcari
720 3765 876 3828 puto,
917 3754 1063 3824 quod
1097 3766 1220 3824 post
1246 3753 1462 3809 labores
1484 3763 1538 3808 ct
1566 3754 1934 3817 ministerium
1975 3771 2110 3810 con-

2216 3762 2548 3830 λαλοῦντες,ι
2580 3761 2725 3815 κατά
2750 3760 2811 3813 τὸ
2838 3758 3149 3831 εἰρημένον,
3176 3757 3342 3811 «ἀλλὰ
3369 3758 3428 3811 τὸ
3455 3756 3679 3827 Πνεῦμα
3701 3755 3797 3809 τοῦ

535 3850 677 3907 vivis
706 3847 1035 3913 exhibitum,
1060 3844 1493 3915 fragmentorum
1518 3844 1791 3913 cophinus
1814 3848 2110 3918 unicuique

2216 3853 2421 3925 Πατρδς
2445 3853 2505 3907 τὸ
2531 3849 2725 3906 λαλοῦν
2753 3852 2810 3903 ἐν
2840 3850 3042 3914 αὐτοῖς.
3071 3868 3090 3901 ι
3134 3848 3271 3902 Ἀλλ’
3305 3849 3406 3902 οὐκ
3451 3847 3645 3918 ἀμισθὶ
3686 3850 3799 3909 τοίς

536 3940 793 3998 mandato
826 3937 1028 3994 Christi
1081 3936 1342 3992 collectus
1381 3943 1485 3990 est.
1547 3934 1815 3991 Caterum
1883 3938 2109 3995 dubium

2216 3946 2383 4015 ἁγίοις
2424 3943 2744 4008 ἀποστόλοις
2789 3945 2817 3997 6
2849 3941 2987 4013 πρὸς
3046 3940 3205 3995 τοῦτο
3254 3942 3544 4012 γενήσεται
3612 3939 3797 4001 πόνος.

535 4049 643 4093 non
684 4041 768 4090 est
802 4030 1042 4102 idipsum
1075 4036 1200 4100 post
1236 4028 1360 4083 illos
1387 4027 1456 4083 ad
1479 4035 1796 4084 sanctarum
1824 4027 2102 4087 Ecclesia-

2216 4037 2556 4110 Παραθέντες
2580 4036 2688 4107 γάρ
2716 4023 2847 4106 ἡμῖν
2874 4034 2969 4098 τὰς
2988 4032 3365 4104 πνευματικὰς
3381 4032 3539 4102 δῆλον
3566 4031 3647 4085 ὅτι
3665 4047 3799 4101 τρο-

533 4143 653 4183 rum
687 4124 949 4198 praesules
975 4135 1194 4192 quoque
1220 4120 1604 4176 transiturum.

2216 4130 2341 4201 φάς,
2372 4128 2467 4182 καλ¹
2489 4127 2559 4181 τὰ
2592 4125 2743 4196 παρά
2773 4126 2868 4179 τοῦ
2897 4125 3150 4196 Σωτῆρος
3175 4125 3308 4195 ἡμῖν
3340 4122 3519 4192 ἀγαθὰ
3540 4122 3802 4192 διακονη-

530 4222 779 4293 σάμενοι,
802 4215 1208 4286 πλουσιωτάτην
1227 4214 1544 4269 ἀποίσονται
1572 4214 1672 4285 τὴν
1699 4216 1987 4288 ἀντίδοσιν,
2015 4224 2109 4278 καὶ
2148 4225 2528 4298 πληρεστάτην
2573 4222 2866 4294 εὑρήσουσι
2924 4221 3077 4291 παρὰ
3139 4218 3275 4273 Θεοῦ
3336 4219 3437 4290 τῆς
3485 4217 3799 4289 φιλοτιμίας

530 4310 627 4382 τὴν
659 4310 837 4382 χάριν.
869 4303 1036 4380 Οἶμαι
1064 4305 1175 4387 γὰρ
1218 4305 1396 4373 τοῦτο,
1446 4304 1542 4359 καὶ
1588 4306 1688 4378 οὐχ
1755 4307 1942 4381 ἕτερόν
1974 4330 2047 4379 τι,
2084 4315 2275 4386 δηλοῦν
2338 4316 2398 4368 τὸ
2462 4314 2601 4385 μετά
2642 4314 2768 4374 τοὺς
2813 4310 3030 4375 πόνους,
3074 4311 3169 4365 καὶ
3216 4310 3314 4381 τὴν
3348 4308 3651 4379 ὑπουργίαν
3697 4307 3797 4378 τὴν

530 4403 624 4460 ἐπὶ
660 4405 773 4467 τοῖς
803 4402 1088 4473 δαιτυμόσι
1119 4399 1589 4471 δεδαπανημένην,
1632 4401 1851 4471 κόφινον
1895 4407 2110 4480 ἑκάστῳ
2149 4410 2487 4481 συνειλέχθαι
2516 4406 2712 4480 μεστὸν
2766 4406 2852 4461 διά
2886 4406 3307 4478 προστάγματος
3374 4403 3469 4458 τοῦ
3531 4400 3795 4477 Χριστοῦ.

531 4492 877 4635 ἒοτισὲἐλμεθ
902 4491 1143 4555 ἐκείνους
1175 4490 1245 4544 τὰ
1273 4492 1338 4544 ἐκ
1365 4490 1459 4545 τοῦ
1488 4490 1660 4544 τύπου
1712 4492 2026 4566 διαϐήσεται
2082 4501 2174 4554 καὶ
2213 4504 2292 4565 είς
2360 4502 2485 4564 τοὺς
2524 4499 2632 4553 τῶν
2668 4498 2839 4567 ἀγίων
2890 4498 3226 4569 ἡγουμένους
3281 4496 3647 4568 Ἑκκλησιῶν,
3694 4496 3798 4549 οὐκ
3840 4548 3847 4552 .

573 4602 673 4635 μω.
713 4601 739 4635 ο
773 4601 850 4635 ον.

529 4585 850 4654 ἀμφίϐολον.

602 4677 693 4736 Vl.
735 4680 822 4732 Η.
863 4677 958 4732 Illi
988 4694 1110 4748 ergo
1142 4677 1377 4732 homines
1410 4694 1528 4731 cum
1559 4678 1808 4734 vidissent
1839 4682 1979 4751 quod
2004 4682 2096 4738 Je-

2277 4686 2342 4736 Οἱ
2380 4676 2493 4736 οὖν
2523 4680 2838 4748 ἅνθρωποι,
2866 4677 3094 4743 ἰδόντες
3120 4676 3151 4730 ὂ
3180 4676 3473 4745 ἐποίησεν
3498 4678 3531 4727 ὀ
3550 4671 3798 4741 Ἰησοῦς

532 4785 621 4823 sus
652 4769 844 4837 fecerat
871 4770 1080 4840 signum
1100 4807 1115 4834 ,
1145 4771 1387 4824 dicebant
1420 4771 1569 4839 quia,
1605 4771 1706 4825 llic
1735 4782 1810 4826 est
1845 4790 1957 4828 vere
1991 4790 2110 4844 pro-

532 4857 686 4927 pheta
716 4859 882 4930 286
914 4861 1005 4929 qui
1034 4869 1281 4914 venturus
1313 4870 1390 4915 est
1421 4863 1476 4914 in
1508 4862 1784 4918 mundum.

604 4947 834 5019 Signum
863 4950 1137 5005 mirantur
1159 4952 1257 5022 qui
1279 4967 1399 5021 qua:
1426 4953 1733 5023 majestatis
1757 4964 1888 5011 sunt
1910 4956 2109 5011 divinae

531 5039 808 5096 mstimare
855 5049 1098 5107 norunt,
1148 5042 1358 5112 quique
1394 5045 1611 5100 ratione
1652 5047 1832 5114 potius
1868 5050 2109 5102 humana

532 5136 821 5200 reguntur,
851 5142 1019 5197 quam
1051 5129 1293 5184 belluina
1323 5133 1634 5188 temeritate
1670 5135 1961 5198 laborant,
2004 5152 2106 5191 cu—

527 5221 768 5292 jusmodi
810 5228 970 5274 erant
1024 5219 1175 5290 impii
1228 5219 1438 5287 Judaei,
1479 5223 1574 5292 qui
1612 5237 1737 5278 cum
1785 5240 1853 5278 ex
1898 5225 2105 5282 Christi

531 5314 797 5386 operibus
828 5313 1010 5381 juvari
1042 5311 1400 5377 debuissent,
1437 5314 1675 5369 sanitate
1715 5315 1919 5371 mentis
1955 5317 2106 5371 exci-

529 5406 746 5461 derunt.
777 5404 897 5460 Jam
929 5404 1078 5458 enim
1107 5401 1293 5459 Jesum
1325 5420 1546 5475 quoque
1583 5406 1938 5477 lapidandum
1979 5423 2105 5463 esse

529 5507 881 5564 statuerunt,
919 5496 1066 5569 quod
1107 5511 1233 5551 eum
1277 5497 1544 5551 miracula
1584 5499 1782 5569 sacpius
1816 5500 1979 5555 edere
2017 5500 2099 5553 vi-

529 5588 745 5642 derent.
777 5590 1001 5643 lllul‘um
1030 5588 1198 5658 igitur
1225 5588 1439 5643 insania
1470 5589 1629 5660 longe
1652 5589 1909 5645 meliores
1935 5598 2100 5657 sunt,

620 5758 662 5787 ’³
691 5764 839 5820 Psal.
879 5782 952 5831 vx,
981 5767 1035 5819 6.
1114 5766 1279 5823 “Job
1347 5784 1428 5830 ιιι,
1462 5768 1550 5821 ‘23.

2216 4768 2762 4842 σημεῖον,”ἕνιετον,
2795 4770 2884 4824 ὅτι
2914 4766 3103 4834 Οὗτός
3133 4769 3304 4822 ἐστιν
3332 4763 3570 4835 ἀληθῶς
3599 4768 3632 4819 ό
3653 4778 3800 4833 προ-

2214 4864 2411 4935 φήτης
2442 4865 2473 4916 ό
2494 4862 2815 4931 ἐρχόμενος
2833 4863 2917 4925 είς
2935 4860 3042 4913 τὸν
3066 4860 3318 4927 κόσμον.

2284 4955 2634 5026 Θαυμάζουσι
2680 4954 2742 5007 τὸ
2773 4955 2996 5024 σημεῖον
3039 4953 3088 5004 οἱ
3129 4949 3445 5020 δοκιμάζειν
3481 4950 3685 5014 εἰδότες
3727 4949 3802 5003 τὰ

2216 5045 2491 5116 θεοπρεπῆ
2520 5084 2535 5109 ,
2603 5044 2698 5096 καὶ
2754 5042 3079 5113 ἀνθρωπίνῳ
3137 5041 3337 5112 μᾶλλον
3379 5039 3629 5111 λογισμῷ
3664 5040 3804 5093 διοι-

2215 5139 2505 5208 κούμενοι,
2577 5135 2720 5206 ῆπερ
2774 5133 3023 5204 κτηνώδη
3090 5132 3375 5196 νοσοῦντες
3443 5132 3544 5201 τὴν
3625 5130 3799 5185 ἀϐου-

2214 5230 2353 5295 λίαν,
2386 5227 2557 5282 ὁποῖοί
2603 5242 2747 5289 τινες
2784 5220 2923 5295 ἦσαν
2969 5225 3020 5276 οί
3066 5223 3343 5287 δυσσεϐεῖς
3383 5224 3649 5287 Ἰουδαῖοι,
3676 5222 3801 5277 δέον

2213 5320 2538 5389 ὠφελεῖσθαι
2595 5320 2662 5387 τῇ
2709 5315 2816 5369 τῶν
2882 5315 3221 5385 τελουμένων
3275 5314 3646 5385 περιφανείᾳ,
3700 5311 3803 5382 καὶ

2209 5409 2270 5460 τὸ
2334 5406 2538 5476 κρίνειν
2606 5403 2781 5475 ὀρθῶς
2847 5402 3108 5457 δύνασθαι
3147 5402 3525 5473 ζημιούμενοι.
3578 5400 3803 5473 Χρῆναι

2207 5501 2315 5570 γάρ
2344 5499 2444 5569 ἤδη
2474 5498 2568 5551 καὶ
2594 5495 3013 5550 καταλιθοῦσθαι
3061 5496 3151 5550 τὸν
3189 5495 3400 5564 ἰησοῦν
3444 5492 3797 5564 ἐδοκίμαζον,

2210 5591 2316 5644 τῶν
2350 5588 2669 5660 παραδόξων
2702 5588 2783 5641 ὅτι
2803 5587 2866 5657 δὴ
2911 5587 3170 5650 πολλάκις
3221 5584 3394 5656 ὁρῷτο
3432 5583 3802 5657 δημιουργός.

1630 5768 1675 5801 ⁸⁵
1705 5768 1882 5824 Galat.
1919 5784 1989 5835 Vl,
2021 5768 2113 5822 25.
2192 5765 2238 5798 "
2254 5763 2443 5820 Matth.
2476 5778 2532 5831 ι,
2556 5761 2647 5816 20.
