4078 6262
405 527 631 583 ἐκείνων
650 532 926 599 ἀπονοίας,
962 535 1008 586 ot
1053 534 1180 605 τῇδε
1225 534 1617 609 θαυμάζοντες,
1660 527 1754 598 καὶ
1788 527 1874 615 ἐφ’
1903 527 1984 601 ἑνὶ

404 619 599 689 τούτῳ,
632 622 725 673 καὶ
751 623 970 694 μεγάλῳ
1010 627 1224 696 σημείῳ
1257 630 1550 700 σωφρόνως
1581 634 1983 708 ἀναπεπεισμέ-

404 723 485 760 νοι
514 708 715 773 λοιπὸν,
751 711 941 781 ὅτιπερ
967 712 1052 783 εἴη
1090 715 1307 779 πάντως
1356 720 1518 784 αὐτὸς
1540 724 1567 775 ὁ
1600 717 1694 778 καὶ
1720 724 1871 795 ἥξειν
1900 728 1982 790 είς

402 801 604 869 κόσμον
628 804 684 854 ὲν
708 805 984 875 προφήτου
1011 806 1160 872 τάξει
1188 815 1729 883 προκεκηρυγμένος.
1758 817 1979 888 Ἐπιτή-

403 906 482 959 ρει
511 891 584 953 δέ,
621 894 717 962 ὅση
745 894 909 948 πάλιν
936 958 944 964 θ
968 897 1216 957 ἐντεῦθεν
1258 903 1745 980 ὐρᾷτανδιαφορά,
1787 908 1976 977 γένους

394 982 452 1033 τέ
488 1000 629 1053 φημι
663 984 757 1038 τοῦ
789 986 851 1051 ἐξ
892 988 1131 1060 Ἰσραὴλ,
1170 978 1549 1067 καὶθτιῖῑνέξω
1577 999 1677 1067 τῆς
1717 999 1978 1065 Ἰουδαίας

393 1075 676 1143 κειμένων.
723 1077 785 1130 0t
831 1079 931 1148 μὲν
979 1066 1321 1161 γτάρη--κᾌίίτοι
1363 1085 1574 1140 πολλῶν
1604 1066 1699 1142 καὶ
1740 1090 1842 1145 οὐκ
1879 1095 1975 1147 ἀν-

392 1165 553 1230 αξίων
586 1168 667 1231 είς
696 1168 757 1221 τὸ
776 1169 1156 1242 θαυμάζεσθαι
1173 1176 1460 1243 γεγονότες
1499 1177 1717 1252 θεωροὶ,
1750 1183 1975 1256 σκληροὶ

391 1254 487 1323 μὲν
511 1256 609 1325 οὐχ
647 1257 794 1320 ὅπως
836 1262 964 1326 εἰσὶ,
1003 1265 1095 1316 καὶ
1126 1265 1481 1337 ἀπάνθρωποι
1524 1271 1710 1340 μόνον,
1739 1254 1972 1347 ἀλλά-δὴ

388 1345 479 1396 καὶ
501 1345 734 1414 φονῶσιν
750 1349 969 1418 ἀδίκως,
988 1352 1077 1405 τὸν
1092 1352 1173 1407 ὅτι
1191 1358 1455 1429 προσήκοι
1475 1359 1760 1425 διασώζειν
1777 1365 1972 1429 αὐτοὺς

386 1436 859 1508 προθυμούμενον,
899 1443 1212 1509 ἀτιθάσσοις
1229 1448 1527 1519 ἁπονοίαις,
1555 1453 1762 1517 πόλεώς
1789 1471 1848 1506 τε
1872 1458 1970 1526 τῆς

385 1527 614 1592 ἑαυτῶν,
650 1530 744 1581 καὶ
775 1530 958 1601 χώρας
991 1534 1330 1601 ἐλαύνοντες.
1372 1542 1433 1593 Οί
1468 1541 1524 1594 δὲ
1550 1542 1653 1612 τῆς
1696 1545 1969 1617 Ἰερουσα-

383 1614 495 1686 λὴμ
520 1617 899 1689 ἐξῳκισμένοι,
936 1625 1029 1676 καὶ
1058 1626 1147 1701 διά
1173 1628 1365 1682 τούτου
1389 1632 1453 1686 τὸ
1475 1614 1965 1708 ἀλλογενὲςνύπεμ-

385 1707 687 1776 φαίνοντες,
718 1712 796 1763 ἑνὶ
833 1714 925 1766 καὶ
955 1716 1099 1787 μόνῳ
1124 1720 1333 1791 σημείῳ
1357 1721 1656 1790 δοξάζουσι,
1687 1728 1781 1779 καὶ
1811 1707 1965 1781 ἀνεν-

384 1795 645 1863 δοιὰστως
675 1805 742 1872 τῇ
774 1803 954 1858 πίστει
982 1809 1387 1879 παραδέχεσθαι
1419 1816 1529 1866 δεῖν
1547 1814 1645 1878 τὰς
1682 1816 1768 1869 ἐπ’

384 1886 661 1959 διαλήψεις
716 1893 953 1963 εὐγενῶς
997 1896 1402 1969 δοκιμάζουσιν.
1461 1904 1592 1957 Ἀπὸ
1648 1905 1714 1977 δὴ
1757 1886 1961 1962 τούτων

385 1979 658 2049 ἁπάντων,
684 1985 1147 2061 αὐτοκατάκριτος
1176 1994 1293 2063 μὲν,
1324 1995 1416 2047 καὶ
1443 1996 1772 2070 αὐτόκληρος
1803 2002 1879 2062 είς
1900 2003 1961 2056 τὸ

378 2071 577 2140 χρῆναι
601 2073 781 2131 λοιπὸν
816 2078 1253 2150 ἀπορρίπτεσθαι
1296 2086 1520 2152 δικαίως
1555 2092 1584 2143 ὀ
1629 2092 1842 2163 Ἰσραὴλ
1864 2095 1958 2148 ἀν-

374 2165 662 2232 εδείκνυτο,
691 2171 975 2239 φειδοῦςδὲ
1000 2176 1099 2246 τῆς
1124 2178 1351 2246 ἀνωθεν,
1379 2183 1473 2236 καὶ
1530 2185 1861 2257 ἀγαπήσεως
1921 2187 2021 2261 τῆς
2055 2191 2143 2248 διὰ
2204 2165 2441 2270 ὶξριστοῦ
2501 2205 2560 2259 τὸ

370 2263 645 2332 χρεωστού
653 2282 832 2335 μενον.

450 2355 689 2423 Ἰησοῦς
736 2355 850 2413 οὖν
888 2362 1092 2431 γνοὺς,
1139 2364 1227 2419 ὅτι
1259 2367 1606 2437 μέλλουσιν
1644 2374 1950 2443 ἔρχεσθαι,

366 2444 462 2498 καὶ
491 2447 770 2514 ἁρπάζειν
800 2451 1008 2517 αὐτὸν,
1051 2455 1151 2509 ἵνα
1189 2458 1492 2527 ποιήσωσι
1526 2462 1815 2530 βασιλέα,
1847 2457 1952 2522 ἀν-

363 2536 632 2605 εχώρησε
660 2539 847 2595 πάλιν
873 2546 960 2610 εἰς
986 2546 1055 2598 τὸ
1089 2547 1227 2615 ὄρος
1253 2551 1439 2617 αὐτὸς
1464 2555 1679 2622 μόνος.

446 2629 1002 2707 ’Λξιεπαινετωτάτην
1030 2638 1130 2707 μὲν
1156 2641 1221 2695 ἄν
1248 2660 1329 2706 τις
1364 2644 1588 2716 ἐποίησε
1612 2646 1710 2717 τὴν
1742 2647 1946 2719 ψῆφον,

362 2721 454 2785 καὶ
494 2722 697 2793 σφόδρα
728 2725 979 2792 δικαίως,
1009 2734 1120 2795 τοῖς
1147 2732 1254 2785 ἀπὸ
1274 2734 1367 2787 τοῦ
1399 2737 1638 2803 μεγάλου
1670 2739 1948 2811 θαύματος

361 2808 853 2882 ἀναπεπεισμένοις
892 2817 1150 2884 εὐκόλως,
1203 2822 1372 2895 ὁτιδὴ
1405 2827 1606 2896 πρέποι
1635 2830 1703 2883 τὰ
1728 2808 1946 2887 πάντων

282 2918 287 2923 ’
361 2898 608 2973 ἐξαίρετα
633 2909 917 2975 προσεῖναι
951 2911 1191 2982 Χριστῷ,
1214 2916 1307 2968 καὶ
1334 2916 1432 2988 τὴν
1456 2920 1764 2994 ἀκροτάτην
1795 2924 1870 2989 ὡς
1888 2926 1945 2980 ἐν

366 2991 527 3063 μοίρᾳ.
553 2996 716 3065 τιμῆς
766 2998 1136 3058 ἀνατίθεσθαι.
1187 3006 1259 3058 Τὸ
1296 3008 1404 3079 γὰρ
1432 3010 1636 3065 ἐθέλειν
1673 2991 1836 3069 αὐτὸν
1861 3019 1943 3082 είς

364 3081 581 3151 βασιλέα
621 3092 1084 3161 προχειρίζεσθαι,
1127 3097 1182 3150 τί
1224 3099 1291 3153 ἂν
1338 3101 1543 3175 ἕτερον,
1583 3108 1615 3177 ἢ
1647 3108 1805 3162 τοῦτο
1838 3128 1937 3181 ση-

359 3173 556 3247 μαίνῃ;
589 3179 881 3252 Ἀγασθείη
912 3184 956 3237 δ’
973 3185 1037 3239 ἄν
1058 3205 1140 3252 τις
1165 3191 1302 3260 μετά
1322 3173 1618 3250 τῶνᾶλλων
1641 3200 1734 3251 καὶ
1754 3173 1932 3253 τοῦτο’

355 3263 715 3336 ὐπογραμμὸς
767 3271 875 3341 γὰρ
908 3262 1057 3343 ἡμῖν’
1084 3277 1424 3346 ἀφιλοδοξίας
1449 3284 1759 3354 εὑρίσκεται
1802 3291 1935 3360 Χρι-

351 3356 495 3418 στος,
528 3359 620 3410 καὶ
654 3361 779 3424 τοὺς
824 3362 906 3415 ὃτι
954 3371 1218 3439 προσήκοι
1258 3375 1422 3444 τιμᾷν
1452 3349 1741 3447 ἑλομένους
1770 3349 1933 3436 αὐτὸν
1961 3349 2005 3407 C

348 3444 696 3514 ἀποφεύγων,
726 3452 819 3503 καὶ
846 3452 1125 3521 βασιλείαν
1146 3460 1244 3530 τὴν
1274 3462 1534 3519 ἀνωτάτω
1554 3453 1662 3521 τῶῦ
1701 3471 1760 3523 ὲν
1798 3474 1933 3543 ἡμῖν

348 3538 801 3608 παραιτούμενος,
864 3546 910 3596 εί
957 3547 1065 3629 ﬁxa!
1108 3549 1385 3620 ἀζήλωτον
1441 3558 1587 3629 αὐτῷ
1618 3538 1931 3632 άληθῶςντὸ

344 3630 599 3697 πρᾶγμα,
631 3631 716 3684 διὰ
756 3633 813 3685 τὸ
866 3622 1080 3690 πάντων
1136 3641 1445 3709 βασιλεύειν
1486 3622 1623 3719 μετὰ
1679 3622 1925 3727 [ἰατρόν

342 3720 479 3789 ὁμοῦ
504 3722 676 3776 δὲκαὶ
702 3724 884 3780 δίδωσι
919 3732 1059 3782 νοεῖν
1092 3736 1202 3797 τοῖς
1237 3738 1315 3800 είς
1355 3740 1544 3794 ἐλπίδα
1574 3744 1673 3815 τὴν
1700 3747 1928 3817 μέλλουο

341 3826 440 3864 σαν
471 3813 892 3882 ἀποϐλέπουσιν,
921 3820 1002 3872 ὅτι
1045 3824 1240 3894 μικρὸν
1298 3828 1481 3893 αὐτοῖς
1526 3832 1586 3885 τὸ
1630 3813 1925 3910 εννκόσμῳ

341 3902 502 3971 μέγα,
540 3906 630 3958 καὶ
655 3906 737 3960 ὅτι
770 3908 866 3972 τὰς
896 3912 964 3988 ἐν⁴
984 3912 1121 3983 τῷδε
1163 3915 1242 3986 τῷ
1277 3917 1377 3989 βίῳ
1409 3921 1574 3992 ἤγουν
1605 3926 1795 3999 κόσμῳ
1838 3902 1922 3983 τιξ-

340 3994 466 4063 μάς,
504 3998 605 4050 κᾶν
636 4000 998 4070 αὐτομολῶσι,
1042 4006 1116 4077 μὴ
1163 4010 1481 4079 προσίεσθαι
1524 3994 1721 4080 καλὸν,⁷
1749 3994 1813 4074 ἶν’
1844 4024 1923 4086 εἰς

334 4084 550 4157 ἐκείνην
585 4090 914 4145 ἀναϐαίνωσι
959 4096 1057 4163 τὴν
1111 4101 1262 4169 παρὰ
1319 4103 1484 4157 Θεοῦ·
1519 4108 1766 4180 ἀπρεπὲς
1813 4084 1921 4186 γὰρ

333 4176 503 4241 ὅντως
533 4179 593 4230 τὸ
636 4182 694 4232 ὲν
734 4181 942 4246 τούτοις
980 4185 1280 4260 διαλάμψαι
1343 4196 1537 4263 φιλεῖν,
1585 4176 1713 4265 τοὺς
1759 4176 1919 4274 οἵίγε

334 4267 471 4335 πρὸς
502 4268 651 4320 θείαν
696 4270 1001 4338 ἐπείγονται
1042 4278 1219 4347 χάριν,
1277 4284 1369 4334 καὶ
1402 4283 1561 4349 δόξαν
1591 4289 1786 4359 διψῶσι
1818 4294 1916 4366 τὴν

335 4356 571 4411 αἰώνιον.
610 4361 979 4432 Παραιτητέον
995 4370 1284 4439 τοιγαροῦν
1313 4375 1410 4444 τὴν
1430 4356 1734 4450 ὑπεροψίας
1758 4356 1913 4441 ἀδελ-

337 4449 442 4517 φὴν
472 4451 563 4502 καὶ
596 4450 835 4518 γείτονα,
868 4455 1191 4523 φιλοδοξίαν,
1228 4463 1320 4515 καὶ
1345 4467 1405 4519 οὐ
1433 4449 1608 4540 πολλῷ
1626 4474 1704 4544 τῷ
1730 4476 1913 4550 μέτρῳ

334 4541 441 4593 τῶν
467 4542 680 4611 ἐκείνης
711 4543 852 4613 ὅρων
880 4547 1392 4624 ἀπεσχοινισμένην.
1424 4561 1533 4613 Καὶ
1554 4563 1615 4616 τὸ
1651 4568 1748 4633 μὲν
1790 4571 1910 4623 ἐπι-

331 4634 493 4700 φανὲς
521 4636 577 4686 έν
625 4638 756 4706 τιμῇ
816 4637 957 4691 κατά
987 4640 1077 4691 τὸν
1124 4645 1366 4712 παρόντα
1402 4648 1535 4719 βίον,
1587 4655 1662 4718 ὡς
1688 4657 1905 4715 ἀδικοῦν

329 4724 639 4796 φεύγωμεν,
669 4726 923 4797 ζητῶμεν
952 4729 1008 4782 δὲ
1038 4732 1237 4801 μᾶλλον
1275 4737 1336 4789 τὸ
1368 4741 1425 4793 ὲν
1453 4747 1779 4803 ταπεινώσει
1815 4770 1904 4805 σε-

331 4815 477 4882 μνὸν.
508 4817 967 4889 παραχωροῦντες
1006 4820 1275 4893 ἀλλήλοις,
1317 4824 1565 4905 καθάπερ
1592 4837 1739 4907 ἡμᾶς
1760 4841 1855 4894 καὶ
1879 4844 1908 4896 ὁ

332 4906 593 4975 μακάριος
620 4908 829 4972 Παῦλος
859 4911 1156 4976 ἐνουθέτει,
1176 4914 1380 4984 λέγων’
1407 4941 1423 4971 ι
1454 4923 1621 4979 Τοῦτο
1637 4933 1904 4999 φρονείτω

329 4995 554 5059 ἕκαστος
580 5000 636 5050 ὲν
671 5002 797 5069 ὑμῖν
842 5003 1048 5066 αὐτοῖς,
1082 5004 1110 5057 ὅ
1147 5008 1239 5059 καὶ
1279 5011 1335 5061 ὲν
1363 5014 1583 5086 Χριστῴ
1628 5019 1822 5091 Ἰησοῦ,
1848 5023 1907 5088 ὃς

331 5086 387 5136 ἐν
416 5091 593 5156 μορφῇ
633 5089 765 5142 Θεοῦ
792 5094 1073 5163 ὑπάρχων,
1121 5098 1219 5170 οὐχ
1249 5101 1542 5175 ἁρπαγμὸν
1571 5086 1816 5181 ἡγήσατο
1843 5086 1905 5170 τδ

329 5171 463 5226 εἶναι
494 5177 581 5229 ἴσα
609 5178 890 5249 Θεῷ,ἀλλ’
926 5187 1115 5241 ἑαυτὸν
1154 5191 1409 5259 ὲκένωσε,
1461 5201 1674 5271 μορφὴν
1713 5204 1900 5260 δούλου

326 5265 521 5329 λαϐὼν,
549 5268 605 5319 ἐν
635 5269 934 5339 ὁμοιιὺματι
960 5277 1262 5345 ἀνθρώπων
1291 5286 1603 5355 γενόμενος,
1633 5294 1726 5345 καὶ
1767 5299 1898 5368 σχή-

327 5374 453 5424 ματι
512 5359 761 5428 εὑρεθεὶς
792 5361 865 5424 ὡς
908 5364 1209 5436 ἄνθρωπος.
1269 5374 1671 5436 Ἐταπείνωσεν
1708 5388 1899 5443 ἑαυτὸν

323 5452 604 5518 γενόμενος
619 5451 855 5521 ὑπήκοος
871 5455 1030 5526 μέχρι
1050 5457 1298 5528 θανάτου,
1315 5465 1545 5521 θανάτου
1573 5472 1628 5524 δὲ
1646 5483 1901 5548 σταυροῦ,

321 5542 410 5594 Διὸ
428 5546 522 5597 καὶ
549 5548 577 5598 ὁ
603 5547 734 5611 Θεὸς
758 5550 919 5603 αὐτὸν
949 5553 1292 5627 ύπερύψωσε,
1321 5564 1413 5616 καὶ
1441 5566 1735 5638 ἐχαρίσατο
1756 5576 1905 5647 αὐτῷ

386 5718 432 5751 ⁴⁶
471 5719 701 5793 Philipp.
743 5743 800 5790 ιι,
838 5729 942 5785 .519.

1352 332 1421 388 IN
1449 334 1740 396 JOANNIS
1782 344 2234 407 EVANGELIUM
2269 353 2398 412 ΗΒ.
2437 358 2524 415 ΙΙΙ.

2085 571 2193 624 que
2223 573 2422 630 magno
2463 565 2621 632 signo
2663 567 2887 624 adducti
2929 582 3060 628 sunt
3091 586 3149 632 ut
3180 581 3411 637 credam
3443 590 3668 645 omnino

2085 647 2262 716 ipsum
2306 666 2432 707 esse
2485 671 2647 725 quem
2698 675 2872 717 sacrae
2915 663 3137 723 Littera:
3185 673 3561 740 prmdixerunt
3609 682 3667 737 in

2082 740 2349 796 mundum
2375 754 2665 801 venturum
2694 750 2872 807 instar
2897 757 3198 826 propheta.
3230 760 3475 820 Observa
3499 783 3667 838 porro

2081 839 2349 898 quantum
2391 851 2585 893 rursus
2624 840 2752 896 hinc
2790 854 3052 900 cernatur
3091 849 3390 909 discrimen
3442 861 3666 928 generis

2078 917 2366 978 lsraelitici
2386 964 2399 988 ,
2428 935 2479 981 et
2506 942 2696 984 eorum
2725 934 2819 1002 qui
2847 947 3002 993 extra
3025 937 3267 997 Judaaam
3294 948 3459 1014 positi
3479 961 3660 1008 erant.

2080 1006 2162 1062 Illi
2190 1012 2335 1066 enim
2369 1019 2622 1085 quamvis
2662 1023 2834 1077 multa
2884 1042 2987 1083 nec
3030 1029 3399 1091 admiratione
3435 1039 3660 1112 indigna

2077 1107 2494 1172 spectaverint,
2550 1126 2662 1166 non
2699 1120 2884 1171 tamen
2922 1118 3046 1174 duri
3085 1132 3218 1178 sunt
3261 1135 3318 1181 et
3367 1107 3655 1189 inhumani

2078 1191 2263 1247 solum
2288 1235 2302 1260 ,
2342 1197 2437 1251 sed
2470 1206 2525 1254 et
2555 1200 2761 1279 injuste
2798 1208 2998 1263 caedem
3030 1213 3079 1267 ei
3109 1216 3526 1285 machinantur,
3560 1225 3656 1293 qui

2075 1296 2266 1337 eorum
2294 1288 2460 1342 saluti
2490 1296 2826 1366 magnopere
2862 1301 3079 1369 studet,
3113 1310 3322 1377 agresti
3355 1310 3545 1371 furore
3572 1288 3656 1388 ips

2074 1387 2196 1426 sum
2219 1391 2343 1431 cum
2372 1394 2435 1434 ex
2462 1384 2595 1439 urbe
2620 1401 2723 1440 sua
2744 1428 2758 1451 ,
2794 1396 2907 1444 tum
2939 1395 3166 1465 regione
3194 1409 3306 1454 tota
3336 1384 3650 1475 abigentes.

2074 1462 2175 1528 Qui
2215 1482 2347 1521 vero
2387 1470 2568 1526 dissiti
2614 1486 2742 1532 sunt
2772 1480 2841 1535 ab
2869 1462 3174 1542 Jerusalem
3194 1528 3210 1554 ,
3239 1500 3403 1563 atque
3432 1462 3655 1556 idcirco

2072 1556 2503 1627 alienigenarum
2536 1566 2804 1625 rationem
2838 1586 2951 1641 prae
2982 1590 3041 1631 se
3071 1576 3253 1635 ferunt
3273 1623 3289 1649 ,
3331 1600 3444 1641 uno
3471 1604 3654 1661 eoque

2071 1647 2190 1701 solo
2211 1649 2370 1719 signo
2396 1654 2478 1708 sic
2500 1655 2833 1726 aﬂiciuntur,
2854 1672 2914 1718 ut
2947 1666 3260 1727 indubitata
3277 1647 3400 1731 inde
3432 1647 3652 1750 Opinio-

2069 1750 2194 1792 nem
2232 1740 2300 1795 de
2334 1742 2454 1813 ipso
2491 1749 2901 1820 suscipiendam
2932 1766 3199 1817 statuant.
3237 1762 3315 1819 Ex
3350 1766 3436 1824 his
3470 1740 3652 1827 omni-

1813 1810 1962 1887 αὐτῷ
1994 1840 2035 1894 Β
2064 1826 2166 1884 bus
2197 1810 2370 1903 igitur.
2397 1846 2547 1906 patet
2592 1810 2789 1912 suopte
2813 1844 3027 1914 judicio
3071 1854 3497 1913 condemnatum
3528 1877 3651 1918 esse

2067 1917 2324 1977 lsraelem
2361 1941 2424 1980 ac
2450 1928 2601 1997 juste
2636 1934 2984 2003 repudiatum
3005 1983 3020 2008 ,
3047 1943 3304 2011 gentibus
3333 1962 3463 2004 vero
3488 1965 3650 2021 repo-

2066 2008 2229 2063 sitam
2270 2029 2393 2070 esse
2428 2033 2727 2089 supernam
2768 2026 3209 2089 misericordiam
3233 2075 3250 2103 ,
3298 2046 3355 2093 ct
3389 2040 3647 2099 dilectio-

2067 2113 2191 2154 nem
2224 2117 2322 2172 per
2348 2105 2654 2167 Christum.

2606 2208 2805 2280 χρῆναι
2855 2212 3043 2295 λαχεῖν,
3082 2219 3179 2292 ἤδη
3223 2226 3336 2290 τοῖς
3372 2228 3432 2293 ἐξ
3472 2229 3645 2289 ἐθνῶν

2130 2377 2220 2435 Vl.
2266 2382 2352 2437 15.
2391 2383 2551 2442 Ιεειιε
2589 2406 2713 2460 ergo
2750 2408 2868 2448 cum
2908 2411 3235 2466 cognovisset
3271 2405 3398 2473 quia
3429 2414 3638 2481 venturi

2053 2483 2266 2540 essent,
2326 2485 2384 2530 ut
2437 2492 2681 2547 raperent
2722 2501 2877 2550 eum,
2915 2498 2965 2542 et
3005 2491 3241 2558 tacerent
3278 2512 3396 2552 eum
3428 2518 3633 2573 regem,

2049 2561 2187 2632 fugit
2223 2566 2416 2621 iterum
2453 2569 2507 2624 in
2545 2583 2775 2628 montem
2808 2577 2918 2646 ipse
2947 2580 3117 2638 solus.

2117 2654 2249 2711 Jure
2298 2659 2486 2731 utique
2520 2663 2851 2722 laudandam
2900 2686 3093 2727 eorum
3139 2682 3471 2738 sententiam
3505 2687 3637 2756 quis

2048 2749 2360 2814 censuerit,
2403 2753 2497 2821 qui
2536 2771 2734 2827 magno
2767 2760 2861 2815 illo
2899 2765 3169 2822 miraculo
3207 2769 3371 2829 facile
3405 2776 3472 2830 ad
3508 2792 3632 2833 cre-

2046 2834 2284 2892 dendum
2319 2842 2547 2899 adducti
2579 2858 2703 2902 sunt
2731 2890 2745 2914 ,
2777 2867 2900 2907 esse
2929 2854 2980 2908 iu
3006 2854 3231 2915 Christo
3257 2865 3458 2920 eximia
3490 2884 3631 2926 cun-

2046 2937 2170 2995 cta,
2203 2940 2259 2986 et
2305 2948 2626 3004 supremum
2678 2942 2926 2998 omnium
2977 2948 3238 3006 honorem
3278 2956 3329 3008 ei
3376 2955 3631 3017 deferen-

2043 3020 2196 3077 dum.
2231 3022 2388 3090 Quod
2416 3028 2561 3082 enim
2586 3045 2710 3085 eum
2736 3033 2926 3088 volunt
2952 3036 3007 3091 in
3038 3054 3223 3110 regem
3249 3058 3468 3116 creare,
3491 3051 3626 3121 quid

2044 3110 2193 3166 aliud
2227 3129 2390 3184 quam
2427 3116 2576 3174 istud
2610 3121 2927 3192 signiticet?
2961 3128 3067 3183 Sed
3097 3131 3241 3188 inter
3269 3110 3471 3194 αξιοι-ιι
3507 3110 3623 3199 hoc

2044 3203 2209 3257 etiam
2262 3207 2446 3276 quivis
2495 3210 2809 3281 mirabitur,
2856 3218 3002 3287 quod
3056 3222 3318 3281 nimirum
3364 3227 3623 3289 Christus

2042 3296 2204 3365 nobis
2237 3301 2546 3369 exemplum
2580 3303 2671 3358 hic
2698 3311 3116 3366 contemnenda:
3141 3316 3329 3385 gloriae
3373 3324 3620 3392 seipsum

2039 3389 2242 3453 tradit,
2262 3405 2357 3446 eos
2386 3392 2652 3462 fugiendo
2675 3398 2770 3466 qui
2798 3400 3062 3481 honorem
3084 3404 3360 3474 deferunt,
3385 3429 3617 3483 regnum

2035 3477 2140 3534 hoc
2170 3483 2403 3537 mortale
2436 3487 2762 3556 respuendo,
2804 3491 2931 3547 licet
2963 3477 3315 3554 invidendum
3348 3502 3401 3557 id
3435 3504 3484 3559 ei
3526 3522 3617 3562 re-

2032 3584 2159 3623 vera
2198 3588 2305 3626 non
2339 3574 2503 3645 287
2540 3578 2643 3643 sit,
2683 3588 2973 3651 propterea
3006 3586 3155 3654 quod
3193 3592 3453 3648 omnibus
3491 3610 3617 3651 cum

2030 3658 2193 3716 Patre
2238 3664 2507 3733 imperat:
2558 3668 2832 3741 simulque
2879 3676 3233 3746 cogitandum
3287 3682 3356 3739 iis
3407 3687 3617 3754 praebet

2028 3752 2122 3821 qui
2161 3753 2213 3807 iu
2251 3754 2493 3812 futuram
2531 3774 2683 3830 spem
2730 3764 3069 3834 respiciunt,
3106 3787 3354 3846 parvum~
3378 3775 3446 3832 iis
3489 3793 3616 3835 esse

2027 3844 2173 3913 quod
2221 3847 2275 3901 in
2309 3849 2515 3904 mundo
2561 3867 2822 3924 magnum
2859 3865 2977 3924 est,
3011 3876 3113 3916 nec
3154 3866 3450 3933 pulchrum
3483 3885 3612 3927 esse

2024 3933 2190 4005 hujus
2216 3938 2342 3993 vitae
2371 3951 2461 3995 aut
2495 3943 2682 3997 saeculi
2717 3945 2958 4004 honores
2991 3953 3276 4023 suscipere
3307 3956 3435 4012 licet
3464 3960 3613 4016 ultro

2024 4026 2371 4093 deierantur,
2428 4038 2489 4085 ut
2539 4033 2605 4087 ad
2654 4034 2811 4090 illum
2854 4039 2949 4107 qui
2994 4057 3024 4094 a
3067 4041 3177 4098 Deo
3214 4054 3301 4099 est
3339 4047 3610 4105 honorem

2022 4118 2325 4173 ascendant
2352 4139 2365 4173 :
2400 4120 2718 4177 indecorum
2747 4126 2895 4181 enim
2927 4136 3011 4183 est
3031 4130 3118 4185 his
3140 4147 3236 4188 eos
3263 4135 3473 4191 clarere
3496 4139 3609 4192 vel-

2020 4209 2104 4272 le,
2130 4211 2224 4279 qui
2254 4210 2321 4263 ad
2351 4212 2593 4266 divinam
2625 4217 2857 4283 gratiam
2889 4221 3201 4287 enituntur,
3233 4234 3607 4299 aeternamque

2020 4300 2251 4369 gloriam
2290 4302 2506 4357 sitiunt.
2546 4302 2880 4374 Respuenda
2917 4320 3000 4365 est
3032 4311 3219 4382 itaque
3254 4318 3484 4373 ambitio
3515 4334 3607 4373 ar-

2018 4394 2282 4463 rogantia:
2317 4411 2480 4451 soror
2515 4407 2566 4452 et
2601 4399 2786 4453 vicina
2808 4442 2823 4467 ,
2870 4416 2972 4456 nec
3001 4406 3235 4460 multum
3282 4407 3499 4464 dissita.
3539 4412 3604 4466 Et

2016 4487 2162 4555 quod
2193 4487 2404 4543 honore
2434 4491 2671 4545 maxime
2702 4490 2918 4549 illustre
2947 4503 3032 4551 est
3064 4497 3118 4551 in
3150 4497 3255 4554 hac
3285 4502 3398 4554 vita
3428 4501 3603 4574 fugia-

2014 4594 2136 4633 mus
2158 4589 2215 4632 ut
2237 4580 2590 4645 damnosum,
2614 4598 3036 4656 quaeramusque
3062 4589 3246 4657 potius
3272 4591 3600 4651 humilitatis

1937 4711 1982 4764 Β
2011 4676 2457 4739 sanctimoniam,
2484 4677 2622 4732 alter
2652 4678 2807 4734 alteri
2839 4679 3119 4745 cedentes,
3144 4691 3202 4737 ut
3235 4683 3427 4741 beatus
3456 4684 3600 4743 Pau-

2011 4767 2098 4822 lus
2132 4769 2420 4830 monebat,
2449 4767 2638 4824 dicens
2664 4788 2676 4823 :
2706 4787 2724 4821 (
2749 4769 2865 4825 Hoc
2895 4775 3097 4828 sentite
3123 4777 3506 4849 unusquisque
3536 4781 3593 4835 in

2010 4857 2167 4911 vobis
2200 4857 2345 4926 quod
2375 4866 2428 4912 et

2011 4944 2103 4998 Dei
2156 4955 2334 5009 esset,
2376 4961 2484 5000 non
2555 4948 2803 5016 rapinam
2851 4950 3155 5008 arbitratus
3209 4965 3295 5010 est
3352 4972 3475 5013 esse
3533 4973 3606 5013 se-

2007 5034 2270 5103 aaqualem
2306 5034 2438 5101 Deo,
2472 5036 2565 5090 sed
2598 5038 2956 5108 semetipsum
2988 5042 3315 5108 exinanivit,
3354 5045 3589 5103 formam

2011 5127 2152 5181 servi
2181 5126 2480 5196 accipiens,
2505 5129 2560 5182 in
2585 5128 2946 5187 similitudine
2982 5132 3269 5189 hominum
3295 5134 3503 5200 factus,
3534 5146 3590 5192 et

2010 5216 2196 5270 habitu
2227 5217 2483 5271 inventus
2516 5227 2576 5271 ut
2618 5219 2805 5274 homo.
2840 5223 3163 5279 Humiliavit
3198 5225 3584 5293 semetipsum,

2009 5307 2187 5365 factus
2222 5309 2485 5365 obediens
2521 5327 2697 5381 usque
2732 5313 2794 5367 ad
2830 5325 3056 5370 mortem
3079 5355 3092 5377 ,
3133 5326 3364 5368 mortem
3401 5326 3582 5370 autem

2008 5401 2211 5456 crucis.
2254 5401 2485 5471 Propter
2513 5405 2657 5474 quod
2693 5414 2747 5458 et
2787 5404 2930 5461 Deus
2970 5405 3234 5461 exaltavit
3279 5404 3496 5472 ipsum,
3528 5420 3586 5460 et.

2006 5490 2156 5545 dedit
2201 5492 2251 5545 ei
2298 5508 2500 5547 nomen
2531 5495 2678 5563 quod
2710 5503 2792 5549 est
2825 5510 2991 5563 super
3022 5508 3185 5547 omne
3225 5507 3421 5546 nomen
3458 5491 3526 5547 “.
3556 5512 3579 5545 ι

2006 5581 2198 5639 Cernis
2242 5590 2302 5637 ut
2345 5584 2661 5639 voluntaria
2706 5583 3019 5637 humiliatio
3047 5580 3256 5635 clarum
3289 5581 3486 5638 habeat
3520 5582 3585 5637 ιι.

2462 4858 2515 4912 in
2550 4858 2778 4914 Christo
2820 4860 2987 4924 Jesu,
3034 4863 3130 4933 qui
3170 4881 3295 4920 cum
3332 4868 3593 4925 informa
