4078 6262
494 357 600 412 463

1522 358 1580 413 S.
1621 359 1897 415 CYRILLI
1931 358 2398 414 ALEXANDRINI
2438 360 2760 416 ARCHIEP.

3652 356 3758 409 464

495 489 639 534 nem,
663 481 714 524 et
733 471 960 540 spiritus
986 470 1253 526 demissio
1289 473 1585 527 multorum
1611 475 1771 530 nobis
1796 477 2048 530 bonoruu

2171 475 2339 546 ὕνομα
2365 477 2426 530 τὸ
2455 478 2596 547 ὑπὲρ
2623 479 2730 530 πᾶν
2752 476 2942 548 ὄνομα.
2987 495 3006 528 ι
3054 475 3215 547 Ὁρᾷς
3241 475 3388 538 ὅπως
3427 476 3460 544 ἡ
3511 471 3757 535 ἑκούσιος

492 567 566 620 sit
609 563 802 618 radis?
832 565 890 618 ln
922 563 1098 619 forma
1143 565 1361 635 quidem
1403 582 1530 622 cum
1563 579 1708 624 esset
1741 567 1835 624 Dei
1871 585 1937 625 ac
1967 568 2067 623 Pu-

491 658 626 719 tris.
683 650 993 717 hunniiiavit
1025 660 1266 728 Seipsum
1304 657 1631 732 Unigenitus
1676 663 1841 718 homo
1887 663 2066 720 factus

462 733 712 819 ipropter
741 764 872 814 nos;
899 750 993 804 sed
1021 753 1242 807 tametsi
1274 752 1326 806 in
1355 752 1458 808 hac
1484 754 1595 809 vita
1623 769 1750 810 cum
1777 771 1944 812 carne
1972 772 2066 828 ap-

489 844 694 912 paruit,
725 842 949 898 humilis
974 851 1156 898 tamen
1186 859 1293 898 nun
1325 847 1654 915 permansit:
1687 851 1740 902 in
1772 849 2062 919 pristinam

486 934 689 1003 quippe
718 933 1044 1004 dignitatem
1077 943 1132 990 et
1161 935 1391 1004 gloriam
1427 937 1701 1003 divinam,
1740 941 1864 996 licet
1899 941 2064 996 homo

488 1025 667 1080 factus
697 1026 800 1090 sit,
836 1025 1004 1081 redit.
1040 1024 1282 1096 ldipsum
1313 1043 1535 1099 quoque
1565 1029 1633 1086 de
1669 1033 1829 1088 nobis
1865 1033 2066 1088 intelli-

488 1117 724 1186 gendum
755 1129 856 1173 est.
893 1117 950 1172 Si
981 1133 1084 1174 nos
1116 1121 1264 1174 enim
1298 1120 1365 1176 de
1394 1122 1558 1192 hujus
1591 1127 1783 1181 saaculi
1813 1125 1961 1183 fastu
1994 1129 2060 1182 ad

488 1211 713 1263 humilia
743 1211 1130 1278 dcmittamns,
1162 1221 1292 1268 tunc
1321 1225 1468 1272 certe
1495 1234 1789 1287 supernam
1829 1222 2062 1291 gloriam

483 1303 733 1357 vicissim
757 1304 1109 1374 recipiemus,
1137 1320 1312 1376 eoque
1336 1309 1656 1376 evehemur,
1686 1320 1746 1366 ut
1790 1313 1866 1367 dii
1887 1314 2061 1369 simus

481 1407 576 1462 per
605 1395 874 1462 gratiam,
911 1395 1123 1450 ratione
1157 1397 1540 1456 similitudinis
1570 1417 1693 1456 cum
1738 1419 1867 1460 vero
1900 1417 2061 1460 natu-

481 1485 693 1554 ratique
720 1483 858 1539 Filio
892 1485 1127 1541 ﬁliorum
1155 1487 1246 1542 Dei
1281 1491 1701 1559 appellationem
1726 1497 1931 1550 sortiti.
1961 1499 2060 1550 At-

479 1593 586 1646 que
617 1586 674 1631 ut
705 1579 999 1647 propositis
1033 1579 1200 1635 rebus
1233 1581 1439 1651 aliquid
1467 1583 1625 1639 atline
1648 1585 1826 1640 dicam
1847 1627 1862 1653 ,
1895 1590 2059 1644 etiam

481 1668 688 1736 ipsum,
709 1669 756 1723 si
779 1670 1063 1734 obveniat,
1093 1672 1362 1727 honorum
1385 1682 1730 1731 terrenormn
1752 1680 1970 1736 culmen
1996 1697 2060 1736 ac

479 1770 800 1814 caaterorum
831 1759 1040 1816 fontem
1067 1771 1130 1830 et,
1149 1765 1412 1833 originem
1442 1782 1792 1836 recusemus,
1823 1773 1867 1826 si
1897 1775 2061 1828 cccle-

2175 570 2501 632 ταπείνωσις
2553 569 2807 640 λαμπρὸν
2861 569 2972 639 ἔχει
3015 569 3076 622 τὸ
3117 568 3300 634 τέλος,
3333 567 3426 620 καὶ
3454 565 3579 637 ῥίζα
3625 564 3754 618 πολι

2174 659 2282 713 λῶν
2313 662 2444 732 ἡμῖν
2465 660 2683 729 ἀγαθῶν
2704 661 2766 714 τὸ
2808 661 3028 732 μέτριον
3065 659 3424 729 ἀναφαίνεται
3465 659 3753 729 optimus;
3815 710 3834 734 Ι.

2187 749 2275 803 Ἐν
2305 753 2486 822 μορφῇ
2513 751 2610 821 μὲν
2638 752 2896 822 ὑπάρχων
2917 750 3011 805 τοῦ
3034 751 3168 805 Θεοῦ
3209 751 3302 804 καί
3329 750 3566 819 Πατρὸς,
3600 765 3756 800 τετα-

2174 845 2440 897 πείνωκεν
2473 843 2664 898 ἑαυτὸν
2696 847 2723 898 6
2766 845 3076 916 Μονογενὴς
3130 843 3418 914 ἄνθρωπος
3463 841 3755 910 γενόμενος

2173 937 2238 990 δι’
2275 939 2442 1008 ἡμᾶς·
2473 937 2587 990 ἀλλ’
2627 939 2675 990 εἰ
2713 937 2808 990 καὶ
2841 937 3080 1007 πέφηνεν
3109 937 3168 990 ὲν
3204 937 3339 1007 τῷδε
3375 934 3452 1006 τῷ
3485 934 3584 1005 βίῳ
3618 934 3757 1004 μετά

2174 1026 2394 1096 σαρκὸς,
2419 1026 2533 1080 ἀλλ’
2571 1027 2672 1080 οὐκ
2693 1027 2872 1098 ἔμεινε
2897 1027 3153 1090 ταπεινός
3175 1044 3190 1058 ο
3219 1026 3508 1098 ἀνατρέχει
3542 1027 3650 1096 γάρ
3676 1028 3755 1084 είς

2170 1118 2232 1172 τὸ
2255 1120 2481 1190 ἀρχαῖον
2502 1119 2740 1190 ἀξίωμα,
2777 1119 2872 1174 καὶ
2892 1120 2971 1182 εἰς
3004 1119 3161 1183 δόξαν
3190 1119 3289 1190 τὴν
3327 1118 3628 1189 θεοπρεπῆ,
3657 1120 3754 1172 καὶ

2170 1213 2218 1264 εί
2251 1213 2476 1279 γέγονεν
2519 1212 2824 1282 ἄνθρωπος.
2874 1212 2978 1266 Τὸν
3027 1213 3189 1266 αὑτὸν
3225 1211 3292 1284 δὴ
3328 1211 3520 1264 τοῦτον
3562 1213 3752 1282 νοῆσαι

2170 1319 2254 1366 τις
2285 1301 2507 1374 τρόπον,
2529 1303 2626 1356 καὶ
2670 1303 2755 1372 ἐφ’
2801 1302 2977 1374 ἡμῶν.
3013 1303 3182 1357 Ὅταν
3227 1303 3336 1375 γὰρ
3380 1303 3609 1365 ἑαυτοὺς
3646 1302 3752 1354 τῶν

2168 1393 2429 1447 διακένων
2472 1392 2781 1464 ὑψωμάτων
2828 1392 2922 1446 τοῦ
2964 1394 3230 1464 παρόντος
3285 1393 3402 1464 βίου
3445 1392 3748 1462 κατακομί-

2169 1483 2353 1556 ζωμεν
2382 1486 2462 1549 είς
2488 1484 2740 1548 ταπεινὰ,
2777 1486 2898 1538 τότε
2927 1485 2990 1556 δὴ
3032 1485 3250 1548 πάντως
3281 1485 3376 1537 καὶ
3417 1484 3516 1554 τὴν
3545 1484 3751 1538 ἀνωθεν

2167 1576 2631 1647 ἀντικομιούμεθα
2685 1578 2859 1642 δόξαν,
2907 1579 2998 1630 καὶ
3038 1579 3118 1640 είς
3175 1577 3233 1629 τὸ
3261 1573 3400 1631 εἶναι
3451 1575 3565 1629 θεοὶ
3609 1576 3752 1628 κατά

2167 1667 2327 1736 χάριν
2354 1665 2760 1736 ἀναϐησόμεθα,
2796 1666 2915 1720 καθ’
2933 1668 3225 1736 ὁμοιότητα
3260 1666 3630 1736 λαμϐάνοντες
3651 1667 3748 1736 τὴν

2164 1753 2240 1817 ὡς
2261 1754 2396 1826 πρὸς
2410 1753 2500 1807 τὸν
2524 1754 2738 1826 ἀληθῶς
2753 1756 2846 1809 καὶ
2867 1755 3009 1810 κατὰ
3026 1756 3187 1824 φύσιν
3210 1756 3360 1820 Υίὸν,
3383 1755 3444 1808 τὸ
3469 1755 3750 1809 καλεῖσθαι

479 1850 584 1902 stia
633 1850 918 1918 sapimus,
971 1857 1026 1905 et
1068 1854 1326 1921 supernis
1371 1859 1642 1913 servimus
1674 1861 1862 1929 p0Iius
1893 1880 2048 1933 quam

2163 1844 2328 1900 τέκνα
2389 1846 2547 1903 Θεοῦ.
2581 1849 2692 1902 Καὶ
2722 1849 2810 1901 ἵνα
2865 1845 2919 1901 τι
2957 1851 3071 1912 τοῖς
3110 1848 3493 1920 προκειμένοις
3519 1849 3659 1902 εῐπω
3687 1847 3748 1900 τὸ

479 1940 737 1996 terrenis.
763 1939 937 1995 Porro
963 1944 1312 2012 spiritalibus
1343 1953 1916 2022 contemplationibus
1949 1973 2048 2012 non

2165 1938 2445 2006 συγγενὲς,
2469 1939 2564 1991 καὶ
2588 1937 2777 2010 αὐτὴν,
2807 1940 2856 1992 εί
2891 1939 3163 2010 πρόσεισι,
3185 1939 3284 2010 τὴν
3303 1939 3419 1992 ηὲπὶ
3444 1939 3548 2009 γῆς
3578 1939 3746 2010 ἀκρό-

477 2039 631 2086 caret
654 2033 866 2098 oratio;
893 2033 1126 2104 ideoque
1141 2050 1361 2092 rursum
1380 2040 1650 2109 dicemus,
1668 2047 1894 2114 repetita
1920 2064 2048 2118 quo-

2160 2047 2297 2100 τητα
2341 2029 2739 2103 παραιτώμεθα
2778 2032 2880 2102 τὴν
2929 2033 3146 2100 ἁπάσης
3198 2031 3413 2102 μητέρα
3474 2031 3660 2100 τιμῆς,
3698 2033 3746 2083 εί

476 2123 775 2178 dammodo
803 2124 1017 2180 ratione
1047 2141 1237 2180 eorum
1270 2144 1393 2198 quae
1425 2129 1566 2186 facta
1603 2145 1761 2199 sunt,
1794 2144 1848 2190 et
1891 2139 2048 2194 rebus

2162 2123 2467 2194 φρονοῦμεν
2499 2123 2568 2176 τά
2600 2125 2922 2195 ἐπουράνια,
2965 2125 3059 2178 καὶ
3085 2127 3196 2188 τοῖς
3219 2125 3332 2178 ἄνω
3351 2121 3745 2191 πολιτευόμεθα

478 2216 778 2285 propositis
829 2217 1010 2272 denuo
1063 2221 1400 2276 recensitis:
1455 2225 1537 2278 sic
1592 2227 1740 2280 enim
1799 2228 1849 2282 id
1911 2233 2048 2300 quod

2164 2215 2384 2283 μᾶλλον,
2410 2216 2554 2286 ἤπερ
2584 2218 2696 2279 τοῖς
2716 2217 2809 2268 ἐπί
2835 2217 2934 2287 τῆς
2955 2215 3079 2286 γῆς.
3109 2215 3505 2286 Πνευματικῶν
3531 2214 3588 2267 δὲ
3610 2213 3744 2267 θεω-

476 2305 644 2377 288
673 2308 969 2363 dicendum
1005 2318 1090 2366 est
1127 2312 1479 2368 manifestum
1533 2317 1694 2374 nobis
1746 2321 1884 2385 erit,
1918 2337 2060 2392 prae-

475 2395 830 2464 sertimquea
856 2396 1015 2451 beato
1055 2400 1398 2469 evangelista
1429 2402 1678 2459 additum
1711 2423 1875 2464 esse:
1910 2429 1925 2461 ι
1963 2411 2060 2467 Se-

473 2486 645 2540 cessit
690 2487 744 2541 in
795 2496 1034 2542 montem
1073 2490 1226 2546 solus
1253 2491 1324 2556 ",
1356 2511 1377 2544 ι
1403 2497 1562 2564 quasi
1597 2502 1974 2556 necessarium
2003 2512 2058 2560 et

475 2577 792 2647 inevitabile
813 2579 1072 2648 quiddam
1098 2581 1390 2651 significet.
1416 2585 1588 2657 Igitur
1610 2588 1922 2647 Iudaeorum
1955 2595 2056 2648 im-

474 2669 798 2725 manitatem
843 2669 1102 2728 Christus
1150 2673 1400 2745 fugiens,
1435 2678 1692 2737 discessit
1721 2697 1788 2738 ex
1830 2683 2057 2740 Jerusa-

474 2761 580 2813 lem
608 2779 622 2815 :
655 2760 802 2832 quod
835 2763 1124 2820 manifeste
1144 2777 1266 2821 est:
1295 2785 1312 2818 ι
1335 2766 1556 2840 Reliqui
1581 2772 1806 2830 domum
1837 2793 2054 2843 meam,

472 2853 662 2909 dimisi
697 2855 1072 2912 hmreditatem
1102 2874 1279 2915 meam
1314 2861 1378 2918 “.
1411 2882 1430 2916 ι
1461 2863 1705 2922 Tranato
1735 2870 1871 2924 mari
1901 2870 2060 2927 Tibe-

473 2944 677 3008 riadis,
723 2954 777 3001 et
823 2947 892 3002 ab
939 2947 1164 3004 illorum
1213 2949 1401 3008 furore
1433 2957 1626 3024 procul
1656 2957 1928 3026 dissitns,
1965 2978 2055 3018 se-

470 3037 640 3092 cessit
667 3037 724 3092 in
755 3049 996 3094 montem
1033 3056 1140 3094 una
1173 3057 1298 3097 cum
1332 3045 1665 3116 discipulis:
1699 3065 1809 3120 quo
1841 3053 2055 3124 signiﬁ-

468 3129 585 3182 cari
612 3129 852 3187 diximus
896 3131 1107 3188 invium
1151 3146 1206 3190 et
1249 3137 1612 3196 interclusum
1644 3143 2054 3212 quodammodo

2161 2307 2422 2376 ρημάτων
2475 2308 2503 2359 6
2536 2307 2693 2376 λόγος
2744 2309 2878 2377 ἡμῖν
2925 2307 3025 2360 οὐκ
3073 2307 3315 2379 ἀμοιρεῖ’
3366 2306 3446 2360 διὸ
3487 2305 3553 2377 δὴ
3586 2303 3744 2358 πάλιν

2159 2398 2412 2469 ἐροῦμεν,
2469 2399 2597 2471 ὅλην
2623 2398 2813 2471 ὥσπερ
2859 2400 3418 2470 ἀνακεφαλαιούμενοι
3446 2399 3557 2467 τῶν
3585 2417 3743 2469 γεγε-

2159 2509 2220 2561 νη
2232 2492 2405 2560 μένων
2433 2492 2532 2563 τὴν
2563 2491 2813 2562 δύναμιν,
2837 2494 2934 2546 καὶ⁹
2971 2493 3061 2546 τὸν
3100 2491 3159 2557 ἐξ
3188 2492 3365 2563 ἀρχῆς
3390 2493 3496 2546 τῶν
3520 2510 3742 2564 προκει-

2162 2583 2340 2651 μένων
2359 2583 2847 2654 ἀναμηρυσάμενοι
2875 2583 3031 2651 λόγον
3061 2600 3073 2612 ·
3111 2582 3253 2636 οὕτω
3289 2583 3398 2654 γάρ
3420 2585 3555 2654 ἡμῖν
3589 2583 3740 2638 ἔσται

2159 2672 2468 2740 καταφανὲς
2480 2673 2541 2724 τὸ
2557 2673 2894 2744 ῥηθήσεσθαι
2920 2673 3133 2745 μέλλον,
3165 2674 3378 2744 μάλισθ’
3405 2676 3486 2728 ὃτι
3511 2674 3736 2747 προστέ-

2158 2763 2338 2818 θεικεν
2360 2768 2388 2818 6
2417 2765 2686 2838 μακάριος
2725 2767 3133 2839 εύαγγελιστὴς,
3165 2767 3355 2838 ὥσπερ
3375 2767 3671 2836 ἀναγκαῖόν
3690 2783 3740 2820 τι

2157 2857 2251 2909 καὶ
2279 2858 2650 2928 ἀπαραίτητον
2686 2859 2986 2929 ὑποδηλῶν,
3005 2859 3066 2912 τὸ
3087 2860 3167 2913 ὅτι
3195 2878 3213 2911 ι
3250 2857 3623 2931 Ἀνεχώρησεν
3661 2859 3740 2921 είς

2154 2949 2216 3000 τὸ
2247 2949 2372 3021 ὅρος
2431 2950 2594 3013 αὐτὸς
2655 2951 2835 3021 μόνος.
2873 2971 2890 3002 ι
2927 2951 3135 3005 Οὐκοῦν
3177 2952 3277 3020 τὴν
3310 2952 3419 3006 τῶν
3471 2952 3738 3006 Ἰουδαίων

2156 3040 2550 3111 ἀπανθρωπίαν
2586 3042 3046 3113 παραιτούμενος,
3077 3044 3348 3115 ἀπεδήμει
3375 3045 3473 3115 μὲν
3505 3045 3606 3115 τῆς
3647 3044 3738 3100 Ἰεο

2159 3132 2486 3202 ρουσαλὴμό
2512 3133 2769 3203 Χριστὸς,
2796 3135 2933 3206 ὅπερ
2965 3135 3112 3189 ἐστὶν
3162 3137 3437 3208 ἐναργῶς*
3471 3155 3490 3189 ι
3543 3138 3738 3206 Ἐγκαο

465 3219 672 3278 Judzeis
699 3222 805 3278 iter
830 3223 896 3278 ad
927 3224 1107 3295 ipsum
1133 3267 1147 3291 ,
1189 3235 1240 3284 et
1288 3227 1571 3286 Christum
1624 3235 1930 3291 recessisse
1981 3237 2048 3292 ob

2153 3223 2445 3276 ταλέλοιπα
2493 3224 2586 3278 τὸν
2640 3220 2786 3278 οῐκόν
2836 3243 2957 3297 μου,
2999 3227 3191 3298 ἀφῆκα
3226 3228 3324 3299 τὴν
3374 3229 3737 3302 κληρονομίαν

461 3315 812 3383 passionem,
844 3330 1023 3386 usque
1065 3317 1135 3372 ad
1170 3327 1386 3391 tempus
1430 3337 1732 3394 congruum
1761 3326 2046 3392 nimirum,

467 3418 707 3476 eumque
737 3406 1010 3462 illustrem
1037 3416 1204 3478 atque
1229 3412 1593 3482 conspicuum
1627 3413 1744 3470 fore
1773 3431 1897 3470 cum
1931 3420 2049 3475 suis

468 3496 776 3566 discipulis,
811 3513 935 3553 cum
966 3501 1155 3554 relicta
1189 3500 1375 3557 Judaaa
1407 3503 1473 3558 ad
1507 3513 1700 3576 gentes
1730 3507 2048 3578 migraverit

465 3587 699 3658 gratiam
734 3587 804 3642 ad
836 3589 958 3644 illas
991 3591 1355 3648 transferens.
1379 3593 1455 3649 De
1471 3605 1657 3670 monte
1675 3612 1806 3652 vero
1835 3602 2048 3668 aspexit

462 3695 559 3735 eos
591 3681 689 3749 qui
719 3681 1116 3750 sequebantur,
1154 3699 1218 3736 ac
1249 3693 1512 3753 praeterea
1545 3702 1740 3742 eorum
1773 3689 2046 3744 alimoniae

462 3772 726 3844 providit.
781 3772 902 3838 Quo
947 3789 1168 3828 rursum
1212 3776 1454 3832 diximus
1506 3779 1692 3850 typice
1742 3783 2043 3852 signiﬁcari

462 3878 590 3917 cum
617 3864 1014 3933 inspectionem
1038 3866 1187 3920 illam
1219 3883 1512 3938 supernam
1534 3872 1745 3926 sanetis
1777 3874 2041 3942 debitam,

457 3953 616 4022 juxta
652 3953 787 4008 illud
817 3973 828 4008 :
865 3973 883 4007 ι
913 3955 1070 4010 Oculi
1099 3956 1317 4012 Domini
1353 3961 1724 4031 superjustos
1752 3963 1798 3996 δ’
1825 3981 1839 4030 ;
1875 3983 1894 4017 ι
1926 3972 2043 4020 ιιιιη

459 4045 866 4116 providentiam
914 4064 1079 4118 quam
1128 4049 1273 4107 Deus
1319 4051 1568 4122 impertit
1607 4055 1916 4114 colentibus
1959 4075 2038 4114 se.

457 4135 732 4194 Praeterea
783 4154 981 4212 magna
1036 4141 1336 4198 multitudo
1391 4145 1580 4215 populi
1636 4147 2042 4206 admirabiliter

458 4231 668 4285 nutrita
700 4240 785 4288 est
823 4249 890 4290 ex
943 4235 1190 4306 quinque
1231 4237 1471 4306 panibus
1511 4251 1564 4295 et
1605 4239 1825 4298 duobus
1873 4244 2041 4314 pisci-

457 4325 604 4378 culis
632 4341 644 4377 :
675 4339 787 4394 quo
812 4326 1032 4396 quidem
1065 4329 1297 4400 intelligi
1329 4333 1633 4388 statuimus
1664 4335 1868 4406 scripta
1906 4353 2037 4392 san-

455 4423 672 4470 ctorum
701 4425 947 4473 veterum
982 4434 1048 4473 ac
1077 4436 1346 4476 novorum
1387 4438 1482 4492 per
1512 4427 1793 4494 apostolos
1836 4429 2036 4498 apponi

458 4505 525 4562 iis
553 4507 646 4578 qui
691 4507 979 4565 Christum
1015 4510 1255 4582 diligunt
1287 4531 1300 4579 ;
1349 4515 1486 4583 quin
1525 4523 1583 4569 et
1633 4515 2032 4586 discipulorum

2156 3333 2278 3385 μου.
2310 3336 2327 3366 ι
2353 3317 2906 3388 Διαπεραιωσάμενος
2946 3319 3046 3389 τὴν
3086 3319 3405 3392 Τιϐεριάδος
3439 3321 3733 3387 θάλασσαν,

2151 3409 2244 3460 καὶ
2264 3408 2398 3461 πολὺ
2415 3408 2534 3474 λίαν
2557 3409 2653 3480 τῆς
2687 3410 2913 3462 ἐκείνων
2941 3409 3199 3473 ἀπονοίας
3229 3411 3734 3484 ἀπεσχοινισμένος,

2150 3498 2397 3568 ἀνεπήδα
2454 3499 2590 3570 πρὸς
2646 3499 2770 3568 ὅρος
2815 3501 2932 3571 ἅμα.
2985 3503 3096 3566 τοῖς
3146 3502 3447 3573 μαθηταῖς’
3479 3504 3515 3558 δ.
3551 3506 3615 3576 δὴ
3643 3506 3736 3559 καὶ

2151 3590 2448 3652 ὑποδηλοῦν
2479 3593 2782 3663 εἰρήκαμεν
2805 3594 2864 3646 τό
2887 3611 2946 3646 τε
2975 3593 3176 3647 ἄϐατον
3199 3595 3388 3666 ὥσπερ
3417 3599 3511 3650 καὶ
3541 3600 3734 3670 ἀνήνο⁶

2147 3699 2236 3734 τον
2262 3685 2374 3746 τοῖς
2415 3683 2690 3748 Ἰουδαίοις
2727 3685 2829 3756 τῆς
2865 3685 2941 3750 ὼς
2987 3685 3077 3738 ἐπ’
3109 3687 3272 3740 αὐτὸν
3323 3688 3468 3754 ὁδοῦ,
3500 3690 3595 3742 καὶ
3635 3691 3732 3761 τὴν

2147 3773 2206 3840 ἐξ
2242 3775 2412 3846 ὀργῆς
2465 3775 2569 3846 τῆς
2622 3778 2714 3830 ἐπὶ
2741 3777 2818 3848 τῷ
2857 3777 3019 3831 πάθει
3049 3779 3348 3851 γενομένην
3384 3780 3730 3851 ἀναχώρησιν

2148 3866 2242 3919 τοῦ
2277 3867 2513 3938 Χριστοῦ
2561 3867 2720 3940 μέχρι
2761 3868 2955 3940 καιροῦ
2987 3869 3228 3938 δηλονότι
3269 3871 3603 3943 πρέποντος,
3635 3873 3728 3926 καὶ

2144 3957 2226 4009 ὅτι
2260 3957 2567 4027 περιφανὴς
2598 3957 2753 4011 ἔσται
2794 3960 3048 4031 Χριστὸς,
3085 3960 3198 4031 ἅμα
3243 3966 3352 4026 τοῖς
3395 3964 3591 4017 ἑαυτοῦ
3628 3982 3730 4035 μα-

2145 4047 2354 4118 Θηταῖς,
2381 4048 2507 4100 ὅταν
2528 4047 2752 4120 ἐκϐαίνῃ
2785 4048 2884 4118 τὴν
2929 4049 3188 4102 Ἰουδαίαν
3219 4052 3313 4104 καὶ
3343 4051 3477 4122 πρὸς
3503 4052 3570 4106 τὰ
3599 4052 3724 4122 ἔθνη

2145 4137 2336 4210 βαδίζῃ
2361 4138 2667 4208 μετατιθεὶς
2698 4140 2782 4191 ἐπ’
2817 4141 2998 4192 ἐκεῖνα
3035 4141 3133 4210 τὴν
3170 4141 3350 4213 χάριν.
3397 4143 3528 4196 Ἀπὸ
3575 4144 3633 4196 δέ
3663 4161 3724 4211 γε

2141 4228 2236 4282 τοῦ
2287 4230 2446 4300 ὅρους
2499 4229 2624 4292 τοὺς
2679 4231 2980 4300 ἑπομένους
3025 4231 3173 4302 αὐτῷ
3223 4233 3590 4312 διεσκέπτετο,
3632 4239 3722 4290 καὶ

2141 4322 2368 4393 προσέτι
2405 4322 2578 4392 τούτῳ
2601 4323 2877 4376 -διενοεῖτο
2915 4324 3044 4395 περὶ
3069 4325 3297 4396 τροφῆς.
3332 4327 3442 4380 Καὶ
3481 4328 3639 4382 τοῦτο
3667 4329 3719 4382 δὲ

2141 4411 2302 4465 πάλιν
2325 4411 2583 4482 ἐλέγομεν
2608 4412 2858 4483 καθάπερ
2888 4415 2945 4466 ὲν
2978 4413 3134 4485 τύπῳ
3163 4417 3473 4487 σημαίνειν,
3513 4419 3609 4472 καὶ
3627 4419 3721 4491 τὴν

2139 4501 2345 4556 ἀνωθεν
2367 4506 2478 4565 τοῖς
2507 4504 2680 4572 ἁγίοις
2737 4507 3190 4577 χρεωστουμένην
3223 4511 3550 4582 ἐπισκοπὴν,
3584 4514 3722 4566 κατά

453 4599 718 4665 chorum,
749 4609 800 4656 et
830 4602 1134 4657 secundum
1175 4619 1270 4660 eos
1309 4615 1630 4661 sanctarum
1663 4607 2033 4665 Ecclesiarum

2153 4593 2200 4644 ιό
2221 4609 2234 4622 ’
2267 4613 2284 4644 ι
2327 4569 2622 4665 Ὀφθαλμοὶ
2683 4569 2885 4667 Κῦρίου
2917 4569 3307 4664 ἐπὶ-δικαίους,
3339 4619 3356 4652 ι
3383 4569 3593 4656 καὶιότι
3616 4603 3720 4656 τῶν

453 4685 551 4741 Dei
580 4691 876 4756 praesules,
907 4691 1135 4748 uberem
1166 4695 1463 4752 ministerii
1491 4713 1620 4771 erga
1649 4715 1750 4755 nos
1797 4701 2034 4756 fructum

452 4790 834 4849 reportaturus
873 4801 886 4838 :
928 4794 1089 4856 typus
1118 4787 1261 4841 enim
1290 4788 1380 4844 ille
1410 4790 1476 4844 ad
1505 4806 1698 4848 omnes
1726 4793 1886 4848 initio
1917 4809 2038 4865 spe-

451 4871 659 4924 ctabat.
691 4870 984 4931 Postremo
1013 4887 1357 4948 spectatores
1389 4883 1610 4956 signum
1645 4886 1945 4954 mirantur,
1979 4897 2034 4942 et

455 4971 705 5019 statuunt
739 4963 927 5020 Jesum
960 4970 1014 5022 in
1050 4985 1230 5039 regem
1275 4987 1491 5044 rapere.
1541 4975 1699 5041 Quod
1733 4994 1858 5032 cum
1906 4993 2036 5032 nos-

453 5064 534 5110 sct
556 5095 570 5117 ,
598 5056 752 5112 solus
779 5058 989 5112 secedit
1014 5059 1069 5112 in
1096 5069 1364 5126 montem,
1386 5074 1442 5118 ut
1467 5068 1734 5136 scriptum
1757 5077 1862 5122 est.
1881 5067 2039 5123 Post-

450 5163 616 5216 quam
645 5147 792 5201 enim
824 5162 949 5201 eum
981 5158 1172 5218 gentes
1200 5159 1259 5205 ut
1293 5154 1686 5210 miraculorum
1719 5157 2031 5214 edectorem

452 5255 514 5292 ac
537 5238 704 5294 Deum
727 5249 1118 5310 suspexerunt,
1143 5251 1438 5313 postquam
1469 5261 1593 5300 eum
1627 5262 1813 5318 regem
1841 5249 2030 5304 cuncti

451 5340 846 5402 nuncuparunt
869 5346 932 5386 ac
957 5331 1270 5398 Dominum,
1299 5343 1432 5390 tunc
1465 5351 1686 5408 quoque
1708 5348 2029 5409 assumptus

451 5431 536 5475 est
581 5425 735 5478 solus
788 5425 842 5477 in
894 5424 1130 5487 caelum,
1189 5425 1409 5482 nemine
1462 5427 1644 5498 ipsum
1678 5430 1907 5484 omnino
1937 5447 2026 5487 se-

451 5525 674 5584 quonte.
719 5515 977 5573 Primitize
1015 5519 1162 5573 enim
1215 5527 1554 5575 mortuorum
1592 5537 1716 5575 cum
1760 5531 1913 5577 esset
1942 5523 2020 5589 ",

448 5606 702 5660 ascendit
730 5611 880 5664 solus
908 5612 962 5664 in
989 5620 1226 5665 montem
1250 5625 1510 5679 magnum
1536 5627 1599 5667 ac
1623 5628 1812 5668 verum
1833 5653 1848 5678 ,
1869 5614 2027 5684 juxta

524 5757 568 5789 δ’
588 5756 747 5814 Joan.
774 5777 845 5824 γι,
881 5763 966 5818 l5.

2144 4681 2451 4750 σεϐομένων
2505 4685 2664 4737 αὑτὸν
2714 4687 2814 4738 οὐκ
2840 4688 3192 4758 ἀπρονοήτως
3237 4689 3350 4760 ἔχει
3389 4691 3541 4755 Θεός.
3591 4690 3718 4746 Είτα

2141 4773 2457 4842 παραδόξως
2507 4777 2534 4827 6
2576 4776 2740 4839 πολὺς
2781 4779 3122 4850 ἀπετρέφετο
3153 4780 3346 4852 δῆμος,
3393 4782 3481 4838 διά
3510 4801 3568 4835 τε
3615 4784 3720 4839 τῶν

2141 4864 2301 4916 πέντε
2336 4863 2534 4934 ἄρτων,
2569 4867 2666 4920 καὶ
2698 4871 2812 4923 τοῖν
2827 4869 2969 4923 δυοῖν
2991 4871 3236 4941 ὀψαρίοιν
3261 4888 3274 4900 ο
3302 4875 3384 4942 ἐφ’
3413 4866 3459 4941 ᾧ
3494 4873 3558 4946 δὴ
3585 4876 3718 4946 χρῆ-

2136 4972 2223 5008 ναι
2247 4955 2484 5008 νοεῖσθαι
2532 4956 2896 5030 διωριζόμεθα
2932 4962 3041 5015 τῶν
3089 4963 3261 5031 ἁγίων
3309 4969 3716 5038 συγγράμματα

2136 5046 2381 5101 παλαιῶν
2400 5064 2458 5100 τε
2488 5048 2581 5101 καὶ
2642 5051 2799 5115 νέων,
2843 5053 2942 5122 τὴν
2968 5053 3034 5104 δι’
3065 5054 3382 5110 ἀποστόλων
3417 5058 3716 5127 παράθεσιν

2134 5140 2248 5200 τοῖς
2277 5139 2534 5208 ἀγαπῶσι
2559 5141 2826 5212 Χριστόν·
2865 5145 3001 5214 πρὸς
3035 5145 3090 5198 δὲ
3124 5148 3353 5216 τούτοις,
3377 5150 3459 5204 ὅτι
3486 5150 3579 5204 καὶ
3629 5152 3715 5204 τὸν

2137 5229 2234 5298 τῆς
2252 5230 2330 5293 είς
2343 5231 2374 5300 ὴ
2384 5231 2489 5300 μᾶς
2499 5231 2774 5296 διακονίας
2790 5235 2999 5304 καρπὸν
3013 5237 3266 5293 πλούσιον
3283 5244 3552 5312 κομιεῖται
3568 5245 3712 5312 παρὰ

2137 5319 2270 5374 Θεοῦ
2296 5321 2406 5375 τῶν
2437 5323 2692 5394 μαθητῶν
2712 5327 2740 5377 6
2772 5327 2948 5396 χορὸς,
2969 5330 3063 5382 καὶ
3098 5334 3216 5400 μετ’
3244 5334 3506 5400 ἐκείνους,
3530 5337 3582 5386 οἱ
3605 5333 3710 5387 τῶν

2136 5413 2304 5481 ἁγίων
2319 5413 2415 5467 τοῦ
2437 5414 2572 5468 Θεοῦ
2591 5417 2933 5486 προεστῶτες
2966 5421 3320 5495 Ἐκκλησιῶν·
3341 5426 3435 5478 ἐπὶ
3450 5427 3560 5498 γάρ
3579 5427 3711 5479 πάνυ

2133 5522 2233 5568 τας
2261 5507 2318 5558 ἐν
2336 5506 2561 5570 ἐκείνοις
2579 5509 2606 5559 6
2631 5507 2799 5573 τύπος
2823 5505 2892 5582 ἦν
2925 5515 2982 5566 ὲν
3004 5515 3167 5586 ἀρχῇ.
3197 5511 3327 5569 Εἶτα
3342 5517 3713 5587 θαυμάζουσιν

2134 5598 2180 5649 οξ
2203 5596 2397 5668 θεωροὶ
2427 5597 2488 5651 τὸ
2514 5603 2758 5668 σημεῖον,
2793 5605 2886 5656 καὶ
2921 5605 3187 5676 ἁρπάζειν
3216 5611 3296 5672 είς
3335 5608 3567 5681 βασιλέα
3590 5610 3711 5682 βου-

1056 5765 1317 5822 "lerem.
1351 5782 1449 5835 ιιι,
1483 5768 1536 5824 7.
1615 5769 1658 5804 δ’
1706 5769 1854 5827 Psal.
1890 5786 2086 5831 nun.
2121 5770 2210 5826 i6.
2289 5772 2335 5802 '°
2360 5773 2378 5824 ι
2403 5771 2532 5828 Cor.
2567 5788 2657 5841 xv,
2680 5775 2772 5832 20.
