4078 6262
383 349 490 411 460

1444 352 1514 408 ΙΝ
1534 352 1817 412 JOANNIS
1858 353 2311 413 EVANGELIUM
2351 354 2480 410 LIB.
2520 355 2619 411 Ill.

3530 356 3634 415 ‘70

392 469 600 542 Ἰησοῦν
618 511 634 538 ,
685 470 780 525 καὶ
808 470 1126 545 προσθήκην
1155 470 1236 542 τῷ
1262 469 1411 541 φόϐῳ
1435 471 1495 524 τὸ
1521 470 1707 543 θαῦμα
1739 470 1946 549 λαμϐά-

2059 470 2164 525 Sed
2215 473 2399 542 reipsa
2429 473 2683 527 Christus
2741 487 2843 528 eos
2888 471 3073 528 statim
3108 469 3326 539 liberat,
3377 471 3567 529 dicens
3604 488 3619 524 :

379 580 582 617 νουσιν.
643 562 994 617 Ἀπαλλάττει
1039 563 1096 617 δὲ
1134 563 1332 626 αὐτοὺς
1375 562 1485 618 τῶν
1533 562 1956 634 συμϐεϐηκότων

382 654 723 728 παραχρῆμα
759 656 1011 727 Χριστόςο
1064 674 1082 707 ι
1131 653 1273 724 Ἐγὼ
1302 657 1448 725 είμι,
1505 655 1580 725 μὴ
1629 650 1904 722 φοϐεῖσθε,
1935 673 1954 706 ι

380 746 576 813 λέγων.
636 747 780 800 Ἔδει
803 747 945 815 γάρ,
988 745 1093 800 ἔδει
1122 746 1301 800 πάντα
1329 746 1428 821 μέν
1452 744 1695 799 ἐκποδὼν
1716 743 1959 816 οἴχεσθαι

383 838 608 909 θόρυϐον
631 879 645 903 ,
680 839 874 903 παντὸς
925 837 981 893 δὲ
1012 838 1258 892 κινδύνου
1291 837 1579 906 φαίνεσθαι
1619 837 1956 908 κρείττονας.

378 929 503 991 τοὺς
527 924 605 992 οἷς
633 928 730 999 ἤδη
760 929 941 1000 παρῆν
973 930 1001 982 ό
1021 929 1276 999 Χριστός.
1320 928 1593 998 Εἰσόμεθα
1621 928 1832 992 τοίνυν,
1865 929 1960 983 καὶ

376 1019 464 1073 διὰ
492 1018 679 1072 τούτου
714 1020 877 1074 πάλιν
897 1059 913 1086 ,
948 1020 1202 1092 φρόνημα
1232 1020 1329 1090 μὲν
1357 1018 1501 1089 ἔχειν
1539 1020 1596 1071 έν
1631 1021 1957 1089 πειρασμοῖς

377 1108 633 1180 εὔτολμόν
652 1128 710 1163 τε
732 1112 825 1164 καὶ
844 1112 1089 1165 νεανικὸν
1105 1154 1119 1177 ,
1142 1112 1390 1182 ὑπομονῇ
1420 1111 1477 1163 δὲ
1501 1109 1671 1180 κεχρῆ
1682 1108 1802 1162 σθαι
1827 1126 1956 1162 συν-

376 1200 595 1271 τόνῳτῇ
627 1201 707 1264 εἰς
741 1201 975 1271 Χριστὸν
1006 1202 1177 1254 ἐλπίδι
1208 1200 1629 1271 βεϐαιουμένους
1652 1201 1732 1261 εις
1759 1199 1955 1267 εόθαρο

379 1290 496 1343 σίαν
518 1293 619 1361 τὴν
649 1294 741 1345 ἐπὶ
781 1292 856 1363 τῷ
900 1293 1077 1346 πάντα
1117 1292 1585 1365 διασωθήσεσθαι,
1640 1290 1743 1344 κᾶν
1771 1290 1956 1344 πολλοί

375 1398 516 1444 τινες
547 1384 694 1454 ἡμᾶς
717 1385 764 1437 ot
794 1386 858 1437 ὲκ
881 1385 975 1436 τοῦ
1007 1383 1359 1454 πειράζεσθαι
1382 1381 1750 1454 περικλύζωσι
1773 1381 1952 1449 φόϐοι.

389 1475 668 1546 Ἐπιτήρει
700 1476 807 1548 γὰρ
839 1478 988 1540 ὅπως
1016 1477 1114 1530 οὐκ
1144 1476 1305 1539 εὐθὺς
1346 1474 1754 1530 ἁποπλεύσασιν
1776 1512 1790 1536 ,
1835 1471 1958 1525 οὐδὲ

376 1567 435 1618 ὲν
478 1568 619 1637 ἀρχῇ
653 1567 763 1620 τῶν
799 1567 1082 1631 κινδύνων,
1129 1571 1242 1631 τοῖς
1270 1569 1328 1620 ὲν
1371 1566 1449 1637 τῷ
1493 1567 1690 1634 σκάφει
1721 1563 1955 1635 Χριστὸς

378 1656 761 1723 ἐπιφαίνεται,
806 1658 921 1713 ἀλλ’
959 1660 1044 1711 ὅτε
1096 1659 1329 1722 σταδίοις
1374 1656 1796 1725 ἀπενοσφίζοντο
1856 1657 1956 1724 τῆς

378 1746 607 1818 ἠπείρου
639 1748 870 1813 πολλοῖς.
931 1751 1006 1803 Οὐ
1042 1752 1151 1822 γὰρ
1185 1751 1343 1813 εὐθὺς
1376 1749 1686 1822 ἀρχομένης
1730 1748 1829 1817 τῆς
1860 1747 1953 1798 ὲκ-

2066 581 2083 612 t
2123 561 2234 630 Ego
2270 580 2418 628 sum,
2455 565 2623 619 nolite
2653 568 2863 618 timere.
2909 582 2933 616 ι
2965 563 3162 617 Procul
3205 564 3353 619 enim
3407 580 3631 619 cessura

2058 658 2176 704 erat
2228 653 2411 706 omnis
2447 654 2710 716 turbatio,
2748 662 2802 706 et
2840 654 2988 707 omni
3030 654 3273 723 periculo
3322 654 3635 722 superiores

2061 741 2228 795 futuri
2264 752 2424 797 erant
2473 744 2509 797 ii
2560 743 2765 813 quibus
2795 742 3054 798 Christus
3096 744 3302 799 aderat.
3341 743 3475 798 Hinc
3502 761 3635 816 ergo

2058 848 2255 888 rursus
2330 850 2551 904 quoque
2625 834 2890 891 discimus
2977 836 3306 891 tentationes
3370 837 3513 891 virili
3579 846 3636 893 et

2058 926 2572 991 constanti,animo
2643 927 2997 983 sustinemlas
3055 942 3219 993 esse,
3289 927 3632 984 ﬁrmissima-

2058 1033 2165 1087 que
2220 1018 2274 1072 in
2340 1018 2621 1075 Christum
2681 1033 2778 1088 spe
2825 1019 3046 1089 posita,
3112 1029 3299 1073 erecto
3346 1022 3400 1074 in
3453 1023 3630 1091 ipsum

2058 1109 2244 1161 animo
2279 1110 2519 1176 (etiamsi
2574 1110 2818 1180 undique
2875 1112 3240 1165 tentationutn
3297 1123 3474 1191 meum
3530 1130 3637 1169 nos

2056 1197 2376 1267 allnerent),
2412 1199 2639 1252 salutem
2675 1199 2899 1252 omnino
2938 1205 3357 1253 consecuturos.
3388 1197 3635 1252 Observa

2058 1287 2203 1342 enim
2240 1297 2299 1341 ut
2344 1303 2453 1342 non
2514 1290 2698 1344 statim
2752 1305 2784 1344 a
2826 1299 2967 1343 terra
3022 1290 3385 1355 solventibus,
3424 1305 3526 1345 nec
3574 1290 3630 1344 in

2058 1376 2331 1446 principio
2375 1378 2746 1445 periculorum
2786 1377 3039 1434 Christus
3090 1379 3143 1433 in
3190 1380 3408 1450 navigio
3456 1394 3628 1448 appa-

2059 1474 2198 1532 reat,
2225 1467 2321 1522 sed
2346 1483 2471 1522 cum
2502 1467 2696 1525 stadiis
2727 1471 2912 1524 multis
2935 1485 2965 1524 a
2996 1469 3313 1524 continente
3340 1469 3627 1525 distarent.

2056 1557 2177 1613 Non
2210 1560 2354 1615 enim
2386 1561 2572 1615 statim
2622 1576 2687 1615 ac
2736 1562 2944 1631 ingruit
2977 1562 3319 1632 perturbatio
3357 1559 3630 1627 servantis

2055 1653 2230 1722 gratia
2263 1652 2426 1707 nobis
2454 1656 2718 1717 occurrit,
2746 1654 2841 1709 sed
2880 1670 3003 1709 cum
3038 1654 3330 1709 invaluerit
3364 1662 3541 1707 metus
3568 1666 3632 1706 ac

2058 1742 2388 1822 periculum,
2417 1750 2470 1798 et
2502 1744 2556 1797 in
2594 1744 2810 1809 thediis,
2843 1753 2901 1798 ut
2934 1745 3006 1798 ita
3039 1745 3241 1808 dicam,
3271 1743 3629 1797 tentationum

379 1839 757 1910 ταρασσούσης
791 1842 936 1911 ἡμᾶς
985 1842 1357 1912 περιστάσεως
1401 1843 1436 1912 ὴ
1480 1839 1574 1893 τοῦ
1604 1836 1950 1901 διασώζοντος

2055 1832 2319 1889 (luctibus
2347 1835 2678 1904 reperimur,
2704 1843 2834 1893 tunc
2863 1836 3028 1889 etiam
3066 1835 3348 1903 inOpinato
3377 1834 3632 1889 Christus

381 1928 543 1999 χάρις
573 1931 846 2002 ἐπιφοιτᾷ,
873 1931 988 1986 ἀλλ’
1022 1933 1152 1985 ὅταν
1181 1932 1406 2003 ἀκμάσῃ
1441 1931 1537 2001 μὲν
1568 1932 1597 1982 ό
1621 1927 1801 1996 φόϐος,
1826 1925 1953 1994 φαί-

380 2038 536 2090 νηται
572 2021 625 2074 δὲ
651 2022 749 2093 ἤδη
784 2024 923 2077 κατά
946 2023 1141 2094 κράτος
1170 2025 1198 2077 ὁ
1231 2022 1506 2085 κίνδυνος,
1539 2021 1634 2074 καλ⁹
1655 2021 1713 2072 ὲν
1744 2017 1948 2088 μέσοις,

378 2109 445 2162 ἵν’
475 2111 644 2175 οὕτως
674 2115 845 2174 εἴπω,
891 2116 1008 2176 τοῖς
1042 2112 1251 2182 κύμασι
1285 2113 1395 2166 τῶν
1424 2111 1656 2180 θλίψεων
1682 2104 1946 2178 εὑρισκὼ-

2057 1933 2308 1995 apparet,
2341 1937 2655 1997 metumque
2707 1936 2946 1991 coercet,
2997 1934 3053 1980 et
3083 1928 3230 1979 omni
3285 1924 3528 1995 pericqu
3564 1925 3630 1976 Ii-

2052 2015 2230 2081 berat,
2267 2016 2526 2072 ineffabili
2555 2019 2759 2073 virtute
2787 2017 2982 2072 infesta
3014 2032 3243 2087 qumque
3272 2016 3324 2067 in
3360 2013 3628 2083 tranquil-

2055 2104 2260 2160 litatem
2294 2114 2349 2162 et
2380 2109 2640 2178 gaudium
2682 2107 3040 2163 transferens.

375 2208 512 2275 μεθα
535 2222 549 2235 ·
579 2207 697 2258 τότε
737 2205 799 2275 δὴ
844 2208 937 2261 καὶ
976 2207 1253 2278 ἀδοκήτως
1285 2206 1625 2275 ἐπιφαίνεται
1649 2200 1901 2273 Χριστὸς.
1941 2197 2035 2251 καὶ
2066 2201 2403 2272 περιστέλλει
2436 2205 2535 2275 μὲν
2573 2205 2664 2259 τὸν
2703 2203 2889 2274 φόϐον,
2925 2201 3171 2256 κινδύνου
3207 2201 3263 2255 δὲ
3295 2200 3628 2255 ἀπαλλάττει

372 2298 572 2361 παντὸς
592 2339 607 2361 ,
664 2298 856 2369 άφάτῳ
881 2299 1107 2369 δυνάμει
1143 2290 1449 2369 μετατιθεὶς
1478 2297 1547 2351 τὰ
1577 2296 1725 2350 δεινὰ
1743 2335 1758 2360 ,
1784 2291 2037 2360 καθάπερ
2059 2292 2140 2355 είς
2166 2296 2406 2367 γαλήνην
2432 2296 2530 2366 τὴν
2559 2296 2846 2367 εὐθυμίαν.

443 2391 694 2443 Ἦθελον
722 2388 837 2442 οὖν
872 2389 1081 2443 λαϐεῖν
1116 2390 1304 2444 αὐτὸν
1329 2392 1414 2455 είς
1441 2389 1677 2452 πλοῖον,
1719 2387 1814 2441 καί
1852 2387 1949 2439 εὐ·

370 2480 513 2547 θέως
530 2480 765 2549 ἐγένετο
785 2480 850 2534 τὸ
862 2480 1077 2535 πλοῖον
1095 2480 1192 2534 ἐπὶ
1206 2479 1318 2548 τῆς
1341 2479 1475 2551 γῆς,
1497 2481 1584 2546 είς
1596 2478 1677 2548 ἣν
1692 2478 1945 2546 ὑπῆγον.

441 2571 515 2624 Οὐ
546 2571 803 2624 κινδύνων
846 2571 1004 2642 μόνον
1032 2570 1365 2625 ἀπαλλάττει
1408 2570 1540 2634 τοὺς
1580 2570 1873 2640 πλωτῆρας
1920 2570 1948 2622 ὀ

370 2661 575 2733 Κύριος
608 2660 930 2733 παραδόξως
960 2662 1141 2726 αὐτοῖς
1175 2662 1489 2733 ἐπιλάμψας
1509 2703 1523 2726 ,
1575 2660 1690 2716 ἀλλ’
1726 2662 1825 2731 ἢδη
1853 2661 1949 2713 καὶ⁸

372 2757 531 2806 πόνου
560 2754 658 2806 καὶ
685 2753 925 2824 ἱδρώτων
979 2754 1287 2825 ἐλευθεροῖ,
1321 2754 1544 2824 δυνάμει
1566 2756 1631 2824 τῇ
1661 2752 1953 2822 θεοπρεπεῖ

370 2847 434 2916 τῇ
457 2846 575 2898 κατ’
603 2845 898 2916 ἀντίπεραν
925 2849 995 2917 γῇ
1016 2845 1377 2917 προσερείσας
1403 2844 1463 2898 τὸ
1494 2845 1720 2913 σκάφος.
1757 2845 1818 2896 Οἱ
1852 2843 1950 2913 μὲν

373 2938 478 3007 γὰρ
502 2937 867 3008 προσεδόκων,
891 2938 1223 3009 ἐρέττοντες,
1249 2938 1329 2992 ἔτι
1364 2937 1516 3009 μόλις
1532 2937 1788 2990 δύνασθαι
1813 2935 1952 2988 διεκ-

376 3030 552 3093 πλεῖν,
587 3032 616 3082 ὀ
645 3030 701 3083 δὲ
747 3030 842 3084 καὶ
886 3029 1093 3085 τούτων
1127 3030 1370 3101 ἐξίστησι
1405 3028 1512 3085 τῶν
1545 3032 1722 3083 πόνων
1754 3028 1950 3092 αὐτοὺς

373 3120 598 3185 πολλῶν,
617 3122 673 3174 έν
694 3122 858 3192 ὀλίγῳ
881 3122 1079 3192 κομιδῆ
1098 3121 1175 3190 τῷ
1192 3121 1369 3192 καιρῷ
1390 3120 1457 3192 (ί)
1481 3120 1770 3190 θαυμάτων
1789 3119 1853 3188 δη
1863 3137 1949 3189 μι-

368 3213 563 3282 ουργὺς
614 3213 755 3282 πρὸς
820 3211 1192 3293 πληροφορίαν
1240 3212 1422 3275 αὐτοῖς
1472 3210 1942 3281 άναδεικνύμενος.
1977 3244 2018 3301 C

370 3305 579 3360 Οὐκοῦν
612 3307 746 3375 ὅταν
775 3306 907 3376 ἡμῖν
939 3306 1297 3376 ὲπιφαίνηται
1318 3345 1332 3369 ,
1359 3305 1452 3358 καλ¹
1492 3303 1776 3375 ἐπιλάμπῃ
1814 3304 1950 3373 Χρι-

369 3395 526 3461 στὸς,
584 3394 794 3448 ἀκονιτὶ
828 3393 1250 3465 κατορθώσομεν
1298 3393 1486 3447 καὶτὸ
1531 3392 1782 3463 μεῖζονῆ
1830 3392 1951 3445 κατ’

368 3487 563 3540 ἐλπίδα
602 3486 699 3557 τὴν
738 3486 795 3540 ὲν
836 3488 1002 3557 ἡμῖν,
1051 3486 1145 3539 καὶ
1181 3487 1231 3538 οἱ
1268 3485 1357 3538 διὰ
1383 3482 1479 3538 τοῦ
1513 3485 1586 3555 μὴ
1617 3483 1762 3553 ἔχειν
1790 3482 1951 3537 αὐτὸν

369 3577 805 3641 κινδυνεύοντες,
860 3578 1070 3642 οὐδενὸς
1111 3577 1190 3632 ἔτι
1237 3576 1755 3649 προσδεηθησόμεθα
1787 3575 1948 3629 πόνου

368 3670 507 3739 πρὸς
536 3670 597 3722 τὸ
624 3668 882 3723 δύνασθαι
913 3666 1213 3740 κατορθοῦν
1238 3669 1307 3723 τά
1337 3668 1623 3738 λυσιτελῆ,
1684 3666 1951 3737 παρόντος

368 3760 583 3812 αὑτοῦ..
611 3760 780 3824 Λύσις
813 3754 905 3813 οῦν
937 3760 1045 3831 ἄρα
1073 3759 1271 3823 παντὸς
1300 3758 1543 3813 κινδύνου
1571 3758 1824 3829 Χριστὸς,
1854 3758 1948 3811 καὶ

369 3851 805 3924 κατορθωμάτων
836 3851 1058 3913 ἔκϐασις
1094 3850 1203 3903 τῶν
1234 3851 1374 3922 ὑπὲρ
1417 3850 1606 3903 ἐλπίδα
1635 3853 1747 3913 τοῖς
1782 3866 1950 3921 προσ-

367 3944 674 4013 δεχομένοις
713 3943 897 3998 αὐτόν.
956 3943 1174 4014 Ἐπειδὴ
1213 3943 1268 3996 δὲ
1319 3944 1413 3995 τὸν
1455 3941 1539 4008 ἐφ’
1582 3943 1798 4012 ἑκάστῳ
1839 3942 1949 3993 τῶν

368 4035 748 4106 προκειμένων
780 4034 1052 4105 ἀναμέρος
1084 4032 1464 4104 ἐποιησάμεθα
1505 4033 1688 4102 λόγον,
1742 4033 1843 4101 ἆγε
1883 4033 1948 4105 δὴ

368 4127 530 4180 πάλιν
559 4129 678 4189 ταῖς
707 4125 815 4177 τῶν
843 4126 943 4196 ἤδη
966 4124 1288 4193 φθασάντων
1316 4125 1658 4189 ἀκολουθίαις
1677 4168 1691 4192 ,
1742 4127 1833 4179 καὶ
1858 4125 1947 4179 τὸν

370 4219 427 4269 ἐν
465 4217 674 4280 τούτοις
706 4217 1044 4287 συνείροντες
1076 4216 1220 4287 νοῦν,
1258 4217 1632 4289 πνευματικὴν
1669 4216 1949 4287 ἐξυφήνω-

374 4328 473 4379 μεν
496 4310 748 4380 θεωρίαν.
811 4308 1018 4361 Οὐκοῦν
1049 4306 1238 4375 ὥσπερ
1267 4308 1346 4372 εἰς
1375 4308 1501 4380 ὅρος
1547 4308 1946 4380 ἀναϐεϐηκέναι

369 4403 459 4454 τὸν
487 4399 715 4470 οὐρανὸν
757 4400 1019 4470 ἐλέγομεν
1044 4400 1133 4452 τὸν
1171 4397 1378 4469 Ἰησοῦν
1417 4399 1815 4471 ἀναληφθέντα,
1850 4399 1947 4471 δη-

369 4493 542 4546 λονότι
590 4492 731 4561 μετὰ
765 4493 861 4562 τὴν
907 4494 971 4544 ἐκ
1019 4492 1231 4564 νεκρῶν
1285 4493 1580 4546 ἀναϐίωσιν
1614 4510 1627 4524 ·
1683 4493 1797 4545 ἀλλ’
1844 4494 1935 4546 ὅτε

2100 2386 2286 2457 ,292
2328 2388 2414 2453 γι,
2465 2390 2555 2443 2|.
2626 2388 2916 2443 Voluerunt
2964 2405 3084 2459 ergo
3124 2390 3358 2457 accipere
3406 2405 3525 2444 eum
3570 2390 3630 2445 ενι
3714 2368 3717 2375 ’

2052 2479 2249 2542 navim,
2278 2488 2326 2533 et
2349 2480 2533 2555 statim
2554 2481 2703 2533 navis
2727 2479 2831 2549 fuit
2855 2479 2924 2534 ad
2956 2492 3153 2534 terram
3184 2481 3236 2533 in
3264 2496 3423 2549 quam
3454 2482 3623 2537 ibant.

2122 2568 2240 2624 Non
2285 2584 2315 2623 a
2356 2571 2614 2640 periculis
2647 2580 2856 2626 tantum
2909 2571 3227 2642 navigantes
3263 2570 3526 2627 Dominus
3562 2573 3629 2628 li-

2051 2662 2207 2717 berat
2266 2662 2550 2734 in0pinato
2595 2664 2677 2719 eis
2730 2679 3025 2734 apparens,
3083 2663 3178 2719 sed
3239 2665 3386 2718 omni
3443 2664 3629 2721 labore

2047 2768 2267 2824 quoque
2297 2762 2352 2810 et
2391 2755 2594 2810 sudore
2639 2755 2903 2822 vindicat,
2937 2769 3062 2809 cum
3112 2755 3311 2811 virtute
3353 2755 3460 2810 Deo
3489 2772 3626 2811 con-

2048 2846 2287 2899 venienti
2320 2846 2371 2899 in
2411 2845 2696 2900 adversam
2735 2846 2910 2915 ripam
2962 2846 3237 2913 navigium
3271 2847 3514 2915 appellit.
3545 2844 3626 2902 Illi

2050 2938 2196 2992 enim
2227 2937 2316 2991 vix
2363 2951 2427 2991 ac
2460 2952 2527 2991 ne
2562 2938 2650 2991 vix
2690 2937 2909 3003 quidem
2944 2937 3265 3006 remigando
3298 2945 3522 2992 tranare
3567 2952 3628 2992 se

2051 3043 2215 3099 posse
2266 3029 2554 3099 putabant,
2614 3028 2703 3082 hic
2762 3028 2913 3097 ipsos
2961 3028 3125 3082 etiam
3183 3028 3467 3083 laboribus
3504 3028 3626 3083 istis

2051 3115 2268 3181 liberat,
2301 3117 2489 3172 multis
2536 3117 2738 3186 exiguo
2789 3116 3083 3170 admodum
3115 3123 3360 3188 tempore
3402 3118 3469 3173 ad
3501 3133 3625 3172 cer-

2052 3210 2247 3262 tiorem
2301 3208 2461 3262 ﬁdem
2513 3208 2677 3263 editis
2733 3208 3037 3263 miraculis.
3087 3208 3223 3262 Cum
3282 3223 3411 3278 ergo
3466 3210 3625 3266 nobis

2052 3296 2368 3367 apparuerit
2390 3304 2444 3351 et
2474 3296 2715 3350 illuxerit
2740 3294 3014 3358 Christus,
3046 3296 3197 3349 nullo
3229 3297 3446 3365 negotio
3479 3297 3624 3366 quod

2053 3404 2150 3458 spe
2206 3395 2395 3442 ucstra
2447 3387 2625 3456 majus
2674 3393 2760 3441 est
2791 3386 2956 3440 etiam
3010 3387 3376 3456 perﬁciamus,
3423 3395 3477 3441 ct
3531 3388 3623 3456 qui

2051 3479 2433 3550 periclitamur
2461 3493 2525 3533 ex
2556 3493 2621 3533 eo
2650 3478 2797 3547 quod
2828 3477 3006 3547 ipsum
3031 3493 3140 3531 non
3167 3477 3452 3543 habemus,
3474 3478 3626 3532 nullo

2052 3570 2289 3641 amplius
2342 3571 2528 3625 labore
2577 3571 2734 3625 utilia
2791 3585 3021 3641 quaeque
3078 3569 3451 3639 perﬁciemus,
3506 3571 3626 3640 ipso

2050 3668 2341 3731 praesente.
2382 3661 2636 3717 Christus
2684 3661 2870 3731 itaque
2913 3660 3112 3715 solutio
3151 3660 3334 3715 cuncti
3370 3660 3622 3728 periculi,

2050 3758 2104 3808 et
2151 3767 2378 3822 operum
2432 3767 2585 3822 spem
2646 3766 2865 3807 omnem
2919 3750 3298 3805 excedentium
3359 3752 3623 3821 perfectio

2051 3843 2482 3913 suscipientibus
2531 3845 2730 3913 ipsum.
2771 3840 2904 3896 Cum
2943 3851 3122 3897 autem
3175 3842 3241 3898 de
3282 3846 3445 3898 rebus
3495 3860 3621 3914 pro-

2051 3937 2243 4004 positis
2276 3935 2507 3992 seorsim
2560 3934 2674 4005 jam
2710 3934 3033 3998 dixerimus,
3061 3948 3159 4004 age
3188 3950 3380 3990 rursus
3427 3936 3619 3989 horum

2051 4043 2271 4098 quoque
2310 4041 2536 4083 sensum
2567 4025 2948 4095 superioribus
2978 4025 3364 4095 conjungendo
3395 4027 3621 4094 spirita-

2049 4118 2154 4172 lem
2226 4115 2740 4184 contemplationem
2810 4124 3076 4169 texamus.
3144 4114 3313 4184 Igitur
3379 4115 3620 4170 diximus

2047 4209 2234 4265 Jesum
2271 4209 2329 4262 in
2363 4209 2562 4262 cmlum
2610 4215 2867 4275 tanquam
2918 4206 2972 4259 in
3014 4216 3255 4259 montum
3306 4207 3622 4262 ascendisse

2049 4309 2418 4370 assumptum,
2454 4298 2715 4353 nimirum
2752 4305 2875 4366 post
2917 4296 3373 4351 resurrectionem
3410 4310 3440 4348 a
3476 4312 3622 4349 mor-

2049 4392 2190 4457 tuis;
2225 4390 2319 4444 sed
2354 4393 2643 4458 postquam
2680 4383 2827 4439 istud
2860 4382 2976 4437 ﬁeri
3026 4384 3276 4452 contigit,
3322 4392 3451 4437 tunc
3511 4382 3617 4436 soli

2046 4494 2102 4541 et
2138 4484 2369 4541 seorsim
2420 4479 2679 4550 discipuli
2733 4479 2911 4533 locum
2967 4484 3216 4543 tenentes
3272 4476 3619 4548 sequentium

368 4586 526 4638 τοῦτο
553 4583 804 4652 γενέσθαι
831 4582 1167 4653 συμϐέϐηκε,
1196 4583 1317 4635 τότε
1351 4583 1522 4652 μόνοι,
1552 4583 1645 4636 καὶ
1674 4582 1798 4636 καθ’
1818 4584 1940 4636 ἑαυ-

2053 4578 2195 4635 omni
2229 4591 2450 4648 quoque
2484 4585 2724 4644 tempore
2767 4571 3053 4628 doctorum
3090 4569 3618 4633 ecclesiasticarum,

364 4678 490 4740 τοὺς
529 4678 575 4730 ot
614 4675 857 4746 μαθηταὶ
904 4672 1075 4727 τύπον
1118 4673 1405 4743 ἐπέχοντες
1454 4674 1563 4727 τῶν
1614 4672 1807 4744 ἐφεξῆς
1856 4676 1948 4728 καὶ

365 4769 506 4822 κατά
567 4770 746 4822 πάντα
798 4767 988 4838 καιρὸν
1054 4766 1390 4820 διδασκάλων
1444 4766 1944 4836 ὲκκλησιαστικῶν,

366 4858 614 4928 καθάπερ
641 4856 763 4910 τινὰ
784 4855 1061 4910 θάλασσαν
1085 4854 1179 4907 τὸν
1203 4855 1261 4907 ἐν
1280 4853 1358 4924 τῷ
1386 4853 1611 4924 παρόντι
1630 4853 1731 4924 βίῳ
1758 4853 1943 4924 διανή-

366 4966 549 5017 χονται
576 4947 838 5012 κλύδωνα,
865 4949 1080 5019 συχνοῖς
1103 4948 1196 5001 καὶ
1230 4945 1484 5017 μεγάλοις
1520 4947 1943 5017 περιπίπτοντες

370 5042 715 5108 πειρασμοῖς,
740 5040 835 5093 καὶ
860 5041 986 5103 τοὺς
1015 5040 1107 5093 ἐπὶ
1131 5038 1209 5109 τῷ
1234 5039 1506 5092 διδάσκειν
1543 5040 1818 5103 κινδύνους
1843 5039 1942 5092 οὐκ

371 5124 1277 5203 εὐκαταφρονήτους’ὑπομένοντες
1312 5132 1464 5200 παρὰ
1484 5130 1593 5183 τῶν
1619 5131 1944 5200 ἀνθεστηκό-

368 5242 476 5278 των
503 5225 570 5292 τῇ
597 5221 809 5285 πίστει,
841 5224 934 5276 καὶ
962 5223 1284 5295 μαχομένων
1309 5226 1423 5287 τοῖς
1446 5222 1821 5291 εύαγγελικοῖς
1845 5221 1942 5293 δη-

367 5312 541 5367 λονότι
572 5311 940 5381 κηρύγμασιν·
958 5313 1093 5366 ἀλλὰ
1118 5314 1211 5367 καὶ
1239 5313 1333 5367 τοῦ
1355 5314 1522 5381 φόϐου
1551 5312 1939 5379 πεπαύσονται,

367 5404 460 5457 καὶ
481 5402 732 5456 κινδύνου
757 5402 974 5466 παντὸς,
990 5403 1352 5474 καταλήξουσι
1368 5405 1425 5457 δὲ
1446 5406 1539 5457 καλ⁸
1569 5404 1667 5474 τῆς
1694 5407 1751 5457 ἐν
1770 5406 1949 5470 πόνοις

367 5495 741 5566 ταλαιπωρίας
765 5535 778 5557 ,
828 5495 956 5547 ὅταν
991 5495 1170 5558 αὐτοῖς
1199 5496 1292 5550 καὶ
1321 5496 1563 5560 εἰσαῦθις
1592 5496 1943 5567 ὲπιφαίνηται

369 5586 597 5653 Χριστὸς
630 5587 687 5638 ἐν
715 5584 938 5655 δυνάμει
966 5585 1285 5657 θεοπρεπεῖ,
1334 5588 1432 5643 καὶ
1458 5590 1638 5643 πᾶσαν
1668 5589 1806 5661 ἔχων
1837 5592 1941 5646 ὑπὸ

371 5675 536 5738 πόδας
564 5674 661 5742 τὴν
699 5676 1043 5748 οἰκουμένην.
1102 5677 1270 5732 Τοῦτο
1314 5679 1420 5751 γὰρ
1460 5677 1613 5753 οἶμαι
1662 5682 1852 5754 δηλοῦν
1883 5687 1941 5738 τὸ

446 5792 512 5862 0)
546 5792 740 5851 Dccssc
773 5793 985 5849 videtur
1015 5793 1244 5849 πολλῶν.

2045 4671 2333 4741 praesentis
2357 4669 2481 4723 vita:
2514 4668 2812 4739 procellam
2853 4680 2952 4719 ceu
3006 4679 3155 4718 mare
3182 4661 3455 4733 quoddam
3488 4676 3623 4717 ena-

2046 4763 2253 4833 vigant,
2315 4762 2369 4816 in
2414 4748 2635 4815 crebras
2688 4773 3027 4827 magnasque
3088 4754 3420 4809 tentationes
3479 4754 3621 4808 inci-

2049 4853 2260 4920 dentes,
2304 4862 2359 4908 et
2417 4852 2649 4908 docendi
2706 4851 2947 4920 pericula
2997 4848 3066 4903 ab
3109 4846 3445 4903 adversariis
3500 4846 3621 4900 ﬁdei

2049 4954 2102 5003 et
2133 4947 2458 5017 evangelicae
2482 4942 2893 5015 praedicationis
2915 4940 3169 4997 hostibus
3192 4941 3439 5010 gnaviter
3456 4939 3625 4993 susti-

2048 5046 2246 5093 nentes
2283 5037 2418 5091 :sed
2463 5051 2502 5090 a
2543 5044 2689 5090 metu
2721 5043 2771 5089 et
2802 5034 3048 5088 laborum
3081 5032 3396 5088 difficultate
3440 5046 3625 5086 cessa-

2050 5131 2205 5198 bunt,
2239 5148 2361 5185 cum
2398 5130 2535 5200 ipsis
2572 5129 2754 5183 denuo
2782 5127 3042 5182 Christus
3076 5127 3361 5196 apparebit
3416 5125 3467 5176 in
3510 5123 3623 5175 vir-

2049 5232 2165 5278 tute
2211 5223 2323 5276 Deo
2368 5221 2740 5284 convenienti,
2773 5228 2825 5275 et
2876 5218 3182 5288 subjectum
3232 5217 3346 5270 suis
3393 5213 3623 5281 pedibus

2047 5317 2236 5370 orbem
2272 5323 2539 5368 terrarum
2596 5313 2820 5367 habens.
2864 5310 2976 5365 Hoc
3007 5310 3151 5364 enim
3194 5303 3489 5374 signiﬁcari
3535 5318 3622 5354 ar-

2046 5409 2239 5470 bitror,
2272 5421 2395 5460 cum
2451 5404 2652 5458 dicitur
2699 5403 2979 5457 ambulare
3033 5412 3196 5466 supra
3259 5408 3406 5446 mare
3442 5411 3453 5445 :
3490 5408 3614 5445 nam

2049 5513 2198 5552 mare
2230 5496 2282 5551 in
2325 5493 2610 5562 Scriptura
2651 5492 2836 5545 divina
2893 5491 3211 5558 plerumque
3262 5497 3360 5551 pro
3415 5480 3620 5533 mundo

2049 5593 2280 5662 capitur,
2333 5588 2487 5659 juxta
2536 5586 2667 5639 illud
2730 5581 3033 5637 Psalmistze
3063 5595 3074 5627 :
3108 5594 3125 5626 ι
3167 5573 3280 5625 lloc
3316 5587 3467 5625 mare
3507 5586 3620 5624 nta-

2050 5701 2214 5757 gnum
2255 5691 2308 5737 et
2345 5680 2644 5751 spatiosum
2682 5695 2692 5729 :
2730 5674 2837 5727 illic
2870 5669 3082 5738 rcptilia
3116 5678 3350 5737 quorum
3401 5677 3508 5717 non
3540 5668 3621 5714 est
