4078 6262
459 347 560 411 171

1455 350 1543 415 ⁹5.
1583 345 1861 406 CYRILLI
1902 341 2371 401 ΑιΕΧΑΝοιιιΝι
2409 338 2728 398 ARCHIEP.

3607 322 3718 378 ιη

459 480 728 520 numerus
760 464 826 519 ³³.
870 483 889 517 ι
922 463 1058 520 Cum
1091 479 1220 535 ergo
1262 463 1545 536 ingressus
1578 464 1742 519 fuerit
1779 464 2034 520 Christus

2140 463 2230 514 ἐπὶ
2263 461 2534 530 Θαλάσσης
2566 457 2904 527 περιπατεῖν,
2936 451 3057 506 ἐπεὶ
3086 449 3179 502 καὶ
3205 448 3282 509 εἰς
3310 444 3516 513 κόσμου
3541 443 3719 493 τύπον

459 557 516 611 in
573 554 746 625 gloria
796 554 975 612 Patris
1024 555 1132 621 sui,
1166 557 1311 612 sicut
1367 557 1630 626 scriptum
1682 564 1764 610 est
1796 558 1863 619 ⁵³,
1905 564 2035 610 tunc

461 658 782 703 sanctorum
850 648 1225 718 apostolorum
1301 649 1477 715 navis,
1534 650 1637 704 hoc
1699 657 1786 704 est
1847 647 2034 702 Eccle-

459 739 567 800 sia.
597 745 652 794 et
707 740 799 805 qui
853 740 1110 809 navigant
1149 739 1205 794 in
1253 755 1339 802 ea,
1384 740 1434 793 id
1485 748 1570 795 est
1617 741 1712 811 qui
1753 756 1848 810 per
1875 739 2032 794 ﬁdem

459 830 626 901 293
658 841 712 885 et
755 832 1102 887 dilectionem
1139 833 1192 885 in
1237 830 1408 887 Deum
1450 848 1618 902 supra
1653 849 1740 888 res
1765 835 2036 887 humanas

461 916 740 986 feruntur,
789 925 898 977 cito
930 933 984 977 et
1013 923 1220 992 absque
1250 924 1360 975 ullo
1408 922 1595 978 labore
1639 925 1695 977 in
1729 933 1929 977 terram
1980 923 2036 976 in

461 1027 624 1080 quam
657 1013 888 1067 tendunt
931 1013 1229 1082 appellent.
1282 1012 1628 1082 Propositum
1666 1015 1812 1069 enim
1843 1015 1926 1069 eis
1953 1021 2036 1067 est

461 1104 517 1158 in
561 1119 787 1175 regnum
837 1105 1104 1160 etelorum
1138 1113 1397 1174 tanquam
1443 1107 1496 1159 in
1530 1107 1865 1160 tutissimum
1907 1121 2034 1176 por-

459 1204 576 1250 tum
602 1198 896 1266 appellere.
927 1196 1134 1252 Horum
1167 1209 1350 1253 autem
1381 1199 1627 1252 omnium
1655 1214 1876 1254 sensum
1914 1197 2037 1252 Sal-

459 1295 620 1341 vator
651 1286 960 1349 conﬁrmat,
1003 1286 1069 1342 ad
1104 1303 1234 1343 suos
1277 1287 1580 1358 discipulos
1624 1290 1844 1356 dicens,
1875 1291 2037 1345 modo

461 1376 680 1444 quidem
712 1396 724 1430 :
761 1396 779 1429 ι
813 1375 1111 1441 Modicum,
1152 1388 1202 1434 et
1232 1395 1339 1434 non
1373 1380 1632 1435 videbitis
1664 1396 1768 1446 me,
1805 1401 1822 1432 ι
1860 1391 1912 1436 et
1938 1384 2038 1437 ite-

461 1482 582 1520 rum
622 1485 634 1521 :
672 1468 978 1522 unodicum
1002 1477 1056 1524 et
1086 1469 1342 1525 videbitis
1376 1487 1461 1526 me
1483 1471 1553 1503 ⁸⁸·
1585 1489 1597 1524 :
1635 1488 1653 1522 ι
1694 1472 1856 1528 modo
1887 1487 2035 1538 vero,

467 1577 484 1607 ι
530 1557 854 1615 Pressuram
905 1559 1179 1616 habebitis
1214 1562 1271 1616 in
1315 1563 1520 1616 mundo
1565 1581 1578 1616 :
1621 1564 1716 1619 sed
1758 1563 2036 1619 conﬁdite.

461 1646 576 1720 Ego
605 1651 706 1704 vici
729 1652 1076 1707 mundum".
1106 1653 1408 1708 rCmterum
1441 1665 1608 1709 noctu
1636 1655 1703 1710 de
1737 1664 1922 1710 monte
1944 1656 2042 1710 de-

462 1741 680 1795 scendit
722 1742 1009 1809 Dominus,
1066 1753 1119 1799 et
1177 1746 1294 1801 suis
1349 1745 1636 1817 discipulis
1693 1748 2040 1804 insomnibus

2138 552 2399 617 πολλάκις
2426 553 2458 620 ἠ
2483 549 2728 603 θάλασσα
2758 545 2907 617 παρά
2931 547 2996 614 τῇ
3024 539 3144 612 θείᾳ
3167 536 3504 608 λαμϐάνεται
3524 533 3716 604 Γραφῇ

2137 644 2280 700 κατά
2323 644 2383 697 τὸ
2409 645 2465 697 ἐν
2498 641 2750 712 Ψαλμοῖς
2799 635 3123 710 εἰρημένον’
3162 650 3181 682 ι
3221 628 3370 698 Αὕτη
3405 628 3438 698 ἡ
3472 625 3718 679 Θάλασσα

2137 737 2170 808 ἡ
2203 735 2433 805 μεγάλη,
2460 734 2553 786 καὶ
2577 729 2888 802 εὐρύχωρος
2908 744 2920 756 ·
2950 728 3068 779 ἐκεῖ
3094 722 3320 794 ἑρπετὰ,
3350 712 3424 772 ὧν
3447 718 3547 772 οὐκ
3572 717 3720 808 ἐστιν

2137 806 2390 900 ἀριθμός.
2417 847 2436 880 ι
2493 828 2663 878 Ὅταν
2707 819 2799 877 οὖν
2837 819 3051 890 εἰσέλθῃ
3085 814 3319 887 Χριστὸς
3354 814 3410 864 ἐν
3457 810 3586 879 δόξη
3624 806 3718 860 τοῦ

2138 919 2352 992 Πατρδς
2391 917 2586 982 αὐτοῦ,
2637 914 2782 970 καθά
2833 914 3178 983 γέγραπται,
3226 905 3348 960 τότε
3391 901 3501 955 τῶν
3549 900 3719 968 ἁγίων

2091 1001 2096 1004 ’
2138 1012 2450 1066 ἀποστόλων
2469 1009 2529 1062 τὸ
2563 1009 2769 1077 σκάφος
2790 1046 2803 1069 ,
2828 1005 2972 1059 τοῦτ’
3005 1002 3172 1064 ἐστιν,
3203 999 3238 1070 ἡ
3285 993 3602 1063 Ἐκκλησία,
3625 992 3719 1044 καὶ

2137 1104 2188 1156 οἱ
2215 1102 2469 1164 πλέοντες
2500 1103 2557 1154 ἐν
2581 1101 2738 1169 αὐτῇ,
2764 1096 2910 1152 τοῦτ’
2941 1095 3108 1156 ἔστιν,
3138 1093 3186 1144 οἰ
3219 1089 3308 1143 διὰ
3332 1088 3592 1148 πίστεως,
3624 1085 3718 1137 καὶ

2137 1195 2358 1265 ἀγάπης
2385 1193 2485 1264 τῆς
2513 1195 2594 1257 εἰς
2627 1192 2757 1246 Θεὸν
2777 1230 2793 1257 ,
2847 1189 2958 1242 ἄνω
2982 1185 3091 1240 τῶν
3120 1186 3178 1236 ἐν
3220 1181 3410 1250 κόσμῳ
3435 1175 3720 1247 γεγονότες

2140 1287 2480 1357 πραγμάτων
2499 1324 2513 1347 ,
2536 1283 2772 1354 ἀμελητὶ
2803 1280 2896 1335 καὶ
2916 1279 3039 1349 δίχα
3070 1277 3232 1330 πόνου
3256 1272 3458 1335 παντὸς
3487 1269 3720 1325 καταλύ-

2142 1395 2324 1450 σουσιν
2340 1379 2419 1440 εἰς
2439 1379 2562 1447 γῆν,
2578 1377 2657 1438 εἰς
2674 1375 2739 1445 ἦν
2765 1366 3106 1443 ὑπῆγονῘΗν
3127 1369 3236 1440 γὰρ
3252 1368 3433 1429 αὐτοῖς
3451 1367 3478 1418 ὁ
3496 1362 3716 1426 σκοπὸς,

2140 1471 2390 1541 καθάπερ
2416 1470 2496 1533 είς
2519 1467 2692 1521 εὖδιον
2719 1463 3021 1519 καταλῦσαι
3046 1461 3263 1532 λιμένα,
3303 1460 3399 1529 τὴν
3425 1457 3533 1511 τῶν
3558 1457 3720 1526 οὐρα-

2141 1563 2246 1618 νῶν
2279 1561 2554 1633 βασιλείαν
2586 1560 2808 1629 δηλαδή.
2853 1557 3072 1609 Βεϐαιοῖ
3100 1555 3156 1608 δὲ
3181 1555 3277 1625 τὴν
3300 1555 3382 1620 ἐφ’
3413 1551 3587 1604 ἅπασι
3611 1551 3721 1611 τοῖς

2141 1639 2451 1725 εἰρημένοις
2479 1652 2716 1706 διάνοιαν
2745 1646 3185 1717 όΣωτὴρ,λέγων
3215 1643 3351 1714 πρὸς
3377 1641 3501 1702 τοὺς
3529 1635 3722 1692 ἑαυτοῦ

2145 1745 2414 1815 μαθητάς,
2435 1743 2562 1796 ποτὲ
2597 1739 2695 1812 μὲν
2716 1741 2796 1794 ὅτι
2829 1736 3204 1810 ιΜικρὸν,καὶ
3228 1732 3408 1788 οὐκέτι
3442 1729 3700 1801 θεωρεῖτέ

462 1832 744 1898 occurrit;
781 1833 924 1888 unde
954 1834 1010 1886 ﬁt
1041 1843 1098 1887 ut
1132 1850 1240 1889 non
1282 1836 1402 1892 sine
1432 1845 1580 1892 metu
1624 1837 1848 1893 videant
1879 1853 2033 1893 acce-

2143 1855 2234 1906 με,
2263 1855 2280 1886 ι
2306 1835 2400 1889 καὶ
2441 1834 2622 1898 πάλιν,
2663 1851 2682 1884 ι
2713 1831 2929 1903 μικρὸν,
2968 1830 3062 1884 καὶ
3095 1827 3294 1898 ὄψεσθέ
3325 1842 3414 1896 με,
3443 1844 3462 1876 ι
3501 1822 3634 1876 ποτὲ
3664 1820 3722 1875 δδ

462 1923 685 1978 dentem
720 1945 734 1979 :
771 1929 1173 1982 exhorrescunt
1217 1929 1388 1992 enim,
1417 1937 1479 1984 ut
1512 1932 1826 1987 necessario
1872 1932 2034 2002 quid-

463 2015 588 2067 dam
641 2015 772 2072 hinc
820 2017 1234 2089 intelligendum
1277 2037 1498 2091 quoque
1550 2024 1712 2079 nobis
1751 2031 2035 2094 appareat.

462 2100 772 2160 Descendet
805 2109 948 2160 enim
985 2109 1052 2163 de
1085 2110 1247 2176 coelo,
1273 2112 1478 2165 mundo
1507 2113 1676 2166 veluti
1707 2123 1873 2168 noctu
1902 2131 2038 2185 quo-

463 2193 756 2251 dammodo
779 2198 1110 2266 dormiente,
1132 2209 1185 2253 et
1213 2202 1268 2256 in
1299 2204 1470 2258 multa
1503 2215 1724 2273 peccata
1748 2216 2033 2263 stertente.

462 2284 677 2341 idcirco
709 2289 854 2342 enim
887 2289 954 2344 ad
981 2306 1082 2346 nos
1115 2293 1318 2348 alicubi
1349 2309 1573 2364 quoque
1603 2295 1680 2350 ait
1708 2315 1720 2349 :
1752 2314 1771 2347 ι
1807 2295 2038 2367 Vigilate

460 2393 614 2449 ergo,
639 2381 764 2450 quia
793 2382 1020 2437 nescitis
1046 2399 1154 2452 qua
1184 2385 1314 2438 hora
1339 2383 1608 2442 Dominus
1639 2398 1819 2442 vester
1845 2397 2039 2443 ventu-

461 2487 558 2527 rus
593 2481 680 2528 est
724 2473 815 2528 “..
845 2494 865 2526 ι
913 2474 1022 2530 Nec
1060 2476 1244 2532 minus
1287 2477 1337 2531 id
1369 2494 1436 2533 ex
1467 2479 1740 2548 virginum
1779 2481 2038 2549 parabola

462 2563 766 2620 discemus.
817 2568 1075 2638 Quinque
1108 2568 1254 2623 enim
1295 2569 1594 2638 prudentes
1626 2571 1867 2641 virgines
1916 2588 2039 2628 esse

463 2655 565 2718 ait,
600 2658 798 2712 stultas
830 2675 980 2724 vero,
1003 2661 1245 2730 quinque
1271 2679 1282 2714 :
1313 2680 1331 2711 σ
1360 2659 1562 2716 Moram
1592 2672 1771 2718 autem
1807 2664 2039 2719 faciente

463 2759 672 2814 sponso
706 2748 1142 2806 dormitaverunt
1175 2768 1390 2822 omnes.
1425 2761 1478 2808 ct
1509 2755 1890 2822 dormierunt;
1927 2772 2039 2812 me-

462 2834 552 2890 dia
583 2845 766 2894 autem
805 2849 968 2898 nocte
1007 2844 1215 2898 clamor
1237 2814 1417 2901 factus
1457 2855 1542 2902 est
1575 2865 1589 2900 :
1618 2846 1758 2903 Ecce
1802 2863 2039 2918 sponsus

463 2929 649 2995 venit;
686 2933 832 2987 exite
861 2933 1078 2988 obviam
1111 2935 1160 2990 ei
1194 2936 1260 2990 ⁸⁷.
1296 2955 1314 2988 ι
1340 2936 1534 2993 Cernis
1567 2945 1626 2991 ut
1668 2940 1845 2994 media
1880 2951 2040 2996 nocte

460 3036 704 3089 upousus
749 3024 910 3080 nobis
957 3027 1255 3082 adventare
1302 3029 1628 3084 nuntietur?
1669 3027 1806 3094 Quis
1855 3041 2034 3086 autem

465 3113 558 3168 ille
603 3115 676 3168 sit
719 3116 949 3182 clamor,
998 3126 1053 3172 et
1101 3119 1324 3189 quinam
1366 3135 1636 3178 occursus
1685 3124 1907 3178 divinus
1948 3124 2040 3178 ille

461 3199 669 3262 Paulus
699 3207 1004 3264 declarabit
1040 3211 1250 3279 dicens,
1283 3213 1422 3268 alias
1449 3215 1694 3283 quidem,
1724 3216 1903 3285 ipsum
1935 3215 2040 3270 Do-

466 3298 753 3354 minumin
798 3302 1085 3369 missione,
1135 3303 1188 3358 in
1230 3319 1364 3360 voce
1414 3307 1751 3377 archangeli,
1794 3307 1849 3361 in
1909 3307 2039 3362 tuba

465 3387 558 3444 Dei
580 3389 975 3448 descensurum
1008 3393 1075 3449 de
1108 3395 1248 3450 caelo
1275 3395 1356 3462 ⁸⁸;
1393 3395 1532 3451 alias
1562 3411 1713 3460 vero,
1739 3394 1806 3451 de
1830 3395 2040 3450 sanctis

465 3482 558 3551 qui
582 3485 993 3540 resurrexcrint
1026 3505 1039 3540 :
1077 3504 1096 3537 ι
1127 3486 1266 3550 Quia
1298 3495 1354 3541 et
1385 3502 1488 3542 nos
1524 3487 1616 3556 qui
1655 3487 1914 3552 vivimus,
1944 3487 2040 3556 qui

465 3576 674 3630 residui
711 3592 922 3639 sumus,
953 3579 1118 3631 simul
1145 3593 1270 3631 cum
1313 3578 1450 3648 ipsis
1478 3579 1532 3632 in
1577 3578 1817 3632 nubibus
1861 3578 2042 3646 rapie-

463 3682 590 3721 mur
621 3668 838 3721 obviam
887 3667 1109 3722 Christo
1159 3669 1214 3722 in
1263 3684 1389 3722 aera
1412 3709 1426 3731 ,
1459 3678 1514 3722 et
1542 3669 1622 3724 sic
1657 3683 1872 3738 semper
1914 3683 2039 3720 cum

467 3757 704 3813 Domino
743 3760 951 3813 erimus
989 3758 1055 3812 ⁸⁹.
1104 3779 1122 3810 ι
1162 3759 1315 3824 Quod
1366 3767 1548 3812 autem
1598 3759 1852 3829 discipuli
1892 3767 2039 3814 metu

466 3849 707 3918 perculsi
763 3849 1008 3916 fuerunt,
1064 3850 1189 3904 licet
1236 3852 1543 3904 venientem
1602 3851 1936 3920 aspicerent,
1989 3858 2043 3906 et

466 3940 786 3997 laborantes
840 3948 1002 4010 atque
1034 3941 1323 4012 vigilantes
1358 3940 1926 4010 deprehenderentur,
1962 3943 2041 3998 si-

467 4033 692 4101 gniﬁcat
755 4033 1099 4089 tremendum
1159 4033 1380 4104 quidem
1435 4033 1676 4103 judicem
1732 4034 1786 4087 in
1853 4048 2044 4090 omnes

465 4133 779 4191 venturum,
802 4126 1048 4196 adeoque
1069 4125 1281 4195 fastum
1320 4125 1386 4180 de
1423 4140 1483 4180 se
1505 4125 1756 4181 timorem
1785 4127 2043 4184 omnibus

465 4216 843 4285 incussurum,
886 4221 1086 4289 quippe
1117 4218 1210 4288 qui
1245 4233 1340 4288 per
1372 4219 1552 4288 ignem
1595 4217 1912 4288 probandus
1949 4218 2040 4281 sit,

469 4309 597 4364 licet
631 4310 779 4364 il'ius
819 4309 1113 4364 adventum
1147 4325 1364 4385 seu-iper
1399 4317 1699 4378 exspectet,
1736 4325 1834 4365 nec
1865 4313 2041 4365 virtu-

467 4413 581 4457 tum
619 4404 834 4459 labores
863 4397 1156 4474 abjccerit,
1187 4403 1281 4459 sed
1317 4405 1474 4459 bonis
1519 4405 1720 4474 vigiliis
1754 4411 1809 4457 et
1837 4405 2044 4459 sobrie-

2139 1929 2320 1990 πάλιν,
2354 1947 2372 1980 ι
2410 1927 2599 1996 Θλίψιν
2630 1925 2780 1990 ’ἐξετε
2815 1927 2871 1977 ἐν
2903 1923 2980 1993 τῷ
3007 1923 3226 1992 κόσμῳ·
3276 1917 3414 1972 ἀλλά
3447 1917 3723 1988 θαρσεῖτε,

2138 2019 2248 2086 ἐγὼ
2277 2020 2536 2088 νενίκηκα
2572 2017 2662 2070 τὸν
2695 2017 2921 2086 κόσμον.
2953 2034 2972 2067 ι
3004 2012 3234 2067 Κάτεισί
3270 2028 3334 2079 γε
3369 2008 3475 2080 μὴν
3515 2005 3607 2062 διά
3630 2023 3725 2060 w-

2139 2110 2265 2174 κτὸς
2287 2109 2395 2164 ἀπὸ
2427 2109 2519 2163 τοῦ
2555 2110 2714 2180 ὅρους
2744 2110 2772 2161 6
2807 2106 3031 2177 Κύριος,
3061 2105 3284 2167 καὶτοῖς
3315 2101 3510 2155 ἑαυτοῦ
3548 2099 3723 2170 μαθη-

2138 2203 2258 2263 ταῖς
2291 2198 2660 2270 ἀγρυπνοῦσιν
2688 2199 2946 2269 ἐπιφοιτᾷ
2966 2214 2980 2227 ο
3011 2195 3106 2249 καὶ
3127 2194 3258 2263 γοῦν
3283 2194 3430 2246 ἰόντα
3457 2189 3723 2263 προσϐλέο

2139 2309 2302 2345 πουσι
2328 2291 2528 2355 δειλίας
2562 2292 2622 2344 οὑ
2649 2289 2771 2361 δίχα
2790 2306 2804 2321 ο
2836 2288 3262 2359 καταφρίττουσι
3293 2285 3426 2355 γὰρ,
3462 2285 3549 2336 ἵνα
3576 2284 3638 2354 δή
3669 2299 3721 2336 τι

2138 2385 2199 2437 τὸ
2230 2385 2524 2452 ἀναγκαῖον
2553 2383 2632 2445 είς
2661 2382 2844 2452 νόησιν
2873 2380 2970 2434 καὶ
2998 2380 3085 2433 διὰ
3109 2377 3314 2431 τούτων
3344 2378 3473 2445 ἡμῖν
3498 2374 3724 2443 ἀναφαί-

2139 2494 2315 2546 νηται.
2331 2475 2556 2545 Καταϐή
2566 2491 2714 2527 σεται
2733 2473 2841 2544 γὰρ
2858 2472 2916 2537 ἐξ
2935 2471 3165 2542 οὐρανοῦ
3194 2469 3447 2546 καθάπερ
3463 2468 3520 2520 ἐν
3541 2465 3721 2530 νυκτὶ,

2140 2569 2484 2640 κοιμωμένου
2518 2568 2718 2638 τρόπον
2749 2566 2871 2620 τινὰ
2903 2565 2996 2618 τοῦ
3028 2564 3255 2633 κόσμου,
3291 2560 3386 2614 καὶ
3418 2562 3499 2620 εἰς
3524 2556 3722 2628 πολλὴν

2100 2733 2106 2737 ῠ
2142 2662 2429 2732 ῥέγχοντος
2462 2659 2754 2730 ἁμαρτίαν.
2809 2657 2907 2710 Διά
2935 2655 3042 2727 γὰρ
3071 2653 3248 2716 τοῦτο,
3290 2652 3384 2705 καὶ
3411 2650 3548 2721 πρὸς
3577 2649 3725 2719 ἡμᾶς

2140 2755 2242 2807 πού
2278 2770 2410 2823 φησι
2445 2767 2458 2783 ο
2489 2772 2505 2803 ι
2543 2752 2871 2823 Γρηγορεῖτε
2909 2744 3002 2803 οὖν
3024 2788 3038 2811 ,
3093 2747 3174 2800 ὅτι
3207 2747 3308 2800 οὐκ
3350 2745 3526 2798 οἴδατε
3565 2741 3726 2795 ποίαν

2139 2844 2288 2914 ὥραν
2315 2846 2343 2896 6
2376 2843 2579 2911 Κύριος
2605 2842 2758 2914 ὑμῶν
2789 2841 3029 2912 ἔρχεται.
3059 2857 3076 2891 ι
3118 2837 3326 2902 Διδάξει
3356 2837 3414 2890 δέ
3446 2834 3600 2888 οὐδὲν
3627 2827 3724 2904 ἦτ-

2137 2953 2232 2989 τον
2263 2938 2409 3006 ἡμᾶς
2436 2936 2525 2989 καὶ
2554 2937 2587 3006 ἡ
2620 2935 2714 2988 ἐπὶ
2749 2937 2869 2997 ταῖς
2903 2930 3197 3002 παρθένοις
3230 2927 3513 3000 παραϐολὴ
3543 2924 3603 2979 τὸ
3632 2925 3725 2978 λε-

2140 3030 2390 3099 γόμενον.
2438 3029 2609 3082 Πέντε
2655 3028 2754 3097 μὲν
2784 3027 2895 3096 γὰρ
2930 3025 3030 3088 τὰς
3059 3022 3356 3094 φρονίμους
3397 3016 3537 3073 εἷναί
3568 3032 3723 3088 φησι,

2145 3122 2334 3193 μωρὰς
2364 3121 2538 3184 δὲτὰς
2561 3121 2744 3173 πέντε.
2770 3139 2786 3170 ι
2811 3118 2970 3171 Ἀλλὰ
2999 3113 3351 3186 βραδύνοντος
3369 3110 3461 3165 τοῦ
3491 3108 3726 3180 νυμφίου

2141 3213 2440 3281 ἐνύσταξαν
2491 3214 2664 3265 πᾶσαι
2708 3211 2802 3264 καί
2853 3208 3176 3263 ἐκάθευδον·
3228 3206 3397 3276 μέσης
3431 3203 3488 3256 δὲ
3533 3200 3728 3264 νυκτὸς

2140 3307 2356 3378 κραυγὴ
2389 3306 2611 3374 γέγονεν
2634 3321 2648 3335 ο
2689 3303 2816 3356 Ἰδοὺ
2849 3304 2877 3355 ὁ
2901 3301 3162 3373 νυμφίος,
3191 3298 3480 3369 ἐξέρχεσθε
3515 3298 3595 3359 εἰς
3623 3295 3728 3348 ὑπο

2144 3399 2386 3467 άντησιν.
2415 3415 2432 3448 ι
2484 3398 2644 3467 Ὁρᾷς
2673 3396 2822 3456 ὅπως
2844 3394 2931 3446 διὰ
2971 3393 3144 3464 μέσης
3190 3390 3381 3453 νυκτὸς
3424 3391 3453 3442 6
3495 3387 3730 3458 νυμφίος

2142 3494 2273 3563 ἡμῖν
2305 3491 2661 3560 ἀγγέλλεται;
2691 3489 2785 3553 Τίς
2819 3488 2876 3541 δὲ
2905 3487 3090 3539 λοιπὸν
3126 3486 3158 3553 ἡ
3186 3484 3425 3555 κραυγὴ,
3454 3483 3548 3534 καὶ
3574 3483 3601 3534 6
3630 3483 3730 3552 τῆς

2143 3584 2500 3654 ἀπαντήσεως
2553 3581 2788 3652 τρόπος,
2851 3573 3322 3649 σαφηνιεῖλέγων
3369 3578 3397 3629 6
3443 3575 3732 3636 θεσπέσιος

2144 3673 2374 3736 Παῦλος,
2396 3671 2524 3724 ποτὲ
2559 3672 2655 3741 μὲν
2675 3672 2755 3725 ὅτι
2781 3669 2982 3732 «Αὐτὸς
3007 3671 3036 3721 6
3060 3668 3265 3739 Κύριος
3293 3669 3350 3720 ἐν
3371 3663 3725 3734 κελεύσματι,

2145 3767 2203 3818 ἐν
2237 3766 2385 3834 φωνῇ
2417 3763 2780 3834 ἀρχαγγέλου,
2811 3764 2869 3817 ἐν
2900 3761 3162 3830 σάλπιγγι
3183 3757 3320 3813 Θεοῦ
3355 3757 3730 3826 καταϐήσεται

2143 3858 2237 3911 ἀπ’
2273 3857 2502 3928 οὐρανοῦ
2525 3875 2536 3886 ·
2554 3875 2571 3908 ι
2604 3857 2732 3909 ποτὲ
2761 3855 2818 3908 δέ
2847 3855 3008 3908 πάλιν
3031 3854 3160 3923 περὶ
3189 3851 3296 3906 τῶν
3338 3843 3730 3920 ἐγηγερμένων

2146 3950 2317 4019 ἀγίων
2338 3967 2352 3980 ·
2383 3972 2400 4002 ι
2428 3951 2547 4004 Ὅτι
2577 3951 2669 4003 καὶ
2691 3951 2854 4019 ἡμεῖς
2886 3950 2934 4000 οἰ
2959 3946 3160 4010 ζῶντες
3192 3947 3239 3998 οἰ
3265 3943 3727 4014 περιλειπόμενοι,

2145 4043 2262 4114 ἄμα
2294 4045 2480 4105 αὐτοῖς
2510 4045 2568 4095 ἐν
2593 4043 2845 4112 νεφέλαις
2894 4038 3331 4111 ἁρπαγησόμεθα
3378 4039 3458 4100 εἰς
3483 4037 3728 4104 ἀπάντη-

2149 4153 2232 4189 σιν
2259 4135 2352 4188 τοῦ
2383 4135 2586 4206 Κυρίου
2618 4137 2698 4198 εἰς
2728 4134 2898 4204 ἀέρα,
2935 4132 3029 4186 καί
3058 4131 3198 4184 οὓτω
3225 4130 3455 4184 πάντοτε
3489 4128 3584 4181 σὺν
3616 4129 3729 4180 Κυ-

2153 4227 2249 4298 ρίῳ
2278 4225 2531 4296 ἐσόμεθα.
2563 4246 2580 4277 ι
2608 4225 2682 4278 Τὸ
2717 4225 2774 4278 δὲ
2805 4225 2954 4295 φόϐῳ
2983 4222 3276 4293 βεϐλῆσθαι
3301 4222 3427 4280 τοὺς
3459 4219 3727 4290 μαθητάς,

2147 4317 2323 4369 καίτοι
2358 4315 2698 4385 θεωροῦντας
2726 4315 3040 4385 ἐρχόμενον,
3066 4313 3158 4366 καὶ
3187 4313 3244 4363 ἐν
3267 4312 3414 4381 πόνῳ
3449 4311 3541 4363 καὶ
3569 4312 3732 4380 ἐγρη-

2147 4409 2336 4480 γόρσει
2367 4409 2873 4480 κατειλημμένους,
2934 4408 3112 4461 ἐκεῖνο
3141 4404 3324 4476 δηλοῖ,
3381 4405 3462 4457 ὅτι
3502 4401 3731 4472 φοϐερὸς

468 4495 566 4547 tati
596 4495 665 4550 sit
697 4496 1018 4550 innutritus.
1049 4495 1334 4565 Navigium
1367 4503 1546 4549 autem
1580 4510 1703 4548 cum
1735 4496 1852 4549 suis
1876 4496 2038 4550 disci«

2156 4501 2256 4570 μὲν
2290 4501 2383 4553 ἐπὶ
2415 4501 2620 4564 πάντας
2649 4499 2770 4569 ἥξει
2803 4499 3024 4570 κριτὴς,
3076 4495 3412 4565 καταπλήξει
3442 4495 3497 4547 δὲ
3524 4494 3730 4556 πάντας

469 4589 615 4656 pulis
646 4605 753 4643 non
787 4590 1094 4658 ingreditur
1117 4597 1375 4659 tauquam
1408 4604 1530 4644 cum
1565 4589 1631 4644 iis
1659 4589 2038 4658 navigaturus,

471 4677 567 4730 sed
597 4678 724 4732 illud
754 4679 935 4748 potius
971 4679 1025 4732 in
1051 4687 1254 4733 terram
1289 4679 1537 4749 impellit.
1570 4677 1687 4732 Non
1720 4680 1862 4732 enim
1891 4679 2045 4734 Chri-

2147 4593 2232 4661 ἐφ’
2256 4593 2452 4663 ἐαυτῷ,
2475 4594 2568 4646 καὶ
2594 4593 2622 4645 ό
2648 4592 2964 4655 δίκαιος,ιῦς
2981 4590 3070 4643 διὰ
3093 4589 3263 4661 πυρὸς
3281 4585 3544 4658 δοκιμαζὸ
3552 4602 3730 4657 μενος,

2150 4685 2328 4739 καίτοι
2377 4684 2804 4756 προαναϐλέπων
2852 4685 2940 4736 ἀεὶ
2979 4683 3069 4736 τὸν
3122 4681 3477 4752 ἀφιξόμενον,
3510 4681 3604 4731 καὶ
3637 4679 3734 4733 οὐκ

471 4781 594 4825 stus
633 4773 913 4840 apparebit
942 4773 1177 4842 amplius
1209 4772 1519 4827 colentibus
1564 4786 1623 4826 se
1669 4771 1735 4825 ad
1789 4772 2038 4827 virtutem

2150 4772 2390 4846 ὀκνήσας
2421 4779 2499 4839 εἰς
2541 4779 2734 4840 πόνους
2763 4778 2886 4840 τοὺς
2921 4777 3008 4829 ἐπ’
3037 4776 3236 4846 ἀρετῇ,
3263 4773 3420 4843 νήφει
3446 4789 3503 4823 τε
3536 4772 3734 4841 ὁμοίως

472 4876 567 4914 cos
596 4861 961 4929 perfecturus.
995 4863 1088 4918 sed
1128 4863 1239 4932 jam
1273 4862 1436 4935 294
1469 4863 1730 4933 perfectis
1765 4873 2038 4932 exspecta-

2153 4869 2249 4921 καί
2292 4868 2468 4938 ἀγαθῇ
2511 4869 2806 4940 γρηγόρσει
2856 4866 3353 4937 συντεθραμμένος.
3407 4864 3482 4917 Ού
3530 4878 3738 4916 συνεισά

472 4957 586 4997 ί¹¹¹¹¹
626 4947 780 5000 “"e'"
812 4950 1192 5018 ίιηβοείιυτυεο
2152 4960 2372 5031 έρχεται
2417 4960 2473 5012 δὲ
2506 4965 2617 5025 τοῖς
2657 4960 2848 5015 ἐαυτοῦ
2898 4959 3196 5030 μαθηταῖς,
3244 4959 3318 5020 ὡς
3371 4954 3737 5026 συμπλεύσων

471 5043 500 5096 6
528 5037 765 5110 Κύριος,
794 5039 1075 5108 ἐφορμίζει
1101 5040 1155 5092 δὲ
1196 5041 1392 5109 μᾶλλον
1423 5045 1487 5110 τῇ
1520 5041 1696 5112 χέρσῳ
1728 5042 1788 5094 τὸ
1854 5044 2080 5112 σκάφος.
2155 5051 2231 5103 Ού
2291 5049 2400 5120 γὰρ
2446 5051 2792 5122 συνεργήσων
2840 5048 2921 5102 ἔτι
2964 5047 3098 5116 πρὸς
3145 5043 3482 5115 κατόρθωσιν
3535 5043 3737 5114 ἀρετῆς

471 5135 584 5195 τοῖς
606 5129 767 5184 αὑτὸν
797 5129 1111 5199 σεϐομένοις
1135 5131 1474 5197 ἐπιφανεῖται
1493 5130 1741 5197 Χριστὸς,
1775 5130 1908 5184 ἀλλά
1971 5139 2084 5199 τοῖς
2121 5138 2220 5211 ἤδη
2272 5141 2726 5212 κατωρθωμένοις
2766 5141 2940 5211 πέρας
2976 5139 3253 5211 ἐπιθήσων
3317 5136 3379 5190 τὸ
3425 5137 3736 5209 προσδοκῶ-

479 5267 659 5325 μενον.

546 5341 638 5403 VI,
679 5341 779 5401 ‘22,
818 5337 907 5391 Ἦ.
961 5335 1142 5390 Altera
1176 5336 1291 5398 die,
1341 5337 1493 5389 turba
1528 5352 1642 5399 qua:
1674 5336 1851 5390 stabat
1901 5347 2038 5393 tram

2234 5343 2310 5412 Τῇ
2341 5344 2627 5410 ἐπαύριον
2667 5345 2700 5395 ὀ
2721 5339 2903 5410 ὄχλος
2938 5343 2970 5393 ό
2989 5339 3264 5406 ἑστηκὼς
3301 5337 3488 5406 πέραν
3504 5337 3614 5405 τῆς
3643 5342 3740 5393 θα·

479 5453 645 5499 mare,
677 5435 807 5489 vidit
843 5433 967 5502 quia
999 5429 1244 5483 navicula
1286 5429 1396 5481 alia
1429 5444 1529 5480 non
1559 5437 1672 5480 erat
1704 5428 1774 5480 ibi
1811 5430 1912 5482 nisi
1944 5447 2038 5483 una

2157 5434 2433 5500 λάσσης,
2487 5434 2631 5486 ἵδων
2663 5433 2750 5488 ὅτι
2791 5432 3106 5499 πλοιάριον
3136 5432 3292 5484 ἄλλο
3322 5431 3434 5482 οὐκ
3474 5425 3554 5498 ἦν
3596 5430 3736 5493 ἐκεῖ,

479 5530 577 5583 ilia
605 5531 658 5582 ia
691 5544 850 5597 quam
890 5526 1112 5594 ingressi
1153 5523 1365 5590 fuerant
1403 5521 1650 5590 discipuli
1680 5523 1814 5593 eius,
1847 5533 1896 5577 et
1924 5527 2038 5593 quia

2159 5528 2208 5579 ei
2228 5525 2312 5594 μὴ
2339 5525 2407 5579 ἐν
2436 5525 2628 5580 ἐκεῖνο
2663 5528 2750 5590 εἰς
2793 5524 2825 5578 ὃ
2855 5524 3162 5592 ἀνέϐησαν
3181 5525 3235 5576 οι
3249 5521 3505 5590 μαθηταί
3531 5520 3736 5586 αὑτοῦ,

553 5684 602 5718 ⁸³
627 5683 769 5738 Psal.
797 5701 913 5747 ειιι,
935 5685 987 5740 5.
1065 5686 1109 5716 "
1134 5684 1268 5739 Luc.
1299 5701 1448 5752 ulv,
1469 5683 1558 5738 26.
1635 5685 1704 5716 ⁸³⁸
1727 5684 1927 5740 Joanu.
1962 5705 2038 5743 xw

2139 5687 2208 5743 I6.
2293 5686 2517 5742 "Joan.
2569 5685 2794 5752 “1,56.
2879 5685 2924 5717 ⁸⁸
2950 5683 3118 5738 Marc.
3163 5678 3397 5744 xm,53.
3475 5678 3519 5709 ⁵⁷
3549 5673 3735 5730 Matth-

487 5770 616 5824 λιν,
648 5755 704 5822 5,
727 5753 780 5808 6.
815 5754 1140 5812 "llThess.
1180 5772 1231 5822 ν,
1262 5755 1350 5810 ιε.
1429 5759 1472 5790 δ’
1500 5755 1634 5810 Ibid.
1671 5755 1754 5810 16.
