4078 6262
337 340 440 396 675

1386 341 1457 398 IN
1492 339 1781 401 JOANNIS
1815 342 2264 403 EVANGELIUM
2308 345 2436 401 LIB.
2474 346 2567 402 Ill.

3496 349 3605 408 ,ιιι

335 456 433 508 καὶ
459 455 549 509 ὅτι
585 456 659 511 οὐ
686 454 956 524 συνῆλθε
992 457 1123 524 τοῖς
1153 458 1448 527 μαθηταῖς
1487 461 1675 516 αὐτοῦ
1721 465 1809 527 εἰς
1848 462 1915 516 τὸ

2038 479 2120 518 ιοη
2152 464 2423 517 introisset
2471 479 2587 517 cum
2626 464 2909 533 discipulis
2955 466 3067 522 suis
3105 464 3263 521 Iesus
3304 469 3360 522 in
3398 475 3595 542 navim,

334 542 609 599 αλοῖονό
648 545 904 612 Ἰησοῦς,
937 547 1076 601 ἀλλ’
1112 551 1167 602 οι
1197 550 1458 618 μαθηται
1495 551 1683 606 αὐτοῦ
1720 549 1918 619 ἀπῆλ-

336 635 467 688 θον.
496 634 695 689 Ἀλλα
719 635 788 687 δὲ
806 630 953 705 ἦλθε
971 636 1253 705 πλοιάρια
1269 638 1339 692 ἐκ
1362 639 1715 709 Τιϐεριάδος,
1739 641 1922 711 ἐγγὺς

339 727 447 782 τοῦ
493 730 717 793 τόπου,
767 728 918 805 ὅπου
941 730 1168 799 ἔφαγον
1207 730 1318 785 τὸν
1354 732 1538 802 apter
1565 735 1923 804 εὐχαριστήο

338 833 566 887 σαντος
594 819 698 873 τοῦ
726 821 967 888 Κυρίου.

411 912 486 966 Οὐ
517 911 763 966 λανθάνει
792 913 855 966 τὸ
886 913 1188 986 παράδοξον
1209 953 1223 978 ,
1272 917 1333 971 τδ
1377 918 1466 971 ἐπ’
1492 918 1664 988 αὐτῆς
1705 918 1810 987 τῆς
1836 918 1924 972 θαο

341 1001 569 1071 λάσσης,
609 1001 776 1072 φημὶ,
816 1004 1187 1075 περιπατῆσαι
1214 1005 1307 1059 τὸν
1351 1006 1588 1077 Ἰησοῦν,
1615 1009 1789 1063 καίτοι
1834 1009 1922 1062 διὰ

343 1092 565 1157 νυκτὸς,
616 1093 712 1146 καὶ
744 1094 803 1146 ἐν
840 1096 1017 1165 σκότῳ
1045 1098 1444 1168 γεγενημένον,
1489 1100 1581 1153 καὶ
1622 1101 1923 1172 λεληθότως

342 1182 719 1254 οἱκονομηθέν.
767 1183 1191 1239 Ὺπαισθάνεται
1226 1187 1283 1241 δὲ
1312 1188 1422 1243 τῶν
1452 1191 1765 1245 ἀκολουθεῖν
1796 1195 1922 1247 εἰω-

342 1272 510 1327 θότων
549 1274 579 1327 ό
623 1273 834 1344 δῆμος,
879 1275 970 1329 διὰ
1014 1277 1217 1347 πολλῆς
1256 1295 1434 1346 τινος,
1481 1283 1559 1346 ὡς
1598 1281 1741 1337 ἐοικε
1767 1324 1781 1344 ,
1824 1285 1924 1354 τῆς

339 1366 720 1436 ἐπιτηρήσεως
755 1366 1288 1440 πληροφορούμενος,
1309 1370 1392 1424 ὄτι
1424 1373 1559 1444 μήτε
1591 1375 1923 1445 συμπλεύσοι

348 1457 456 1519 τοῖς
518 1455 716 1509 ἑαυτοῦ
786 1457 1093 1529 μαθηταῖς,
1170 1460 1309 1532 μήτε
1375 1463 1481 1534 μὴν
1561 1465 1733 1537 ἑτέρῳ
1810 1468 1927 1521 δια-

345 1546 693 1619 πορθμεύσαι
725 1549 805 1620 τῷ
836 1550 1054 1620 σκάφει.
1087 1552 1264 1608 Μόνον
1291 1555 1401 1627 γὰρ
1429 1551 1497 1626 ἦν
1524 1558 1698 1612 ἐκεῖσε
1731 1560 1790 1612 τὸ
1818 1559 1927 1612 τῶν

346 1637 694 1703 ἀποστόλων,
723 1638 752 1691 δ
777 1639 842 1709 δὴ
871 1639 967 1694 ita).
999 1642 1256 1708 λαϐόντες
1286 1645 1613 1716 προῴχοντο.
1648 1649 1812 1702 υύδέν
1834 1645 1927 1703 οὖν

346 1727 460 1798 ἀρα
485 1727 736 1783 λανθάνει
764 1730 873 1785 τῶν
910 1734 1132 1802 ἀγαθῶν
1152 1776 1168 1799 ,
1216 1738 1320 1792 κᾶν
1370 1738 1670 1810 λεληθότως
1700 1742 1804 1795 ὑπό
1834 1758 1927 1797 του

347 1817 570 1887 τελῆται
623 1820 815 1890 τυχὸν,
862 1823 958 1876 καὶ
1008 1824 1204 1894 ἀληθὲς,
1254 1828 1502 1882 ἐντεῦθεν
1545 1829 1782 1901 ὀψόμεθα
1824 1832 1924 1895 τὸ,
1959 1819 2000 1874 Β

357 1926 375 1960 ι
400 1909 568 1962 Οὐδὲν
610 1912 886 1981 κρυπτὸν,
926 1914 955 1967 ὃ
987 1918 1048 1969 οὐ
1098 1920 1570 1990 φανερωθήσεται,
1631 1922 1752 1975 ούδέ
1794 1924 1928 1977 ἀπό-

353 2015 561 2070 κρυφον
581 2040 597 2064 ,
642 2002 672 2055 ὃ
712 2004 773 2056 ού
821 2006 896 2075 μὴ
928 2008 1178 2079 γνωσθῇ,
1229 2012 1325 2064 καὶ
1353 2014 1433 2076 εἰς
1463 2013 1693 2083 φανερὸν
1722 2014 1867 2086 ἔλθῃ.
1904 2033 1922 2067 ι

348 2090 565 2162 Χρῆναί
623 2110 765 2163 φημι
807 2100 1098 2177 τοιγαροῦν
1146 2100 1235 2154 τὸν
1286 2105 1400 2167 τοῖς
1451 2103 1653 2174 ἴχνεσιν
1701 2104 1925 2158 ἀκολου-

347 2181 461 2235 θεῖν
485 2182 735 2239 ἐθέλοντα
775 2187 870 2240 τοῦ
898 2190 1172 2261 Χριστοῦ,
1212 2195 1308 2247 καὶ
1360 2194 1503 2248 κατά
1536 2195 1595 2248 τὸ
1645 2196 1926 2268 ἐγχωροῦν

344 2270 618 2345 ἀνθρώπῳ
648 2277 784 2347 πρὸς
821 2279 911 2333 τὸν
953 2282 1012 2334 ἐν
1041 2282 1234 2353 ἐκείνῳ
1269 2284 1687 2340 διαπλάττεσθαι
1736 2287 1926 2352 τύπον,

453 2363 805 2455 φιλοκόμπως
844 2369 1162 2455 ἐπείγεσθαι
1202 2373 1392 2446 διαζῇν
1414 2417 1429 2441 ,
1479 2376 1612 2447 μηδὲ
1646 2379 1727 2440 εις
1753 2377 1925 2449 θήραν

343 2453 582 2509 ἐπαίνων
627 2458 943 2525 ἐξέλκεσθαι
982 2453 1238 2520 ποιοῦντα
1275 2466 1375 2535 τὴν
1416 2468 1648 2539 ἀρετὴν,
1703 2470 1836 2540 μηδὲ
1879 2471 1929 2523 εἰ

345 2544 645 2615 παράδοξόν
692 2565 815 2602 τινα
874 2553 969 2604 καὶ⁹
1019 2551 1138 2605 λίαν
1203 2553 1577 2626 ἐξησκημένον
1616 2558 1931 2612 ἐπανέλοιτο

348 2636 482 2707 βίον,
539 2640 599 2692 οὐ
636 2642 872 2713 μετρίως
898 2643 1219 2709 δοξάζεσθαι
1255 2646 1344 2700 διὰ
1371 2648 1530 2702 τοῦτο
1558 2648 1764 2719 φιλεῖν,
1794 2650 1932 2704 ἀλλά

2022 552 2112 607 sed
2139 553 2241 608 soli
2269 551 2519 622 discipuli
2535 556 2653 621 ejus
2678 554 2952 611 abiissent.
2987 556 3124 611 Atia!
3145 573 3266 611 vero
3290 573 3596 627 supervene-

2021 656 2145 699 runt
2176 660 2330 698 nares
2359 661 2392 698 a
2423 642 2702 699 Tiberiade
2747 645 2911 716 juxta
2961 647 3136 701 locum
3166 648 3256 701 ubi
3304 650 3599 707 manduca-

2023 746 2202 793 eerant
2239 753 2452 807 panem,
2483 737 2690 808 gratias
2722 747 2907 809 agente
2932 736 3181 793 Domino.

2093 917 2210 973 Non
2254 920 2389 975 latet
2419 919 2748 975 miraculum
2788 935 2900 990 quo
2932 934 3102 991 supra
3136 934 3291 977 mare
3330 921 3593 978 nimirum

2024 1011 2270 1082 graditur
2297 1010 2494 1077 Jesus,
2524 1012 2653 1067 licet
2683 1020 2849 1068 noctu
2898 1020 2953 1067 et
2992 1013 3047 1066 in
3098 1013 3342 1071 tenebris
3397 1014 3600 1069 factum

2026 1105 2120 1171 sit,
2140 1112 2193 1157 et
2226 1104 2366 1159 clam
2389 1104 2731 1163 ordinatum.
2763 1104 3050 1160 Subsentit
3070 1106 3214 1160 enim
3236 1105 3392 1161 turba
3410 1121 3601 1162 eorum

2027 1195 2119 1265 qui
2142 1196 2298 1265 sequi
2327 1196 2601 1259 solebant,
2638 1196 2852 1263 multis,
2884 1203 2942 1250 ut
2974 1196 3239 1252 credibile
3275 1204 3379 1260 est.
3415 1196 3606 1253 obser.

2025 1286 2341 1344 vationibus
2373 1286 2600 1352 edocta,
2647 1302 2751 1342 nec
2783 1301 2907 1341 cum
2956 1288 3073 1343 suis
3122 1287 3411 1359 discipulis
3448 1288 3603 1343 navi-

2026 1393 2208 1449 gasse,
2240 1394 2345 1434 nec
2387 1379 2497 1433 alio
2523 1379 2745 1448 navigio
2782 1385 3051 1434 tranasse.
3088 1376 3323 1434 Unicum
3355 1379 3498 1433 enim
3529 1379 3604 1433 ibi

2028 1478 2146 1525 erat
2180 1470 2515 1541 navigiolum
2548 1470 2958 1540 apostolorum,
2995 1484 3108 1539 quo
3136 1478 3424 1542 assumpto
3450 1470 3605 1541 prius

2029 1560 2419 1617 discesserant.
2455 1560 2600 1615 Nihil
2635 1575 2766 1629 ergo
2806 1562 2936 1616 boni
2984 1561 3141 1627 latet,
3169 1561 3422 1632 quamvis
3463 1562 3603 1618 clam

2030 1652 2099 1705 ab
2132 1652 2319 1723 aliquo
2348 1652 2488 1706 forte
2521 1649 2651 1718 fiat;
2682 1659 2738 1705 et
2767 1665 2959 1705 verum
2988 1652 3120 1706 hinc
3150 1668 3273 1708 esse
3296 1652 3607 1708 videbimus

2033 1743 2164 1797 illud
2202 1760 2216 1797 :
2253 1760 2271 1793 ι
2309 1740 2453 1795 Nihil
2491 1749 2577 1797 cst
2616 1742 3056 1810 Opertum,quod
3097 1755 3203 1795 non
3256 1742 3607 1797 revelandum

2032 1834 2103 1887 sit
2132 1851 2144 1886 :
2169 1840 2223 1888 et
2255 1831 2554 1898 occultum,
2582 1829 2731 1901 quod
2779 1846 2886 1885 non
2928 1831 3234 1897 sciendum,
3272 1838 3326 1885 et
3364 1833 3420 1885 in
3464 1833 3610 1885 noti-

2030 1924 2163 1977 tiam
2198 1932 2488 1977 venturum
2540 1922 2612 1976 sit
2639 1922 2704 1977 ⁸ο.
2748 1940 2767 1975 ι
2805 1922 2908 1975 Aio
2944 1921 3139 1992 itaque
3183 1928 3437 1992 oportere
3482 1936 3611 1977 eum

2032 2016 2128 2086 qui
2164 2015 2395 2087 vestigia
2429 2013 2639 2068 Christi
2678 2013 2833 2083 sequi
2865 2014 3039 2083 cupit,
3068 2019 3123 2067 ct
3157 2018 3422 2082 quantum
3460 2009 3614 2065 vires

2031 2106 2287 2161 humana:
2335 2106 2648 2176 patiuntur,
2700 2105 2769 2159 ad
2796 2105 2945 2160 illius
2994 2105 3303 2174 exemplum
3357 2103 3609 2169 formari,

2032 2212 2141 2251 non
2172 2196 2240 2251 ad
2264 2197 2692 2251 ostentationem
2725 2198 2892 2250 vitam
2921 2209 3277 2265 componere,
3300 2209 3401 2250 nec
3427 2194 3607 2249 virtu-

2033 2295 2143 2342 tem
2184 2289 2494 2343 exercendo
2523 2286 2715 2343 laudes
2752 2286 2965 2351 venari,
3001 2301 3179 2356 neque
3219 2286 3266 2341 si
3312 2284 3609 2339 admirabi-

2036 2377 2141 2432 lem
2174 2386 2229 2433 et
2265 2378 2485 2449 pietatis
2518 2377 2804 2433 laboribus
2848 2374 3122 2431 addictam
3153 2376 3318 2429 vitam
3356 2374 3613 2429 institue-

2036 2468 2129 2533 rit,
2159 2468 2454 2526 immodice
2481 2480 2766 2540 propterea
2807 2467 3053 2539 gloriari,
3095 2466 3190 2523 sed
3222 2463 3616 2521 solis‘Deitatis

2035 2560 2212 2615 oculis
2242 2571 2430 2631 patere
2461 2561 2597 2616 velle
2618 2601 2634 2626 ,
2675 2574 2799 2630 qua:
2837 2565 3027 2629 operta
3073 2556 3330 2623 recludit,
3358 2562 3416 2610 et
3464 2555 3613 2625 quod

2035 2653 2346 2708 clanculum
2379 2662 2593 2725 gestum
2621 2660 2707 2709 est
2735 2653 2884 2708 clare
2911 2648 3192 2720 patefacit.

348 2731 532 2802 μόνοις
561 2735 791 2804 ὁρᾶσθαι
825 2736 999 2793 θέλειν
1040 2743 1151 2805 τοῖς
1198 2741 1301 2811 τῆς
1329 2742 1583 2814 θεότητος
1625 2744 1924 2818 ὀφθαλμοῖς
1961 2746 2384 2819 ἀπογυμνούσης
2414 2747 2483 2800 τὰ
2506 2745 2744 2818 κρυπτὰ,
2772 2746 2864 2799 καὶ
2889 2746 2952 2799 τὸ
3013 2745 3314 2816 λεληθότως
3379 2742 3619 2798 ἐπιτελε-

349 2820 475 2876 σθέν
501 2826 578 2887 εἰς
607 2826 1022 2900 ἐμφανεστάτην
1054 2830 1298 2902 ἀγούσης
1326 2833 1649 2904 κατάληψιν.

423 2916 554 2971 Ὅτε
577 2913 690 2972 οὖν
714 2919 873 2974 εἶδεν
911 2924 945 2975 ὁ
977 2922 1162 2992 ὄχλος
1206 2925 1298 2979 ὅτι
1340 2927 1575 2994 Ἰησοῦς
1607 2930 1718 2983 οὐκ
1763 2930 1933 2984 ἔστιν

354 3003 495 3071 ἐκεῖ,
525 3009 666 3063 οὐδὲ
696 3013 750 3065 οἱ
770 3015 1027 3080 μαθηταὶ
1057 3016 1247 3071 αὑτοῦ
1265 3057 1281 3083 ,
1323 3018 1623 3086 ἐνέϐησαν
1644 3021 1812 3075 αὐτοὶ
1844 3024 1932 3089 εις

2108 2925 2199 2989 Vl,
2240 2923 2331 2978 94.
2375 2922 2508 2978 Cum
2546 2938 2668 2993 ergo
2711 2920 2927 2975 uidisset
2973 2920 3128 2973 turba
3170 2922 3291 2990 quia
3328 2919 3480 2976 Iesus
3512 2938 3616 2976 non

2036 3026 2170 3073 esset
2203 3017 2313 3081 ibi,
2352 3030 2513 3087 neque
2542 3013 2790 3081 discipuli
2819 3013 2965 3081 ejus,
2995 3012 3343 3065 ascenderunt
3380 3013 3432 3065 in
3473 3012 3621 3065 navi-

354 3101 431 3155 τὰ
456 3102 733 3171 πλοιάρια
751 3144 765 3169 ,
792 3105 893 3159 καὶ
916 3102 1108 3177 ἦλθον
1134 3111 1225 3176 εις
1259 3112 1664 3182 Καφαρναοὺμ
1694 3113 1933 3181 ζητοῦν-

2038 3111 2207 3174 culas,
2239 3118 2290 3163 et
2321 3116 2567 3162 venerunt
2589 3104 2968 3175 Capharnaum
2992 3113 3281 3174 querentes
3311 3101 3521 3159 Jesum.

355 3207 458 3259 τες
480 3193 586 3248 τὸν
617 3194 873 3261 Ἰησοῦν.

433 3284 841 3342 Ἀκολουθοῢσιν
867 3282 1011 3345 οὗτοι
1051 3290 1363 3363 θαυμασταὶ
1399 3295 1503 3365 μέν
1528 3297 1660 3360 ἴσως
1690 3297 1801 3351 τῶν
1836 3313 1935 3368 ση-

356 3374 529 3446 μείων
559 3376 935 3448 ὑπάρχοντες,
987 3383 1046 3435 ού
1082 3383 1189 3452 μὴν
1227 3385 1307 3446 εἰς
1336 3385 1397 3437 τὸ
1437 3389 1634 3457 χρῆναι
1659 3388 1938 3441 πιστεύειν

350 3472 453 3540 τὴν
479 3470 536 3534 ἐξ
579 3471 760 3524 αὐτῶν
786 3472 1055 3541 ὠφέλειαν
1081 3475 1363 3547 δεχόμενοι
1383 3517 1398 3542 ,
1453 3477 1567 3531 ἀλλ’
1607 3478 1794 3551 ὥσπερ
1819 3480 1939 3533 τινὰ

352 3560 431 3632 τῷ
462 3562 878 3634 παραδοξοποιῷ
913 3564 1013 3635 τὴν
1065 3567 1334 3621 ἀντίδοσιν
1381 3568 1471 3623 διὰ
1497 3569 1593 3623 τοῦ
1636 3571 1731 3625 καὶ
1778 3572 1938 3642 μόνον

355 3654 518 3708 αὐτὸν
546 3657 788 3709 ἐπαινεῖν
810 3656 908 3709 οὐκ
936 3656 1262 3730 ἀνεθέλητον
1292 3661 1777 3732 προσκομίζοντες.
1813 3664 1936 3734 Φρε-

356 3748 446 3810 voc
489 3746 547 3800 δὲ
577 3748 736 3802 τοῦτο
764 3748 977 3820 νόσημα
1010 3752 1204 3821 πικρὸν
1228 3792 1243 3817 ,
1286 3754 1381 3807 καὶ
1428 3753 1608 3824 ψυχῆς
1642 3755 1939 3827 οὐδαμόθεν

356 3839 448 3892 ἐπὶ
499 3840 599 3910 τὴν
646 3838 739 3894 τοῦ
796 3843 1164 3913 συμφέροντος
1209 3846 1422 3917 αἵρεσιν
1474 3848 1939 3917 παιδαγωγεῖσθαι

357 3928 796 4001 κατειθισμένης.
844 3933 1025 3985 Αἴτιον
1069 3933 1127 3985 δὲ
1170 3934 1376 3989 τούτων
1418 3936 1635 4003 αὐτοῖς,
1672 3939 1733 3991 τὸ
1783 3939 1942 4008 μόνον

359 4021 749 4091 ἐπιτέρπεσθαι
798 4026 917 4088 ταῖς
950 4024 1052 4094 τῆς
1088 4027 1283 4095 σαρκὸς
1337 4028 1586 4097 ἡδοναῖς,
1634 4030 1729 4082 καὶ
1765 4030 1939 4099 τροφῇ

364 4113 565 4183 μᾶλλον
606 4117 671 4185 τῇ
730 4114 1089 4187 εὐτελεστάτῃ
1147 4120 1241 4171 καὶ
1286 4121 1605 4191 προσκαίρῳ
1643 4119 1943 4192 προθύμως

360 4205 661 4275 ἐπιπηδᾷν,
707 4205 873 4276 ἤγουν
911 4209 1025 4271 τοῖς
1051 4215 1440 4280 πνευματικοῖς
1470 4213 1778 4283 ἐπιτρέχειν
1806 4214 1944 4279 ἀγαο

361 4296 498 4361 θοῖς,
534 4297 628 4349 καὶ
660 4297 954 4367 πειρᾶσθαι
987 4301 1306 4369 κερδαίνειν,
1343 4305 1444 4358 ὅσα
1472 4307 1608 4376 πρὸς
1638 4304 1783 4376 ζωῂν
1814 4307 1945 4358 ἀπο·

359 4388 549 4488 τρέφει
577 4386 674 4488 τῗην
698 4388 934 4488 αἰώνιον.
966 4391 1135 4446 Τοῦτο
1164 4394 1209 4447 δ’
1237 4394 1304 4449 ἂν
1330 4397 1523 4466 μάθοις
1552 4397 1818 4470 ἀκριϐῶς,
1845 4398 1939 4450 καὶ
1971 4435 2016 4488 D

362 4476 451 4530 διὰ
474 4475 584 4528 τῶν
604 4477 822 4544 ἐφεξῆς.

436 4569 543 4623 Καὶ
567 4570 844 4636 εὑρόντες
862 4573 1048 4644 αὐτὸν
1066 4575 1254 4641 πέραν
1273 4575 1382 4643 τῆς
1405 4576 1743 4645 θαλάσσης,
1766 4574 1940 4633 εἷπον

363 4659 522 4728 αὐτῷ
546 4680 559 4693 ·
605 4663 823 4728 Ῥαϐϐ),
859 4667 1004 4718 πότε
1034 4659 1149 4719 ὦδε
1177 4667 1427 4736 γέγονας
1445 4686 1464 4733 ;

434 4756 528 4819 Εἰς
558 4755 799 4809 διάθεσιν
831 4755 931 4826 μὲν
959 4759 987 4810 ὁ
1020 4756 1177 4826 λόγος
1203 4759 1300 4829 τὴν
1350 4758 1409 4826 ἐξ
1443 4761 1780 4830 ἀγαπώντων
1809 4780 1942 4833 σχη-

370 4847 671 4917 ματίζεται,
717 4850 812 4901 καὶ
859 4848 1266 4903 ύποπλάττεταί
1300 4868 1416 4914 πως
1459 4853 1518 4906 τὸ
1566 4852 1760 4921 γλυκὺ,
1805 4853 1945 4924 πλὴν

369 4938 592 5017 ἀνόητος
627 4940 845 5008 κομιδῆ,
903 4940 997 4993 καὶ
1040 4942 1409 5014 μειρακιώδης
1448 4944 1790 5016 ἐξελέγχεται
1820 4961 1835 4976 ο
1886 4947 1949 4999 ού

373 5030 628 5099 γὰρ.ἑδει
672 5031 751 5100 τῷ
782 5033 1021 5104 τοσούτῳ
1068 5037 1454 5107 περιτυχόντας
1483 5039 1807 5109 διδασκάλῳ,
1851 5040 1951 5110 μά-

374 5119 517 5171 ταιόν
550 5135 603 5170 τι
631 5120 828 5187 λέγειν,
860 5123 956 5175 καὶ
989 5124 1181 5193 μαθεῖν
1209 5125 1526 5193 ἐπείγεσθαι
1568 5126 1631 5180 τὸ
1664 5128 1849 5198 μηδὲν.
1887 5128 1954 5181 Ti

372 5211 481 5278 γὰρ
532 5208 638 5261 ἔδει
688 5210 1058 5277 φιλοπευστεῖν
1085 5257 1099 5281 ,
1155 5217 1284 5270 πότε
1338 5217 1437 5287 μὲν
1495 5218 1655 5283 αὐτὸς
1706 5218 1955 5287 ἀφίκοιτο

370 5299 562 5369 eux/5v;
618 5299 671 5352 τί
723 5301 780 5353 δὲ
830 5298 898 5373 ἦν
947 5306 1092 5370 εἰκὸς
1140 5308 1299 5362 τοῦτο
1355 5309 1628 5379 μαθόντας
1667 5310 1953 5382 ὠφεληθή-

377 5391 593 5459 σεσθαι;
640 5392 787 5461 Σοφά
821 5396 1109 5464 τοιγαροῦν
1138 5402 1288 5471 παρά
1327 5402 1504 5470 σοφῶν
1539 5403 1822 5474 ζητητέον,
1862 5405 1954 5457 καὶ

377 5484 794 5554 προτετιμήσθω
824 5485 997 5555 λόγων
1025 5489 1364 5546 ἀπαιδεύτων
1399 5496 1431 5565 ἠ
1472 5495 1531 5547 ἐν
1561 5495 1773 5549 συνέσει
1804 5496 1950 5565 σιγή.

378 5574 562 5628 Ἀλατι
603 5576 698 5646 μέν
731 5577 839 5648 γὰρ
884 5580 1151 5649 ἠρτύσθαι
1200 5584 1311 5639 δεῖν
1355 5587 1631 5665 ἐπιτάττει
1677 5586 1768 5641 τὸν
1799 5586 1953 5652 λόγον

481 5749 527 5783 ⁸⁸
564 5749 747 5806 Matth.
780 5770 834 5821 Χ,
863 5753 951 5808 26.

2109 3289 2427 3359 Sequuntur
2440 3286 2497 3341 hi
2519 3284 2856 3340 admirantes
2873 3284 3091 3352 quidem
3123 3282 3308 3339 forsan
3331 3284 3622 3353 miracula,

2037 3396 2145 3436 non
2175 3388 2357 3436 tamen
2381 3379 2447 3434 ad
2465 3377 2801 3434 credendum
2823 3378 3112 3433 utilitatem
3134 3392 3199 3432 ex
3233 3376 3370 3447 ipsis
3401 3376 3625 3447 capien-

2037 3483 2142 3540 tes,
2163 3474 2257 3530 sed
2278 3472 2780 3529 remunerationem
2817 3469 2986 3525 veluti
3011 3468 3303 3539 quamdam
3319 3466 3624 3525 referentes

2039 3565 2430 3621 miraculorum
2463 3562 2660 3619 editori
2696 3578 2761 3616 ex
2790 3575 2857 3616 eo
2885 3562 3065 3615 solum
3105 3559 3252 3630 quod
3282 3561 3461 3630 ipsum
3503 3574 3618 3614 non

2040 3656 2271 3711 invitum
2318 3654 2623 3710 laudarent.
2668 3652 2868 3707 Mentis
2909 3659 3091 3707 autem
3143 3652 3247 3707 iste
3284 3650 3469 3721 gravis
3506 3659 3626 3707 erat

2041 3752 2287 3815 morbus,
2317 3758 2371 3805 et
2407 3748 2746 3818 capessendo
2780 3748 2926 3801 bono
2968 3759 3314 3816 nequaquam
3361 3752 3621 3799 assuetae.

2039 3845 2211 3915 Cujus
2234 3841 2396 3914 295
2422 3856 2591 3897 causa
2626 3840 2741 3895 hazc
2788 3845 2930 3907 erat,
2971 3837 3119 3908 quod
3156 3837 3340 3891 carnis
3373 3836 3626 3905 volupta-

2040 3939 2190 3993 tibus
2218 3944 2431 3991 tantum
2477 3932 2922 3996 oblectarentur,
2949 3936 3004 3984 et
3031 3929 3361 3984 vilissimum
3392 3941 3455 3981 ac
3487 3936 3625 3981 tem-

2042 4028 2323 4099 porarium
2368 4026 2551 4081 cibum
2590 4023 2903 4093 arriperent
2945 4020 3131 4090 potius
3161 4033 3325 4088 quam
3353 4015 3622 4085 spiritalia

2043 4117 2187 4171 bona
2213 4120 2587 4185 capesserent,
2606 4124 2660 4167 et
2686 4111 2892 4165 lucrari
2915 4116 3256 4165 conarentur
3284 4120 3625 4176 quaecunque

2045 4210 2113 4263 ad
2155 4211 2321 4262 vitam
2354 4207 2606 4262 nutriunt
2640 4213 2924 4259 :eternam.
2957 4202 3071 4257 Hoc
3103 4210 3282 4256 autem
3313 4198 3477 4269 paulo
3502 4207 3625 4268 post

2046 4301 2258 4372 liquido
2287 4299 2512 4371 patebit.

2118 4560 2317 4626 Vl,25.
2355 4558 2421 4611 Et
2451 4573 2569 4610 cum
2597 4557 2915 4610 invenissent
2953 4572 3070 4609 eum
3130 4565 3280 4610 trans
3327 4571 3497 4620 mare,
3540 4557 3627 4611 (Ii--

2049 4660 2238 4707 xerunt
2264 4652 2312 4705 ei
2345 4666 2363 4703 :
2396 4646 2584 4710 Rabbi,
2606 4645 2819 4715 quando
2850 4644 2948 4697 huc
2982 4644 3206 4698 uenisti?

2122 4744 2440 4797 Amicorum
2490 4735 2730 4808 speciem
2796 4735 2959 4790 habet
2995 4736 3174 4789 oratio
3208 4774 3224 4799 ,
3271 4743 3325 4791 et
3376 4736 3629 4790 nonnihil

2052 4851 2164 4908 prae
2192 4852 2251 4891 se
2277 4833 2385 4890 fert
2416 4831 2704 4888 suavitatis
2745 4847 2758 4884 :
2803 4834 3184 4884 verumtamen
3221 4828 3392 4883 stulta
3433 4828 3631 4882 animo-

2054 4931 2185 4983 dum
2224 4936 2277 4981 et
2315 4926 2577 4996 juvenilis
2606 4922 2946 4993 comperitur
2986 4938 2999 4975 :
3045 4935 3155 4975 non
3200 4919 3435 4975 decebat
3484 4921 3631 4974 enim

2055 5037 2151 5078 eos
2179 5023 2271 5090 qui
2306 5025 2459 5073 tanto
2501 5016 2768 5086 magistro
2833 5012 3202 5068 occurrebant
3228 5028 3427 5065 vanum
3475 5011 3633 5078 quid-

2062 5113 2188 5168 dam
2218 5112 2426 5172 dicere,
2457 5109 2705 5178 nihilque
2736 5107 2804 5162 ab
2834 5122 2901 5162 eo
2953 5107 3261 5177 exquirere.
3302 5104 3439 5170 Quid
3485 5102 3634 5154 enim

2060 5220 2202 5275 opus
2232 5213 2355 5259 crat
2373 5201 2645 5258 sciscitari
2688 5198 3038 5270 quandonam
3077 5199 3196 5267 ipse
3229 5190 3627 5247 adventasset?

2061 5308 2155 5354 aut
2188 5297 2322 5369 quid
2359 5296 2485 5351 hinc
2516 5293 2771 5348 utilitatis
2828 5289 3102 5359 accepturi
3126 5293 3304 5342 erant,
3340 5289 3630 5350 postquam

2059 5395 2426 5454 didicissent?
2465 5390 2749 5461 Sapientia
2787 5389 2954 5459 igitur
2985 5393 3038 5438 et
3072 5378 3348 5447 exquisita
3400 5371 3633 5442 petenda

2061 5496 2193 5547 sunt
2245 5502 2274 5541 a
2319 5483 2682 5556 sapientibus,
2737 5487 2791 5534 et
2821 5476 3061 5547 prudens
3108 5466 3388 5556 silentium
3427 5463 3632 5532 ineptis

2062 5555 2410 5637 sermonibus
2439 5582 2521 5631 est
2550 5566 3014 5640 anteponendum.
3078 5558 3202 5611 Sale
3256 5555 3459 5623 ιιιιῖβρθ
3491 5566 3627 5617 CQ“-
