4078 6262
447 300 554 380 473

1480 320 1539 380 S.
1575 320 1854 379 CYBILLI
1887 313 2362 379 ΑιΕΧΑΝυΒιΝι
2397 320 2720 381 ABCHIEP.

3601 325 3710 383 676

448 433 709 491 diendum
744 447 870 491 esse
918 439 1170 490 nostrum
1222 445 1535 491 sermonem
1581 434 1739 506 jubet
1772 434 2060 505 discipu-.

2167 433 2283 504 μῶν
2312 435 2340 487 ὁ
2369 434 2607 506 Χριστοῦ
2646 432 2892 506 μαθητής
2917 449 2930 464 ο
2983 431 3170 506 ἐτερος
3222 433 3283 489 δέ
3318 451 3401 500 τις
3447 435 3528 500 είς
3553 438 3711 492 τοῦτο

451 527 594 583 1ιιε⁶¹
619 545 633 593 ;
663 532 719 581 et
743 524 889 582 alius
915 524 1143 597 quidam
1169 540 1201 581 e
1240 524 1587 596 sapientibus
1609 540 1677 582 eo
1709 541 1813 583 nos
1831 525 2033 581 invitat

453 619 540 675 his
583 619 766 675 verbis
803 636 818 674 :
858 638 878 671 ι
919 617 1046 683 Fili,
1100 619 1148 675 si
1180 618 1404 691 quidem
1432 617 1531 673 tibi
1585 626 1672 675 est
1719 635 1903 676 sermo
1955 619 2037 674 in-

452 710 790 782 telligentiae.
845 709 1171 781 responde:
1216 711 1301 767 sin
1340 711 1546 775 minus,
1591 726 1790 767 manus
1836 719 1928 765 tua
1963 710 2035 766 sit

454 801 512 857 in
540 818 635 857 ore
657 810 752 857 tuo
768 804 837 858 °'.
880 801 1051 870 {Quo
1086 810 1245 874 pacto
1275 818 1408 859 vero
1435 802 1638 873 lingua:
1667 802 1931 873 imperitae
1957 802 2039 857 vi-

456 896 592 948 tium
620 894 933 961 damnetur,
966 896 1077 951 alio
1110 910 1331 967 quoque
1379 911 1445 952 ex
1478 896 1606 951 loco
1637 910 2028 964 agnoscemus.

462 1005 481 1038 ι
518 985 575 1041 Si
600 986 724 1058 quis
752 987 899 1043 enim
937 993 1131 1058 putat,
1164 988 1377 1059 inquit,
1413 1003 1475 1045 se
1518 988 1837 1059 religiosum
1883 1002 2032 1054 esse,

458 1093 572 1133 non
611 1078 898 1135 refrenans
950 1078 1197 1150 linguam
1246 1094 1427 1145 suam,
1484 1078 1582 1136 sed
1626 1080 1896 1138 seducens
1944 1094 2041 1136 cor

460 1185 646 1238 suum,
674 1170 840 1241 hujus
863 1186 1004 1225 vana
1036 1178 1124 1227 est
1158 1171 1433 1242 religio“.
1476 1190 1497 1225 ι

533 1260 623 1326 Vl,
657 1262 749 1317 26.
784 1261 1071 1330 Respondit
1100 1263 1176 1316 eis
1201 1261 1385 1329 Jesus,
1417 1270 1467 1317 et
1501 1262 1676 1316 dixit:
1713 1262 1877 1316 Amen
1921 1262 2041 1316 dico

460 1352 605 1408 vobis
631 1359 656 1407 ε’
689 1355 930 1424 ᾳιιαννίιίε
976 1370 1074 1418 me,
1113 1370 1219 1408 non
1248 1356 1375 1424 quia
1414 1356 1621 1409 vidistis
1664 1356 1893 1425 signum,
1951 1354 2044 1411 sed

460 1447 587 1518 quia
610 1445 974 1501 manducastis
1002 1461 1067 1501 ex
1096 1447 1324 1517 panibus
1345 1486 1360 1513 ,
1410 1456 1458 1501 et
1488 1449 1723 1502 saturati
1749 1448 1899 1503 estis.

533 1626 839 1681 All‘eremus
888 1620 1095 1692 aliquid
1150 1634 1463 1684 commune,
1510 1625 1884 1673 verumtamen
1932 1616 2049 1671 exi-

464 1735 572 1790 guo
600 1718 789 1772 tritum
826 1732 949 1771 usu.
986 1714 1177 1769 Solent
1218 1726 1417 1781 magno
1453 1710 1675 1781 ingenio
1707 1708 1921 1780 praediti
1950 1709 2047 1763 do-

465 1773 650 1865 ctores
696 1806 863 1863 irasci
899 1806 1222 1875 plerumque
1273 1818 1398 1858 cum
1444 1803 1609 1857 inane
1660 1801 1921 1871 quiddam
1993 1808 2048 1855 et
2078 1773 2120 1828 Β

432 1899 663 1953 Ἲηιιιίιε
697 1899 765 1952 ab
795 1895 932 1966 ipsis
963 1894 1263 1965 quaeritur;
1310 1906 1487 1961 neque
1519 1905 1648 1945 vero
1690 1890 1744 1944 id
1790 1905 1857 1944 ex
1892 1904 2048 1943 arro-

468 1991 655 2062 gantia
688 1989 866 2045 facere
893 1988 1330 2058 comperiemus,
1378 1983 1471 2039 sed
1505 1983 1650 2053 quod
1701 1985 2046 2052 interrogan-

469 2086 608 2138 tium
640 2081 970 2152 imperitiam
1018 2080 1249 2134 moleste
1281 2077 1481 2133 ferant.
1535 2076 1611 2132 De
1657 2077 1817 2132 nobis
1865 2078 2051 2146 itaque

468 2173 758 2242 nostrique
792 2172 1068 2228 similibus
1111 2185 1221 2224 non
1262 2168 1476 2223 insulse
1515 2166 1721 2222 dictum
1751 2167 1883 2221 illud
1928 2180 2052 2221 esse

470 2264 733 2317 arbitror.
762 2262 1017 2318 Salvator
1048 2269 1231 2317 autem
1265 2260 1653 2316 vehementius
1680 2258 1934 2328 objurgat
1953 2272 2051 2313 eos

470 2357 564 2427 qui
591 2357 720 2410 talia
741 2356 1094 2427 quacsierant,
1112 2361 1301 2424 utpote
1318 2354 1483 2408 stulte
1500 2354 1787 2422 loquentes
1802 2358 1854 2405 et
1878 2351 2050 2418 impe-

472 2450 577 2504 rite
599 2456 905 2518 quaarentes
933 2462 1043 2501 non
1061 2461 1124 2500 ea
1145 2461 1212 2500 ex
1244 2444 1446 2513 quibus
1478 2443 1604 2498 boni
1637 2442 1904 2512 probique
1933 2454 2054 2494 eva-

470 2541 686 2605 derent,
716 2540 811 2594 sed
845 2540 1025 2609 ipsum
1055 2538 1127 2593 ob
1155 2537 1463 2592 mercedem
1510 2550 1855 2605 corpoream,
1876 2534 2055 2587 illam-

424 2698 435 2705 4
471 2646 581 2701 que
614 2630 935 2685 vilissimam
968 2638 1351 2700 sequerentur.
1388 2626 1533 2695 Quid
1567 2628 1712 2682 enim
1739 2627 1905 2697 296
1931 2626 2054 2680 cibo

472 2723 570 2777 illo
619 2721 985 2792 quotidiano,
1055 2736 1158 2776 nec
1200 2719 1495 2775 admodum
1539 2719 1820 2790 exquisito
1858 2718 2056 2772 vilius?

473 2813 714 2871 Colenda
747 2822 829 2869 est
873 2813 1040 2884 igitur
1072 2814 1247 2883 pietas
1305 2812 1358 2866 in
1392 2812 1673 2867 Christum
1705 2817 1760 2866 et
1811 2809 2069 2873 dilectio,‘

473 2923 586 2962 non
617 2917 676 2962 ut
706 2906 911 2977 aliquid
937 2907 1267 2976 recipiamus
1294 2920 1648 2976 corporeum,
1675 2904 1770 2961 sed
1810 2915 1869 2960 ut
1903 2902 2053 2958 salu-

473 3010 584 3055 tem
613 3015 707 3069 per
742 3001 921 3070 ipsum
955 2998 1236 3053 lucremur
1269 3016 1283 3052 :
1340 3005 1396 3052 et
1439 3013 1511 3052 ne
1556 2995 1773 3051 blandis
1806 2992 2054 3071 quidem

2134 525 2432 598 προτρέπει
2459 524 2570 578 τῶν
2602 525 2780 595 σοφῶν
2805 541 2818 556 ο
2873 544 2892 577 ι
2921 524 3141 592 Τέκνον,
3172 524 3362 591 είπὼν,
3390 528 3438 598 εί
3470 527 3568 598 μὲν
3597 528 3713 583 ἐστι

2137 635 2219 671 σοι
2244 617 2400 685 λόγος
2430 616 2719 680 συνέσεως,
2740 616 3066 688 ἀποκρίθητι
3090 634 3103 649 ο
3139 619 3188 671 εί
3213 617 3271 671 δὲ
3308 619 3404 690 μὴ,
3432 621 3554 693 χεὶρ
3574 620 3715 676 ἔστω

2136 709 2228 763 ἐπὶ
2263 708 2490 779 στόματί
2543 725 2658 762 σου.
2695 727 2715 760 ι
2776 709 2965 773 Ὅπως
3011 708 3068 762 δὲ
3114 708 3316 778 φαῦλόν
3363 712 3479 764 ἐστι
3526 713 3588 766 τὸ
3629 714 3715 766 ἐπ’

2137 800 2447 871 ἀπαιδεύτῳ
2487 800 2701 872 γλώττῃ
2735 799 3262 869 καταγινώσκεσθαι,
3295 803 3391 855 καὶ
3432 803 3501 856 δι’
3531 805 3715 875 ἐτέρου

2137 892 2460 963 γνωσόμεθα
2489 910 2501 921 ·
2555 911 2573 944 t
2594 893 2660 948 Εῐ
2685 910 2768 957 τις
2793 892 2923 963 γὰρ,
2960 893 3113 965 φησὶ,
3140 893 3285 947 δοκεῖ
3311 895 3548 965 θρῆσκος
3577 893 3719 949 εἶναι

2140 986 2198 1038 ἐν
2252 984 2379 1055 ὑμῖν
2404 1024 2418 1050 ,
2472 984 2545 1055 μὴ
2595 984 2983 1055 χαλιναγωγῶν
3031 984 3275 1053 γλῶτταν
3325 985 3492 1039 αὑτοῦ
3513 1026 3527 1051 ,
3585 989 3720 1043 ἀλλά
3758 1015 3767 1023 ·

2141 1076 2366 1132 ἀπατῶν
2387 1077 2613 1147 καρδίας
2644 1076 2832 1142 αὑτοῦ,
2854 1077 3042 1131 τούτου
3067 1078 3293 1148 μάταιος
3317 1080 3350 1140 ἠ
3377 1078 3661 1151 θρησκεία.
3695 1101 3712 1135 ι

2226 1259 2538 1328 Ἀπεκρίθη
2569 1260 2773 1327 αὐτοῖς
2794 1264 2827 1316 ὁ
2860 1261 3118 1329 Ἰησοῦς,
3146 1262 3242 1315 καί
3262 1257 3466 1316 εἶπεν·
3513 1263 3718 1332 Ἀμὴν,

2143 1351 2298 1423 λέγω
2338 1352 2516 1421 ὑμῖνο
2564 1351 2784 1420 ζητεῖτέ
2818 1372 2914 1422 με,
2955 1356 3067 1422 οὐχ
3100 1353 3189 1407 ὅτι
3222 1354 3412 1408 εἴδετε
3446 1355 3717 1425 σημεῖον,

2146 1446 2284 1499 ἀλλ’
2336 1444 2424 1499 ὅτι
2490 1446 2738 1516 ἐφάγετε
2795 1447 2865 1500 ἐκ
2909 1445 3029 1499 τῶν
3073 1446 3285 1515 ἀρτων,
3333 1447 3429 1501 καί
3480 1449 3722 1517 ἐχορτά-

2148 1538 2349 1603 (mare.

2231 1627 2493 1699 Ἐροῦμεν
2521 1628 2583 1698 δή
2618 1646 2672 1681 τι
2709 1628 2908 1693 κοινὸν,
2953 1626 3093 1699 πλὴν
3132 1627 3242 1681 ἔθει
3287 1627 3469 1698 μικρῷ
3500 1645 3724 1699 τετριμ-

2155 1718 2332 1789 μένον.
2385 1719 2665 1789 [Ιεφύκασί
2708 1737 2824 1783 πως
2865 1721 2922 1773 αί
2968 1719 3201 1791 μεγάλαι
3246 1719 3354 1773 τῶν
3393 1721 3727 1775 διδασκάλων

2148 1796 2288 1877 ἕξεις
2319 1811 2380 1863 οὑ
2418 1812 2654 1882 μετρίως
2680 1810 3026 1880 χαλεπαίνειν
3055 1810 3334 1875 πολλάκις,
3376 1812 3507 1865 ὅταν
3536 1828 3590 1863 τι
3616 1810 3727 1863 τῶν

2149 1901 2369 1956 είκαίων
2406 1903 2497 1955 καὶ
2527 1901 2819 1970 ἀνωφελῶν
2877 1900 3234 1966 ἐξετάξωνται
3261 1919 3275 1934 ο
3327 1903 3422 1956 καὶ
3460 1902 3522 1955 οὑ
3550 1902 3725 1972 δήπου

2149 1992 2321 2046 τοῦτο’
2359 1992 2628 2058 παθόντας
2687 1993 2882 2055 αὑτοὺς
2933 1993 2992 2060 ἐξ
3035 1993 3350 2057 ἀλαζονείας
3398 1994 3728 2065 εὑρήσομεν,

2151 2086 2288 2139 ἀλλά
2317 2085 2514 2157 μᾶλλον
2546 2087 2664 2149 ταῖς
2701 2084 2810 2138 τῶν
2845 2085 3171 2156 ἐρωτώντων
3203 2084 3466 2155 ἀμαθίαις
3507 2087 3724 2138 ἐπιστυ-

2150 2176 2465 2246 γνάζοντας,
2506 2177 2628 2231 Ἐπὶ
2658 2177 2753 2247 μὲν
2784 2172 2877 2230 οὖν
2911 2177 3066 2246 ἡμῶν
3094 2194 3153 2229 τε
3190 2176 3282 2229 καὶ
3307 2175 3414 2229 τῶν
3438 2175 3560 2229 καθ’
3585 2176 3732 2245 ἡμᾶς

2152 2267 2253 2318 οὑκ
2285 2265 2550 2335 ἀκόμψως
2591 2265 2843 2336 είρῆσθαι
2886 2265 3047 2318 τοῦτο
3083 2265 3471 2336 ὑπολαμϐάνω.
3519 2265 3731 2337 Θερμὸν

2153 2357 2208 2409 δὲ
2236 2360 2347 2418 τοῖς
2386 2358 2569 2410 ἐκεῖνα
2595 2355 2989 2427 διερωτήσασιν
3037 2357 3288 2429 ἐπιφέρει
3328 2358 3420 2410 τὸν
3453 2356 3675 2426 ἔλεγχον
3706 2357 3734 2409 δ

2155 2449 2346 2519 Σωτὴρ
2370 2490 2385 2516 ,
2444 2449 2520 2512 ὼς
2573 2448 2825 2502 λαλοῦσιν
2873 2448 3251 2513 ἀπαιδεύτως,
3315 2449 3409 2503 καὶ⁹
3461 2448 3735 2509 ἀσυνέτως

2153 2540 2589 2610 διεσκεμμένοις,
2635 2542 2735 2611 οὐχ
2777 2542 2858 2595 ὅτι
2902 2542 3171 2612 προσήκοι
3210 2540 3394 2613 ζητεῖν
3440 2538 3511 2592 τά
3542 2542 3626 2609 ἐφ’
3654 2533 3735 2602 οἷς

2154 2631 2220 2686 ἂν
2254 2633 2492 2701 γένοιντο
2545 2634 2697 2687 καλοί
2752 2650 2811 2687 τε
2862 2633 2954 2687 καὶ
3006 2632 3221 2701 ἀγαθοὶ,
3269 2632 3384 2686 ἀλλ’
3427 2632 3519 2686 ἐπί
3562 2630 3736 2701 μισθῷ

2158 2723 2456 2792 σωματικῷ
2480 2763 2495 2788 ,
2544 2724 2639 2778 καὶ
2687 2724 2861 2793 τούτῳ
2907 2723 3276 2792 εὑτελεστάτῳ
3314 2721 3735 2776 κατακολουθεῖν

2156 2812 2325 2884 αὑτῷ.
2363 2814 2428 2866 Τί
2459 2815 2567 2885 γὰρ
2596 2814 2662 2867 ἂν
2706 2816 2917 2883 γένοιτο
2943 2813 3148 2884 τροφῆς
3174 2812 3275 2882 τῆς
3304 2813 3608 2884 ἐφημέρου,
3644 2812 3739 2866 καὶ

2156 2905 2257 2957 οὑκ
2301 2906 2359 2959 ἐν
2400 2905 2741 2977 πολυτελείᾳ,
2785 2905 2847 2959 τὸ
2890 2905 3141 2971 ἐλαττον;
3176 2905 3588 2975 Ἐπιτηδευτέον
3630 2922 3741 2957 τοι-

2140 2996 2359 3067 ηγαροῦν
2387 2997 2485 3068 τὴν
2517 2999 2596 3061 είς
2629 2998 2861 3069 Χριστὸν
2891 2997 3181 3051 εὐλάϐειαν
3203 2997 3293 3050 καὶ
3315 2997 3619 3067 ἀγάπησιν,
3643 2996 3745 3067 οὑχ

474 3092 660 3147 verbis
677 3108 801 3145 eum
834 3091 1253 3161 compellemus,
1271 3090 1415 3144 sicut
1452 3089 1529 3143 illi
1561 3087 1737 3144 Rabbi
1768 3084 2049 3147 dicebant,

2163 3087 2244 3141 ἵνα
2279 3106 2330 3142 τι
2363 3089 2470 3143 τῶν
2511 3090 2838 3160 σωματικῶν
2870 3090 3238 3160 εὑρίσκωμεν,
3282 3089 3399 3143 ἀλλ’
3438 3090 3524 3142 ἵνα
3551 3088 3650 3159 τὴν
3677 3088 3744 3141 δι’

476 3182 768 3237 verborum
820 3181 1136 3236 comitatem
1185 3178 1252 3233 ad
1302 3177 1680 3248 impetrandas
1721 3176 1948 3231 divitias
2001 3182 2057 3229 et

480 3273 835 3344 pecuniarum
873 3270 1269 3326 abundantiam
1319 3276 1738 3340 componentes.
1774 3264 1909 3347 Nam
1969 3266 2062 3334 qui

481 3364 795 3422 istiusmodi
818 3365 1077 3436 quiddam
1103 3364 1445 3433 aggreditur,
1471 3377 1581 3416 non
1614 3360 1903 3433 ignorabit
1937 3367 2061 3413 tan-

481 3459 604 3514 dem
635 3459 920 3512 incurrere
958 3471 1018 3512 se
1050 3456 1103 3510 in
1151 3455 1458 3519 Christum,
1512 3454 1607 3523 qui
1644 3453 1841 3507 acerbe
1880 3466 2066 3520 reprc—

483 3551 727 3615 bcndat,
789 3558 845 3604 et
903 3550 1173 3614 occultam
1239 3548 1294 3600 in
1342 3547 1462 3615 ipso
1515 3546 1779 3599 malitiam
1836 3544 2062 3598 revelct.

483 3641 659 3696 Porro
706 3648 1143 3693 consentaneum
1201 3646 1285 3691 est
1333 3637 1799 3707 dispensationem
1861 3636 1917 3689 in
1979 3634 2066 3691 bis

483 3747 708 3787 rursum
744 3727 956 3785 mirari.
996 3728 1132 3782 Nam
1182 3744 1307 3783 cum
1354 3727 1616 3799 prazdicto
1662 3727 1856 3782 morbo
1890 3741 2069 3781 corre-

487 3832 611 3896 ptos
656 3827 753 3880 e'os
788 3822 1036 3888 videret,
1082 3836 1191 3875 non
1239 3835 1403 3874 secus
1460 3834 1524 3874 ac
1558 3820 1768 3889 peritus
1802 3826 1858 3875 et
1892 3819 2068 3874 solers

487 3914 736 3970 medicus
764 3913 967 3983 duplex
1002 3912 1082 3967 eis
1117 3909 1454 3980 excogitavit
1513 3909 1839 3975 remedium,
1882 3918 2071 3963 aucto-

487 4008 638 4065 ritati
674 4007 927 4063 miraculi
960 4004 1409 4077 reprehensionis
1446 4002 1744 4059 utilitatem
1774 4002 2065 4058 adhibens.

490 4104 719 4174 Signum
746 4103 910 4174 igitur
952 4100 1292 4171 reperiemus
1340 4098 1397 4153 in
1448 4114 1513 4154 eo
1562 4098 1708 4166 quod
1746 4097 1940 4152 intima
1976 4111 2069 4151 eo-

490 4212 610 4253 rum
640 4202 891 4251 neverat.
928 4194 982 4248 ln
1006 4210 1071 4248 eo
1100 4208 1227 4248 vero
1256 4193 1400 4261 quod
1438 4191 1660 4261 proprie
1685 4190 1814 4245 dicit
1840 4204 1936 4243 eos
1967 4188 2067 4242 mi-

485 4290 805 4345 raculorum
845 4287 1110 4344 editorem
1173 4286 1315 4340 nolle
1350 4300 1593 4355 quaerere
1648 4292 1871 4356 propter
1898 4283 2070 4354 pieta-

486 4389 619 4447 tem,
690 4379 1178 4449 reprehensionem
1244 4378 1559 4449 spectabis;
1620 4376 1845 4447 prodest
1887 4387 2067 4430 autem

2172 3180 2334 3233 αὑτοῦ
2368 3182 2638 3253 σωτηρίαν
2667 3182 3178 3253 ἀποκερδαίνωμεν,
3226 3181 3321 3235 καὶ
3375 3181 3449 3251 μὴ
3499 3180 3746 3249 λέγωμεν

2174 3271 2273 3341 μέν
2305 3273 2486 3340 ἀγαθά
2512 3273 2644 3342 πρὸς
2672 3274 2854 3334 αὑτὸν,
2886 3273 3075 3343 ὥσπερ
3101 3268 3193 3327 οῦν
3226 3272 3502 3326 ἐκεῖνοιτὺ
3534 3270 3743 3337 'Pa66‘t,

2171 3365 2439 3434 ἐμπορίας
2472 3365 2527 3418 δὲ
2552 3365 2723 3428 ἄλλως
2753 3366 3006 3419 ὑπόθεσιν
3029 3366 3122 3419 καὶ
3152 3364 3428 3435 ἀπλήστου
3452 3363 3748 3434 χρημάτων

2173 3457 2524 3526 συγκομιδῆς,
2554 3457 2652 3525 τὴν
2681 3458 3073 3529 χρηστολογίαν
3105 3457 3179 3527 μὴ
3205 3454 3516 3525 ἀρτύωμεν.
3543 3455 3749 3522 Ἤγουν

2172 3550 2200 3601 ὁ
2226 3549 2484 3611 τοιούτοις
2513 3549 2822 3618 ἐπιχειρῶν,
2865 3549 2964 3602 οὑκ
2998 3549 3252 3619 ἀγνοήσει
3298 3546 3486 3599 λοιπὸν
3529 3546 3614 3598 ὅτι
3658 3562 3751 3597 πι-

2173 3641 2322 3711 κρῶς
2356 3641 2628 3709 ἐλέγχοντι
2664 3640 2989 3710 προσϐάλλει
3021 3640 3098 3711 τῷ
3127 3638 3367 3711 Χριστῷ,
3399 3639 3492 3691 καὶ
3523 3636 3621 3707 τὴν
3659 3654 3754 3690 κε-

2175 3750 2278 3805 κρυ
2287 3732 2496 3802 μμένην
2519 3734 2578 3785 ἐν
2597 3732 2742 3802 αὑτῷ
2764 3732 2960 3786 κακίαν
2980 3732 3439 3787 ἀποκαλύπτοντι.
3462 3729 3751 3800 Θαυμάσαι

2174 3825 2231 3878 δέ
2262 3825 2419 3878 πάλιν
2449 3824 2740 3878 ἀκόλουθον
2774 3828 2867 3879 καὶ
2907 3824 3006 3896 τήν
3056 3827 3148 3877 ἐπὶ
3176 3824 3387 3887 τούτοις
3416 3824 3749 3892 οἰκονομίαν.

2188 3917 2404 3989 Ἐπειδὴ
2435 3918 2542 3989 γὰρ
2570 3919 2709 3989 νόσῳ
2736 3916 3206 3987 κατειλημμένους
3239 3915 3429 3969 ἐθεᾶτο
3454 3917 3520 3985 τῇ
3569 3929 3755 3984 προει-

2180 4011 2409 4083 ρημένῃ,
2458 4009 2706 4081 καθάπερ
2751 4026 2833 4072 τις
2870 4007 3258 4079 ἀριστοτέχνης
3302 4006 3397 4061 καὶ
3438 4005 3757 4075 ἐπιστήμων

2180 4102 2380 4175 ἰατρὸς,
2415 4100 2635 4155 διπλοῦν
2666 4101 2849 4163 αὑτοῖς
2879 4100 3142 4171 ἐπενόησε
3190 4100 3502 4169 φάρμακον,
3547 4096 3757 4161 ἀξιολο-

2177 4192 2405 4261 γωτάτῳ
2450 4190 2661 4261 σημείῳ
2709 4191 2799 4243 τὸν
2831 4189 3085 4260 ἐπωφελῆ
3119 4188 3473 4260 παραπλέξας
3508 4186 3752 4256 ἔλεγχον.

2178 4283 2252 4337 Τὸ
2294 4285 2391 4351 μὲν
2439 4279 2531 4336 οὖν
2565 4284 2786 4352 σημεῖον
2814 4282 3115 4352 εὑρήσομεν
3161 4280 3218 4334 ἐν
3266 4278 3344 4349 τῷ
3380 4279 3578 4332 εἰδέναι
3605 4278 3671 4330 τὰ
3702 4278 3759 4329 ἐν

2178 4375 2394 4441 αὑτοῖς,
2452 4376 2511 4428 ἐν
2557 4373 2615 4426 δέ
2657 4373 2736 4442 τῷ
2781 4372 2986 4444 κυρίως
3037 4371 3111 4442 μὴ
3144 4372 3209 4423 δι’
3249 4369 3530 4423 εὐσέϐειαν
3577 4367 3759 4438 ζητεῖν

486 4473 706 4527 duobus
723 4471 920 4527 modis.
947 4469 1084 4525 Nam
1116 4486 1181 4525 ex
1205 4486 1270 4525 eo
1295 4468 1442 4540 quod
1470 4468 1681 4536 liquido
1702 4468 1853 4522 novit
1876 4467 2060 4521 intima

2173 4467 2488 4535 ἐπείγεσθαι
2521 4464 2698 4533 λέγειν
2731 4464 2929 4526 αὑτοὺς
2963 4461 3052 4516 τὸν
3086 4459 3524 4531 θαυματουργὸν,
3553 4456 3759 4527 θεωρή-

486 4578 676 4618 eorum
703 4562 956 4625 consilia,
993 4561 1141 4616 seire
1170 4575 1230 4615 se
1267 4557 1761 4637 quoquepstendit
1803 4573 1900 4614 eos
1932 4558 2074 4613 stul-

487 4662 577 4710 tos
622 4670 748 4710 esse
800 4654 898 4724 qui
947 4654 1197 4709 divinum
1257 4653 1477 4708 oculum
1535 4652 1706 4706 latere
1751 4665 1913 4721 posse
1968 4650 2075 4705 sibi

490 4746 884 4816 persuadeant,
951 4744 1169 4800 infossa
1242 4743 1461 4800 interim
1527 4742 1682 4798 cordi
1747 4742 1981 4807 malitia,
2022 4749 2078 4796 et

490 4836 777 4891 blanditiis
822 4836 1010 4907 lingua
1066 4837 1411 4905 compositis.
1447 4835 1559 4890 lloc
1607 4835 1752 4891 enim
1803 4842 1923 4890 erat
1979 4850 2075 4891 eos

493 4924 791 4980 admonere
820 4925 1041 4981 demum
1086 4936 1146 4980 ut
1196 4925 1263 4979 ab
1296 4926 1404 4981 isto
1448 4925 1640 4980 morbo
1669 4932 1950 4989 caverent,
1987 4938 2075 4980 se-

493 5030 601 5085 que
643 5030 673 5067 a
706 5030 814 5068 non
884 5029 1053 5084 parvo
1107 5026 1335 5085 peccato
1387 5017 1712 5086 expedirent
1765 5033 1778 5070 :
1832 5016 2074 5085 injurius

493 5112 636 5167 enim
672 5108 943 5178 profecto,
982 5115 1037 5162 et
1064 5108 1291 5177 iniquus
1317 5118 1421 5173 est,
1482 5110 1575 5176 qui
1609 5108 1755 5163 banc
1787 5108 1956 5163 habet
2005 5108 2075 5163 de

496 5201 607 5255 lico
641 5200 987 5271 opinionem;
1018 5215 1083 5255 ex
1117 5214 1183 5252 eo
1211 5215 1338 5253 vero
1371 5199 1518 5269 quod
1554 5199 1761 5253 utiliter
1783 5207 2074 5269 peccantes

497 5294 699 5363 arguit,
727 5307 823 5348 eos
857 5291 926 5346 ab
964 5290 1223 5345 ulteriore
1270 5304 1436 5346 cursu
1487 5288 1542 5343 in
1570 5289 1773 5344 malum
1808 5289 2077 5360 quodam-

499 5388 664 5442 modo
689 5392 931 5442 revocat.
986 5381 1168 5451 Serpit
1192 5382 1338 5439 enim
1363 5423 1378 5449 ,
1413 5390 1468 5439 et
1496 5389 1683 5437 manat
1739 5382 1911 5438 latius
1948 5398 2072 5437 cum

503 5478 638 5531 nihil
664 5485 749 5531 est
774 5476 923 5547 quod
951 5473 1259 5547 prohibeat,
1294 5473 1390 5528 sed
1426 5473 1827 5544 deprehensum
1882 5489 2077 5545 prope.

507 5567 730 5623 modum
767 5568 1066 5635 erubescit,
1123 5578 1177 5624 et
1226 5565 1456 5622 funiculi
1512 5579 1667 5621 more
1714 5565 1771 5620 in
1833 5565 2077 5635 seipsum

574 5757 614 5789 ⁶¹
639 5753 853 5814 Coloss.
883 5774 957 5824 tv,
990 5755 1043 5812 6.
1119 5758 1161 5791 “
1188 5756 1357 5817 Eccli.
1392 5772 1446 5827 ν,
1484 5757 1569 5815 Η.
1652 5755 1834 5813 "Jac.
1870 5771 1910 5825 ι,
1943 5753 2033 5809 26.

2177 4575 2290 4621 σεις
2334 4556 2424 4610 τὸν
2472 4555 2728 4626 ἔλεγχον·
2776 4553 2977 4623 ὠφελεῖ
3022 4552 3078 4604 δέ
3127 4549 3340 4613 διττῶς.
3396 4548 3487 4618 Τῷ
3521 4548 3620 4619 μὲν
3652 4547 3758 4616 γὰρ

2175 4650 2561 4715 ἐξεπίστασθαι
2602 4647 2789 4716 σαφῶς
2834 4647 2901 4699 τά
2947 4646 3004 4697 ἐν
3038 4644 3221 4705 αὐτοῖς
3264 4639 3632 4711 βουλεύματα,
3668 4638 3760 4690 καὶ

2176 4741 2465 4811 γνωρίζειν
2496 4738 2737 4811 ἀκριϐῶς
2774 4737 3065 4798 ἀσυνέτους
3097 4734 3256 4795 ὄντας
3286 4731 3637 4792 mamma,
3678 4729 3759 4782 δτι

2176 4834 2241 4904 δὴ
2267 4833 2521 4905 λήσονται
2556 4831 2645 4885 τὸν
2678 4831 2819 4883 θεῖον
2848 4826 3124 4898 ὀφθαλμὸν
3166 4824 3465 4893 οἰομένους,
3513 4817 3759 4889 καταχώ-

2181 4944 2374 4989 σαντες
2412 4925 2508 4996 μὲν
2557 4926 2615 4977 ἐν
2664 4923 2862 4995 καρδίᾳ
2900 4922 2997 4992 τὴν
3027 4920 3311 4989 πονηρίαν,
3354 4913 3760 4986 ἐπιτηδεύοντες

2180 5017 2238 5071 δέ
2271 5015 2331 5069 τὸ
2377 5016 2435 5069 ἐν
2467 5014 2681 5088 γλώττῃ
2725 5012 2920 5082 γλυκύ.
2972 5009 3142 5064 Τοῦτο
3184 5010 3240 5062 δὲ
3273 5003 3342 5079 ἦν
3377 5003 3759 5063 ἀναπείθοντος

2182 5109 2281 5179 ήδη
2304 5107 2460 5160 νόσου
2487 5106 2585 5178 μέν
2606 5106 2706 5175 τῆς
2732 5106 2823 5159 ἐπὶ
2848 5103 3056 5166 τούτοις
3077 5100 3397 5171 ἅποφοιτᾷν,
3415 5096 3687 5168 ἁμαρτίας
3702 5092 3759 5147 δὲ

2182 5200 2367 5272 λήγειν
2384 5201 2441 5253 οὑ
2465 5200 2665 5271 μικρᾶς
2686 5215 2698 5227 ·
2722 5195 2982 5267 ὑϐριστὴς
3009 5194 3117 5264 γὰρ
3151 5193 3338 5253 ὅντως.
3371 5190 3465 5243 καὶ
3516 5202 3756 5242 καταπα-

2186 5292 2417 5363 ράνομος
2440 5334 2453 5357 ,
2472 5293 2498 5344 ὁ
2521 5290 2722 5361 ταύτην
2754 5288 2890 5358 ἔχων
2913 5286 3005 5337 ἐπί
3040 5283 3157 5354 Θεῷ
3177 5284 3274 5354 τὴν
3303 5278 3558 5350 διάληψιν
3577 5294 3590 5306 '
3607 5275 3682 5345 τῷ
3704 5274 3756 5327 δὲ

2179 5386 2460 5457 χρησίμως
2473 5384 2708 5454 ἐλέγχειν
2723 5384 2941 5452 ήμαρτη
2950 5379 3127 5441 κότας,
3143 5373 3514 5444 ἀνασειράζων
3527 5367 3762 5442 [ro—pd-

2180 5476 2286 5549 ζει]
2332 5477 2530 5547 τρόπον
2578 5473 2701 5527 τινὰ
2749 5471 2841 5526 τοῦ
2896 5473 3063 5524 κακοῦ
3101 5470 3188 5521 τὸν
3249 5467 3505 5519 ἐπέκεινα
3544 5462 3756 5532 δρόμον.

2188 5570 2383 5641 ’Ἑρπει
2418 5564 2662 5639 μὲνγὰρ,
2685 5563 2775 5617 καὶ
2801 5563 3095 5616 ἐκτείνεται
3118 5559 3177 5613 τὸ
3193 5555 3398 5612 κωλύον
3423 5552 3545 5624 ἕχον
3569 5549 3746 5605 οὐδέν
