4078 6262
299 352 404 410 477

1345 346 1413 404 ΙΝ
1450 346 1743 406 JOANNIS
1780 347 2237 408 EVANGELIUM
2270 353 2396 409 LIB.
2434 354 2525 411 ῐΙῙ.

3446 356 3556 413 478

295 469 550 541 φωραθὲν
612 467 671 524 δέ
717 485 835 533 πως
882 465 1164 539 μονονουχὶ
1219 465 1313 519 καὶ
1362 467 1676 539 αἰσχύνεται
1702 509 1718 533 ,
1781 467 1864 522 καΊ

1980 472 2351 527 contrahitur.
2388 470 2621 527 Prodest
2647 484 2783 541 ergo
2810 469 3099 535 Dominus,
3130 468 3296 525 etiam
3324 485 3448 526 cum
3474 473 3562 527 in-

278 559 531 632 ’σχοινίου
564 560 721 633 δίκην
764 562 840 622 είς
890 558 1049 612 ἑαυτὸ
1092 557 1457 612 συστέλλεται.
1509 560 1722 629 Ὠφελεῖ
1755 576 1868 612 τοι-

294 653 500 727 γαροῦν
529 655 625 709 καὶ
651 654 889 724 ἐλέγχων
925 655 954 707 ὁ
980 651 1205 723 Κύριος,
1247 652 1340 706 καλ⁵
1370 652 1438 706 δι’
1468 648 1542 709 ὧν
1568 653 1634 709 ἄν
1660 673 1742 718 τις
1770 654 1870 708 αύ-

292 747 404 810 τὸν,
437 748 520 800 ὅτι
551 746 772 815 πλήττοι
796 744 1058 816 νομίσειε,
1089 744 1174 797 διὰ
1202 743 1406 799 τούτων
1439 746 1617 801 αὐτῶν
1648 747 1871 817 εὐεργε-

290 835 488 890 τοῦντα
533 837 804 892 θεάσαιτο.
846 836 1086 905 Νοητέον
1113 834 1384 900 ἐντεῦθεν,
1414 837 1493 891 ὅτι
1525 837 1630 892 κᾶν
1659 838 1872 891 θωπεύ-

270 928 393 988 ,ωσί
432 946 595 992 τινες,
640 929 673 999 ἢ
723 932 980 1000 χρηστοῖς
1006 930 1362 1000 περισαίνωσι
1396 906 1574 999 λόγοις
1606 931 1732 994 τοὺς
1762 930 1871 985 τῶν

196 1018 209 1023 λ
305 1018 639 1091 Ἐκκλησιῶν
667 1020 1019 1091 ἡγουμένους,
1053 1020 1129 1091 μὴ
1157 1020 1490 1092 ὀρθοποδῶσι
1521 1020 1578 1074 δὲ
1607 1022 1735 1093 περ)⁵
1770 1022 1869 1093 τὴν

296 1111 493 1177 πίστιν,
522 1111 582 1164 οὐ
614 1109 1057 1183 συναρπάζεσθαι
1092 1113 1210 1175 ταῖς
1236 1111 1547 1176 κολακείαις
1574 1113 1868 1167 ἀκόλουθον

293 1203 507 1266 αὐτοὺς,
545 1202 665 1256 οὐδὲ
690 1201 880 1272 ὥσπερ
907 1201 1036 1255 τινὰ
1079 1202 1268 1272 μισθὸν
1309 1203 1419 1257 τῶν
1451 1203 1689 1257 ἐπαίνων
1715 1205 1866 1258 ἀντι-

293 1297 487 1366 κιχρᾷν
515 1300 629 1358 τοῖς
657 1295 1082 1368 ἐπανορθώσεως
1118 1297 1408 1366 δεομένοις,
1444 1296 1542 1369 τὴν
1572 1297 1657 1365 ἐφ’
1689 1292 1770 1361 οἷς
1801 1297 1867 1351 ἂν

292 1387 525 1440 πταίωσι
559 1388 768 1458 σιωπήν
794 1404 807 1416 ·
860 1387 1100 1457 ἐλέγχειν
1122 1388 1178 1440 δὲ
1211 1388 1408 1458 μᾶλλον
1435 1389 1501 1442 ἐκ
1531 1389 1865 1459 παρρησίας,

291 1479 382 1533 καὶ
430 1481 765 1549 μεταχωρεῖν
816 1478 1130 1533 ἀναπείθειν
1179 1479 1272 1532 ἐπὶ
1320 1479 1381 1532 τὸ
1418 1479 1659 1550 ἄμεινον,
1700 1480 1867 1550 ἤγουν

288 1568 377 1623 διὰ
409 1570 602 1623 τούτου
643 1568 744 1622 κᾶν
771 1570 996 1650 ἐτέρουςΔ
1013 1570 1261 1639 ὠφελεῖν,
1306 1572 1446 1625 κατά
1473 1572 1534 1625 τὸ
1575 1573 1867 1643 είρημένον

293 1662 400 1715 ὑπὸ
454 1661 548 1714 τοῦ
606 1662 817 1716 Παύλου
852 1675 868 1692 ⁸
934 1681 952 1713 ι
982 1664 1122 1726 Τοὺς
1175 1664 1585 1734 ἁμαρτάνοντας
1636 1664 1867 1720 ἐνώπιον

1974 567 2185 630 crepat,
2235 568 2290 617 et
2323 560 2524 630 quibus
2569 559 2736 615 ferire
2762 567 3012 630 putatur,
3044 558 3241 614 iisdem
3293 559 3431 629 ipsis
3463 561 3562 617 be-

1974 651 2169 707 neﬁcia
2234 651 2495 706 conferre
2552 649 2824 704 cernitur.
2863 647 3005 703 Hinc
3054 647 3405 704 statuendum
3454 655 3561 713 est,

1975 743 2347 799 Ecclesiarum
2373 740 2733 812 praesulibus,
2757 738 2975 794 tametsi
3005 737 3231 809 quidam
3265 738 3350 794 eis
3369 753 3563 794 assen-

1972 842 2182 902 tentur,
2238 840 2334 888 aut
2365 831 2744 896 blandiantur,
2781 830 2878 885 sed
2908 830 2977 885 in.
3007 829 3113 885 ﬁde
3148 835 3298 884 recte
3331 843 3441 884 non
3473 830 3563 884 in-

1970 926 2189 990 cedant,
2231 923 2449 979 illorum
2489 920 2907 977 adulationibus
2932 918 3238 975 cedendum
3262 933 3374 973 non
3409 933 3561 985 esse,

1970 1031 2073 1071 nec
2104 1015 2172 1070 de
2203 1030 2394 1070 eorum
2424 1014 2640 1070 delictis
2677 1011 2992 1076 tacendum,
3017 1005 3079 1066 ut
3110 1010 3396 1081 praemium
3428 1009 3553 1065 vel-

1969 1108 2048 1162 uti
2097 1106 2373 1177 quoddam
2430 1105 2655 1161 laudum
2702 1118 2844 1175 quas
2908 1102 3248 1173 acceperint,
3286 1101 3357 1157 iis
3393 1099 3559 1155 retri-

1968 1198 2138 1252 buant
2165 1198 2367 1268 quibus
2395 1196 2743 1253 correctione
2786 1210 2930 1265 opus
2960 1201 3080 1249 est:
3135 1191 3235 1249 sed
3259 1192 3436 1248 libere
3464 1204 3560 1262 po-

1968 1290 2078 1344 tius
2136 1289 2537 1360 increpandos,
2607 1295 2662 1343 et
2708 1286 2777 1342 ad
2851 1286 3135 1341 meliorem
3196 1283 3413 1356 frugem
3464 1298 3560 1339 re-

1966 1380 2266 1447 vocandos,
2301 1381 2547 1451 adeoque
2580 1387 2811 1435 caeteros
2841 1392 3063 1449 quoque
3094 1377 3227 1432 hinc
3252 1376 3553 1447 iuvandos,

1963 1471 2122 1543 juxta
2150 1471 2285 1527 illud
2326 1471 2487 1527 Pauli
2529 1472 2736 1527 dictum
2773 1488 2833 1525 :r
2878 1469 3179 1525 Peccantes
3212 1484 3400 1524 coram
3431 1484 3556 1523 om-

1967 1563 2137 1619 nibus
2200 1578 2390 1634 argue,
2448 1571 2509 1617 ut
2568 1570 2623 1617 et
2673 1561 2856 1617 caeteri
2907 1561 3159 1615 timorem
3226 1560 3489 1614 habeant.
3529 1577 3551 1611 ι

1970 1655 2077 1713 Sed
2154 1657 2222 1712 de
2299 1657 2467 1712 rebus
2531 1654 2834 1725 propositis
2904 1652 3183 1722 sigillatim
3263 1652 3552 1709 hactenus.

290 1753 513 1807 πάντων
542 1753 751 1823 ἔλεγχε,
780 1754 868 1806 ἴνα
897 1754 993 1807 καὶ
1020 1755 1069 1808 oi
1094 1755 1270 1809 λοιποὶ
1300 1754 1461 1825 φόϐον
1493 1754 1676 1826 ἔχωσι.
1712 1777 1731 1809 ι
1786 1756 1864 1811 Τά

1969 1750 2130 1821 297
2160 1748 2603 1826 consentaneum
2630 1755 2814 1801 tamen
2848 1744 3093 1799 arbitror
3117 1753 3176 1798 ut
3204 1759 3327 1814 quae
3350 1744 3555 1814 priori-

296 1845 394 1916 μὲν
423 1839 516 1899 οῦν
541 1845 598 1897 ἐν
626 1847 736 1909 τοῖς
765 1846 1143 1916 προκειμένοις
1174 1847 1305 1917 ἡμῖν
1348 1847 1618 1918 ἀναμέρος
1646 1849 1703 1901 ἐν
1746 1848 1864 1902 τού-

1971 1844 2075 1899 bus
2100 1840 2578 1898 observationibus
2607 1837 2904 1907 subiuncta
2934 1845 3083 1902 sunt,
3107 1850 3171 1890 ea
3189 1835 3308 1904 ipsa
3331 1849 3553 1890 rursum

292 1948 427 1995 τοις’
461 1932 748 1987 ἀκολουθία
770 1950 833 2002 γε
860 1933 985 2005 μὴν,
1019 1934 1113 1988 καὶ
1134 1936 1445 2002 ἀναγκαίως
1469 1936 1864 2009 ἐπενηνεγμένα

1971 1933 2281 1995 exhibeam.
2321 1931 2493 2003 igitur
2536 1930 2612 1986 ibi
2647 1930 2891 1985 diximus
2928 1926 3234 1982 Salvatoris
3281 1925 3457 1980 nostri
3487 1925 3561 1982 de

292 2025 403 2088 τοῖς
432 2025 530 2094 ἤδη
561 2025 1121 2097 προτεθεωρημένοις,
1155 2027 1565 2083 ἀναδείκνυσθαι
1599 2030 1708 2084 δεῖν
1740 2032 1864 2085 ὑπο-

1970 2033 2155 2081 monte
2191 2024 2517 2080 descensum
2552 2022 2784 2093 ﬁguram
2822 2035 2945 2077 esse
2992 2018 3224 2076 secundi
3274 2026 3329 2073 et
3370 2018 3556 2073 denuo

288 2116 549 2186 λαμϐάνω
574 2117 667 2170 καὶ
693 2117 849 2170 αὑτά.
888 2116 1098 2170 Οὐκοῦν
1131 2120 1190 2172 ἐν
1230 2120 1463 2184 ἐκείνοις
1490 2120 1748 2192 ἐλέγομεν
1771 2122 1864 2177 τοῦ

1968 2115 2139 2172 futuri
2165 2116 2233 2171 de
2263 2115 2422 2171 cmlis
2450 2114 2744 2176 adventus,
2773 2119 2830 2167 et
2876 2111 3062 2166 omnia
3096 2110 3267 2166 veluti
3307 2109 3556 2179 comple-

284 2206 538 2276 Σωτῆρος
586 2205 739 2278 ἡμῶν
785 2208 884 2277 τὴν
928 2210 992 2261 ὲκ
1029 2207 1121 2261 τοῦ
1153 2208 1311 2280 ὅρους
1343 2211 1584 2277 κάθοδον,
1618 2213 1716 2285 τὴν
1748 2214 1867 2267 δευ-

281 2298 448 2370 τέραν
501 2300 630 2368 ἡμῖν
675 2299 768 2351 καὶ
820 2295 975 2361 αὖθις
1028 2300 1292 2372 ἐσομένην
1338 2304 1402 2356 ἐκ
1449 2304 1558 2357 τῶν
1618 2306 1864 2377 οὐρανῶν

281 2390 577 2461 ἐπιδημίαν
628 2390 935 2445 ἀνατυποῦν
963 2432 977 2455 ,
1041 2394 1133 2446 καὶ
1176 2393 1271 2457 ὡς
1309 2395 1367 2449 ἐν
1413 2398 1720 2469 συναιρέσει
1766 2398 1862 2453 τοῦ

280 2484 483 2546 παντὸς
536 2481 866 2553 θεωρήματα
913 2485 1343 2555 προσετίθεμεν,
1395 2489 1477 2541 ὃτι
1545 2489 1639 2543 καὶ
1693 2490 1864 2562 ἀγρυ-

280 2573 498 2637 πνοῦσι,
533 2575 627 2628 καλ⁸
655 2576 711 2627 ἐν
740 2575 817 2646 τῷ
847 2578 1027 2630 πονεῖν
1053 2577 1390 2649 ὑπάρχουσιν
1414 2579 1496 2633 ἐτι
1527 2583 1640 2645 τοῖς
1668 2581 1861 2636 ἑαυτοῦ

281 2665 555 2737 μαθηταῖς
584 2666 947 2735 ἐπιφαίνεται,
979 2669 1073 2721 καὶ
1099 2668 1300 2734 δειλίας
1331 2671 1647 2739 ἀπαλλάξας
1677 2692 1859 2747 παρα-

277 2756 466 2828 χρῆμα
496 2757 558 2809 τὸ
586 2758 792 2825 σκάφος
816 2757 984 2811 ἐτίθει
1017 2760 1149 2830 πρὸς
1188 2762 1310 2832 γῆν.
1354 2764 1460 2817 Καὶ
1482 2764 1536 2817 τί
1565 2765 1625 2818 τὸ
1651 2767 1715 2820 ὲκ
1737 2766 1860 2821 τού,

277 2865 389 2902 των
421 2848 493 2911 ὡς
525 2850 583 2900 ἐν
624 2849 811 2912 τύποις
853 2850 984 2919 ἡμῖν
1019 2849 1495 2925 ζωγραφούμενον,
1535 2856 1593 2909 ἐν
1633 2858 1861 2923 ἐκείνοις

279 2940 699 3011 ἐσαφηνίζομεν.
736 2941 875 2995 Ἀλλ’
900 2945 1146 3014 ἐπιτήρει
1173 2944 1287 3008 νῦν,
1324 2946 1404 2999 ὅτι
1431 2947 1567 3018 μετά
1585 2949 1645 3001 τὸ
1672 2951 1859 3005 κατελ-

279 3031 399 3085 θεῖν
427 3034 490 3085 ἐκ
512 3032 603 3086 τοῦ
633 3034 790 3104 ὅρους
812 3033 901 3088 τὸν
934 3035 1161 3105 Ἰησοῦν,
1194 3037 1534 3109 ὑστερίζουσί
1560 3057 1705 3105 τινες
1729 3044 1857 3115 περὶ

1967 2211 2165 2267 ctendo
2202 2209 2518 2264 addidimus
2578 2222 2844 2278 apparere
2876 2207 3057 2275 ipsum
3097 2204 3389 2275 discipulis
3414 2202 3557 2269 suis,

1966 2315 2090 2356 cum
2125 2298 2508 2371 vigilantibus,
2537 2306 2650 2351 tum
2678 2294 3077 2357 laborantibus,
3113 2300 3169 2347 et
3191 2300 3336 2347 metu
3372 2292 3557 2349 soluto

1964 2392 2240 2463 navigium
2274 2392 2331 2446 in
2381 2397 2590 2445 terram
2643 2390 2832 2442 statim
2883 2384 3180 2455 deponere.
3232 2382 3373 2448 Quid
3423 2395 3554 2437 vero

1964 2484 2093 2540 hinc
2112 2485 2291 2555 typice
2320 2482 2480 2538 nobis
2508 2478 2878 2552 signiﬁcatum
2906 2476 2998 2540 sit,
3018 2475 3094 2530 ibi
3124 2474 3552 2530 declaravimus.

1966 2574 2072 2631 Sed
2094 2576 2327 2630 observa
2357 2587 2505 2628 nunc
2534 2569 2809 2643 quosdam
2842 2583 2984 2639 pone
3022 2567 3202 2638 sequi,
3239 2574 3294 2621 et
3331 2565 3555 2621 ultimos

1964 2667 2031 2722 ad
2083 2664 2270 2722 Jesum
2310 2666 2516 2728 venire,
2563 2670 2857 2733 postquam
2897 2659 2965 2715 de
3008 2667 3193 2713 monte
3240 2657 3550 2713 descendit.

1964 2757 2201 2812 Veniunt
2230 2756 2374 2811 enim
2400 2759 2623 2824 postero
2650 2752 2761 2815 die,
2793 2749 2941 2820 quod
2989 2764 3100 2802 non
3147 2755 3359 2802 temere
3394 2758 3559 2803 evan‘

1961 2848 2156 2921 gelista
2198 2847 2428 2911 addidit,
2460 2854 2665 2901 etcum
2710 2841 3088 2897 occurrissent
3121 2840 3342 2893 Christo
3367 2880 3382 2903 ,
3402 2841 3558 2894 blan-

1961 2943 2047 2999 dis
2078 2939 2429 2996 sermonibus
2452 2938 2633 3008 ipsum
2672 2934 3107 3007 aggrediuntur;
3151 2931 3245 2987 sed
3270 2946 3367 2987 eos
3396 2931 3558 2986 Chri-

1964 3044 2082 3089 stus
2111 3031 2310 3103 arguit,
2341 3044 2524 3085 acrem
2560 3034 2615 3083 et
2665 3026 2967 3084 ferventem
3001 3025 3435 3094 increpationem
3468 3021 3558 3077 ad'

270 3124 381 3196 τὴν
400 3125 770 3197 ἀκολούθησιν,
799 3128 893 3181 καὶ
915 3127 1210 3182 τελευταῖοι
1237 3129 1540 3199 βαδίζουσιν
1565 3133 1649 3185 ἐπ’
1671 3134 1851 3188 αὐτόν.

1967 3125 2175 3189 bibens,
2210 3131 2271 3178 ut
2303 3120 2439 3176 illud
2481 3134 2682 3175 rursus
2724 3118 2780 3173 in
2839 3118 3084 3172 animum
3140 3117 3555 3179 induceremus,

273 3219 575 3288 Ἐρχονται
608 3219 716 3290 γὰρ
748 3222 813 3291 τῇ
842 3218 1100 3290 ἐπαύριον
1122 3237 1135 3250 ο
1170 3221 1269 3274 οὐκ
1302 3223 1742 3295 ἀπαρατηοήτως
1768 3226 1862 3279 καλ⁸

267 3307 436 3362 τοῦτο
466 3307 912 3378 προστεθεικότος
949 3309 1040 3362 τοῦ
1070 3309 1458 3378 εὐαγγελιστοῦ
1496 3329 1501 3335 '
1552 3309 1670 3366 είτα
1709 3331 1862 3384 περι-

261 3400 565 3468 τυχόντες,
621 3402 875 3470 χρηστοῖς
920 3400 1241 3455 κολακεύειν
1277 3402 1609 3474 ἐπιχειροῦσι
1658 3404 1857 3473 λόγοις,

262 3491 602 3563 ἐπιπλήττει
633 3492 689 3544 δέ
725 3493 908 3556 αὐτοῖς
958 3494 986 3545 ὁ
1024 3493 1280 3563 Χριστὸς,
1327 3495 1515 3559 ζέοντα
1544 3497 1638 3549 καὶ
1666 3497 1861 3568 δριμὺν

260 3582 501 3651 ἐπάγων
526 3582 615 3635 τὸν
641 3582 880 3653 ἔλεγχον,
912 3585 997 3637 ἵνα
1030 3585 1190 3639 πάλιν
1220 3586 1394 3639 ἐκεῖνο
1422 3586 1857 3658 διενθυμώμεθα,

262 3676 358 3729 ὅτι
396 3673 538 3745 μετά
580 3674 639 3727 τὸ
674 3676 964 3743 ἀφικέσθαι
1007 3677 1099 3731 τὸν
1134 3676 1337 3749 Κύριον
1380 3678 1455 3742 ὡς
1488 3680 1635 3749 ἡμᾶς
1666 3678 1725 3744 ἐξ
1767 3681 1859 3733 ού-

272 3766 483 3839 ρανῶν,
519 3768 830 3837 είκαιοτάτη
861 3768 1048 3823 λοιπὸν
1110 3771 1205 3823 καὶ
1234 3771 1517 3842 ἀνωφελὴς
1551 3771 1862 3843 ἀνθρώποις

272 3861 306 3929 ὴ
337 3857 452 3912 τῶν
485 3858 702 3926 ἀγαθῶν
733 3858 1074 3931 ἐπιζήτησις,
1103 3862 1199 3915 καὶ
1228 3862 1289 3914 τὸ
1315 3862 1627 3916 ἀκολουθεῖν
1661 3863 1862 3917 ἐθέλειν

271 3950 426 4020 αὐτῷ
474 3953 663 4023 καιρὸν
710 3953 809 4005 οὐκ
861 3952 974 4023 ἔχει
1023 3954 1116 4007 τὸν
1177 3955 1475 4026 πρέποντα.
1541 3956 1699 4010 Ἀλλά
1761 3957 1862 4012 κᾶν

272 4043 543 4114 προσίωσί
572 4061 737 4106 τινες,
762 4046 1220 4115 προσηνεστάτοις
1241 4046 1402 4101 αὐτὸν
1428 4048 1862 4118 καταμαλθάξειν

270 4139 513 4207 οἰόμενοι
557 4136 758 4202 λόγοις,
806 4137 989 4190 οὐκέτι
1029 4138 1250 4208 χρηστῷ
1300 4140 1725 4211 περιτεύξονται,
1769 4141 1863 4195 καὶ

274 4230 444 4300 πράῳ
469 4227 547 4297 τῷ
574 4228 832 4298 κρίνοντι,
874 4229 986 4282 ἀλλ’
1018 4230 1316 4304 ἐλεγκτικῷ
1346 4250 1405 4285 τε
1433 4232 1527 4286 καὶ¹
1557 4232 1859 4305 πληκτικῷ.

266 4318 393 4404 ιΤὴν
419 4316 528 4387 γὰρ
552 4315 662 4368 τῶν
691 4317 1058 4387 ἐλεγχομένων
1086 4319 1343 4386 θωπείαν,
1376 4323 1470 4377 καὶ
1497 4323 1659 4378 αὑτὸν
1689 4324 1745 4377 δέ
1775 4325 1863 4378 τὸν

1963 3223 2257 3287 postquam
2312 3212 2577 3268 Dominus
2628 3210 2697 3265 ad
2734 3225 2835 3265 nos
2883 3210 2951 3264 de
3001 3208 3159 3265 caelis
3194 3208 3428 3272 venerit,
3463 3223 3559 3261 va-

1963 3307 2251 3361 nissimam
2283 3304 2503 3359 demum
2534 3308 2589 3356 et
2614 3301 2864 3355 inutilem
2894 3298 3011 3353 fore
3048 3298 3318 3353 bonorum
3358 3304 3557 3366 postu—

1964 3396 2243 3460 lationem,
2273 3408 2453 3463 neque
2479 3407 2581 3446 nos
2604 3390 2929 3461 tempestive
2948 3388 3061 3457 jam
3085 3402 3210 3442 eum
3241 3394 3554 3442 secuturos.

1966 3486 2072 3541 Sed
2108 3493 2162 3540 et
2186 3484 2403 3539 tametsi
2438 3483 2661 3553 quidam
2687 3481 3022 3536 accesserint
3052 3485 3340 3549 sperantes
3375 3478 3553 3548 ipsum

1961 3576 2339 3634 blandissimis
2374 3575 2556 3630 verbis
2601 3573 2859 3637 delinire,
2910 3586 3018 3626 non
3060 3570 3175 3640 jam
3227 3566 3442 3623 facilem
3494 3582 3559 3623 ac

1961 3671 2148 3725 mitem
2187 3667 2433 3737 judicem
2467 3674 2807 3736 reperturus,
2843 3661 2941 3719 sed
2993 3675 3250 3732 asperum
3302 3675 3365 3714 ac
3405 3674 3557 3716 seve-

1963 3776 2108 3815 rum.
2140 3758 2527 3813 Adulationem
2564 3756 2766 3825 quippe
2800 3768 2993 3810 eorum
3018 3753 3111 3824 qui
3148 3758 3470 3823 arguentur,
3503 3760 3560 3805 et

1963 3851 2399 3921 iucrepationem
2423 3844 2596 3918 ipsam
2620 3848 2675 3900 in
2698 3845 3010 3901 Salvaturis
3022 3845 3204 3900 verbis
3226 3844 3555 3913 conspicies,

1964 3959 2087 3998 cum
2119 3943 2378 3998 nimirum
2404 3941 2479 3994 ait
2510 3958 2523 3993 :
2563 3958 2580 3988 ι
2615 3938 2770 3995 Multi
2803 3937 2988 3991 dicent
3014 3936 3146 3990 mihi
3184 3938 3238 3989 in
3268 3936 3361 3989 illa
3389 3934 3501 3999 die,
3532 3952 3553 3987 ι

1961 4035 2155 4106 judicii
2189 4034 2401 4088 scilicet
2438 4050 2451 4086 :
2503 4050 2521 4083 ι
2562 4030 2813 4092 Domine,
2860 4027 3107 4091 Domine,
3142 4042 3326 4081 nonne
3357 4028 3412 4079 in
3445 4040 3549 4080 no-

1964 4128 2113 4182 mine
2164 4132 2259 4179 tuo
2306 4121 2577 4177 daemonia
2625 4118 2935 4189 ejecimus?
2977 4114 3081 4169 Sed
3139 4124 3307 4181 tunc,
3350 4115 3555 4184 inquit,

1965 4218 2267 4275 conﬁtebor
2302 4215 2438 4277 illis,
2489 4213 2615 4281 quia
2667 4226 2824 4264 amen
2871 4208 2997 4262 dico
3030 4207 3221 4271 vobis,
3272 4221 3556 4275 nunquam

1965 4311 2089 4366 novi
2125 4324 2221 4364 vos
2258 4308 2324 4361 ⁸³.
2353 4326 2373 4359 ›
2405 4303 2523 4358 Non
2554 4304 2697 4358 enim
2727 4317 2865 4372 pure
2898 4315 2983 4354 me
3017 4297 3319 4369 qumsistis,
3351 4296 3555 4365 inquit,

268 4388 504 4482 :Elsyxov
547 4407 604 4459 ὲν
648 4408 761 4472 τοῖς
791 4408 882 4460 τοῦ
918 4408 1169 4480 Σωτῆρος
1201 4411 1497 4483 θεωρήσεις
1532 4414 1728 4483 λόγοις,
1775 4417 1863 4469 ὅτε

1968 4403 2065 4461 sed
2114 4416 2214 4457 nec
2265 4397 2636 4455 sanctimonia
2691 4393 2985 4466 splendere
3040 4389 3374 4445 studuistis:
3429 4388 3558 4442 hinc

269 4499 346 4575 5i]
396 4497 490 4550 καί
544 4514 725 4567 φησι·

281 4588 485 4659 ἡμέρᾳ,
518 4606 536 4638 ι
576 4589 641 4658 τῇ
677 4587 775 4655 τῆς
802 4587 1034 4659 κρίσεως
1065 4588 1307 4659 δηλονότι
1336 4609 1349 4622 ο
1401 4612 1419 4643 ι
1446 4594 1639 4664 Κύριε,
1668 4596 1863 4668 Κύριε,

276 4680 341 4732 οὐ
365 4679 441 4750 τῷ
475 4678 553 4750 σῷ
585 4679 812 4749 ὀνόματι
855 4679 1105 4750 δαιμόνια
1140 4679 1499 4753 ὲξεϐάλομεν;
1534 4685 1693 4740 Ἀλλά
1723 4689 1863 4753 τότε,

277 4773 466 4842 φησὶν,
490 4772 814 4843 ὁμολογήσω
844 4773 1049 4836 αὐτοῖς,
1071 4773 1154 4825 ὅτι
1190 4774 1249 4827 ’Λ
1260 4774 1365 4845 μὴν
1382 4775 1524 4845 λέγω
1543 4777 1694 4849 ὑμῖν,
1711 4780 1864 4833 οὐδέ-

278 4882 413 4918 ποτε
450 4865 618 4934 ἔγνων
669 4866 832 4935 ὑμᾶς.
867 4884 885 4917 ι
944 4866 1018 4919 Ού
1054 4865 1162 4937 γὰρ
1214 4866 1512 4938 ἐζητήσατε
1571 4887 1660 4940 με,
1709 4872 1863 4941 φησὶ,

282 4955 557 5026 καθαρῶς,
583 4956 697 5008 ἀλλ’
723 4955 842 5009 οὐδὲ
870 4957 931 5009 τὸ
952 4959 1010 5010 ἐν
1033 4955 1288 5026 ἁγιασμῷ
1312 4956 1627 5029 διαπρέπειν
1651 4962 1868 5031 ἠγαπή-

284 5060 417 5096 σατε
440 5059 452 5073 ο
485 5042 654 5110 ἔγνων
684 5044 790 5115 γὰρ
819 5045 883 5099 ἂν
911 5046 999 5099 διὰ
1030 5046 1236 5099 τούτων
1276 5047 1439 5116 ὑμᾶς,
1490 5048 1604 5102 ἀλλ’
1636 5050 1869 5120 ἐπείπερ

282 5137 367 5197 εἰς
409 5133 679 5204 ἐμπορίας
711 5135 944 5204 εὕρεσιν,
984 5139 1081 5209 τὴν
1122 5140 1180 5192 ἐν
1217 5138 1436 5209 δοκήσει
1475 5141 1567 5193 καὶ
1597 5142 1655 5192 ἐν
1685 5141 1869 5210 ψιλαῖς

281 5225 568 5289 ὑπονοίαις
614 5226 894 5280 εύλάὸειαν
942 5231 1270 5300 ἐποιήσασθε
1299 5274 1312 5294 ,
1377 5232 1471 5284 καὶ
1538 5233 1869 5303 ἠγνοηκέναι

279 5320 506 5382 δικαίως
548 5317 794 5387 ὁμολογῶ
821 5334 836 5349 ⁸
869 5318 1004 5389 ὅπερ
1033 5318 1143 5374 οὖν’
1165 5323 1222 5372 ἐν
1259 5320 1469 5383 τούτοις
1499 5317 1638 5375 εἷναί
1680 5342 1860 5393 φαμεν

282 5412 344 5463 τὸ
391 5429 407 5460 ι
440 5410 631 5480 Κύριε,
656 5409 849 5480 Κύριε,
879 5428 896 5459 ι
943 5410 1098 5463 τοῦτο
1130 5412 1224 5463 καί
1253 5412 1440 5465 ἐνθάδε
1469 5413 1529 5466 τὸ
1570 5433 1587 5465 ι
1611 5414 1817 5469 Ῥα66ί.
1842 5437 1859 5468 ι

283 5500 494 5553 Οὐκοῦν
533 5503 638 5570 ὅτῳ
670 5501 733 5553 τὸ
769 5500 1086 5565 κολάζεσθαι
1120 5503 1336 5574 πικρὸν,
1375 5503 1449 5575 μὴ
1481 5508 1866 5561 καταπιπτέτω

285 5590 426 5661 πρὸς
457 5593 795 5663 ἀνανδρείαν,
854 5593 987 5665 μηδὲ
1033 5593 1329 5650 ἀσθενείτω
1380 5597 1639 5663 ποικίλως
1688 5601 1766 5664 εἰς
1807 5601 1866 5654 τὸ

797 4515 816 4549 ι
854 4465 1287 4571 Πολλοί-ἐροῦσι

1968 4495 2116 4552 enim
2158 4508 2257 4548 vos
2292 4503 2671 4562 agnoscerem,
2709 4485 2803 4542 sed
2837 4499 2961 4537 cum
2992 4481 3060 4535 ad
3105 4481 3316 4534 lucrum
3351 4479 3558 4533 facien-

1971 4587 2100 4641 dum
2132 4583 2512 4653 imaginariam
2557 4586 2610 4634 et
2656 4578 2874 4631 inanem
2913 4572 3130 4644 pietatis
3167 4571 3404 4640 speciem
3449 4585 3558 4639 pra:

1970 4678 2124 4733 vobis
2159 4674 2418 4736 tuleritis,
2457 4671 2667 4725 idcirco
2685 4684 2782 4721 vos
2806 4665 2940 4718 mihi
2960 4677 3178 4735 quoque
3199 4662 3414 4731 ignotos
3437 4674 3561 4714 esse

1970 4769 2230 4838 proﬁteor
2255 4784 2270 4821 :
2298 4765 2444 4837 quod
2473 4762 2640 4835 igitur
2673 4760 2763 4815 hic
2788 4773 2911 4813 esse
2939 4756 3177 4811 dicimus
3196 4795 3210 4819 ,
3242 4770 3260 4803 ι
3306 4750 3558 4815 Domine,

1971 4862 2260 4923 Domine,»
2296 4860 2533 4929 idipsum
2567 4854 2641 4909 ibi
2674 4865 2915 4922 quoque,
2952 4868 2970 4900 ι
3005 4845 3203 4901 Rabbi.
3241 4864 3259 4896 ›
3287 4843 3559 4911 Quocirca

1974 4955 2288 5022 cuicunque
2312 4966 2480 5024 grave
2511 4955 2565 5004 et
2587 4946 2849 5002 acerbum
2883 4948 2969 4997 est
3002 4940 3208 5010 puniri,
3244 4954 3310 4993 ne
3334 4938 3559 5008 inigna—

1975 5048 2117 5100 viam
2153 5045 2460 5107 delabatur,
2496 5055 2674 5111 neque
2699 5036 2869 5092 variis
2889 5033 3068 5089 modis
3108 5031 3384 5086 inﬁrmum
3424 5042 3562 5097 prae-

1978 5139 2098 5193 beat
2132 5154 2189 5194 se
2214 5138 2281 5193 ad
2313 5144 2618 5209 peccatum,
2648 5134 2947 5188 bonitatem
2970 5128 3063 5182 Dei
3103 5125 3427 5195 respiciens.
3465 5117 3560 5173 sed

1978 5242 2241 5302 praeparet
2269 5246 2408 5301 opus
2443 5243 2624 5293 suum,
2669 5235 2726 5279 ut
2751 5224 3016 5293 scriptum
3049 5228 3131 5274 est
3159 5220 3203 5249 “
3224 5259 3236 5277 ,
3272 5217 3325 5268 in
3351 5211 3559 5302 exitum

1975 5337 2157 5387 sum“.
2191 5329 2243 5375 ει
2280 5326 2620 5390 Ρΐωρδῐθιιιι·
2650 5317 2704 5370 in
2754 5330 2968 5385 agrum,
3025 5310 3130 5361 hoc
3159 5312 3244 5357 est.
3279 5296 3558 5390 donec-in

1975 5413 2079 5468 hoc
2114 5412 2318 5466 mundo
2348 5418 2449 5465 est.
2489 5410 2693 5481 Agrum
2726 5409 2871 5461 enim
2904 5399 3167 5456 mundum
3198 5392 3448 5444 Salvator
3473 5386 3559 5438 in-

1974 5509 2306 5571 terpretatus
2355 5509 2453 5556 est.
2501 5479 2842 5568 Praeparetur
2888 5508 3015 5547 vero
3063 5489 3126 5541 ad
3179 5479 3557 5571 probationem

1976 5595 2141 5666 298
2180 5595 2487 5651 sanctitalis
2538 5603 2592 5647 ct
2628 5589 2857 5661 justiti-.1:
2897 5597 3080 5638 coram
3131 5577 3222 5632 Dci
3273 5570 3535 5627 tribunali

357 5762 399 5793 “
431 5769 615 5827 l'l'im.
655 5789 708 5840 ν,
729 5774 817 5829 ‘20.
900 5773 1160 5832 “Matth.
1194 5793 1289 5846 vu,
1312 5776 1403 5846 25,
1437 5778 1527 5834 24.
1609 5780 1651 5811 ⁸⁵
1675 5777 1835 5834 Prov.
1866 5793 2011 5846 λθειν,
2034 5777 2124 5831 9.7.
