4078 6262
448 284 460 331 l

508 329 611 384 479

1511 330 1568 388 S.
1611 327 1888 387 CYRILLI
1927 327 2397 386 ALEXANDRINI
2433 330 2749 388 ABCHlEP.

3664 337 3773 391 ‘80

497 439 617 496 Non
646 441 790 496 enim
833 447 1018 497 cernet
1067 441 1311 511 iudicem
1346 443 1730 517 intempestive
1763 447 2073 517 benignum,

2187 445 2545 516 πλημμελεῖν,
2603 451 2682 512 είς
2725 449 3066 520 χρηστότητα
3117 451 3329 521 βλέπων
3375 453 3474 523 τὴν
3526 455 3582 506 ἐν
3630 452 3768 523 Θεῷ,

498 533 593 586 sed
625 547 799 602 neque
833 534 1015 590 verbis
1054 535 1118 590 ad
1161 536 1598 593 misericordiam
1629 537 1952 607 compositis
1992 552 2079 592 ce-

445 660 456 686 ,
497 623 735 686 dentem,
767 624 854 677 cui
901 632 1014 678 tum
1067 626 1298 699 impigre
1333 629 1822 700 obtemperandum
1861 629 1960 682 fuit
2012 627 2079 682 ad

429 701 460 778 ,ἐ

499 709 731 764 salutem
758 715 998 776 vocanti,
1024 729 1146 769 cum
1181 717 1444 772 bonitatis
1473 725 1691 788 tempus
1716 717 1765 771 id
1792 719 2081 786 permitte-

497 812 603 866 ret,
638 815 690 859 et
732 806 976 874 priorum
1007 807 1331 863 delictorum
1366 809 1521 864 venia
1558 808 1809 878 petenda,
1839 818 1892 863 et
1926 809 2080 863 beni-

399 885 402 890 ’
495 894 676 960 guitas
715 893 807 948 Dei
843 893 1144 951 Salvatoris
1177 897 1544 966 imploranda.

2183 537 2297 591 ἀλλ’
2321 538 2656 609 ἐτοιμαξέτω
2687 541 2747 592 τὸ
2774 541 2931 612 ἔργον
2953 542 3118 595 αὐτοῦ
3147 545 3228 606 εἰς
3257 543 3353 615 τὴν
3380 544 3559 610 ἔξοδον
3581 544 3770 612 αὑτοῦ,

2184 627 2328 681 καθά
2355 630 2685 699 γέγραπται,
2713 631 2805 684 καὶ
2836 632 3339 701 παρασκευαζέσθω
3363 634 3442 694 είς
3461 631 3552 686 τὸν
3580 633 3767 704 ἀγρὸν,

2183 717 2326 771 τοῦτ’
2358 717 2523 783 ἐστιν,
2574 719 2678 783 ἕως
2729 720 2874 771 ἐστὶν
2924 721 2980 771 ἐν
3010 718 3144 788 τῷδε
3197 720 3276 788 τῷ
3323 721 3534 790 κόσμῳ.
3580 719 3771 787 Ἀγρὸν

2186 809 2293 880 γὰρ
2331 810 2422 862 τὸν
2459 811 2660 880 κόσμον
2685 812 3027 881 ἡρμήνευσεν
3071 812 3099 862 6
3142 811 3352 880 Σωτήρ.
3405 810 3769 880 Παρασκευα-

2143 931 2151 938 -
2186 901 2362 965 ζέσθω
2397 903 2453 954 δέ
2487 903 2621 973 πρὸς
2649 902 2923 968 ἀπόδειξιν
2961 902 3253 972 ἁγιασμοῦ,
3297 901 3391 953 καὶ
3423 899 3771 968 δικαιοσύνης

497 988 587 1042 ἐπὶ
615 989 709 1041 τοῦ
755 989 899 1043 θείου
932 991 1192 1061 βήματος.
1227 992 1300 1046 Οὐ
1331 992 1438 1063 γὰρ
1467 995 1710 1066 ἀκαίρως
1769 994 1898 1047 ὅντα
1959 993 2338 1064 φιλάνθρωπον
2388 996 2652 1066 θεωρήσει
2693 983 2799 1048 τὸν
2846 997 3126 1067 δικαστὴν,
3176 996 3289 1048 ἀλλ’
3339 995 3461 1048 οὺδέ
3506 998 3619 1058 τοῖς
3693 997 3771 1060 είς

495 1080 642 1133 ἔλεον
668 1081 884 1134 εἴκοντα
912 1083 1112 1150 λόγοις,
1155 1084 1246 1137 τὸν
1288 1077 1439 1155 ᾧπερ
1485 1085 1650 1157 ἐχρῆν
1683 1087 1916 1156 ἀμελητὶ
1949 1088 2375 1140 καταπείοεσθαι
2437 1088 2690 1141 καλοῦντι
2741 1089 2878 1159 πρὸς
2949 1088 3245 1157 σωτηρίαν,
3319 1088 3407 1140 ὅτε
3451 1088 3550 1140 καὶ
3617 1088 3646 1139 6
3675 1086 3774 1152 τῆς

498 1169 833 1240 ἡμερότητος
875 1171 1119 1225 ἐπεδίδου
1160 1174 1369 1244 καιρὸς,
1417 1177 1512 1229 καὶ
1543 1176 1640 1246 τὴν
1683 1178 1774 1229 ἐπὶ
1811 1177 1923 1239 τοῖς
1964 1174 2064 1246 ἤδη
2105 1179 2597 1250 προεπταισμένοις
2623 1179 2854 1244 ἐξαιτεῖν
2877 1179 3204 1250 ἀμνηστίαν,
3267 1178 3362 1232 καὶ
3384 1177 3482 1247 τὴν
3545 1179 3608 1230 ἐκ
3634 1177 3774 1233 Θεοῦ

495 1262 590 1316 τοῦ
627 1263 888 1329 σώζοντος
921 1265 1328 1337 φιλανθρωπίαν
1355 1270 1653 1341 ἐπιζητεῖν.

567 1355 669 1422 Vl,
700 1359 790 1413 27.
836 1359 1142 1429 Operamini
1170 1379 1269 1416 non
1306 1365 1479 1418 cibum
1521 1369 1611 1436 qui
1653 1369 1810 1436 perit,
1863 1365 1952 1421 sed
1986 1367 2076 1437 qui

494 1458 762 1515 permanet
793 1450 846 1504 in
900 1452 1061 1506 vitam
1095 1463 1374 1521 cateruam,
1426 1473 1575 1527 quem
1623 1458 1798 1512 Filius
1847 1459 2073 1512 hominis

494 1538 642 1594 dabit
669 1542 833 1598 vobis.

564 1631 874 1687 istiusmodi
911 1634 1170 1704 quiddam
1216 1645 1268 1691 et
1318 1639 1631 1708 generalius
1662 1639 2074 1710 quodammodo

492 1721 697 1778 Paulus
727 1724 1010 1780 disserens
1030 1741 1132 1783 nos
1162 1727 1354 1783 edocet
1397 1731 1484 1786 his
1516 1733 1699 1788 verbis
1732 1752 1744 1787 :
1789 1752 1807 1785 ι
1854 1731 1957 1798 Qui
1991 1746 2078 1786 se-

494 1813 665 1867 minat
698 1814 750 1867 in
780 1829 949 1871 carne
978 1831 1098 1883 sua,
1143 1818 1210 1874 de
1245 1835 1412 1876 carne
1463 1831 1518 1877 et
1560 1831 1726 1880 metet
1759 1824 2073 1894 corruptio-

2272 1351 2616 1435 Ἐρτάζεσθε
2635 1365 2720 1436 μὴ
2753 1365 2866 1432 τὴν
2895 1364 3130 1434 ,ϐρῶσιν
3164 1366 3276 1432 τὴν
3311 1364 3771 1433 ἀπολλυμένην,

2182 1457 2343 1511 ἀλλὰ
2386 1455 2504 1524 τὴν
2540 1455 2777 1525 βρῶσιν
2811 1454 2926 1522 τὴν
2959 1453 3271 1524 μένουσαν
3308 1455 3394 1518 είς
3436 1451 3591 1519 ζωὴν
3635 1453 3758 1504 αἰώ-

2227 1566 2339 1601 ιον.

2184 1565 2504 1692 νιέῗὸιοῦτόν
2529 1655 2582 1692 τι
2607 1638 2772 1691 πάλιν
2803 1637 2894 1691 ἐπὶ
2942 1637 3003 1690 τὸ
3030 1635 3257 1690 καθόλου
3287 1634 3382 1688 καὶ
3407 1631 3767 1704 γενικώτερόν

2186 1745 2300 1790 πως
2333 1727 2683 1782 ἐκπλατύνων
2729 1728 2819 1780 τὸν
2855 1727 3032 1796 λόγον,
3084 1728 3113 1778 6
3141 1725 3354 1788 Παῦλος
3376 1726 3526 1794 ἡμᾶς
3561 1723 3768 1776 ἐκδιδά-

2186 1834 2304 1870 σκει
2341 1815 2449 1899 Iul.
2483 1815 2818 1888 ἐκπαιδεύει]
2866 1816 3041 1884 λέγων
3066 1833 3082 1846 ο
3135 1834 3152 1866 ι
3192 1816 3249 1868 Ὀ
3283 1813 3520 1884 σπείρων
3551 1815 3628 1874 εἰς
3668 1811 3765 1882 τὴν

493 1920 618 1959 item
645 1923 658 1959 :
691 1907 785 1974 qui
825 1917 1005 1962 autem
1043 1913 1279 1966 seminat
1300 1914 1352 1967 in
1385 1917 1606 1986 Spiritu,
1638 1917 1707 1974 de
1735 1919 1930 1989 spiritu
1954 1934 2073 1973 me-

2182 1908 2382 1978 σάρκα,
2411 1909 2476 1961 ἐκ
2507 1907 2608 1978 τῆς
2639 1908 2842 1979 σαρκὸς
2875 1907 3079 1979 θερίσει
3109 1905 3313 1978 φθοράν
3335 1922 3350 1938 ’
3380 1906 3408 1957 6
3443 1905 3498 1958 δέ
3527 1903 3766 1973 σπείρων

495 2003 572 2051 tet
603 1997 763 2050 vitam
796 2009 1054 2054 :cternam
1083 2003 1150 2058 ".
1185 2023 1204 2056 ι
1271 2005 1557 2066 Seminare
1607 2013 1755 2065 enim
1804 2014 1858 2067 in
1906 2028 2072 2068 carne

494 2103 594 2142 sua
644 2088 770 2143 dicit
826 2107 921 2146 eos
973 2095 1064 2163 qui
1123 2098 1309 2154 carnis
1367 2102 1744 2172 voluptatibus
1797 2113 1962 2170 totas,
2013 2112 2072 2158 ut

493 2179 678 2247 aiunt,
723 2182 974 2240 laxantes
1025 2187 1288 2255 habenas,
1336 2195 1646 2265 praecipites
1674 2195 1927 2251 feruntur
1961 2213 2072 2267 quo

491 2272 743 2327 voluntas
775 2275 1023 2343 impellit,
1065 2278 1199 2334 utile
1231 2295 1260 2334 a
1296 2284 1468 2337 noxio
1507 2285 1824 2341 nullatenus
1867 2287 2075 2341 discer-

492 2371 707 2427 nentes,
751 2380 850 2420 uec
879 2367 990 2420 ullo
1012 2369 1172 2423 modo
1203 2371 1534 2441 legislatoris
1565 2377 1852 2446 praeceptis
1883 2377 2073 2433 obser-

491 2453 686 2510 vandis
713 2459 938 2521 assueti,
975 2459 1070 2514 sed
1103 2461 1171 2515 ad
1216 2464 1389 2518 solam
1421 2481 1651 2537 eamque
1683 2469 2069 2539 temporariam

489 2546 823 2614 voluptatem
856 2550 1267 2608 inconsiderate
1303 2555 1496 2620 delati,
1527 2559 1693 2614 rebus
1737 2576 1858 2630 quae
1887 2561 2071 2617 viden-

493 2649 582 2693 tur
608 2638 742 2691 nibil
771 2641 1066 2710 quidquam
1094 2644 1469 2712 praeferentes.
1499 2648 1714 2707 Rursus
1753 2668 1883 2707 vero
1902 2655 2070 2708 semi-

488 2742 620 2782 nare
650 2731 847 2784 asserit
882 2733 936 2785 in
980 2733 1180 2802 spiritu
1216 2751 1278 2791 ea
1321 2739 1524 2808 quibus
1563 2756 1665 2798 nos
1711 2743 1923 2798 clarere
1957 2746 2074 2798 vult

490 2817 733 2888 Spiritus
775 2831 1022 2889 sanctus,
1063 2841 1188 2880 cum
1231 2835 1348 2884 toto
1387 2833 1556 2887 animi
1601 2834 1786 2888 studio
1817 2844 1871 2890 et
1917 2844 2072 2892 tanta

487 2923 622 2964 cura
652 2910 882 2966 virtutes
929 2913 1139 2979 colunt,
1177 2926 1236 2971 ut
1276 2917 1383 2972 nisi
1427 2921 1572 2975 ratio
1600 2932 1810 2978 naturae
1841 2939 1936 2980 eos
1977 2941 2074 2980 ne-

488 3001 788 3054 cessarium
823 3003 976 3057 carni
1003 3004 1322 3061 alimentum
1351 3010 1596 3078 praebere
1645 3023 1884 3081 cogeret,
1917 3029 1985 3070 ne
2018 3016 2070 3070 id

489 3089 706 3158 quidem
741 3089 1003 3148 facerent.
1049 3095 1306 3152 Arbitror
1334 3099 1516 3168 itaque
1549 3116 1658 3155 non
1684 3101 1878 3159 decere
1911 3113 1971 3159 ut
2004 3106 2071 3160 ad

487 3179 841 3248 cupiditatem
877 3197 1096 3240 carnem
1141 3201 1419 3252 curemus,
1475 3189 1567 3244 sed
1613 3195 1940 3248 necessariis
1977 3210 2072 3264 po-

2179 2005 2259 2067 είς
2288 2002 2348 2056 τὸ
2379 2001 2618 2072 πνεῦμα,
2659 2003 2721 2054 ἐκ
2750 2000 2842 2054 τοῦ
2876 1999 3186 2070 πνεύματος
3227 1997 3435 2068 θερίσει
3465 1995 3609 2064 ζωὴν
3637 1993 3767 2047 αἰῶ·

2179 2113 2343 2148 νιον.»
2366 2095 2616 2166 Σπείρειν
2646 2095 2744 2164 μὲν
2772 2094 2880 2162 γὰρ
2911 2094 2989 2154 είς
3021 2091 3117 2162 τὴν
3153 2092 3330 2161 σάρκα
3364 2090 3497 2159 φησὶ
3523 2089 3650 2151 τοὺς
3682 2088 3764 2139 οῖ-

2179 2203 2241 2254 γε
2271 2189 2390 2249 ταῖς
2416 2185 2514 2254 τῆς
2542 2185 2743 2254 σαρκὸς
2767 2185 2979 2255 ἡδοναῖς
2999 2183 3126 2245 ὅλας
3151 2181 3340 2251 ῶσπερ
3369 2181 3762 2251 ἐπιτρέψαντες

2177 2275 2277 2339 τάς
2304 2275 2482 2345 ἡνίας,
2519 2276 2767 2344 δρομαῖοι
2796 2274 3104 2344 βαδίζουσιν
3137 2273 3220 2340 ἐφ’
3254 2274 3390 2340 ὅπερ
3421 2272 3486 2325 ἂν
3531 2270 3762 2341 βούλων-

2177 2386 2287 2432 ται,
2321 2367 2682 2437 διακρίνοντες
2729 2367 2828 2435 μὲν
2866 2365 3114 2435 οὐδαμῶς
3153 2365 3216 2417 τό
3266 2381 3417 2432 σφισι
3460 2362 3761 2425 λυσιτελὲς,

2179 2458 2286 2511 ἀπὸ
2309 2456 2403 2510 τοῦ
2431 2456 2815 2510 κατασίνεσθαι
2838 2455 2932 2508 καὶ
2957 2455 3160 2508 ἀδικεῖν
3185 2454 3510 2522 πεφυκότος,
3535 2453 3760 2522 δοκιμά-

2180 2546 2292 2611 ζειν
2322 2545 2378 2598 δὲ
2401 2547 2534 2608 ὅλως
2566 2544 2626 2598 τὸ
2653 2545 2729 2614 τῷ
2757 2544 3022 2614 νομοθέτῃ
3043 2543 3232 2595 δοκοῦν
3260 2543 3555 2612 οῷδαμόθεν
3586 2559 3761 2596 κατει-

2179 2637 2442 2706 θισμένοι,
2495 2636 2586 2689 ἐπὶ
2636 2635 2692 2688 δὲ
2747 2635 2907 2704 μόνον
2951 2633 3010 2685 τὸ
3055 2632 3149 2703 ἡδύ
3195 2651 3254 2685 τε
3300 2634 3394 2686 καὶ
3425 2635 3760 2705 πρόσκαιρον

2178 2728 2596 2799 ἀπερισκέπτως
2650 2726 3110 2796 κατασυρόμενοι,
3162 2727 3255 2778 καὶ
3312 2725 3418 2778 τῶν
3465 2725 3762 2796 ὁρωμένων

2179 2821 2561 2890 προκρίνοντες
2584 2818 2753 2872 οὐδέν.
2787 2818 3036 2888 Σπείρειν
3070 2818 3125 2870 δέ
3161 2818 3321 2871 πάλιν
3349 2821 3428 2880 εἰς
3452 2819 3512 2870 τὸ
3546 2817 3759 2888 πνεῦμα

2177 2913 2598 2984 διῖσχυρίζεται,
2653 2910 2722 2963 τὰ
2767 2912 2850 2979 ἐφ’
2902 2905 2983 2973 οἷς
3032 2910 3097 2963 ἂν
3151 2909 3393 2980 βούλοιτο
3437 2910 3760 2980 διαπρέπειν

2179 3006 2324 3075 ἡμᾶς
2347 3005 2407 3057 τὸ
2431 3005 2584 3072 ἆγιον
2609 3003 2853 3072 Πνεῦμα,
2882 3002 3001 3055 ὅλον
3036 3003 3133 3072 μὲν
3160 3003 3256 3072 τῆς
3291 3003 3498 3055 ἑαυτῶν
3520 3004 3760 3068 διανοίας

2178 3095 2532 3159 δαπανῶντας
2556 3097 2614 3150 τὸ
2645 3097 2985 3167 σπούδασμα,
3019 3096 3252 3166 συντόνῳ
3283 3097 3338 3149 δέ
3370 3096 3542 3159 οὕτως
3567 3098 3759 3149 ἀποκε·

2179 3187 2485 3258 χρημένους
2515 3188 2752 3257 φροντίδι
2800 3188 2933 3258 πρὸς
2963 3188 3237 3258 γεωργίαν
3266 3185 3373 3239 τῶν
3400 3186 3643 3254 ἀγαθῶν,
3686 3187 3763 3249 ὡς

487 3269 594 3324 tius
626 3271 1029 3341 incumbamus,
1059 3290 1254 3346 eaquc‘
1274 3280 1522 3333 colamus
1553 3297 1673 3350 quae
1707 3282 1772 3335 ad
1811 3290 2070 3339 aeternam

2177 3282 2222 3332 εί
2252 3280 2325 3349 μή
2373 3296 2454 3342 τις
2502 3279 2696 3342 αὐτοὺς
2730 3279 3026 3350 κατήπειξε
3060 3279 3218 3347 λόγος
3281 3278 3511 3348 φυσικός
3560 3295 3619 3330 τε
3665 3278 3762 3331 καὶ

486 3376 551 3415 ac
580 3363 819 3417 divinam
853 3366 1019 3420 vitam
1060 3367 1370 3426 conferunt.
1411 3371 1676 3442 Corporis
1722 3377 1867 3430 enim
1899 3377 2074 3431 demi-

487 3453 597 3506 rari
625 3451 876 3521 delicias,
913 3456 1161 3526 nihiique
1204 3461 1414 3516 ventris
1462 3465 1700 3533 ingluvie
1742 3467 1928 3534 potius
1974 3467 2076 3520 ha-

486 3543 640 3604 bere,
673 3543 975 3599 belluinum
1016 3557 1103 3603 est
1128 3565 1380 3618 prorsus,
1424 3562 1477 3607 et
1507 3563 1750 3610 extrema
1784 3574 1892 3611 non
1923 3568 2075 3613 caret

488 3633 718 3688 rationis
744 3635 954 3704 inopia.
1009 3637 1114 3694 Sed
1141 3641 1393 3700 honestis
1423 3644 1765 3714 incumbere,
1797 3658 1852 3704 et
1880 3651 1930 3703 id
1960 3666 2078 3704 ma-

489 3725 634 3776 xime
651 3726 873 3780 studere
889 3737 944 3780 ut
963 3728 1260 3786 virtutibus
1279 3733 1638 3801 inclarescas,
1656 3751 1820 3808 atque
1847 3743 2076 3811 spiritus

490 3815 706 3884 legibus
735 3817 1046 3884 subjaeeas,
1091 3837 1263 3891 eaque
1297 3825 1363 3880 de
1398 3825 1508 3880 Deo
1539 3830 1901 3899 cupidissime
1939 3835 2076 3889 arri-

493 3922 622 3976 pere
651 3924 773 3977 qua:
802 3925 902 3964 nos
938 3911 1004 3964 ad
1037 3913 1267 3968 salutem
1309 3917 1620 3975 conducere
1661 3935 1914 3992 possunt,
1955 3927 2076 3997 ejus

493 3999 680 4067 utique
717 3999 930 4055 fatebor
961 4018 1084 4059 esse
1127 4006 1218 4076 qui
1254 4024 1410 4063 suam
1463 4013 1614 4066 novit
1659 4023 1928 4080 naturam,
1975 4035 2080 4074 nec

492 4091 710 4156 ignorat
759 4107 818 4146 se
862 4092 1064 4148 animal
1117 4098 1350 4154 rationis
1389 4115 1613 4172 compos
1666 4105 1732 4161 ad
1785 4107 2076 4178 imaginem

488 4183 653 4253 299
699 4183 978 4241 Creatoris
1011 4189 1317 4249 conditum.
1355 4194 1566 4264 itaque,
1614 4206 1672 4250 ut
1718 4199 1835 4268 ipse
1872 4202 2074 4256 alicubi

491 4271 762 4337 Salvator,
792 4275 902 4328 ait:
940 4295 958 4326 ι
1009 4276 1086 4332 Ne
1118 4281 1342 4335 solliciti
1382 4285 1557 4339 simus
1605 4286 1736 4355 quid
1779 4289 2077 4344 manduca-

489 4363 694 4424 himus,
727 4375 819 4418 aut
849 4367 978 4436 quid
1011 4369 1285 4433 bibemus,
1315 4381 1409 4426 aut
1440 4391 1549 4444 quo
1582 4378 1901 4446 operiemur
1936 4382 2018 4442 ‘3;
2051 4403 2067 4434 ι

488 4455 584 4509 sed
631 4465 954 4524 reputantes
1005 4461 1129 4515 cibo
1177 4465 1418 4518 animam
1477 4483 1602 4522 esse
1658 4471 1966 4538 potiorem,
2021 4483 2074 4528 ct

486 4559 690 4615 corpus
722 4548 950 4610 amictu,
993 4550 1044 4602 id
1080 4551 1352 4620 imprimis
1380 4558 1728 4614 attendamus
1775 4577 1883 4630 quo
1909 4572 2071 4632 pacto
2104 4588 2146 4640 ι)

487 4649 548 4688 se
599 4635 837 4691 habeant
885 4653 1008 4707 qua:
1050 4649 1316 4707 praestant
1370 4645 1426 4700 in
1484 4648 1666 4706 nobis.
1725 4649 1880 4707 Licet
1919 4655 2064 4708 enim

487 4739 692 4794 corpus
743 4729 883 4783 bene
912 4745 972 4785 se
1004 4731 1227 4796 habeat,
1264 4744 1317 4790 ct
1346 4739 1607 4806 congruis
1637 4739 1915 4800 alimentis
1942 4746 2066 4815 pin-

489 4825 735 4883 guescat,
762 4820 897 4873 nihil
931 4830 1114 4878 tamen
1148 4825 1273 4881 inde
1301 4828 1368 4881 ad
1401 4830 1658 4886 miseram
1683 4835 1920 4890 animam
1959 4839 2066 4892 uti-

489 4905 661 4960 litatis
689 4908 860 4960 redit:
892 4913 986 4965 sed
1015 4928 1045 4966 e
1077 4917 1361 4971 contrario
1388 4919 1576 4975 damni
1611 4923 1904 4992 plurimum
1931 4943 2065 4983 con-

489 4995 732 5050 ciliatur.
782 4993 843 5049 ln
909 4998 1090 5066 ignem
1145 5005 1348 5075 quippe
1402 5016 1666 5064 aeternum
1719 5012 2064 5080 detrudetur,

489 5101 614 5140 cum
650 5099 878 5141 necesse
909 5089 982 5142 sit
1013 5105 1110 5145 eos
1143 5094 1239 5161 qui
1273 5096 1412 5149 nihil
1440 5097 1568 5152 boni
1603 5103 1833 5170 egerint,
1859 5105 2065 5160 idcirco

491 5179 708 5247 puniri;
739 5193 976 5249 corpore
1006 5189 1186 5236 autem
1219 5187 1432 5242 ratione
1457 5195 1802 5248 convenienti
1830 5196 2062 5258 frenato,

491 5279 658 5340 atque
704 5270 938 5340 spiritus
995 5273 1205 5344 legibus
1256 5277 1504 5342 subdito,
1558 5292 1850 5354 utrumque
1898 5288 2063 5343 simul

491 5362 722 5415 servari.
753 5361 1226 5419 Absurdtssimum
1265 5375 1350 5423 est
1392 5369 1559 5439 igitur
1591 5387 1691 5430 nos
1723 5381 2064 5446 temporaria:

491 5455 643 5506 rarni
694 5463 748 5509 et
773 5456 999 5524 jamjam
1035 5457 1296 5525 peritura:
1321 5469 1532 5516 tantum
1557 5481 1704 5522 cura:
1729 5469 2059 5539 impendere.

493 5550 553 5594 ut
586 5545 724 5598 nihil
768 5547 816 5600 ei
875 5550 1036 5617 plane
1085 5549 1277 5607 deesse
1332 5553 1564 5610 velimus
1615 5559 1759 5626 quod
1802 5571 2056 5631 appetat:

557 5717 597 5743 δ’
637 5718 812 5774 Calai.
841 5727 980 5788 v1,8.
1061 5731 1102 5759 δ’
1134 5733 1320 5788 Matth.
1359 5750 1424 5796 vx,
1451 5735 1536 5788 51.

2177 3369 2543 3440 ἀνυπέρθετος
2590 3371 2688 3433 τὰς
2739 3370 3042 3438 ἀναγκαίας
3098 3373 3164 3441 τῇ
3229 3369 3393 3440 σαρκὶ
3443 3370 3760 3440 χαρίζεσθαι

2173 3462 2398 3532 τροφὰς,
2422 3463 2529 3515 οὐδ’
2554 3462 2618 3515 ἂν
2640 3463 2718 3526 είς
2744 3463 2900 3515 τοῦτό
2925 3479 3052 3516 ποτε
3079 3461 3426 3515 καταϐαίνειν
3447 3462 3756 3531 ἠνέσχοντο.

2176 3548 2340 3621 οἶμαι
2369 3553 2546 3606 τοίνυν
2580 3553 2876 3624 προσήκειν
2921 3555 3104 3624 ἡμᾶς,
3158 3555 3258 3624 τῆς
3307 3554 3405 3624 μὲν
3444 3553 3647 3623 σαρκὸς
3679 3555 3758 3616 εἰς

2177 3643 2469 3712 ἐπιθυμίαν
2497 3644 2764 3715 μηδεμίαν
2785 3645 2920 3708 ὅλως
2939 3645 3181 3698 τίθεσθαι
3202 3645 3478 3717 πρόνοιαν,
3507 3647 3758 3714 προσκεῖ-

2179 3735 2301 3789 σθαι
2334 3736 2388 3788 δέ
2423 3737 2619 3805 μᾶλλον
2647 3739 2760 3800 τοῖς
2789 3737 3258 3804 ἀναγκαιοτάτοις,
3292 3739 3386 3790 καὶ
3412 3738 3758 3807 ἐπιτηδεύειν

2176 3825 2512 3893 ἐπείγεσθαι,
2560 3825 2628 3878 τὰ
2665 3826 2873 3896 ὅσαπερ
2903 3827 3049 3894 ἡμᾶς
3079 3827 3159 3889 εἰς
3189 3825 3286 3897 τὴν
3329 3826 3545 3878 αἰώνιόν
3573 3844 3631 3891 τε
3663 3825 3757 3880 καὶ

2178 3915 2327 3970 θείαν
2370 3916 2626 3986 ἀναφέρει
2667 3915 2832 3986 ζωήν.
2871 3916 2944 3968 Τὸ
2975 3917 3071 3986 μὲν
3110 3917 3218 3986 γὰρ
3245 3916 3342 3979 τὰς
3372 3916 3468 3970 τοῦ
3504 3915 3759 3987 σώματος

2177 4006 2588 4076 ἀποθαυμάζειν
2631 4009 2866 4079 τρυφὰς,
2899 4009 2994 4061 καὶ
3038 4009 3200 4078 μηδὲν
3228 4009 3480 4078 ἡγεῖσθαι
3508 4009 3568 4062 τὸ
3599 4010 3758 4079 ἀμει-

2177 4114 2265 4150 νον
2293 4096 2401 4150 τῶν
2431 4097 2560 4168 περὶ
2585 4099 2828 4167 γαστέρα
2861 4099 3218 4168 πλεονασμῶν
3250 4099 3347 4171 [αι.
3379 4099 3757 4172 πλησμονῶνῙ,

2179 4188 2440 4258 θηριῶδες
2484 4189 2672 4253 ὅντως,
2723 4191 2811 4242 καὶ
2850 4190 2950 4256 τῆς
2980 4192 3071 4245 ἐπὶ
3101 4194 3212 4255 τοῖς
3241 4177 3487 4262 ἐσχάτοις
3531 4193 3757 4260 ἀλογίας

2177 4278 2275 4330 οὐκ
2302 4277 2582 4349 ἀμοιροῦν.
2633 4279 2707 4331 T6
2748 4279 2805 4331 δέ
2835 4283 3190 4350 προσκεῖσθαι
3218 4285 3332 4346 τοῖς
3380 4283 3627 4350 ἀγαθοῖς,
3661 4284 3754 4336 καὶ

2177 4367 2295 4419 λίαν
2325 4367 2641 4434 ἐπείγεσθαι
2683 4368 3006 4440 διαπρέπειν
3036 4373 3092 4423 ἐν
3141 4373 3361 4443 ἀρεταῖς
3389 4375 3480 4427 καὶ
3509 4376 3620 4436 τοῖς
3660 4372 3752 4426 τοῦ

2177 4459 2485 4530 πνεύματος
2520 4460 2839 4514 ὑποκεῖσθαι
2865 4462 3069 4533 νόμοις,
3101 4464 3418 4534 προσίεσθαι
3437 4482 3494 4518 τε
3518 4466 3612 4518 καὶ
3635 4465 3753 4518 λίαν

2176 4555 2424 4624 ἀσμένως
2475 4553 2542 4607 τά
2590 4555 2717 4626 περὶ
2767 4553 2903 4607 Θεοῦ
2949 4555 3086 4625 πρὸς
3137 4557 3407 4627 σωτηρίαν
3451 4557 3750 4626 ἐφοδιάζειν

2176 4647 2320 4715 ἡμᾶς
2351 4645 2621 4715 ἰσχύοντα,
2647 4645 2794 4714 δοίην
2821 4646 2885 4698 ἂν
2909 4645 3082 4714 ἔγωγε
3113 4645 3344 4715 πρέπειν
3365 4647 3532 4708 ὅντως
3558 4647 3635 4717 τῷ
3657 4646 3750 4718 τὴν

2177 4736 2312 4788 ἰδίαν
2351 4736 2766 4804 ἐπιγινώσκοντι
2809 4736 2990 4804 φύσιν,
3020 4737 3113 4789 καὶ
3153 4737 3235 4790 ὅτι
3277 4736 3418 4800 ζῶον
3462 4740 3750 4809 πεποίηται

2171 4829 2384 4893 λογικὸν
2428 4831 2545 4881 κατ’
2591 4829 2775 4882 εἰκόνα
2825 4829 2920 4882 τοῦ
2966 4830 3247 4893 κτίσαντος
3288 4831 3391 4883 οὐκ
3435 4829 3745 4901 ἠγνοηκότι.

2171 4918 2379 4974 Οὐκοῦν
2405 4920 2479 4984 ὡς
2507 4921 2663 4983 αὑτός
2691 4921 2790 4974 πού
2821 4939 2981 4992 φησιν
3006 4923 3033 4973 6
3065 4921 3275 4993 Σωτὴρ,
3313 4923 3432 4992 (Μὴ
3471 4922 3736 4993 μεριμνῶ-

2176 5033 2273 5085 μεν
2301 5015 2352 5067 τί
2380 5015 2662 5084 φάγωμεν,
2695 5016 2726 5086 ῆ
2758 5015 2810 5068 τί
2839 5017 3070 5086 πίωμεν,
3100 5016 3133 5086 ἢ
3165 5016 3218 5069 τί
3251 5015 3692 5087 περιϐαλώμεθα·
3727 5036 3744 5066 ι

2172 5103 2508 5175 λογιζόμενοι
2534 5105 2592 5158 δέ
2616 5105 2696 5158 ὅτι
2724 5105 2985 5174 κρείττων
3019 5104 3134 5156 ἐστὶ
3161 5104 3257 5174 τῆς
3285 5104 3490 5175 τροφῆς
3523 5107 3555 5174 ἡ
3581 5105 3747 5174 ψυχὴ,

2173 5198 2265 5249 καὶ
2297 5198 2357 5250 τὸ
2393 5197 2548 5268 σῶμα
2573 5196 2663 5250 τοῦ
2694 5197 3009 5265 ἐνδύματος,
3038 5198 3186 5260 ὅπως
3220 5197 3286 5250 ἂν
3319 5197 3431 5268 ἐχοι
3463 5196 3644 5259 καλῶς
3681 5195 3747 5247 τὰ

2172 5291 2466 5361 τιμιώτερα
2503 5290 2700 5360 μᾶλλον
2726 5289 2833 5341 τῶν
2878 5292 2934 5342 ἐν
2965 5290 3096 5358 ἡμῖν
3135 5288 3514 5359 ἐνθυμώμεθα.
3552 5289 3748 5342 E9725:—

2173 5383 2388 5446 θοῦντος
2423 5383 2532 5455 [ῑσ.
2558 5379 2617 5436 εῦ
2644 5381 2930 5452 παθόντος]
2968 5383 3065 5452 μὲν
3096 5382 3204 5453 γὰρ
3229 5380 3322 5435 τοῦ
3355 5381 3625 5451 σώματος,
3657 5379 3748 5432 καὶ

2170 5476 2292 5537 ταῖς
2327 5474 2474 5544 αὐτῷ
2502 5474 2854 5544 καταλλήλοις
2893 5474 3239 5544 πιαινομένου
3274 5475 3523 5543 τροφαῖς,
3566 5471 3748 5542 ὄνησις

2174 5567 2271 5636 μὲν
2293 5567 2513 5636 οὐδεμία
2538 5569 2601 5637 τῇ
2628 5565 2786 5635 ἀθλία
2819 5566 2960 5636 ψυχῇ
2990 5583 3002 5596 ο
3041 5569 3102 5618 ἐκ
3129 5566 3183 5618 δέ
3211 5563 3318 5618 τῶν
3351 5563 3630 5630 ἐναντίων,
3656 5562 3746 5615 καὶ
