4078 6262
324 330 420 387 ιει

1334 329 1403 386 ιτς
1441 328 1731 387 JOANNIS
1774 331 2231 394 EVANGELIUH
2270 336 2403 395 LIB.
2438 338 2531 395 Ill.

3489 320 3603 409 432'

322 443 456 500 πολύ
482 461 539 497 τι
564 442 624 496 τὸ
653 442 850 514 βλάὸος
878 443 1126 498 ἀνατελεῖ
1148 461 1161 475 ο
1197 446 1579 517 κατοιχήσεται
1609 446 1717 519 γὰρ
1745 449 1825 512 είς
1851 466 1885 502 τι

2015 449 2395 519 perfunctorie
2416 466 2548 507 vero
2578 465 2778 509 curare
2798 453 3062 523 animam,
3097 464 3193 511 aut
3220 471 3340 512 eam
3370 465 3597 521 omnino

318 533 433 605 πῦρ
475 533 540 587 τὸ
582 534 835 599 αἰώνιον,
880 535 1113 605 ἐπείπερ
1159 534 1373 606 ἀνάγκη
1418 538 1547 600 τοὺς
1599 538 1754 592 οὐδὲν
1793 538 1904 592 τῶν

316 623 542 694 ἀγαθῶν
567 623 981 695 εἰργασμένους,
1011 625 1111 694 τῆς
1138 626 1232 678 ἐπὶ
1257 626 1469 691 τούτοις
1498 628 1628 682 εῖσω
1651 628 1905 697 γενέσθαι

315 716 494 787 δίκηςο
518 715 762 787 λογισμῷ
781 717 838 769 δὲ
856 715 932 787 τῷ
958 715 1224 787 πρέποντι
1249 718 1787 793 χαλιναγωγηθὲντος
1809 722 1903 777 τοῦ

317 807 590 878 σώματος,
627 809 722 861 καὶ
744 810 856 870 τοῖς
883 806 981 860 τοῦ
1024 807 1338 878 πνεύματος
1372 810 1782 882 ύπεζευγμένου
1815 815 1902 868 νό-

318 914 460 967 μοις,
491 896 758 960 σώζεσθαι
814 898 1033 962 πάντως
1086 897 1302 970 ἀνάγκη
1352 900 1417 953 τὸ
1472 903 1901 974 συναμφότερον.

318 990 475 1042 Ἔστι
501 991 682 1042 τοίνυν
707 988 815 1043 τῶν
846 990 1236 1055 ἀτοπωτάτων,
1282 993 1382 1063 τῆς
1437 992 1539 1063 μὲν
1567 995 1903 1067 προσκαίρου

318 1081 408 1135 καὶ
434 1081 556 1134 ὅσον
591 1080 811 1157 οὐδέπω
833 1081 1257 1154 φθαρησομένης
1299 1084 1503 1154 σαρκὸς
1542 1083 1716 1149 οὕτως
1754 1088 1902 1157 ἡμᾶς

316 1177 583 1246 προνοεῖν,
624 1174 698 1238 ὡς
729 1156 938 1228 οἴεσθαι
964 1175 1074 1228 δεῖν
1106 1174 1320 1239 οὐδενὸς
1346 1175 1485 1240 ὅλως
1522 1156 1901 1250 ἀπολιμπάνε-

317 1267 440 1321 σθαι
466 1266 576 1320 τῶν
602 1267 936 1336 φιλαιτάτων
994 1268 1158 1339 αὐτῇ·
1206 1269 1268 1322 ὲν
1312 1269 1597 1341 παρέργου
1646 1270 1706 1324 δὲ
1747 1272 1900 1336 τάξει

298 1353 519 1425 ¹λαϐεῖν,
565 1360 599 1431 ἢ
650 1362 744 1414 καὶ
787 1360 866 1430 τῷ
915 1358 1414 1431 μηδενὶκπαρισοῠν
1460 1362 1559 1433 τὴν
1608 1363 1701 1417 ἐπὶ
1752 1363 1898 1435 ψυχῇ

314 1451 608 1520 φροντίδα,
653 1450 831 1503 καίτοι
886 1450 1139 1503 τοσοῦτον
1187 1447 1342 1522 οἶμαι
1401 1455 1703 1524 προσήκειν
1747 1455 1900 1508 ἐπεί-

315 1537 507 1606 γεσθαι
561 1538 760 1608 μᾶλλον
798 1540 949 1608 ἡμᾶς
994 1540 1418 1609 προσκεκλίσθαι
1462 1546 1575 1606 τοῖς
1618 1545 1710 1596 ἐπὶ
1750 1544 1897 1616 ψυχῇ

316 1628 733 1700 φροντίσμασιν,
784 1629 906 1682 ὅσον
949 1631 1043 1683 καὶ
1083 1632 1140 1683 ὲν
1180 1632 1448 1702 ἀμείνοσι,
1479 1633 1512 1703 ἢ
1544 1634 1685 1688 κατὰ
1718 1636 1898 1707 σάρκα

316 1721 486 1774 ἐστίν.
525 1719 680 1773 Οὕτω
710 1721 819 1792 γὰρ
866 1721 1068 1787 ὅντως,
1113 1725 1207 1777 καὶ
1236 1724 1348 1778 τῶν
1383 1727 1711 1796 ἡττωμένων
1763 1745 1896 1798 προ-

2006 540 2261 609 corporis
2310 555 2462 596 cura:
2505 550 2861 613 postponere,
2914 546 3043 601 licet
3100 554 3257 602 tanto
3283 549 3597 612 studiosius

2004 633 2460 704 prospiciendum
2496 636 2573 692 sit
2601 638 2821 701 animae,
2853 649 3067 708 quanto
3112 642 3206 695 illa
3239 646 3398 699 carni
3437 656 3597 703 ante-

2004 722 2174 778 cellit.
2213 721 2304 778 Sic
2338 726 2484 779 enim
2508 726 2655 795 quod
2689 729 2952 798 superius
2980 739 3064 786 est
3092 732 3344 788 inferiori
3375 751 3594 808 praepo-

2005 828 2234 885 nentes,
2284 820 2608 892 justamque
2664 823 2735 879 de
2794 824 2867 879 iis
2921 827 3253 882 sententiam
3311 828 3594 897 ferentes,

2005 912 2187 965 sancti
2239 919 2296 966 et
2349 913 2629 983 sapientes
2659 914 2879 984 judices
2931 917 3255 984 evademus,
3309 936 3413 975 nec
3467 924 3594 979 aliis

2003 1010 2155 1057 recte
2182 1004 2471 1065 statuendi
2503 1007 2741 1071 palmam
2782 1008 3112 1076 tribuemus,
3144 1025 3208 1064 ea
3248 1012 3460 1068 nostris
3498 1029 3595 1068 ca-

2003 1094 2213 1164 pitibus
2242 1097 2868 1168 reservata.0peremur
2901 1101 3110 1172 itaque,
3143 1104 3312 1159 sicuti
3340 1104 3593 1162 Salvator

2003 1186 2105 1250 ait;
2135 1201 2246 1241 non
2279 1186 2468 1242 cibum
2499 1190 2596 1260 qui
2633 1192 2818 1261 perit:
2853 1202 3148 1265 postquam
3179 1197 3328 1251 enim
3366 1199 3421 1252 in
3453 1214 3593 1254 ven-

2000 1281 2142 1330 trem
2187 1276 2381 1347 lapsus
2432 1288 2541 1345 est,
2590 1290 2647 1336 et
2678 1282 3010 1339 brevissimo
3046 1293 3295 1356 tempore
3351 1298 3590 1344 mentem

2001 1366 2271 1423 vilissima
2321 1370 2607 1441 voluptate
2638 1372 2944 1430 frustratus
2978 1384 3086 1439 est,
3114 1380 3168 1431 in
3219 1379 3411 1433 seilam
3453 1381 3594 1451 deji-

2000 1460 2170 1525 citur,
2199 1468 2255 1516 et
2288 1479 2356 1518 ex
2385 1465 2508 1520 alvo
2535 1481 2733 1522 rursus
2766 1471 3032 1539 egeritur.
3078 1470 3251 1527 Cibus
3288 1481 3470 1528 autem
3499 1475 3593 1529 ille

2002 1546 2290 1622 spiritalis,
2319 1569 2418 1609 cor
2458 1555 2706 1624 firmans,
2734 1558 3013 1616 hominem
3049 1564 3388 1618 corroborat
3417 1565 3470 1618 in
3505 1567 3590 1620 vi-

2001 1650 2112 1695 tam
2148 1652 2435 1707 aeternam,
2487 1662 2655 1715 quem
2701 1649 2819 1718 ipse
2851 1666 3075 1722 quoque
3113 1642 3588 1726 Clirisms'iargi-

2003 1738 2185 1786 turum
2219 1750 2278 1788 se
2316 1735 2479 1789 nobis
2508 1737 2821 1805 pollicetur,
2850 1728 2984 1793 cum
3018 1742 3133 1794 ait:
3165 1760 3184 1793 ι
3216 1743 3388 1808 Quem
3413 1743 3588 1799 Filius

313 1811 603 1875 τάττοντες
629 1812 689 1864 τὸ
717 1813 791 1876 ὡς
820 1815 878 1866 ὲν
906 1816 1189 1884 συγκρίσει
1221 1816 1408 1880 νικῶν,
1441 1818 1532 1871 καὶ
1562 1818 1771 1871 δικαίαν

2003 1823 2248 1879 hominis
2271 1824 2427 1879 dabit
2457 1797 2649 1894 vobis;
2688 1848 2707 1881 ι
2748 1830 3031 1885 divinitati
3067 1833 3476 1889 humanitatem
3510 1838 3588 1891 si-

315 1899 410 1952 ὲπὶ
435 1900 644 1963 τούτοις
667 1901 938 1971 ὁρίζοντες
958 1903 1155 1974 ψῆφον,
1186 1906 1323 1959 ὅσιοί
1352 1924 1410 1960 τε
1436 1908 1530 1961 καὶ
1560 1911 1712 1977 σοφοὶ
1738 1927 1897 1981 γενη-

316 1989 525 2059 σόμεθα
556 1993 825 2057 δικασταὶ,
868 1996 964 2049 καὶ
1011 1997 1108 2066 ούχ
1149 1998 1358 2068 ἑτέροις
1404 1999 1514 2052 τισὶ
1560 2000 1659 2071 τὴν
1703 2002 1767 2055 ὲκ
1804 2002 1893 2056 λο-

313 2084 530 2155 γισμῶν
552 2087 769 2154 ἀγαθῶν
792 2088 1059 2161 ὀρθότητα
1088 2090 1445 2161 χαριούμεθα.
1470 2093 1672 2163 μᾶλλον
1696 2095 1750 2148 δὲ
1772 2099 1892 2160 ταῖς

304 2178 538 2242 οίκείαις
562 2180 934 2251 ὲπιθησὸμεθα
956 2184 1237 2253 κεφαλαῖς.
1275 2186 1665 2256 Ἐργαζώμεθα
1691 2188 1889 2254 τοίνυν,

303 2267 451 2321 καθά
480 2285 643 2339 φησιν
688 2272 717 2323 ὁ
760 2273 971 2344 Σωτὴρ,
1031 2275 1107 2345 μὴ
1151 2275 1249 2345 τὴν
1288 2274 1490 2347 βρῶσιν
1521 2278 1619 2348 τὴν
1654 2279 1889 2333 ἀπολλυ-

304 2357 513 2429 μένην·
569 2362 869 2433 χωρήσασα
917 2364 1025 2436 γὰρ
1055 2366 1135 2429 είς
1175 2368 1438 2439 γαστέρα,
1473 2371 1566 2422 καὶ
1601 2373 1681 2435 εἰς
1712 2371 1890 2439 ὀλίγον

299 2451 498 2521 κομιδῆ
548 2451 641 2504 τὸν
691 2455 883 2525 καιρὸν
928 2456 1066 2525 πρὸς
1120 2458 1510 2531 εὐτελεστάτην
1557 2461 1753 2532 ἡδονὴν
1798 2462 1890 2517 τὸν

2002 1917 2115 1970 mul
2164 1928 2525 1985 connectens,
2564 1929 2619 1975 et
2666 1922 3013 1993 conjungens
3066 1932 3240 1980 totum
3289 1926 3584 1996 dispensa-

1998 2005 2167 2060 tionis
2215 2006 2272 2060 in
2315 2007 2419 2061 hoc
2466 2010 2672 2065 mundo
2701 2027 2827 2067 cum
2863 2029 3031 2069 carne
3061 2019 3409 2087 mysterium.
3440 2018 3585 2076 Sub-

1996 2098 2179 2153 innuit
2226 2108 2409 2153 autem
2465 2103 2761 2173 mysticum
2805 2115 2860 2161 et
2907 2108 3215 2177 spiritalem
3249 2112 3455 2177 cibum,
3487 2128 3585 2182 per

1998 2205 2160 2259 quem
2188 2204 2422 2261 corpore
2450 2201 2505 2247 et
2529 2195 2718 2249 animo
2740 2200 3068 2253 sanctiﬁcali
3089 2202 3326 2259 vivimus
3351 2205 3406 2258 in
3436 2206 3580 2275 ipso.

2000 2279 2105 2336 Sed
2134 2285 2380 2353 apertius
2411 2286 2469 2339 in
2495 2289 2862 2356 sequentibus
2884 2292 3032 2348 istud
3061 2293 3337 2350 dicentem
3367 2307 3584 2367 specta-

1997 2371 2200 2518 bimus.
2239 2374 2587 2448 Quapropter
2630 2380 2752 2436 loco
2793 2397 2857 2438 ac
2904 2388 3133 2456 tempori
3169 2390 3445 2458 expositio
3491 2403 3581 2444 rc-

1997 2480 2154 2518 serve
2184 2482 2271 2518 ur.

1997 2480 2271 2521 servetur.

298 2543 425 2596 νοῦν
445 2543 774 2611 διαπαίξασα
796 2547 932 2618 πρὸς
950 2550 1226 2621 ὲφεδρῶνα
1247 2557 1436 2623 χωρεῖ,
1466 2555 1587 2629 ,καὶ
1639 2557 1703 2608 ὲκ
1724 2557 1960 2629 γαστρὸς
1997 2554 2153 2624 αὖθις
2182 2559 2615 2632 μετοχετεύεται.
2657 2567 2721 2620 Ἡ
2749 2567 2807 2621 δὲ
2832 2567 3035 2640 βρῶσις
3062 2572 3094 2642 ἠ
3117 2570 3461 2643 πνευματικὴ
3484 2570 3581 2645 τὴν

299 2632 531 2702 καρδίαν
564 2637 918 2707 στηρίζουσα,
948 2639 1164 2708 συνέχει
1190 2641 1281 2694 τὸν
1308 2641 1594 2713 ἄνθρωπον
1622 2647 1703 2707 είς
1735 2644 1879 2716 ζωὴν
1918 2647 2155 2714 αἰώνιον,
2240 2651 2306 2722 ἢν
2357 2656 2450 2707 καὶ
2491 2632 2843 2728 χορηγήσειν·
2868 2632 3052 2725 ἀύτδς
3083 2632 3225 2732 ’ἡμῖν
3256 2632 3300 2715 ’ὁ
3344 2632 3581 2733 Χρίστδς

297 2727 724 2796 ἐπαγγέλλεται,
777 2731 951 2799 λέγων
978 2748 993 2762 ·
1044 2751 1062 2785 ι
1103 2735 1204 2787 Ἦν
1263 2737 1292 2788 ὁ
1326 2736 1454 2800 Υίὸς
1527 2736 1620 2790 τοῦ
1668 2738 1955 2809 ἀνθρώπου
1996 2743 2124 2812 ὑμῖν
2166 2744 2346 2800 δώσει·
2385 2766 2405 2800 ι
2458 2727 2865 2816 ὼναναπλέξας
2904 2755 3044 2824 ὁμοῦ
3085 2727 3163 2827 τῶ
3195 2727 3491 2830 θεοπρεπεῖ
3519 2727 3582 2815 τδ

295 2818 661 2888 ἀνθρώπινον,
705 2822 798 2876 καὶ
841 2823 1106 2890 συζεύξας
1144 2825 1265 2879 ὅλον
1303 2827 1403 2898 τῆς
1437 2829 1748 2901 οἰκονομίας
1778 2831 1878 2901 τῆς
1923 2834 2059 2903 μετὰ
2090 2837 2292 2907 σαρκὸς
2319 2838 2381 2891 τὸ
2411 2840 2471 2893 ἐν
2507 2842 2698 2912 κόσμῳ
2767 2818 3087 2917 μυστήριον.
3135 2818 3146 2827 1
3169 2818 3580 2906 ’Υπαινίττεται

297 2909 360 2963 δέ
392 2925 508 2974 πως
541 2910 638 2983 τὴν
676 2916 943 2986 μυστικήν
981 2933 1039 2970 τε
1074 2917 1168 2971 καί⁷
1202 2923 1717 2993 πνευματικωτέραν
1753 2923 1981 2995 τροφὴν,
2012 2924 2080 2978 δι’
2107 2920 2174 2998 ἦς
2201 2928 2295 2981 καὶ
2327 2928 2509 2999 σῶμα,
2576 2909 2678 2985 καὶ-
2731 2909 3327 3009 ψυχὴν-’ἁγιαζόμενοι
3378 2940 3579 3006 διαζῶ-

303 3017 408 3069 μεν
449 3003 506 3056 ἐν
534 3004 698 3075 αὐτῷ.
756 3007 1094 3079 Γυμνότερον
1144 3008 1201 3061 δέ
1248 3026 1368 3073 πως
1410 3012 1469 3064 ὲν
1519 3014 1630 3076 τοῖς
1681 3013 1880 3084 ἐφεξῆς
1917 3014 2074 3069 τοῦτο
2111 3015 2335 3086 λέγοντα
2401 3018 2771 3092 θεωρήσομεν.
2809 3003 3190 3098 ΠΤετηρ-ήσθω
3222 3003 3512 3099 τοιγαροῦν
3550 3031 3580 3083 ό

298 3094 460 3165 λόγος
487 3099 562 3169 τῷ
590 3104 1014 3173 χρεωστουμένῳ
1046 3103 1222 3174 καιρῷ
1256 3122 1315 3157 τε
1345 3106 1439 3160 καὶ
1468 3107 1634 3178 τόπῳ.

902 3216 1154 3272 ΚΕΦΛΛ.
1198 3218 1275 3275 Ε’.

291 3322 430 3398 Ὀτι
469 3325 772 3398 χαρακτὴρ
821 3327 1377 3398 τῆς-ὑποστάσεως
1427 3333 1535 3387 τοῦ
1584 3333 1733 3388 Θεοῦ
1784 3332 1881 3391 καὶ

370 3396 601 3475 Πατρός
617 3397 788 3475 έσῖιν
807 3400 840 3450 ὀ
862 3401 1230 3475 Μρνογε-νὴς,
1261 3396 1365 3454 καί
1380 3405 1500 3475 οὐχΔ
1516 3403 1718 3471 ἕτερος
1744 3408 1882 3475 παρ’

369 3465 574 3528 αὐτὸν,
606 3465 646 3533 ἢ
678 3466 870 3527 ἔστιν,
902 3468 940 3536 ἢ
978 3465 1198 3523 νοεῖται
1235 3465 1561 3541 χαρακτίῆρ.

377 3556 489 3609 Ἦν
516 3558 549 3609 ό
582 3556 715 3622 Υἱὸς
743 3558 851 3611 τοῦ
880 3559 1192 3628 ἀνθρώπου
1231 3562 1373 3632 ὑμῖν
1401 3561 1581 3619 δώσει
1606 3582 1621 3598 ο
1666 3567 1884 3622 τοῦτον

287 3646 408 3717 γὰρ
439 3649 471 3699 d
498 3646 698 3715 Πατὴρ
728 3648 1099 3718 ἐσφράγισεν
1128 3655 1162 3706 ὁ
1188 3656 1352 3720 Θεός.

368 3739 481 3792 Οὐκ
514 3740 749 3811 ἠγνόησε
775 3742 954 3809 πάλιν,
985 3745 1061 3809 ὡς
1089 3746 1242 3812 Θεὸς,
1274 3749 1344 3802 τά
1375 3749 1440 3803 ὲκ
1468 3750 1568 3821 τῆς
1584 3752 1881 3824 Ἰουδαϊκῆς

282 3831 536 3900 ἀμαθίας
581 3834 810 3905 ἐσόμενα
838 3837 999 3907 τυχὸν
1045 3839 1388 3911 ἐγκλήματα,
1433 3848 1528 3896 καὶ
1568 3843 1639 3898 τὰ
1676 3846 1762 3915 ἐφ’
1798 3840 1880 3911 οἷς

282 3923 701 3993 ἑξαγριοῢσθαι-
726 3928 985 3992 πολλάκις
1027 3932 1226 3997 αὐτοὺς
1270 3934 1612 4000 ἀπαιδεύτως
1673 3939 1878 4009 συμϐέ-

282 4014 482 4083 ϐηκεν.
518 4017 672 4086 ᾚδει
726 4019 784 4071 δὲ
834 4020 915 4073 ὅτι
960 4022 1266 4091 λογιοῦνται
1316 4027 1438 4080 καθ’
1488 4029 1750 4095 ἑαυτοὺς,
1798 4033 1879 4096 εἰς

287 4104 467 4176 μόνην
510 4108 744 4177 δρῶντες
788 4109 888 4180 τὴν
939 4114 1137 4183 σάρκα,
1192 4118 1286 4171 καὶ
1328 4118 1422 4173 τὸν
1466 4121 1524 4173 ἐν
1567 4122 1704 4194 αύτῇ
1745 4122 1879 4176 Θεὸν

283 4194 468 4262 Λόγον
511 4198 610 4249 οὐκ
646 4201 1019 4270 ὲννοήσαντες·
1067 4205 1165 4268 Τίς
1208 4202 1361 4272 οὗτος
1390 4208 1499 4281 ἄρα
1537 4213 1684 4266 ἐστὶν
1714 4213 1743 4266 ὁ
1765 4216 1878 4278 τοῖς

287 4287 627 4358 θεοπρεπέσι
657 4289 834 4358 λόγοις
862 4295 1175 4365 ἐπιπηδῶν;
1213 4299 1308 4362 Τίς
1337 4300 1447 4373 γὰρ
1476 4302 1542 4356 ἂν
1572 4302 1878 4375 ἀνθρώποις

288 4383 669 4468 χορηγήσηται
699 4386 922 4456 τροφὴν,
953 4386 1049 4459 τὴν
1087 4392 1167 4454 είς
1214 4391 1359 4464 ζωὴν
1405 4395 1736 4466 συνέχουσαν
1778 4395 1877 4468 τὴν

291 4465 545 4536 αίώνιονς
583 4474 801 4538 Φύσεως
831 4478 927 4547 μὲν
960 4479 1068 4550 γὰρ
1096 4481 1441 4554 ἀνθρωπίνης
1474 4465 1753 4551 παντελῶς
1784 4465 1877 4540 ἀλ-

2548 3224 2712 3296 300
2753 3226 2907 3282 CAP.
2950 3227 3016 3282 ν.

1993 3333 2147 3420 Ωιιοᾴ
2181 3337 2458 3420 character
2491 3339 2805 3420 substantia:
2838 3339 2938 3420 Dei
2968 3358 3031 3396 ac
3074 3342 3257 3398 Patris
3278 3347 3348 3420 sit
3375 3345 3574 3420 Um'ge-

2056 3406 2219 3527 niltlus.
2251 3422 2345 3459 nec
2373 3408 2515 3462 alius
2559 3408 2625 3462 ab
2667 3411 2783 3479 ipso
2818 3410 3096 3466 character
3121 3424 3214 3468 aut
3252 3417 3323 3469 sit
3361 3428 3454 3471 aut
3480 3406 3576 3473 ἴη-

2059 3483 2107 3527 te
2155 3486 2351 3527 matur.

2059 3483 2351 3545 telligatur.

2056 3564 2143 3633 Vl,
2186 3568 2275 3622 27.
2313 3567 2476 3633 Quem
2512 3567 2692 3625 Filius
2742 3571 2973 3628 hominis
3012 3573 3164 3630 dabit
3202 3576 3367 3635 vobis.
3418 3577 3576 3635 Hunc

1982 3656 2118 3711 enim
2143 3656 2307 3714 Pater
2327 3660 2555 3728 signavit
2581 3660 2738 3716 Deus.

2051 3747 2174 3804 Non
2228 3751 2505 3820 ignoravit
2560 3767 2810 3818 rursum,
2861 3770 2971 3825 qua
3022 3754 3185 3824 Deus,
3238 3758 3458 3819 futuras
3505 3779 3573 3819 ex

1980 3838 2296 3896 ludar-orum
2330 3842 2554 3898 inscitia
2590 3845 3038 3912 criminationes,
3089 3858 3143 3904 et
3181 3865 3324 3921 quas
3357 3853 3429 3908 ob
3483 3870 3572 3909 res

1981 3932 2132 4004 ipsos
2166 3948 2309 4003 saepe
2343 3935 2667 4005 exasperari
2701 3938 2958 4007 contigit.
2993 3939 3216 3995 Sciebat
3258 3959 3389 4000 vero
3426 3946 3569 4014 apud

1981 4039 2041 4081 se
2066 4025 2431 4095 cogitaturos,
2471 4043 2596 4081 cum
2630 4027 2810 4082 solam
2840 4030 3095 4085 viderent
3121 4046 3367 4097 carnem,
3392 4050 3571 4105 neque

1983 4111 2150 4169 Deum
2178 4111 2419 4169 Verbum
2471 4115 2529 4170 in
2569 4131 2634 4170 ea
2677 4131 2801 4172 esse
2827 4125 3090 4187 putarent
3118 4138 3130 4172 :
3165 4118 3301 4184 Quis
3333 4122 3439 4175 iste
3471 4124 3568 4191 qui

1979 4205 2179 4261 divinae
2223 4207 2328 4261 sibi
2371 4207 2677 4276 majestatis
2718 4209 2884 4263 verba
2935 4211 3202 4281 arrogat?
3234 4212 3371 4277 Quis
3418 4215 3566 4268 enim

1980 4297 2299 4352 hominibus
2319 4298 2506 4352 cibum
2542 4300 2977 4370 largieturillnm
3008 4302 3103 4371 qui
3140 4304 3195 4356 in
3231 4306 3397 4357 vitam
3433 4319 3568 4360 conv

1978 4389 2130 4445 ducit
2156 4390 2459 4446 aeternam?
2487 4390 2740 4446 Alienum
2770 4393 2976 4463 quippe
3005 4393 3152 4447 istud
3190 4394 3352 4464 plane
3381 4404 3463 4450 est
3498 4395 3566 4451 ab

1987 4482 2233 4537 hominis
2277 4489 2497 4549 natura,
2551 4464 2773 4552 solique
2817 4481 2928 4538 Deo
2980 4498 3240 4553 supremo
3280 4485 3561 4538 convenit.

291 4563 508 4633 λότριον
534 4564 593 4616 τὸ
620 4546 859 4621 τοιοῦτόν
903 4546 1047 4632 ἐστι,
1083 4546 1229 4642 μόνῲ
1278 4573 1323 4625 δ’
1351 4546 1432 4627 an}
1447 4575 1648 4645 πρέποι
1674 4546 1753 4646 τῶ
1784 4578 1876 4631 ἐπὶ

1990 4569 2247 4626 Prw-venit
2295 4586 2428 4640 ergo
2463 4570 2888 4640 responsionem
2939 4568 3219 4637 Salvator,
3269 4580 3323 4626 et
3371 4588 3561 4627 eorum

294 4654 504 4721 πάντας
525 4657 639 4711 ὄντι
659 4659 796 4731 Θεῷ.
824 4661 1285 4732 Προαπολογεῖται
1304 4665 1592 4737 τοιγαροῦν
1611 4669 1638 4720 ὁ
1662 4667 1873 4739 Σωτὴρ,

292 4751 386 4803 καὶ
415 4751 655 4804 δυσωπεῖ
686 4754 803 4816 ταῖς
837 4753 1115 4825 εὐκαίροις
1157 4754 1268 4808 τῶν
1313 4755 1485 4824 λόγων
1531 4758 1873 4828 ἐπαγωγαῖς,

292 4843 388 4911 τὴν
435 4841 894 4914 προσδοκωμένην
922 4845 1101 4899 αὐτῶν
1144 4846 1603 4918 ἀθυρογλωττίαν.
1646 4850 1875 4906 Ἐπιδὼ-

294 4948 407 5000 σειν
448 4933 544 5001 μὲν
588 4933 697 5005 γὰρ
725 4935 824 5006 τὴν
855 4935 1058 5009 βρῶσιν
1087 4937 1276 5002 αὐτοῖς
1318 4939 1416 5010 τὴν
1448 4942 1528 5005 είς
1568 4941 1712 5012 ζωὴν
1742 4944 1877 4997 ἀπο-

293 5021 596 5089 τρέφουσαν
616 5026 713 5094 τὴν
736 5026 971 5090 αἰώνιον,
998 5029 1092 5083 τὸν
1109 5030 1238 5084 Υίὸν
1257 5031 1350 5084 τοῦ
1371 5030 1657 5103 ἀνθρώπου
1686 5036 1871 5106 φησὶν,

296 5113 659 5181 ὲσφραγίσθαι
704 5132 765 5183 γε
812 5119 916 5189 μὴν
951 5120 1060 5174 ἀπὸ
1089 5121 1185 5175 τοῦ
1218 5123 1432 5195 Πατρὸς
1465 5124 1654 5179 ἑαυτὸν
1689 5143 1871 5199 παρα-

293 5204 484 5274 χρῆμα
522 5204 918 5274 διῖσχυρίσατο·
952 5210 984 5280 ἢ
1022 5212 1082 5264 τὸ
1125 5211 1522 5284 Ἐσφραγίσθαι
1558 5213 1721 5266 πάλιν
1751 5216 1873 5270 ἀντὶ

291 5293 388 5348 τοῦ
439 5295 740 5366 Κεχρῖσθαι
784 5298 1074 5367 τεθεικὼς,
1136 5301 1639 5375 κατασφραγίζεται
1684 5306 1792 5376 γὰρ
1842 5306 1872 5357 ὁ

293 5389 601 5459 χριόμενος.
644 5392 810 5462 ἤγουν
837 5393 918 5446 ὅτι
956 5396 1311 5467 μεμόρφωται
1349 5398 1594 5467 φυσικῶς
1623 5399 1757 5470 πρὸς
1780 5398 1872 5451 τὸν

298 5480 514 5550 Πατέρα
560 5481 790 5547 δεικνύς.
844 5485 1067 5556 Ὅμοιον
1114 5484 1207 5541 οὖν
1251 5490 1326 5553 ὡς
1374 5492 1423 5545 εί
1474 5490 1657 5558 ἔλεγεν
1684 5509 1696 5520 ·
1757 5490 1870 5543 Οὐκ

295 5570 609 5642 ἀδυνατήσω
640 5574 841 5645 βρῶσιν
891 5577 1018 5648 ύμῖν
1057 5580 1333 5634 ἐπιδοῦναι
1361 5583 1457 5653 τὴν
1493 5581 1759 5652 μένουσαν
1790 5582 1868 5644 είς

293 5660 506 5713 αἰώνιον
537 5662 680 5732 ζωήν
723 5682 781 5717 τε
833 5667 928 5720 καὶ
971 5668 1183 5740 τρυφὴν
1216 5671 1612 5743 ἀναφέρουσαν.
1668 5670 1731 5723 Ei
1762 5669 1871 5741 γὰρ

296 5751 386 5804 καὶ
403 5751 617 5824 ὁρῶμαι
648 5755 894 5829 καθάπερ
925 5752 1002 5822 εἷς
1032 5758 1089 5825 ἐξ
1120 5761 1290 5833 ὑμῶν,
1318 5762 1601 5833 ἅνθρωπος
1628 5760 1870 5832 δηλονότι

1977 4674 2263 4714 sermones
2282 4658 2900 4730 excipiendo,eﬂrcnem
2920 4673 3113 4713 eorum
3137 4660 3375 4730 linguam
3401 4653 3530 4717 ccer
3544 4692 3561 4704 -

1977 4761 2087 4806 cet.
2133 4751 2223 4805 Ait
2278 4752 2427 4806 enim
2496 4750 2692 4804 Filium
2744 4750 2986 4805 hominis
3043 4751 3305 4806 daturum
3369 4754 3560 4808 cibum

1976 4842 2080 4903 eis,
2114 4841 2266 4895 illum
2319 4854 2515 4910 nempe
2546 4841 2640 4909 qui
2672 4840 2726 4894 in
2757 4840 2927 4893 vitam
2972 4848 3238 4894 aeternam
3291 4841 3428 4908 alit;
3468 4858 3561 4898 ve.

1978 4941 2289 4987 rumtamen
2321 4947 2351 4987 a
2380 4930 2549 4988 Patre
2585 4932 2830 5002 seipsum
2870 4930 3150 5001 signatum
3194 4947 3318 4988 esse
3368 4933 3559 4990 conie-

1978 5024 2106 5079 stim
2138 5023 2376 5077 asseruit
2404 5040 2417 5089 ;
2448 5024 2732 5094 signatum
2786 5040 2918 5079 vero
2964 5040 3045 5089 se,
3072 5026 3157 5080 vel
3191 5042 3292 5096 pro
3328 5037 3558 5083 unctum

1981 5128 2106 5170 esse
2150 5116 2371 5185 posuit:
2423 5115 2785 5184 consignatur
2835 5117 2983 5170 enim
3026 5116 3120 5186 qui
3177 5118 3427 5187 ungitur,
3475 5118 3559 5170 vel

1980 5205 2127 5278 quod
2160 5208 2403 5263 ostendit
2431 5222 2492 5262 se
2521 5207 2855 5261 naturaliter
2876 5222 3000 5263 esse
3032 5206 3182 5260 Patri
3233 5208 3557 5260 conforma-

1979 5307 2118 5354 tum.
2154 5300 2299 5354 ldem
2339 5299 2507 5370 igitur
2538 5306 2621 5353 est
2659 5312 2724 5352 ac
2769 5299 2817 5353 si
2851 5297 3093 5354 diceret:
3140 5298 3260 5351 Non
3283 5298 3390 5351 erit
3422 5294 3556 5347 mihi

1978 5390 2198 5447 dillicile
2238 5393 2424 5446 cibum
2473 5390 2635 5446 vobis
2673 5389 2804 5446 dare
2862 5398 3295 5460 permanentem,
3343 5385 3439 5454 qui
3487 5383 3557 5436 ad

1978 5484 2147 5537 vitam
2193 5490 2249 5539 et
2292 5483 2519 5537 delicias
2548 5483 2823 5537 conducat
2853 5480 3242 5548 sempiternas.
3283 5473 3419 5526 Nam
3452 5473 3556 5528 etsi

1974 5578 2238 5646 tanquam
2289 5589 2432 5629 unus
2463 5583 2706 5629 vestrum
2744 5579 3058 5643 appaream,
3095 5568 3257 5620 homo
3290 5565 3554 5619 nimirum

1978 5682 2104 5723 eum
2140 5681 2327 5733 carne,
2363 5674 2563 5719 unctus
2600 5681 2720 5718 sum
2757 5675 2939 5718 tamen
2988 5671 3042 5714 et
3088 5659 3338 5727 signatus
3373 5671 3402 5709 a
3444 5654 3555 5709 Deo

1978 5757 2141 5812 Patre
2169 5757 2222 5811 in
2259 5754 2630 5812 oninimodam
2665 5752 3078 5811 similitudinem
3104 5763 3230 5807 cum
3256 5748 3398 5819 ipso.
3422 5744 3547 5799 Cer-
