4214 6502
203 614 257 678 ‘ti'

215 700 270 739 I\

212 763 266 798 I\

210 833 269 932 (ἐ

210 1026 263 1065 ί)

200 1201 259 1242 ὒο

199 1270 257 1355 ιῗ)

195 1381 252 1425 eo

191 1463 249 1550 ιδ

905 703 1134 790 ΤΟΥ
1207 705 1349 790 ΕΝ
1436 701 1800 789 ΑΓΙΟΙΣ
1872 695 2305 785 ΠΑΤΡΟΣ
2390 693 2710 779 ΗΜΩΝ

1222 915 2392 1093 ΚΥΡΙΛΛΟΥ

873 1181 1801 1313 ΑΡΧΙΕΠΙΣΚΟΠΟΥ
1919 1206 2750 1318 ΑΛΕΞΑΝΔΡΕΙΑΣ

1360 1428 1722 1484 EPMHNEIA
1773 1428 1808 1497 ἦ
1863 1426 2266 1482 ΥΠΟΜΝΗΜΑ

240 1631 502 1759 ΕΙΣ
578 1627 809 1761 ΤΟ
910 1621 1372 1757 ΚΑΤΑ
1448 1622 2187 1752 ιΩΑΝΝΗΝ
2273 1581 3378 1752 ΕῩΑΓΓΕΛΙΟΝ.

1771 1913 1842 1924 .—

1040 2128 1202 2284 S.
1275 2133 1446 2278 P.
1519 2128 1701 2281 N.
1779 2125 2556 2281 CYRILLI

885 2437 1698 2531 ALEXANDRUE
1831 2432 2745 2528 ABCHIEPISCOPI

1205 2668 1602 2729 EXPOSITIO
1648 2665 1781 2732 sire
1834 2663 2429 2729 COMMENTARIUS

679 2854 850 2968 IN
929 2852 1661 2968 JOANNIS
1813 2805 2971 2969 EVANGELIUM.

779 3281 1183 3335 ΠΡΟΟΙΜΙΟΝ.

277 3417 294 3448 ι
311 3397 507 3468 Κύριος
533 3396 692 3448 δώσει
718 3397 866 3466 ῥῆμα
892 3398 1002 3458 τοῖς
1030 3395 1533 3466 εὖαγγελιζομένοις
1552 3396 1777 3465 δυνάμει

207 3491 394 3560 πολλῇ,
421 3507 438 3538 ι
472 3488 651 3550 καλῶς
673 3503 736 3554 γε
760 3486 961 3557 σφόδρα
986 3486 1152 3540 ποιῶν
1181 3487 1207 3538 ὁ
1233 3486 1486 3555 Μελῳδὸς
1511 3487 1776 3554 ἀναφθέγ-

205 3599 378 3650 γεται.
410 3581 622 3651 Χρῆναι
654 3579 709 3632 δὲ
735 3573 886 3648 οἶμαι
921 3578 1058 3649 πρὸς
1087 3577 1240 3632 τοῦτο
1285 3577 1538 3647 βαδίζειν,
1568 3579 1626 3631 οὗ
1657 3578 1781 3639 τοὺς

206 3675 465 3744 τυχόντας
497 3670 704 3732 ἁπλῶς,
750 3668 885 3723 ἀλλὰ
931 3671 1056 3731 τοὺς
1105 3667 1192 3721 διὰ
1228 3671 1326 3738 τῆς
1357 3667 1561 3721 ἄνωθεν
1595 3685 1779 3737 πεφω-

207 3765 495 3835 τισμένους
540 3761 799 3832 χάριτος·
856 3759 977 3812 ἐπεὶ
1028 3759 1121 3812 καὶ
1179 3777 1196 3809 ι
1230 3760 1387 3812 Πᾶσα
1433 3760 1592 3826 σοφία
1632 3759 1782 3829 παρὰ

209 3857 432 3926 Κυρίου,
450 3874 468 3905 ι
500 3851 982 3922 καθὶγέγραπται,
1021 3851 1144 3902 (καὶ
1169 3851 1315 3902 πᾶσα
1343 3850 1396 3902 δὲ
1419 3849 1560 3912 δόσις
1581 3849 1779 3920 ἀγαθὴ,

210 3949 297 4000 καὶ
345 3948 454 3998 πᾶν
487 3945 715 4015 δώρημα
762 3943 996 4005 τέλειον,
1046 3941 1248 3995 ἄνωθέν
1293 3946 1406 3995 ἐστι
1456 3942 1782 3996 καταϐαῖνον

209 4038 353 4108 παρὰ
389 4035 482 4087 τοῦ
527 4035 738 4104 Πατρὸς
770 4033 877 4085 τῶν
922 4031 1132 4099 φώτων.
1167 4052 1184 4083 ι
1245 4035 1485 4102 Πρᾶγμα
1534 4033 1630 4102 μὲν
1673 4034 1781 4106 γὰρ

210 4127 477 4198 σφαλερόν
524 4143 606 4187 τε,
654 4125 747 4177 καὶ
781 4125 880 4176 οὐκ
906 4125 1139 4193 ἀζήμιον
1179 4126 1292 4186 τοῖς
1330 4124 1560 4186 πολλοῖς,
1594 4123 1621 4174 ὁ
1658 4125 1782 4194 περὶ

207 4220 305 4288 τῆς
361 4219 622 4271 ἀνωτάτω
672 4215 860 4268 πασῶν
901 4215 1087 4278 cisia;
1150 4216 1241 4267 καὶ
1285 4214 1392 4267 τῶν
1442 4214 1562 4267 κατ’
1616 4215 1783 4285 αὒτὴν

214 4312 525 4382 μυστηρίων
572 4313 764 4380 ὁρᾶται
817 4309 1010 4378 λόγος·
1072 4310 1260 4379 χρῆμα
1323 4308 1378 4361 δέ
1429 4326 1479 4360 τι
1527 4309 1785 4361 κινδυνων

211 4402 652 4472 ἀπηλλαγμένον,
678 4404 709 4470 ἡ
740 4401 831 4454 ἐπὶ
856 4417 1066 4464 του-,τοις
1095 4400 1242 4470 σιγὴ-
1277 4399 1389 4452 ἁλλ’
1422 4400 1664 4469 ἐξίστησι
1689 4398 1784 4470 μὲν

209 4496 411 4562 ταύτης
439 4495 605 4563 ἡμᾶς,
629 4492 803 4546 καίτοι
819 4491 937 4544 λίαν
953 4491 986 4561 ἢ
1004 4491 1268 4561 προσήκει
1295 4492 1458 4560 τιμᾷν
1484 4489 1782 4559 οἰομένους,

209 4591 237 4640 ὁ
262 4588 355 4639 ἐπὶ
389 4586 604 4638 πάντων
645 4585 776 4646 Θεὸς
797 4623 812 4647 ,
857 4603 875 4634 ‹
904 4583 1089 4646 Λάλει,
1123 4581 1216 4635 καὶ
1246 4581 1320 4650 μὴ
1350 4581 1546 4644 σιώπα,
1581 4600 1598 4632 ι
1651 4582 1787 4652 πρός

1803 3293 1846 3346 Α

2445 3276 2866 3334 PROOEMIUM.

1962 3393 2004 3461 ι
2018 3411 2034 3441 ι
2051 3391 2312 3447 Dominus
2326 3391 2477 3447 dabit
2501 3392 2726 3447 verbum
2750 3392 3249 3464 evangelizantibus
3267 3395 3464 3452 virtute

1889 3485 2080 3548 multa,
2114 3502 2130 3534 ι
2156 3490 2300 3538 recte
2324 3484 2511 3552 utique
2538 3483 2823 3539 Psalmista
2856 3483 3001 3540 canit
3030 3485 3067 3538 ¹.
3091 3485 3287 3541 Verum
3312 3489 3458 3544 istud

1888 3573 2130 3645 aggredi,
2151 3590 2258 3629 non
2285 3574 2530 3644 cujusvis
2548 3590 2670 3630 esse
2694 3590 2839 3642 reor,
2857 3576 2950 3631 sed
2981 3592 3170 3632 eorum
3195 3579 3463 3637 duntaxat

1888 3667 1981 3737 qui
2013 3683 2250 3737 superna
2285 3667 2546 3722 illustrati
2573 3677 2699 3724 sunt
2726 3671 2925 3740 gratia,
2960 3685 3082 3724 cum
3108 3690 3126 3722 σ
3151 3675 3331 3730 omnis
3369 3692 3462 3732 sa-

1887 3757 2092 3828 pientia
2135 3758 2208 3812 sit
2255 3774 2282 3811 a
2316 3758 2545 3812 Domino
2581 3778 2627 3823 ι,
2663 3761 2807 3814 sicut
2840 3762 3104 3831 scriptum
3144 3773 3230 3820 est
3268 3768 3311 3834 ’,
3349 3786 3368 3819 ‹
3411 3778 3464 3823 et

1888 3867 2048 3906 omne
2081 3851 2271 3904 datum
2313 3853 2604 3921 optimum,
2637 3863 2689 3908 et
2719 3869 2881 3910 omne
2913 3856 3116 3911 donum
3160 3861 3461 3929 perfectum

1889 3943 2178 3998 desursum
2204 3944 2270 3999 sit
2288 3943 2628 4000 descendens
2646 3960 2674 3998 a
2694 3944 2855 4002 Patre
2879 3948 3204 4007 luminum.»
3226 3951 3462 4010 Lubrica

1888 4035 2032 4090 enim
2064 4051 2174 4098 res,
2203 4051 2305 4090 nec
2354 4037 2472 4090 sine
2521 4037 2766 4106 periculo
2799 4040 2985 4095 multis
3021 4042 3236 4098 videtur
3261 4045 3329 4101 de
3373 4063 3467 4102 su-

1891 4140 2080 4195 prema
2129 4127 2373 4180 omnium
2412 4127 2648 4182 essentia
2705 4127 2934 4198 ejusque
2983 4135 3259 4201 mysteriis
3286 4135 3463 4194 disse-

1892 4233 2032 4278 rere,
2067 4225 2119 4271 et
2151 4226 2330 4271 tutum
2360 4226 2444 4273 est
2475 4218 2528 4272 in
2565 4220 2650 4274 his
2681 4219 2962 4275 silentium
2991 4239 3002 4273 :
3033 4225 3129 4280 sed
3161 4227 3231 4282 ab
3269 4244 3335 4286 eo
3362 4247 3464 4287 nos

1891 4314 2059 4374 arcet,
2099 4309 2352 4378 quamvis
2382 4308 2514 4362 illud
2547 4309 2851 4388 impensius
2887 4315 3154 4383 colamus,
3189 4323 3467 4381 universi-

1893 4403 2022 4455 tatis
2080 4401 2245 4466 Deus,
2281 4401 2500 4456 curdam
2553 4411 2872 4459 sanctorum
2945 4407 3174 4477 (Paulus
3226 4415 3274 4468 is
3327 4422 3510 4487 crat)-

1891 4490 2078 4546 dicens
2113 4509 2124 4544 :
2165 4509 2183 4541 ‹
2226 4489 2496 4560 Loquere,
2530 4498 2584 4545 et
2610 4506 2678 4546 ne
2708 4493 2873 4550 sileas
2905 4496 2944 4559 ³,
2981 4515 2999 4548 ι
3033 4513 3134 4555 nec
3165 4504 3345 4560 minus
3385 4508 3466 4562 le-

1892 4584 2009 4652 gale
2042 4591 2370 4652 praeceptum
2410 4585 2553 4654 quod
2591 4588 2849 4642 crassiori
2879 4591 3115 4660 quodam
3145 4595 3313 4650 veluti
3338 4606 3467 4670 typo

209 4694 332 4729 τινα
360 4676 468 4727 τῶν
511 4673 692 4741 ἁγίων·
716 4672 903 4726 εἰπών.
947 4671 1158 4734 Παῦλος
1193 4671 1251 4724 δὲ
1284 4667 1437 4734 οὗτος
1476 4666 1545 4742 ἦν
1569 4687 1583 4701 ·
1631 4673 1723 4724 καὶ
1753 4672 1786 4742 ἡ
1822 4675 1862 4728 Β

1822 4675 1862 4728 Β
1890 4691 1978 4729 res
2012 4675 2284 4744 spiritales
2321 4675 2613 4747 signiﬁcat.
2660 4679 2822 4736 Jubet
2856 4683 2999 4738 enim
3025 4700 3120 4740 eos
3164 4689 3255 4758 qui
3292 4666 3467 4746 addi-

210 4766 409 4837 νομικὴ
440 4766 496 4818 δὲ
542 4765 691 4818 οὐδὲν
715 4760 876 4834 ἦττον
903 4761 1176 4827 διάταξις,
1225 4761 1300 4824 ὼς
1331 4763 1387 4814 ὲν
1419 4761 1573 4832 τύπῳ
1614 4779 1788 4831 παχυ-

1889 4768 2076 4821 vinum
2149 4768 2519 4824 sacerdotium
2576 4781 2752 4826 vocati
2808 4785 2969 4840 sunt,
3023 4793 3160 4834 sono
3211 4781 3464 4838 tubarum

209 4859 352 4926 τέρῳ
383 4857 452 4908 τὰ
478 4854 821 4924 πνευματικὰ
845 4854 1200 4924 σημαίνουσα.
1234 4852 1372 4915 Τοὺς
1400 4852 1498 4923 μὲν
1526 4853 1633 4924 γὰρ
1655 4854 1788 4926 πρὸς

209 4948 308 5018 τὴν
336 4947 486 4999 θείαν
520 4945 888 5015 κεκλημένους
917 4943 1241 5015 ἱερωσύνην,
1290 4946 1400 5008 τοῖς
1448 4945 1476 4998 δ
1503 4945 1534 4998 ὰ
1563 4945 1787 5013 σαλπ’γ-

211 5056 324 5106 γων
357 5038 643 5107 ἀπηχήμα.
718 5035 1142 5106 κατασημαίνειν
1181 5033 1258 5104 τῷ
1299 5033 1412 5105 λαῷ
1448 5037 1572 5105 περὶ
1608 5030 1682 5088 ὦν
1723 5037 1788 5089 ἂν

211 5129 379 5199 δεήσῃ
412 5127 622 5199 μαθεῖν,
663 5128 939 5180 ἐπιτάττει
965 5145 978 5158 ·
1021 5128 1081 5182 οὐ
1110 5129 1240 5199 γὰρ,
1270 5125 1442 5198 οἶμαι,
1474 5128 1582 5179 δεῖν
1613 5127 1787 5194 ἐλογί-

213 5220 357 5283 ζετο,
387 5217 772 5288 νομοθετήσειν
798 5219 866 5272 τὰ
895 5219 1155 5272 καλλιστα
1185 5220 1318 5284 Θεὸς
1350 5220 1630 5289 ἐθελήσας,
1665 5222 1786 5283 τώ,

215 5312 322 5365 τῶν
348 5311 494 5364 λαῶν
521 5313 795 5382 ἡγεμόνας
836 5315 992 5381 χεῖρα
1026 5311 1216 5375 θέντας
1259 5311 1351 5363 ἐπὶ
1383 5312 1626 5380 στόματι,
1651 5311 1788 5363 κατᾶ

215 5405 272 5457 th
302 5403 710 5474 γεγραμμένον,
752 5402 895 5472 δκνῳ
929 5420 986 5456 τε
1009 5400 1103 5455 τοῦ
1143 5403 1216 5472 μὴ
1245 5403 1420 5454 δοκειν
1447 5404 1561 5463 τοῖς
1592 5401 1790 5471 ὑψηλο-

215 5495 414 5564 τέροις,
460 5493 493 5562 ἢ
529 5494 671 5546 κατὰ
714 5491 838 5545 νοῦν
876 5493 968 5545 τὸν
1000 5492 1360 5563 ἀνθρώπινον,
1409 5492 1791 5563 ῥιψοκινδυνιυς

217 5591 512 5660 ἐπιχειρεῖν
532 5630 546 5654 ,
594 5589 686 5641 τὸν
729 5587 901 5652 οὕτως
934 5589 1229 5656 ἀναγκαῖον
1255 5589 1364 5649 τοῖς
1396 5587 1680 5640 εὐλάϐειαν
1732 5603 1792 5639 τε

220 5683 311 5734 καὶ
341 5680 670 5748 θεογνωσίαν
702 5679 1242 5749 παιδαγωγουμένοις
1283 5677 1664 5749 παραιτεῖσθαι
1704 5679 1790 5729 λό-

1893 4859 2091 4929 popqu
2122 4859 2250 4928 quid
2286 4862 2334 4913 ei
2363 4860 2685 4916 discendqu
2727 4864 2799 4919 sit
2827 4865 3131 4925 declarare.
3159 4870 3280 4928 Non
3321 4877 3462 4930 enim

1890 4947 2260 5011 existimabat,
2296 4956 2355 5000 ut
2386 4948 2623 5013 videtur,
2667 4959 2869 5006 rectam
2906 4955 3076 5027 legem
3110 4973 3138 5012 a
3170 4959 3281 5016 Deo
3315 4965 3465 5034 posi-

1894 5049 2010 5094 tum
2054 5040 2142 5105 iri,
2189 5040 2235 5094 si
2285 5048 2552 5096 statueret
2605 5045 2930 5114 populorum
2981 5048 3173 5117 duces,
3210 5053 3463 5123 imposnta

1895 5133 1975 5184 ori
2002 5146 2188 5197 manu,
2211 5133 2262 5201 2
2287 5140 2343 5185 ut
2371 5134 2635 5202 scriptum
2659 5144 2764 5196 est.
2789 5152 2900 5206 pra:
2934 5149 3081 5195 metu
3111 5144 3463 5214 aggrediendi

1900 5237 1985 5275 res
2029 5223 2384 5280 sublimiores
2423 5240 2590 5295 quam
2643 5243 2801 5284 mens
2848 5229 3092 5288 humana
3124 5237 3335 5304 capiat,
3369 5239 3467 5294 do-

1898 5311 2130 5364 ('lt‘inam
2165 5319 2274 5365 tam
2304 5317 2672 5371 necessariam
2704 5317 2771 5373 iis
2785 5321 2875 5389 qui
2917 5321 2982 5375 ad
3012 5324 3262 5392 pietatem
3287 5333 3342 5381 et
3369 5328 3464 5383 Dei

1894 5403 2263 5471 cognitionem
2302 5404 2633 5461 erudiuntur
2677 5411 2914 5476 amoliri,
2949 5420 3004 5467 et
3042 5415 3319 5471 silentium
3349 5433 3466 5472 aui-

1896 5497 2056 5562 plecti
2111 5495 2180 5550 ad
2234 5496 2586 5568 disciplinam
2635 5502 2978 5560 venientibus
3020 5505 3158 5560 adeo
3215 5509 3462 5565 noxium.

1894 5585 2105 5640 Turbat
2149 5602 2280 5642 vero
2317 5605 2420 5643 nos
2475 5606 2697 5645 rursum
2727 5592 2932 5647 Christi
2977 5592 3307 5665 discipulus,
3340 5613 3466 5654 Clllll

1896 5679 1991 5743 ait,
2020 5697 2037 5729 ‹
2077 5677 2252 5735 Nolite
2280 5681 2464 5750 plures
2503 5683 2748 5745 magistri
2799 5685 2913 5742 ﬁeri
2953 5686 2992 5740 ⁵.
3040 5706 3057 5739 ι
3090 5687 3233 5754 Quin
3281 5697 3333 5746 et
3373 5707 3464 5746 sa-

293 5863 308 5894 ‘
344 5863 486 5919 PsaI.
520 5877 687 5925 rxvu,
720 5862 802 5916 19..
883 5867 903 5895 ²
943 5861 1060 5918 Jac.
1112 5879 1150 5927 I,
1211 5863 1298 5918 I7.
1377 5865 1395 5896 ³
1427 5863 1546 5918 Act.
1587 5878 1756 5929 xvui,
1791 5863 1844 5918 9.
1924 5863 1940 5892 "
1977 5861 2092 5920 Jac.
2129 5879 2226 5931 tu,
2263 5865 2310 5917 l.

453 5961 726 6021 PATnOL.
774 5961 891 6020 Gn.
944 5961 1210 6020 LXXIII.
