4214 6502
198 489 256 541 15
898 480 913 495 ⁷
1077 481 1144 537 IN
1176 475 1463 535 JOANNIS
1491 465 1968 529 EVANGELIUM.
2005 495 2073 513 -τ-
2110 453 2533 518 PROOEMIUM.
3376 439 3443 493 Η

197 606 335 657 κεῖοθ
384 601 767 674 θυσιαστήριον
813 599 1175 672 γεωργεῖσθαι
1224 596 1381 665 ξύλον
1428 594 1530 648 οὐκ
1579 590 1809 660 ὲφίησιλ

1891 586 2089 640 iiorum
2144 578 2537 637 haereticorum
2586 569 2793 639 scripta
2842 576 2937 634 per
2986 560 3152 617 urbes
3185 555 3444 625 intelligi,

198 696 492 760 παντελῶς.
518 715 536 748 ι
566 695 641 749 Ού
666 693 951 764 φυτεύσεις
965 693 1073 764 γὰρ
1087 689 1298 759 σεαυτῷ
1317 689 1425 741 πᾶν
1441 687 1599 746 ἄλσος
1624 680 1771 753 παρά

197 791 251 842 τὺ
281 789 662 859 θυσιαστήριον
700 786 903 857 Κυρίου
944 784 1039 838 τοῦ
1072 783 1208 837 Θεοῦ
1258 798 1411 839 σου.)
1470 774 1770 845 διαγγέλλει

199 881 404 951 σαφῶς.
444 881 555 934 Καὶ
582 881 629 932 εί
664 879 767 950 χρή
800 895 851 931 τι
892 876 1030 947 πρὸς
1054 875 1265 937 τούτοις
1297 874 1489 935 εἰπεῖν,
1521 866 1663 923 κατά
1682 866 1773 918 τὸν

203 975 407 1029 Παῦλον
442 971 555 1043 ὲρῶ
589 970 680 1023 τὸν
725 968 1035 1038 σοφώτατον
1059 983 1072 997 ·
1123 982 1141 1017 ι
1172 964 1265 1034 Μὴ
1299 980 1363 1016 πε
1403 962 1425 1014 ‘.
1462 959 1572 1013 τῶν
1605 956 1773 1022 ξύλων

206 1068 353 1137 μέλει
392 1064 471 1134 τῷ
500 1063 647 1133 Θεῷς
676 1080 693 1113 ι
742 1061 819 1113 Δι’
859 1060 1006 1130 ἡμᾶς
1042 1057 1258 1118 πάντως
1286 1054 1455 1122 λέγει,
1489 1049 1576 1103 διὰ
1601 1065 1775 1119 παχυ-

201 1162 372 1231 τέρων
434 1154 892 1228 παραδειγμάτων
951 1152 1043 1207 ἐπὶ
1094 1151 1195 1213 τὰς
1237 1148 1345 1202 τῶν
1392 1141 1777 1215 πνευματικῶν

203 1252 435 1321 θεωρίας
467 1245 825 1318 χειραγωγῶν
886 1241 1097 1297 Οὐκοῦν
1136 1241 1236 1310 ἤδη
1277 1239 1545 1308 λέγωμεν,
1587 1235 1666 1287 ὅτι
1711 1231 1781 1285 τὰ

207 1344 301 1414 μὲν
333 1343 443 1395 τῶν
479 1340 710 1394 ἀνοσίων
758 1333 1051 1407 αίρετικῶν
1099 1332 1543 1402 συγγράμματα,
1597 1325 1781 1388 πόλεις

205 1436 268 1488 ἀν
305 1434 529 1494 νοοῖντο,
574 1430 665 1483 καὶ
693 1428 792 1480 οὐκ
826 1426 1087 1497 ἀκόμψως
1125 1424 1263 1493 τάχα
1308 1423 1372 1490 τῇ
1425 1420 1519 1471 τοῦ
1575 1416 1781 1486 κόσμου

211 1524 370 1592 σοφίᾳ
416 1522 509 1575 καὶ
542 1519 900 1580 πολυπλόκοις
927 1514 1215 1586 νοημάτων
1240 1511 1475 1573 ἀπάταις
1498 1523 1784 1577 πεπυργω·

211 1616 366 1686 μένα.
419 1611 752 1681 Ἀφικνεϊταί
784 1627 847 1679 γε
878 1609 983 1680 μὴν
1014 1603 1452 1676 ἐκπολιορκήσων
1480 1598 1670 1663 αύτάς,
1690 1596 1784 1650 καὶ¹

209 1710 409 1780 τρόπον
463 1705 588 1758 τινὰ
632 1703 819 1773 κύκλῳ
850 1700 1206 1772 περιιζάνειν,
1253 1698 1343 1750 τὸν
1394 1694 1493 1765 τῆς
1550 1694 1786 1754 πίστεως

211 1801 401 1872 θυρεὸν
430 1796 734 1862 ἀναλαϐὼν,
769 1795 865 1849 καὶ
892 1794 991 1864 τὴν
1019 1792 1113 1845 τοῦ
1145 1789 1452 1860 πνεύματος
1488 1786 1783 1857 μάχαιραν,

210 1898 238 1949 'o
264 1897 379 1947 ἐστι
416 1892 567 1961 ρἧα
600 1888 755 1950 Θεοῦ,
797 1888 904 1949 πᾶς
938 1887 966 1938 6
989 1887 1101 1948 τοῖς
1137 1883 1302 1953 ἱεροῖς
1330 1880 1427 1951 τῆς
1461 1876 1788 1947 Ἐκκλησίας

214 1987 257 2038 ὲ.
287 2024 299 2037 .
326 2022 340 2037 .
370 2023 383 2036 .
412 2022 425 2034 .
454 2021 469 2034 .
524 1979 750 2049 ζόμενος
794 1978 1061 2047 δόγμασι,
1103 1974 1197 2027 καὶ
1243 1971 1419 2025 σθένει
1467 1984 1632 2021 παντι
1671 1968 1788 2028 ταῖς

208 2078 435 2131 ἐκείνων
458 2072 845 2145 ψευδομυθίαις
871 2068 1338 2137 ἀντιταττόμενος·
1371 2058 1706 2131 «Λογισμούς
1731 2074 1789 2110 τε

215 2171 499 2242 καθαιρεῖν
533 2167 852 2239 μελετήσας,
877 2183 894 2216 ι
932 2162 1008 2225 ὡς
1036 2164 1063 2215 6
1094 2158 1303 2222 Παῦλός
1326 2174 1479 2227 φησι,
1521 2174 1539 2206 ι
1569 2154 1661 2206 καὶ
1684 2153 1790 2206 πᾶν

215 2263 414 2333 ὕψωμα
440 2258 800 2329 ἐπαιρόμενον
830 2252 969 2306 κατὰ
1002 2252 1099 2321 τῆς
1120 2248 1373 2319 γνώσεως
1399 2245 1492 2298 τοῦ
1517 2243 1675 2310 Θεοῦ,
1698 2240 1792 2296 καὶ

213 2350 707 2425 αἰχμαλωτίζοντες
754 2348 861 2400 πᾶν
917 2344 1097 2414 νόημα
1142 2342 1222 2404 είς
1268 2337 1365 2409 τὴν
1404 2334 1649 2404 ὑπακοὴν
1698 2331 1791 2386 τοῦ

216 2445 474 2518 Χριστοῦ.
502 2464 519 2496 ι
558 2444 724 2495 Ὅταν
753 2434 845 2493 οὖν
875 2438 904 2490 6
940 2434 1198 2497 τοιοῦτος,
1252 2430 1407 2503 φησὶ,
1460 2425 1795 2499 στρατιώτης

215 2517 477 2611 Χριστοῦ,
522 2533 775 2603 καθάπερ
802 2548 873 2584 τι.
906 2567 920 2581 .
950 2567 965 2581 .
1016 2523 1328 2595 ἀλλοφύλων
1374 2520 1443 2573 τὰ
1488 2519 1659 2590 πικρά
1688 2517 1795 2570 τῶν

214 2632 483 2702 αἱρέσεων
508 2625 805 2697 περινοήσῃ
837 2618 1263 2689 συγγράμματα,
1290 2613 1526 2684 δένδροις
1554 2629 1612 2665 τε
1642 2626 1796 2680 περιο

218 2723 476 2793 τυγχάνει
527 2722 656 2782 τοῖς.
688 2758 741 2772 ..
805 2715 1012 2776 τόποις,
1060 2709 1203 2765 τοῦτ’
1256 2708 1435 2771 ἔστιν,
1488 2704 1553 2758 ἂν
1605 2703 1797 2770 λόγους

218 2818 451 2889 εὑρίσκῃ
481 2813 607 2874 τους
644 2808 751 2863 ἀπὸ
776 2810 875 2877 τῆς
909 2802 1269 2857 θεοπνεύστου
1304 2798 1551 2870 Γραφῆς,
1596 2796 1629 2865 ἢ
1665 2810 1799 2863 προ-

220 2887 408 2981 φητῶν
452 2904 695 2976 δηλονότι
742 2903 963 2973 ῥήματα
1014 2893 1472 2968 περιειλκυσμένα
1518 2890 1653 2961 πρὸς
1708 2887 1798 2939 τὸν

220 2978 447 3057 ἐκείνων
481 2996 700 3061 σκοπὸν,
739 2994 830 3048 καὶ
856 2989 1160 3064 μαρτυρίας
1197 2986 1294 3050 τὰς
1318 2986 1381 3038 ἐκ
1407 2982 1680 3052 Διαθήκης
1703 2978 1799 3048 τῆς

220 3096 454 3164 Καινῆς,
508 3090 582 3159 μὴ
622 3085 875 3155 ἐπαγέτω
930 3082 1025 3136 τοῦ
1076 3080 1166 3133 νοῦ
1219 3079 1316 3149 τὴν
1358 3060 1590 3145 ὀξύτητα
1659 3072 1800 3125 κατά

223 3185 345 3257 [ηρ.
380 3176 563 3249 καθά]
611 3194 733 3229 τινα
769 3174 984 3244 σίδηρον
1014 3170 1197 3231 αὐτοῖς
1231 3170 1308 3229 είς
1354 3165 1632 3236 ἀναίρεσιν
1706 3160 1800 3214 καὶ

220 3252 531 3343 ἀποκοπὴν.
565 3271 638 3325 Οὐ
686 3268 819 3338 γὰρ,
863 3264 1088 3334 ἐπείπερ
1133 3259 1338 3329 ἐλήφθη
1378 3256 1527 3327 παρά
1556 3255 1661 3308 τῶν
1701 3252 1800 3305 οῦκ
1828 3280 1869 3336 c

224 3370 442 3424 εἰδότων
476 3360 798 3434 ἑρμηνεύειν
830 3356 1025 3428 ὀρθῶς,
1051 3354 1139 3407 διὰ
1170 3351 1328 3404 τοῦτο
1361 3349 1425 3419 δὴ
1460 3347 1674 3408 πάντως
1708 3344 1801 3397 καὶ

225 3459 533 3527 ἀπόϐλητον
563 3455 712 3506 ἔσται
734 3451 795 3504 τό
822 3449 911 3502 διὰ
940 3447 1203 3515 στόματος
1233 3440 1367 3495 Θεοῦ
1390 3457 1402 3470 ·
1440 3438 1553 3492 ἀλλ’
1573 3436 1801 3505 ἐπείπερ

227 3552 341 3605 ἐστὶ
376 3545 750 3617 καρποφόρον,
783 3541 935 3592 ἔσται
970 3554 1051 3589 σοι
1078 3534 1275 3605 μᾶλλον
1302 3532 1381 3594 εἰς
1421 3528 1671 3599 βοήθημα
1710 3526 1802 3579 καὶ

226 3644 454 3712 τροφήν.
481 3640 554 3691 Τὸ
590 3638 696 3706 γὰρ
730 3634 859 3703 παρ’
903 3630 1127 3683 ἐκείνων
1173 3627 1416 3696 ἀνοήτως
1448 3621 1556 3674 ἔσθ’
1588 3622 1674 3673 ὅτε
1706 3617 1803 3687 λη-

226 3737 381 3804 φθὲν,
416 3733 494 3794 εἰς
525 3728 616 3781 τὸν
658 3725 814 3796 ὀρθὸν
844 3741 939 3793 της
980 3720 1212 3782 πίστεως
1256 3714 1675 3786 περι-τρέποντες
1712 3709 1801 3761 λο-

228 3825 447 3895 γισμὸν,
483 3822 579 3891 οὐχ
611 3822 757 3880 ὅπως
800 3812 1116 3875 ἀτονοῦντες
1159 3811 1258 3879 οὐχ
1302 3805 1638 3876 ἀλωσόμεθα,
1681 3819 1802 3855 tau—

228 3916 475 3992 ρούμεθα
492 3915 548 3969 δὲ
570 3911 766 3982 μᾶλλον
788 3910 865 3971 εἰς
886 3907 1011 3968 τοῦς
1026 3903 1169 3957 κατά
1186 3903 1284 3972 τῆς
1306 3901 1571 3970 αἱρέσεως
1592 3896 1801 3964 λόγους.

242 4007 527 4077 Ἐπιφέρει
564 4004 621 4055 δὲ
669 4001 765 4053 κοιλ⁸
812 3996 1070 4067 λογισμὸν
1116 3990 1475 4049 ἀναπείθοντά
1517 4006 1632 4051 πως
1680 3988 1808 4050 τοὺς

230 4097 636 4171 ἀκροωμένους,
666 4093 747 4145 ὅτι
768 4090 1032 4160 προσήκει
1063 4086 1159 4148 τὰς
1192 4083 1284 4137 τοῦ
1324 4079 1701 4150 συναγορεύειν
1718 4080 1810 4150 ὁρι

231 4192 341 4263 μὰς
357 4191 459 4243 οικ
481 4186 829 4255 ὲπανατροπῇ
853 4181 966 4252 [γρ.
986 4180 1070 4232 ἐπ’
1091 4172 1395 4256 ἀνατροπῇ]
1418 4173 1613 4243 μᾶλλον
1644 4173 1811 4223 ποιεῖ-

232 4284 356 4336 σθαι
387 4281 496 4335 τῶν
524 4278 683 4332 θείων
723 4275 935 4342 λογίων,
970 4270 1084 4324 ἀλλ’
1121 4269 1199 4330 είς
1238 4252 1519 4336 ἀναίρεσιν
1553 4262 1661 4315 τῶν
1708 4262 1807 4315 οὐκ

228 4375 410 4447 ὀρθῶς
451 4370 760 4440 λεγομένων
795 4364 949 4436 παρά
988 4363 1098 4417 τῶν
1128 4358 1481 4420 δι’ὲναντίας·
1510 4374 1527 4407 ι
1552 4356 1642 4425 Μὴ
1679 4353 1806 4424 γὰρ,

232 4468 429 4539 φησὶν,
476 4463 761 4533 ἄνθρωπος
802 4457 864 4510 τὸ
901 4455 1053 4521 ξύλον
1087 4454 1147 4506 τὸ
1181 4454 1241 4504 ὲν
1278 4449 1354 4521 τῷ
1394 4448 1605 4521 δρυμῷ,
1640 4445 1811 4498 εἰσελ-

229 4536 345 4613 ﬁsi-2
376 4555 486 4610 ἀπὸ
520 4551 809 4625 προσώπου
838 4565 930 4601 σου
957 4549 1034 4609 εἰς
1066 4545 1157 4598 τὸν
1184 4544 1436 4614 χάρακα;
1469 4560 1486 4590 ι
1512 4536 1659 4609 *Λρα
1705 4536 1811 4606 γάρ

231 4651 420 4721 φησὶν,
453 4648 611 4717 οἰήσῃ
646 4643 791 4703 ποτὲ,
824 4638 1070 4707 καθάπερ
1115 4635 1239 4689 τινὰ
1282 4633 1390 4685 τῶν
1424 4630 1808 4701 αἱρεσιαρχῶν,

1915 4624 2169 4697 exposuit
2213 4621 2403 4675 dicens
2444 4632 2457 4668 :

230 4738 531 4809 αὐτόμολόν
556 4752 616 4789 τε
656 4733 787 4804 πρὸς
822 4730 1000 4801 μάχην
1034 4723 1492 4796 ὲξαναστήσεσθαι
1524 4720 1583 4772 τὸ
1612 4722 1676 4772 ἐκ
1704 4718 1812 4771 τῶν

235 4831 399 4903 ἱερῶν
426 4824 871 4897 συγγραμμάτων
902 4820 1084 4892 ῥητὸν,
1118 4818 1209 4870 καὶ
1232 4816 1350 4885 οὐχὶ
1379 4814 1577 4883 μᾶλλον
1601 4811 1689 4864 διὰ
1712 4810 1812 4879 τῆς

235 4925 459 4981 ἐκείνω)
491 4918 747 4979 ἀπονοίας
779 4910 1298 4978 πλεονεκτούμενον;
1340 4926 1356 4956 ι
1382 4906 1471 4973 Μὴ
1496 4899 1587 4957 οὖν
1619 4902 1814 4955 ἀποτέ-

240 5034 367 5086 μῃς,
414 5012 602 5082 φησὶν,
664 5008 802 5061 ἔστω
850 5004 906 5057 δεῖ
943 5019 1024 5055 σοι
1081 5000 1176 5053 καὶ
1203 4996 1399 5067 τροφός
1424 5012 1437 5025 ·
1478 4996 1539 5047 τὸ
1570 4993 1626 5047 δὲ
1658 4993 1812 5057 ξύλον

235 5110 372 5176 ὅπερ
398 5106 500 5158 οὐκ
532 5100 682 5155 οἶσθα
712 5097 1128 5169 καρπόόρωτον,
1165 5088 1561 5160 ἐξολοθρεύσεις
1598 5086 1690 5138 καὶ
1720 5087 1813 5138 ὲκ-

238 5201 451 5267 κόῷεις.
480 5215 497 5247 ι
535 5192 810 5262 Ἂϐρωτος
837 5188 943 5257 γὰρ
991 5188 1102 5247 τοῖς
1135 5181 1310 5253 ὀρθῶς
1343 5179 1584 5231 ἐθέλουσι
1617 5178 1755 5229 νοεῖν
1786 5178 1813 5228 ὁ

239 5292 347 5347 τῶν
371 5305 484 5357 παρ
530 5285 757 5344 ἐκείνοις
783 5276 1226 5349 συγγραμμάτων
1251 5270 1457 5341 καρπός
1489 5285 1500 5297 ·
1534 5271 1653 5323 κατ’
1680 5266 1816 5320 ὲκεί-

240 5400 345 5436 νων
391 5378 571 5451 ἡκέτω
614 5374 775 5428 πάλιν
822 5374 850 5424 6
900 5370 1112 5438 σίδηρος
1140 5385 1151 5395 ·
1222 5367 1335 5417 ὲκει
1398 5360 1667 5430 φαινέσθω
1706 5375 1813 5410 των

240 5468 630 5542 πνευματικῶν
661 5464 933 5533 ὑλοτόμων
964 5462 997 5530 ή
1023 5458 1270 5527 δύναμις,
1300 5457 1382 5508 ἐπ’
1413 5454 1639 5514 ἐκείνοις
1674 5449 1817 5502 στιλ-

243 5565 381 5617 εέτω
410 5563 468 5614 ὲν
495 5558 573 5627 τῷ
604 5552 984 5623 συναγορεύειν
1013 5548 1251 5609 εὐτονίας
1277 5548 1303 5598 ὁ
1328 5544 1557 5604 πέλεκυς
1586 5558 1597 5571 ο
1630 5540 1689 5593 τὸ
1711 5538 1817 5608 γὰρ

242 5652 512 5726 ἄχρηστόν
557 5668 617 5703 τε
657 5648 750 5701 καὶ
778 5643 1052 5712 ἀνωφελὲς
1082 5642 1180 5711 τῆς
1226 5640 1333 5692 τῶν
1371 5632 1817 5705 ὲτεροδοξούντων

246 5724 528 5815 φλυαρίας,
562 5742 656 5795 καὶ
686 5742 714 5794 6
744 5738 1024 5810 προφήτης
1060 5735 1189 5804 ήμῖν
1233 5729 1390 5800 Ὠσηὲ
1428 5728 1626 5799 ἄριστα
1664 5724 1815 5793 διηρ-

351 5940 389 5971 ⁸¹
422 5936 604 5993 llCor.
637 5950 691 5998 ς,
724 5931 777 5985 ό.
892 5926 932 5955 "
958 5922 1093 5980 Osce
1124 5938 1240 5987 vm,
1272 5920 1321 5970 τ.

1873 693 1975 734 nec
2023 679 2208 747 inepte
2252 671 2463 736 forsan,
2504 671 2694 735 utpote
2724 672 2845 730 qum
2895 651 3148 711 saeculari
3180 647 3446 719 sapientia

1872 775 1928 824 et
1991 764 2235 823 versutis
2295 760 2750 830 argumentorum
2811 745 2967 800 tricis
3030 747 3160 798 sunt
3214 738 3445 793 munita.
3540 756 3541 759 η

1875 860 2037 917 Venit
2070 866 2252 913 autem
2306 867 2399 910 eas
2438 858 2739 906 eversurus
2784 850 2839 898 et
2893 835 3303 910 quodammodo
3350 832 3451 887 ob-

1876 965 2137 1009 scssurus
2179 950 2468 1014 assumpto
2500 939 2620 995 ﬁdei
2653 941 2838 997 scuto,
2869 930 3163 1004 gladioque
3194 922 3449 995 spiritus,

1876 1044 2027 1115 quod
2074 1048 2159 1097 est
2206 1013 2439 1095 verbum
2486 1032 2606 1098 Dei,
2640 1028 2955 1099 quicunque
2988 1019 3163 1075 sacris
3190 1013 3451 1071 Ecclesia

1878 1136 2151 1207 dogmatis
2209 1130 2469 1194 innixus,
2509 1122 2658 1179 omni
2719 1134 2823 1188 ope
2874 1111 3180 1170 mendaciis
3232 1109 3452 1163 illorum

1880 1197 2112 1292 resistit,
2193 1242 2211 1276 ι
2248 1222 2315 1276 Ει
2345 1217 2578 1276 consilia
2610 1213 2895 1269 destruere
2923 1205 3141 1275 satagit,
3162 1221 3183 1255 ι
3219 1206 3279 1254 ut
3308 1197 3453 1253 Pau-

1883 1322 1968 1377 lus
2032 1318 2296 1389 loquitur,
2359 1332 2377 1365 ι
2416 1320 2741 1368 etomnem
2802 1298 3149 1355 altitudinem
3186 1291 3455 1349 extollen-

1883 1422 1992 1469 tem
2034 1426 2094 1468 se
2144 1409 2407 1463 adversus
2468 1398 2751 1459 scientiam
2797 1392 2915 1456 Dei,
2981 1396 3037 1445 et
3094 1388 3150 1443 in
3228 1380 3457 1454 captivi-

1883 1513 2052 1560 tatem
2108 1500 2308 1571 redigit
2358 1508 2576 1552 omnem
2620 1488 2963 1546 intellectum
3020 1482 3078 1536 in
3129 1475 3457 1546 obsequium

1885 1594 2092 1652 Christi
2120 1595 2183 1647 “.
2223 1567 2412 1647 {Cum
2467 1586 2634 1655 igitur
2678 1574 2993 1635 istiusmodi
3024 1570 3227 1629 Christi
3276 1567 3458 1628 miles,

1888 1689 2086 1761 inquit,
2117 1703 2217 1742 ceu
2248 1683 2518 1755 quasdam
2565 1674 3009 1742 alienigenarum
3051 1665 3222 1720 urbes
3260 1658 3461 1715 acerba

1889 1781 2271 1835 haereticorum
2311 1772 2516 1842 scripta
2543 1774 2727 1823 mente
2749 1762 3068 1831 complexus
3100 1754 3293 1818 fuerit;
3320 1759 3374 1806 et
3405 1749 3461 1803 in

1890 1875 2117 1928 arbores
2162 1865 2459 1929 inciderit,
2497 1862 2603 1915 hoc
2656 1864 2764 1918 est,
2802 1856 2849 1910 si
2903 1850 3104 1906 divina:
3164 1844 3464 1913 Scriptura:

1820 1941 1863 1999 Β
1892 1978 2179 2022 sermones
2222 1965 2315 2013 aut
2365 1954 2761 2025 prophetarum
2790 1944 2959 2000 verba
2997 1938 3260 1995 nimirum
3298 1942 3354 1989 et
3398 1947 3464 1986 ex

1892 2057 2043 2112 Novo
2085 2052 2441 2108 Testamento
2490 2044 2611 2098 loca
2638 2039 2705 2095 ad
2734 2050 2928 2093 eorum
2978 2044 3207 2101 scopum
3254 2027 3465 2082 detorta

1890 2145 2217 2218 eomperiat,
2263 2157 2332 2195 ne
2373 2135 2573 2194 mentis
2604 2132 2781 2187 aciem
2810 2127 3078 2183 continuo
3118 2137 3220 2177 ceu
3258 2119 3465 2175 ferrum

1891 2209 2087 2297 educat
2113 2236 2178 2291 ad
2216 2249 2279 2289 ea
2315 2226 2617 2286 excidenda
2667 2221 2789 2277 Non
2826 2220 2977 2276 enim
3025 2232 3094 2273 ex
3131 2229 3197 2269 eo
3224 2210 3373 2283 quod
3402 2209 3471 2263 ab

1895 2332 2103 2405 ignaris
2130 2329 2243 2383 illis
2266 2321 2665 2392 interpretibus
2682 2317 2845 2370 allata
2864 2313 2999 2375 sint,
3021 2307 3235 2363 idcirco
3254 2301 3470 2372 rejicie-

1895 2392 1985 2478 tur
2012 2422 2063 2477 Id
2091 2419 2234 2491 quod
2254 2416 2390 2489 4ab
2409 2429 2504 2468 ore
2527 2410 2621 2466 Dei
2649 2426 2662 2463 :
2688 2407 2782 2464 sed
2812 2418 2937 2459 cum
2988 2401 3061 2455 sit
3099 2392 3470 2457 fructiferum,

1896 2516 2000 2573 erit
2032 2514 2130 2569 tibi
2156 2484 2338 2583 potius
2383 2508 2441 2561 in
2473 2503 2747 2561 auxilium
2793 2504 2850 2553 et
2888 2493 3100 2549 cibum.
3128 2486 3287 2556 Quod
3324 2484 3472 2541 enim

1897 2610 1966 2664 ab
2019 2607 2128 2661 illis
2157 2575 2454 2657 interdum
2507 2597 2692 2665 inepte
2746 2594 3093 2658 assumptum
3146 2589 3252 2644 est,
3297 2577 3342 2633 si
3405 2575 3472 2630 ad

1896 2710 2104 2759 rectam
2155 2695 2278 2751 ﬁdei
2334 2692 2605 2747 rationem
2655 2690 3078 2743 convertamus,
3136 2688 3248 2728 non
3294 2668 3472 2726 solum

1899 2813 2007 2853 non
2046 2790 2251 2848 inﬁrmi
2289 2780 2786 2857 deprchendemur,
2828 2774 2927 2830 sed
2976 2773 3033 2826 in
3079 2759 3475 2823 convincendis

1900 2885 2175 2944 haereticis
2220 2881 2405 2952 potius
2448 2868 2957 2930 corroborabimur.
3006 2857 3243 2929 Subjicit
3294 2859 3475 2911 autem

1899 2974 2169 3035 rationem
2215 2987 2336 3043 quae
2385 2964 2736 3023 auditoribus
2770 2953 3180 3031 quodammodo
3227 2946 3473 3006 suadeat.

1899 3066 2242 3128 defensionis
2266 3066 2374 3119 vim
2421 3075 2530 3115 non
2567 3056 2633 3111 ad
2665 3048 3007 3110 destruenda
3030 3043 3255 3101 oracula
3294 3039 3476 3095 divina

1902 3157 2270 3217 adhibendam
2329 3167 2476 3213 esse,
2519 3146 2613 3204 sed
2679 3143 2748 3198 ad
2808 3155 2873 3196 ea
2930 3151 3051 3209 qua;
3103 3133 3286 3189 minus
3330 3133 3477 3183 recte

1902 3255 2048 3310 dicta
2083 3257 2213 3306 sunt
2255 3246 2323 3300 ab
2354 3238 2710 3302 adversariis,
2735 3227 3071 3288 confutanda
3108 3242 3121 3279 :
3156 3242 3174 3275 ι
3198 3217 3478 3289 Numquid

1902 3361 2070 3409 enim,
2111 3362 2128 3394 ι
2164 3338 2366 3410 inquit,
2402 3354 2421 3386 ι
2464 3334 2675 3403 lignum
2712 3325 2864 3396 quod
2898 3324 2953 3378 in
2991 3334 3146 3390 agro,
3174 3316 3341 3370 homo
3372 3320 3480 3372 est,

1903 3448 1966 3494 ut
2000 3433 2338 3508 ingrediatur
2375 3445 2405 3483 a
2452 3425 2593 3480 facie
2626 3430 2720 3475 tua
2756 3435 2811 3473 in
2850 3411 3103 3469 vallum?
3142 3430 3159 3461 ι
3196 3408 3279 3461 An
3309 3403 3479 3462 enim,

1904 3530 2103 3600 inquit,
2136 3522 2358 3597 putabis
2390 3530 2633 3589 unquam
2663 3516 2840 3566 instar
2869 3502 3160 3575 cujusdam
3192 3494 3482 3553 haeresiar-

1906 3625 2023 3680 cha:
2060 3636 2121 3674 ac
2151 3612 2454 3673 desertoris
2486 3586 2563 3663 ad
2604 3616 2844 3676 pugnam
2892 3598 3042 3653 ultro
3072 3592 3371 3650 excitatum
3412 3586 3482 3641 iri

1906 3716 2132 3771 terbum
2174 3726 2241 3764 cx
2269 3704 2473 3763 divinis
2498 3698 2720 3756 Litteris
2753 3697 3125 3760 desumptum,
3148 3700 3212 3740 ac
3236 3697 3349 3739 non
3384 3694 3484 3752 po-

1907 3807 2019 3862 tius
2075 3803 2299 3857 illorum
2356 3794 2575 3853 insania
2626 3790 2898 3845 violenter
2952 3778 3274 3838 detortum?
3330 3793 3350 3827 ι
3406 3772 3485 3829 Ne

1907 3912 2039 3969 ergo
2068 3892 2349 3955 succidas,
2395 3906 2413 3940 ι
2459 3882 2659 3954 inquit,
2702 3898 2720 3931 ι
2770 3874 2868 3932 sed
2913 3873 3011 3928 tibi
3061 3871 3135 3925 sit
3170 3871 3226 3923 in
3276 3864 3483 3921 cibum.

1908 3956 2140 4060 Lignum
2172 3998 2301 4041 vero
2332 3978 2479 4051 quod
2524 3973 2671 4030 nosti
2715 3967 2929 4026 edendo
2958 3978 3084 4021 esse
3128 3959 3343 4023 inutile,
3372 3956 3495 4021 dis-1

1910 4047 2106 4153 perdes
2157 4084 2211 4133 et
2271 4047 2511 4129 excides.
2547 4085 2565 4118 ι
2628 4062 2761 4118 Esui
2827 4058 2975 4114 enim
3039 4069 3149 4108 non
3208 4057 3293 4106 est
3342 4047 3485 4118 apud

1911 4181 2061 4229 recte
2094 4168 2396 4225 sentientes
2421 4161 2641 4215 illorum
2676 4152 3009 4221 scriptorum
3040 4145 3274 4199 fructus.
3335 4142 3393 4196 ln
3424 4156 3487 4195 ea

1910 4278 2107 4321 rursus
2136 4260 2341 4314 ferrum
2389 4252 2695 4319 stringatur
2752 4263 2765 4299 :
2811 4241 2886 4296 ibi
2932 4237 3262 4309 spiritalium
3304 4232 3490 4287 fabro—

1913 4370 2033 4411 rum
2088 4365 2211 4407 sese
2241 4346 2326 4401 vis
2379 4345 2601 4398 exterat
2627 4355 2639 4390 ι
2668 4335 2725 4388 in
2768 4330 2880 4386 illis
2917 4328 3116 4384 emicet
3148 4322 3487 4379 defensionis

1914 4448 2069 4502 ﬁrma
2100 4438 2335 4497 securis.
2382 4430 2707 4487 lnanitatem
2750 4436 2896 4477 enim
2944 4416 3219 4472 haeretica
3255 4413 3486 4483 nugaci-
3576 4456 3577 4459 η

1914 4539 2043 4593 tatis
2111 4530 2377 4603 propheta
2442 4534 2664 4592 quoque
2732 4513 2893 4570 nobis
2962 4507 3102 4563 Osee
3174 4504 3490 4560 rectissime

2510 4630 2527 4662 ι
2564 4603 2883 4675 Manipulus
2919 4614 3029 4655 non
3077 4596 3289 4651 habens
3316 4594 3484 4655 vires,

1916 4682 2188 4773 ut'faciat
2236 4708 2472 4763 farinam
2508 4720 2521 4755 :
2558 4696 2704 4769 quod
2751 4692 2919 4749 etiam
2983 4688 3032 4744 si
3077 4686 3289 4747 fecerit,
3321 4682 3485 4737 alieni

1916 4808 2205 4867 comedent
2244 4816 2364 4857 eam
2396 4798 2462 4849 η.
2502 4815 2520 4847 ι
2557 4790 2661 4857 Qui
2688 4787 2832 4842 enim
2865 4784 2933 4836 ab
2976 4778 3220 4835 amicitia
3263 4775 3359 4830 Dei
3402 4788 3488 4828 re-

1916 4902 2133 4972 fugiunt
2193 4910 2255 4949 ac
2311 4890 2643 4945 abhorrent,
2707 4879 2762 4933 hi
2828 4878 3027 4931 anilem
3096 4877 3152 4925 et
3217 4867 3485 4922 inﬁrmam

1916 4996 2137 5051 illorum
2187 4981 2510 5057 ignorantiae
2559 4971 2867 5030 doctrinam
2929 4962 3289 5021 devorabunt.
3330 4956 3488 5024 Quod

1916 5100 2047 5156 ergo
2125 5079 2365 5135 diximus
2435 5070 2637 5127 initio,
2691 5075 2890 5117 rursus
2962 5071 3027 5112 eo
3102 5047 3486 5107 revertendum

1917 5147 2157 5232 arbitror
2186 5213 2199 5225 .
2232 5168 2502 5235 Perquam
2545 5154 2781 5213 diﬁicilis
2814 5158 2901 5206 est
2939 5147 3247 5203 divinorum
3279 5147 3486 5210 myste-

1920 5270 2124 5321 riorum
2161 5230 2481 5329 explicatio.
2539 5248 2643 5303 Sed
2677 5260 2802 5299 cum
2830 5257 2933 5297 nos
2960 5236 3147 5293 multis
3180 5230 3487 5287 rationibus

1919 5356 2123 5425 adigas,
2164 5342 2569 5405 studiosissime
2616 5337 2805 5399 frater,
2838 5339 2896 5386 ut
2941 5324 3340 5395 expositionem
3387 5333 3486 5374 ceu

1919 5409 2209 5517 queindam
2265 5437 2535 5490 labiorum
2588 5427 2830 5482 fructum
2878 5427 2930 5476 et
2987 5414 3234 5486 spiritale
3275 5409 3489 5469 sacriﬁ-

1921 5539 2064 5592 cium
2106 5532 2422 5586 oﬁ‘eramus.
2454 5537 2564 5577 non
2611 5516 2881 5589 gravabor
2912 5510 2963 5565 id
3008 5508 3208 5571 facere,
3251 5504 3363 5558 Deo
3395 5502 3486 5571 qui

1920 5640 2095 5682 caecos
2144 5620 2413 5675 illuminat
2467 5610 2732 5671 conﬁsus,
2763 5613 2816 5658 ct
2860 5602 2952 5672 qui
3003 5614 3032 5653 a
3065 5597 3225 5652 nobis
3268 5594 3491 5664 quidem

1922 5718 2075 5789 petit,
2101 5730 2207 5769 non
2239 5722 2419 5766 tamen
2456 5717 2626 5776 supra
2661 5704 2803 5754 vires
2833 5702 3071 5757 nostras,
3102 5697 3156 5745 et
3185 5699 3503 5760 pauperum.
