4214 6502
692 366 759 421 l5
1688 367 1742 421 S.
1770 363 2042 422 CYRILLI
2084 360 2555 422 ALEXANDRINI
2589 366 2890 423 ARCIl-IEP
3892 371 3956 423 16

692 483 917 554 perinde
952 496 1016 538 ac
1054 479 1283 540 divitum
1318 484 1623 540 oblationes
1662 487 1913 555 suscipit.
1956 486 2264 557 Legislator

2382 490 2615 558 μήνευσε
2700 488 2872 556 λέγων
2900 504 2915 518 ο

690 579 858 641 cnim,
906 587 965 631 ut
1017 579 1286 648 scriptum
1327 588 1413 633 est
1473 579 1632 632 initio
1667 578 1916 644 Levititi,
1974 587 2271 649 postquam

691 672 1045 741 praecepisset
1083 687 1206 726 eum
1240 672 1334 741 qui
1372 687 1585 727 .munus
1619 672 1818 726 otl'erre
1866 672 1978 727 Deo
2008 673 2171 727 vellet
2216 674 2271 727 in

693 763 1095 829 holocaustum,
1127 764 1322 819 bovem
1365 764 1889 836 immolare,ibiquc
1933 767 2099 836 typici
2148 770 2265 821 cul—

693 865 782 911 tus
833 857 1052 911 modum
1116 857 1572 927 praescripsisset,
1619 857 1774 911 illum
1807 874 2002 913 rursus
2048 858 2273 925 minuit,

692 962 846 1002 ovem
880 948 965 1002 eis
997 947 1391 1002 immolandam
1424 964 1547 1005 esse
1579 948 1769 1004 dicens
1809 965 1904 1018 qui
1945 949 2066 1004 bovi
2100 964 2274 1003 sacri-

693 1038 908 1093 ﬁcando
964 1054 1121 1109 pares
1175 1053 1284 1092 non
1348 1049 1555 1094 essent.
1616 1038 1721 1093 Sed
1790 1047 2019 1094 noverat
2090 1040 2277 1110 utique

691 1132 906 1187 tristem
951 1141 1004 1186 et.
1036 1133 1264 1187 auribus
1310 1140 1591 1187 carentem
1627 1133 1677 1203 5
1711 1140 2007 1202 egestatem
2052 1141 2277 1186 coaetu-

691 1238 807 1277 ram
853 1224 1151 1278 nonnullos
1192 1231 1251 1277 ut
1294 1226 1342 1278 ei
1377 1239 1595 1294 quoque
1647 1225 1925 1279 sacriﬁcio
1969 1223 2223 1280 deessent
2259 1244 2271 1277 :

692 1316 1035 1385 proindequc
1069 1358 1081 1379 ,
1122 1334 1140 1366 ι
1191 1317 1257 1369 Et
1311 1314 1524 1378 oﬂeret,
1576 1336 1594 1368 ι
1637 1318 1835 1388 inquit,
1873 1336 1891 1368 ε
1931 1318 1998 1373 de
2050 1316 2278 1372 turturi—

693 1408 816 1469 bus,
851 1415 943 1459 aut
970 1406 1037 1461 de
1064 1408 1339 1461 columbis
1378 1424 1577 1463 munus
1610 1424 1770 1464 suum
1807 1410 1851 1441 ¹³
1906 1429 1925 1460 ι
1968 1409 2077 1465 Sed
2109 1420 2161 1464 et
2193 1410 2276 1464 lus

693 1499 1105 1570 pauperiorem,
1144 1507 1198 1554 et
1239 1499 1437 1553 viliora
1480 1499 1797 1555 oﬂ'erentem
1849 1516 1957 1556 non
2009 1502 2276 1566 dedigna-

693 1598 803 1645 tur.
839 1610 857 1641 ι
890 1590 1082 1645 Simila
1114 1610 1132 1643 ι
1163 1591 1333 1653 enim,
1358 1591 1562 1661 inquit,
1602 1610 1618 1642 ι
1648 1594 1752 1647 erit
1782 1609 1983 1649 munus
2006 1595 2126 1663 ejus
2153 1594 2215 1658 “,
2253 1612 2271 1644 ι

696 1680 944 1747 parabile
975 1681 1176 1746 cuivis,
1219 1681 1438 1750 opinor,
1474 1688 1526 1735 ct
1559 1682 1704 1751 quod
1747 1692 2007 1738 extremae
2055 1700 2279 1753 panper-

698 1771 829 1822 tatis
860 1778 1066 1824 sortem
1102 1769 1248 1823 baud
1284 1772 1515 1824 multum
1546 1772 1761 1826 excedit
1793 1788 1995 1827 munus
2024 1775 2245 1843 praescii

3001 507 3017 538 ι
3048 486 3275 558 Δράγμα
3338 484 3439 538 οὐκ
3482 485 3603 555 ἕχον
3670 484 3820 556 ἰσχὺν
3862 486 3956 540 τοῦ

2375 580 2598 651 ποιῆσαι
2630 582 2878 651 ἄλευρον·
2910 578 3004 632 ἐὰν
3030 580 3085 633 δέ
3115 580 3208 632 καὶ
3238 578 3464 648 ποιήσῃ,
3497 575 3766 646 ἀλλότριοι
3794 593 3954 630 κατα-

2375 674 2657 741 φάγονται.
2696 693 2714 724 ι
2770 675 2832 725 Ol
2882 671 2989 743 γὰρ
3037 671 3134 740 τῆς
3165 669 3298 741 πρὸς
3343 668 3475 721 Θεὸν
3514 668 3694 736 φιλίας
3731 670 3958 732 ἐαυτοίις

2376 764 2691 836 ἀλλοτριοῦν
2725 764 3136 829 σπουδάζοντες,
3175 763 3266 817 τὸν
3297 759 3508 831 ἐραώδη
3548 760 3659 828 [γρ.
3716 758 3959 831 γραώδη]

2376 856 2470 908 καὶ
2520 853 2723 923 ἀσθενῆ
2771 854 2868 923 τῆς
2913 854 3136 905 ἐκείνων
3185 850 3423 921 ἀμαθίας
3472 849 3960 919 καταθοινήσονται

2375 947 2549 1012 λόγον.
2572 946 2750 1016 Ὅπερ
2779 942 2871 999 οὖν
2901 943 3111 1015 ἔφημεν
3145 944 3203 997 ἐν
3233 943 3398 1011 ἀρχῇ,
3429 941 3623 1011 χρῆναι
3663 936 3815 1009 οἶμαι
3854 957 3958 991 παι

2377 1038 2679 1108 λινδρομεῖν
2708 1038 2793 1091 ἐπ’
2813 1039 3008 1090 ἐκεῖνο.
3029 1034 3442 1105 Δυσχερεστὰτη
3464 1032 3581 1086 λίαν
3611 1032 3806 1103 ἐστὶνὴ
3830 1035 3959 1103 περὶ

2375 1127 2484 1181 τῶν
2512 1127 2670 1179 θείων
2708 1125 3023 1197 μυστηρίων
3064 1124 3357 1195 ἐξήγησνς·
3407 1120 3520 1173 ἀλλ’
3552 1121 3780 1190 ἐπείπερ
3812 1121 3962 1189 ἡμᾶς

2380 1218 2594 1281 πολλοῖς
2623 1217 2938 1278 ἀναπείθεις
2984 1217 3184 1284 λόγοις,
3229 1207 3274 1266 ὧ
3308 1210 3711 1281 φιλοπονώτατε
3741 1210 3958 1277 ἁδελφὲ,

2379 1311 2630 1381 καθάπερ
2675 1309 2794 1363 τινὰ
2823 1308 3044 1379 χειλέων
3082 1309 3295 1378 καρπὸν
3328 1307 3421 1360 καὶ⁴
3452 1306 3641 1358 θυσίαν
3673 1319 3963 1372 πνευματι-

2380 1407 2482 1474 κὴν
2512 1403 2791 1457 ἀναθεῖναι
2825 1403 2887 1455 τὸ
2920 1384 3281 1472 σύγγραμμά,
3328 1401 3420 1453 καὶ
3459 1397 3619 1451 τοῦτο
3659 1415 3727 1449 πο
3754 1398 3830 1448 εῖν
3899 1395 3923 1446 3

2379 1498 2595 1567 ὀκνήσω
2644 1496 2720 1566 τῷ
2748 1494 2997 1564 σοφοῦντι
3019 1493 3145 1556 τοὺς
3173 1491 3406 1561 τυφλοὺς
3427 1490 3801 1560 ἐπιθαρσήσας
3820 1486 3961 1557 Οςῷ,

2380 1590 2474 1643 καὶ
2495 1591 2561 1659 Cr;
2598 1588 2746 1641 οὖντι
2770 1590 2866 1658 μὶν
2894 1588 3017 1658 παρ’
3041 1586 3215 1657 ἡμῶν,
3239 1585 3300 1637 οὐ
3323 1584 3538 1645 πάντως
3563 1582 3604 1635 δ’
3630 1581 3769 1651 ὑπὲρ
3790 1581 3960 1650 ἡμᾶς,

2378 1681 2653 1751 δεχομένῳ
2694 1682 2747 1733 δέ
2788 1681 2863 1742 ὡς
2902 1682 3084 1732 ἐκεῖνα
3124 1678 3218 1732 καὶ⁵
3258 1678 3353 1740 τὰς
3399 1678 3463 1729 ἐκ
3496 1674 3603 1727 τῶν
3656 1671 3964 1740 πτωχευόν-

2378 1791 2488 1827 των
2536 1773 2923 1844 προσαγωγὰς.
2964 1773 3067 1824 Τὸν
3116 1770 3225 1840 γὰρ
3278 1768 3668 1839 προσκομίζειν
3712 1764 3965 1816 ἐθέλοντα

698 1863 853 1917 bens.
884 1861 1077 1918 Melius
1118 1862 1266 1916 enim
1304 1870 1454 1917 certe
1493 1878 1556 1917 ac
1597 1865 1951 1934 praestantius
1993 1866 2274 1935 legislator

2382 1867 2549 1937 δῶρον
2585 1868 2663 1929 είς
2695 1865 3049 1935 ὁλοκαύτωμα
3098 1881 3175 1933 τῳ
3224 1860 3442 1933 Κυρίῳ,
3493 1858 3744 1925 καθάπερ
3773 1851 3864 1907 οὖν
3906 1854 3965 1906 ἐν

696 1956 906 2011 sciebat
965 1971 1122 2019 esse,
1183 1957 1266 2009 vel
1325 1972 1533 2026 paucos
1590 1956 1781 2011 aﬂ‘erre
1837 1957 2054 2013 fructus
2112 1974 2274 2028 quam

696 2048 905 2102 nullum
954 2062 1207 2116 prorsus,
1248 2056 1303 2102 et
1345 2063 1413 2103 ne
1462 2047 1705 2104 videaris
1756 2050 1915 2104 alteri
1963 2052 2182 2115 cedere,
2220 2052 2274 2106 in

695 2155 814 2194 eam
870 2141 1057 2195 venire
1107 2141 1525 2211 cogitationem,
1558 2142 1801 2197 universi
1850 2141 1962 2197 Deo
1995 2158 2104 2198 non
2154 2160 2278 2200 esse

697 2249 925 2290 munera
957 2233 1277 2289 deferenda.
1314 2232 1412 2289 His
1459 2234 1719 2289 omnibus
1748 2234 2003 2305 equidem
2038 2251 2144 2289 non
2179 2237 2277 2291 abs

608 2350 613 2353 λ
696 2343 755 2381 re
786 2342 1106 2397 persuasus,
1134 2333 1191 2382 et
1231 2328 1380 2380 omni
1412 2327 1774 2381 cunctatione
1804 2326 2010 2382 srlcntii
2046 2335 2276 2397 patrona

695 2436 760 2474 ex
796 2421 979 2473 animo
1022 2435 1142 2475 meo
1196 2421 1421 2491 rejecta,
1463 2420 1663 2489 quibus
1706 2420 1873 2476 rebus
1925 2428 2115 2489 potero
2172 2420 2280 2475 Do-

699 2510 908 2564 minum
982 2527 1164 2567 meum
1244 2511 1588 2567 remunerari
1667 2510 1867 2565 debere
1930 2511 2171 2582 putabo,
2224 2521 2278 2565 et

696 2600 921 2657 oll'cram
964 2602 1259 2672 quamdam
1294 2601 1460 2657 veluti
1502 2602 1737 2656 similam
1771 2602 1889 2656 oleo
1920 2612 2276 2667 maceratam,

696 2695 1003 2750 doctrinam
1039 2696 1296 2748 nimirum
1343 2708 1464 2764 quae
1505 2693 1857 2747 auditoribus
1900 2694 2166 2748 alimento
2206 2697 2281 2749 sit

699 2799 762 2840 ac
810 2783 1104 2854 voluptati.
1148 2782 1483 2853 Incipiemus
1536 2791 1720 2837 autem
1770 2798 1801 2837 a
1848 2781 2076 2838 Joannis
2108 2783 2280 2838 Evan-

698 2875 863 2946 gelio,
897 2890 1155 2945 magnum
1178 2883 1233 2928 et
1262 2873 1497 2927 arduum
1533 2889 1671 2928 sane
1703 2888 1847 2943 opus
1878 2874 2152 2945 aggressi,
2185 2874 2280 2928 sed

698 2968 770 3021 ob
796 2966 958 3020 [idem
998 2980 1107 3019 non
1137 2964 1575 3034 despondentes.
1608 2963 1674 3016 Et
1710 2980 1893 3019 minus
1924 2964 2144 3034 quidem
2182 2980 2281 3019 nos

698 3057 951 3112 dicturus
1008 3057 1461 3126 cogitaturosque
1529 3071 1691 3124 quam
1750 3064 2031 3124 oporteat,
2091 3058 2283 3127 procul

2378 1960 2519 2031 ἀρχῇ
2573 1960 2750 2011 κεῖται
2792 1958 2886 2009 τοῦ
2941 1958 3264 2021 Λευῖτικου,
3311 1952 3589 2022 βουθυτεῖν
3629 1945 3891 2011 ἐπιτάξας
3938 1948 3965 1996 ὁ

2378 2049 2676 2122 νομοθέτης
2699 2089 2713 2113 ,
2746 2048 2840 2101 καὶ
2870 2048 2934 2118 δὴ
2975 2047 3069 2100 καὶ
3098 2048 3154 2098 ἐν
3183 2062 3356 2115 τουτῳ
3390 2042 3489 2112 τῆ,
3523 2042 3580 2094 ἐν
3613 2057 3641 2092 τ
3661 2040 3769 2108 ’πῳ
3800 2039 3963 2105 τιμῆ,

2380 2144 2567 2216 ὁρίσας
2616 2144 2677 2196 τὸ
2721 2143 2954 2214 μέτρον,
2994 2138 3305 2203 ὑποϐιὸἀζει
3366 2135 3528 2190 πάλν
3576 2133 3740 2197 α·’τ³),
3800 2128 3965 2200 μηλο-

2383 2240 2608 2305 σφαγεῖν
2630 2237 2826 2306 χρῆναι
2857 2234 3029 2303 λέγων
3089 2234 3216 2295 τοὺς
3269 2231 3425 2301 οἵπερ
3454 2228 3519 2282 ἂν
3540 2222 3649 2280 εἶεν
3666 2226 3763 2294 οὐχ
3792 2222 3967 2277 ἱκανοὶ

2380 2328 2517 2399 πρὸς
2574 2328 2749 2379 ἐκεῖνο
2840 2324 2955 2378 ἀλλ’
3003 2324 3119 2394 ᾔδει
3165 2322 3230 2393 δὴ
3275 2323 3513 2383 πάντως,
3562 2320 3645 2373 ὅτι
3696 2318 3793 2371 καὶ
3831 2316 3967 2387 πρὸς

2379 2421 2442 2473 τὸ
2490 2420 2650 2489 τυχὸν
2692 2416 2949 2488 ἀτονῆσαί
2992 2433 3144 2479 τινας
3189 2415 3223 2485 ἡ
3267 2412 3471 2483 στυγνὴ
3490 2412 3582 2465 καὶ
3611 2410 3966 2479 ἀνουθέτητος

2379 2511 2659 2563 ἀναπείσει
2695 2508 2888 2562 πενία·
2914 2508 3003 2561 διά
3034 2506 3097 2574 γέ
3133 2523 3213 2558 τοι
3245 2505 3426 2570 τοῦτο,
3465 2523 3483 2555 ι
3516 2502 3627 2557 Καὶ
3668 2500 3965 2573 προσοίσει,

2381 2603 2566 2674 φησὶν,
2606 2602 2713 2655 ἀπὸ
2735 2602 2841 2655 τῶν
2869 2600 3166 2671 τρυγόνων,
3196 2599 3229 2667 ἢ
3258 2596 3367 2649 ἀπὸ
3404 2595 3514 2648 τῶν
3547 2593 3883 2665 περιστερῶν
3907 2592 3969 2645 τὸ

2380 2696 2553 2765 δῶρον
2584 2694 2747 2748 αὑτοῦ
2820 2715 2838 2748 ι
2879 2695 2968 2747 τὸν
2996 2693 3052 2745 δέ
3078 2692 3387 2745 καὶτούτων
3404 2690 3482 2743 ἔτι
3521 2688 3967 2755 καταδεέστερον,

2381 2788 2478 2841 καὶ
2542 2788 2681 2861 μετὰ
2730 2786 2837 2840 τῶν
2880 2784 3276 2853 εὐτελεστέρων
3331 2782 3410 2836 ἔτι
3467 2782 3763 2852 προσιόντα
3812 2780 3965 2848 τιμᾷ.

2389 2899 2407 2931 ι
2445 2879 2731 2950 Σεμίδαλις
2763 2878 2873 2950 γὰρ
2906 2877 3079 2942 ἔσται,
3120 2897 3138 2929 ι
3195 2875 3326 2946 φησὶ
3360 2894 3377 2926 ‹
3413 2874 3474 2927 τὸ
3515 2874 3685 2943 δῶρον
3718 2870 3907 2924 αὐτοῦ·
3946 2887 3965 2921 ι

2384 2971 2724 3041 εὐπόριστον,
2756 2966 2907 3041 οἶμαί
2938 2987 3064 3035 που,
3116 2968 3299 3032 παντὶ,
3337 2967 3432 3020 καὶ
3463 2967 3735 3035 πτωχείαν
3762 2964 3859 3034 τὴν
3891 2966 3970 3025 εἰς

2382 3061 2552 3131 ἄκρον
2580 3061 2639 3111 οὑ
2660 3059 2861 3131 σφόδρα
2876 3057 3229 3111 πλεονεκτοῦν
3254 3057 3449 3128 ὁρίζων
3471 3057 3638 3125 ἁνάθη
3651 3072 3743 3124 μα.
3774 3056 3971 3124 Κρείτ-

699 3150 869 3205 dubto
931 3148 1214 3203 fatendum
1276 3158 1363 3203 est
1408 3167 1419 3201 :
1468 3148 1563 3203 sed
1625 3164 1728 3203 nos
1796 3159 2002 3219 iustam
2070 3150 2125 3203 in
2179 3150 2279 3205 hoc

2385 3172 2474 3208 τον
2512 3154 2620 3224 γὰρ
2663 3153 2837 3223 δήπου
2866 3154 2960 3206 καὶ
2994 3153 3216 3223 ἄμεινον
3263 3152 3291 3202 ὁ
3318 3150 3612 3221 νομοθέτης
3646 3146 3961 3217 ἐξηπίσταα

699 3243 916 3298 veniam
960 3243 1232 3310 petituros
1275 3242 1451 3294 multa
1481 3241 1800 3310 scriptionis
1834 3240 1958 3310 ejus
1988 3241 2281 3298 dillieultas

700 3331 1023 3402 persuadet,
1054 3340 1146 3384 aut
1181 3342 1353 3397 certe,
1380 3332 1524 3400 quod
1562 3334 1749 3386 verius
1778 3341 1884 3398 est,
1929 3334 2282 3390 imbecillitas

702 3423 910 3493 ingenii
958 3433 1155 3478 nostrt.
1192 3421 1407 3493 Ubique
1459 3440 1590 3479 vero
1630 3440 1886 3480 sermone
1935 3425 2002 3479 ad
2058 3426 2285 3497 dogma—

704 3516 873 3570 ticam
915 3515 1318 3586 expositionem
1363 3530 1633 3572 converso
1671 3516 1843 3573 falsas
1890 3516 2281 3573 haereticorum

703 3606 996 3677 opiniones
1030 3623 1130 3678 pro
1162 3608 1375 3663 vtr'bus
1403 3610 1838 3674 confutabimus,
1879 3626 1986 3664 non
2016 3618 2285 3681 quantum

706 3700 897 3754 liceret
937 3714 1064 3753 eum
1118 3700 1516 3769 protendendo,
1560 3702 1656 3757 sed
1718 3702 1995 3771 superﬂua
2055 3717 2288 3773 quaeque

706 3790 950 3845 tollendo
1013 3802 1067 3845 et
1115 3792 1261 3846 intra
1317 3792 1536 3847 modum
1586 3794 1942 3849 continendo.
1992 3794 2286 3864 Subjectus

705 3891 891 3936 autem
976 3884 1223 3951 capitum
1294 3883 1572 3939 indiculus
1629 3886 2030 3941 demonstrabit
2101 3901 2166 3940 ea
2230 3887 2286 3940 in

705 3975 907 4044 quibus
964 3975 1124 4045 longe
1178 3976 1397 4044 lateque
1450 3991 1508 4031 se
1559 3976 1753 4046 pandit
1821 3978 2027 4042 oratio,
2083 3978 2289 4048 quibus

705 4066 870 4120 etiam
894 4082 1152 4123 numeros
1179 4069 1534 4136 prretiximus,
1566 4079 1625 4122 ut
1654 4076 1858 4140 praesto
1886 4070 1955 4124 sit
1988 4070 2290 4127 lectoribus

706 4158 853 4229 quod
889 4171 1170 4230 qumrnur.

2388 3247 2448 3300 τὸ
2475 3248 2578 3301 κᾶν
2625 3247 2683 3299 ἐν
2731 3248 2933 3315 ολίγοις
2980 3247 3350 3316 καρποφορεῖν
3395 3242 3489 3295 τοῦ
3534 3237 3971 3309 ἀπεστειρῶσθαι

2390 3336 2689 3400 παντελῶς,
2723 3340 2861 3391 αίοοῖ
2910 3355 2969 3390 τε
3027 3337 3118 3389 τοῦ
3151 3336 3224 3407 μὴ
3251 3336 3427 3388 δοκεῖν
3459 3336 3557 3403 τῆς
3581 3333 3780 3385 ἐτέοων
3808 3331 3974 3401 ἡ..τᾶ-

2393 3431 2514 3483 σθαι
2561 3432 2763 3501 χειρὸς,
2820 3433 2899 3494 εἰς
2952 3429 3043 3484 τὸν
3074 3430 3165 3482 ἐπὶ
3199 3428 3276 3499 τῷ
3305 3428 3379 3499 μὴ
3433 3444 3624 3497 χρηναν
3660 3426 3824 3495 τιμᾷν
3866 3422 3973 3476 τῶδ

2390 3524 2647 3577 ἁπάντων
2710 3523 2988 3592 Δεσπότην
3020 3521 3437 3575 συνελαύνεσθαι
3482 3517 3759 3587 λογισμόν.
3793 3515 3892 3567 Διὰ
3910 3514 3974 3584 δὴ

2387 3614 2514 3668 τούτ
2616 3615 2871 3669 ἁπάντων
2918 3614 3385 3683 ἀναπεπ,ισμένος
3433 3610 3690 3679 εὐλόγως,
3729 3608 3885 3660 ὁκνον
3916 3622 3971 3657 τε

2389 3707 2489 3777 τῆς
2521 3706 2731 3776 σιωπῆς
2793 3707 2885 3760 τὸν
2934 3707 3232 3777 συνήγορον
3286 3704 3386 3772 τῆς
3445 3704 3686 3772 ἐμαυτου
3737 3698 3977 3760 διανοίας

2388 3799 2742 3869 ἀποπέμψας,
2800 3794 2992 3871 οἷσπερ
3034 3798 3098 3852 ἂν
3148 3797 3258 3867 ἔχοι
3319 3814 3384 3868 με
3436 3794 3531 3867 [aL
3572 3790 3774 3864 ἔχοιμι]
3813 3793 3976 3861 τιμᾷν

2390 3891 2644 3961 οἰήσομαι
2698 3891 2807 3943 δεῖν
2864 3890 2955 3945 τὸν
2979 3889 3216 3961 ἐμαυτοῦ
3248 3889 3542 3958 Δεσπότην,
3579 3887 3671 3940 καὶ
3705 3884 3977 3954 προσοίσω

2391 3982 2795 4050 καθάπερτινᾶ
2847 3983 3156 4052 σεμίδαλιν,
3219 3981 3384 4052 ἐλαίῳ
3442 3979 3826 4049 δεδευτμένην,
3886 3975 3979 4027 τὸν

2394 4075 2658 4145 τρόφιμὸν
2717 4092 2775 4127 τε
2830 4075 2923 4128 καὶ
2966 4076 3145 4146 ἱλαρὸν
3198 4078 3307 4138 τοῖς
3352 4071 3754 4141 ἐντευξομένοις
3781 4068 3974 4135 λόγον’

2398 4166 2674 4237 ἀρξόμεθα
2708 4166 2763 4219 δὲ
2787 4168 2889 4236 τῆς
2934 4169 3180 4221 Ἰωάννου
3225 4165 3554 4238 Συγγραφῆ,
3620 4160 3841 4232 μεγάλῳ
3882 4158 3979 4227 μὶ)

706 4248 825 4301 λίαν
890 4251 1293 4321 ἐπιχειροῦντες
1336 4251 1644 4321 πράγματι,
1683 4250 1821 4322 πλὴν
1870 4254 1970 4306 οὐκ
2016 4252 2332 4317 ἀτονοῦντες
2370 4254 2458 4307 διὰ
2484 4256 2582 4327 τὴν
2617 4256 2819 4312 πίστιν.
2843 4259 2948 4310 Καὶ
2977 4259 3173 4328 ὅτιμὲν
3197 4254 3288 4311 οὖν
3320 4258 3559 4319 ἔλαττον,
3610 4256 3751 4324 ἥπερ
3792 4253 3979 4322 ἐχρῆν

706 4340 939 4411 ἐροῦμέν
968 4359 1025 4393 τε
1069 4343 1166 4394 καὶ
1188 4344 1469 4413 νοήσομεν,
1490 4343 1874 4412 ἀναμφιλόγως
1895 4344 2254 4415 ὁμολογητέον
2279 4362 2291 4373 ·
2338 4347 2419 4399 ὅτι
2454 4347 2513 4400 δὲ
2542 4348 2757 4403 δικαίαν
2796 4350 2888 4402 ἐπὶ
2920 4350 3091 4417 τούτῳ
3153 4350 3251 4419 τὴν
3295 4348 3623 4420 συγγνώμην
3662 4350 3979 4418 αἰτήσομεν,.

704 4435 738 4501 ἠ
772 4433 941 4504 πολλὴ
972 4433 1066 4487 τοῦ
1116 4435 1549 4504 συγγράμματος
1600 4433 1885 4488 ἀναπείσει
1915 4432 2220 4503 δυσχέρεια,
2250 4434 2282 4503 ἢ
2326 4435 2420 4488 καὶ
2443 4435 2578 4507 ὅπερ
2607 4438 2756 4491 ἐστὶν
2803 4437 3184 4508 ἀληθέστερον,
3220 4440 3253 4507 ὴ
3314 4439 3413 4503 τῆς
3453 4440 3511 4490 ἐν
3547 4440 3681 4508 ἡμῖν
3745 4436 3980 4490 διανοία·

707 4522 981 4576 ἀσθένεια.
1020 4524 1277 4593 Πανταχῆ
1309 4523 1365 4575 δὲ
1389 4522 1480 4575 τὸν
1525 4522 1680 4590 λόγον
1704 4524 1785 4585 είς
1810 4523 2290 4593 δογματικωτέραν
2330 4526 2751 4596 περιτρέποντες
2782 4526 3061 4597 ἐξήγησιν,
3091 4531 3213 4591 ταῖς
3274 4529 3382 4581 τῶν
3450 4528 3980 4601 ἐτεροδιδασκαλουν-

706 4628 814 4665 των
833 4612 1197 4683 ψευδοδοξίαις
1247 4614 1322 4675 ὡς
1354 4613 1501 4665 ἐστιν
1534 4612 1911 4682 ἀντιτάξομεν,
1951 4615 2050 4666 οὐκ
2094 4615 2173 4677 είς
2238 4615 2358 4667 ὅσον
2401 4613 2527 4685 ἐξῆν
2558 4616 2883 4680 ἐκτείνοντες
2907 4618 3096 4688 μῆκος,
3118 4618 3253 4671 ἀλλὰ
3274 4619 3367 4671 καὶ
3397 4619 3503 4673 τῶν
3524 4620 3791 4690 περιττῶν
3806 4620 3979 4672 ἀπαλο

712 4702 1013 4769 λάττοντες,
1048 4704 1140 4757 καὶ
1171 4704 1263 4758 τοῦ
1284 4704 1587 4776 πρέποντος
1613 4706 1712 4759 οὐκ
1737 4706 1925 4759 ἐπιδεᾶ
1991 4706 2329 4776 καταστῆσαι
2406 4710 2825 4774 σπουδάσαντες.
2873 4710 2937 4763 'H
2971 4712 3027 4763 δέ
3067 4712 3479 4783 ὑποτεταγμένη
3529 4730 3638 4766 των
3675 4713 3983 4783 κεφαλαίων

713 4799 1135 4870 ὑποσημείωσις,
1166 4802 1232 4854 τὰ
1256 4799 1435 4871 ἐφόἷς
1458 4805 1591 4872 ἡμῖν
1610 4801 1895 4855 ἐκτέταταί
1942 4803 2063 4866 πως
2083 4805 2109 4856 ὁ
2139 4804 2294 4871 λόγος
2331 4807 2662 4876 καταστήσει
2689 4807 2919 4878 φανερὰ,
2962 4802 3044 4871 οἷς
3107 4809 3199 4863 καὶ
3266 4807 3531 4880 ἀριθμοὺς
3564 4808 3959 4880 παρεπήξαμεκ

714 4887 851 4957 πρὸς
873 4889 933 4940 τὸ
963 4892 1056 4942 καὶ
1079 4891 1197 4944 λίαν
1228 4893 1457 4962 ἑτοίμως
1473 4892 1891 4963 ἀνευρίσκεσθαι
1908 4896 2019 4957 τοῖς
2045 4894 2442 4965 ἐντευξομένοις
2475 4897 2536 4951 τὸ
2569 4896 2919 4969 ζητούμενον.

791 5068 834 5102 ⁸³
860 5067 1028 5124 Lavit.
1067 5074 1219 5137 ι,14.
1298 5074 1339 5104 ¹⁸
1369 5072 1541 5129 Levit.
1572 5089 1631 5139 tt,
1665 5074 1711 5128 l.
