4214 6502
173 453 237 503 Π
1210 437 1280 493 IN
1307 437 1591 494 JOANNIS
1634 439 2091 499 EYANGELIUM
2143 440 2271 495 LIB.
2302 442 2344 495 ι.
3388 429 3453 485 18

165 582 3453 629 ’.τ-’ΜΝ

1538 758 1836 844 ΚΕΦΑ
1854 759 2105 842 ΔΛΙΑ

1345 943 1433 995 TA
1497 944 1586 996 EN
1632 943 1718 1013 Τῼ
1781 942 2008 1013 ΠΡΩΤῼ
2055 941 2306 1012 ΒιΒΛΙῼ.

1647 1276 2058 1366 CAPl'l'A

1150 1470 1305 1540 QUAS
1339 1469 1405 1524 IN
1442 1468 1651 1525 LIBRO
1690 1466 1905 1525 PRIMO
1939 1463 2457 1525 CONTINENTUR.

170 1797 236 1841 α’.
268 1788 402 1841 ’Ὁτι
424 1787 612 1855 ἀΐδιος
638 1789 736 1843 καὶ
776 1790 889 1860 πρὸ
926 1787 1045 1844 τῶν
1074 1789 1305 1845 αἰώνων
1327 1792 1361 1844 ό
1393 1788 1760 1861 Μονογενήςο

239 1881 633 1951 προκειμένου
658 1883 869 1952 ῥητοῦ,
904 1903 921 1935 ι
965 1886 1067 1938 Ἐν
1116 1882 1276 1952 ἀρχῇ
1314 1879 1393 1953 ἦν
1423 1886 1455 1937 ό
1488 1884 1698 1952 Λόγος.
1737 1900 1755 1933 ι

173 1974 236 2043 β’.
291 1975 424 2028 Ὀτι
481 1974 626 2040 Θεὸς
664 1975 985 2045 όμοούσιος
1037 1973 1116 2039 τῷ
1164 1974 1346 2042 Πατρὶ
1401 1972 1691 2043 ὑπάρχων
1731 1976 1763 2026 ό

248 2067 403 2133 Υἱός,
439 2068 509 2121 έν
552 2067 670 2135 ἰδίᾳ
721 2067 892 2121 ἐστὶν
921 2067 1279 2132 ὑποστάσει,
1326 2068 1540 2137 ὁμοίως
1565 2066 1632 2119 δέ
1662 2066 1761 2119 καὶ

242 2164 273 2214 ό
303 2159 508 2229 Πατήρ
534 2177 545 2188 ·
577 2161 969 2232 προκειμένου
991 2162 1202 2231 ῥητοῦ,
1234 2181 1252 2213 ι
1278 2162 1382 2216 Καὶ
1406 2165 1436 2216 ό
1461 2163 1654 2231 Λόγος
1684 2156 1765 2229 ἦν

239 2255 392 2322 πρὸς
422 2254 529 2307 τόν
558 2254 725 2308 Θεόν.
753 2273 771 2305 ι

170 2356 237 2415 γ’.
279 2351 403 2403 Ὅτι
467 2348 612 2415 Θεὸς
648 2349 802 2403 κατὰ
830 2349 1042 2418 φύσιν,
1088 2348 1188 2403 καὶ
1219 2348 1589 2404 κατόὐδένα
1633 2350 1759 2416 τρό-

239 2455 378 2507 πον,
402 2442 440 2511 ἣ
470 2441 754 2507 ἐλάττων,
783 2442 821 2511 ἢ
845 2441 1127 2511 ἀνόμοιός
1150 2441 1283 2496 ἐστι
1325 2440 1429 2495 τοῦ
1475 2438 1707 2507 Πατρός
1731 2443 1762 2492 ό

246 2536 399 2601 Υἱός·
433 2533 826 2605 προκειμένου
871 2533 1085 2603 ῥητοῦ,
1141 2553 1158 2586 ι
1209 2534 1315 2587 Καὶ
1370 2534 1516 2600 Θεός
1585 2542 1662 2602 ην
1730 2538 1760 2585 ό

240 2631 454 2698 Λόγος.
494 2648 511 2681 ι

169 2722 227 2773 δ’.
265 2720 422 2788 Πρός
443 2720 585 2787 τοὺς
601 2718 944 2791 τολμῶντας
975 2719 1197 2790 λέγειν,
1229 2719 1317 2772 ὅτι
1356 2718 1559 2785 ἕτερός
1591 2717 1762 2772 ἐστιν

234 2812 576 2880 ἐνδιάθετός
624 2830 689 2867 τε
747 2812 842 2867 καὶ
901 2812 1161 2881 φυσικός
1201 2811 1271 2864 ἐν
1333 2810 1516 2879 Πατρὶ
1547 2812 1758 2878 Λόγος,

237 2906 336 2958 καὶ
362 2905 613 2973 ἓτεροςό
636 2906 798 2973 παρὰ
826 2904 957 2971 ταῖς
982 2905 1166 2970 θείαις
1201 2903 1469 2972 Γραφαῒς
1513 2902 1762 2970 λεγόμε-

237 3016 344 3063 νος
372 2999 503 3063 Υἱός
535 3015 548 3029 ⁸
577 2998 708 3052 ἔστι
736 2996 804 3049 δὲ
836 2995 955 3050 τῶν
980 2997 1425 3065 περὶΕὑνόμιον
1448 2996 1485 3063 ἡ
1517 2996 1759 3061 τοιαύτη

238 3090 570 3154 κακοδοξία
591 3109 602 3120 ·
641 3090 944 3159 πρόκειται
974 3088 1041 3142 δὲ
1074 3088 1138 3142 τό
1155 3087 1349 3157 ῥητόν
1375 3128 1391 3154 ,
1431 3104 1449 3139 ι
1478 3082 1667 3153 Οὗτος
1686 3082 1763 3156 ἦν

239 3183 306 3235 ὲν
332 3181 492 3251 ἀρχῇ
513 3181 663 3249 πρὸς
691 3180 799 3235 τόν
833 3181 1001 3233 Θεόν.
1036 3199 1052 3230 ι

170 3282 227 3327 ε’.
258 3277 389 3329 Ὅτι
410 3273 562 3327 κατὰ
608 3274 795 3342 φύσιν
817 3272 1177 3341 δημιουργός
1216 3273 1247 3325 ό
1281 3269 1410 3336 Υἱός
1447 3270 1598 3339 μετὰ
1644 3272 1763 3323 Πα-

239 3368 401 3435 τρός,
449 3367 529 3432 ὡς
565 3366 633 3419 ὲκ
693 3364 802 3434 τῆς
849 3365 1063 3430 οὐσίας
1094 3362 1384 3432 ὑπάρχων
1422 3362 1633 3428 αὐτοῦ,
1664 3361 1763 3416 καὶ

233 3462 347 3527 οὐχ
374 3456 575 3525 ὥσπερ
595 3457 898 3525 ὑπουργὸς
929 3457 1544 3523 παραλαμϐανόμενος
1571 3470 1585 3484 ·
1622 3467 1764 3519 προ-

236 3551 518 3621 κειμένου
567 3548 772 3618 ρητοῦ,
810 3567 829 3599 ι
868 3546 1070 3600 Πάντα
1095 3546 1171 3599 δι’
1222 3544 1409 3600 αὐτοῦ
1442 3544 1696 3617 ἐγένετο.
1738 3563 1755 3595 ι

172 3651 241 3708 ς’.
271 3645 403 3696 ’Ὅτι
457 3640 568 3709 ζωὴ
609 3640 759 3695 κατὰ
795 3640 986 3708 φύσιν
1045 3638 1216 3692 ἐστὶν
1243 3640 1274 3692 ό
1332 3638 1484 3703 Υἱός,
1526 3639 1623 3691 καὶ
1666 3636 1763 3691 διὰ

238 3736 417 3789 τοῦτο
446 3736 518 3788 οὐ
540 3731 811 3802 γενητὸς,
854 3729 1076 3784 ἀλ.ῑ’ἐκ
1108 3728 1214 3797 τῆς
1244 3729 1454 3794 οὐσίας
1481 3730 1584 3783 τοῦ
1612 3728 1761 3782 Θεοῦ

237 3823 335 3874 καὶ
373 3820 634 3887 Πατρός-⁸
666 3817 1056 3888 προκειμένου
1075 3816 1287 3885 ῥητοῦ,
1324 3836 1342 3868 ι
1388 3819 1449 3869 "0
1488 3816 1754 3888 γέγονεν,

238 3913 307 3964 ἐν
338 3909 502 3976 αὐτῷ
535 3910 647 3979 ζωὴ
679 3907 778 3981 ἦν.
819 3930 837 3961 ι

178 4002 240 4066 ζ’.
292 4004 425 4055 Ὀτι
462 4000 584 4071 φῶς
628 4001 998 4070 κατὰφύσιν
1031 4001 1204 4056 ἐστὶν
1247 4005 1280 4057 ό
1319 4004 1473 4070 Υἱός,
1529 4003 1626 4058 καὶ
1666 4004 1763 4060 διὰ

238 4092 417 4147 τοῦτο
451 4096 522 4147 οὐ
558 4094 1064 4163 γενητός,ἀ.1λ’ὲκ
1094 4094 1205 4161 τῆς
1228 4096 1445 4159 οὐσίας
1478 4094 1583 4149 τοῦ
1613 4095 1762 4149 Θεοῦ

242 4186 342 4238 καὶ
379 4184 632 4251 Πατρός,
658 4185 739 4249 ὠς
792 4182 918 4253 φῶς
962 4184 1254 4251 ἀληθινόν
1277 4186 1345 4238 ἐκ
1385 4185 1579 4254 φωτός
1610 4186 1760 4253 άλη-

242 4276 431 4330 θινοῦ’
482 4277 876 4343 προκειμένου
909 4277 1120 4347 ῥητοῦ,
1161 4297 1178 4329 ι
1218 4277 1326 4332 Καὶ
1364 4279 1400 4345 ἠ
1435 4274 1545 4343 ζωὴ
1595 4273 1760 4348 ἦντὸ

242 4366 369 4435 φῶς
398 4365 517 4421 τῶν
537 4366 884 4436 ἀνθρώπων.
924 4388 941 4417 ν

176 4460 370 4529 η’.Ὀτι
387 4459 576 4528 μόνος
598 4461 629 4512 ό
659 4458 790 4524 Υἱός
804 4458 906 4512 τοῦ
933 4458 1102 4524 Θεοῦ,
1122 4457 1247 4527 φῶς
1261 4458 1759 4526 ἐστινὰνῑηθινόν·

239 4550 277 4617 ἠ
310 4550 381 4604 δὲ
406 4551 600 4615 κτίσις
630 4549 851 4612 οὐκέτι,
879 4550 1075 4619 φωτός
1111 4544 1271 4602 οὖσα
1298 4548 1551 4618 μέτοχος
1604 4548 1755 4622 [ἅτε]

242 4642 490 4712 τενητή·
524 4640 919 4709 προκειμένου
936 4640 1129 4709 ῥητοῦ
1154 4680 1168 4703 ,
1212 4658 1229 4690 ι
1260 4636 1371 4694 Ἦν
1426 4641 1489 4694 τό
1526 4641 1651 4711 φῶς
1694 4642 1758 4696 τό

240 4735 557 4802 ἀληθινόν.
597 4752 615 4784 ι

179 4829 238 4881 ον.
272 4828 403 4880 Ὀτι
444 4826 516 4879 οὐ
571 4824 936 4893 προϋπάρχοι
971 4823 1073 4877 τοῦ
1112 4821 1385 4892 σώματος
1430 4824 1468 4891 ἠ
1518 4822 1623 4874 τοῦ
1661 4823 1764 4875 ἀν-

243 4920 480 4988 θρώπου
511 4917 704 4987 ψυχὴ,
746 4916 891 4971 οὐδὲ
944 4917 1010 4969 ἐκ
1046 4915 1465 4985 πρεσϐυτέρων
1507 4915 1766 4983 ἀμαρτη-

239 5007 443 5078 μάτων
474 5007 512 5074 ή
558 5005 905 5075 σιοιμάτωσις
931 5004 1083 5058 κατά
1116 5021 1285 5071 τινας
1307 5018 1322 5033 ·
1374 5004 1764 5072 προκειμένου

239 5101 462 5170 ῥητοῦ,
503 5119 521 5151 ι
554 5094 673 5155 Ἦν
718 5098 779 5153 τό
813 5096 939 5167 φῶς
974 5099 1039 5153 τό
1089 5097 1402 5165 ἀληθινόν,
1455 5096 1486 5150 ὃ
1534 5094 1759 5165 φωτίζει

247 5192 443 5245 πάντα
488 5190 802 5256 ἄνθρωπον
840 5190 1167 5259 ἐρχόμενον
1201 5191 1287 5255 εὶς
1328 5189 1435 5241 τόν
1490 5190 1755 5257 κόσμον’

247 5285 316 5336 ἐν
342 5282 423 5349 τῷ
459 5283 664 5350 κόσμῳ
690 5276 789 5349 ἦν.
824 5301 841 5333 ι

263 5380 392 5430 Ὅτι
427 5378 618 5444 μόνος
651 5374 800 5427 κατὰ
836 5374 1026 5443 φύσιν
1066 5373 1197 5438 Υἱός
1224 5372 1293 5426 ἐκ
1324 5372 1549 5441 Πατρός
1585 5374 1617 5425 ό
1639 5374 1757 5425 Mo-

249 5466 526 5537 νογενὴς,
544 5467 623 5532 ὠς
635 5466 703 5531 ἐξ
713 5465 920 5529 αὐτοῦ,
941 5467 1037 5519 καὶ
1054 5465 1124 5519 ἐν
1148 5463 1310 5531 αὐτῷ
1327 5481 1340 5493 ·
1365 5462 1756 5533 προκειμένου

244 5560 464 5629 ⁹ὀητοῦ,
504 5578 521 5609 ι
560 5558 709 5611 Θεόν
745 5556 943 5622 οὐδεὶς
968 5556 1186 5626 ἑώρακε
1206 5555 1459 5610 πώποτε.
1502 5573 1517 5605 ι

1870 1813 1919 1867 1.
2002 1812 2157 1880 Quod
2213 1823 2439 1867 atternus
2479 1824 2528 1868 et
2565 1820 2687 1866 ante
2743 1805 2944 1864 swcula
2995 1803 3065 1858 sit
3114 1799 3449 1872 Unige‘nitus,

1933 1907 2200 1973 proposito
2237 1904 2401 1969 dicto,
2430 1923 2449 1956 ι
2504 1903 2571 1959 In
2598 1901 2861 1974 principio
2894 1904 3013 1953 erat
3063 1894 3307 1949 Verbum.
3352 1914 3370 1945 ι

1861 1998 1916 2051 2.
1962 1998 2116 2064 Quod
2139 2007 2188 2052 et
2222 1996 2363 2051 Deus
2417 2007 2468 2050 et
2497 1991 2965 2051 consubstantialis
3014 1988 3170 2042 Patri
3221 2002 3339 2040 cum
3385 1988 3453 2039 sit

1934 2090 2134 2154 Filius,
2166 2091 2220 2144 in
2240 2091 2461 2159 propria
2508 2098 2585 2143 est
2624 2085 2922 2159 hypostasi,
2975 2080 3226 2136 similiter
3274 2087 3454 2132 autem

1934 2192 1984 2237 et
2014 2181 2172 2236 Pater
2204 2198 2220 2235 .'
2251 2182 2521 2251 proposito
2560 2181 2726 2245 dicto,
2764 2197 2782 2230 ι
2822 2175 2890 2229 Et
2923 2173 3147 2229 Verbum
3176 2180 3290 2226 erat
3313 2171 3456 2239 apud

1938 2273 2128 2327 Deum.
2169 2293 2187 2325 ι

1864 2367 1915 2421 5.
1958 2364 2114 2433 Quod
2149 2364 2289 2421 Deus
2342 2364 2631 2420 secundum
2664 2370 2939 2424 naturam,
2977 2372 3067 2410 nec
3120 2354 3233 2408 ullo
3287 2352 3446 2407 modo

1935 2468 2027 2513 aut
2060 2460 2268 2526 minor,
2302 2467 2392 2512 aut
2428 2456 2707 2511 dissimilis
2734 2453 2890 2510 Patri
2927 2451 2996 2505 sit
3028 2447 3231 2514 Filius,
3262 2463 3456 2518 propo-

1934 2554 2034 2607 sito
2064 2554 2231 2619 dicto,
2281 2570 2299 2604 ι
2342 2551 2410 2606 Ει
2461 2550 2602 2605 Deus
2639 2555 2755 2604 erat
2800 2544 3047 2600 Verbum.
3086 2562 3104 2595 ι

1863 2730 1914 2782 4.
1956 2728 2218 2782 Adversus
2258 2744 2343 2782 eos
2386 2728 2476 2797 qui
2521 2725 2695 2779 dicere
2728 2722 2946 2784 audent,
2981 2718 3130 2772 aliud
3180 2732 3292 2771 esse
3320 2716 3454 2769 inle-

1933 2818 2042 2870 rius
2075 2818 2211 2871 illud
2228 2829 2276 2872 et
2304 2816 2549 2872 naturale
2570 2817 2624 2870 in
2667 2814 2829 2868 Patre
2870 2811 3124 2875 Verbum,
3153 2806 3330 2872 aliud,
3362 2808 3457 2875 qui

1934 2910 2074 2977 apud
2114 2910 2322 2965 divinas
2368 2910 2672 2978 Scripturas
2718 2904 2895 2959 Filius
2955 2904 3288 2963 nominatur,
3335 2915 3455 2971 qua:

1934 3004 2231 3070 perniciosa
2273 3002 2734 3055 Eunomianorum
2766 3008 2842 3052 est
2874 2998 3073 3065 opinio.
3120 2992 3455 3062 Proponitur
3482 3062 3501 3081 I

1936 3103 2113 3146 autem
2140 3094 2341 3147 dictum
2372 3094 2541 3147 illud:
2572 3111 2589 3144 ι
2632 3091 2747 3145 Hoc
2767 3101 2881 3145 erat
2918 3091 2974 3144 in
3002 3088 3264 3158 principio
3309 3084 3451 3154 apud

1937 3183 2125 3241 Deum.
2159 3203 2178 3236 ι

1862 3278 1915 3332 5.
1960 3277 2114 3343 Quod
2142 3286 2337 3330 natura
2360 3292 2461 3331 sua
2492 3284 2700 3329 creator
2722 3274 2786 3329 sit
2814 3273 2993 3327 Filius
3023 3287 3143 3326 cum
3170 3269 3353 3331 Patre,
3395 3277 3451 3319 ut

1928 3369 2018 3438 qui
2044 3384 2109 3422 ex
2140 3368 2254 3437 ejus
2283 3368 2609 3434 substantia,
2663 3375 2712 3422 et
2761 3383 2867 3421 non
2918 3376 3172 3435 tanquam
3208 3362 3454 3416 minister

1932 3458 2001 3512 ad
2035 3460 2087 3513 id
2115 3469 2440 3529 assumptus,
2462 3461 2731 3531 proposita
2770 3458 2939 3526 dicto,
2968 3477 2986 3510 ι
3025 3456 3219 3513 Omnia
3250 3470 3343 3526 per
3371 3455 3453 3523 ip-

1934 3536 2050 3604 sum
2075 3551 2220 3620 facta
2248 3563 2392 3609 sunt.
2426 3571 2444 3604 ι

1862 3644 1915 3699 6.
1948 3644 2101 3709 Quod
2130 3646 2237 3698 vita
2279 3645 2563 3700 secundum
2620 3654 2874 3699 naturam
2916 3642 2985 3698 sit
3036 3642 3235 3705 Filius,
3295 3648 3453 3710 atque

1931 3737 2051 3790 ideo
2075 3753 2177 3791 non
2212 3748 2445 3804 creatus,
2477 3737 2568 3795 sed
2592 3755 2657 3793 ex
2676 3738 2980 3793 substantia
3026 3734 3119 3789 Dei
3147 3750 3212 3787 ac
3242 3731 3449 3794 Patris.

1931 3828 2201 3896 proposito
2224 3830 2384 3895 dicto,
2436 3847 2455 3881 ι
2509 3830 2666 3897 Quod
2694 3831 2898 3899 factum
2920 3838 3019 3893 est,
3073 3827 3130 3881 in
3173 3827 3288 3895 ipso
3336 3826 3452 3879 vita

1927 3933 2066 3976 erat.
2114 3942 2131 3973 ι

1864 4011 1913 4064 7.
1954 4010 2105 4075 Quod
2129 4011 2223 4065 lux
2264 4012 2553 4066 secundum
2589 4023 2840 4067 naturam
2864 4012 2934 4066 sit
2981 4008 3182 4074 Filius,
3228 4017 3279 4062 et
3320 4023 3449 4077 pro-

1930 4105 2049 4158 inde
2073 4122 2175 4158 non
2193 4117 2424 4172 creatus,
2463 4107 2552 4161 sed
2574 4123 2639 4161 ex
2664 4106 2969 4161 substantia
3006 4103 3105 4157 Dei
3138 4120 3200 4157 ac
3232 4100 3446 4161 Patris.

1934 4206 1989 4247 ut
2016 4197 2109 4249 lux
2140 4214 2258 4250 vera
2278 4197 2341 4250 de
2383 4199 2496 4252 luce
2525 4215 2669 4264 vera,
2701 4199 2971 4269 proposito
3007 4196 3173 4265 dicto,
3200 4213 3219 4247 ι
3256 4192 3323 4247 Ει
3344 4194 3453 4247 vita

1933 4297 2047 4337 erat
2075 4286 2168 4339 lux
2200 4288 2492 4343 hominum.
2532 4307 2552 4341 ι

1866 4467 1920 4523 8.
1964 4465 2117 4549 Quod
2148 4465 2293 4521 solus
2342 4466 2519 4521 Filius
2566 4466 2664 4521 Dei
2700 4468 2771 4521 sit
2814 4483 2937 4522 vera
2994 4468 3088 4521 lux
3134 4480 3151 4519 :
3200 4475 3447 4520 creatura

1938 4575 2040 4611 non
2066 4558 2187 4611 item
2215 4600 2229 4624 ,
2269 4576 2390 4612 cum
2425 4561 2495 4614 sit
2524 4559 2657 4613 lucis
2697 4560 2958 4627 particeps
3002 4567 3181 4628 utpote
3230 4568 3445 4613 creata:

1935 4652 2206 4722 proposito
2244 4651 2410 4715 dicto,
2456 4670 2474 4702 ι
2520 4649 2653 4704 Erat
2678 4649 2772 4703 lux
2805 4666 2945 4705 vera.
2988 4669 3004 4701 ι

1865 4826 1918 4881 9.
1963 4826 2116 4893 Quod
2150 4827 2377 4881 hominis
2421 4828 2604 4880 anima
2663 4836 2786 4879 ante
2821 4840 3011 4894 corpus
3038 4840 3142 4877 non
3195 4821 3445 4884 exsistat,

1938 4933 2096 4986 neque
2126 4916 2187 4970 ob
2214 4916 2561 4983 praecedentia
2585 4924 2801 4986 peccata
2836 4916 3043 4985 corpori
3072 4915 3447 4979 immergatur,

1941 5018 1996 5062 ut
2053 5009 2294 5063 nonnulli
2341 5018 2585 5065 asserunt
2624 5027 2641 5064 :
2682 5010 2951 5079 proposito
3002 5007 3144 5059 dicto
3170 5049 3184 5072 ,
3224 5022 3243 5055 ι
3311 5004 3448 5059 Erat

1942 5102 2033 5154 tua:
2068 5118 2214 5163 vero,
2244 5118 2361 5171 qua:
2381 5101 2656 5155 illuminat
2702 5116 2906 5155 omnem
2952 5098 3210 5151 hominem
3242 5097 3448 5152 venien-

1938 5201 2036 5245 tem
2073 5191 2126 5243 in
2153 5190 2290 5245 hunc
2325 5191 2600 5245 mundum.
2658 5190 2725 5245 In
2758 5189 2952 5243 mundo
2976 5198 3111 5243 erat.
3142 5206 3161 5240 ο

1868 5280 1953 5336 10.
1997 5280 2150 5347 Quod
2172 5282 2314 5336 solus
2335 5283 2622 5336 secundum
2664 5292 2911 5335 naturam
2965 5278 3142 5335 Filius
3172 5294 3237 5333 ex
3281 5277 3446 5333 Patre

1937 5375 2006 5429 sit
2040 5373 2370 5445 Unigenitus,
2405 5385 2462 5429 ut
2488 5391 2553 5429 ea:
2582 5376 2717 5444 ipso,
2751 5384 2801 5428 et
2822 5375 2876 5427 in
2904 5375 3041 5443 ipso,
3066 5371 3335 5442 proposito
3360 5370 3446 5423 ai-

1937 5472 2041 5528 cto,
2084 5481 2102 5516 ι
2126 5462 2291 5519 Deum
2323 5480 2475 5519 nemo
2504 5463 2631 5519 vidit
2664 5479 2924 5533 unquam.
2960 5480 2976 5512 ο
