4214 6502
750 400 822 460 Η

1744 398 1801 452 8.
1834 393 2109 454 CYRILLI
2144 390 2626 450 ALEXANDRINI
2650 390 2976 449 ARCHIEP.

759 550 4001 581 Mm

1564 715 1790 800 ΤΟΥ
1864 718 2006 801 ΕΝ
2071 710 2433 799 ΛΓΙΟῘΣ
2472 712 2904 797 ΠΑΤΡΟΣ
2968 710 3316 798 ΗΜΩΝ.

1862 902 2907 1037 ΚΥΡΙΛΛΟΥ

1256 1146 2370 1235 ΑΡΧΙΕΠΙΣΚΟΠΟΥ

2504 1133 3517 1229 ΑΛΕΞΑΝΔΡΕΙΑΣ

1947 1330 2279 1384 ΕΞΠΓΗΣΙΣ
2318 1327 2897 1384 ΥΠΟΜΝΗΜΑΤῙΚΗ

905 1498 1145 1611 ΕΙΣ
1226 1496 1433 1613 ΤΟ
1538 1501 1953 1613 ΚΑΤΑ
2046 1500 2747 1612 ΙΩΑΝΝΗΝ
2869 1489 3885 1612 ΕΥΑΓΓΕΛΙΟΝ.

1984 1722 2347 1809 ΛΟΓΟΣ
2424 1722 2892 1807 ΠΡΩΤΟΣ.

1651 2082 1807 2237 S.
1855 2089 2026 2236 P.
2092 2085 2273 2237 N.
2336 2084 3122 2239 CYRILLI

1446 2375 2264 2469 ALEXANDRI/E

2404 2374 3325 2471 ARCHIEI‘ISCOPI

2110 2572 2709 2633 COMMENTARIUS

1111 2777 1274 2890 IN
1416 2777 1537 2892 S.
1675 2779 2381 2895 JOANNIS

2511 2776 3661 2897 EVANGELIUM.

1911 3022 2268 3110 LIBER
2353 3018 2845 3109 PRIMUS.

2342 3244 2412 3256 ﬂ

836 3379 977 3453 6-7
1007 3378 1299 3449 Perspicax
1338 3395 1529 3437 revera
1581 3386 1633 3435 et
1665 3379 1930 3435 divinitus
1966 3378 2157 3433 edocta
2184 3394 2338 3434 mens
2370 3380 2416 3437 Λ

770 3478 853 3523 est
883 3477 1199 3521 sanctorum
1223 3471 1704 3539 cvangelistarum,
1732 3485 1853 3539 qua:
1889 3470 2036 3524 velut
2066 3486 2095 3524 e
2131 3470 2345 3523 tumulo

770 3561 1006 3630 quodam
1050 3576 1112 3614 ac
1140 3562 1359 3629 specula
1394 3564 1695 3633 magnificae
1733 3562 2215 3631 contemplationis
2242 3578 2345 3616 un-

770 3653 933 3722 dique
956 3653 1336 3723 circumspicit
1363 3654 1507 3723 quod
1529 3656 1652 3712 usui
1688 3656 1758 3710 sit
1782 3656 2147 3721 auditoribus,
2174 3664 2229 3709 et
2253 3671 2347 3710 ve-

771 3744 1013 3799 bementi
1044 3746 1225 3799 studio
1245 3746 1464 3817 indagat
1486 3748 1631 3817 quod
1651 3749 1963 3804 conducere
1993 3756 2145 3817 putet
2163 3749 2233 3803 iis
2253 3749 2346 3817 qui

772 3852 957 3889 veram
997 3837 1309 3891 divinorum
1335 3840 1642 3895 doctrinam
1696 3842 2011 3913 dogmatum
2046 3840 2263 3908 sitiunt,
2294 3850 2349 3896 et

773 3928 1089 3984 abatrusum
1115 3930 1167 3983 in
1190 3931 1493 4001 Scripturis
1514 3933 1719 3990 divinis
1738 3947 1886 3989 recto
1919 3936 2100 3989 animo
2123 3948 2349 3990 sensum

775 4020 1077 4089 inquirunt.
1104 4019 1219 4075 Non
1243 4023 1386 4077 enim
1418 4024 1652 4081 curiosis
1682 4026 2117 4096 indagatoribus,
2147 4042 2351 4096 qunque

774 4112 1016 4167 sinuosis
1054 4114 1326 4169 rationum
1381 4117 1643 4173 versutiis
1690 4118 1875 4187 potius
1918 4134 2082 4188 quam
2115 4118 2353 4173 veritate

773 4201 1136 4267 delectantur,
1176 4207 1381 4259 revelat
1424 4205 1684 4277 Spiritus,
1718 4226 1841 4263 cum
1880 4224 1981 4265 nec
2026 4212 2079 4265 in
2115 4212 2353 4265 malevo-

776 4291 879 4343 lam
914 4292 1151 4346 animam
1200 4294 1437 4349 introeat
1473 4298 1760 4367 sapientia,
1805 4315 1985 4369 neque
2029 4315 2194 4369 porro
2227 4315 2353 4369 prc-

776 4379 949 4436 tiosas
979 4384 1307 4451 margaritas
1338 4400 1628 4453 porcorum
1673 4387 1904 4456 pedibus
1946 4389 2123 4443 obteri
2184 4390 2351 4454 sinat,

778 4471 871 4553 \t‘tl
910 4472 962 4525 in
996 4473 1390 4543 simpliciorum
1441 4477 1719 4533 mentibus
1762 4478 2131 4533 libentissime
2166 4495 2354 4535 verse-

778 4572 888 4625 tur,
930 4567 1228 4633 prmscrtim
1266 4582 1392 4621 cum
1429 4575 1482 4623 et
1516 4568 1851 4625 sincer-iores
1882 4578 2066 4625 motus
2092 4570 2351 4637 habeant,

777 4662 832 4707 ct
872 4670 1041 4710 vanas
1074 4657 1375 4726 argutiolas
1406 4669 1691 4728 respuant,
1719 4661 1923 4731 quibus
1946 4662 2002 4731 8
2029 4678 2175 4732 δωρεᾶ
2207 4663 2263 4716 lit
2295 4672 2353 4717 ut

2527 3380 2781 3449 Ἀκριϐὴς
2816 3380 2984 3445 ὄντως
3033 3379 3125 3434 καὶ⁸
3164 3379 3501 3441 θεοδίδακτος
3527 3376 3634 3431 τῶν
3665 3375 3835 3445 ἁγίων
3864 3376 4030 3445 εὐαγ-

2450 3472 2713 3540 γελιστῶν
2736 3475 2767 3543 ἡ
2794 3473 3020 3536 διάνοια,
3057 3473 3302 3543 καθάπερ
3333 3471 3439 3525 ἁπὸ
3486 3488 3628 3533 τινος
3664 3470 3899 3540 γηλὸςου
3935 3470 4032 3523 καὶ

2452 3566 2738 3636 περιωπῆς
2764 3566 2858 3636 τῆς
2879 3567 2936 3619 ὲν
2962 3565 3039 3637 τῷ
3068 3564 3567 3633 δύνασθαιθεωρεῖν
3590 3562 4029 3631 μεγαλειότητος,

2452 3656 2785 3727 πανταχόθεν
2819 3658 2879 3709 τὸ
2928 3660 3039 3720 τοῖς
3088 3655 3460 3728 ἀκροωμένοις
3492 3651 3865 3723 περιαθροῦσα
3893 3653 4032 3721 Χρῆ⁴

2455 3764 2634 3817 σιμον,
2666 3746 2760 3799 καὶ
2798 3746 2932 3817 μετὰ
2969 3746 3215 3799 συντόνου
3264 3744 3407 3807 τινὸς
3443 3743 3734 3813 θηρωμένη
3772 3742 4029 3809 σπουδῆς,

2452 3841 2587 3909 ὅπερ
2626 3839 2692 3891 ἂν
2746 3838 3012 3909 ὑπάρχειν
3059 3838 3237 3906 οἴηται
3284 3835 3557 3897 λυσιτελὲς
3590 3836 3701 3896 τοῖς
3728 3834 3816 3885 τὸν
3854 3832 4031 3903 ἀληθῆ

2452 3933 2560 3986 τῶν
2591 3932 2749 3985 θείων
2773 3932 3056 4001 δογματων
3112 3929 3303 3999 διψῶσι
3333 3928 3512 3995 λόγον,
3543 3928 3643 3979 ’καὶ
3674 3925 3810 3997 μετὰ
3838 3942 4033 3995 προαιο

2456 4026 2658 4098 ρέσεως
2688 4025 2899 4093 ἀγαθῆς
2930 4024 3024 4095 τὴν
3049 4023 3501 4094 ὲγκεκρυμμένην
3536 4026 3653 4085 ταῖς
3684 4021 3851 4083 eam;
3886 4020 4029 4091 Γρα-

2456 4122 2581 4189 φαῖς
2610 4117 2869 4190 ἐρευνῶσι
2922 4119 3177 4171 διάνοιαν.
3211 4118 3284 4169 Οὐ
3329 4115 3436 4185 γὰρ
3468 4117 3579 4177 τοῖς
3614 4114 4036 4183 περιεργότερον

2454 4211 2788 4275 ἐξετάζουσι,
2827 4209 2919 4261 καὶ
2960 4208 3319 4270 πολυπλόκοις
3346 4203 3619 4275 λογισμῶν
3662 4205 3899 4265 ἀπάταις
3939 4206 4035 4272 ἐφ·-

2455 4302 2733 4373 ηδομένοις
2750 4301 2946 4370 μᾶλλον
2986 4301 3018 4369 ἢ
3039 4302 3104 4370 τῇ
3126 4299 3351 4369 ἀληθείᾳ
3376 4297 3795 4368 προσχαίρουσιν
3820 4297 4033 4349 ἁποκα-

2454 4396 2646 4448 λύπτει
2675 4394 2733 4447 τὸ
2766 4393 3003 4462 Πνεῦμα,
3028 4393 3150 4445 ἐπεὶ
3180 4392 3315 4461 μήτε
3351 4392 3429 4452 είς
3454 4388 3777 4459 κακότεχνον
3795 4388 4025 4457 εἰσέρχεο

2442 4488 2546 4540 ’ται
2569 4486 2766 4556 ψυχὴν,
2797 4486 2933 4553 μήτε
2964 4484 3069 4555 μὴν
3099 4483 3273 4546 ἄλλως
3298 4481 3576 4534 κυλίεσθαι
3599 4480 3750 4551 παρὰ
3779 4481 3889 4541 τοῖς
3924 4479 4035 4531 ὑῶν

2458 4582 2584 4634 ποσὶ
2634 4579 2760 4640 τοὺς
2804 4578 3018 4647 τιμίους
3064 4576 3249 4646 ἐφίησι
3318 4575 3699 4647 μαργαρίτας·
3734 4572 3928 4641 ἥδιστα
3977 4571 4033 4623 δὲ

2456 4673 2576 4725 λίαν
2601 4672 2720 4733 ταῖς
2752 4668 3147 4739 ἁπλουστέραις
3179 4668 3439 4731 διανοίαις
3468 4665 3805 4736 προσομιλεῖ,
3844 4664 3939 4716 ἆτε
3970 4664 4033 4732 δὴ

780 4748 1108 4813 percellatur
1153 4750 1394 4816 animus,
1438 4762 1492 4807 et
1532 4768 1796 4824 perverso
1836 4753 1978 4808 ﬂexu
2010 4754 2078 4809 de
2113 4764 2262 4809 recta
2303 4762 2355 4809 et

2459 4765 2550 4817 καὶ
2581 4762 3049 4832 ἁπανουργότερον
3066 4758 3312 4830 ἐχούσαις
3342 4757 3400 4811 τὸ
3419 4757 3646 4826 κίνημα,
3680 4755 3775 4807 καὶ
3796 4754 3853 4805 τὸ
3885 4754 4030 4821 σοιρί⁴

780 4840 924 4907 regia
962 4840 1047 4894 via
1086 4840 1351 4895 decedat:
1418 4864 1436 4896 ι
1486 4847 1745 4901 Ambulat
1805 4847 1953 4901 enim
2012 4846 2353 4901 conﬁdenter

782 4932 874 4999 qui
926 4933 1247 5001 simpliciter
1298 4936 1563 5002 ambulat,
1605 4957 1623 4989 ι
1662 4946 1722 4991 ut
1778 4946 1863 4992 est
1916 4937 2059 5007 apud
2100 4936 2354 4993 Salomo-

784 5039 904 5077 nem
944 5025 1026 5078 “‘.
1052 5026 1191 5079 Cum
1234 5043 1367 5096 ergo
1400 5028 1665 5085 mirabilis
1693 5030 1763 5083 sit
1789 5029 1841 5082 in
1881 5030 2089 5084 sanctis
2120 5045 2354 5099 evange-

782 5116 924 5170 listis
956 5129 1214 5172 accurata
1249 5118 1340 5172 illa
1375 5121 1649 5175 scribendi
1684 5122 1905 5177 solertia
1960 5123 2016 5192 ((
2051 5122 2169 5177 Νοη
2206 5139 2353 5177 enim

784 5211 882 5278 ipsi
927 5211 1246 5281 loquuntur,
1288 5232 1306 5266 ι
1362 5223 1421 5269 ut
1462 5215 1539 5268 ait
1588 5216 1861 5278 Salvator,
1915 5234 1933 5268 ι
1985 5216 2079 5272 sed
2113 5216 2356 5286 Spiritus

784 5302 962 5357 I'atris
982 5305 1072 5372 qui
1102 5305 1153 5357 in
1178 5305 1257 5361 eis
1279 5315 1362 5360 est
1389 5306 1431 5337 ”‘
1457 5307 1526 5377 ι),
1562 5322 1669 5360 ηοη
1694 5308 1791 5362 abs
1818 5324 1875 5363 re
1911 5308 2167 5364 fateberis
2188 5307 2356 5363 Joan-

785 5395 868 5450 nis
918 5394 1299 5467 Evangelium,
1356 5397 1401 5453 si
1465 5400 1753 5453 notionum
1812 5401 2227 5464 sublimitatem,
2304 5409 2356 5456 ct

772 5491 981 5543 .mcntis
1018 5504 1268 5553 acumen,
1322 5501 1375 5545 et
1410 5492 1593 5563 jugcm
1624 5494 1968 5564 aliarumque
2000 5496 2120 5551 aliis
2165 5511 2356 5551 succc-

784 5578 1026 5633 dentium
1063 5580 1456 5636 sententiarum
1488 5583 1787 5638 illationcm
1813 5587 2099 5656 rcSpicias,
2137 5602 2353 5643 omnem

784 5688 1043 5742 superare
1077 5675 1291 5743 penitus
1316 5675 1758 5731 admirationem.
1788 5678 2025 5735 invicem
2055 5681 2199 5737 enim
2224 5697 2355 5737 con-

859 5834 917 5863 ιδ¹
946 5830 1098 5887 Prov.
1145 5848 1198 5899 κ,
1241 5834 1291 5888 9.
1375 5836 1415 5867 ’³
1448 5833 1637 5891 Matth.
1677 5853 1728 5906 κ,
1764 5837 1853 5893 20.

2459 4855 2645 4919 ζεσθαι
2687 4853 2915 4923 περιττὰ
2958 4852 3442 4923 παραιτουμέναις,
3484 4842 3527 4916 ᾧ
3566 4848 3629 4917 δὴ
3685 4846 3899 4907 πάντως
3940 4844 4023 4900 καί

2458 4946 2519 4998 τὸ
2560 4944 2958 5015 ἐκπλήττεσθαι
3010 4942 3325 5012 συμϐαίνειν
3360 4939 3661 5002 ἀκολουθεῖ,
3692 4939 3785 4991 καὶ
3841 4938 3906 4990 ὲκ
3940 4932 4028 4991 τοὶ

2459 5035 2578 5087 λίαν
2603 5036 2679 5097 εἰς
2707 5031 2876 5097 δεξιὸν
2902 5031 3000 5099 τῆς
3028 5030 3237 5092 εὐθείας
3266 5030 3355 5081 καὶ
3379 5028 3656 5098 βασιλικῆς
3682 5026 3783 5090 ἔξω
3816 5025 4035 5077 πίπτειν

2490 5131 2600 5178 δου·
2646 5144 2662 5176 ι
2693 5123 2985 5196 Πορεύεται
3016 5122 3124 5191 γὰρ
3173 5119 3464 5185 πεποιθὼς,
3495 5117 3552 5181 ὃς
3586 5117 3771 5179 ἁπλῶς
3804 5133 4032 5186 πορευε-

2436 5235 2567 5281 .ται,
2609 5236 2626 5268 ι
2672 5215 2812 5269 κατὰ
2838 5218 2934 5284 τὴν
2960 5232 3053 5266 του
3084 5214 3424 5282 Σολομωντος
3467 5210 3649 5281 φωνήν
3718 5208 3896 5278 θυμα
3950 5210 4000 5277 λ’,

2457 5310 2513 5363 δὲ
2544 5309 2663 5361 λίαν
2688 5309 2919 5378 ἐχόντων
2947 5305 3053 5358 τῶν
3091 5304 3258 5372 ἁγίων
3308 5302 3705 5370 εὖαγγελιστῶν
3730 5300 3826 5370 τὴν
3873 5301 3929 5351 ὲν
3958 5298 4033 5368 τῷ

2458 5403 2691 5474 γράφειν
2736 5398 3049 5469 ἀκρίϐειαν(
3084 5416 3101 5447 ι
3138 5396 3211 5449 Οὐ
3238 5394 3343 5463 γὰρ
3395 5394 3546 5445 alto).
3578 5390 3815 5456 λαλοῦσι,
3850 5408 3866 5441 ι
3890 5390 4033 5442 κατᾶ

2460 5497 2559 5565 τὴν
2586 5494 2679 5548 τοῦ
2713 5495 2962 5563 Σωτῆρος
2989 5490 3189 5561 φωνὴν,
3223 5507 3239 5541 ι
3272 5486 3405 5539 ἀλλὰ
3434 5486 3495 5537 τὸ
3534 5484 3755 5553 Πνεῦμα
3790 5481 3883 5535 τοῦ
3917 5482 4030 5535 Πα-

2462 5591 2585 5659 τρὸς
2610 5588 2669 5640 τὸ
2707 5589 2763 5643 ὲν
2790 5588 2971 5649 αὐτοῖς
3009 5587 3076 5653 ι),
3106 5584 3319 5644 πάντως
3338 5578 3570 5646 εὐλόγω,
3608 5579 3859 5631 ἐπέκεινα
3896 5573 4021 5627 θαύ-

2468 5699 2634 5753 ματος
2664 5680 2760 5752 τὴν
2802 5679 3049 5734 Ἰωάννου
3067 5673 3395 5747 Συγγραφὴν
3421 5668 3789 5726 ἁνατεθεῖσθαι
3812 5665 3925 5737 δοίη
3947 5682 4030 5727 τις
