  <div class='ocr_page' id='page_1' title='image "/cluster/home/n/w/nwhite01/storage/ocr_20150623/73/nnc1.0046980245/020.png"; bbox 0 0 4214 6502; ppageno 0'>
   <div class='ocr_carea' id='block_1_1' title="bbox 191 422 3455 486">
    <p class='ocr_par' dir='ltr' id='par_1_1' title="bbox 191 422 3455 486">
     <span class='ocr_line' id='line_1_1' title="bbox 191 422 3455 486; baseline 0.002 -8"><span class='ocrx_word' id='word_1_1' title='bbox 191 424 245 479; x_wconf 70' lang='lat'><strong>2|</strong></span> <span class='ocrx_word' id='word_1_2' title='bbox 1237 422 1302 476; x_wconf 85' lang='lat' dir='ltr'><strong>IN</strong></span> <span class='ocrx_word' id='word_1_3' title='bbox 1340 422 1627 480; x_wconf 68' lang='lat' dir='ltr'><strong>JOANNIS</strong></span> <span class='ocrx_word' id='word_1_4' title='bbox 1667 425 2117 486; x_wconf 55' lang='lat' dir='ltr'><strong>EVANGELIUM</strong></span> <span class='ocrx_word' id='word_1_5' title='bbox 2148 427 2288 481; x_wconf 62' lang='lat' dir='ltr'><strong>Lib.</strong></span> <span class='ocrx_word' id='word_1_6' title='bbox 2331 434 2344 481; x_wconf 73' lang='grc' dir='ltr'>ἐ</span> <span class='ocrx_word' id='word_1_7' title='bbox 3387 434 3455 486; x_wconf 73' lang='lat'>92</span> 
     </span>
    </p>
   </div>
   <div class='ocr_carea' id='block_1_2' title="bbox 3391 474 3458 489">
    <p class='ocr_par' dir='ltr' id='par_1_2' title="bbox 3391 474 3458 489">
     <span class='ocr_line' id='line_1_2' title="bbox 3391 474 3458 489; baseline 0.015 -1"><span class='ocrx_word' id='word_1_8' title='bbox 3391 474 3458 489; x_wconf 64' lang='grc' dir='ltr'><strong>α.-</strong></span> 
     </span>
    </p>
   </div>
   <div class='ocr_carea' id='block_1_3' title="bbox 189 536 1775 620">
    <p class='ocr_par' dir='ltr' id='par_1_3' title="bbox 189 536 1775 615">
     <span class='ocr_line' id='line_1_3' title="bbox 189 536 1775 615; baseline 0.005 -26"><span class='ocrx_word' id='word_1_9' title='bbox 189 538 275 601; x_wconf 76' lang='grc' dir='ltr'><strong>ἄν,</strong></span> <span class='ocrx_word' id='word_1_10' title='bbox 300 538 381 601; x_wconf 75' lang='grc' dir='ltr'><strong>εἷς</strong></span> <span class='ocrx_word' id='word_1_11' title='bbox 399 555 454 589; x_wconf 86' lang='grc' dir='ltr'><strong>τε</strong></span> <span class='ocrx_word' id='word_1_12' title='bbox 470 539 529 590; x_wconf 77' lang='grc' dir='ltr'><strong>τὸ</strong></span> <span class='ocrx_word' id='word_1_13' title='bbox 552 537 657 592; x_wconf 79' lang='grc' dir='ltr'><strong>τῶν</strong></span> <span class='ocrx_word' id='word_1_14' title='bbox 682 537 1054 608; x_wconf 82' lang='grc' dir='ltr'><strong>θεωρημάτων</strong></span> <span class='ocrx_word' id='word_1_15' title='bbox 1088 536 1413 595; x_wconf 82' lang='grc' dir='ltr'><strong>ἀποόλέπων</strong></span> <span class='ocrx_word' id='word_1_16' title='bbox 1447 543 1775 615; x_wconf 69' lang='grc' dir='ltr'><strong>ύπεριρερὲς,</strong></span> 
     </span>
    </p>
   </div>
   <div class='ocr_carea' id='block_1_4' title="bbox 1879 536 3459 620">
    <p class='ocr_par' dir='ltr' id='par_1_4' title="bbox 1883 548 3459 620">
     <span class='ocr_line' id='line_1_4' title="bbox 1883 548 3459 620; baseline 0.006 -25"><span class='ocrx_word' id='word_1_17' title='bbox 1883 553 2111 598; x_wconf 73' lang='lat' dir='ltr'><strong>currunt</strong></span> <span class='ocrx_word' id='word_1_18' title='bbox 2144 548 2208 598; x_wconf 87' lang='lat' dir='ltr'><strong>ad</strong></span> <span class='ocrx_word' id='word_1_19' title='bbox 2240 548 2548 601; x_wconf 60' lang='lat' dir='ltr'><strong>divinorum</strong></span> <span class='ocrx_word' id='word_1_20' title='bbox 2581 549 2897 619; x_wconf 74' lang='lat' dir='ltr'><strong>dogmatum</strong></span> <span class='ocrx_word' id='word_1_21' title='bbox 2923 549 3372 620; x_wconf 79' lang='lat' dir='ltr'><strong>explicationem.</strong></span> <span class='ocrx_word' id='word_1_22' title='bbox 3406 559 3459 605; x_wconf 87' lang='lat' dir='ltr'><strong>et</strong></span> 
     </span>
    </p>
   </div>
   <div class='ocr_carea' id='block_1_5' title="bbox 187 633 1773 708">
    <p class='ocr_par' dir='ltr' id='par_1_5' title="bbox 187 633 1773 708">
     <span class='ocr_line' id='line_1_5' title="bbox 187 633 1773 708; baseline 0.001 -22"><span class='ocrx_word' id='word_1_23' title='bbox 187 636 280 687; x_wconf 76' lang='grc' dir='ltr'><strong>καὶ</strong></span> <span class='ocrx_word' id='word_1_24' title='bbox 304 633 410 702; x_wconf 83' lang='grc' dir='ltr'><strong>τῆς</strong></span> <span class='ocrx_word' id='word_1_25' title='bbox 424 634 663 698; x_wconf 81' lang='grc' dir='ltr'><strong>διανοίας</strong></span> <span class='ocrx_word' id='word_1_26' title='bbox 674 633 839 689; x_wconf 83' lang='grc' dir='ltr'><strong>αὐτοῦ</strong></span> <span class='ocrx_word' id='word_1_27' title='bbox 854 633 952 706; x_wconf 78' lang='grc' dir='ltr'><strong>τὴν</strong></span> <span class='ocrx_word' id='word_1_28' title='bbox 973 634 1229 707; x_wconf 83' lang='grc' dir='ltr'><strong>ὀξύτητα,</strong></span> <span class='ocrx_word' id='word_1_29' title='bbox 1247 636 1342 690; x_wconf 75' lang='grc' dir='ltr'><strong>καὶ</strong></span> <span class='ocrx_word' id='word_1_30' title='bbox 1354 638 1450 708; x_wconf 69' lang='grc' dir='ltr'><strong>τὴν</strong></span> <span class='ocrx_word' id='word_1_31' title='bbox 1468 637 1663 707; x_wconf 86' lang='grc' dir='ltr'><strong>συνεχῆ</strong></span> <span class='ocrx_word' id='word_1_32' title='bbox 1679 637 1773 689; x_wconf 74' lang='grc' dir='ltr'><strong>καὶ</strong></span> 
     </span>
    </p>
   </div>
   <div class='ocr_carea' id='block_1_6' title="bbox 187 725 1773 800">
    <p class='ocr_par' dir='ltr' id='par_1_6' title="bbox 187 725 1773 800">
     <span class='ocr_line' id='line_1_6' title="bbox 187 725 1773 800; baseline 0.001 -23"><span class='ocrx_word' id='word_1_33' title='bbox 187 725 598 796; x_wconf 78' lang='grc' dir='ltr'><strong>ἀλλεπάλληλον</strong></span> <span class='ocrx_word' id='word_1_34' title='bbox 626 726 736 780; x_wconf 85' lang='grc' dir='ltr'><strong>τῶν</strong></span> <span class='ocrx_word' id='word_1_35' title='bbox 764 728 1053 798; x_wconf 83' lang='grc' dir='ltr'><strong>νοημάτων</strong></span> <span class='ocrx_word' id='word_1_36' title='bbox 1088 729 1442 800; x_wconf 83' lang='grc' dir='ltr'><strong>ὲπεισφοράν.</strong></span> <span class='ocrx_word' id='word_1_37' title='bbox 1480 728 1773 799; x_wconf 79' lang='grc' dir='ltr'><strong>Σύνδρομοι</strong></span> 
     </span>
    </p>
   </div>
   <div class='ocr_carea' id='block_1_7' title="bbox 186 816 1773 891">
    <p class='ocr_par' dir='ltr' id='par_1_7' title="bbox 186 816 1773 891">
     <span class='ocr_line' id='line_1_7' title="bbox 186 816 1773 891; baseline 0.003 -22"><span class='ocrx_word' id='word_1_38' title='bbox 186 816 286 885; x_wconf 75' lang='grc' dir='ltr'><strong>μὲν</strong></span> <span class='ocrx_word' id='word_1_39' title='bbox 312 817 424 888; x_wconf 70' lang='grc' dir='ltr'><strong>γὰρ</strong></span> <span class='ocrx_word' id='word_1_40' title='bbox 449 817 699 888; x_wconf 85' lang='grc' dir='ltr'><strong>ἀλλήλοις</strong></span> <span class='ocrx_word' id='word_1_41' title='bbox 720 819 825 872; x_wconf 75' lang='grc' dir='ltr'><strong>είσὶ</strong></span> <span class='ocrx_word' id='word_1_42' title='bbox 868 820 996 890; x_wconf 75' lang='grc' dir='ltr'><strong>περὶ</strong></span> <span class='ocrx_word' id='word_1_43' title='bbox 1026 818 1125 891; x_wconf 83' lang='grc' dir='ltr'><strong>τὴν</strong></span> <span class='ocrx_word' id='word_1_44' title='bbox 1155 819 1279 873; x_wconf 52' lang='grc' dir='ltr'><strong>τῶν</strong></span> <span class='ocrx_word' id='word_1_45' title='bbox 1297 819 1457 891; x_wconf 85' lang='grc' dir='ltr'><strong>θείων</strong></span> <span class='ocrx_word' id='word_1_46' title='bbox 1489 821 1773 890; x_wconf 73' lang='grc' dir='ltr'><strong>δογμάτων</strong></span> 
     </span>
    </p>
   </div>
   <div class='ocr_carea' id='block_1_8' title="bbox 185 888 1775 982">
    <p class='ocr_par' dir='ltr' id='par_1_8' title="bbox 185 888 1775 982">
     <span class='ocr_line' id='line_1_8' title="bbox 185 888 1775 982; baseline 0.003 -23"><span class='ocrx_word' id='word_1_47' title='bbox 185 908 470 977; x_wconf 76' lang='grc' dir='ltr'><strong>ἐξήγησιν,</strong></span> <span class='ocrx_word' id='word_1_48' title='bbox 508 909 601 961; x_wconf 73' lang='grc' dir='ltr'><strong>καὶ</strong></span> <span class='ocrx_word' id='word_1_49' title='bbox 630 909 765 979; x_wconf 75' lang='grc' dir='ltr'><strong>πρὸς</strong></span> <span class='ocrx_word' id='word_1_50' title='bbox 786 910 883 962; x_wconf 72' lang='grc' dir='ltr'><strong>ἕνα</strong></span> <span class='ocrx_word' id='word_1_51' title='bbox 911 888 1161 982; x_wconf 76' lang='grc' dir='ltr'><strong>καθάπερ</strong></span> <span class='ocrx_word' id='word_1_52' title='bbox 1184 888 1526 981; x_wconf 58' lang='grc' dir='ltr'><strong>ἀπὸ’νύσσης</strong></span> <span class='ocrx_word' id='word_1_53' title='bbox 1547 888 1775 979; x_wconf 69' lang='grc' dir='ltr'><strong>ἀιρέντες</strong></span> 
     </span>
    </p>
   </div>
   <div class='ocr_carea' id='block_1_9' title="bbox 190 1000 1777 1075">
    <p class='ocr_par' dir='ltr' id='par_1_9' title="bbox 190 1000 1777 1075">
     <span class='ocr_line' id='line_1_9' title="bbox 190 1000 1777 1075; baseline 0.005 -25"><span class='ocrx_word' id='word_1_54' title='bbox 190 1000 583 1070; x_wconf 78' lang='grc' dir='ltr'><strong>ξπποδρομοῦσι</strong></span> <span class='ocrx_word' id='word_1_55' title='bbox 608 1003 833 1056; x_wconf 73' lang='grc' dir='ltr'><strong>σκοπόνο</strong></span> <span class='ocrx_word' id='word_1_56' title='bbox 863 1003 1116 1075; x_wconf 83' lang='grc' dir='ltr'><strong>διάφορον</strong></span> <span class='ocrx_word' id='word_1_57' title='bbox 1136 1003 1191 1057; x_wconf 81' lang='grc' dir='ltr'><strong>δέ</strong></span> <span class='ocrx_word' id='word_1_58' title='bbox 1220 1022 1334 1067; x_wconf 90' lang='grc' dir='ltr'><strong>πως</strong></span> <span class='ocrx_word' id='word_1_59' title='bbox 1352 1006 1532 1069; x_wconf 49' lang='grc' dir='ltr'><strong>(ὐτοῖς</strong></span> <span class='ocrx_word' id='word_1_60' title='bbox 1558 1003 1777 1073; x_wconf 66' lang='grc' dir='ltr'><strong>ἐξυφαί-</strong></span> 
     </span>
    </p>
   </div>
   <div class='ocr_carea' id='block_1_10' title="bbox 186 1094 1775 1169">
    <p class='ocr_par' dir='ltr' id='par_1_10' title="bbox 186 1094 1775 1169">
     <span class='ocr_line' id='line_1_10' title="bbox 186 1094 1775 1169; baseline 0.005 -25"><span class='ocrx_word' id='word_1_61' title='bbox 186 1109 336 1145; x_wconf 88' lang='grc' dir='ltr'><strong>νεται</strong></span> <span class='ocrx_word' id='word_1_62' title='bbox 363 1094 458 1157; x_wconf 75' lang='grc' dir='ltr'><strong>τοῦ</strong></span> <span class='ocrx_word' id='word_1_63' title='bbox 492 1094 650 1163; x_wconf 86' lang='grc' dir='ltr'><strong>λόγου</strong></span> <span class='ocrx_word' id='word_1_64' title='bbox 682 1095 741 1150; x_wconf 84' lang='grc' dir='ltr'><strong>τὸ</strong></span> <span class='ocrx_word' id='word_1_65' title='bbox 773 1097 979 1167; x_wconf 87' lang='grc' dir='ltr'><strong>σχῆμα·</strong></span> <span class='ocrx_word' id='word_1_66' title='bbox 1011 1098 1104 1151; x_wconf 84' lang='grc' dir='ltr'><strong>καί</strong></span> <span class='ocrx_word' id='word_1_67' title='bbox 1158 1115 1247 1168; x_wconf 92' lang='grc' dir='ltr'><strong>μοι</strong></span> <span class='ocrx_word' id='word_1_68' title='bbox 1276 1097 1495 1151; x_wconf 82' lang='grc' dir='ltr'><strong>δοκοῦσι</strong></span> <span class='ocrx_word' id='word_1_69' title='bbox 1528 1116 1775 1169; x_wconf 87' lang='grc' dir='ltr'><strong>προσεοι-</strong></span> 
     </span>
    </p>
   </div>
   <div class='ocr_carea' id='block_1_11' title="bbox 186 1185 1776 1261">
    <p class='ocr_par' dir='ltr' id='par_1_11' title="bbox 186 1185 1776 1261">
     <span class='ocr_line' id='line_1_11' title="bbox 186 1185 1776 1261; baseline 0.005 -24"><span class='ocrx_word' id='word_1_70' title='bbox 186 1185 341 1240; x_wconf 84' lang='grc' dir='ltr'><strong>κέναι</strong></span> <span class='ocrx_word' id='word_1_71' title='bbox 368 1189 529 1252; x_wconf 72' lang='grc' dir='ltr'><strong>τισὶν,</strong></span> <span class='ocrx_word' id='word_1_72' title='bbox 579 1185 661 1252; x_wconf 74' lang='grc' dir='ltr'><strong>οἷς</strong></span> <span class='ocrx_word' id='word_1_73' title='bbox 700 1189 781 1252; x_wconf 85' lang='grc' dir='ltr'><strong>είς</strong></span> <span class='ocrx_word' id='word_1_74' title='bbox 819 1190 948 1260; x_wconf 92' lang='grc' dir='ltr'><strong>μίαν</strong></span> <span class='ocrx_word' id='word_1_75' title='bbox 985 1190 1082 1261; x_wconf 79' lang='grc' dir='ltr'><strong>μὲν</strong></span> <span class='ocrx_word' id='word_1_76' title='bbox 1114 1190 1502 1261; x_wconf 81' lang='grc' dir='ltr'><strong>συνενεχθῆναι</strong></span> <span class='ocrx_word' id='word_1_77' title='bbox 1536 1192 1692 1245; x_wconf 89' lang='grc' dir='ltr'><strong>πόλιν</strong></span> <span class='ocrx_word' id='word_1_78' title='bbox 1715 1192 1776 1245; x_wconf 87' lang='grc' dir='ltr'><strong>τὸ</strong></span> 
     </span>
    </p>
   </div>
   <div class='ocr_carea' id='block_1_12' title="bbox 188 1277 1778 1355">
    <p class='ocr_par' dir='ltr' id='par_1_12' title="bbox 188 1277 1778 1355">
     <span class='ocr_line' id='line_1_12' title="bbox 188 1277 1778 1355; baseline 0.006 -27"><span class='ocrx_word' id='word_1_79' title='bbox 188 1277 479 1348; x_wconf 82' lang='grc' dir='ltr'><strong>σύνταγμα</strong></span> <span class='ocrx_word' id='word_1_80' title='bbox 506 1320 520 1343; x_wconf 93' lang='grc'><strong>,</strong></span> <span class='ocrx_word' id='word_1_81' title='bbox 576 1280 637 1333; x_wconf 87' lang='grc' dir='ltr'><strong>τό</strong></span> <span class='ocrx_word' id='word_1_82' title='bbox 662 1298 725 1348; x_wconf 90' lang='grc' dir='ltr'><strong>γε</strong></span> <span class='ocrx_word' id='word_1_83' title='bbox 755 1282 859 1353; x_wconf 83' lang='grc' dir='ltr'><strong>μὴν</strong></span> <span class='ocrx_word' id='word_1_84' title='bbox 881 1282 968 1336; x_wconf 83' lang='grc' dir='ltr'><strong>διὰ</strong></span> <span class='ocrx_word' id='word_1_85' title='bbox 1004 1285 1135 1353; x_wconf 78' lang='grc' dir='ltr'><strong>μιᾶς</strong></span> <span class='ocrx_word' id='word_1_86' title='bbox 1175 1284 1269 1336; x_wconf 76' lang='grc' dir='ltr'><strong>καὶ</strong></span> <span class='ocrx_word' id='word_1_87' title='bbox 1302 1284 1400 1353; x_wconf 88' lang='grc' dir='ltr'><strong>τῆς</strong></span> <span class='ocrx_word' id='word_1_88' title='bbox 1447 1285 1616 1355; x_wconf 79' lang='grc' dir='ltr'><strong>αὐτῆς</strong></span> <span class='ocrx_word' id='word_1_89' title='bbox 1642 1284 1778 1338; x_wconf 66' lang='grc' dir='ltr'><strong>λεωη</strong></span> 
     </span>
    </p>
   </div>
   <div class='ocr_carea' id='block_1_13' title="bbox 186 1365 1777 1444">
    <p class='ocr_par' dir='ltr' id='par_1_13' title="bbox 186 1365 1777 1444">
     <span class='ocr_line' id='line_1_13' title="bbox 186 1365 1777 1444; baseline 0.008 -29"><span class='ocrx_word' id='word_1_90' title='bbox 186 1365 354 1436; x_wconf 78' lang='grc' dir='ltr'><strong>φόρου</strong></span> <span class='ocrx_word' id='word_1_91' title='bbox 387 1367 622 1436; x_wconf 76' lang='grc' dir='ltr'><strong>βαδίζειν</strong></span> <span class='ocrx_word' id='word_1_92' title='bbox 647 1370 707 1421; x_wconf 82' lang='grc' dir='ltr'><strong>οὐ</strong></span> <span class='ocrx_word' id='word_1_93' title='bbox 740 1372 955 1435; x_wconf 86' lang='grc' dir='ltr'><strong>πάντως</strong></span> <span class='ocrx_word' id='word_1_94' title='bbox 1004 1370 1313 1427; x_wconf 78' lang='grc' dir='ltr'><strong>συνδοκοῦν.</strong></span> <span class='ocrx_word' id='word_1_95' title='bbox 1351 1373 1506 1425; x_wconf 86' lang='grc' dir='ltr'><strong>Ἐστι</strong></span> <span class='ocrx_word' id='word_1_96' title='bbox 1539 1374 1636 1443; x_wconf 84' lang='grc' dir='ltr'><strong>μὲν</strong></span> <span class='ocrx_word' id='word_1_97' title='bbox 1670 1373 1777 1444; x_wconf 81' lang='grc' dir='ltr'><strong>γὰρ</strong></span> 
     </span>
    </p>
   </div>
   <div class='ocr_carea' id='block_1_14' title="bbox 189 1460 1776 1537">
    <p class='ocr_par' dir='ltr' id='par_1_14' title="bbox 189 1460 1776 1537">
     <span class='ocr_line' id='line_1_14' title="bbox 189 1460 1776 1537; baseline 0.006 -26"><span class='ocrx_word' id='word_1_98' title='bbox 189 1462 315 1522; x_wconf 82' lang='grc' dir='ltr'><strong>τοὺς</strong></span> <span class='ocrx_word' id='word_1_99' title='bbox 338 1460 436 1529; x_wconf 81' lang='grc' dir='ltr'><strong>μὲν</strong></span> <span class='ocrx_word' id='word_1_100' title='bbox 460 1461 650 1525; x_wconf 82' lang='grc' dir='ltr'><strong>ἄλλους</strong></span> <span class='ocrx_word' id='word_1_101' title='bbox 675 1465 806 1534; x_wconf 80' lang='grc' dir='ltr'><strong>όρᾷν</strong></span> <span class='ocrx_word' id='word_1_102' title='bbox 837 1464 1228 1537; x_wconf 81' lang='grc' dir='ltr'><strong>εὐαγγελιστάς</strong></span> <span class='ocrx_word' id='word_1_103' title='bbox 1254 1465 1390 1534; x_wconf 81' lang='grc' dir='ltr'><strong>μετὰ</strong></span> <span class='ocrx_word' id='word_1_104' title='bbox 1414 1466 1615 1536; x_wconf 85' lang='grc' dir='ltr'><strong>πολλῆς</strong></span> <span class='ocrx_word' id='word_1_105' title='bbox 1635 1485 1776 1531; x_wconf 87' lang='grc' dir='ltr'><strong>τινος</strong></span> 
     </span>
    </p>
   </div>
   <div class='ocr_carea' id='block_1_15' title="bbox 184 1552 1775 1629">
    <p class='ocr_par' dir='ltr' id='par_1_15' title="bbox 184 1552 1775 1629">
     <span class='ocr_line' id='line_1_15' title="bbox 184 1552 1775 1629; baseline 0.006 -26"><span class='ocrx_word' id='word_1_106' title='bbox 184 1552 286 1619; x_wconf 81' lang='grc' dir='ltr'><strong>τῆς</strong></span> <span class='ocrx_word' id='word_1_107' title='bbox 313 1554 602 1622; x_wconf 73' lang='grc' dir='ltr'><strong>ἀκριϐείας</strong></span> <span class='ocrx_word' id='word_1_108' title='bbox 621 1555 713 1607; x_wconf 86' lang='grc' dir='ltr'><strong>τὸν</strong></span> <span class='ocrx_word' id='word_1_109' title='bbox 743 1557 869 1627; x_wconf 82' lang='grc' dir='ltr'><strong>περὶ</strong></span> <span class='ocrx_word' id='word_1_110' title='bbox 902 1557 1003 1625; x_wconf 83' lang='grc' dir='ltr'><strong>τῆς</strong></span> <span class='ocrx_word' id='word_1_111' title='bbox 1047 1558 1188 1611; x_wconf 85' lang='grc' dir='ltr'><strong>κατὰ</strong></span> <span class='ocrx_word' id='word_1_112' title='bbox 1220 1558 1398 1629; x_wconf 85' lang='grc' dir='ltr'><strong>σάρκα</strong></span> <span class='ocrx_word' id='word_1_113' title='bbox 1428 1560 1775 1627; x_wconf 81' lang='grc' dir='ltr'><strong>γενεαλογίας</strong></span> 
     </span>
    </p>
   </div>
   <div class='ocr_carea' id='block_1_16' title="bbox 185 1644 1775 1721">
    <p class='ocr_par' dir='ltr' id='par_1_16' title="bbox 185 1644 1775 1721">
     <span class='ocr_line' id='line_1_16' title="bbox 185 1644 1775 1721; baseline 0.006 -24"><span class='ocrx_word' id='word_1_114' title='bbox 185 1644 279 1697; x_wconf 86' lang='grc' dir='ltr'><strong>τοῦ</strong></span> <span class='ocrx_word' id='word_1_115' title='bbox 311 1647 565 1718; x_wconf 77' lang='grc' dir='ltr'><strong>Σωτῆρος</strong></span> <span class='ocrx_word' id='word_1_116' title='bbox 595 1648 751 1719; x_wconf 83' lang='grc' dir='ltr'><strong>ἡμῶν</strong></span> <span class='ocrx_word' id='word_1_117' title='bbox 778 1651 1137 1718; x_wconf 77' lang='grc' dir='ltr'>ποιουμένους</span> <span class='ocrx_word' id='word_1_118' title='bbox 1180 1651 1373 1719; x_wconf 89' lang='grc' dir='ltr'><strong>λόγον,</strong></span> <span class='ocrx_word' id='word_1_119' title='bbox 1416 1655 1509 1705; x_wconf 77' lang='grc' dir='ltr'><strong>καὶ</strong></span> <span class='ocrx_word' id='word_1_120' title='bbox 1548 1656 1675 1716; x_wconf 84' lang='grc' dir='ltr'><strong>τοὺς</strong></span> <span class='ocrx_word' id='word_1_121' title='bbox 1718 1656 1775 1721; x_wconf 77' lang='grc' dir='ltr'>ἐξ</span> 
     </span>
    </p>
   </div>
   <div class='ocr_carea' id='block_1_17' title="bbox 200 1735 1773 1816">
    <p class='ocr_par' dir='ltr' id='par_1_17' title="bbox 200 1735 1773 1816">
     <span class='ocr_line' id='line_1_17' title="bbox 200 1735 1773 1816; baseline 0.008 -29"><span class='ocrx_word' id='word_1_122' title='bbox 200 1735 456 1807; x_wconf 72' lang='grc' dir='ltr'><strong>Ἀϐρααμ</strong></span> <span class='ocrx_word' id='word_1_123' title='bbox 486 1738 589 1801; x_wconf 77' lang='grc' dir='ltr'><strong>ἕως</strong></span> <span class='ocrx_word' id='word_1_124' title='bbox 628 1741 823 1810; x_wconf 79' lang='grc' dir='ltr'><strong>Ἰωσὴφ</strong></span> <span class='ocrx_word' id='word_1_125' title='bbox 854 1742 1134 1812; x_wconf 85' lang='grc' dir='ltr'><strong>στοιχηδὸν</strong></span> <span class='ocrx_word' id='word_1_126' title='bbox 1173 1744 1605 1815; x_wconf 76' lang='grc' dir='ltr'><strong>καταφέροντας,</strong></span> <span class='ocrx_word' id='word_1_127' title='bbox 1642 1746 1673 1816; x_wconf 78' lang='grc' dir='ltr'>ἢ</span> <span class='ocrx_word' id='word_1_128' title='bbox 1709 1743 1773 1800; x_wconf 76' lang='grc' dir='ltr'><strong>αὖ</strong></span> 
     </span>
    </p>
   </div>
   <div class='ocr_carea' id='block_1_18' title="bbox 188 1829 1771 1910">
    <p class='ocr_par' dir='ltr' id='par_1_18' title="bbox 188 1829 1771 1910">
     <span class='ocr_line' id='line_1_18' title="bbox 188 1829 1771 1910; baseline 0.009 -31"><span class='ocrx_word' id='word_1_129' title='bbox 188 1829 349 1881; x_wconf 73' lang='grc' dir='ltr'><strong>πάλιν</strong></span> <span class='ocrx_word' id='word_1_130' title='bbox 398 1831 825 1897; x_wconf 75' lang='grc' dir='ltr'><strong>ἁναῦιδάξοντας</strong></span> <span class='ocrx_word' id='word_1_131' title='bbox 849 1835 973 1897; x_wconf 78' lang='grc' dir='ltr'><strong>τοὺς</strong></span> <span class='ocrx_word' id='word_1_132' title='bbox 1018 1834 1078 1900; x_wconf 80' lang='grc' dir='ltr'><strong>ἐξ</strong></span> <span class='ocrx_word' id='word_1_133' title='bbox 1105 1835 1297 1907; x_wconf 66' lang='grc' dir='ltr'><strong>Ἰωσὴφ</strong></span> <span class='ocrx_word' id='word_1_134' title='bbox 1321 1840 1413 1891; x_wconf 80' lang='grc' dir='ltr'><strong>ἐπὶ</strong></span> <span class='ocrx_word' id='word_1_135' title='bbox 1439 1838 1529 1891; x_wconf 83' lang='grc' dir='ltr'><strong>τὸν</strong></span> <span class='ocrx_word' id='word_1_136' title='bbox 1569 1839 1738 1910; x_wconf 83' lang='grc' dir='ltr'><strong>Ἀδάμ</strong></span> <span class='ocrx_word' id='word_1_137' title='bbox 1758 1858 1771 1874; x_wconf 79' lang='grc' dir='ltr'><strong><em>ο</em></strong></span> 
     </span>
    </p>
   </div>
   <div class='ocr_carea' id='block_1_19' title="bbox 188 1920 1772 1999">
    <p class='ocr_par' dir='ltr' id='par_1_19' title="bbox 188 1920 1772 1999">
     <span class='ocr_line' id='line_1_19' title="bbox 188 1920 1772 1999; baseline 0.009 -28"><span class='ocrx_word' id='word_1_138' title='bbox 188 1920 275 1972; x_wconf 73' lang='grc' dir='ltr'><strong>τὸν</strong></span> <span class='ocrx_word' id='word_1_139' title='bbox 304 1920 363 1972; x_wconf 84' lang='grc' dir='ltr'><strong>δέ</strong></span> <span class='ocrx_word' id='word_1_140' title='bbox 391 1937 456 1988; x_wconf 89' lang='grc' dir='ltr'><strong>γε</strong></span> <span class='ocrx_word' id='word_1_141' title='bbox 491 1924 761 1994; x_wconf 85' lang='grc' dir='ltr'><strong>μακάριον</strong></span> <span class='ocrx_word' id='word_1_142' title='bbox 803 1924 1071 1995; x_wconf 84' lang='grc' dir='ltr'><strong>Ἰωάννην,</strong></span> <span class='ocrx_word' id='word_1_143' title='bbox 1086 1928 1182 1997; x_wconf 90' lang='grc' dir='ltr'><strong>τῆς</strong></span> <span class='ocrx_word' id='word_1_144' title='bbox 1220 1930 1319 1999; x_wconf 82' lang='grc' dir='ltr'><strong>μὲν</strong></span> <span class='ocrx_word' id='word_1_145' title='bbox 1348 1930 1440 1983; x_wconf 79' lang='grc' dir='ltr'><strong>ἐπὶ</strong></span> <span class='ocrx_word' id='word_1_146' title='bbox 1473 1931 1683 1995; x_wconf 86' lang='grc' dir='ltr'><strong>τούτοις</strong></span> <span class='ocrx_word' id='word_1_147' title='bbox 1713 1935 1772 1986; x_wconf 76' lang='grc' dir='ltr'><strong>οὐ</strong></span> 
     </span>
    </p>
   </div>
   <div class='ocr_carea' id='block_1_20' title="bbox 188 2011 1775 2090">
    <p class='ocr_par' dir='ltr' id='par_1_20' title="bbox 188 2011 1775 2090">
     <span class='ocr_line' id='line_1_20' title="bbox 188 2011 1775 2090; baseline 0.009 -28"><span class='ocrx_word' id='word_1_148' title='bbox 188 2011 304 2064; x_wconf 88' lang='grc' dir='ltr'><strong>λίαν</strong></span> <span class='ocrx_word' id='word_1_149' title='bbox 351 2015 755 2082; x_wconf 80' lang='grc' dir='ltr'><strong>πεφροντικότα</strong></span> <span class='ocrx_word' id='word_1_150' title='bbox 788 2017 1043 2086; x_wconf 76' lang='grc' dir='ltr'><strong>σπουδῆς,</strong></span> <span class='ocrx_word' id='word_1_151' title='bbox 1081 2017 1398 2090; x_wconf 85' lang='grc' dir='ltr'><strong>θερμοτάτῳ</strong></span> <span class='ocrx_word' id='word_1_152' title='bbox 1427 2021 1486 2074; x_wconf 84' lang='grc' dir='ltr'><strong>δέ</strong></span> <span class='ocrx_word' id='word_1_153' title='bbox 1537 2039 1643 2074; x_wconf 90' lang='grc' dir='ltr'><strong>τινι</strong></span> <span class='ocrx_word' id='word_1_154' title='bbox 1683 2024 1775 2077; x_wconf 74' lang='grc' dir='ltr'><strong>καὶ</strong></span> 
     </span>
    </p>
   </div>
   <div class='ocr_carea' id='block_1_21' title="bbox 188 2102 1774 2180">
    <p class='ocr_par' dir='ltr' id='par_1_21' title="bbox 188 2102 1774 2180">
     <span class='ocr_line' id='line_1_21' title="bbox 188 2102 1774 2180; baseline 0.006 -25"><span class='ocrx_word' id='word_1_155' title='bbox 188 2102 435 2174; x_wconf 79' lang='grc' dir='ltr'><strong>διαπύρῳ</strong></span> <span class='ocrx_word' id='word_1_156' title='bbox 496 2106 734 2168; x_wconf 76' lang='grc' dir='ltr'><strong>διανοίας</strong></span> <span class='ocrx_word' id='word_1_157' title='bbox 796 2108 1058 2178; x_wconf 79' lang='grc' dir='ltr'><strong>κινήματι</strong></span> <span class='ocrx_word' id='word_1_158' title='bbox 1084 2112 1446 2180; x_wconf 78' lang='grc' dir='ltr'><strong>κεχρημένον,</strong></span> <span class='ocrx_word' id='word_1_159' title='bbox 1491 2112 1566 2175; x_wconf 89' lang='grc' dir='ltr'><strong>ὼς</strong></span> <span class='ocrx_word' id='word_1_160' title='bbox 1594 2112 1774 2166; x_wconf 82' lang='grc' dir='ltr'><strong>αὐτῶν</strong></span> 
     </span>
    </p>
   </div>
   <div class='ocr_carea' id='block_1_22' title="bbox 190 2194 1771 2275">
    <p class='ocr_par' dir='ltr' id='par_1_22' title="bbox 190 2194 1771 2275">
     <span class='ocr_line' id='line_1_22' title="bbox 190 2194 1771 2275; baseline 0.008 -29"><span class='ocrx_word' id='word_1_161' title='bbox 190 2194 457 2249; x_wconf 76' lang='grc' dir='ltr'><strong>ἅπτεσθαι</strong></span> <span class='ocrx_word' id='word_1_162' title='bbox 487 2197 596 2250; x_wconf 85' lang='grc' dir='ltr'><strong>τῶν</strong></span> <span class='ocrx_word' id='word_1_163' title='bbox 627 2199 766 2270; x_wconf 80' lang='grc' dir='ltr'><strong>ὑπὲρ</strong></span> <span class='ocrx_word' id='word_1_164' title='bbox 788 2199 912 2253; x_wconf 87' lang='grc' dir='ltr'><strong>νοῦν</strong></span> <span class='ocrx_word' id='word_1_165' title='bbox 936 2201 1030 2254; x_wconf 82' lang='grc' dir='ltr'><strong>τὸν</strong></span> <span class='ocrx_word' id='word_1_166' title='bbox 1074 2202 1414 2273; x_wconf 76' lang='grc' dir='ltr'><strong>ἀνθρώπινον</strong></span> <span class='ocrx_word' id='word_1_167' title='bbox 1457 2204 1771 2275; x_wconf 79' lang='grc' dir='ltr'><strong>ἐπιχειρεῖν,</strong></span> 
     </span>
    </p>
   </div>
   <div class='ocr_carea' id='block_1_23' title="bbox 190 2288 1771 2366">
    <p class='ocr_par' dir='ltr' id='par_1_23' title="bbox 190 2288 1771 2366">
     <span class='ocr_line' id='line_1_23' title="bbox 190 2288 1771 2366; baseline 0.008 -27"><span class='ocrx_word' id='word_1_168' title='bbox 190 2289 281 2340; x_wconf 68' lang='grc' dir='ltr'><strong>καὶ</strong></span> <span class='ocrx_word' id='word_1_169' title='bbox 314 2288 415 2358; x_wconf 83' lang='grc' dir='ltr'><strong>τὴν</strong></span> <span class='ocrx_word' id='word_1_170' title='bbox 442 2289 679 2361; x_wconf 75' lang='grc' dir='ltr'><strong>ἄρῤητόν</strong></span> <span class='ocrx_word' id='word_1_171' title='bbox 725 2309 783 2344; x_wconf 86' lang='grc' dir='ltr'><strong>τε</strong></span> <span class='ocrx_word' id='word_1_172' title='bbox 854 2294 948 2346; x_wconf 74' lang='grc' dir='ltr'><strong>καὶ</strong></span> <span class='ocrx_word' id='word_1_173' title='bbox 980 2294 1259 2365; x_wconf 55' lang='grc' dir='ltr'><strong>ἄφραστον</strong></span> <span class='ocrx_word' id='word_1_174' title='bbox 1310 2295 1404 2349; x_wconf 85' lang='grc' dir='ltr'><strong>τοῦ</strong></span> <span class='ocrx_word' id='word_1_175' title='bbox 1438 2297 1571 2350; x_wconf 83' lang='grc' dir='ltr'><strong>Θεοῦ</strong></span> <span class='ocrx_word' id='word_1_176' title='bbox 1598 2298 1771 2366; x_wconf 84' lang='grc' dir='ltr'>Λόγου</span> 
     </span>
    </p>
   </div>
   <div class='ocr_carea' id='block_1_24' title="bbox 187 2378 1773 2458">
    <p class='ocr_par' dir='ltr' id='par_1_24' title="bbox 187 2378 1773 2458">
     <span class='ocr_line' id='line_1_24' title="bbox 187 2378 1773 2458; baseline 0.008 -28"><span class='ocrx_word' id='word_1_177' title='bbox 187 2378 442 2449; x_wconf 77' lang='grc' dir='ltr'><strong>γέννησιν</strong></span> <span class='ocrx_word' id='word_1_178' title='bbox 468 2380 783 2451; x_wconf 80' lang='grc' dir='ltr'><strong>ἐξηγεῖσθαι</strong></span> <span class='ocrx_word' id='word_1_179' title='bbox 806 2383 1029 2455; x_wconf 83' lang='grc' dir='ltr'><strong>τολμᾷν.</strong></span> <span class='ocrx_word' id='word_1_180' title='bbox 1059 2385 1213 2455; x_wconf 59' lang='lat' dir='ltr'><strong>&quot;nas.</strong></span> <span class='ocrx_word' id='word_1_181' title='bbox 1244 2387 1342 2455; x_wconf 81' lang='grc' dir='ltr'><strong>μὲν</strong></span> <span class='ocrx_word' id='word_1_182' title='bbox 1369 2388 1499 2458; x_wconf 85' lang='grc' dir='ltr'><strong>γὰρ,</strong></span> <span class='ocrx_word' id='word_1_183' title='bbox 1530 2390 1610 2442; x_wconf 78' lang='grc' dir='ltr'><strong>ὅτι</strong></span> <span class='ocrx_word' id='word_1_184' title='bbox 1649 2389 1773 2455; x_wconf 80' lang='grc' dir='ltr'><strong>δόξα</strong></span> 
     </span>
    </p>
   </div>
   <div class='ocr_carea' id='block_1_25' title="bbox 188 2472 1774 2552">
    <p class='ocr_par' dir='ltr' id='par_1_25' title="bbox 188 2472 1774 2552">
     <span class='ocr_line' id='line_1_25' title="bbox 188 2472 1774 2552; baseline 0.005 -28"><span class='ocrx_word' id='word_1_185' title='bbox 188 2472 396 2538; x_wconf 81' lang='grc' dir='ltr'>Κυρίου</span> <span class='ocrx_word' id='word_1_186' title='bbox 452 2473 684 2544; x_wconf 79' lang='grc' dir='ltr'><strong>κρύπτει</strong></span> <span class='ocrx_word' id='word_1_187' title='bbox 733 2476 925 2543; x_wconf 87' lang='grc' dir='ltr'><strong>Λόγον,</strong></span> <span class='ocrx_word' id='word_1_188' title='bbox 970 2477 1065 2530; x_wconf 78' lang='grc' dir='ltr'><strong>καὶ</strong></span> <span class='ocrx_word' id='word_1_189' title='bbox 1099 2478 1280 2548; x_wconf 86' lang='grc' dir='ltr'><strong>πάσης</strong></span> <span class='ocrx_word' id='word_1_190' title='bbox 1309 2479 1425 2530; x_wconf 72' lang='grc' dir='ltr'><strong>ἐστὶ</strong></span> <span class='ocrx_word' id='word_1_191' title='bbox 1467 2482 1650 2549; x_wconf 74' lang='grc' dir='ltr'><strong>μεῖζον</strong></span> <span class='ocrx_word' id='word_1_192' title='bbox 1676 2484 1774 2552; x_wconf 77' lang='grc' dir='ltr'><strong>τῆς</strong></span> 
     </span>
    </p>
   </div>
   <div class='ocr_carea' id='block_1_26' title="bbox 186 2564 1771 2641">
    <p class='ocr_par' dir='ltr' id='par_1_26' title="bbox 186 2564 1771 2641">
     <span class='ocr_line' id='line_1_26' title="bbox 186 2564 1771 2641; baseline 0.006 -27"><span class='ocrx_word' id='word_1_193' title='bbox 186 2565 243 2615; x_wconf 76' lang='grc' dir='ltr'><strong>ἐν</strong></span> <span class='ocrx_word' id='word_1_194' title='bbox 272 2566 407 2633; x_wconf 83' lang='grc' dir='ltr'><strong>ἡμῖν</strong></span> <span class='ocrx_word' id='word_1_195' title='bbox 446 2564 654 2629; x_wconf 80' lang='grc' dir='ltr'><strong>ἑννοίας</strong></span> <span class='ocrx_word' id='word_1_196' title='bbox 681 2583 740 2619; x_wconf 88' lang='grc' dir='ltr'><strong>τε</strong></span> <span class='ocrx_word' id='word_1_197' title='bbox 775 2568 870 2620; x_wconf 74' lang='grc' dir='ltr'><strong>καὶ</strong></span> <span class='ocrx_word' id='word_1_198' title='bbox 901 2568 1081 2637; x_wconf 81' lang='grc' dir='ltr'><strong>φωνῆς</strong></span> <span class='ocrx_word' id='word_1_199' title='bbox 1108 2568 1169 2621; x_wconf 86' lang='grc' dir='ltr'><strong>τὸ</strong></span> <span class='ocrx_word' id='word_1_200' title='bbox 1199 2568 1500 2639; x_wconf 83' lang='grc' dir='ltr'><strong>θεοπρεπὲς</strong></span> <span class='ocrx_word' id='word_1_201' title='bbox 1534 2571 1771 2641; x_wconf 80' lang='grc' dir='ltr'><strong>ἀξίωμα,</strong></span> 
     </span>
    </p>
   </div>
   <div class='ocr_carea' id='block_1_27' title="bbox 185 2654 1773 2734">
    <p class='ocr_par' dir='ltr' id='par_1_27' title="bbox 185 2654 1773 2734">
     <span class='ocr_line' id='line_1_27' title="bbox 185 2654 1773 2734; baseline 0.006 -28"><span class='ocrx_word' id='word_1_202' title='bbox 185 2654 580 2725; x_wconf 67' lang='grc' dir='ltr'><strong>δυσεκφὼνητά</strong></span> <span class='ocrx_word' id='word_1_203' title='bbox 609 2675 667 2710; x_wconf 89' lang='grc' dir='ltr'><strong>τε</strong></span> <span class='ocrx_word' id='word_1_204' title='bbox 714 2659 809 2712; x_wconf 76' lang='grc' dir='ltr'><strong>καὶ</strong></span> <span class='ocrx_word' id='word_1_205' title='bbox 843 2660 979 2731; x_wconf 84' lang='grc' dir='ltr'><strong>πρὸς</strong></span> <span class='ocrx_word' id='word_1_206' title='bbox 1009 2660 1067 2712; x_wconf 78' lang='grc' dir='ltr'><strong>τὸ</strong></span> <span class='ocrx_word' id='word_1_207' title='bbox 1101 2660 1496 2731; x_wconf 77' lang='grc' dir='ltr'><strong>ἐκτρανοῦσθαι</strong></span> <span class='ocrx_word' id='word_1_208' title='bbox 1528 2663 1773 2734; x_wconf 64' lang='grc' dir='ltr'><strong>χαλεπῶν</strong></span> 
     </span>
    </p>
   </div>
   <div class='ocr_carea' id='block_1_28' title="bbox 186 2749 1772 2825">
    <p class='ocr_par' dir='ltr' id='par_1_28' title="bbox 186 2749 1772 2825">
     <span class='ocr_line' id='line_1_28' title="bbox 186 2749 1772 2825; baseline 0.005 -27"><span class='ocrx_word' id='word_1_209' title='bbox 186 2764 322 2800; x_wconf 77' lang='grc' dir='ltr'><strong>τατα</strong></span> <span class='ocrx_word' id='word_1_210' title='bbox 345 2749 416 2801; x_wconf 78' lang='grc' dir='ltr'><strong>τὰ</strong></span> <span class='ocrx_word' id='word_1_211' title='bbox 442 2751 540 2819; x_wconf 88' lang='grc' dir='ltr'><strong>τῆς</strong></span> <span class='ocrx_word' id='word_1_212' title='bbox 564 2750 779 2819; x_wconf 83' lang='grc' dir='ltr'><strong>φύσεως</strong></span> <span class='ocrx_word' id='word_1_213' title='bbox 833 2752 960 2805; x_wconf 84' lang='grc' dir='ltr'><strong>ίδια.</strong></span> <span class='ocrx_word' id='word_1_214' title='bbox 1006 2754 1220 2825; x_wconf 81' lang='grc' dir='ltr'><strong>Ἐπειδὴ</strong></span> <span class='ocrx_word' id='word_1_215' title='bbox 1272 2754 1329 2807; x_wconf 77' lang='grc' dir='ltr'><strong>δὲ</strong></span> <span class='ocrx_word' id='word_1_216' title='bbox 1368 2751 1435 2824; x_wconf 72' lang='grc' dir='ltr'><strong>ἦν</strong></span> <span class='ocrx_word' id='word_1_217' title='bbox 1480 2757 1772 2825; x_wconf 83' lang='grc' dir='ltr'><strong>ἀναγκαῖον</strong></span> 
     </span>
    </p>
   </div>
   <div class='ocr_carea' id='block_1_29' title="bbox 184 2840 1772 2915">
    <p class='ocr_par' dir='ltr' id='par_1_29' title="bbox 184 2840 1772 2915">
     <span class='ocr_line' id='line_1_29' title="bbox 184 2840 1772 2915; baseline 0.006 -25"><span class='ocrx_word' id='word_1_218' title='bbox 184 2840 387 2910; x_wconf 47' lang='lat' dir='ltr'><strong>reﬂuo-1</strong></span> <span class='ocrx_word' id='word_1_219' title='bbox 425 2841 549 2893; x_wconf 68' lang='lat' dir='ltr'><strong>nvi:</strong></span> <span class='ocrx_word' id='word_1_220' title='bbox 580 2841 825 2912; x_wconf 83' lang='grc' dir='ltr'><strong>σπιθαμῇ</strong></span> <span class='ocrx_word' id='word_1_221' title='bbox 860 2844 1129 2914; x_wconf 83' lang='grc' dir='ltr'><strong>μετρῆσαι</strong></span> <span class='ocrx_word' id='word_1_222' title='bbox 1160 2844 1251 2896; x_wconf 85' lang='grc' dir='ltr'><strong>τὸν</strong></span> <span class='ocrx_word' id='word_1_223' title='bbox 1273 2846 1517 2915; x_wconf 75' lang='grc' dir='ltr'><strong>οὐρανὸν,</strong></span> <span class='ocrx_word' id='word_1_224' title='bbox 1552 2846 1772 2909; x_wconf 74' lang='grc' dir='ltr'><strong>καὶτοῖς</strong></span> 
     </span>
    </p>
   </div>
   <div class='ocr_carea' id='block_1_30' title="bbox 185 2930 1774 3009">
    <p class='ocr_par' dir='ltr' id='par_1_30' title="bbox 185 2930 1774 3009">
     <span class='ocr_line' id='line_1_30' title="bbox 185 2930 1774 3009; baseline 0.006 -28"><span class='ocrx_word' id='word_1_225' title='bbox 185 2930 392 2997; x_wconf 76' lang='grc' dir='ltr'><strong>ὀλίγοις</strong></span> <span class='ocrx_word' id='word_1_226' title='bbox 420 2932 519 3000; x_wconf 89' lang='grc' dir='ltr'><strong>τῆς</strong></span> <span class='ocrx_word' id='word_1_227' title='bbox 545 2930 965 3003; x_wconf 87' lang='grc' dir='ltr'><strong>άνθρωπότητος</strong></span> <span class='ocrx_word' id='word_1_228' title='bbox 1002 2934 1218 3004; x_wconf 86' lang='grc' dir='ltr'><strong>μέτροις</strong></span> <span class='ocrx_word' id='word_1_229' title='bbox 1265 2936 1550 3007; x_wconf 73' lang='grc' dir='ltr'><strong>ἐπιτρέψαι</strong></span> <span class='ocrx_word' id='word_1_230' title='bbox 1578 2942 1774 3009; x_wconf 87' lang='grc' dir='ltr'><strong>χωρεῖν</strong></span> 
     </span>
    </p>
   </div>
   <div class='ocr_carea' id='block_1_31' title="bbox 187 3022 1774 3101">
    <p class='ocr_par' dir='ltr' id='par_1_31' title="bbox 187 3022 1774 3101">
     <span class='ocr_line' id='line_1_31' title="bbox 187 3022 1774 3101; baseline 0.007 -28"><span class='ocrx_word' id='word_1_231' title='bbox 187 3024 277 3075; x_wconf 75' lang='grc' dir='ltr'><strong>ἐπὶ</strong></span> <span class='ocrx_word' id='word_1_232' title='bbox 323 3022 394 3077; x_wconf 73' lang='grc' dir='ltr'><strong>τὰ</strong></span> <span class='ocrx_word' id='word_1_233' title='bbox 424 3025 558 3076; x_wconf 72' lang='grc' dir='ltr'><strong>πᾶσι</strong></span> <span class='ocrx_word' id='word_1_234' title='bbox 589 3024 885 3092; x_wconf 83' lang='grc' dir='ltr'><strong>δυσέφικτα</strong></span> <span class='ocrx_word' id='word_1_235' title='bbox 926 3028 1021 3079; x_wconf 77' lang='grc' dir='ltr'><strong>καὶ</strong></span> <span class='ocrx_word' id='word_1_236' title='bbox 1046 3026 1397 3098; x_wconf 84' lang='grc' dir='ltr'><strong>δυσδιήγητα,</strong></span> <span class='ocrx_word' id='word_1_237' title='bbox 1427 3030 1514 3082; x_wconf 81' lang='grc' dir='ltr'><strong>ἵνα</strong></span> <span class='ocrx_word' id='word_1_238' title='bbox 1552 3032 1627 3101; x_wconf 85' lang='grc' dir='ltr'><strong>μὴ</strong></span> <span class='ocrx_word' id='word_1_239' title='bbox 1664 3035 1774 3095; x_wconf 89' lang='grc' dir='ltr'><strong>τοῖς</strong></span> 
     </span>
    </p>
   </div>
   <div class='ocr_carea' id='block_1_32' title="bbox 188 3117 1773 3191">
    <p class='ocr_par' dir='ltr' id='par_1_32' title="bbox 188 3117 1773 3191">
     <span class='ocr_line' id='line_1_32' title="bbox 188 3117 1773 3191; baseline 0.005 -22"><span class='ocrx_word' id='word_1_240' title='bbox 188 3117 761 3187; x_wconf 78' lang='grc' dir='ltr'><strong>ἑτεροδιδασκαλοῦσιν</strong></span> <span class='ocrx_word' id='word_1_241' title='bbox 790 3120 818 3171; x_wconf 80' lang='lat'><strong>6</strong></span> <span class='ocrx_word' id='word_1_242' title='bbox 851 3118 989 3171; x_wconf 74' lang='grc' dir='ltr'><strong>κατὰ</strong></span> <span class='ocrx_word' id='word_1_243' title='bbox 1014 3118 1121 3172; x_wconf 85' lang='grc' dir='ltr'><strong>τῶν</strong></span> <span class='ocrx_word' id='word_1_244' title='bbox 1150 3120 1534 3191; x_wconf 80' lang='grc' dir='ltr'><strong>ἁπλουστέρων</strong></span> <span class='ocrx_word' id='word_1_245' title='bbox 1566 3124 1773 3177; x_wconf 73' lang='grc' dir='ltr'><strong>ἐκπλα-</strong></span> 
     </span>
    </p>
   </div>
   <div class='ocr_carea' id='block_1_33' title="bbox 1880 637 3455 710">
    <p class='ocr_par' dir='ltr' id='par_1_33' title="bbox 1880 637 3455 710">
     <span class='ocr_line' id='line_1_33' title="bbox 1880 637 3455 710; baseline 0.004 -23"><span class='ocrx_word' id='word_1_246' title='bbox 1880 637 1944 688; x_wconf 88' lang='lat' dir='ltr'><strong>ad</strong></span> <span class='ocrx_word' id='word_1_247' title='bbox 2004 653 2172 691; x_wconf 90' lang='lat' dir='ltr'><strong>unum</strong></span> <span class='ocrx_word' id='word_1_248' title='bbox 2214 640 2367 691; x_wconf 72' lang='lat' dir='ltr'><strong>velut</strong></span> <span class='ocrx_word' id='word_1_249' title='bbox 2424 656 2449 691; x_wconf 83' lang='lat' dir='ltr'><strong>a</strong></span> <span class='ocrx_word' id='word_1_250' title='bbox 2517 642 2836 696; x_wconf 77' lang='lat' dir='ltr'><strong>carceribus</strong></span> <span class='ocrx_word' id='word_1_251' title='bbox 2896 640 3149 695; x_wconf 76' lang='lat' dir='ltr'><strong>feruntur</strong></span> <span class='ocrx_word' id='word_1_252' title='bbox 3207 656 3455 710; x_wconf 89' lang='lat' dir='ltr'><strong>scopum.</strong></span> 
     </span>
    </p>
   </div>
   <div class='ocr_carea' id='block_1_34' title="bbox 1879 722 3455 798">
    <p class='ocr_par' dir='ltr' id='par_1_34' title="bbox 1879 722 3455 798">
     <span class='ocr_line' id='line_1_34' title="bbox 1879 722 3455 798; baseline 0.004 -22"><span class='ocrx_word' id='word_1_253' title='bbox 1879 722 2140 781; x_wconf 78' lang='lat' dir='ltr'><strong>Diversus</strong></span> <span class='ocrx_word' id='word_1_254' title='bbox 2186 736 2367 780; x_wconf 75' lang='lat' dir='ltr'><strong>auten;</strong></span> <span class='ocrx_word' id='word_1_255' title='bbox 2426 744 2475 779; x_wconf 82' lang='grc' dir='ltr'><strong>ιιι</strong></span> <span class='ocrx_word' id='word_1_256' title='bbox 2514 730 2591 782; x_wconf 83' lang='lat' dir='ltr'><strong>eis</strong></span> <span class='ocrx_word' id='word_1_257' title='bbox 2639 728 3050 798; x_wconf 87' lang='lat' dir='ltr'><strong>quodammodo</strong></span> <span class='ocrx_word' id='word_1_258' title='bbox 3083 729 3307 785; x_wconf 88' lang='lat' dir='ltr'><strong>habitus</strong></span> <span class='ocrx_word' id='word_1_259' title='bbox 3334 745 3455 784; x_wconf 86' lang='lat' dir='ltr'><strong>ora-</strong></span> 
     </span>
    </p>
   </div>
   <div class='ocr_carea' id='block_1_35' title="bbox 1877 814 3463 881">
    <p class='ocr_par' dir='ltr' id='par_1_35' title="bbox 1877 814 3463 881">
     <span class='ocr_line' id='line_1_35' title="bbox 1877 814 3463 881; baseline 0.004 -14"><span class='ocrx_word' id='word_1_260' title='bbox 1877 814 2043 867; x_wconf 91' lang='lat' dir='ltr'><strong>tionis</strong></span> <span class='ocrx_word' id='word_1_261' title='bbox 2084 817 2315 881; x_wconf 77' lang='lat' dir='ltr'><strong>texitur,</strong></span> <span class='ocrx_word' id='word_1_262' title='bbox 2350 834 2402 869; x_wconf 65' lang='lat' dir='ltr'><strong>cf.</strong></span> <span class='ocrx_word' id='word_1_263' title='bbox 2444 820 2576 871; x_wconf 68' lang='lat' dir='ltr'><strong>miizt</strong></span> <span class='ocrx_word' id='word_1_264' title='bbox 2617 817 2822 871; x_wconf 83' lang='lat' dir='ltr'><strong>similia</strong></span> <span class='ocrx_word' id='word_1_265' title='bbox 2854 817 3113 872; x_wconf 84' lang='lat' dir='ltr'><strong>videnlur</strong></span> <span class='ocrx_word' id='word_1_266' title='bbox 3153 834 3277 874; x_wconf 91' lang='lat' dir='ltr'><strong>esse</strong></span> <span class='ocrx_word' id='word_1_267' title='bbox 3323 834 3463 874; x_wconf 91' lang='lat' dir='ltr'><strong>non-</strong></span> 
     </span>
    </p>
   </div>
   <div class='ocr_carea' id='block_1_36' title="bbox 1878 908 3463 979">
    <p class='ocr_par' dir='ltr' id='par_1_36' title="bbox 1878 908 3463 979">
     <span class='ocr_line' id='line_1_36' title="bbox 1878 908 3463 979; baseline 0.004 -19"><span class='ocrx_word' id='word_1_268' title='bbox 1878 908 2063 973; x_wconf 84' lang='lat' dir='ltr'><strong>nullis,</strong></span> <span class='ocrx_word' id='word_1_269' title='bbox 2091 910 2184 977; x_wconf 78' lang='lat' dir='ltr'><strong>qui</strong></span> <span class='ocrx_word' id='word_1_270' title='bbox 2218 909 2359 978; x_wconf 68' lang='lat' dir='ltr'><strong>jussr</strong></span> <span class='ocrx_word' id='word_1_271' title='bbox 2392 910 2613 979; x_wconf 87' lang='lat' dir='ltr'><strong>quidem</strong></span> <span class='ocrx_word' id='word_1_272' title='bbox 2646 918 2774 967; x_wconf 90' lang='lat' dir='ltr'><strong>sunt</strong></span> <span class='ocrx_word' id='word_1_273' title='bbox 2809 912 2863 965; x_wconf 90' lang='lat' dir='ltr'><strong>in</strong></span> <span class='ocrx_word' id='word_1_274' title='bbox 2897 927 3064 966; x_wconf 89' lang='lat' dir='ltr'><strong>uuam</strong></span> <span class='ocrx_word' id='word_1_275' title='bbox 3108 913 3301 967; x_wconf 82' lang='lat' dir='ltr'><strong>urbem</strong></span> <span class='ocrx_word' id='word_1_276' title='bbox 3330 926 3463 967; x_wconf 88' lang='lat' dir='ltr'><strong>con-</strong></span> 
     </span>
    </p>
   </div>
   <div class='ocr_carea' id='block_1_37' title="bbox 1879 1000 3462 1076">
    <p class='ocr_par' dir='ltr' id='par_1_37' title="bbox 1879 1000 3462 1076">
     <span class='ocr_line' id='line_1_37' title="bbox 1879 1000 3462 1076; baseline 0.003 -24"><span class='ocrx_word' id='word_1_277' title='bbox 1879 1000 2089 1066; x_wconf 83' lang='lat' dir='ltr'><strong>venire,</strong></span> <span class='ocrx_word' id='word_1_278' title='bbox 2142 1001 2252 1059; x_wconf 68' lang='lat' dir='ltr'><strong>sed.</strong></span> <span class='ocrx_word' id='word_1_279' title='bbox 2293 1018 2389 1070; x_wconf 90' lang='lat' dir='ltr'><strong>per</strong></span> <span class='ocrx_word' id='word_1_280' title='bbox 2442 1018 2609 1057; x_wconf 87' lang='lat' dir='ltr'><strong>unam</strong></span> <span class='ocrx_word' id='word_1_281' title='bbox 2668 1003 3026 1076; x_wconf 90' lang='lat' dir='ltr'><strong>eamdemque</strong></span> <span class='ocrx_word' id='word_1_282' title='bbox 3082 1004 3285 1074; x_wconf 77' lang='lat' dir='ltr'><strong>regiam</strong></span> <span class='ocrx_word' id='word_1_283' title='bbox 3318 1003 3462 1057; x_wconf 81' lang='lat' dir='ltr'><strong>viam</strong></span> 
     </span>
    </p>
   </div>
   <div class='ocr_carea' id='block_1_38' title="bbox 1877 1093 3462 1166">
    <p class='ocr_par' dir='ltr' id='par_1_38' title="bbox 1877 1093 3462 1166">
     <span class='ocr_line' id='line_1_38' title="bbox 1877 1093 3462 1166; baseline 0.002 -20"><span class='ocrx_word' id='word_1_284' title='bbox 1877 1108 1985 1148; x_wconf 90' lang='lat' dir='ltr'><strong>non</strong></span> <span class='ocrx_word' id='word_1_285' title='bbox 2022 1094 2213 1162; x_wconf 86' lang='lat' dir='ltr'><strong>utique</strong></span> <span class='ocrx_word' id='word_1_286' title='bbox 2246 1095 2419 1147; x_wconf 76' lang='lat' dir='ltr'><strong>visum</strong></span> <span class='ocrx_word' id='word_1_287' title='bbox 2451 1106 2532 1149; x_wconf 90' lang='lat' dir='ltr'><strong>est</strong></span> <span class='ocrx_word' id='word_1_288' title='bbox 2569 1094 2896 1166; x_wconf 88' lang='lat' dir='ltr'><strong>procedere.</strong></span> <span class='ocrx_word' id='word_1_289' title='bbox 2925 1096 3076 1151; x_wconf 88' lang='lat' dir='ltr'><strong>Alios</strong></span> <span class='ocrx_word' id='word_1_290' title='bbox 3104 1095 3248 1150; x_wconf 87' lang='lat' dir='ltr'><strong>enim</strong></span> <span class='ocrx_word' id='word_1_291' title='bbox 3277 1093 3462 1149; x_wconf 88' lang='lat' dir='ltr'><strong>videre</strong></span> 
     </span>
    </p>
   </div>
   <div class='ocr_carea' id='block_1_39' title="bbox 1876 1184 3465 1258">
    <p class='ocr_par' dir='ltr' id='par_1_39' title="bbox 1876 1184 3465 1258">
     <span class='ocr_line' id='line_1_39' title="bbox 1876 1184 3465 1258; baseline 0.003 -20"><span class='ocrx_word' id='word_1_292' title='bbox 1876 1194 1960 1240; x_wconf 84' lang='lat' dir='ltr'><strong>est</strong></span> <span class='ocrx_word' id='word_1_293' title='bbox 1988 1184 2361 1256; x_wconf 83' lang='lat' dir='ltr'><strong>evangelistas</strong></span> <span class='ocrx_word' id='word_1_294' title='bbox 2394 1196 2657 1242; x_wconf 77' lang='lat' dir='ltr'><strong>accurate</strong></span> <span class='ocrx_word' id='word_1_295' title='bbox 2698 1185 2995 1243; x_wconf 89' lang='lat' dir='ltr'><strong>admodum</strong></span> <span class='ocrx_word' id='word_1_296' title='bbox 3033 1187 3345 1244; x_wconf 89' lang='lat' dir='ltr'><strong>Servatoris</strong></span> <span class='ocrx_word' id='word_1_297' title='bbox 3370 1202 3465 1258; x_wconf 80' lang='lat' dir='ltr'><strong>ge-</strong></span> 
     </span>
    </p>
   </div>
   <div class='ocr_carea' id='block_1_40' title="bbox 1878 1278 3467 1357">
    <p class='ocr_par' dir='ltr' id='par_1_40' title="bbox 1878 1278 3467 1357">
     <span class='ocr_line' id='line_1_40' title="bbox 1878 1278 3467 1357; baseline 0.002 -26"><span class='ocrx_word' id='word_1_298' title='bbox 1878 1278 2186 1347; x_wconf 79' lang='lat' dir='ltr'><strong>nealogiam</strong></span> <span class='ocrx_word' id='word_1_299' title='bbox 2255 1279 2565 1333; x_wconf 86' lang='lat' dir='ltr'><strong>secundum</strong></span> <span class='ocrx_word' id='word_1_300' title='bbox 2637 1293 2862 1357; x_wconf 86' lang='lat' dir='ltr'><strong>carnem</strong></span> <span class='ocrx_word' id='word_1_301' title='bbox 2933 1280 3236 1351; x_wconf 74' lang='lat' dir='ltr'><strong>explicare,</strong></span> <span class='ocrx_word' id='word_1_302' title='bbox 3290 1286 3350 1333; x_wconf 90' lang='lat' dir='ltr'><strong>et</strong></span> <span class='ocrx_word' id='word_1_303' title='bbox 3394 1278 3467 1334; x_wconf 88' lang='lat' dir='ltr'><strong>ab</strong></span> 
     </span>
    </p>
   </div>
   <div class='ocr_carea' id='block_1_41' title="bbox 1878 1370 3463 1444">
    <p class='ocr_par' dir='ltr' id='par_1_41' title="bbox 1878 1370 3463 1444">
     <span class='ocr_line' id='line_1_41' title="bbox 1878 1370 3463 1444; baseline 0.003 -22"><span class='ocrx_word' id='word_1_304' title='bbox 1878 1371 2188 1425; x_wconf 87' lang='lat' dir='ltr'><strong>Abrahamo</strong></span> <span class='ocrx_word' id='word_1_305' title='bbox 2213 1371 2279 1426; x_wconf 88' lang='lat' dir='ltr'><strong>ad</strong></span> <span class='ocrx_word' id='word_1_306' title='bbox 2301 1370 2506 1444; x_wconf 83' lang='lat' dir='ltr'><strong>Joseph</strong></span> <span class='ocrx_word' id='word_1_307' title='bbox 2544 1389 2720 1443; x_wconf 90' lang='lat' dir='ltr'><strong>usque</strong></span> <span class='ocrx_word' id='word_1_308' title='bbox 2747 1373 2897 1428; x_wconf 90' lang='lat' dir='ltr'><strong>illius</strong></span> <span class='ocrx_word' id='word_1_309' title='bbox 2937 1372 3136 1428; x_wconf 86' lang='lat' dir='ltr'><strong>seriem</strong></span> <span class='ocrx_word' id='word_1_310' title='bbox 3167 1371 3463 1436; x_wconf 87' lang='lat' dir='ltr'><strong>deducere,</strong></span> 
     </span>
    </p>
   </div>
   <div class='ocr_carea' id='block_1_42' title="bbox 1878 1462 3466 1536">
    <p class='ocr_par' dir='ltr' id='par_1_42' title="bbox 1878 1462 3466 1536">
     <span class='ocr_line' id='line_1_42' title="bbox 1878 1462 3466 1536; baseline 0 -20"><span class='ocrx_word' id='word_1_311' title='bbox 1878 1471 1975 1517; x_wconf 87' lang='lat' dir='ltr'><strong>aut</strong></span> <span class='ocrx_word' id='word_1_312' title='bbox 2013 1462 2157 1518; x_wconf 83' lang='lat' dir='ltr'><strong>facto</strong></span> <span class='ocrx_word' id='word_1_313' title='bbox 2186 1480 2380 1521; x_wconf 86' lang='lat' dir='ltr'><strong>rursus</strong></span> <span class='ocrx_word' id='word_1_314' title='bbox 2411 1480 2646 1521; x_wconf 86' lang='lat' dir='ltr'><strong>ascensu</strong></span> <span class='ocrx_word' id='word_1_315' title='bbox 2676 1481 2706 1519; x_wconf 88' lang='lat' dir='ltr'><strong>a</strong></span> <span class='ocrx_word' id='word_1_316' title='bbox 2733 1464 2937 1536; x_wconf 71' lang='lat' dir='ltr'><strong>Ioseph</strong></span> <span class='ocrx_word' id='word_1_317' title='bbox 2963 1479 3141 1534; x_wconf 89' lang='lat' dir='ltr'><strong>usque</strong></span> <span class='ocrx_word' id='word_1_318' title='bbox 3169 1463 3235 1517; x_wconf 82' lang='lat' dir='ltr'><strong>ad</strong></span> <span class='ocrx_word' id='word_1_319' title='bbox 3256 1463 3466 1530; x_wconf 83' lang='lat' dir='ltr'><strong>Adam;</strong></span> 
     </span>
    </p>
   </div>
   <div class='ocr_carea' id='block_1_43' title="bbox 1877 1556 3469 1614">
    <p class='ocr_par' dir='ltr' id='par_1_43' title="bbox 1877 1556 3469 1614">
     <span class='ocr_line' id='line_1_43' title="bbox 1877 1556 3469 1614; baseline -0.003 -2"><span class='ocrx_word' id='word_1_320' title='bbox 1877 1557 2100 1612; x_wconf 89' lang='lat' dir='ltr'><strong>beatum</strong></span> <span class='ocrx_word' id='word_1_321' title='bbox 2153 1572 2284 1613; x_wconf 88' lang='lat' dir='ltr'><strong>vero</strong></span> <span class='ocrx_word' id='word_1_322' title='bbox 2326 1556 2596 1613; x_wconf 83' lang='lat' dir='ltr'><strong>Joannem</strong></span> <span class='ocrx_word' id='word_1_323' title='bbox 2652 1558 2846 1614; x_wconf 68' lang='lat' dir='ltr'><strong>isthaec</strong></span> <span class='ocrx_word' id='word_1_324' title='bbox 2896 1556 3041 1611; x_wconf 89' lang='lat' dir='ltr'><strong>haud</strong></span> <span class='ocrx_word' id='word_1_325' title='bbox 3084 1556 3316 1611; x_wconf 91' lang='lat' dir='ltr'><strong>multum</strong></span> <span class='ocrx_word' id='word_1_326' title='bbox 3365 1570 3469 1609; x_wconf 86' lang='lat' dir='ltr'><strong>cu-</strong></span> 
     </span>
    </p>
   </div>
   <div class='ocr_carea' id='block_1_44' title="bbox 1879 1647 3463 1721">
    <p class='ocr_par' dir='ltr' id='par_1_44' title="bbox 1879 1647 3463 1721">
     <span class='ocr_line' id='line_1_44' title="bbox 1879 1647 3463 1721; baseline -0.001 -18"><span class='ocrx_word' id='word_1_327' title='bbox 1879 1664 2059 1716; x_wconf 89' lang='lat' dir='ltr'><strong>rasse,</strong></span> <span class='ocrx_word' id='word_1_328' title='bbox 2104 1650 2199 1706; x_wconf 89' lang='lat' dir='ltr'><strong>sed</strong></span> <span class='ocrx_word' id='word_1_329' title='bbox 2243 1666 2511 1721; x_wconf 85' lang='lat' dir='ltr'><strong>perquam</strong></span> <span class='ocrx_word' id='word_1_330' title='bbox 2544 1649 2727 1706; x_wconf 88' lang='lat' dir='ltr'><strong>calido</strong></span> <span class='ocrx_word' id='word_1_331' title='bbox 2768 1660 2823 1706; x_wconf 92' lang='lat' dir='ltr'><strong>et</strong></span> <span class='ocrx_word' id='word_1_332' title='bbox 2853 1650 3069 1705; x_wconf 80' lang='lat' dir='ltr'><strong>fervido</strong></span> <span class='ocrx_word' id='word_1_333' title='bbox 3103 1647 3275 1703; x_wconf 90' lang='lat' dir='ltr'><strong>animi</strong></span> <span class='ocrx_word' id='word_1_334' title='bbox 3309 1656 3463 1703; x_wconf 89' lang='lat' dir='ltr'><strong>motu</strong></span> 
     </span>
    </p>
   </div>
   <div class='ocr_carea' id='block_1_45' title="bbox 1876 1740 3467 1812">
    <p class='ocr_par' dir='ltr' id='par_1_45' title="bbox 1876 1740 3467 1812">
     <span class='ocr_line' id='line_1_45' title="bbox 1876 1740 3467 1812; baseline 0 -17"><span class='ocrx_word' id='word_1_335' title='bbox 1876 1754 1942 1795; x_wconf 90' lang='lat' dir='ltr'><strong>ea</strong></span> <span class='ocrx_word' id='word_1_336' title='bbox 1987 1740 2177 1795; x_wconf 89' lang='lat' dir='ltr'><strong>statim</strong></span> <span class='ocrx_word' id='word_1_337' title='bbox 2214 1740 2487 1812; x_wconf 77' lang='lat' dir='ltr'><strong>attingere</strong></span> <span class='ocrx_word' id='word_1_338' title='bbox 2532 1755 2656 1811; x_wconf 68' lang='lat' dir='ltr'><strong>qua:</strong></span> <span class='ocrx_word' id='word_1_339' title='bbox 2694 1750 2934 1796; x_wconf 86' lang='lat' dir='ltr'><strong>mentem</strong></span> <span class='ocrx_word' id='word_1_340' title='bbox 2970 1741 3268 1795; x_wconf 83' lang='lat' dir='ltr'><strong>humanam</strong></span> <span class='ocrx_word' id='word_1_341' title='bbox 3300 1755 3467 1810; x_wconf 87' lang='lat' dir='ltr'><strong>supe-</strong></span> 
     </span>
    </p>
   </div>
   <div class='ocr_carea' id='block_1_46' title="bbox 1879 1828 3468 1906">
    <p class='ocr_par' dir='ltr' id='par_1_46' title="bbox 1879 1828 3468 1906">
     <span class='ocr_line' id='line_1_46' title="bbox 1879 1828 3468 1906; baseline 0 -21"><span class='ocrx_word' id='word_1_342' title='bbox 1879 1842 2024 1895; x_wconf 87' lang='lat' dir='ltr'><strong>rant,</strong></span> <span class='ocrx_word' id='word_1_343' title='bbox 2063 1842 2118 1889; x_wconf 90' lang='lat' dir='ltr'><strong>et</strong></span> <span class='ocrx_word' id='word_1_344' title='bbox 2164 1848 2425 1891; x_wconf 76' lang='lat' dir='ltr'><strong>arcanam</strong></span> <span class='ocrx_word' id='word_1_345' title='bbox 2456 1841 2627 1906; x_wconf 88' lang='lat' dir='ltr'><strong>atque</strong></span> <span class='ocrx_word' id='word_1_346' title='bbox 2670 1833 3003 1891; x_wconf 79' lang='lat' dir='ltr'><strong>ineﬂ‘abilem</strong></span> <span class='ocrx_word' id='word_1_347' title='bbox 3050 1832 3141 1888; x_wconf 88' lang='lat' dir='ltr'><strong>Dei</strong></span> <span class='ocrx_word' id='word_1_348' title='bbox 3170 1828 3337 1887; x_wconf 86' lang='lat' dir='ltr'><strong>Verbi</strong></span> <span class='ocrx_word' id='word_1_349' title='bbox 3365 1847 3468 1886; x_wconf 89' lang='lat' dir='ltr'><strong>na-</strong></span> 
     </span>
    </p>
   </div>
   <div class='ocr_carea' id='block_1_47' title="bbox 1880 1923 3467 1995">
    <p class='ocr_par' dir='ltr' id='par_1_47' title="bbox 1880 1923 3467 1995">
     <span class='ocr_line' id='line_1_47' title="bbox 1880 1923 3467 1995; baseline -0.001 -18"><span class='ocrx_word' id='word_1_350' title='bbox 1880 1925 2147 1980; x_wconf 88' lang='lat' dir='ltr'><strong>tivitatem</strong></span> <span class='ocrx_word' id='word_1_351' title='bbox 2184 1926 2445 1980; x_wconf 84' lang='lat' dir='ltr'><strong>audacter</strong></span> <span class='ocrx_word' id='word_1_352' title='bbox 2469 1940 2767 1995; x_wconf 81' lang='lat' dir='ltr'><strong>exponere.</strong></span> <span class='ocrx_word' id='word_1_353' title='bbox 2794 1923 3015 1981; x_wconf 85' lang='lat' dir='ltr'><strong>Sciebat</strong></span> <span class='ocrx_word' id='word_1_354' title='bbox 3049 1924 3196 1980; x_wconf 90' lang='lat' dir='ltr'><strong>enim</strong></span> <span class='ocrx_word' id='word_1_355' title='bbox 3234 1923 3467 1995; x_wconf 77' lang='lat' dir='ltr'><strong>gloriam</strong></span> 
     </span>
    </p>
   </div>
   <div class='ocr_carea' id='block_1_48' title="bbox 1877 2014 3467 2085">
    <p class='ocr_par' dir='ltr' id='par_1_48' title="bbox 1877 2014 3467 2085">
     <span class='ocr_line' id='line_1_48' title="bbox 1877 2014 3467 2085; baseline 0 -18"><span class='ocrx_word' id='word_1_356' title='bbox 1877 2014 2098 2069; x_wconf 88' lang='lat' dir='ltr'><strong>Domini</strong></span> <span class='ocrx_word' id='word_1_357' title='bbox 2164 2019 2349 2071; x_wconf 90' lang='lat' dir='ltr'><strong>celare</strong></span> <span class='ocrx_word' id='word_1_358' title='bbox 2399 2014 2659 2082; x_wconf 85' lang='lat' dir='ltr'><strong>Verbum,</strong></span> <span class='ocrx_word' id='word_1_359' title='bbox 2706 2024 2761 2071; x_wconf 92' lang='lat' dir='ltr'><strong>et</strong></span> <span class='ocrx_word' id='word_1_360' title='bbox 2816 2014 3085 2085; x_wconf 87' lang='lat' dir='ltr'><strong>majorem</strong></span> <span class='ocrx_word' id='word_1_361' title='bbox 3141 2030 3265 2071; x_wconf 91' lang='lat' dir='ltr'><strong>esse</strong></span> <span class='ocrx_word' id='word_1_362' title='bbox 3316 2014 3467 2069; x_wconf 88' lang='lat' dir='ltr'><strong>omni</strong></span> 
     </span>
    </p>
   </div>
   <div class='ocr_carea' id='block_1_49' title="bbox 1878 2103 3470 2172">
    <p class='ocr_par' dir='ltr' id='par_1_49' title="bbox 1878 2103 3470 2172">
     <span class='ocr_line' id='line_1_49' title="bbox 1878 2103 3470 2172; baseline -0.002 -13"><span class='ocrx_word' id='word_1_363' title='bbox 1878 2106 2115 2160; x_wconf 88' lang='lat' dir='ltr'><strong>humana</strong></span> <span class='ocrx_word' id='word_1_364' title='bbox 2150 2113 2335 2163; x_wconf 88' lang='lat' dir='ltr'><strong>mente</strong></span> <span class='ocrx_word' id='word_1_365' title='bbox 2370 2115 2425 2161; x_wconf 91' lang='lat' dir='ltr'><strong>et</strong></span> <span class='ocrx_word' id='word_1_366' title='bbox 2460 2107 2716 2161; x_wconf 88' lang='lat' dir='ltr'><strong>oratione</strong></span> <span class='ocrx_word' id='word_1_367' title='bbox 2750 2104 2973 2161; x_wconf 88' lang='lat' dir='ltr'><strong>deitatis</strong></span> <span class='ocrx_word' id='word_1_368' title='bbox 3003 2103 3374 2172; x_wconf 74' lang='lat' dir='ltr'><strong>maiestatem,</strong></span> <span class='ocrx_word' id='word_1_369' title='bbox 3411 2111 3470 2158; x_wconf 89' lang='lat' dir='ltr'><strong>et</strong></span> 
     </span>
    </p>
   </div>
   <div class='ocr_carea' id='block_1_50' title="bbox 1878 2196 3470 2268">
    <p class='ocr_par' dir='ltr' id='par_1_50' title="bbox 1878 2196 3470 2268">
     <span class='ocr_line' id='line_1_50' title="bbox 1878 2196 3470 2268; baseline 0.002 -20"><span class='ocrx_word' id='word_1_370' title='bbox 1878 2205 2092 2251; x_wconf 81' lang='lat' dir='ltr'><strong>naturae</strong></span> <span class='ocrx_word' id='word_1_371' title='bbox 2123 2196 2325 2251; x_wconf 65' lang='lat' dir='ltr'><strong>divina:</strong></span> <span class='ocrx_word' id='word_1_372' title='bbox 2355 2198 2731 2266; x_wconf 84' lang='lat' dir='ltr'><strong>proprietates</strong></span> <span class='ocrx_word' id='word_1_373' title='bbox 2774 2197 3056 2268; x_wconf 82' lang='lat' dir='ltr'><strong>explicatu</strong></span> <span class='ocrx_word' id='word_1_374' title='bbox 3090 2198 3312 2253; x_wconf 88' lang='lat' dir='ltr'><strong>dictuve</strong></span> <span class='ocrx_word' id='word_1_375' title='bbox 3348 2213 3470 2252; x_wconf 90' lang='lat' dir='ltr'><strong>esse</strong></span> 
     </span>
    </p>
   </div>
   <div class='ocr_carea' id='block_1_51' title="bbox 1876 2284 3473 2358">
    <p class='ocr_par' dir='ltr' id='par_1_51' title="bbox 1876 2284 3473 2358">
     <span class='ocr_line' id='line_1_51' title="bbox 1876 2284 3473 2358; baseline 0.001 -18"><span class='ocrx_word' id='word_1_376' title='bbox 1876 2284 2258 2342; x_wconf 80' lang='lat' dir='ltr'><strong>difficillimas.</strong></span> <span class='ocrx_word' id='word_1_377' title='bbox 2285 2286 2424 2341; x_wconf 88' lang='lat' dir='ltr'><strong>Cum</strong></span> <span class='ocrx_word' id='word_1_378' title='bbox 2460 2296 2643 2343; x_wconf 87' lang='lat' dir='ltr'><strong>autem</strong></span> <span class='ocrx_word' id='word_1_379' title='bbox 2673 2302 2908 2343; x_wconf 90' lang='lat' dir='ltr'><strong>necesse</strong></span> <span class='ocrx_word' id='word_1_380' title='bbox 2934 2297 3084 2344; x_wconf 86' lang='lat' dir='ltr'><strong>esset</strong></span> <span class='ocrx_word' id='word_1_381' title='bbox 3116 2288 3300 2358; x_wconf 88' lang='lat' dir='ltr'><strong>palmo</strong></span> <span class='ocrx_word' id='word_1_382' title='bbox 3327 2301 3473 2357; x_wconf 87' lang='lat' dir='ltr'><strong>quc-</strong></span> 
     </span>
    </p>
   </div>
   <div class='ocr_carea' id='block_1_52' title="bbox 1875 2378 3468 2444">
    <p class='ocr_par' dir='ltr' id='par_1_52' title="bbox 1875 2378 3468 2444">
     <span class='ocr_line' id='line_1_52' title="bbox 1875 2378 3468 2444; baseline 0.001 -12"><span class='ocrx_word' id='word_1_383' title='bbox 1875 2378 2171 2435; x_wconf 84' lang='lat' dir='ltr'><strong>dammodo</strong></span> <span class='ocrx_word' id='word_1_384' title='bbox 2200 2381 2382 2436; x_wconf 89' lang='lat' dir='ltr'><strong>metiri</strong></span> <span class='ocrx_word' id='word_1_385' title='bbox 2417 2381 2646 2444; x_wconf 77' lang='lat' dir='ltr'><strong>cmlum,</strong></span> <span class='ocrx_word' id='word_1_386' title='bbox 2692 2390 2747 2437; x_wconf 92' lang='lat' dir='ltr'><strong>et</strong></span> <span class='ocrx_word' id='word_1_387' title='bbox 2784 2380 3043 2437; x_wconf 74' lang='lat' dir='ltr'><strong>humana:</strong></span> <span class='ocrx_word' id='word_1_388' title='bbox 3069 2382 3275 2436; x_wconf 89' lang='lat' dir='ltr'><strong>mentis</strong></span> <span class='ocrx_word' id='word_1_389' title='bbox 3309 2378 3468 2434; x_wconf 77' lang='lat' dir='ltr'><strong>inﬁr-</strong></span> 
     </span>
    </p>
   </div>
   <div class='ocr_carea' id='block_1_53' title="bbox 1877 2468 3471 2541">
    <p class='ocr_par' dir='ltr' id='par_1_53' title="bbox 1877 2468 3471 2541">
     <span class='ocr_line' id='line_1_53' title="bbox 1877 2468 3471 2541; baseline 0 -20"><span class='ocrx_word' id='word_1_390' title='bbox 1877 2470 2049 2524; x_wconf 81' lang='lat' dir='ltr'><strong>mitati</strong></span> <span class='ocrx_word' id='word_1_391' title='bbox 2074 2472 2281 2525; x_wconf 84' lang='lat' dir='ltr'><strong>aditum</strong></span> <span class='ocrx_word' id='word_1_392' title='bbox 2311 2470 2377 2525; x_wconf 86' lang='lat' dir='ltr'><strong>ad</strong></span> <span class='ocrx_word' id='word_1_393' title='bbox 2408 2487 2500 2527; x_wconf 90' lang='lat' dir='ltr'><strong>res</strong></span> <span class='ocrx_word' id='word_1_394' title='bbox 2530 2481 2695 2540; x_wconf 87' lang='lat' dir='ltr'><strong>captu</strong></span> <span class='ocrx_word' id='word_1_395' title='bbox 2725 2478 2779 2527; x_wconf 91' lang='lat' dir='ltr'><strong>et</strong></span> <span class='ocrx_word' id='word_1_396' title='bbox 2806 2472 3084 2541; x_wconf 80' lang='lat' dir='ltr'><strong>explicatu</strong></span> <span class='ocrx_word' id='word_1_397' title='bbox 3108 2468 3471 2525; x_wconf 76' lang='lat' dir='ltr'><strong>difficillimas</strong></span> 
     </span>
    </p>
   </div>
   <div class='ocr_carea' id='block_1_54' title="bbox 1875 2559 3471 2633">
    <p class='ocr_par' dir='ltr' id='par_1_54' title="bbox 1875 2559 3471 2633">
     <span class='ocr_line' id='line_1_54' title="bbox 1875 2559 3471 2633; baseline 0.001 -20"><span class='ocrx_word' id='word_1_398' title='bbox 1875 2563 2111 2631; x_wconf 71' lang='lat' dir='ltr'><strong>aperire,</strong></span> <span class='ocrx_word' id='word_1_399' title='bbox 2167 2580 2235 2618; x_wconf 85' lang='lat' dir='ltr'><strong>ne</strong></span> <span class='ocrx_word' id='word_1_400' title='bbox 2286 2564 2661 2633; x_wconf 87' lang='lat' dir='ltr'><strong>simpliciores</strong></span> <span class='ocrx_word' id='word_1_401' title='bbox 2714 2564 3106 2619; x_wconf 66' lang='lat' dir='ltr'><strong>haereticorum</strong></span> <span class='ocrx_word' id='word_1_402' title='bbox 3163 2559 3471 2617; x_wconf 87' lang='lat' dir='ltr'><strong>incursioni</strong></span> 
     </span>
    </p>
   </div>
   <div class='ocr_carea' id='block_1_55' title="bbox 1878 2655 3471 2727">
    <p class='ocr_par' dir='ltr' id='par_1_55' title="bbox 1878 2655 3471 2727">
     <span class='ocr_line' id='line_1_55' title="bbox 1878 2655 3471 2727; baseline -0.001 -20"><span class='ocrx_word' id='word_1_403' title='bbox 1878 2664 2146 2723; x_wconf 75' lang='lat' dir='ltr'><strong>paterent,</strong></span> <span class='ocrx_word' id='word_1_404' title='bbox 2182 2656 2339 2725; x_wconf 86' lang='lat' dir='ltr'><strong>quasi</strong></span> <span class='ocrx_word' id='word_1_405' title='bbox 2370 2656 2520 2710; x_wconf 91' lang='lat' dir='ltr'><strong>nulla</strong></span> <span class='ocrx_word' id='word_1_406' title='bbox 2550 2672 2656 2711; x_wconf 79' lang='lat' dir='ltr'><strong>vox</strong></span> <span class='ocrx_word' id='word_1_407' title='bbox 2690 2667 3009 2712; x_wconf 88' lang='lat' dir='ltr'><strong>sanctorum</strong></span> <span class='ocrx_word' id='word_1_408' title='bbox 3044 2655 3139 2727; x_wconf 88' lang='lat' dir='ltr'><strong>qtti</strong></span> <span class='ocrx_word' id='word_1_409' title='bbox 3176 2663 3231 2711; x_wconf 91' lang='lat' dir='ltr'><strong>et</strong></span> <span class='ocrx_word' id='word_1_410' title='bbox 3252 2663 3471 2725; x_wconf 58' lang='lat' dir='ltr'><strong>speet-ac</strong></span> 
     </span>
    </p>
   </div>
   <div class='ocr_carea' id='block_1_56' title="bbox 1876 2745 3469 2817">
    <p class='ocr_par' dir='ltr' id='par_1_56' title="bbox 1876 2745 3469 2817">
     <span class='ocr_line' id='line_1_56' title="bbox 1876 2745 3469 2817; baseline -0.001 -17"><span class='ocrx_word' id='word_1_411' title='bbox 1876 2757 2049 2812; x_wconf 87' lang='lat' dir='ltr'><strong>tores,</strong></span> <span class='ocrx_word' id='word_1_412' title='bbox 2081 2755 2137 2802; x_wconf 92' lang='lat' dir='ltr'><strong>et</strong></span> <span class='ocrx_word' id='word_1_413' title='bbox 2165 2748 2407 2803; x_wconf 89' lang='lat' dir='ltr'><strong>ministri</strong></span> <span class='ocrx_word' id='word_1_414' title='bbox 2440 2747 2603 2803; x_wconf 82' lang='lat' dir='ltr'><strong>Verbi</strong></span> <span class='ocrx_word' id='word_1_415' title='bbox 2638 2749 2866 2814; x_wconf 83' lang='lat' dir='ltr'><strong>fuerint,</strong></span> <span class='ocrx_word' id='word_1_416' title='bbox 2900 2749 3119 2803; x_wconf 88' lang='lat' dir='ltr'><strong>illorum</strong></span> <span class='ocrx_word' id='word_1_417' title='bbox 3152 2745 3469 2817; x_wconf 87' lang='lat' dir='ltr'><strong>malignita-</strong></span> 
     </span>
    </p>
   </div>
   <div class='ocr_carea' id='block_1_57' title="bbox 1878 2839 3471 2911">
    <p class='ocr_par' dir='ltr' id='par_1_57' title="bbox 1878 2839 3471 2911">
     <span class='ocr_line' id='line_1_57' title="bbox 1878 2839 3471 2911; baseline -0.001 -20"><span class='ocrx_word' id='word_1_418' title='bbox 1878 2849 1983 2892; x_wconf 88' lang='lat' dir='ltr'><strong>tem</strong></span> <span class='ocrx_word' id='word_1_419' title='bbox 2025 2840 2302 2897; x_wconf 82' lang='lat' dir='ltr'><strong>retundat.</strong></span> <span class='ocrx_word' id='word_1_420' title='bbox 2352 2840 2420 2894; x_wconf 83' lang='lat' dir='ltr'><strong>ad</strong></span> <span class='ocrx_word' id='word_1_421' title='bbox 2467 2841 2647 2911; x_wconf 87' lang='lat' dir='ltr'><strong>ipsum</strong></span> <span class='ocrx_word' id='word_1_422' title='bbox 2677 2842 2992 2897; x_wconf 88' lang='lat' dir='ltr'><strong>divinorum</strong></span> <span class='ocrx_word' id='word_1_423' title='bbox 3024 2839 3342 2910; x_wconf 87' lang='lat' dir='ltr'><strong>dogmatum</strong></span> <span class='ocrx_word' id='word_1_424' title='bbox 3377 2851 3471 2891; x_wconf 84' lang='lat' dir='ltr'><strong>ca-</strong></span> 
     </span>
    </p>
   </div>
   <div class='ocr_carea' id='block_1_58' title="bbox 1878 2932 3469 3004">
    <p class='ocr_par' dir='ltr' id='par_1_58' title="bbox 1878 2932 3469 3004">
     <span class='ocr_line' id='line_1_58' title="bbox 1878 2932 3469 3004; baseline -0.003 -17"><span class='ocrx_word' id='word_1_425' title='bbox 1878 2943 1972 3004; x_wconf 89' lang='lat' dir='ltr'><strong>put</strong></span> <span class='ocrx_word' id='word_1_426' title='bbox 2002 2936 2119 2989; x_wconf 89' lang='lat' dir='ltr'><strong>acri</strong></span> <span class='ocrx_word' id='word_1_427' title='bbox 2156 2937 2347 2992; x_wconf 91' lang='lat' dir='ltr'><strong>studio</strong></span> <span class='ocrx_word' id='word_1_428' title='bbox 2394 2952 2454 2992; x_wconf 90' lang='lat' dir='ltr'><strong>se</strong></span> <span class='ocrx_word' id='word_1_429' title='bbox 2484 2936 2727 3001; x_wconf 76' lang='lat' dir='ltr'><strong>confert,</strong></span> <span class='ocrx_word' id='word_1_430' title='bbox 2765 2938 3012 2992; x_wconf 89' lang='lat' dir='ltr'><strong>clamans</strong></span> <span class='ocrx_word' id='word_1_431' title='bbox 3044 2956 3056 2991; x_wconf 90' lang='lat'>:</span> <span class='ocrx_word' id='word_1_432' title='bbox 3103 2954 3120 2986; x_wconf 82' lang='lat'><strong>(</strong></span> <span class='ocrx_word' id='word_1_433' title='bbox 3159 2933 3217 2987; x_wconf 82' lang='grc' dir='ltr'><strong>ιιι</strong></span> <span class='ocrx_word' id='word_1_434' title='bbox 3257 2932 3469 3004; x_wconf 84' lang='lat' dir='ltr'><strong>princi-</strong></span> 
     </span>
    </p>
   </div>
   <div class='ocr_carea' id='block_1_59' title="bbox 1876 3025 3473 3098">
    <p class='ocr_par' dir='ltr' id='par_1_59' title="bbox 1876 3025 3473 3098">
     <span class='ocr_line' id='line_1_59' title="bbox 1876 3025 3473 3098; baseline -0.001 -18"><span class='ocrx_word' id='word_1_435' title='bbox 1876 3030 1965 3097; x_wconf 82' lang='lat' dir='ltr'><strong>pio</strong></span> <span class='ocrx_word' id='word_1_436' title='bbox 1994 3039 2113 3082; x_wconf 84' lang='lat' dir='ltr'><strong>erat</strong></span> <span class='ocrx_word' id='word_1_437' title='bbox 2144 3027 2409 3092; x_wconf 78' lang='lat' dir='ltr'><strong>Verbum,</strong></span> <span class='ocrx_word' id='word_1_438' title='bbox 2447 3037 2501 3084; x_wconf 91' lang='lat' dir='ltr'><strong>et</strong></span> <span class='ocrx_word' id='word_1_439' title='bbox 2539 3029 2778 3085; x_wconf 83' lang='lat' dir='ltr'><strong>Verbum</strong></span> <span class='ocrx_word' id='word_1_440' title='bbox 2823 3037 2945 3086; x_wconf 88' lang='lat' dir='ltr'><strong>erat</strong></span> <span class='ocrx_word' id='word_1_441' title='bbox 2993 3027 3140 3098; x_wconf 87' lang='lat' dir='ltr'><strong>apud</strong></span> <span class='ocrx_word' id='word_1_442' title='bbox 3186 3025 3378 3091; x_wconf 87' lang='lat' dir='ltr'><strong>Deum,</strong></span> <span class='ocrx_word' id='word_1_443' title='bbox 3415 3032 3473 3079; x_wconf 70' lang='lat' dir='ltr'><strong>et</strong></span> 
     </span>
    </p>
   </div>
   <div class='ocr_carea' id='block_1_60' title="bbox 1877 3117 3469 3191">
    <p class='ocr_par' dir='ltr' id='par_1_60' title="bbox 1877 3117 3469 3191">
     <span class='ocr_line' id='line_1_60' title="bbox 1877 3117 3469 3191; baseline -0.001 -19"><span class='ocrx_word' id='word_1_444' title='bbox 1877 3119 2021 3176; x_wconf 84' lang='lat' dir='ltr'><strong>Deus</strong></span> <span class='ocrx_word' id='word_1_445' title='bbox 2074 3130 2194 3176; x_wconf 88' lang='lat' dir='ltr'><strong>erat</strong></span> <span class='ocrx_word' id='word_1_446' title='bbox 2242 3120 2506 3176; x_wconf 87' lang='lat' dir='ltr'><strong>Verbum.</strong></span> <span class='ocrx_word' id='word_1_447' title='bbox 2566 3120 2682 3177; x_wconf 86' lang='lat' dir='ltr'><strong>Hoc</strong></span> <span class='ocrx_word' id='word_1_448' title='bbox 2730 3128 2849 3177; x_wconf 87' lang='lat' dir='ltr'><strong>erat</strong></span> <span class='ocrx_word' id='word_1_449' title='bbox 2907 3121 2964 3176; x_wconf 87' lang='lat' dir='ltr'><strong>in</strong></span> <span class='ocrx_word' id='word_1_450' title='bbox 2999 3119 3273 3191; x_wconf 88' lang='lat' dir='ltr'><strong>principio</strong></span> <span class='ocrx_word' id='word_1_451' title='bbox 3324 3117 3469 3187; x_wconf 82' lang='lat' dir='ltr'><strong>apud</strong></span> 
     </span>
    </p>
   </div>
   <div class='ocr_carea' id='block_1_61' title="bbox 186 3210 1775 3289">
    <p class='ocr_par' dir='ltr' id='par_1_61' title="bbox 186 3210 1771 3285">
     <span class='ocr_line' id='line_1_61' title="bbox 186 3210 1771 3285; baseline 0.006 -24"><span class='ocrx_word' id='word_1_452' title='bbox 186 3211 416 3281; x_wconf 70' lang='grc' dir='ltr'><strong>τὺνηται</strong></span> <span class='ocrx_word' id='word_1_453' title='bbox 446 3210 663 3281; x_wconf 83' lang='grc' dir='ltr'><strong>δρόμος,</strong></span> <span class='ocrx_word' id='word_1_454' title='bbox 693 3211 768 3273; x_wconf 88' lang='grc' dir='ltr'><strong>ὼς</strong></span> <span class='ocrx_word' id='word_1_455' title='bbox 802 3212 1056 3282; x_wconf 79' lang='grc' dir='ltr'><strong>οὐδεμιᾶς</strong></span> <span class='ocrx_word' id='word_1_456' title='bbox 1105 3212 1214 3265; x_wconf 83' lang='grc' dir='ltr'><strong>τῶν</strong></span> <span class='ocrx_word' id='word_1_457' title='bbox 1268 3214 1441 3281; x_wconf 80' lang='grc' dir='ltr'><strong>ἁγίων</strong></span> <span class='ocrx_word' id='word_1_458' title='bbox 1489 3216 1694 3285; x_wconf 78' lang='grc' dir='ltr'><strong>φωνῆς,</strong></span> <span class='ocrx_word' id='word_1_459' title='bbox 1722 3220 1771 3271; x_wconf 80' lang='grc' dir='ltr'><strong>οἳ</strong></span> 
     </span>
    </p>
   </div>
   <div class='ocr_carea' id='block_1_62' title="bbox 1879 3210 3471 3289">
    <p class='ocr_par' dir='ltr' id='par_1_62' title="bbox 1879 3210 3471 3284">
     <span class='ocr_line' id='line_1_62' title="bbox 1879 3210 3471 3284; baseline 0 -21"><span class='ocrx_word' id='word_1_460' title='bbox 1879 3210 2045 3266; x_wconf 88' lang='lat' dir='ltr'><strong>Deum</strong></span> <span class='ocrx_word' id='word_1_461' title='bbox 2075 3212 2136 3264; x_wconf 75' lang='lat'><strong>“..</strong></span> <span class='ocrx_word' id='word_1_462' title='bbox 2184 3231 2201 3264; x_wconf 77' lang='grc' dir='ltr'><strong>ι</strong></span> <span class='ocrx_word' id='word_1_463' title='bbox 2246 3212 2440 3283; x_wconf 64' lang='lat' dir='ltr'><strong>Operae</strong></span> <span class='ocrx_word' id='word_1_464' title='bbox 2470 3215 2714 3284; x_wconf 88' lang='lat' dir='ltr'><strong>pretium</strong></span> <span class='ocrx_word' id='word_1_465' title='bbox 2763 3220 2948 3268; x_wconf 86' lang='lat' dir='ltr'><strong>autem</strong></span> <span class='ocrx_word' id='word_1_466' title='bbox 2985 3211 3229 3266; x_wconf 90' lang='lat' dir='ltr'><strong>arbitror</strong></span> <span class='ocrx_word' id='word_1_467' title='bbox 3281 3210 3351 3264; x_wconf 91' lang='lat' dir='ltr'><strong>iis</strong></span> <span class='ocrx_word' id='word_1_468' title='bbox 3378 3210 3471 3279; x_wconf 63' lang='lat' dir='ltr'><strong>qui</strong></span> 
     </span>
    </p>
   </div>
   <div class='ocr_carea' id='block_1_63' title="bbox 188 3301 1775 3373">
    <p class='ocr_par' dir='ltr' id='par_1_63' title="bbox 188 3301 1775 3373">
     <span class='ocr_line' id='line_1_63' title="bbox 188 3301 1775 3373; baseline 0.003 -20"><span class='ocrx_word' id='word_1_469' title='bbox 188 3302 281 3353; x_wconf 74' lang='grc' dir='ltr'><strong>καὶ</strong></span> <span class='ocrx_word' id='word_1_470' title='bbox 311 3301 598 3360; x_wconf 73' lang='grc' dir='ltr'><strong>αὐτόπται,</strong></span> <span class='ocrx_word' id='word_1_471' title='bbox 617 3302 711 3355; x_wconf 72' lang='grc' dir='ltr'><strong>καὶ</strong></span> <span class='ocrx_word' id='word_1_472' title='bbox 731 3302 1002 3373; x_wconf 81' lang='grc' dir='ltr'><strong>ὑπηρέται</strong></span> <span class='ocrx_word' id='word_1_473' title='bbox 1025 3302 1118 3357; x_wconf 90' lang='grc' dir='ltr'><strong>τοῦ</strong></span> <span class='ocrx_word' id='word_1_474' title='bbox 1153 3303 1326 3373; x_wconf 85' lang='grc' dir='ltr'><strong>Λόγου</strong></span> <span class='ocrx_word' id='word_1_475' title='bbox 1352 3305 1627 3373; x_wconf 89' lang='grc' dir='ltr'><strong>γεγόνασι,</strong></span> <span class='ocrx_word' id='word_1_476' title='bbox 1654 3309 1775 3369; x_wconf 90' lang='grc' dir='ltr'><strong>ταῖς</strong></span> 
     </span>
    </p>
   </div>
   <div class='ocr_carea' id='block_1_64' title="bbox 189 3393 1775 3468">
    <p class='ocr_par' dir='ltr' id='par_1_64' title="bbox 189 3393 1775 3468">
     <span class='ocr_line' id='line_1_64' title="bbox 189 3393 1775 3468; baseline 0.003 -23"><span class='ocrx_word' id='word_1_477' title='bbox 189 3393 418 3446; x_wconf 80' lang='grc' dir='ltr'><strong>ἐκείνων</strong></span> <span class='ocrx_word' id='word_1_478' title='bbox 458 3393 934 3463; x_wconf 78' lang='grc' dir='ltr'><strong>παραποδιζούσης</strong></span> <span class='ocrx_word' id='word_1_479' title='bbox 968 3394 1300 3462; x_wconf 82' lang='grc' dir='ltr'><strong>κακονοίαις,</strong></span> <span class='ocrx_word' id='word_1_480' title='bbox 1333 3396 1552 3466; x_wconf 77' lang='grc' dir='ltr'><strong>ἔρχεται</strong></span> <span class='ocrx_word' id='word_1_481' title='bbox 1575 3399 1775 3468; x_wconf 84' lang='grc' dir='ltr'><strong>δριμὺς</strong></span> 
     </span>
    </p>
   </div>
   <div class='ocr_carea' id='block_1_65' title="bbox 189 3484 1776 3560">
    <p class='ocr_par' dir='ltr' id='par_1_65' title="bbox 189 3484 1776 3560">
     <span class='ocr_line' id='line_1_65' title="bbox 189 3484 1776 3560; baseline 0.003 -24"><span class='ocrx_word' id='word_1_482' title='bbox 189 3484 433 3538; x_wconf 75' lang='grc' dir='ltr'><strong>ὲπάὑτὺ</strong></span> <span class='ocrx_word' id='word_1_483' title='bbox 484 3484 594 3538; x_wconf 87' lang='grc' dir='ltr'><strong>τῶν</strong></span> <span class='ocrx_word' id='word_1_484' title='bbox 641 3484 798 3538; x_wconf 86' lang='grc' dir='ltr'><strong>θείων</strong></span> <span class='ocrx_word' id='word_1_485' title='bbox 838 3486 1124 3557; x_wconf 79' lang='grc' dir='ltr'><strong>δογμάτων</strong></span> <span class='ocrx_word' id='word_1_486' title='bbox 1155 3486 1598 3560; x_wconf 78' lang='grc' dir='ltr'><strong>τδκυριώτατον,</strong></span> <span class='ocrx_word' id='word_1_487' title='bbox 1624 3509 1642 3541; x_wconf 74' lang='grc' dir='ltr'><strong>ι</strong></span> <span class='ocrx_word' id='word_1_488' title='bbox 1689 3490 1776 3541; x_wconf 87' lang='grc' dir='ltr'><strong>Ἐν</strong></span> 
     </span>
    </p>
   </div>
   <div class='ocr_carea' id='block_1_66' title="bbox 188 3572 1775 3651">
    <p class='ocr_par' dir='ltr' id='par_1_66' title="bbox 188 3572 1775 3651">
     <span class='ocr_line' id='line_1_66' title="bbox 188 3572 1775 3651; baseline 0.003 -21"><span class='ocrx_word' id='word_1_489' title='bbox 188 3579 355 3647; x_wconf 79' lang='grc' dir='ltr'><strong>ἀρχῇ,</strong></span> <span class='ocrx_word' id='word_1_490' title='bbox 375 3576 535 3645; x_wconf 72' lang='grc' dir='ltr'><strong>βοῶν,</strong></span> <span class='ocrx_word' id='word_1_491' title='bbox 559 3572 628 3648; x_wconf 83' lang='grc' dir='ltr'><strong>ἦν</strong></span> <span class='ocrx_word' id='word_1_492' title='bbox 647 3579 675 3630; x_wconf 90' lang='grc' dir='ltr'><strong>ό</strong></span> <span class='ocrx_word' id='word_1_493' title='bbox 698 3577 891 3646; x_wconf 80' lang='grc' dir='ltr'><strong>Λόγος,</strong></span> <span class='ocrx_word' id='word_1_494' title='bbox 909 3579 1002 3632; x_wconf 70' lang='grc' dir='ltr'><strong>καὶ</strong></span> <span class='ocrx_word' id='word_1_495' title='bbox 1017 3581 1044 3633; x_wconf 88' lang='grc' dir='ltr'>ὁ</span> <span class='ocrx_word' id='word_1_496' title='bbox 1058 3579 1227 3648; x_wconf 88' lang='grc' dir='ltr'><strong>Λόγος</strong></span> <span class='ocrx_word' id='word_1_497' title='bbox 1257 3576 1324 3651; x_wconf 82' lang='grc' dir='ltr'><strong>ἦν</strong></span> <span class='ocrx_word' id='word_1_498' title='bbox 1354 3582 1490 3651; x_wconf 82' lang='grc' dir='ltr'><strong>πρὸς</strong></span> <span class='ocrx_word' id='word_1_499' title='bbox 1517 3581 1608 3635; x_wconf 84' lang='grc' dir='ltr'><strong>τὸν</strong></span> <span class='ocrx_word' id='word_1_500' title='bbox 1623 3581 1775 3646; x_wconf 83' lang='grc' dir='ltr'><strong>Θεὸν,</strong></span> 
     </span>
    </p>
   </div>
   <div class='ocr_carea' id='block_1_67' title="bbox 192 3666 1772 3745">
    <p class='ocr_par' dir='ltr' id='par_1_67' title="bbox 192 3666 1772 3745">
     <span class='ocr_line' id='line_1_67' title="bbox 192 3666 1772 3745; baseline 0.002 -23"><span class='ocrx_word' id='word_1_501' title='bbox 192 3670 285 3722; x_wconf 68' lang='grc' dir='ltr'><strong>καὶ</strong></span> <span class='ocrx_word' id='word_1_502' title='bbox 300 3670 439 3733; x_wconf 75' lang='grc' dir='ltr'><strong>Θεὸς</strong></span> <span class='ocrx_word' id='word_1_503' title='bbox 464 3666 531 3742; x_wconf 82' lang='grc' dir='ltr'><strong>ἦν</strong></span> <span class='ocrx_word' id='word_1_504' title='bbox 559 3670 588 3722; x_wconf 90' lang='lat'><strong>6</strong></span> <span class='ocrx_word' id='word_1_505' title='bbox 616 3670 808 3738; x_wconf 87' lang='grc' dir='ltr'><strong>Λόγος.</strong></span> <span class='ocrx_word' id='word_1_506' title='bbox 839 3666 1005 3735; x_wconf 80' lang='grc' dir='ltr'><strong>Οὗτος</strong></span> <span class='ocrx_word' id='word_1_507' title='bbox 1021 3668 1088 3744; x_wconf 83' lang='grc' dir='ltr'><strong>ἦν</strong></span> <span class='ocrx_word' id='word_1_508' title='bbox 1111 3675 1166 3726; x_wconf 82' lang='grc' dir='ltr'>ὲν</span> <span class='ocrx_word' id='word_1_509' title='bbox 1178 3674 1318 3745; x_wconf 79' lang='grc' dir='ltr'><strong>ἀρχῇ</strong></span> <span class='ocrx_word' id='word_1_510' title='bbox 1340 3676 1473 3745; x_wconf 87' lang='grc' dir='ltr'><strong>πρὸς</strong></span> <span class='ocrx_word' id='word_1_511' title='bbox 1485 3675 1575 3728; x_wconf 80' lang='grc' dir='ltr'><strong>τὸν</strong></span> <span class='ocrx_word' id='word_1_512' title='bbox 1588 3674 1739 3729; x_wconf 83' lang='grc' dir='ltr'><strong>Θεὸν.</strong></span> <span class='ocrx_word' id='word_1_513' title='bbox 1756 3695 1772 3725; x_wconf 70' lang='grc' dir='ltr'><strong>ι</strong></span> 
     </span>
    </p>
   </div>
   <div class='ocr_carea' id='block_1_68' title="bbox 191 3759 1778 3838">
    <p class='ocr_par' dir='ltr' id='par_1_68' title="bbox 191 3759 1778 3838">
     <span class='ocr_line' id='line_1_68' title="bbox 191 3759 1778 3838; baseline 0.003 -22"><span class='ocrx_word' id='word_1_514' title='bbox 191 3764 402 3832; x_wconf 77' lang='grc' dir='ltr'><strong>Χρῆναι</strong></span> <span class='ocrx_word' id='word_1_515' title='bbox 423 3763 479 3817; x_wconf 78' lang='grc' dir='ltr'><strong>δὲ</strong></span> <span class='ocrx_word' id='word_1_516' title='bbox 501 3759 673 3835; x_wconf 79' lang='grc' dir='ltr'><strong>οἶμαι,</strong></span> <span class='ocrx_word' id='word_1_517' title='bbox 686 3763 811 3826; x_wconf 65' lang='grc' dir='ltr'><strong>τοὺς</strong></span> <span class='ocrx_word' id='word_1_518' title='bbox 824 3767 933 3829; x_wconf 88' lang='grc' dir='ltr'><strong>τοῖς</strong></span> <span class='ocrx_word' id='word_1_519' title='bbox 948 3767 990 3817; x_wconf 88' lang='grc' dir='ltr'><strong>ίε</strong></span> <span class='ocrx_word' id='word_1_520' title='bbox 1001 3768 1111 3836; x_wconf 90' lang='grc' dir='ltr'><strong>ροῖς</strong></span> <span class='ocrx_word' id='word_1_521' title='bbox 1127 3766 1446 3835; x_wconf 80' lang='grc' dir='ltr'><strong>ὁμιλοῦντας</strong></span> <span class='ocrx_word' id='word_1_522' title='bbox 1460 3766 1778 3838; x_wconf 75' lang='grc' dir='ltr'><strong>Γράμμασι,</strong></span> 
     </span>
    </p>
   </div>
   <div class='ocr_carea' id='block_1_69' title="bbox 192 3853 1779 3927">
    <p class='ocr_par' dir='ltr' id='par_1_69' title="bbox 192 3853 1779 3927">
     <span class='ocr_line' id='line_1_69' title="bbox 192 3853 1779 3927; baseline 0.002 -21"><span class='ocrx_word' id='word_1_523' title='bbox 192 3857 315 3917; x_wconf 73' lang='grc' dir='ltr'><strong>τοὺς</strong></span> <span class='ocrx_word' id='word_1_524' title='bbox 351 3854 502 3925; x_wconf 74' lang='grc' dir='ltr'><strong>παρὰ</strong></span> <span class='ocrx_word' id='word_1_525' title='bbox 534 3855 752 3909; x_wconf 81' lang='grc' dir='ltr'><strong>πάντων</strong></span> <span class='ocrx_word' id='word_1_526' title='bbox 776 3856 1096 3927; x_wconf 85' lang='grc' dir='ltr'><strong>προσίεσθαι</strong></span> <span class='ocrx_word' id='word_1_527' title='bbox 1128 3856 1341 3924; x_wconf 84' lang='grc' dir='ltr'><strong>λόγους,</strong></span> <span class='ocrx_word' id='word_1_528' title='bbox 1386 3857 1548 3927; x_wconf 83' lang='grc' dir='ltr'><strong>οἵπερ</strong></span> <span class='ocrx_word' id='word_1_529' title='bbox 1577 3856 1641 3910; x_wconf 79' lang='grc' dir='ltr'><strong>ἂν</strong></span> <span class='ocrx_word' id='word_1_530' title='bbox 1672 3853 1779 3909; x_wconf 78' lang='grc' dir='ltr'><strong>εἷεν</strong></span> 
     </span>
    </p>
   </div>
   <div class='ocr_carea' id='block_1_70' title="bbox 193 3946 1737 4018">
    <p class='ocr_par' dir='ltr' id='par_1_70' title="bbox 193 3946 1737 4018">
     <span class='ocr_line' id='line_1_70' title="bbox 193 3946 1737 4018; baseline 0.003 -21"><span class='ocrx_word' id='word_1_531' title='bbox 193 3946 348 3998; x_wconf 81' lang='grc' dir='ltr'><strong>καλοί</strong></span> <span class='ocrx_word' id='word_1_532' title='bbox 378 3964 433 3998; x_wconf 85' lang='grc' dir='ltr'><strong>τε</strong></span> <span class='ocrx_word' id='word_1_533' title='bbox 468 3949 561 3999; x_wconf 62' lang='grc' dir='ltr'><strong>καὶ</strong></span> <span class='ocrx_word' id='word_1_534' title='bbox 591 3946 803 4015; x_wconf 68' lang='grc' dir='ltr'><strong>ἀγαθοὶ,</strong></span> <span class='ocrx_word' id='word_1_535' title='bbox 856 3949 951 4001; x_wconf 70' lang='grc' dir='ltr'><strong>καὶ</strong></span> <span class='ocrx_word' id='word_1_536' title='bbox 995 3949 1055 4001; x_wconf 76' lang='grc' dir='ltr'><strong>τὸ</strong></span> <span class='ocrx_word' id='word_1_537' title='bbox 1109 3948 1302 4018; x_wconf 75' lang='grc' dir='ltr'><strong>βλάϐος</strong></span> <span class='ocrx_word' id='word_1_538' title='bbox 1333 3949 1547 4018; x_wconf 78' lang='grc' dir='ltr'><strong>ἔχοντες</strong></span> <span class='ocrx_word' id='word_1_539' title='bbox 1589 3950 1737 4003; x_wconf 70' lang='grc' dir='ltr'><strong>οὐδέν</strong></span> 
     </span>
    </p>
   </div>
   <div class='ocr_carea' id='block_1_71' title="bbox 194 4038 1774 4111">
    <p class='ocr_par' dir='ltr' id='par_1_71' title="bbox 194 4038 1774 4111">
     <span class='ocr_line' id='line_1_71' title="bbox 194 4038 1774 4111; baseline 0.005 -23"><span class='ocrx_word' id='word_1_540' title='bbox 194 4039 335 4091; x_wconf 75' lang='grc' dir='ltr'><strong>οὕτω</strong></span> <span class='ocrx_word' id='word_1_541' title='bbox 370 4038 479 4109; x_wconf 72' lang='grc' dir='ltr'><strong>γὰρ</strong></span> <span class='ocrx_word' id='word_1_542' title='bbox 520 4039 585 4093; x_wconf 81' lang='grc' dir='ltr'><strong>ἂν</strong></span> <span class='ocrx_word' id='word_1_543' title='bbox 616 4039 683 4093; x_wconf 72' lang='grc' dir='ltr'><strong>τὰ</strong></span> <span class='ocrx_word' id='word_1_544' title='bbox 714 4040 865 4111; x_wconf 72' lang='grc' dir='ltr'><strong>παρὰ</strong></span> <span class='ocrx_word' id='word_1_545' title='bbox 901 4044 1013 4105; x_wconf 86' lang='grc' dir='ltr'><strong>τοῖς</strong></span> <span class='ocrx_word' id='word_1_546' title='bbox 1044 4043 1257 4105; x_wconf 83' lang='grc' dir='ltr'><strong>πολλοῖς</strong></span> <span class='ocrx_word' id='word_1_547' title='bbox 1314 4046 1564 4106; x_wconf 73' lang='grc' dir='ltr'><strong>ποικίλως</strong></span> <span class='ocrx_word' id='word_1_548' title='bbox 1586 4043 1774 4096; x_wconf 83' lang='grc' dir='ltr'><strong>τεθεω-</strong></span> 
     </span>
    </p>
   </div>
   <div class='ocr_carea' id='block_1_72' title="bbox 199 4132 1780 4204">
    <p class='ocr_par' dir='ltr' id='par_1_72' title="bbox 199 4132 1780 4204">
     <span class='ocr_line' id='line_1_72' title="bbox 199 4132 1780 4204; baseline 0.001 -20"><span class='ocrx_word' id='word_1_549' title='bbox 199 4132 430 4202; x_wconf 76' lang='grc' dir='ltr'><strong>ρημένα,</strong></span> <span class='ocrx_word' id='word_1_550' title='bbox 478 4134 571 4185; x_wconf 80' lang='grc' dir='ltr'><strong>καὶ</strong></span> <span class='ocrx_word' id='word_1_551' title='bbox 605 4133 684 4196; x_wconf 84' lang='grc' dir='ltr'><strong>είς</strong></span> <span class='ocrx_word' id='word_1_552' title='bbox 736 4133 831 4186; x_wconf 75' lang='grc' dir='ltr'><strong>ἕνα</strong></span> <span class='ocrx_word' id='word_1_553' title='bbox 865 4136 1308 4204; x_wconf 71' lang='grc' dir='ltr'><strong>συνεισφέροντες</strong></span> <span class='ocrx_word' id='word_1_554' title='bbox 1336 4134 1480 4193; x_wconf 83' lang='grc' dir='ltr'><strong>νοῦν,</strong></span> <span class='ocrx_word' id='word_1_555' title='bbox 1515 4140 1593 4195; x_wconf 74' lang='grc' dir='ltr'><strong>εὶς</strong></span> <span class='ocrx_word' id='word_1_556' title='bbox 1620 4136 1780 4186; x_wconf 57' lang='grc' dir='ltr'><strong>καλὴν</strong></span> 
     </span>
    </p>
   </div>
   <div class='ocr_carea' id='block_1_73' title="bbox 195 4224 1780 4297">
    <p class='ocr_par' dir='ltr' id='par_1_73' title="bbox 195 4224 1780 4297">
     <span class='ocr_line' id='line_1_73' title="bbox 195 4224 1780 4297; baseline 0.001 -23"><span class='ocrx_word' id='word_1_557' title='bbox 195 4224 559 4294; x_wconf 74' lang='grc' dir='ltr'><strong>ἀναϐήσονται</strong></span> <span class='ocrx_word' id='word_1_558' title='bbox 600 4225 697 4292; x_wconf 88' lang='grc' dir='ltr'><strong>τῆς</strong></span> <span class='ocrx_word' id='word_1_559' title='bbox 739 4224 991 4292; x_wconf 83' lang='grc' dir='ltr'><strong>γνώσεως</strong></span> <span class='ocrx_word' id='word_1_560' title='bbox 1043 4230 1259 4296; x_wconf 77' lang='grc' dir='ltr'><strong>μέτρον,</strong></span> <span class='ocrx_word' id='word_1_561' title='bbox 1290 4230 1382 4279; x_wconf 76' lang='grc' dir='ltr'><strong>καὶ</strong></span> <span class='ocrx_word' id='word_1_562' title='bbox 1428 4228 1525 4296; x_wconf 75' lang='grc' dir='ltr'><strong>τὴν</strong></span> <span class='ocrx_word' id='word_1_563' title='bbox 1558 4228 1780 4297; x_wconf 74' lang='grc' dir='ltr'><strong>ἐργάτιν</strong></span> 
     </span>
    </p>
   </div>
   <div class='ocr_carea' id='block_1_74' title="bbox 197 4315 1780 4386">
    <p class='ocr_par' dir='ltr' id='par_1_74' title="bbox 197 4315 1780 4386">
     <span class='ocr_line' id='line_1_74' title="bbox 197 4315 1780 4386; baseline 0.002 -19"><span class='ocrx_word' id='word_1_564' title='bbox 197 4316 288 4369; x_wconf 70' lang='grc' dir='ltr'><strong>καὶ</strong></span> <span class='ocrx_word' id='word_1_565' title='bbox 317 4315 487 4385; x_wconf 68' lang='grc' dir='ltr'><strong>σοφὴν</strong></span> <span class='ocrx_word' id='word_1_566' title='bbox 538 4315 981 4386; x_wconf 83' lang='grc' dir='ltr'><strong>ἀπομιμούμενοι</strong></span> <span class='ocrx_word' id='word_1_567' title='bbox 1033 4316 1308 4385; x_wconf 82' lang='grc' dir='ltr'><strong>μέλιτταν,</strong></span> <span class='ocrx_word' id='word_1_568' title='bbox 1332 4317 1400 4369; x_wconf 78' lang='grc' dir='ltr'><strong>τά</strong></span> <span class='ocrx_word' id='word_1_569' title='bbox 1450 4317 1656 4385; x_wconf 84' lang='grc' dir='ltr'><strong>γλυκέα</strong></span> <span class='ocrx_word' id='word_1_570' title='bbox 1687 4317 1780 4370; x_wconf 84' lang='grc' dir='ltr'><strong>τοῦ</strong></span> 
     </span>
    </p>
   </div>
   <div class='ocr_carea' id='block_1_75' title="bbox 196 4406 1783 4478">
    <p class='ocr_par' dir='ltr' id='par_1_75' title="bbox 196 4406 1783 4478">
     <span class='ocr_line' id='line_1_75' title="bbox 196 4406 1783 4478; baseline 0.003 -21"><span class='ocrx_word' id='word_1_571' title='bbox 196 4406 505 4475; x_wconf 75' lang='grc' dir='ltr'><strong>πνεύματος</strong></span> <span class='ocrx_word' id='word_1_572' title='bbox 575 4406 746 4476; x_wconf 82' lang='grc' dir='ltr'><strong>κηρία</strong></span> <span class='ocrx_word' id='word_1_573' title='bbox 819 4407 1185 4478; x_wconf 78' lang='grc' dir='ltr'><strong>συμπήξειαν.</strong></span> <span class='ocrx_word' id='word_1_574' title='bbox 1247 4408 1383 4460; x_wconf 74' lang='grc' dir='ltr'><strong>Φασὶ</strong></span> <span class='ocrx_word' id='word_1_575' title='bbox 1438 4408 1615 4462; x_wconf 85' lang='grc' dir='ltr'><strong>τοίνυν</strong></span> <span class='ocrx_word' id='word_1_576' title='bbox 1675 4409 1783 4462; x_wconf 82' lang='grc' dir='ltr'><strong>τῶν</strong></span> 
     </span>
    </p>
   </div>
   <div class='ocr_carea' id='block_1_76' title="bbox 194 4496 1783 4570">
    <p class='ocr_par' dir='ltr' id='par_1_76' title="bbox 194 4496 1783 4570">
     <span class='ocr_line' id='line_1_76' title="bbox 194 4496 1783 4570; baseline 0.003 -21"><span class='ocrx_word' id='word_1_577' title='bbox 194 4496 643 4564; x_wconf 74' lang='grc' dir='ltr'><strong>φιλοπονωτάτων</strong></span> <span class='ocrx_word' id='word_1_578' title='bbox 661 4497 824 4561; x_wconf 80' lang='grc' dir='ltr'><strong>τινὲς,</strong></span> <span class='ocrx_word' id='word_1_579' title='bbox 854 4497 929 4562; x_wconf 80' lang='grc' dir='ltr'><strong>ὡς</strong></span> <span class='ocrx_word' id='word_1_580' title='bbox 961 4500 1098 4568; x_wconf 87' lang='grc' dir='ltr'><strong>μετὰ</strong></span> <span class='ocrx_word' id='word_1_581' title='bbox 1120 4499 1211 4550; x_wconf 75' lang='grc' dir='ltr'><strong>τὸν</strong></span> <span class='ocrx_word' id='word_1_582' title='bbox 1229 4498 1322 4551; x_wconf 87' lang='grc' dir='ltr'><strong>τοῦ</strong></span> <span class='ocrx_word' id='word_1_583' title='bbox 1348 4500 1597 4570; x_wconf 86' lang='grc' dir='ltr'><strong>Σωτῆρος</strong></span> <span class='ocrx_word' id='word_1_584' title='bbox 1627 4501 1783 4570; x_wconf 80' lang='grc' dir='ltr'><strong>ήμῶν</strong></span> 
     </span>
    </p>
   </div>
   <div class='ocr_carea' id='block_1_77' title="bbox 197 4583 1775 4662">
    <p class='ocr_par' dir='ltr' id='par_1_77' title="bbox 197 4588 1773 4662">
     <span class='ocr_line' id='line_1_77' title="bbox 197 4588 1773 4662; baseline 0.001 -21"><span class='ocrx_word' id='word_1_585' title='bbox 197 4588 559 4659; x_wconf 74' lang='grc' dir='ltr'><strong>σταυρὸν,καὶ</strong></span> <span class='ocrx_word' id='word_1_586' title='bbox 583 4588 682 4658; x_wconf 83' lang='grc' dir='ltr'><strong>τὴν</strong></span> <span class='ocrx_word' id='word_1_587' title='bbox 712 4588 795 4651; x_wconf 89' lang='grc' dir='ltr'><strong>είς</strong></span> <span class='ocrx_word' id='word_1_588' title='bbox 822 4588 1083 4660; x_wconf 75' lang='grc' dir='ltr'><strong>οὐρανοὺς</strong></span> <span class='ocrx_word' id='word_1_589' title='bbox 1102 4588 1308 4653; x_wconf 83' lang='grc' dir='ltr'><strong>ἄνοδον,</strong></span> <span class='ocrx_word' id='word_1_590' title='bbox 1349 4588 1773 4662; x_wconf 83' lang='grc' dir='ltr'><strong>ψευδοποιμένες</strong></span> 
     </span>
    </p>
   </div>
   <div class='ocr_carea' id='block_1_78' title="bbox 1879 4583 2310 4662">
    <p class='ocr_par' dir='ltr' id='par_1_78' title="bbox 1880 4590 2310 4647">
     <span class='ocr_line' id='line_1_78' title="bbox 1880 4590 2310 4647; baseline 0.007 -4"><span class='ocrx_word' id='word_1_591' title='bbox 1880 4590 2188 4647; x_wconf 84' lang='lat' dir='ltr'><strong>Beelzebub</strong></span> <span class='ocrx_word' id='word_1_592' title='bbox 2220 4592 2262 4623; x_wconf 82' lang='lat'><strong>“&#39;</strong></span> <span class='ocrx_word' id='word_1_593' title='bbox 2298 4610 2310 4646; x_wconf 90' lang='lat'>:</span> 
     </span>
    </p>
   </div>
   <div class='ocr_carea' id='block_1_79' title="bbox 195 4677 1775 4751">
    <p class='ocr_par' dir='ltr' id='par_1_79' title="bbox 195 4677 1775 4751">
     <span class='ocr_line' id='line_1_79' title="bbox 195 4677 1775 4751; baseline 0.002 -21"><span class='ocrx_word' id='word_1_594' title='bbox 195 4680 285 4733; x_wconf 70' lang='grc' dir='ltr'><strong>καὶ</strong></span> <span class='ocrx_word' id='word_1_595' title='bbox 324 4677 794 4746; x_wconf 73' lang='grc' dir='ltr'><strong>ψευδοδιδάσκαλοί</strong></span> <span class='ocrx_word' id='word_1_596' title='bbox 824 4695 989 4742; x_wconf 87' lang='grc' dir='ltr'><strong>τινες,</strong></span> <span class='ocrx_word' id='word_1_597' title='bbox 1024 4678 1227 4750; x_wconf 66' lang='grc' dir='ltr'><strong>θηρίων</strong></span> <span class='ocrx_word' id='word_1_598' title='bbox 1273 4680 1580 4734; x_wconf 77' lang='grc' dir='ltr'><strong>ἀτιθάσσων</strong></span> <span class='ocrx_word' id='word_1_599' title='bbox 1621 4680 1775 4751; x_wconf 84' lang='grc' dir='ltr'><strong>δίκην</strong></span> 
     </span>
    </p>
   </div>
   <div class='ocr_carea' id='block_1_80' title="bbox 194 4768 1773 4843">
    <p class='ocr_par' dir='ltr' id='par_1_80' title="bbox 194 4768 1773 4843">
     <span class='ocr_line' id='line_1_80' title="bbox 194 4768 1773 4843; baseline 0.001 -20"><span class='ocrx_word' id='word_1_600' title='bbox 194 4773 302 4833; x_wconf 88' lang='grc' dir='ltr'><strong>τοῖς</strong></span> <span class='ocrx_word' id='word_1_601' title='bbox 328 4768 424 4823; x_wconf 87' lang='grc' dir='ltr'><strong>τοῦ</strong></span> <span class='ocrx_word' id='word_1_602' title='bbox 444 4771 691 4840; x_wconf 87' lang='grc' dir='ltr'><strong>Σωτῆρος</strong></span> <span class='ocrx_word' id='word_1_603' title='bbox 708 4771 1124 4833; x_wconf 72' lang='grc' dir='ltr'><strong>ἐπεισπεσόντες</strong></span> <span class='ocrx_word' id='word_1_604' title='bbox 1158 4770 1450 4842; x_wconf 86' lang='grc' dir='ltr'><strong>ποιμνίοις,</strong></span> <span class='ocrx_word' id='word_1_605' title='bbox 1475 4771 1773 4843; x_wconf 75' lang='grc' dir='ltr'><strong>τεθορυϐη-</strong></span> 
     </span>
    </p>
   </div>
   <div class='ocr_carea' id='block_1_81' title="bbox 197 4860 1775 4932">
    <p class='ocr_par' dir='ltr' id='par_1_81' title="bbox 197 4860 1775 4932">
     <span class='ocr_line' id='line_1_81' title="bbox 197 4860 1775 4932; baseline 0 -19"><span class='ocrx_word' id='word_1_606' title='bbox 197 4877 355 4913; x_wconf 77' lang='grc' dir='ltr'><strong>κασιν</strong></span> <span class='ocrx_word' id='word_1_607' title='bbox 398 4860 460 4912; x_wconf 84' lang='grc' dir='ltr'>οὐ</span> <span class='ocrx_word' id='word_1_608' title='bbox 507 4860 741 4931; x_wconf 81' lang='grc' dir='ltr'><strong>μικρῶς,</strong></span> <span class='ocrx_word' id='word_1_609' title='bbox 800 4860 908 4914; x_wconf 84' lang='grc' dir='ltr'><strong>ἀπὸ</strong></span> <span class='ocrx_word' id='word_1_610' title='bbox 953 4862 1179 4932; x_wconf 88' lang='grc' dir='ltr'><strong>καρδίας</strong></span> <span class='ocrx_word' id='word_1_611' title='bbox 1238 4860 1417 4913; x_wconf 84' lang='grc' dir='ltr'><strong>αὐτῶν</strong></span> <span class='ocrx_word' id='word_1_612' title='bbox 1467 4862 1775 4925; x_wconf 83' lang='grc' dir='ltr'><strong>λαλοῦντες,</strong></span> 
     </span>
    </p>
   </div>
   <div class='ocr_carea' id='block_1_82' title="bbox 195 4950 1772 5022">
    <p class='ocr_par' dir='ltr' id='par_1_82' title="bbox 195 4950 1772 5022">
     <span class='ocr_line' id='line_1_82' title="bbox 195 4950 1772 5022; baseline 0 -19"><span class='ocrx_word' id='word_1_613' title='bbox 195 4951 335 5004; x_wconf 72' lang='grc' dir='ltr'><strong>καθὰ</strong></span> <span class='ocrx_word' id='word_1_614' title='bbox 396 4951 725 5020; x_wconf 88' lang='grc' dir='ltr'><strong>γέγραπται,</strong></span> <span class='ocrx_word' id='word_1_615' title='bbox 772 4951 866 5003; x_wconf 76' lang='grc' dir='ltr'><strong>καὶ</strong></span> <span class='ocrx_word' id='word_1_616' title='bbox 919 4951 1020 5003; x_wconf 82' lang='grc' dir='ltr'><strong>οὐκ</strong></span> <span class='ocrx_word' id='word_1_617' title='bbox 1072 4950 1181 5003; x_wconf 82' lang='grc' dir='ltr'><strong>ἀπὸ</strong></span> <span class='ocrx_word' id='word_1_618' title='bbox 1231 4952 1498 5021; x_wconf 89' lang='grc' dir='ltr'><strong>στόματος</strong></span> <span class='ocrx_word' id='word_1_619' title='bbox 1548 4953 1772 5022; x_wconf 82' lang='grc' dir='ltr'><strong>Κυρίου·</strong></span> 
     </span>
    </p>
   </div>
   <div class='ocr_carea' id='block_1_83' title="bbox 200 5043 1779 5116">
    <p class='ocr_par' dir='ltr' id='par_1_83' title="bbox 200 5043 1779 5116">
     <span class='ocr_line' id='line_1_83' title="bbox 200 5043 1779 5116; baseline 0.001 -19"><span class='ocrx_word' id='word_1_620' title='bbox 200 5046 397 5113; x_wconf 75' lang='grc' dir='ltr'><strong>μᾶλλον</strong></span> <span class='ocrx_word' id='word_1_621' title='bbox 427 5043 504 5107; x_wconf 78' lang='grc' dir='ltr'><strong>δὲ,</strong></span> <span class='ocrx_word' id='word_1_622' title='bbox 533 5044 632 5096; x_wconf 79' lang='grc' dir='ltr'><strong>οὐκ</strong></span> <span class='ocrx_word' id='word_1_623' title='bbox 668 5044 731 5096; x_wconf 79' lang='grc' dir='ltr'><strong>ἐκ</strong></span> <span class='ocrx_word' id='word_1_624' title='bbox 762 5044 928 5116; x_wconf 91' lang='grc' dir='ltr'><strong>μόνης</strong></span> <span class='ocrx_word' id='word_1_625' title='bbox 949 5044 1046 5114; x_wconf 82' lang='grc' dir='ltr'><strong>τῆς</strong></span> <span class='ocrx_word' id='word_1_626' title='bbox 1079 5043 1284 5097; x_wconf 84' lang='grc' dir='ltr'><strong>ἑαυτῶν</strong></span> <span class='ocrx_word' id='word_1_627' title='bbox 1308 5044 1552 5114; x_wconf 82' lang='grc' dir='ltr'><strong>καρδίας,</strong></span> <span class='ocrx_word' id='word_1_628' title='bbox 1580 5044 1691 5099; x_wconf 80' lang='grc' dir='ltr'><strong>ἀλλ’</strong></span> <span class='ocrx_word' id='word_1_629' title='bbox 1716 5046 1779 5098; x_wconf 86' lang='grc' dir='ltr'><strong>ὲκ</strong></span> 
     </span>
    </p>
   </div>
   <div class='ocr_carea' id='block_1_84' title="bbox 195 5136 1777 5207">
    <p class='ocr_par' dir='ltr' id='par_1_84' title="bbox 195 5136 1777 5207">
     <span class='ocr_line' id='line_1_84' title="bbox 195 5136 1777 5207; baseline 0 -18"><span class='ocrx_word' id='word_1_630' title='bbox 195 5138 542 5207; x_wconf 71' lang='grc' dir='ltr'><strong>δεδαγμάτων</strong></span> <span class='ocrx_word' id='word_1_631' title='bbox 596 5138 692 5190; x_wconf 86' lang='grc' dir='ltr'><strong>τοῦ</strong></span> <span class='ocrx_word' id='word_1_632' title='bbox 732 5137 936 5190; x_wconf 82' lang='grc' dir='ltr'><strong>οἰκείου</strong></span> <span class='ocrx_word' id='word_1_633' title='bbox 997 5139 1223 5207; x_wconf 82' lang='grc' dir='ltr'><strong>πατρὸς,</strong></span> <span class='ocrx_word' id='word_1_634' title='bbox 1255 5138 1350 5189; x_wconf 84' lang='grc' dir='ltr'><strong>τοῦ</strong></span> <span class='ocrx_word' id='word_1_635' title='bbox 1395 5136 1641 5190; x_wconf 78' lang='grc' dir='ltr'><strong>διαϐόλου</strong></span> <span class='ocrx_word' id='word_1_636' title='bbox 1687 5138 1777 5204; x_wconf 88' lang='grc' dir='ltr'><strong>δη-</strong></span> 
     </span>
    </p>
   </div>
   <div class='ocr_carea' id='block_1_85' title="bbox 196 5226 1777 5299">
    <p class='ocr_par' dir='ltr' id='par_1_85' title="bbox 196 5226 1777 5299">
     <span class='ocr_line' id='line_1_85' title="bbox 196 5226 1777 5299; baseline 0.001 -21"><span class='ocrx_word' id='word_1_637' title='bbox 196 5227 350 5297; x_wconf 74' lang='grc' dir='ltr'><strong>λαδή.</strong></span> <span class='ocrx_word' id='word_1_638' title='bbox 390 5245 408 5277; x_wconf 88' lang='grc'><em>‹</em></span> <span class='ocrx_word' id='word_1_639' title='bbox 436 5227 497 5278; x_wconf 78' lang='lat' dir='ltr'><strong>Ei</strong></span> <span class='ocrx_word' id='word_1_640' title='bbox 527 5227 634 5297; x_wconf 83' lang='grc' dir='ltr'><strong>γὰρ</strong></span> <span class='ocrx_word' id='word_1_641' title='bbox 651 5227 825 5289; x_wconf 71' lang='grc' dir='ltr'><strong>οὐδεὶς</strong></span> <span class='ocrx_word' id='word_1_642' title='bbox 854 5226 1077 5280; x_wconf 86' lang='grc' dir='ltr'><strong>δύναται</strong></span> <span class='ocrx_word' id='word_1_643' title='bbox 1107 5228 1281 5279; x_wconf 77' lang='grc' dir='ltr'><strong>εἰπεῖν</strong></span> <span class='ocrx_word' id='word_1_644' title='bbox 1299 5227 1548 5299; x_wconf 81' lang='grc' dir='ltr'><strong>ἀνάθεμα</strong></span> <span class='ocrx_word' id='word_1_645' title='bbox 1577 5228 1777 5295; x_wconf 73' lang='grc' dir='ltr'><strong>Ἰησοῦ,</strong></span> 
     </span>
    </p>
   </div>
   <div class='ocr_carea' id='block_1_86' title="bbox 198 5317 1781 5390">
    <p class='ocr_par' dir='ltr' id='par_1_86' title="bbox 198 5317 1781 5390">
     <span class='ocr_line' id='line_1_86' title="bbox 198 5317 1781 5390; baseline 0.001 -21"><span class='ocrx_word' id='word_1_646' title='bbox 198 5320 241 5369; x_wconf 84' lang='grc' dir='ltr'><strong>εί</strong></span> <span class='ocrx_word' id='word_1_647' title='bbox 274 5318 350 5388; x_wconf 84' lang='grc' dir='ltr'><strong>μὴ</strong></span> <span class='ocrx_word' id='word_1_648' title='bbox 379 5318 437 5368; x_wconf 82' lang='grc' dir='ltr'><strong>ὲν</strong></span> <span class='ocrx_word' id='word_1_649' title='bbox 473 5317 819 5383; x_wconf 66' lang='grc' dir='ltr'><strong>Βεελζεόοῦλ,</strong></span> <span class='ocrx_word' id='word_1_650' title='bbox 860 5336 877 5367; x_wconf 72' lang='grc' dir='ltr'><strong>ι</strong></span> <span class='ocrx_word' id='word_1_651' title='bbox 912 5318 1028 5381; x_wconf 86' lang='grc' dir='ltr'><strong>πῶς</strong></span> <span class='ocrx_word' id='word_1_652' title='bbox 1075 5320 1175 5370; x_wconf 85' lang='grc' dir='ltr'><strong>οὐκ</strong></span> <span class='ocrx_word' id='word_1_653' title='bbox 1203 5319 1408 5388; x_wconf 80' lang='grc' dir='ltr'><strong>ἀληθὴς</strong></span> <span class='ocrx_word' id='word_1_654' title='bbox 1436 5320 1568 5389; x_wconf 79' lang='grc' dir='ltr'><strong>ἡμῖν</strong></span> <span class='ocrx_word' id='word_1_655' title='bbox 1598 5321 1625 5373; x_wconf 92' lang='lat'><strong>6</strong></span> <span class='ocrx_word' id='word_1_656' title='bbox 1655 5323 1781 5390; x_wconf 81' lang='grc' dir='ltr'><strong>περὶ</strong></span> 
     </span>
    </p>
   </div>
   <div class='ocr_carea' id='block_1_87' title="bbox 198 5410 1779 5484">
    <p class='ocr_par' dir='ltr' id='par_1_87' title="bbox 198 5410 1779 5484">
     <span class='ocr_line' id='line_1_87' title="bbox 198 5410 1779 5484; baseline 0.003 -23"><span class='ocrx_word' id='word_1_657' title='bbox 198 5411 404 5463; x_wconf 77' lang='grc' dir='ltr'><strong>τούτων</strong></span> <span class='ocrx_word' id='word_1_658' title='bbox 444 5410 742 5480; x_wconf 83' lang='grc' dir='ltr'><strong>ὀφθήσεται</strong></span> <span class='ocrx_word' id='word_1_659' title='bbox 789 5410 978 5479; x_wconf 84' lang='grc' dir='ltr'><strong>λόγος;</strong></span> <span class='ocrx_word' id='word_1_660' title='bbox 1028 5412 1161 5466; x_wconf 86' lang='grc' dir='ltr'><strong>Τίνα</strong></span> <span class='ocrx_word' id='word_1_661' title='bbox 1208 5412 1389 5465; x_wconf 82' lang='grc' dir='ltr'><strong>τοίνυν</strong></span> <span class='ocrx_word' id='word_1_662' title='bbox 1435 5414 1582 5465; x_wconf 76' lang='grc' dir='ltr'><strong>ἐστὶν</strong></span> <span class='ocrx_word' id='word_1_663' title='bbox 1636 5413 1779 5484; x_wconf 77' lang='grc' dir='ltr'><strong>ἆπερ</strong></span> 
     </span>
    </p>
   </div>
   <div class='ocr_carea' id='block_1_88' title="bbox 199 5502 1778 5574">
    <p class='ocr_par' dir='ltr' id='par_1_88' title="bbox 199 5502 1778 5574">
     <span class='ocr_line' id='line_1_88' title="bbox 199 5502 1778 5574; baseline 0.004 -22"><span class='ocrx_word' id='word_1_664' title='bbox 199 5503 391 5553; x_wconf 77' lang='grc' dir='ltr'><strong>ἐκεῖνοι</strong></span> <span class='ocrx_word' id='word_1_665' title='bbox 447 5502 586 5555; x_wconf 67' lang='grc' dir='ltr'><strong>κατὰ</strong></span> <span class='ocrx_word' id='word_1_666' title='bbox 639 5505 739 5572; x_wconf 85' lang='grc' dir='ltr'><strong>τῆς</strong></span> <span class='ocrx_word' id='word_1_667' title='bbox 782 5503 991 5567; x_wconf 87' lang='grc' dir='ltr'><strong>οἰκείας</strong></span> <span class='ocrx_word' id='word_1_668' title='bbox 1027 5504 1321 5573; x_wconf 80' lang='grc' dir='ltr'><strong>ὴρεύγοντο</strong></span> <span class='ocrx_word' id='word_1_669' title='bbox 1372 5505 1639 5574; x_wconf 79' lang='grc' dir='ltr'><strong>κεφαλῆς,</strong></span> <span class='ocrx_word' id='word_1_670' title='bbox 1686 5506 1778 5559; x_wconf 77' lang='grc' dir='ltr'><strong>τὸν</strong></span> 
     </span>
    </p>
   </div>
   <div class='ocr_carea' id='block_1_89' title="bbox 199 5592 1777 5671">
    <p class='ocr_par' dir='ltr' id='par_1_89' title="bbox 199 5592 1777 5671">
     <span class='ocr_line' id='line_1_89' title="bbox 199 5592 1777 5671; baseline 0.006 -26"><span class='ocrx_word' id='word_1_671' title='bbox 199 5592 481 5663; x_wconf 82' lang='grc' dir='ltr'><strong>Μονογενῆ</strong></span> <span class='ocrx_word' id='word_1_672' title='bbox 507 5593 599 5646; x_wconf 88' lang='grc' dir='ltr'><strong>τοῦ</strong></span> <span class='ocrx_word' id='word_1_673' title='bbox 627 5594 761 5647; x_wconf 84' lang='grc' dir='ltr'><strong>Θεοῦ</strong></span> <span class='ocrx_word' id='word_1_674' title='bbox 792 5595 985 5663; x_wconf 90' lang='grc' dir='ltr'><strong>Λόγον,</strong></span> <span class='ocrx_word' id='word_1_675' title='bbox 1017 5596 1076 5648; x_wconf 73' lang='grc' dir='ltr'><strong>τό</strong></span> <span class='ocrx_word' id='word_1_676' title='bbox 1106 5596 1221 5666; x_wconf 82' lang='grc' dir='ltr'><strong>φῶς</strong></span> <span class='ocrx_word' id='word_1_677' title='bbox 1250 5598 1309 5649; x_wconf 85' lang='grc' dir='ltr'><strong>τὸ</strong></span> <span class='ocrx_word' id='word_1_678' title='bbox 1338 5599 1529 5660; x_wconf 83' lang='grc' dir='ltr'><strong>ἀΐδιον,</strong></span> <span class='ocrx_word' id='word_1_679' title='bbox 1548 5600 1605 5653; x_wconf 80' lang='grc' dir='ltr'><strong>ὲν</strong></span> <span class='ocrx_word' id='word_1_680' title='bbox 1629 5592 1675 5668; x_wconf 84' lang='grc' dir='ltr'>ᾦ</span> <span class='ocrx_word' id='word_1_681' title='bbox 1713 5600 1777 5671; x_wconf 82' lang='grc' dir='ltr'><strong>δὴ</strong></span> 
     </span>
    </p>
   </div>
   <div class='ocr_carea' id='block_1_90' title="bbox 201 5685 1774 5763">
    <p class='ocr_par' dir='ltr' id='par_1_90' title="bbox 201 5685 1774 5763">
     <span class='ocr_line' id='line_1_90' title="bbox 201 5685 1774 5763; baseline 0.008 -30"><span class='ocrx_word' id='word_1_682' title='bbox 201 5689 400 5748; x_wconf 56' lang='grc' dir='ltr'><strong>πάντες</strong></span> <span class='ocrx_word' id='word_1_683' title='bbox 455 5686 549 5738; x_wconf 72' lang='grc' dir='ltr'><strong>καὶ</strong></span> <span class='ocrx_word' id='word_1_684' title='bbox 589 5685 886 5741; x_wconf 72' lang='grc' dir='ltr'><strong>κινούμεθα</strong></span> <span class='ocrx_word' id='word_1_685' title='bbox 916 5689 1026 5755; x_wconf 47' lang='grc' dir='ltr'><strong>,καὶ</strong></span> <span class='ocrx_word' id='word_1_686' title='bbox 1057 5689 1247 5760; x_wconf 77' lang='grc' dir='ltr'><strong>ἐσμὲν,</strong></span> <span class='ocrx_word' id='word_1_687' title='bbox 1279 5691 1402 5743; x_wconf 83' lang='grc' dir='ltr'><strong>τότε</strong></span> <span class='ocrx_word' id='word_1_688' title='bbox 1438 5692 1652 5763; x_wconf 83' lang='grc' dir='ltr'><strong>πρῶτον</strong></span> <span class='ocrx_word' id='word_1_689' title='bbox 1684 5710 1774 5746; x_wconf 86' lang='grc' dir='ltr'><strong>κε-</strong></span> 
     </span>
    </p>
   </div>
   <div class='ocr_carea' id='block_1_91' title="bbox 273 5838 1380 5907">
    <p class='ocr_par' dir='ltr' id='par_1_91' title="bbox 273 5838 1380 5907">
     <span class='ocr_line' id='line_1_91' title="bbox 273 5838 1380 5907; baseline 0.007 -16"><span class='ocrx_word' id='word_1_690' title='bbox 273 5838 316 5869; x_wconf 84' lang='grc'><strong>¹⁶</strong></span> <span class='ocrx_word' id='word_1_691' title='bbox 355 5838 509 5894; x_wconf 81' lang='lat' dir='ltr'><strong>Joan.</strong></span> <span class='ocrx_word' id='word_1_692' title='bbox 547 5858 591 5907; x_wconf 85' lang='grc' dir='ltr'><strong>ι,</strong></span> <span class='ocrx_word' id='word_1_693' title='bbox 637 5842 690 5907; x_wconf 90' lang='lat' dir='ltr'><strong>l,</strong></span> <span class='ocrx_word' id='word_1_694' title='bbox 724 5842 775 5895; x_wconf 72' lang='lat'><strong>2.</strong></span> <span class='ocrx_word' id='word_1_695' title='bbox 858 5846 897 5875; x_wconf 85' lang='lat'>”</span> <span class='ocrx_word' id='word_1_696' title='bbox 938 5842 1045 5901; x_wconf 80' lang='lat' dir='ltr'><strong>Jer.</strong></span> <span class='ocrx_word' id='word_1_697' title='bbox 1108 5859 1264 5907; x_wconf 69' lang='lat' dir='ltr'><strong>sunt,</strong></span> <span class='ocrx_word' id='word_1_698' title='bbox 1301 5846 1380 5901; x_wconf 77' lang='lat' dir='ltr'><strong>l‘d.</strong></span> 
     </span>
    </p>
   </div>
   <div class='ocr_carea' id='block_1_92' title="bbox 1448 5846 2498 5913">
    <p class='ocr_par' dir='ltr' id='par_1_92' title="bbox 1448 5846 2498 5913">
     <span class='ocr_line' id='line_1_92' title="bbox 1448 5846 2498 5913; baseline 0.003 -11"><span class='ocrx_word' id='word_1_699' title='bbox 1448 5849 1487 5878; x_wconf 69' lang='grc'><strong>’⁸</strong></span> <span class='ocrx_word' id='word_1_700' title='bbox 1559 5847 1573 5902; x_wconf 89' lang='grc' dir='ltr'><strong>ι</strong></span> <span class='ocrx_word' id='word_1_701' title='bbox 1610 5846 1734 5903; x_wconf 65' lang='grc' dir='ltr'><strong>(ἐπ.</strong></span> <span class='ocrx_word' id='word_1_702' title='bbox 1768 5865 1861 5913; x_wconf 72' lang='grc' dir='ltr'><strong>χιι,</strong></span> <span class='ocrx_word' id='word_1_703' title='bbox 1900 5850 1950 5904; x_wconf 83' lang='grc'><strong>5.</strong></span> <span class='ocrx_word' id='word_1_704' title='bbox 1986 5852 2023 5881; x_wconf 82' lang='grc'><strong>³³</strong></span> <span class='ocrx_word' id='word_1_705' title='bbox 2066 5852 2182 5906; x_wconf 64' lang='lat' dir='ltr'><strong>Act.</strong></span> <span class='ocrx_word' id='word_1_706' title='bbox 2238 5867 2364 5913; x_wconf 70' lang='lat' dir='ltr'><strong>xvii,</strong></span> <span class='ocrx_word' id='word_1_707' title='bbox 2409 5850 2498 5905; x_wconf 71' lang='lat'><strong>&#39;33.</strong></span> 
     </span>
    </p>
   </div>
   <div class='ocr_carea' id='block_1_93' title="bbox 1878 3301 3471 3376">
    <p class='ocr_par' dir='ltr' id='par_1_93' title="bbox 1878 3301 3471 3376">
     <span class='ocr_line' id='line_1_93' title="bbox 1878 3301 3471 3376; baseline 0 -20"><span class='ocrx_word' id='word_1_708' title='bbox 1878 3303 1933 3357; x_wconf 92' lang='lat' dir='ltr'><strong>in</strong></span> <span class='ocrx_word' id='word_1_709' title='bbox 1969 3306 2147 3359; x_wconf 85' lang='lat' dir='ltr'><strong>sacris</strong></span> <span class='ocrx_word' id='word_1_710' title='bbox 2176 3304 2402 3361; x_wconf 87' lang='lat' dir='ltr'><strong>Litteris</strong></span> <span class='ocrx_word' id='word_1_711' title='bbox 2430 3316 2729 3363; x_wconf 84' lang='lat' dir='ltr'><strong>versantur</strong></span> <span class='ocrx_word' id='word_1_712' title='bbox 2750 3304 3074 3376; x_wconf 88' lang='lat' dir='ltr'><strong>quorumvis</strong></span> <span class='ocrx_word' id='word_1_713' title='bbox 3100 3304 3247 3359; x_wconf 90' lang='lat' dir='ltr'><strong>dicta</strong></span> <span class='ocrx_word' id='word_1_714' title='bbox 3269 3301 3471 3357; x_wconf 87' lang='lat' dir='ltr'><strong>admit-</strong></span> 
     </span>
    </p>
   </div>
   <div class='ocr_carea' id='block_1_94' title="bbox 1874 3394 3467 3468">
    <p class='ocr_par' dir='ltr' id='par_1_94' title="bbox 1874 3394 3467 3468">
     <span class='ocr_line' id='line_1_94' title="bbox 1874 3394 3467 3468; baseline 0.001 -22"><span class='ocrx_word' id='word_1_715' title='bbox 1874 3406 2010 3457; x_wconf 84' lang='lat' dir='ltr'><strong>tere,</strong></span> <span class='ocrx_word' id='word_1_716' title='bbox 2031 3412 2153 3467; x_wconf 73' lang='lat' dir='ltr'><strong>qua:</strong></span> <span class='ocrx_word' id='word_1_717' title='bbox 2181 3398 2351 3468; x_wconf 87' lang='lat' dir='ltr'><strong>proba</strong></span> <span class='ocrx_word' id='word_1_718' title='bbox 2371 3398 2482 3454; x_wconf 92' lang='lat' dir='ltr'><strong>sint</strong></span> <span class='ocrx_word' id='word_1_719' title='bbox 2502 3413 2568 3455; x_wconf 88' lang='lat' dir='ltr'><strong>ac</strong></span> <span class='ocrx_word' id='word_1_720' title='bbox 2585 3397 2724 3454; x_wconf 86' lang='lat' dir='ltr'><strong>nihil</strong></span> <span class='ocrx_word' id='word_1_721' title='bbox 2746 3398 2800 3451; x_wconf 91' lang='lat' dir='ltr'><strong>in</strong></span> <span class='ocrx_word' id='word_1_722' title='bbox 2827 3395 3162 3467; x_wconf 76' lang='lat' dir='ltr'><strong>se9damni</strong></span> <span class='ocrx_word' id='word_1_723' title='bbox 3207 3394 3467 3450; x_wconf 85' lang='lat' dir='ltr'><strong>habeant.</strong></span> 
     </span>
    </p>
   </div>
   <div class='ocr_carea' id='block_1_95' title="bbox 1881 3485 3469 3545">
    <p class='ocr_par' dir='ltr' id='par_1_95' title="bbox 1881 3485 3469 3545">
     <span class='ocr_line' id='line_1_95' title="bbox 1881 3485 3469 3545; baseline -0.004 -4"><span class='ocrx_word' id='word_1_724' title='bbox 1881 3487 1973 3541; x_wconf 84' lang='lat' dir='ltr'><strong>Sic</strong></span> <span class='ocrx_word' id='word_1_725' title='bbox 2011 3488 2162 3542; x_wconf 90' lang='lat' dir='ltr'><strong>enim</strong></span> <span class='ocrx_word' id='word_1_726' title='bbox 2198 3488 2289 3542; x_wconf 84' lang='lat' dir='ltr'><strong>ﬁet</strong></span> <span class='ocrx_word' id='word_1_727' title='bbox 2322 3496 2383 3543; x_wconf 88' lang='lat' dir='ltr'><strong>ut</strong></span> <span class='ocrx_word' id='word_1_728' title='bbox 2417 3488 2633 3545; x_wconf 89' lang='lat' dir='ltr'><strong>collatis</strong></span> <span class='ocrx_word' id='word_1_729' title='bbox 2670 3490 2729 3543; x_wconf 84' lang='lat' dir='ltr'><strong>in</strong></span> <span class='ocrx_word' id='word_1_730' title='bbox 2759 3502 2930 3542; x_wconf 89' lang='lat' dir='ltr'><strong>unum</strong></span> <span class='ocrx_word' id='word_1_731' title='bbox 2966 3486 3155 3541; x_wconf 89' lang='lat' dir='ltr'><strong>multis</strong></span> <span class='ocrx_word' id='word_1_732' title='bbox 3193 3485 3469 3541; x_wconf 86' lang='lat' dir='ltr'><strong>variorum</strong></span> 
     </span>
    </p>
   </div>
   <div class='ocr_carea' id='block_1_96' title="bbox 1880 3574 3469 3646">
    <p class='ocr_par' dir='ltr' id='par_1_96' title="bbox 1880 3574 3469 3646">
     <span class='ocr_line' id='line_1_96' title="bbox 1880 3574 3469 3646; baseline -0.003 -15"><span class='ocrx_word' id='word_1_733' title='bbox 1880 3578 2388 3641; x_wconf 83' lang='lat' dir='ltr'><strong>observationibus.</strong></span> <span class='ocrx_word' id='word_1_734' title='bbox 2419 3579 2488 3634; x_wconf 91' lang='lat' dir='ltr'><strong>ad</strong></span> <span class='ocrx_word' id='word_1_735' title='bbox 2543 3585 2757 3635; x_wconf 82' lang='lat' dir='ltr'><strong>rectum</strong></span> <span class='ocrx_word' id='word_1_736' title='bbox 2812 3576 3189 3646; x_wconf 81' lang='lat' dir='ltr'><strong>cognoscendi</strong></span> <span class='ocrx_word' id='word_1_737' title='bbox 3247 3574 3469 3630; x_wconf 90' lang='lat' dir='ltr'><strong>modum</strong></span> 
     </span>
    </p>
   </div>
   <div class='ocr_carea' id='block_1_97' title="bbox 1881 3666 3472 3739">
    <p class='ocr_par' dir='ltr' id='par_1_97' title="bbox 1881 3666 3472 3739">
     <span class='ocr_line' id='line_1_97' title="bbox 1881 3666 3472 3739; baseline -0.003 -16"><span class='ocrx_word' id='word_1_738' title='bbox 1881 3670 2206 3735; x_wconf 81' lang='lat' dir='ltr'><strong>ascendant,</strong></span> <span class='ocrx_word' id='word_1_739' title='bbox 2238 3678 2292 3725; x_wconf 89' lang='lat' dir='ltr'><strong>et</strong></span> <span class='ocrx_word' id='word_1_740' title='bbox 2320 3670 2527 3725; x_wconf 82' lang='lat' dir='ltr'><strong>sedulae</strong></span> <span class='ocrx_word' id='word_1_741' title='bbox 2564 3686 2630 3725; x_wconf 90' lang='lat' dir='ltr'><strong>ac</strong></span> <span class='ocrx_word' id='word_1_742' title='bbox 2660 3670 2883 3727; x_wconf 89' lang='lat' dir='ltr'><strong>solertis</strong></span> <span class='ocrx_word' id='word_1_743' title='bbox 2917 3669 3039 3739; x_wconf 86' lang='lat' dir='ltr'><strong>apis</strong></span> <span class='ocrx_word' id='word_1_744' title='bbox 3061 3668 3314 3738; x_wconf 84' lang='lat' dir='ltr'><strong>exemplo</strong></span> <span class='ocrx_word' id='word_1_745' title='bbox 3349 3666 3472 3721; x_wconf 90' lang='lat' dir='ltr'><strong>dul-</strong></span> 
     </span>
    </p>
   </div>
   <div class='ocr_carea' id='block_1_98' title="bbox 1880 3761 3473 3834">
    <p class='ocr_par' dir='ltr' id='par_1_98' title="bbox 1880 3761 3473 3834">
     <span class='ocr_line' id='line_1_98' title="bbox 1880 3761 3473 3834; baseline -0.002 -17"><span class='ocrx_word' id='word_1_746' title='bbox 1880 3778 1973 3819; x_wconf 92' lang='lat' dir='ltr'><strong>ces</strong></span> <span class='ocrx_word' id='word_1_747' title='bbox 2000 3762 2231 3833; x_wconf 89' lang='lat' dir='ltr'><strong>spiritus</strong></span> <span class='ocrx_word' id='word_1_748' title='bbox 2272 3761 2428 3818; x_wconf 79' lang='lat' dir='ltr'><strong>favos</strong></span> <span class='ocrx_word' id='word_1_749' title='bbox 2466 3763 2844 3834; x_wconf 87' lang='lat' dir='ltr'><strong>compingant.</strong></span> <span class='ocrx_word' id='word_1_750' title='bbox 2888 3762 3064 3817; x_wconf 83' lang='lat' dir='ltr'><strong>Aiunt</strong></span> <span class='ocrx_word' id='word_1_751' title='bbox 3106 3761 3293 3830; x_wconf 91' lang='lat' dir='ltr'><strong>itaque</strong></span> <span class='ocrx_word' id='word_1_752' title='bbox 3332 3774 3473 3814; x_wconf 90' lang='lat' dir='ltr'><strong>non—</strong></span> 
     </span>
    </p>
   </div>
   <div class='ocr_carea' id='block_1_99' title="bbox 1883 3852 3469 3926">
    <p class='ocr_par' dir='ltr' id='par_1_99' title="bbox 1883 3852 3469 3926">
     <span class='ocr_line' id='line_1_99' title="bbox 1883 3852 3469 3926; baseline -0.004 -18"><span class='ocrx_word' id='word_1_753' title='bbox 1883 3856 2017 3909; x_wconf 88' lang='lat' dir='ltr'><strong>nttlli</strong></span> <span class='ocrx_word' id='word_1_754' title='bbox 2046 3857 2147 3910; x_wconf 93' lang='lat' dir='ltr'><strong>viri</strong></span> <span class='ocrx_word' id='word_1_755' title='bbox 2170 3855 2426 3911; x_wconf 88' lang='lat' dir='ltr'><strong>doctrina</strong></span> <span class='ocrx_word' id='word_1_756' title='bbox 2457 3856 2620 3918; x_wconf 89' lang='lat' dir='ltr'><strong>clari,</strong></span> <span class='ocrx_word' id='word_1_757' title='bbox 2650 3864 2775 3926; x_wconf 90' lang='lat' dir='ltr'><strong>post</strong></span> <span class='ocrx_word' id='word_1_758' title='bbox 2798 3852 3307 3910; x_wconf 84' lang='lat' dir='ltr'><strong>Salvatorisuostri</strong></span> <span class='ocrx_word' id='word_1_759' title='bbox 3340 3867 3469 3906; x_wconf 83' lang='lat' dir='ltr'><strong>cru-</strong></span> 
     </span>
    </p>
   </div>
   <div class='ocr_carea' id='block_1_100' title="bbox 1879 3945 3466 4016">
    <p class='ocr_par' dir='ltr' id='par_1_100' title="bbox 1879 3945 3466 4016">
     <span class='ocr_line' id='line_1_100' title="bbox 1879 3945 3466 4016; baseline -0.005 -13"><span class='ocrx_word' id='word_1_760' title='bbox 1879 3964 2022 4010; x_wconf 90' lang='lat' dir='ltr'><strong>cem,</strong></span> <span class='ocrx_word' id='word_1_761' title='bbox 2077 3957 2132 4002; x_wconf 89' lang='lat' dir='ltr'><strong>et</strong></span> <span class='ocrx_word' id='word_1_762' title='bbox 2183 3950 2236 4003; x_wconf 93' lang='lat' dir='ltr'><strong>in</strong></span> <span class='ocrx_word' id='word_1_763' title='bbox 2290 3950 2462 4005; x_wconf 69' lang='lat' dir='ltr'><strong>caalos</strong></span> <span class='ocrx_word' id='word_1_764' title='bbox 2514 3948 2926 4015; x_wconf 89' lang='lat' dir='ltr'><strong>ascensionem,</strong></span> <span class='ocrx_word' id='word_1_765' title='bbox 2984 3946 3158 4002; x_wconf 83' lang='lat' dir='ltr'><strong>falsos</strong></span> <span class='ocrx_word' id='word_1_766' title='bbox 3199 3945 3466 4016; x_wconf 86' lang='lat' dir='ltr'><strong>quosdam</strong></span> 
     </span>
    </p>
   </div>
   <div class='ocr_carea' id='block_1_101' title="bbox 1882 4038 3461 4111">
    <p class='ocr_par' dir='ltr' id='par_1_101' title="bbox 1882 4038 3461 4111">
     <span class='ocr_line' id='line_1_101' title="bbox 1882 4038 3461 4111; baseline -0.003 -17"><span class='ocrx_word' id='word_1_767' title='bbox 1882 4049 2135 4111; x_wconf 89' lang='lat' dir='ltr'><strong>pastores</strong></span> <span class='ocrx_word' id='word_1_768' title='bbox 2157 4051 2210 4095; x_wconf 92' lang='lat' dir='ltr'><strong>et</strong></span> <span class='ocrx_word' id='word_1_769' title='bbox 2241 4042 2502 4097; x_wconf 90' lang='lat' dir='ltr'><strong>doctores</strong></span> <span class='ocrx_word' id='word_1_770' title='bbox 2528 4042 2686 4111; x_wconf 88' lang='lat' dir='ltr'><strong>quasi</strong></span> <span class='ocrx_word' id='word_1_771' title='bbox 2713 4040 3062 4097; x_wconf 81' lang='lat' dir='ltr'><strong>truculentas</strong></span> <span class='ocrx_word' id='word_1_772' title='bbox 3092 4039 3239 4095; x_wconf 79' lang='lat' dir='ltr'><strong>feras</strong></span> <span class='ocrx_word' id='word_1_773' title='bbox 3261 4038 3315 4092; x_wconf 90' lang='lat' dir='ltr'><strong>in</strong></span> <span class='ocrx_word' id='word_1_774' title='bbox 3341 4038 3461 4093; x_wconf 89' lang='lat' dir='ltr'><strong>Sal-</strong></span> 
     </span>
    </p>
   </div>
   <div class='ocr_carea' id='block_1_102' title="bbox 1882 4131 3467 4203">
    <p class='ocr_par' dir='ltr' id='par_1_102' title="bbox 1882 4131 3467 4203">
     <span class='ocr_line' id='line_1_102' title="bbox 1882 4131 3467 4203; baseline -0.002 -16"><span class='ocrx_word' id='word_1_775' title='bbox 1882 4136 2091 4187; x_wconf 85' lang='lat' dir='ltr'><strong>vatoris</strong></span> <span class='ocrx_word' id='word_1_776' title='bbox 2129 4136 2290 4189; x_wconf 89' lang='lat' dir='ltr'><strong>ovilia</strong></span> <span class='ocrx_word' id='word_1_777' title='bbox 2342 4136 2639 4196; x_wconf 83' lang='lat' dir='ltr'><strong>irruentes.</strong></span> <span class='ocrx_word' id='word_1_778' title='bbox 2675 4149 2787 4188; x_wconf 86' lang='lat' dir='ltr'><strong>non</strong></span> <span class='ocrx_word' id='word_1_779' title='bbox 2820 4148 3017 4203; x_wconf 84' lang='lat' dir='ltr'><strong>parum</strong></span> <span class='ocrx_word' id='word_1_780' title='bbox 3072 4131 3351 4196; x_wconf 82' lang='lat' dir='ltr'><strong>turbasse,</strong></span> <span class='ocrx_word' id='word_1_781' title='bbox 3402 4146 3467 4186; x_wconf 84' lang='lat' dir='ltr'><strong>ex</strong></span> 
     </span>
    </p>
   </div>
   <div class='ocr_carea' id='block_1_103' title="bbox 1881 4222 3469 4295">
    <p class='ocr_par' dir='ltr' id='par_1_103' title="bbox 1881 4222 3469 4295">
     <span class='ocr_line' id='line_1_103' title="bbox 1881 4222 3469 4295; baseline -0.003 -14"><span class='ocrx_word' id='word_1_782' title='bbox 1881 4227 2050 4282; x_wconf 90' lang='lat' dir='ltr'><strong>corde</strong></span> <span class='ocrx_word' id='word_1_783' title='bbox 2084 4243 2205 4289; x_wconf 90' lang='lat' dir='ltr'><strong>suo,</strong></span> <span class='ocrx_word' id='word_1_784' title='bbox 2252 4244 2359 4281; x_wconf 90' lang='lat' dir='ltr'><strong>non</strong></span> <span class='ocrx_word' id='word_1_785' title='bbox 2404 4244 2467 4283; x_wconf 80' lang='lat' dir='ltr'><strong>ex</strong></span> <span class='ocrx_word' id='word_1_786' title='bbox 2530 4243 2627 4283; x_wconf 88' lang='lat' dir='ltr'><strong>ore</strong></span> <span class='ocrx_word' id='word_1_787' title='bbox 2684 4225 2900 4281; x_wconf 89' lang='lat' dir='ltr'><strong>Domini</strong></span> <span class='ocrx_word' id='word_1_788' title='bbox 2954 4227 3267 4295; x_wconf 87' lang='lat' dir='ltr'><strong>loquentes,</strong></span> <span class='ocrx_word' id='word_1_789' title='bbox 3323 4222 3469 4277; x_wconf 88' lang='lat' dir='ltr'><strong>sicut</strong></span> 
     </span>
    </p>
   </div>
   <div class='ocr_carea' id='block_1_104' title="bbox 1883 4313 3464 4388">
    <p class='ocr_par' dir='ltr' id='par_1_104' title="bbox 1883 4313 3464 4388">
     <span class='ocr_line' id='line_1_104' title="bbox 1883 4313 3464 4388; baseline -0.004 -14"><span class='ocrx_word' id='word_1_790' title='bbox 1883 4319 2151 4388; x_wconf 88' lang='lat' dir='ltr'><strong>scriptum</strong></span> <span class='ocrx_word' id='word_1_791' title='bbox 2178 4326 2261 4373; x_wconf 89' lang='lat' dir='ltr'><strong>est</strong></span> <span class='ocrx_word' id='word_1_792' title='bbox 2296 4319 2361 4386; x_wconf 72' lang='grc'><strong>’⁷,</strong></span> <span class='ocrx_word' id='word_1_793' title='bbox 2393 4319 2504 4372; x_wconf 92' lang='lat' dir='ltr'><strong>imo</strong></span> <span class='ocrx_word' id='word_1_794' title='bbox 2527 4333 2659 4373; x_wconf 91' lang='lat' dir='ltr'><strong>vero</strong></span> <span class='ocrx_word' id='word_1_795' title='bbox 2690 4334 2801 4372; x_wconf 87' lang='lat' dir='ltr'><strong>non</strong></span> <span class='ocrx_word' id='word_1_796' title='bbox 2852 4332 2918 4371; x_wconf 82' lang='lat' dir='ltr'><strong>ex</strong></span> <span class='ocrx_word' id='word_1_797' title='bbox 2962 4317 3083 4372; x_wconf 89' lang='lat' dir='ltr'><strong>solo</strong></span> <span class='ocrx_word' id='word_1_798' title='bbox 3127 4329 3229 4371; x_wconf 93' lang='lat' dir='ltr'><strong>suo</strong></span> <span class='ocrx_word' id='word_1_799' title='bbox 3275 4313 3464 4377; x_wconf 89' lang='lat' dir='ltr'><strong>corde,</strong></span> 
     </span>
    </p>
   </div>
   <div class='ocr_carea' id='block_1_105' title="bbox 1884 4404 3466 4475">
    <p class='ocr_par' dir='ltr' id='par_1_105' title="bbox 1884 4404 3466 4475">
     <span class='ocr_line' id='line_1_105' title="bbox 1884 4404 3466 4475; baseline -0.003 -13"><span class='ocrx_word' id='word_1_800' title='bbox 1884 4408 1979 4463; x_wconf 91' lang='lat' dir='ltr'><strong>sed</strong></span> <span class='ocrx_word' id='word_1_801' title='bbox 2018 4424 2081 4464; x_wconf 83' lang='lat' dir='ltr'><strong>ex</strong></span> <span class='ocrx_word' id='word_1_802' title='bbox 2120 4408 2292 4475; x_wconf 89' lang='lat' dir='ltr'><strong>patris</strong></span> <span class='ocrx_word' id='word_1_803' title='bbox 2321 4412 2406 4464; x_wconf 91' lang='lat' dir='ltr'><strong>sui</strong></span> <span class='ocrx_word' id='word_1_804' title='bbox 2446 4409 2723 4475; x_wconf 88' lang='lat' dir='ltr'><strong>doctrina,</strong></span> <span class='ocrx_word' id='word_1_805' title='bbox 2766 4408 2971 4463; x_wconf 90' lang='lat' dir='ltr'><strong>diaboli</strong></span> <span class='ocrx_word' id='word_1_806' title='bbox 3013 4406 3320 4465; x_wconf 88' lang='lat' dir='ltr'><strong>nimirum:</strong></span> <span class='ocrx_word' id='word_1_807' title='bbox 3359 4423 3377 4457; x_wconf 80' lang='grc' dir='ltr'><strong>ι</strong></span> <span class='ocrx_word' id='word_1_808' title='bbox 3406 4404 3466 4458; x_wconf 85' lang='lat' dir='ltr'><strong>Si</strong></span> 
     </span>
    </p>
   </div>
   <div class='ocr_carea' id='block_1_106' title="bbox 1884 4494 3467 4568">
    <p class='ocr_par' dir='ltr' id='par_1_106' title="bbox 1884 4494 3467 4568">
     <span class='ocr_line' id='line_1_106' title="bbox 1884 4494 3467 4568; baseline -0.003 -15"><span class='ocrx_word' id='word_1_809' title='bbox 1884 4499 2031 4553; x_wconf 89' lang='lat' dir='ltr'><strong>enim</strong></span> <span class='ocrx_word' id='word_1_810' title='bbox 2068 4512 2230 4553; x_wconf 90' lang='lat' dir='ltr'><strong>nemo</strong></span> <span class='ocrx_word' id='word_1_811' title='bbox 2272 4506 2457 4568; x_wconf 89' lang='lat' dir='ltr'><strong>potest</strong></span> <span class='ocrx_word' id='word_1_812' title='bbox 2492 4498 2678 4554; x_wconf 88' lang='lat' dir='ltr'><strong>dicere</strong></span> <span class='ocrx_word' id='word_1_813' title='bbox 2735 4498 3028 4552; x_wconf 84' lang='lat' dir='ltr'><strong>anathema</strong></span> <span class='ocrx_word' id='word_1_814' title='bbox 3076 4494 3230 4561; x_wconf 84' lang='lat' dir='ltr'><strong>Jesu,</strong></span> <span class='ocrx_word' id='word_1_815' title='bbox 3264 4494 3371 4549; x_wconf 88' lang='lat' dir='ltr'><strong>nisi</strong></span> <span class='ocrx_word' id='word_1_816' title='bbox 3412 4494 3467 4549; x_wconf 89' lang='lat' dir='ltr'><strong>in</strong></span> 
     </span>
    </p>
   </div>
   <div class='ocr_carea' id='block_1_107' title="bbox 2361 4592 3465 4660">
    <p class='ocr_par' dir='ltr' id='par_1_107' title="bbox 2361 4592 3465 4660">
     <span class='ocr_line' id='line_1_107' title="bbox 2361 4592 3465 4660; baseline -0.003 -18"><span class='ocrx_word' id='word_1_817' title='bbox 2361 4610 2378 4642; x_wconf 75' lang='grc' dir='ltr'><strong>ι</strong></span> <span class='ocrx_word' id='word_1_818' title='bbox 2414 4592 2692 4660; x_wconf 90' lang='lat' dir='ltr'><strong>quomodo</strong></span> <span class='ocrx_word' id='word_1_819' title='bbox 2723 4606 2913 4645; x_wconf 88' lang='lat' dir='ltr'><strong>verum</strong></span> <span class='ocrx_word' id='word_1_820' title='bbox 2947 4605 3057 4644; x_wconf 92' lang='lat' dir='ltr'><strong>non</strong></span> <span class='ocrx_word' id='word_1_821' title='bbox 3095 4603 3220 4645; x_wconf 89' lang='lat' dir='ltr'><strong>esse</strong></span> <span class='ocrx_word' id='word_1_822' title='bbox 3245 4600 3465 4656; x_wconf 89' lang='lat' dir='ltr'><strong>compe-</strong></span> 
     </span>
    </p>
   </div>
   <div class='ocr_carea' id='block_1_108' title="bbox 1882 4680 3470 4751">
    <p class='ocr_par' dir='ltr' id='par_1_108' title="bbox 1882 4680 3470 4751">
     <span class='ocr_line' id='line_1_108' title="bbox 1882 4680 3470 4751; baseline -0.002 -16"><span class='ocrx_word' id='word_1_823' title='bbox 1882 4684 2054 4737; x_wconf 88' lang='lat' dir='ltr'><strong>rietur</strong></span> <span class='ocrx_word' id='word_1_824' title='bbox 2086 4681 2230 4751; x_wconf 90' lang='lat' dir='ltr'><strong>quod</strong></span> <span class='ocrx_word' id='word_1_825' title='bbox 2271 4682 2338 4737; x_wconf 89' lang='lat' dir='ltr'><strong>de</strong></span> <span class='ocrx_word' id='word_1_826' title='bbox 2380 4683 2468 4738; x_wconf 91' lang='lat' dir='ltr'><strong>his</strong></span> <span class='ocrx_word' id='word_1_827' title='bbox 2500 4681 2781 4739; x_wconf 89' lang='lat' dir='ltr'><strong>dicimus?</strong></span> <span class='ocrx_word' id='word_1_828' title='bbox 2821 4681 3084 4747; x_wconf 76' lang='lat' dir='ltr'><strong>Quam-am</strong></span> <span class='ocrx_word' id='word_1_829' title='bbox 3136 4689 3266 4736; x_wconf 89' lang='lat' dir='ltr'><strong>sunt</strong></span> <span class='ocrx_word' id='word_1_830' title='bbox 3304 4680 3470 4751; x_wconf 90' lang='lat' dir='ltr'><strong>igitur</strong></span> 
     </span>
    </p>
   </div>
   <div class='ocr_carea' id='block_1_109' title="bbox 1884 4772 3469 4845">
    <p class='ocr_par' dir='ltr' id='par_1_109' title="bbox 1884 4772 3469 4845">
     <span class='ocr_line' id='line_1_109' title="bbox 1884 4772 3469 4845; baseline -0.002 -18"><span class='ocrx_word' id='word_1_831' title='bbox 1884 4790 2004 4843; x_wconf 68' lang='lat' dir='ltr'><strong>qua:</strong></span> <span class='ocrx_word' id='word_1_832' title='bbox 2035 4775 2089 4828; x_wconf 93' lang='lat' dir='ltr'><strong>in</strong></span> <span class='ocrx_word' id='word_1_833' title='bbox 2122 4790 2285 4829; x_wconf 91' lang='lat' dir='ltr'><strong>suum</strong></span> <span class='ocrx_word' id='word_1_834' title='bbox 2315 4774 2393 4828; x_wconf 86' lang='lat' dir='ltr'><strong>illi</strong></span> <span class='ocrx_word' id='word_1_835' title='bbox 2423 4782 2589 4845; x_wconf 87' lang='lat' dir='ltr'><strong>caput</strong></span> <span class='ocrx_word' id='word_1_836' title='bbox 2618 4783 2969 4842; x_wconf 89' lang='lat' dir='ltr'><strong>eructarunt,</strong></span> <span class='ocrx_word' id='word_1_837' title='bbox 3002 4774 3095 4844; x_wconf 90' lang='lat' dir='ltr'><strong>qui</strong></span> <span class='ocrx_word' id='word_1_838' title='bbox 3126 4772 3469 4844; x_wconf 88' lang='lat' dir='ltr'><strong>unigenitum</strong></span> 
     </span>
    </p>
   </div>
   <div class='ocr_carea' id='block_1_110' title="bbox 1885 4864 3471 4936">
    <p class='ocr_par' dir='ltr' id='par_1_110' title="bbox 1885 4864 3471 4936">
     <span class='ocr_line' id='line_1_110' title="bbox 1885 4864 3471 4936; baseline -0.001 -16"><span class='ocrx_word' id='word_1_839' title='bbox 1885 4867 1978 4922; x_wconf 85' lang='lat' dir='ltr'><strong>Dei</strong></span> <span class='ocrx_word' id='word_1_840' title='bbox 2000 4864 2263 4932; x_wconf 87' lang='lat' dir='ltr'><strong>Verbum,</strong></span> <span class='ocrx_word' id='word_1_841' title='bbox 2290 4869 2473 4922; x_wconf 85' lang='lat' dir='ltr'><strong>lumen</strong></span> <span class='ocrx_word' id='word_1_842' title='bbox 2496 4867 2632 4921; x_wconf 90' lang='lat' dir='ltr'><strong>illud</strong></span> <span class='ocrx_word' id='word_1_843' title='bbox 2656 4874 2945 4930; x_wconf 65' lang='lat' dir='ltr'><strong>aeternum,</strong></span> <span class='ocrx_word' id='word_1_844' title='bbox 2978 4868 3028 4921; x_wconf 91' lang='lat' dir='ltr'><strong>in</strong></span> <span class='ocrx_word' id='word_1_845' title='bbox 3053 4882 3160 4936; x_wconf 89' lang='lat' dir='ltr'><strong>quo</strong></span> <span class='ocrx_word' id='word_1_846' title='bbox 3181 4873 3330 4921; x_wconf 86' lang='lat' dir='ltr'><strong>certe</strong></span> <span class='ocrx_word' id='word_1_847' title='bbox 3350 4878 3471 4920; x_wconf 91' lang='lat' dir='ltr'><strong>om-</strong></span> 
     </span>
    </p>
   </div>
   <div class='ocr_carea' id='block_1_111' title="bbox 1885 4957 3468 5028">
    <p class='ocr_par' dir='ltr' id='par_1_111' title="bbox 1885 4957 3468 5028">
     <span class='ocr_line' id='line_1_111' title="bbox 1885 4957 3468 5028; baseline -0.002 -15"><span class='ocrx_word' id='word_1_848' title='bbox 1885 4974 1984 5014; x_wconf 91' lang='lat' dir='ltr'><strong>nes</strong></span> <span class='ocrx_word' id='word_1_849' title='bbox 2009 4966 2062 5015; x_wconf 90' lang='lat' dir='ltr'><strong>et</strong></span> <span class='ocrx_word' id='word_1_850' title='bbox 2093 4974 2378 5015; x_wconf 88' lang='lat' dir='ltr'><strong>movemur</strong></span> <span class='ocrx_word' id='word_1_851' title='bbox 2397 4966 2452 5014; x_wconf 89' lang='lat' dir='ltr'><strong>et</strong></span> <span class='ocrx_word' id='word_1_852' title='bbox 2473 4974 2665 5014; x_wconf 89' lang='lat' dir='ltr'><strong>sumus</strong></span> <span class='ocrx_word' id='word_1_853' title='bbox 2697 4960 2762 5023; x_wconf 84' lang='grc'><strong>¹³,</strong></span> <span class='ocrx_word' id='word_1_854' title='bbox 2788 4967 2901 5012; x_wconf 90' lang='lat' dir='ltr'><strong>tum</strong></span> <span class='ocrx_word' id='word_1_855' title='bbox 2936 4958 3171 5028; x_wconf 86' lang='lat' dir='ltr'><strong>primum</strong></span> <span class='ocrx_word' id='word_1_856' title='bbox 3199 4957 3256 5011; x_wconf 93' lang='lat' dir='ltr'><strong>in</strong></span> <span class='ocrx_word' id='word_1_857' title='bbox 3286 4971 3468 5012; x_wconf 89' lang='lat' dir='ltr'><strong>rerum</strong></span> 
     </span>
    </p>
   </div>
   <div class='ocr_carea' id='block_1_112' title="bbox 1886 5050 3470 5122">
    <p class='ocr_par' dir='ltr' id='par_1_112' title="bbox 1886 5050 3470 5122">
     <span class='ocr_line' id='line_1_112' title="bbox 1886 5050 3470 5122; baseline -0.002 -15"><span class='ocrx_word' id='word_1_858' title='bbox 1886 5064 2135 5107; x_wconf 76' lang='lat' dir='ltr'><strong>naturam</strong></span> <span class='ocrx_word' id='word_1_859' title='bbox 2169 5052 2437 5121; x_wconf 91' lang='lat' dir='ltr'><strong>prodiisse</strong></span> <span class='ocrx_word' id='word_1_860' title='bbox 2469 5053 2686 5107; x_wconf 90' lang='lat' dir='ltr'><strong>indocte</strong></span> <span class='ocrx_word' id='word_1_861' title='bbox 2722 5059 2777 5107; x_wconf 85' lang='lat' dir='ltr'><strong>et</strong></span> <span class='ocrx_word' id='word_1_862' title='bbox 2799 5050 2964 5122; x_wconf 91' lang='lat' dir='ltr'><strong>impie</strong></span> <span class='ocrx_word' id='word_1_863' title='bbox 2990 5057 3267 5117; x_wconf 83' lang='lat' dir='ltr'><strong>asserunt,</strong></span> <span class='ocrx_word' id='word_1_864' title='bbox 3293 5065 3470 5119; x_wconf 89' lang='lat' dir='ltr'><strong>quan-</strong></span> 
     </span>
    </p>
   </div>
   <div class='ocr_carea' id='block_1_113' title="bbox 1885 5141 3466 5213">
    <p class='ocr_par' dir='ltr' id='par_1_113' title="bbox 1885 5141 3466 5213">
     <span class='ocr_line' id='line_1_113' title="bbox 1885 5141 3466 5213; baseline -0.003 -15"><span class='ocrx_word' id='word_1_865' title='bbox 1885 5145 1955 5198; x_wconf 92' lang='lat' dir='ltr'><strong>do</strong></span> <span class='ocrx_word' id='word_1_866' title='bbox 1988 5158 2051 5197; x_wconf 79' lang='lat' dir='ltr'><strong>ex</strong></span> <span class='ocrx_word' id='word_1_867' title='bbox 2084 5153 2271 5198; x_wconf 89' lang='lat' dir='ltr'><strong>sancta</strong></span> <span class='ocrx_word' id='word_1_868' title='bbox 2308 5141 2535 5213; x_wconf 84' lang='lat' dir='ltr'><strong>Virgine</strong></span> <span class='ocrx_word' id='word_1_869' title='bbox 2560 5143 2726 5198; x_wconf 85' lang='lat' dir='ltr'><strong>homo</strong></span> <span class='ocrx_word' id='word_1_870' title='bbox 2752 5151 2915 5198; x_wconf 89' lang='lat' dir='ltr'><strong>natus</strong></span> <span class='ocrx_word' id='word_1_871' title='bbox 2954 5149 3064 5207; x_wconf 87' lang='lat' dir='ltr'><strong>est,</strong></span> <span class='ocrx_word' id='word_1_872' title='bbox 3107 5150 3161 5197; x_wconf 90' lang='lat' dir='ltr'><strong>et</strong></span> <span class='ocrx_word' id='word_1_873' title='bbox 3192 5142 3466 5198; x_wconf 88' lang='lat' dir='ltr'><strong>communi</strong></span> 
     </span>
    </p>
   </div>
   <div class='ocr_carea' id='block_1_114' title="bbox 1889 5231 3471 5303">
    <p class='ocr_par' dir='ltr' id='par_1_114' title="bbox 1889 5231 3471 5303">
     <span class='ocr_line' id='line_1_114' title="bbox 1889 5231 3471 5303; baseline -0.001 -17"><span class='ocrx_word' id='word_1_874' title='bbox 1889 5233 1989 5288; x_wconf 88' lang='lat' dir='ltr'><strong>hac</strong></span> <span class='ocrx_word' id='word_1_875' title='bbox 2033 5232 2205 5286; x_wconf 81' lang='lat' dir='ltr'><strong>forma</strong></span> <span class='ocrx_word' id='word_1_876' title='bbox 2254 5242 2537 5303; x_wconf 73' lang='lat' dir='ltr'><strong>assumpta</strong></span> <span class='ocrx_word' id='word_1_877' title='bbox 2575 5234 2631 5287; x_wconf 91' lang='lat' dir='ltr'><strong>in</strong></span> <span class='ocrx_word' id='word_1_878' title='bbox 2679 5243 2826 5288; x_wconf 88' lang='lat' dir='ltr'><strong>terra</strong></span> <span class='ocrx_word' id='word_1_879' title='bbox 2864 5233 3019 5288; x_wconf 79' lang='lat' dir='ltr'><strong>visus</strong></span> <span class='ocrx_word' id='word_1_880' title='bbox 3074 5241 3179 5297; x_wconf 89' lang='lat' dir='ltr'><strong>est,</strong></span> <span class='ocrx_word' id='word_1_881' title='bbox 3216 5241 3276 5287; x_wconf 84' lang='grc' dir='ltr'><strong>ιιι</strong></span> <span class='ocrx_word' id='word_1_882' title='bbox 3331 5231 3471 5288; x_wconf 87' lang='lat' dir='ltr'><strong>scri-</strong></span> 
     </span>
    </p>
   </div>
   <div class='ocr_carea' id='block_1_115' title="bbox 1887 5325 3462 5395">
    <p class='ocr_par' dir='ltr' id='par_1_115' title="bbox 1887 5325 3462 5395">
     <span class='ocr_line' id='line_1_115' title="bbox 1887 5325 3462 5395; baseline 0 -17"><span class='ocrx_word' id='word_1_883' title='bbox 1887 5337 2039 5395; x_wconf 89' lang='lat' dir='ltr'><strong>ptum</strong></span> <span class='ocrx_word' id='word_1_884' title='bbox 2071 5336 2184 5381; x_wconf 84' lang='lat' dir='ltr'><strong>est;</strong></span> <span class='ocrx_word' id='word_1_885' title='bbox 2211 5344 2227 5374; x_wconf 79' lang='grc' dir='ltr'><strong>ι</strong></span> <span class='ocrx_word' id='word_1_886' title='bbox 2259 5325 2323 5378; x_wconf 84' lang='grc' dir='ltr'><strong>Ει</strong></span> <span class='ocrx_word' id='word_1_887' title='bbox 2346 5342 2470 5381; x_wconf 72' lang='lat' dir='ltr'><strong>cum</strong></span> <span class='ocrx_word' id='word_1_888' title='bbox 2505 5328 2820 5381; x_wconf 89' lang='lat' dir='ltr'><strong>hominibus</strong></span> <span class='ocrx_word' id='word_1_889' title='bbox 2852 5334 3211 5382; x_wconf 82' lang='lat' dir='ltr'><strong>conversatus</strong></span> <span class='ocrx_word' id='word_1_890' title='bbox 3233 5334 3319 5381; x_wconf 92' lang='lat' dir='ltr'><strong>est</strong></span> <span class='ocrx_word' id='word_1_891' title='bbox 3336 5325 3421 5378; x_wconf 69' lang='grc' dir='ltr'><strong>ὀἳ</strong></span> <span class='ocrx_word' id='word_1_892' title='bbox 3445 5345 3462 5376; x_wconf 72' lang='grc' dir='ltr'><strong>ι</strong></span> 
     </span>
    </p>
   </div>
   <div class='ocr_carea' id='block_1_116' title="bbox 1884 5412 3470 5482">
    <p class='ocr_par' dir='ltr' id='par_1_116' title="bbox 1884 5412 3470 5482">
     <span class='ocr_line' id='line_1_116' title="bbox 1884 5412 3470 5482; baseline -0.001 -13"><span class='ocrx_word' id='word_1_893' title='bbox 1884 5416 2032 5482; x_wconf 85' lang='lat' dir='ltr'><strong>Quos</strong></span> <span class='ocrx_word' id='word_1_894' title='bbox 2064 5416 2137 5470; x_wconf 83' lang='lat' dir='ltr'><strong>ita</strong></span> <span class='ocrx_word' id='word_1_895' title='bbox 2174 5418 2498 5479; x_wconf 88' lang='lat' dir='ltr'><strong>sentientes,</strong></span> <span class='ocrx_word' id='word_1_896' title='bbox 2532 5423 2586 5471; x_wconf 93' lang='lat' dir='ltr'><strong>et</strong></span> <span class='ocrx_word' id='word_1_897' title='bbox 2622 5414 2953 5471; x_wconf 81' lang='lat' dir='ltr'><strong>ineﬂ‘abiletn</strong></span> <span class='ocrx_word' id='word_1_898' title='bbox 2983 5431 3047 5471; x_wconf 89' lang='lat' dir='ltr'><strong>ac</strong></span> <span class='ocrx_word' id='word_1_899' title='bbox 3076 5425 3340 5471; x_wconf 67' lang='lat' dir='ltr'><strong>aeternam</strong></span> <span class='ocrx_word' id='word_1_900' title='bbox 3378 5412 3470 5468; x_wconf 89' lang='lat' dir='ltr'><strong>Fi-</strong></span> 
     </span>
    </p>
   </div>
   <div class='ocr_carea' id='block_1_117' title="bbox 1879 5507 3467 5580">
    <p class='ocr_par' dir='ltr' id='par_1_117' title="bbox 1879 5507 3467 5580">
     <span class='ocr_line' id='line_1_117' title="bbox 1879 5507 3467 5580; baseline -0.003 -18"><span class='ocrx_word' id='word_1_901' title='bbox 1879 5510 1933 5564; x_wconf 92' lang='lat' dir='ltr'><strong>lii</strong></span> <span class='ocrx_word' id='word_1_902' title='bbox 1986 5509 2393 5577; x_wconf 86' lang='lat' dir='ltr'><strong>generationem</strong></span> <span class='ocrx_word' id='word_1_903' title='bbox 2428 5509 2692 5565; x_wconf 87' lang='lat' dir='ltr'><strong>vellicare</strong></span> <span class='ocrx_word' id='word_1_904' title='bbox 2727 5510 3014 5575; x_wconf 86' lang='lat' dir='ltr'><strong>audentes,</strong></span> <span class='ocrx_word' id='word_1_905' title='bbox 3051 5510 3341 5580; x_wconf 65' lang='lat' dir='ltr'><strong>propltetae</strong></span> <span class='ocrx_word' id='word_1_906' title='bbox 3380 5507 3467 5561; x_wconf 83' lang='lat' dir='ltr'><strong>di-</strong></span> 
     </span>
    </p>
   </div>
   <div class='ocr_carea' id='block_1_118' title="bbox 1877 5600 3472 5672">
    <p class='ocr_par' dir='ltr' id='par_1_118' title="bbox 1877 5600 3472 5672">
     <span class='ocr_line' id='line_1_118' title="bbox 1877 5600 3472 5672; baseline -0.002 -17"><span class='ocrx_word' id='word_1_907' title='bbox 1877 5610 2024 5656; x_wconf 86' lang='lat' dir='ltr'><strong>clum</strong></span> <span class='ocrx_word' id='word_1_908' title='bbox 2057 5603 2136 5656; x_wconf 89' lang='lat' dir='ltr'><strong>sic</strong></span> <span class='ocrx_word' id='word_1_909' title='bbox 2160 5611 2313 5672; x_wconf 83' lang='lat' dir='ltr'><strong>urget</strong></span> <span class='ocrx_word' id='word_1_910' title='bbox 2348 5622 2360 5656; x_wconf 83' lang='lat'><strong>:</strong></span> <span class='ocrx_word' id='word_1_911' title='bbox 2394 5620 2413 5653; x_wconf 82' lang='grc' dir='ltr'><strong>ι</strong></span> <span class='ocrx_word' id='word_1_912' title='bbox 2440 5601 2546 5658; x_wconf 87' lang='lat' dir='ltr'><strong>Vos</strong></span> <span class='ocrx_word' id='word_1_913' title='bbox 2580 5610 2760 5659; x_wconf 85' lang='lat' dir='ltr'><strong>autem</strong></span> <span class='ocrx_word' id='word_1_914' title='bbox 2797 5603 3041 5660; x_wconf 88' lang='lat' dir='ltr'><strong>accedite</strong></span> <span class='ocrx_word' id='word_1_915' title='bbox 3076 5605 3204 5668; x_wconf 91' lang='lat' dir='ltr'><strong>huc,</strong></span> <span class='ocrx_word' id='word_1_916' title='bbox 3241 5601 3335 5657; x_wconf 85' lang='lat' dir='ltr'><strong>lilii</strong></span> <span class='ocrx_word' id='word_1_917' title='bbox 3371 5600 3472 5654; x_wconf 91' lang='lat' dir='ltr'><strong>ini-</strong></span> 
     </span>
    </p>
   </div>
   <div class='ocr_carea' id='block_1_119' title="bbox 1885 5694 3473 5767">
    <p class='ocr_par' dir='ltr' id='par_1_119' title="bbox 1885 5694 3473 5767">
     <span class='ocr_line' id='line_1_119' title="bbox 1885 5694 3473 5767; baseline -0.002 -18"><span class='ocrx_word' id='word_1_918' title='bbox 1885 5694 2001 5764; x_wconf 90' lang='lat' dir='ltr'><strong>qui,</strong></span> <span class='ocrx_word' id='word_1_919' title='bbox 2066 5710 2252 5750; x_wconf 89' lang='lat' dir='ltr'><strong>semen</strong></span> <span class='ocrx_word' id='word_1_920' title='bbox 2328 5695 2700 5751; x_wconf 88' lang='lat' dir='ltr'><strong>adulterorum</strong></span> <span class='ocrx_word' id='word_1_921' title='bbox 2756 5705 2810 5752; x_wconf 85' lang='lat' dir='ltr'><strong>et</strong></span> <span class='ocrx_word' id='word_1_922' title='bbox 2872 5696 3183 5751; x_wconf 69' lang='lat' dir='ltr'><strong>l‘nrnicariae</strong></span> <span class='ocrx_word' id='word_1_923' title='bbox 3238 5711 3251 5749; x_wconf 89' lang='lat'>:</span> <span class='ocrx_word' id='word_1_924' title='bbox 3305 5706 3473 5767; x_wconf 84' lang='lat' dir='ltr'><strong>super</strong></span> 
     </span>
    </p>
   </div>
   <div class='ocr_carea' id='block_1_120' title="bbox 2580 5849 3108 5912">
    <p class='ocr_par' dir='ltr' id='par_1_120' title="bbox 2580 5849 3108 5912">
     <span class='ocr_line' id='line_1_120' title="bbox 2580 5849 3108 5912; baseline 0.004 -8"><span class='ocrx_word' id='word_1_925' title='bbox 2580 5852 2624 5883; x_wconf 83' lang='lat'><strong>&#39;°</strong></span> <span class='ocrx_word' id='word_1_926' title='bbox 2656 5849 2869 5905; x_wconf 76' lang='lat' dir='ltr'><strong>Bat&#39;uclt</strong></span> <span class='ocrx_word' id='word_1_927' title='bbox 2894 5865 2974 5912; x_wconf 67' lang='grc' dir='ltr'><strong>ιιι,</strong></span> <span class='ocrx_word' id='word_1_928' title='bbox 3018 5851 3108 5906; x_wconf 76' lang='lat'><strong>38.</strong></span> 
     </span>
    </p>
   </div>
  </div>
