4226 6494
726 418 798 469 25
1740 416 1799 471 S.
1843 413 2118 471 CYRILLI
2149 413 2326 469 ALEX

2440 413 2624 470 υιιιΝι
2664 408 2987 469 ARCHIEP.
3942 403 4019 456 ει

726 544 889 601 quem
915 532 1151 595 lusistis.
1184 542 1238 588 et
1259 548 1427 604 super
1448 546 1611 603 quem
1635 531 1935 603 aperuistis
1957 547 2020 588 os
2047 541 2315 593 vestrum,

2431 530 2654 600 κλῆσθαι
2680 528 2816 600 πρὸς
2846 526 3081 597 ὓπαρξιν
3112 525 3343 596 ἀμαθῶς
3374 540 3432 578 τε
3459 526 3551 579 καὶ
3570 522 3784 587 ἀσεϐῶς
3816 522 4023 592 διισχυ-

725 630 782 678 et
821 637 987 693 super
1015 640 1179 695 quem
1215 625 1443 681 laxastis
1471 625 1709 695 linguam
1739 632 1982 680 vestram
2019 625 2101 675 “1'
2138 643 2155 675 ι
2196 638 2319 693 qua:

2431 622 2686 694 ρίζονται,
2740 622 2828 674 ὅτε
2885 620 2979 673 καὶ
3010 619 3297 691 ἄνθρωπος
3336 616 3427 671 διὰ
3474 616 3574 687 τῆς
3611 615 3774 684 ἀγίας
3825 614 4019 684 ὲτέχθη

726 731 839 771 non
871 732 940 771 ex
973 718 1142 773 corde
1171 718 1318 773 bono
1348 719 1561 774 scilicet
1607 718 1821 788 profert
1860 718 2026 780 bona,
2063 715 2163 771 sed
2188 730 2316 769 cru-

2431 714 2726 786 Παρθένου,
2761 712 2855 766 καὶ
2882 713 2945 765 τὸ
2982 712 3163 765 κοινὸν
3210 711 3274 780 δὴ
3304 712 3464 762 τοῦτο
3503 708 3689 778 σχῆμα
3713 703 3896 759 λαϐὼν
3925 706 4022 757 ἐπὶ

727 808 867 864 delis
895 809 1167 879 serpentis
1197 826 1470 867 venenum
1504 811 1749 881 exspuit,
1782 811 1851 867 de
1877 825 1989 881 quo
2029 808 2325 864 Psalmista

2431 806 2529 875 γῆς
2577 804 2756 873 ὤφθη,
2804 802 2947 857 καθά
2989 802 3321 872 γέγραπται,
3362 818 3380 851 ι
3411 798 3524 852 Καὶ⁴
3551 802 3662 859 τοῖς
3711 794 4023 867 ἀνθρώποις

728 900 797 954 ad
828 917 997 956 unum
1028 904 1273 959 universi
1308 904 1478 960 Deum
1505 904 1814 960 oralionem
1845 912 2179 960 convertens
2208 903 2286 957 ait
2312 929 2326 967 ε

2436 897 2885 968 συνανεστράφης
2911 914 2929 947 ›
2964 892 3090 957 Τοῖς
3112 893 3211 963 μὲν
3238 888 3331 946 οῦν
3358 892 3487 963 τῇδε
3512 890 3899 959 διακειμένοις,
3927 887 4025 940 καὶ

734 1010 750 1039 ι
785 989 866 1045 Tu
899 994 1221 1067 confregisti
1252 999 1435 1067 capita
1459 997 1721 1053 draconis
1749 1000 1793 1030 ³³
1845 1016 1864 1050 ι

2433 991 2533 1061 τὴν
2566 989 2804 1062 ἀῤῥητόν
2859 1004 2918 1041 τε
2968 987 3062 1040 καὶ
3101 984 3430 1057 προαιώνιον
3462 1000 3557 1037 του
3599 981 3731 1035 Υιοῦ
3765 979 4021 1048 γέννησιν

732 1066 1139 1159 συκοφαντῆσαι
1170 1066 1529 1161 τολμήσασιν,
1578 1092 1607 1144 6
1647 1090 1985 1161 προφητικὺς
2015 1090 2345 1159 ἐπισκήπτει
2385 1086 2563 1153 λόγος,
2615 1084 2754 1155 ἔχων
2788 1081 2886 1135 ῶδί
2912 1097 2925 1111 ’
2962 1100 2979 1133 ι
3027 1080 3215 1149 Ὑμεῖς
3248 1078 3306 1132 δὲ.
3343 1076 3724 1148 προσαγάγετε
3757 1066 3883 1140 ὧδε,
3911 1070 4024 1124 υἱοὶ

732 1177 946 1251 ἄγαμοί,
979 1182 1201 1252 σπέρμα
1234 1182 1437 1253 μοιχῶν
1474 1183 1567 1237 καὶ
1600 1181 1808 1253 πόρνης
1834 1198 1847 1212 ’
1900 1185 1958 1236 ἐν
1990 1181 2545 1251 τίνιὲνετρυφήσατε,
2584 1177 2676 1229 καὶ
2728 1174 2822 1227 ἐπὶ
2897 1174 3020 1227 τίνα
3064 1172 3317 1242 ὴνοίξατε
3347 1170 3409 1222 τὸ
3445 1169 3619 1238 στόμα
3687 1167 3865 1237 ὑμῶν,
3928 1161 4028 1218 καὶ

732 1274 826 1323 ἐπὶ
878 1272 998 1325 τίνα
1053 1274 1355 1342 ἐχαλάσατε
1402 1274 1500 1344 τὴν
1547 1274 1800 1343 γλῶσσαν
1836 1274 2025 1345 ὑμῶν;
2068 1293 2086 1325 ι
2148 1275 2248 1327 οὑκ
2296 1272 2355 1337 ἐξ
2395 1271 2603 1340 ἀγαθῆς
2659 1268 2903 1338 δηλονότι
2958 1266 3187 1338 καρδίας
3220 1263 3586 1317 ἐκϐάλλουσαν
3617 1259 3818 1329 ἀγαθὰ,
3885 1256 4028 1311 ἀλλὰ

731 1363 825 1415 τὸν
874 1363 967 1414 τοῦ
1034 1364 1320 1433 μιαιφόνου
1345 1365 1638 1435 δράκοντος
1674 1366 1750 1420 ίὸν
1793 1365 2197 1430 ἀναπτιῖουσαν,
2248 1362 2377 1433 περὶ
2414 1358 2475 1415 οὗ
2508 1377 2673 1432 φησιν
2706 1361 2735 1413 6
2762 1357 3016 1428 Μελῳδδς
3044 1357 3121 1422 ὡς
3154 1356 3293 1428 πρὸς
3325 1355 3417 1408 τὸν
3446 1353 3541 1408 ἕνα
3581 1352 3674 1407 καὶ
3724 1350 3821 1404 ἐπὶ
3883 1349 4028 1403 πάν-

735 1468 844 1506 των
864 1454 996 1507 Θεόν
1024 1473 1036 1485 ·
1074 1473 1092 1506 t
1162 1457 1234 1509 Σὺ
1290 1457 1623 1526 συνέτριψας
1649 1458 1751 1522 τὰς
1804 1457 2047 1528 κεφαλὰς
2074 1456 2171 1511 τοῦ
2198 1456 2515 1528 δράκοντος.
2559 1472 2577 1505 ι

1415 1553 1572 1609 CAP.
1607 1554 1648 1609 Ι.

846 1641 1001 1707 Quod
1027 1654 1256 1699 αἰεί-ηαδ
1291 1648 1360 1699 sit
1403 1656 1453 1700 et
1489 1656 1613 1701 ante
1643 1647 1842 1701 sarcula
1877 1645 2214 1717 Unigem’tus.

808 1736 947 1789 Cum
994 1746 1175 1791 autem
1232 1754 1341 1794 non
1389 1754 1585 1807 parum
1619 1740 1672 1792 in
1712 1740 1798 1792 bis
1832 1738 2075 1792 ﬁdelium
2111 1746 2323 1791 mentes

3045 1546 3299 1600 ΚΕΦΑΛ.
3336 1546 3417 1597 Α’.

2434 1643 2566 1695 Ὀτι
2610 1641 2806 1707 ἀΐδιος
2862 1640 2961 1694 καί
3004 1637 3119 1707 πρὸ
3158 1636 3281 1691 τῶν
3315 1635 3546 1691 αἰώνων
3581 1637 3613 1688 ὀ
3651 1630 4023 1702 Μονογενής.

2520 1735 2739 1805 Ἐπειδὴ
2770 1734 2825 1787 δὲ
2868 1734 2931 1786 οὑ
2965 1731 3157 1803 μικρὸς
3201 1730 3331 1801 περὶ
3365 1728 3570 1782 τούτων
3612 1730 3669 1780 ἐν
3718 1727 3830 1787 τοῖς
3858 1740 4027 1777 πεπι-

735 1827 1113 1893 turbarentur,
1145 1838 1199 1885 et
1243 1831 1640 1901 simpliciorum
1680 1832 1897 1885 animos
1935 1832 2111 1885 instar
2152 1830 2325 1900 pestis

2435 1829 2718 1884 στευκόσιν
2750 1830 2778 1881 ὁ
2809 1826 3039 1898 θόρυϐος
3074 1822 3141 1896 ἧν
3166 1864 3181 1889 ,
3211 1823 3306 1877 καὶ
3349 1822 3448 1885 τὰς
3496 1820 3606 1874 τῶν
3636 1817 4028 1887 ἁπλουστέρων

736 1918 984 1974 seandali
1038 1921 1157 1976 lues
1200 1923 1594 1991 depasceretur
1642 1922 1936 1991 (putabant
1992 1923 2139 1976 enim
2188 1936 2326 1975 non-

734 2010 871 2064 nulli
906 2013 1067 2081 nugis
1095 2013 1315 2067 illorum
1358 2031 1386 2068 a
1420 2031 1546 2071 vera
1578 2014 1832 2078 doctrina
1861 2014 2108 2077 abducti,
2148 2014 2205 2068 in
2238 2029 2327 2069 re-

737 2118 857 2157 rum
893 2113 1151 2159 naturam
1172 2115 1284 2162 tum
1306 2107 1393 2162 vix
1426 2108 1702 2178 prodiisse
1724 2106 1988 2173 Verbum,
2015 2123 2140 2163 cum
2163 2108 2327 2161 homo

734 2198 916 2255 factus
954 2199 1101 2269 est):
1136 2201 1230 2271 qui
1277 2202 1421 2257 inter
1443 2217 1539 2258 eos
1566 2203 1839 2273 sapientia
1874 2203 2233 2273 praestabant,
2271 2202 2325 2256 in

734 2306 905 2345 unum
929 2294 1269 2365 congregati,
1300 2294 1405 2365 ιο
1429 2306 1701 2350 venerunt
1731 2296 1799 2350 ad
1825 2294 2131 2351 Salvatoris
2152 2295 2326 2351 disci-

737 2384 949 2453 pulum,
977 2385 1157 2455 ipsum
1192 2402 1387 2457 nempe
1416 2386 1707 2453 Joannem,
1731 2396 1785 2443 et
1810 2389 2063 2443 morbum
2095 2388 2189 2458 qui
2224 2388 2329 2441 fra-

736 2483 850 2531 tres
888 2477 1170 2532 invaserat
1215 2480 1565 2547 nuntiarunt,
1601 2489 1766 2550 atque
1797 2481 2187 2536 haereticorum
2227 2496 2327 2534 nu-

735 2583 833 2638 gas
881 2568 1233 2635 detexerunt,
1269 2579 1325 2625 et
1372 2572 1479 2627 sibi
1528 2573 1825 2627 confestim
1873 2572 2069 2627 adesse
2108 2572 2326 2640 spirita-

739 2661 885 2717 libus
936 2662 1396 2718 illustrationibus
1448 2672 1740 2735 rogarunt,
1775 2672 1829 2719 et
1871 2666 1987 2735 jam
2034 2663 2330 2719 diabolicis

736 2756 948 2811 retibus
989 2756 1252 2810 involutis
1282 2757 1579 2812 salutarem
1624 2772 1849 2812 manum
1892 2758 2195 2828 porrigere.
2226 2756 2329 2810 Eo-

736 2864 856 2902 rum
890 2849 1062 2919 igitur
1093 2850 1186 2919 qui
1233 2850 1511 2919 perierant
1542 2856 1595 2905 et
1644 2860 1829 2905 mente
1862 2852 2107 2921 corrupti
2142 2858 2322 2913 erant,

2430 1919 2606 1991 ψυχὰς
2635 1917 2825 1988 λοιμοῦ
2851 1916 3004 1987 δίκην
3032 1915 3093 1969 τὸ
3120 1916 3184 1968 ἐκ
3212 1911 3304 1966 τοῦ
3330 1910 3627 1965 σκανδάλου
3657 1906 4029 1961 κατεϐόσκετο

2432 2010 2626 2081 βλάϐος
2676 2006 2866 2079 (ᾤοντο
2897 2007 3004 2077 γὰρ
3032 2006 3203 2068 ὅντως
3233 2001 3399 2066 τινὲς,
3454 2002 3575 2063 ταῖς
3625 2001 3756 2069 παρ’
3797 1995 4027 2050 ἐκείνων

2431 2084 2721 2170 φλυαρίαις
2774 2100 2881 2152 τῶν
2939 2095 3155 2168 ἀληθῶν
3212 2092 3557 2163 ἐξελκόμενοι
3599 2090 3911 2161 δογμάτων,
3941 2088 4026 2149 είς

2431 2195 2606 2267 ἀρχὴν
2634 2194 2728 2246 τοῦ
2751 2187 2890 2245 εἶναι
2921 2192 3039 2244 τότε
3073 2188 3227 2260 μόλις
3256 2184 3557 2257 κεκλῆσθαι
3583 2183 3675 2237 τὸν
3705 2182 3901 2250 Λόγον,
3930 2180 4025 2232 ὅτε

2431 2290 2652 2359 γέγονεν
2678 2285 2983 2357 ἄνθρωπος)
3012 2301 3027 2314 ·
3058 2279 3471 2351 συνενεχθέντες
3490 2320 3505 2345 ,
3540 2277 3635 2331 καὶ
3663 2274 3805 2328 κατὰ
3828 2272 4029 2326 ταυτὸν

2429 2377 2711 2446 γενόμενοι
2739 2414 2754 2439 ,
2804 2372 2913 2426 τῶν
2969 2371 3381 2425 πιστευσάντων
3411 2370 3570 2437 οἵπερ
3609 2363 3747 2438 ἦσαν
3777 2362 4031 2434 νουνεχέ-

2433 2488 2638 2540 στεροι,
2692 2468 2831 2539 πρὸς
2871 2468 2962 2521 τὸν
3008 2467 3101 2520 τοῦ
3132 2465 3386 2536 Σωτῆρος
3434 2464 3692 2533 ἀφίκοντο
3750 2456 4027 2529 μαθητὴν,

2432 2564 2594 2619 αὑτὸν
2630 2562 2687 2616 δὲ
2741 2561 2984 2633 δηλονότι
3013 2560 3105 2613 τὸν
3155 2560 3431 2630 Ἰωάννην,
3469 2556 3651 2626 φημὶ,
3684 2552 3779 2606 καὶ
3812 2551 3878 2621 δὴ
3928 2547 4029 2602 καὶ

2431 2656 2530 2726 τὴν
2560 2657 2677 2718 τοῖς
2702 2653 2954 2721 ἀδελφοῖς
2983 2649 3372 2721 ὲπισκήψασαν
3414 2642 3792 2717 ἐξήγγελ[>.]ον
3844 2641 4025 2705 νόσον,

2431 2749 2532 2811 τάς
2575 2764 2634 2799 τε
2661 2744 2770 2799 τῶν
2805 2740 3426 2816 ἑτεροδιδασκαλούντων
3457 2735 3829 2805 ἐξεκάλυπτον
3860 2731 4031 2801 φλυα-

2437 2842 2554 2913 ρίας
2580 2879 2595 2903 ,
2627 2838 2906 2909 ἐπαμῦναί
2935 2853 2995 2889 τε
3023 2834 3241 2906 γοργῶς
3274 2833 3422 2902 σφίσι
3451 2848 3510 2883 τε
3548 2830 3735 2891 αὐτοῖς
3778 2823 4031 2896 nupsisti-

735 2939 929 2993 dolore
960 2946 1142 2995 tactus
1176 2940 1511 3009 discipulus,
1548 2940 1851 2995 absurdum
1897 2915 2047 2995 item—
2070 2955 2191 2995 esse
2237 2955 2318 2993 ra-

2432 2933 2556 2985 λουν
2582 2934 2702 2997 ταῖς
2733 2930 2821 2983 διὰ
2849 2928 2943 2982 τοῦ
2974 2926 3285 2995 πνεύματος
3315 2920 3736 2993 φωταγωγίαις,
3771 2915 3865 2969 καὶ
3911 2915 4031 2977 τοῖς

739 3043 827 3087 tus
878 3032 1086 3087 nullam
1126 3042 1473 3103 posterorum
1526 3047 1718 3088 curam
1770 3033 1992 3096 habere,
2033 3032 2101 3085 ad
2161 3032 2326 3102 hujus

2432 3029 2534 3098 ἥδη
2570 3025 3062 3096 σεσαγηνευμένοις
3085 3061 3099 3086 ,
3136 3020 3269 3072 εέσω
3291 3035 3352 3071 τε
3384 3015 3616 3069 δικτύων
3641 3010 3888 3081 γεγονόσι
3909 3007 4031 3061 δια-

739 3121 869 3175 libri
919 3101 1279 3193 scriptionem
1332 3140 1390 3179 se
1443 3124 1720 3178 contulit:
1769 3131 1825 3177 et
1874 3101 2326 3191 quarcunqueiad

2434 3118 2684 3183 ϐολικῶν,
2744 3120 2905 3187 χεῖρα
2967 3112 3274 3185 προτείνειν
3320 3109 3606 3179 σωτήριον.
3674 3101 4031 3171 Ἐπαλγήσας

738 3214 1150 3282 generationem
1212 3216 1491 3270 carnalem
1551 3222 1606 3269 et
1673 3213 1978 3269 naturalem
2026 3212 2326 3282 pertinent,

2434 3212 2613 3266 τοίνυν
2643 3212 2759 3274 τοῖς
2791 3207 3097 3263 ἀπολωλόσι
3148 3204 3242 3259 καὶ
3268 3203 3360 3257 τὸν
3390 3199 3517 3254 νοῦν
3552 3193 4033 3265 κατεφθαρμένοις

2594 3302 2599 3303 ,
2696 3302 2701 3303 ,
2845 3297 2868 3303 _
2946 3301 2955 3303 μ
3104 3300 3113 3303 -
3204 3297 3215 3303 -
3372 3295 3384 3303 .
3432 3292 3453 3303 -
3490 3294 3501 3303 .
3595 3292 3608 3303 .
3747 3286 3758 3302 .
3980 3284 4021 3303 γ.

740 3302 966 3372 reliquit
1012 3303 1138 3359 aliis
1186 3305 1542 3375 evangelistis
1596 3304 1763 3360 latius
1798 3302 2111 3358 enarranda
2139 3343 2153 3367 ,
2214 3303 2326 3371 ipse

2434 3306 2464 3356 6
2505 3302 2782 3374 μαθητὴς,
2817 3297 2965 3353 εἶναί·
3001 3317 3061 3352 τε
3093 3297 3295 3369 ὁμοίως
3336 3292 3542 3365 οἰηθεὶς
3584 3286 3936 3375 ἀτοπώτατον
3970 3284 4034 3337 τὸ

742 3411 871 3450 vero
916 3395 1112 3451 ardore
1159 3397 1398 3467 quodam
1433 3396 1603 3449 animi
1647 3396 1701 3449 in
1750 3409 1943 3449 eorum
1972 3394 2069 3465 qui
2106 3394 2235 3449 talia
2272 3394 2326 3447 iu

2441 3394 2711 3466 μηδεμίαν
2753 3392 2860 3445 τῶν
2898 3388 3097 3458 ἐφεξῆς
3162 3386 3257 3440 καὶ⁵
3307 3385 3422 3455 μετ’
3458 3382 3699 3441 ἐκείνους
3751 3374 4032 3446 ἐσομένων

742 3490 981 3544 medium
1006 3490 1241 3545 all'erunt
1271 3489 1633 3560 petulantiam
1665 3489 1964 3553 invehitur,
1996 3488 2221 3541 dicens:

2448 3484 2777 3555 ποιήσασθαι
2827 3482 3125 3553 πρόνοιαν,
3167 3480 3259 3530 ἐπὶ
3308 3478 3408 3547 τὴν
3461 3473 3553 3526 τοῦ
3594 3470 3798 3542 βιϐλίου
3842 3466 4031 3538 τρέχει

747 3586 1099 3656 συγγραφήν·
1126 3585 1219 3639 καὶ
1248 3584 1315 3639 τὰ
1355 3585 1475 3655 μὲν,
1509 3586 1718 3655 ὅσαπερ
1743 3578 1811 3653 ἦν
1845 3580 2332 3653 ἀνθρωπινώτερον
2372 3582 2565 3644 εἰπεῖν,
2599 3581 2942 3649 γενεαλογεῖν
2968 3576 3036 3630 τὰ
3076 3577 3332 3647 περὶτῆς
3360 3572 3501 3627 κατά
3560 3570 3739 3639 σάρκα
3797 3580 4034 3635 νομικης

742 3696 803 3732 τε
842 3654 937 3733 καὶ
987 3654 1223 3749 φυσικῆς
1254 3680 1564 3751 γεννήσεως
1591 3654 1702 3742 τοις
1747 3676 1954 3748 ἑτέροις
2019 3676 2330 3745 ἐξηγεῖσθαι
2400 3676 2735 3747 πλαυύτςρον
2777 3691 2876 3741 συγ
2908 3718 2913 3719 κ
2949 3671 3044 3742 χνὶιΔ
3069 3689 3099 3741 η
3229 3664 3673 3735 εὑαγγεὶισταῖς·
3703 3657 3925 3730 θερμῶς
3973 3654 4033 3708 δι

744 3776 865 3830 λίαν
888 3777 1051 3840 αὑτὸς
1076 3777 1171 3830 καὶ
1197 3776 1401 3847 σφόδρα
1424 3774 1688 3840 νεανικῶς
1720 3778 1840 3839 ταῖς
1866 3775 1975 3828 τῶν
2004 3776 2188 3827 ἐκεῖνα
2214 3774 2664 3844 παρεισαγόντων
2704 3770 2997 3841 φλυαρίαις
3023 3765 3327 3829 ἐνάλλεται,
3372 3762 3568 3829 λέγων’

904 3891 945 3952 l,
976 3890 1028 3948 1.
1065 3887 1153 3944 ΙΝ
1185 3888 1593 3946 PRINCIPIO
1627 3889 1820 3946 ERAT
1854 3888 2178 3945 VERBUM.

2799 3886 2897 3938 EN
2933 3884 3137 3953 ΑΡΧῌ
3175 3878 3283 3932 HN
3330 3881 3373 3931 ο
3414 3874 3681 3930 ΛΟΓΟΣ.

819 4004 962 4072 Quid
1008 4005 1077 4060 ad
1126 4005 1243 4060 haec
1288 4005 1492 4069 dicitis,
1529 4006 1625 4076 qui
1681 4020 1885 4059 novum
1942 4004 2101 4059 nobis
2141 4018 2207 4058 ac
2245 4019 2326 4058 re«

2510 4004 2576 4056 Τί
2618 4001 2752 4073 πρὸς
2781 3998 2937 4053 τοῦτό
2972 4013 3132 4065 φατε,
3174 3996 3222 4048 οἱ
3274 3992 3393 4047 νέον
3428 3992 3561 4060 ἡμῖν
3591 3988 3686 4041 καὶ
3719 3986 4034 4055 πρόσφατον

750 4108 962 4155 centem
998 4099 1259 4153 inducitis
1286 4098 1501 4161 Filium,
1539 4107 1597 4151 ut
1622 4114 1690 4153 ne
1713 4099 1940 4152 omnino
1969 4096 2191 4166 quidem
2224 4096 2326 4165 jam

2439 4096 2788 4166 εἰσφέροντες
2830 4092 2917 4144 τὸν
2949 4089 3077 4144 Υἱὺν
3100 4127 3113 4153 ,
3154 4088 3243 4141 ἴνα
3299 4083 3434 4156 μηδὲ
3465 4082 3603 4143 ὅλως
3635 4078 3902 4150 ὑπάρχειν
3954 4078 4035 4129 ἔτι

754 4191 993 4261 amplius
1011 4192 1272 4246 credatur
1301 4190 1486 4245 Deus?
1525 4210 1543 4241 ι
1578 4189 1697 4245 Νοη
1728 4190 1875 4245 enim
1906 4192 2011 4245 erit
2033 4190 2088 4245 in
2122 4199 2175 4245 te
2197 4188 2326 4244 Deus

2444 4189 2769 4257 πιστεύηται
2796 4185 2966 4248 Θεός;
3004 4202 3023 4234 ι
3060 4182 3134 4235 Οὑ
3176 4179 3286 4248 γὰρ
3329 4178 3505 4241 ἔσται,
3535 4194 3553 4226 ι
3593 4172 3780 4244 φησὶν,
3812 4189 3831 4224 ι
3860 4172 3920 4223 ἐν
3954 4170 4038 4223 σοὶ

752 4300 969 4349 recens,
1005 4303 1023 4336 ι
1077 4285 1155 4338 ait
1208 4283 1503 4354 Scriptura
1530 4285 1597 4337 ".
1648 4284 1936 4350 Quomodo
1990 4292 2173 4339 autem
2230 4298 2326 4337 nor

2445 4282 2579 4344 Θεὸς
2613 4279 2924 4352 πρόσφατος
2950 4316 2963 4339 ,
2994 4294 3013 4327 ι
3049 4276 3083 4345 ἡ
3113 4272 3234 4326 θεία
3259 4272 3452 4343 Γραφή
3508 4268 3633 4331 Πῶς
3660 4261 3753 4320 οῦν
3784 4265 3845 4317 οὑ
3873 4263 4043 4333 πρόσ-

752 4378 859 4432 erit
893 4391 1106 4442 recens,
1160 4376 1207 4431 si
1256 4376 1574 4431 novissimis
1628 4382 1796 4431 natus
1833 4382 1919 4430 est
1964 4374 2326 4444 temporibus‘

2452 4392 2649 4445 φατος,
2679 4374 2727 4425 εί
2758 4374 2815 4424 ἐν
2846 4368 3092 4439 ὑστέροις
3115 4362 3668 4435 ἐγεννήθη.καιροῖς;
3700 4356 3825 4420 Πῶς
3857 4355 3914 4409 δὲ
3938 4357 4042 4408 οὑκ

754 4471 1042 4537 Quomodo
1066 4485 1200 4525 vero
1232 4485 1343 4524 non
1370 4470 1634 4524 mentitus
1668 4468 1740 4523 sit
1773 4468 1841 4522 ad
1875 4466 2095 4523 Judaeos
2125 4466 2319 4522 dicens

2450 4468 2704 4538 ἐψεύδετο
2759 4462 2934 4530 λέγων
2990 4458 3128 4529 πρὸς
3190 4454 3479 4516 Ἰουδαίους
3511 4468 3524 4481 ·
3586 4470 3604 4502 ι
3667 4448 3839 4518 Ἀμὴν
3894 4446 4042 4513 λέγω

762 4585 780 4615 ‹
817 4567 991 4621 Anien
1023 4566 1147 4619 dico
1182 4564 1362 4634 vobis,
1391 4572 1687 4635 antequam
1716 4560 1997 4617 Abraham
2035 4561 2208 4629 ﬁeret,
2240 4575 2326 4631 εει

2453 4564 2601 4633 ὑμῖν,
2634 4558 2764 4628 πρὶν
2810 4552 3063 4625 Ἀϐραὰμ
3089 4546 3365 4618 γενέσθαι,
3389 4544 3499 4613 ἐγώ
3530 4545 3681 4612 εἰμι·
3713 4558 3731 4591 ι
3772 4538 4042 4609 πρόδηλον

758 4674 882 4712 sum
911 4658 1000 4711 ’δῖ’
1024 4677 1042 4711 ›
1080 4656 1366 4712 Neminem
1404 4655 1551 4711 enim
1578 4654 1721 4726 fugit
1740 4653 1930 4708 multis
1958 4660 2082 4723 post
2122 4629 2326 4708 beatun

2451 4629 2561 4727 γάρ
2600 4652 2773 4724 δήπου
2821 4648 2915 4704 καὶ
2968 4647 3135 4699 πᾶσιν
3178 4638 3645 4712 ὁμολογούμενον,
3683 4634 3759 4697 ὡς
3826 4629 4044 4693 πολλοῖς

756 4751 1035 4808 Abraham
1084 4750 1302 4805 saectlis
1334 4748 1615 4804 Christum
1641 4717 1731 4802 τοι
1775 4717 1977 4803 sancta
1993 4745 2220 4816 Virgine
2252 4761 2326 4815 ge'

2453 4717 2679 4820 ὑστερον
2709 4744 2923 4816 χρόνοις
2976 4738 3114 4811 μετά
3139 4738 3231 4790 τὸν
3284 4734 3555 4806 μακάριον
3598 4727 3849 4799 Ἀϐραὰμ
3888 4727 4043 4793 ἐγεν-

763 4848 959 4902 nitum.
989 4842 1277 4912 Quomodo
1300 4838 1741 4911 deniqueillud,t
1770 4838 1828 4893 ln
1849 4837 2289 4909 principioerat,
2320 4856 2326 4889 ι

2455 4817 2599 4914 νήθη
2621 4836 2858 4911 Χριστὸς
2893 4833 2983 4888 διὰ
3027 4832 3125 4901 τῆς
3149 4829 3311 4897 ἁγίας
3334 4823 3635 4896 Παρθένου.
3661 4819 3771 4875 Ποῦ
3801 4819 3857 4871 δὲ
3905 4817 4043 4881 ὅλως

763 4910 1336 4999 manebit'incolume,
1377 4910 1629 4989 etfrecte
1680 4930 2015 5001 quadrabit,
2065 4930 2115 4985 si
2154 4929 2209 4984 in
2239 4928 2326 4983 lim

2449 4910 2530 4998 1:6,
2568 4952 2586 4984 ι
2612 4910 2707 4984 Ἐν
2742 4930 2884 5000 ἀρχῇ
2915 4922 3005 4998 ἦν,
3037 4943 3053 4975 ι
3074 4921 3381 4992 σωθήσεται
3416 4918 3512 4972 καὶ
3556 4916 3801 4987 χωρήσει
3826 4910 4043 4973 καλῶς,

764 5032 1091 5088 saeculorum
1120 5037 1282 5083 natus
1309 5034 1395 5083 est
1424 5024 1796 5095 Unigenitus?
1825 5022 1961 5078 Vide
1986 5023 2133 5077 enim
2169 5022 2253 5077 vel
2282 5037 2326 5077 e:

2458 5026 2616 5093 εἴπερ
2655 5020 2749 5073 ἐπὶ
2779 5019 2923 5072 τέλει
2973 5015 3082 5069 τῶν
3108 5013 3320 5067 αἰώνων
3356 5010 3579 5078 γέγονεν
3625 5007 3653 5058 6
3684 5004 4042 5072 Μονογενήε;

767 5129 834 5181 iis
859 5140 982 5194 qua:
1006 5129 1330 5192 sequuntur,
1350 5093 1570 5190 quantae
1603 5118 1674 5174 sit
1696 5117 2063 5173 absurditatis
2089 5124 2326 5171 aeternam

2456 5116 2599 5185 Ὅρα
2628 5111 2737 5181 γάρ
2783 5127 2873 5181 μοι
2923 5107 3017 5161 καὶ
3054 5106 3142 5159 διὰ
3191 5104 3301 5157 τῶν
3331 5100 3558 5170 ἐφεξῆς,
3593 5100 3726 5167 ὅσην
3783 5095 3897 5164 ἔχει
3942 5093 4044 5165 τὴν

767 5218 890 5273 Filii
929 5216 1317 5273 exsisteutiam
1354 5213 1633 5278 mutilare,
1677 5222 1731 5268 et
1769 5210 2093 5267 novissimis
2136 5217 2323 5278 tempo

2450 5206 2682 5261 ἀτοπίαν
2715 5203 2775 5256 τὸ
2813 5198 3069 5255 κολοϐοῦν
3124 5214 3219 5249 του
3268 5192 3400 5246 Υἱοῦ
3438 5192 3538 5263 τὴν
3581 5189 3748 5242 ἀΐδιον
3781 5184 4041 5256 ὓπαρξιν,

770 5315 923 5368 ribus
965 5316 1146 5382 ipsum
1189 5319 1375 5363 natum
1428 5307 1730 5379 suSpicari.
1762 5305 1902 5360 illud
1936 5319 2067 5359 vero
2099 5302 2323 5358 subtiliu

2455 5297 2549 5350 καὶ
2603 5296 2660 5373 ἐν
2695 5290 2940 5362 ὑστέροις
2992 5287 3155 5342 αὑτὸν
3202 5284 3458 5356 γενέσθαι
3500 5281 3715 5352 χρόνοις
3764 5279 4039 5330 ὑπονοεῖν.

772 5373 1386 5473 rursus-explicandum
1421 5373 1579 5457 nobis
1611 5402 1761 5457 venit
1790 5398 1939 5469 quod
1988 5398 2131 5452 dixit
2160 5396 2322 5450 beatu

2455 5390 2597 5444 Αὑτδ
2641 5389 2697 5442 δὲ
2732 5387 2797 5459 δὴ
2839 5386 3002 5438 πάλιν
3049 5386 3180 5453 ἡμῖν
3223 5384 3301 5445 εἰς
3335 5377 3665 5448 λεπτοτέραν
3711 5373 4046 5445 παρακείσε-

2456 5503 2545 5538 ται
2589 5483 2842 5554 βάσανον,
2878 5481 3015 5549 ὅπερ
3050 5477 3155 5546 ἔφη
3188 5478 3216 5529 6
3246 5472 3515 5544 μακάριος
3547 5466 3970 5537 εὑαγγελιστής·

2894 5572 2997 5623 Ἐν
3034 5568 3191 5637 ἀρχῇ
3220 5564 3298 5637 ἦν
3339 5569 3371 5619 d
3403 5565 3612 5631 Λόγος.

2530 5666 2642 5736 Τῆς
2666 5664 2842 5737 ἀρχῆς
2872 5662 3023 5716 οὑδέν
3055 5662 3171 5713 ἐστι
3204 5659 3265 5712 τὸ
3302 5656 3698 5729 πρεσϐύτατον,
3742 5654 3902 5722 εἴπερ
3932 5651 4046 5721 ἔχοι

770 5499 1103 5567 evangelista
1137 5515 1148 5549 :

1166 5588 1230 5643 In
1262 5587 1524 5657 principio
1556 5594 1671 5639 erat
1716 5584 1963 5638 Verbum.

844 5685 1127 5755 Principio
1157 5683 1295 5739 nihil
1326 5692 1411 5738 est
1449 5678 1755 5750 antiquius,
1798 5679 1845 5734 si
1876 5675 2134 5747 principii
2168 5672 2360 5729 delini-

777 5781 978 5836 ti0nem
1028 5778 1081 5831 in
1131 5793 1191 5833 se
1233 5777 1492 5833 retineat.
1547 5772 1892 5843 Principium
1921 5770 2069 5827 enim
2098 5766 2326 5840 principi

2469 5759 2775 5830 σωζόμενον
2828 5756 2911 5823 ἐφ’
2968 5754 3136 5823 ἑαυτῇ
3176 5751 3267 5805 τὸν
3311 5750 3409 5821 τῆς
3464 5746 3641 5819 ἀρχῆς
3683 5746 3826 5816 ὅρον.
3876 5742 4048 5815 Ἀρχὴ

886 5921 926 5951 ³⁸
964 5920 1063 5976 lsa.
1099 5933 1231 5988 Lm,
1266 5920 1319 5989 3,
1362 5920 1411 5974 4.
1498 5915 1711 5974 “Psal.
1740 5931 1933 5973 tum.
1979 5914 2066 5971 ll.
2141 5910 2351 5969 "Psal.
2389 5924 2530 5964 Lxxx
2591 5905 2670 5962 ιο.
2752 5902 2796 5934 ⁸³
2847 5899 2996 5957 loan.
3028 5895 3256 5963 vui,58.
