4226 6494
231 433 302 490 25
1267 440 1338 496 IN
1367 440 1654 498 JOANNIS
1690 441 2143 501 EVANGELIUM
2193 445 2320 500 LIB.
2363 445 2403 500 1.
3441 439 3513 500 26

231 553 344 624 γὰρ
381 553 564 623 ἀρχῆς
600 554 700 606 οὐκ
746 553 811 608 ἂν
853 556 938 625 εἴη
989 554 1139 621 ποτέ,
1204 558 1236 628 ἢ
1271 559 1488 624 πάντως
1527 559 1822 630 ἐκϐήσεται

1926 577 2197 630 nusquam
2247 560 2446 615 fuerit:
2483 567 2578 613 aut
2607 559 2653 615 si
2695 558 2960 631 quiddam
2988 558 3136 614 aliud
3167 565 3293 614 ante
3325 557 3509 629 ipsum

236 648 289 700 τὸ
321 643 466 700 εἶναι
488 649 632 701 κατὰ
666 648 918 719 ἀλήθειαν
952 651 1115 722 ἁρχὴ,
1151 655 1650 724 προεπινοουμένου
1680 654 1822 716 τινὸς

232 739 422 808 ἐτέρου
476 729 1025 811 ιαὶπροανῑσχοντος
1072 745 1280 815 αὐτῆς·
1339 747 1515 812 ἄλλως
1564 766 1623 802 τε
1659 751 1705 802 εἰ
1739 751 1822 801 ἐν·

230 827 453 898 δέχεταί
481 847 535 882 τι
562 831 936 902 προῦπάρχειν
967 835 1069 904 τῆς
1092 836 1263 900 ὅντως
1293 839 1464 910 ἀρχῆς
1489 879 1502 902 ,
1543 839 1629 893 ἐπ’
1669 840 1824 894 ἄπει-

233 937 326 989 ρον
357 923 494 991 ἡμῖν
522 924 551 975 6
582 924 709 993 περὶ
730 925 900 997 αὐτῆς
929 928 1205 999 οἰχήσεται
1235 930 1419 998 λόγος,
1462 931 1536 984 is}.
1579 949 1821 1002 προανα-

230 1012 534 1084 τελλούσης
562 1016 790 1088 ἐτέρας,
842 1019 936 1072 καὶ
988 1019 1247 1092 δευτέραν
1287 1021 1696 1092 ἀποφαινούσης
1724 1023 1823 1092 τὴν

229 1106 320 1174 ἐφ’
351 1099 503 1180 ᾗπερ
532 1108 597 1161 ἂν
635 1109 668 1178 ἡ
705 1111 834 1180 παρ’
873 1109 1030 1180 ἡμῶν
1070 1111 1282 1180 γένοιτο
1316 1110 1563 1182 ζήτησις.
1614 1113 1823 1167 Οὐκοῦν

233 1198 378 1267 ἀρχὴ
407 1200 512 1268 μὲν
540 1201 717 1271 ἀρχῆς
747 1203 847 1254 οὐκ
877 1201 1051 1268 ἔσται,
1083 1203 1223 1256 κατὰ
1269 1204 1362 1258 τὸν
1408 1205 1612 1276 ἀκριϐῆ
1643 1223 1703 1258 τε
1734 1207 1824 1259 καὶ

231 1288 413 1357 ἀληθῆ
469 1289 768 1359 λογισμὸν,
837 1293 953 1345 ἀλλ’
995 1295 1074 1356 εἰς
1123 1295 1403 1366 ἀμήρυτον
1473 1297 1655 1366 μέντοι
1729 1297 1823 1350 καλ⁵

231 1381 628 1452 ἀκατάληπτον
662 1386 690 1436 6
730 1387 857 1456 περὶ
883 1387 1052 1455 αὐτῆς
1091 1389 1432 1459 ἀποδημήσει
1460 1390 1636 1458 λόγος.
1660 1390 1822 1454 Τέλος

230 1473 286 1526 δὲ
317 1475 425 1527 οὐκ
461 1477 694 1548 ἐχούσης
721 1479 820 1548 τῆς
846 1478 933 1532 ἀεὶ
969 1480 1105 1550 πρὸς
1144 1481 1204 1533 τὸ
1237 1482 1430 1536 ἁνόπιν
1464 1484 1642 1553 φυγῆς
1667 1522 1681 1546 ,
1729 1483 1823 1535 καὶ

230 1566 290 1617 τὸ
320 1566 434 1619 τῶν
477 1567 689 1622 αἰώνων
723 1571 1101 1642 ἀναφοιτώσης
1142 1573 1340 1643 μέτρον
1364 1621 1375 1638 ,
1407 1575 1505 1627 οὐκ
1550 1575 1609 1626 ἐν
1649 1574 1824 1644 χρόνῳ

231 1656 481 1724 γεγονὼς
528 1661 558 1711 6
593 1660 758 1723 Υἱὸς,
811 1662 995 1724 ἀῖδίως
1039 1663 1093 1714 δὲ
1145 1663 1343 1734 μᾶλλον
1390 1664 1649 1734 ὑπάρχων
1687 1665 1825 1734 μετὰ

233 1748 456 1818 Πατρὸς
485 1751 864 1821 εὑρεθήσεται.
900 1748 1007 1806 Ἦν
1045 1755 1152 1825 γὰρ
1181 1757 1236 1808 ἐν
1284 1757 1447 1826 ἀρχῇ.
1483 1757 1543 1808 Εἰ
1577 1756 1631 1808 δὲ
1664 1751 1731 1824 ἦν
1767 1757 1823 1807 ἐν

232 1841 418 1912 ἀρχῇ,
457 1845 645 1906 ποῖος,
677 1844 798 1896 εἰπέ
832 1863 942 1915 μοι,
974 1845 1260 1917 δυνήσεται
1299 1846 1421 1910 νοῦς
1464 1848 1562 1917 τὴν
1602 1846 1695 1900 τοῦ
1747 1842 1826 1916 ἦν

232 1932 714 2002 ὑπερανὶπτασθαι
741 1935 995 2007 δύναμιν;
1029 1939 1164 1990 Πότε
1191 1939 1247 1991 δὲ
1275 1939 1410 2000 ὅλως
1441 1938 1501 1990 τὸ
1530 1935 1610 2008 ἦν
1642 1938 1716 2001 ὡς
1769 1940 1826 1990 ἐν

230 2024 376 2076 τέλει
434 2026 728 2095 στήσεται,
776 2031 1183 2100 προανατρέχον
1242 2031 1328 2083 ἀεὶ
1387 2029 1480 2082 τοῦ
1539 2028 1826 2093 διώκοντος

231 2116 502 2188 λογισμοῦ
534 2161 549 2184 ,
608 2121 702 2173 καὶ
748 2119 849 2190 τῆς
903 2123 1176 2194 ἑπομένης
1227 2122 1376 2194 αὐτῷ
1431 2122 1825 2194 προαναπηδῶν

231 2211 487 2278 ἐννοίας;
539 2213 661 2266 Ἐπὶ
709 2214 882 2286 τούτῳ
933 2216 996 2287 δὴ
1056 2217 1164 2290 ἄρα
1225 2216 1749 2287 καταπεπληγμένος
1799 2218 1854 2268 6-

233 2295 529 2372 προφήτης
565 2307 731 2376 φησὶν
793 2307 1048 2372 Ἡσαΐας·
1106 2329 1122 2360 ι
1161 2310 1272 2379 Τὴν
1319 2309 1510 2378 γενεὰν
1544 2308 1708 2361 αὑτοῦ
1745 2307 1826 2371 τίς

231 2396 593 2466 διηγήσεται;
625 2401 707 2452 ὅτι
734 2400 946 2472 αἴρεται
975 2402 1081 2454 ἀπὸ
1113 2403 1211 2471 τῆς
1245 2404 1345 2473 γῆς
1371 2405 1404 2471 ἡ
1430 2402 1542 2472 ζωὴ
1571 2400 1762 2454 αὐτοῦ.
1803 2419 1818 2450 i

233 2487 462 2558 Αἴρεται
489 2488 600 2559 γὰρ
624 2489 790 2553 ὅντως
812 2493 918 2544 ἀπὸ
947 2493 1044 2563 τῆς
1067 2493 1171 2562 γῆς
1203 2495 1229 2545 6
1252 2495 1377 2564 περὶ
1399 2494 1498 2562 τῆς
1522 2492 1828 2561 γεννήσεως

233 2577 391 2645 λόγος
425 2580 522 2632 τοῦ
555 2583 891 2650 Μονογενοῦς
916 2626 929 2648 ,
963 2585 1107 2637 τοῦτ’
1130 2585 1294 2649 ἔστιν,
1328 2586 1464 2656 ὑπὲρ
1497 2585 1676 2638 πᾶσαν
1710 2586 1826 2637 ἐστι

234 2667 482 2722 διάνοιαν
514 2670 624 2722 τῶν
669 2671 835 2725 ὄντων
889 2674 981 2725 ἐπὶ
1018 2675 1116 2744 τῆς
1164 2675 1301 2743 γῆς,
1335 2674 1443 2726 καὶ.
1476 2675 1614 2744 ὑπὲρ
1651 2674 1827 2727 πάντα

234 2761 393 2828 λόγον
418 2804 435 2828 ,
470 2763 546 2824 ὡς
575 2759 713 2816 εἶναι
743 2765 929 2818 λοιπὸν
955 2765 1283 2836 ἀνεξήγητον
1303 2785 1315 2797 ο
1349 2769 1396 2818 εἰ
1438 2758 1494 2819 δὲ
1530 2767 1670 2836 ὑπὲρ
1704 2767 1828 2820 νοῦν

235 2853 352 2906 ἐστι
401 2854 499 2906 καὶ
553 2854 744 2923 λόγους
772 2858 900 2920 τοὺς
933 2859 992 2910 ἐν
1031 2860 1185 2928 ἡμῖν,
1223 2859 1338 2922 πῶς
1368 2859 1432 2912 ἂν
1464 2859 1550 2929 εἴη
1581 2859 1825 2928 γενητὸς,

233 2947 335 2998 οὐκ
363 2947 665 3017 ἀτονούσης
691 2948 790 3018 τῆς
819 2950 1042 3020 ἐνούσης
1071 2953 1204 3020 ἡμῖν
1241 2951 1501 3018 διανοίας,
1537 2952 1628 3004 καὶ
1651 2952 1828 3022 χρόνῳ

235 3039 330 3091 καὶ
356 3038 505 3110 λόγῳ
539 3039 874 3111 περιορίζειν
903 3042 974 3094 τά
1001 3043 1205 3113 εγενητὰ
1228 3061 1242 3108 ;

247 3130 512 3199 Ἑτέρως
546 3133 633 3196 εις
667 3131 733 3184 τὸ
775 3132 926 3256 αὑτὲ
952 3135 1298 3257 θίξίέρητέον,
1337 3154 1354 3187 ι
1406 3135 1509 3188 Ἐν
1550 3134 1710 3204 ἀρχῇ
1750 3131 1828 3205 ἦν

1059 3221 1181 3257 γορ.
1213 3223 1230 3255 ι

1059 3221 1181 3272 γος.
1213 3223 1230 3255 ι

1931 655 2270 725 intelligatur
2311 657 2619 720 oriaturve,
2674 670 2802 710 vere
2860 653 3196 726 principium
3243 669 3364 710 esse
3412 653 3508 709 de—

1931 749 2093 802 sinet.
2136 747 2376 818 Alioqui,
2410 748 2454 802 si
2485 748 2601 804 ﬁeri
2631 754 2815 818 potest
2849 755 2908 802 ut
2950 747 3159 819 aliquid
3202 757 3329 802 ante
3371 745 3508 801 illud

1929 840 2076 909 quod
2125 853 2256 893 vere
2311 840 2640 908 principium
2681 846 2766 895 est
2817 840 3071 906 exsistat,
3125 840 3179 894 in
3227 839 3508 894 inﬁnitum

1931 938 2121 985 nostra
2157 929 2225 985 de
2255 930 2347 985 illo
2380 930 2594 985 abitura
2617 938 2701 986 est
2731 931 2934 995 oratio,
2973 931 3084 985 alio
3105 931 3258 1000 prius
3289 945 3510 1000 semper

1930 1023 2235 1088 exoriente,
2253 1031 2307 1078 et
2329 1030 2451 1094 post
2476 1039 2534 1079 se
2551 1021 2838 1092 rejiciente
2854 1024 2896 1092 1
2910 1024 2952 1092 ι
2975 1022 3108 1080 illud
3131 1023 3274 1092 quod
3292 1037 3508 1093 quaere-

1931 1122 2044 1169 tur.
2087 1115 2276 1185 Itaque
2318 1115 2655 1186 principium
2688 1116 2908 1185 quidem
2951 1116 3208 1187 principii
3242 1131 3352 1171 non
3378 1115 3510 1184 erit,

1931 1209 1976 1264 si
2008 1222 2134 1262 vere
2189 1217 2243 1262 et
2282 1215 2474 1263 exacte
2522 1208 2843 1262 ratiocinari
2889 1208 3165 1276 volumus,
3207 1209 3300 1264 sed
3342 1209 3396 1264 in
3429 1208 3512 1262 in-

1932 1296 2145 1351 ﬁnitum
2186 1308 2240 1352 et
2281 1298 2839 1368 incomprehensibile
2885 1299 3150 1368 procedet
3182 1300 3234 1354 id
3266 1301 3412 1370 quod
3443 1300 3513 1356 de

1932 1389 2052 1458 ipso
2106 1390 2339 1445 dicetur.
2376 1390 2625 1460 Cumque
2659 1389 2767 1446 ﬁne
2823 1398 3011 1446 careat
3049 1391 3142 1444 illa
3189 1399 3338 1447 retro
3387 1399 3510 1444 acta

1932 1491 2197 1550 perpetuo
2236 1483 2545 1549 conversio,
2567 1490 2621 1537 et
2650 1484 2849 1539 saecula
2874 1492 3184 1553 percurrat,
3215 1498 3324 1537 non
3363 1482 3512 1538 exsi-

1933 1580 2079 1626 stere
2116 1573 2168 1625 in
2213 1581 2460 1643 tempore
2486 1572 2683 1643 Filius,
2717 1577 2813 1632 sed
2851 1577 2919 1631 ab
2953 1585 3160 1630 azterno
3183 1577 3367 1646 potius
3394 1589 3516 1629 esse

1934 1680 2057 1719 cum
2103 1664 2265 1720 Patre
2320 1667 2713 1735 comperietur.
2753 1668 2880 1721 Erat
2929 1669 3074 1724 enim
3123 1671 3177 1723 in
3217 1668 3510 1737 principio.

1933 1753 2089 1820 Quod
2120 1755 2164 1809 si
2205 1766 2323 1810 erat
2368 1755 2421 1809 in
2457 1757 2755 1827 principio,
2796 1772 2918 1827 quae
2943 1774 3119 1822 mens,
3154 1752 3370 1822 amabo,
3412 1775 3513 1828 po-

1933 1847 2061 1901 terit
2091 1847 2199 1900 vim
2248 1847 2394 1902 illius
2441 1849 2628 1914 verbi,
2673 1858 2810 1916 erat,
2857 1852 3233 1905 transvolare?
3281 1851 3515 1917 Quando

1860 1929 1900 1982 Β
1930 1939 2164 2008 denique
2205 1939 2359 2004 illud,
2406 1950 2540 2004 erat,
2578 1942 2730 1994 velut
2775 1943 2833 1994 in
2886 1942 2992 1997 line
3044 1945 3334 2010 consistet,
3384 1960 3512 1997 cum

1929 2039 2352 2102 prosequentem
2417 2033 2807 2102 cogitationem
2884 2049 3101 2104 semper
3166 2035 3506 2095 antecedat,

1929 2131 2279 2192 mentemque
2320 2124 2670 2193 praecurrat?
2715 2123 2890 2190 Quam
2943 2126 3015 2180 ob
3069 2140 3185 2180 rem
3248 2125 3514 2179 attonitus

1932 2215 2202 2284 propheta
2240 2213 2411 2270 Isaias
2453 2214 2633 2285 inquit
2672 2233 2685 2270 :
2723 2233 2741 2265 ι
2780 2214 3203 2272 Generationem
3239 2218 3359 2285 ejus
3389 2217 3517 2286 quis

1930 2306 2252 2360 enarrabit?
2275 2305 2414 2372 Quia
2444 2307 2660 2362 tollitur
2687 2323 2715 2361 a
2746 2315 2893 2362 terra
2929 2313 3039 2361 vita
3071 2310 3194 2377 ejus
3221 2309 3290 2363 ’⁵.
3331 2329 3348 2361 ι
3387 2307 3517 2363 Τοι-

1932 2396 2061 2449 litur
2097 2396 2243 2449 enim
2280 2395 2529 2465 profecto
2562 2411 2590 2449 a
2631 2404 2777 2450 terra
2815 2397 3193 2468 generationis
3234 2396 3515 2469 Unigeniti

1932 2487 2096 2552 ratio,
2129 2485 2232 2541 hoc
2260 2495 2365 2551 est,
2410 2489 2657 2542 omnium
2701 2489 3018 2543 mortalium
3063 2499 3300 2544 mentem
3353 2505 3517 2546 exce-

1930 2578 2032 2641 dit,
2063 2593 2395 2648 omnemque
2431 2583 2703 2633 rationem
2734 2592 2975 2649 superat,
3007 2581 3143 2636 adeo
3174 2590 3232 2636 ut
3263 2583 3516 2636 enarrari

1930 2677 2187 2739 nequeat.
2229 2671 2386 2737 Quod
2440 2671 2484 2727 si
2529 2680 2766 2726 mentem
2831 2681 2884 2727 et
2939 2674 3207 2728 rationem
3265 2680 3513 2728 nostram

1930 2764 2168 2829 excedit,
2211 2764 2491 2833 quomodo
2522 2772 2743 2820 creatus
2761 2766 2895 2832 erit,
2926 2781 3049 2820 cum
3094 2775 3148 2821 et
3183 2776 3428 2837 tempore
3459 2772 3518 2820 et

1931 2857 2146 2912 ratione
2182 2857 2644 2912 circumscribere
2691 2872 2780 2913 res
2824 2866 3043 2915 creatas
3086 2858 3293 2928 ingenii
3336 2858 3514 2914 nostri

1932 2948 2078 3002 vires
2112 2962 2221 3001 non
2258 2947 2532 3003 excedat?

2125 3127 2248 3180 Alia
2280 3126 2595 3190 observatio,
2626 3129 2678 3180 in
2711 3128 2868 3192 illud,
2913 3146 2931 3178 ι
2966 3126 3033 3180 1η
3065 3127 3327 3195 principio

2495 3207 2612 3251 erat
2641 3197 2884 3253 Verbum.
2931 3217 2949 3247 ι

320 3292 527 3367 Ἀρχὴν
578 3294 713 3358 ὅλως
755 3295 853 3366 τὴν
890 3298 947 3348 ἐν
996 3268 1172 3367 χρόνῳ
1220 3298 1516 3368 νοουμένην
1561 3299 1661 3351 οὑκ
1712 3297 1824 3351 ἔστι

2004 3289 2341 3359 Principium
2397 3290 2588 3360 utique
2629 3290 2764 3343 illud
2793 3290 2941 3359 quod
2978 3289 3032 3343 in
3071 3296 3322 3359 tempore
3357 3288 3518 3344 intel-

235 3381 420 3438 λαϐεῖν
480 3385 574 3436 ἐπὶ
634 3384 726 3436 τοῦ
779 3384 1138 3454 Μονογενοῦς.
1191 3388 1340 3440 Ἐπε)⁸
1400 3388 1508 3460 γάρ
1566 3390 1680 3442 ἐστι
1721 3388 1826 3458 πρὸ

237 3474 432 3544 χρόνου
492 3475 732 3539 παντὸς,
777 3477 873 3529 καὶ
908 3477 1232 3547 προαιώνιον
1281 3479 1391 3549 ἔχει
1439 3479 1536 3549 τὴν
1571 3478 1825 3551 ὕπαρξιν,

238 3570 314 3618 ἔτι
372 3585 430 3620 τε
466 3568 604 3639 πρὸς
632 3568 842 3633 τούτοις
879 3571 940 3622 τὸ
987 3571 1313 3641 καταλήγειν
1343 3574 1422 3634 εἰς
1452 3572 1602 3634 τέλος
1637 3574 1669 3641 ἡ
1706 3570 1828 3624 Θεία

237 3661 587 3728 παραιτεῖται
623 3659 780 3728 φύσις
831 3661 962 3731 (ἕξει
992 3661 1098 3731 γὰρ
1132 3662 1392 3725 ὡσαύτως
1429 3663 1514 3714 ἀεὶ
1536 3703 1548 3726 ,
1583 3662 1728 3715 κατὰ
1767 3661 1826 3714 τὸ

238 3755 292 3804 ὲν
323 3751 579 3821 Ψαλμοῖς
619 3752 1045 3823 μελῳδούμενον,
1082 3772 1100 3804 ι
1129 3755 1200 3806 Σὺ
1235 3753 1291 3806 δὲ
1331 3756 1358 3806 6
1404 3752 1566 3817 αὐτὸς
1613 3751 1682 3817 εἷ,
1734 3755 1827 3806 καὶ

235 3842 300 3893 τὰ
330 3842 426 3912 ἔτη
463 3859 556 3894 σου
583 3844 683 3896 οὐκ
712 3844 1051 3913 ἐκλεῖψουσιν
1076 3845 1143 3916 »)·
1173 3846 1278 3898 ἀπὸ
1306 3848 1463 3909 ποίας
1493 3848 1625 3917 ἡμῖν
1651 3847 1824 3916 ἀρχῆς

235 3935 333 4003 τῆς
362 3938 423 3987 ἐν
450 3935 628 4005 χρόνῳ
664 3938 756 3989 καὶ
783 3936 932 4008 ποσῷ
965 3938 1343 4009 μετρουμένης
1371 3941 1397 3991 6
1423 3939 1550 4001 Υἱὸς
1583 3939 1816 4008 ἐκϐήσε-

236 4046 322 4081 ται
350 4068 365 4089 ,
401 4029 617 4097 τρέχειν
649 4031 727 4090 εἰς
756 4029 907 4091 τέλος
949 4030 1048 4082 οὐκ
1102 4030 1430 4100 ἀνεχόμενος
1456 4071 1469 4093 ,
1507 4030 1600 4082 ἆτε
1635 4030 1698 4099 δὴ
1730 4031 1823 4082 καὶ

237 4120 377 4174 κατὰ
436 4121 597 4188 φύσιν
658 4121 918 4192 ὑπάρχων
951 4120 1082 4182 Θεὸς
1107 4165 1120 4186 ,
1176 4123 1272 4175 καὶ
1328 4123 1414 4174 διὰ
1447 4121 1604 4174 τοῦτο
1641 4121 1778 4190 βοῶν
1804 4138 1818 4151 ο

242 4231 258 4262 ι
297 4211 442 4280 Ἐγώ
473 4214 589 4281 εἰμι
622 4214 654 4282 ἡ
699 4212 808 4282 ζωή
842 4229 855 4276 ;
882 4233 900 4264 ι
952 4213 1117 4283 Ἀρχὴ
1149 4213 1258 4283 γὰρ
1300 4213 1439 4285 αὐτὴ
1471 4213 1593 4266 καθ’
1621 4212 1820 4284 ἑαυτὴν

234 4306 332 4356 οὐκ
354 4305 422 4357 ἂν
447 4304 585 4366 ὅλως
609 4304 872 4375 ὑπάρχειν
895 4306 1064 4357 νοοῖτό
1095 4321 1249 4369 ποτε,
1281 4305 1355 4375 μὴ
1379 4305 1515 4375 πρὸς
1540 4305 1599 4358 τὸ
1626 4307 1822 4357 οἰκεῖον

237 4398 515 4466 βλέπουσα
544 4396 698 4458 τέλος
723 4412 736 4425 °
775 4397 1006 4467 ἐπείπερ
1037 4398 1111 4461 ὡς
1147 4398 1283 4466 πρὸς
1327 4399 1479 4461 τέλος
1526 4398 1625 4468 μὲν
1655 4399 1818 4469 ἀρχὴν

232 4489 385 4550 τέλος
416 4487 460 4539 δ’
492 4483 561 4540 αὖ
619 4487 780 4540 πάλιν
823 4488 897 4551 ὡς
930 4489 1064 4560 πρὸς
1095 4489 1268 4558 ἀρχὴν
1301 4489 1647 4558 ὀνομάζεται.
1695 4492 1819 4561 Ἀρ-

235 4577 332 4647 χὴν
365 4576 424 4628 δὲ
459 4577 622 4629 πάλιν
657 4578 715 4629 ἐν
742 4578 954 4640 τούτοις
988 4578 1085 4647 τὴν
1113 4577 1256 4630 κατὰ
1299 4579 1491 4648 χρόνον
1515 4619 1530 4644 ,
1558 4581 1677 4649 ἦτοι
1725 4597 1822 4632 πο..

235 4671 458 4740 σότητα,
484 4670 846 4739 σημαίνομεν.
887 4670 1094 4724 Οὐκοῦν
1142 4671 1440 4742 ἐπειδήπερ
1488 4671 1584 4725 καὶ
1640 4672 1818 4725 αὐτῶν

236 4762 349 4814 ἐστι
385 4761 499 4813 τῶν
555 4761 766 4814 αἰώνων
822 4762 1193 4834 πρεσϐύτερος
1248 4765 1276 4816 6
1320 4764 1478 4829 Υἱὸς,
1510 4763 1571 4817 τὸ
1626 4765 1724 4835 μὲν
1763 4767 1820 4818 ἐν

235 4853 412 4923 γοόνῳ
439 4853 770 4924 γεγενῆσθαι
794 4854 1174 4923 διαφεύξεται·
1199 4850 1268 4924 ἦν
1295 4855 1352 4907 δὲ
1380 4857 1474 4909 καὶ
1499 4857 1587 4909 διὰ
1618 4858 1820 4921 παντὸς

233 4944 303 5007 ὡς
333 4947 392 4997 ὲν
426 4947 578 5013 πηγῇ
609 4943 685 5014 τῷ
717 4946 910 5015 Πατρὶ,
947 4947 1087 4999 κατὰ
1118 4946 1177 4999 τὸ
1200 4949 1329 5017 παρ’
1358 4946 1525 5000 αὐτοῦ
1561 4947 1821 5017 λελεγμέ-

233 5048 340 5086 νον·
376 5053 394 5085 ι
429 5034 573 5102 Ἐγὼ
599 5037 661 5088 ἐκ
688 5035 782 5088 τοῦ
812 5038 1025 5107 Πατρός
1057 5037 1298 5108 ἐξῆλθον,
1323 5039 1413 5091 καὶ
1435 5040 1608 5108 ἥκω.»
1632 5040 1821 5108 Πηγῆς

233 5144 524 5195 τοιγαρουν
547 5127 837 5196 νοουμένου
865 5129 958 5180 τοῦ
979 5129 1219 5199 Πατρός,
1243 5125 1309 5199 ἦν
1335 5132 1362 5182 ὁ
1380 5131 1551 5197 Λόγος
1581 5133 1637 5182 ἐν
1668 5131 1815 5200 αὐτῷ

235 5220 416 5286 οοξοῗα,
447 5219 542 5270 καὶ
571 5219 797 5288 δύναμις
819 5261 832 5280 ,
864 5221 958 5273 καὶ
989 5222 1273 5293 χαρακτὴρ
1294 5263 1307 5286 ,
1333 5225 1426 5276 καὶ
1454 5223 1813 5293 ἀπαύγασμα,

233 5313 324 5364 ναὶ
359 5311 526 5363 εἰκὼν
557 5312 816 5382 ὑπάρχων
850 5313 1033 5366 αὐτοῦ.
1061 5314 1170 5366 Καὶ
1218 5317 1264 5366 εἰ
1300 5315 1487 5383 χρόνος
1517 5310 1583 5384 ἦν
1618 5314 1814 5376 οὐδεὶς,

233 5407 314 5457 ὅτε
343 5406 519 5471 Λόγου
552 5405 720 5474 χωρὶς
742 5444 754 5466 ,
787 5406 878 5457 καὶ
923 5406 1115 5474 σοφίας
1135 5447 1148 5469 ,
1178 5408 1271 5459 καὶ
1304 5408 1651 5477 χαρακτῆρος
1675 5447 1691 5468 ,
1723 5409 1817 5460 καὶ

234 5497 664 5565 απαυγάσματο,
719 5491 785 5566 ἦν
839 5499 866 5549 6
902 5499 1121 5570 Πατήρ’
1176 5499 1388 5569 ἀνάγκη
1432 5499 1813 5568 συνομολογεῖν

234 5587 397 5638 ἀΐδιον
432 5587 702 5656 ὑπάρχειν
741 5588 828 5641 τὸν
870 5589 997 5642 Υὶὸν
1023 5632 1036 5654 ,
1086 5591 1143 5653 ὃς
1186 5592 1359 5644 ταυτά
1393 5593 1507 5643 ἐστι
1541 5590 1620 5660 τῷ
1660 5594 1814 5661 ἀϊδίῳ

237 5679 428 5747 ῐιατρε.
466 5679 592 5741 Πῶς
619 5679 726 5749 γὰρ
758 5681 893 5744 ὅλως
925 5683 1041 5734 ἐστὶ
1075 5683 1380 5754 χαρακτὴρ,
1418 5684 1534 5746 πῶς
1568 5685 1623 5735 δὲ
1652 5685 1812 5736 εἰκὼν

234 5769 463 5839 ἀκριϐὴς
491 5810 503 5831 ,
543 5772 589 5821 εἰ
643 5772 718 5840 μὴ
762 5774 895 5839 πρὸς
939 5775 1114 5826 ἐκεῖνο
1157 5779 1586 5847 μεμορςιυμένος
1621 5781 1809 5848 ὁρᾶται

304 5879 351 5912 ³³
394 5881 497 5936 lsa.
544 5897 665 5947 LIII,
702 5884 752 5938 8.
833 5885 877 5917 ἐ
922 5884 1064 5942 Ιίιιι.
1107 5903 1176 5953 ci,
1220 5888 1312 5943 ‘23.
1394 5891 1432 5920 ετ
1467 5888 1756 5953 Ιοδιι.ιιι’,
1792 5891 1841 5944 l5.

1931 3383 2120 3452 ligitur
2161 3382 2475 3438 nullatenus
2505 3397 2704 3451 capere
2736 3383 2864 3436 hcet
2910 3381 2978 3436 de
3020 3379 3340 3452 Unigenito.
3378 3381 3516 3436 Nam

1929 3490 2055 3529 cum
2117 3475 2188 3528 sit
2244 3482 2374 3529 ante
2419 3489 2582 3528 omne
2631 3482 2850 3543 tempus
2901 3481 2955 3528 et
3007 3475 3226 3529 saaculis
3278 3474 3517 3542 priorem

1929 3568 2312 3623 cxsistentiam
2369 3567 2589 3630 habeat,
2623 3583 2686 3621 ac
2726 3575 2989 3636 praeterea
3043 3566 3207 3622 linem
3244 3571 3518 3637 attingere

1929 3671 2129 3713 natura
2158 3658 2344 3713 divina
2374 3658 2591 3714 nesciat
2627 3659 2842 3728 (eodem
2884 3660 3028 3714 enim
3061 3659 3222 3713 modo
3267 3674 3326 3714 se
3366 3673 3516 3714 sem-

1928 3769 2022 3823 per
2056 3753 2297 3819 habebit,
2338 3751 2497 3821 juxta
2541 3751 2676 3806 illud
2721 3751 3070 3806 Psalmistaez
3126 3769 3144 3801 ι
3200 3751 3282 3805 Τυ
3331 3760 3514 3806 autem

1927 3846 2067 3899 idem
2101 3845 2217 3914 ipse
2243 3860 2324 3908 es,
2362 3853 2416 3899 et
2445 3844 2574 3898 anni
2611 3845 2690 3897 tui
2728 3859 2838 3897 non
2885 3843 3144 3898 deﬁcient
3178 3844 3222 3874 ’⁸
3257 3842 3326 3913 ι),
3374 3859 3516 3912 quo-

1925 3953 2052 3991 nam
2123 3952 2154 3990 a
2226 3938 2501 4008 principio
2569 3945 2816 4005 tempore
2875 3943 2929 3989 et
3004 3936 3312 4004 quantitate
3374 3934 3512 3989 deli—

1926 4031 2043 4084 nito
2093 4027 2267 4085 Filius
2313 4028 2595 4099 prodibit,
2657 4028 2751 4098 qui
2803 4027 2872 4081 ad
2921 4026 3084 4082 linem
3140 4028 3365 4082 tendere
3417 4043 3515 4083 ne-

1925 4120 2051 4182 scit,
2090 4129 2279 4188 utpote
2303 4119 2613 4174 secundum
2651 4127 2909 4172 naturam
2943 4119 3217 4174 exsistens
3247 4120 3410 4184 Deus,
3447 4136 3513 4176 ac

1925 4217 2217 4278 propterea
2277 4209 2556 4264 clamans:
2600 4226 2618 4259 (
2660 4206 2773 4279 Ego
2817 4223 2945 4264 sum
2971 4209 3082 4263 vita
3109 4209 3198 4262 "?
3239 4228 3258 4262 ι
3293 4208 3512 4264 Ρι-ἱιιοίο

1927 4300 2073 4368 pium
2109 4299 2255 4353 enim
2290 4298 2348 4352 in
2380 4313 2441 4354 se
2476 4300 2799 4369 neutiquam
2841 4298 3183 4368 intelligetur
3217 4314 3358 4365 esse,
3408 4316 3512 4355 nec
3603 4310 3608 4314 '

1925 4391 1992 4444 ad
2023 4389 2189 4444 linem
2224 4405 2383 4444 suum
2412 4391 2708 4461 respicere,
2735 4404 2862 4444 cum
2893 4391 3228 4460 principium
3254 4402 3510 4463 respectu

1925 4482 1994 4536 ad
2026 4482 2211 4545 linem,
2244 4497 2442 4538 rursus
2488 4490 2670 4536 autem
2707 4479 2834 4535 ﬁnis
2871 4493 3131 4551 respectu
3183 4485 3248 4537 ad
3301 4487 3511 4554 princi-

1925 4575 2075 4644 pium
2106 4581 2478 4644 nuncupetur.
2505 4572 2845 4642 Principium
2867 4589 3000 4629 vero
3026 4574 3116 4630 hic
3149 4590 3347 4632 rursus
3371 4585 3511 4632 temn

1923 4672 2098 4741 poris,
2136 4673 2255 4726 sive
2301 4669 2666 4739 quantitatem
2718 4669 3118 4740 significamus.
3171 4669 3307 4724 Cum
3343 4673 3510 4742 igitur

1920 4761 2056 4830 ipsis
2084 4760 2249 4814 etiam
2291 4759 2507 4814 saeculis
2537 4758 2818 4828 antiquior
2846 4759 2920 4812 sit
2945 4757 3140 4824 Filius,
3173 4759 3229 4814 in
3260 4771 3508 4830 tempore

1921 4854 2141 4923 genitus
2167 4867 2288 4907 esse
2320 4866 2429 4907 non
2457 4851 2682 4920 poterit,
2717 4851 2812 4907 sed
2853 4861 2973 4906 erat
3007 4868 3227 4922 semper
3254 4855 3310 4908 in
3341 4853 3508 4911 Patre

1921 4947 2070 5000 velut
2102 4946 2155 4999 in
2190 4945 2361 5008 fonte,
2393 4945 2553 4999 sicuti
2586 4946 2656 4999 ab
2685 4945 2805 5014 ipso
2840 4946 3047 4999 dictum
3080 4955 3196 4999 est:
3233 4965 3252 4998 ι
3293 4948 3405 5017 Ego
3438 4965 3506 5003 ex

1925 5039 2084 5093 Patre
2114 5038 2257 5092 exivi
2289 5047 2343 5091 et
2378 5038 2498 5092 veni
2536 5037 2601 5088 ³⁸.
2640 5056 2657 5086 ι
2717 5036 2854 5090 Cum
2884 5052 3014 5106 ergo
3047 5036 3211 5092 Pater
3252 5038 3377 5100 fons
3416 5041 3504 5094 in-

1926 5129 2223 5198 telligatur,
2255 5133 2375 5181 erat
2408 5125 2646 5179 Verbum
2693 5126 2746 5178 in
2781 5127 2926 5195 ipso,
2964 5127 3257 5196 sapientia,
3306 5139 3360 5183 et
3392 5131 3504 5184 vir-

1923 5229 2038 5284 tus,
2078 5228 2132 5273 et
2175 5219 2486 5282 character,
2517 5228 2569 5272 et
2603 5218 2886 5288 splendor,
2923 5228 2976 5273 et
3020 5220 3199 5289 imago
3241 5221 3361 5289 ejus
3409 5219 3507 5275 ex:

1924 5315 2146 5368 sistens.
2182 5313 2284 5381 12
2321 5311 2386 5364 Et
2417 5312 2463 5365 si
2496 5320 2710 5381 tempus
2741 5312 2949 5365 nullum
2982 5323 3100 5367 erat
3125 5313 3346 5381 quando
3378 5315 3504 5370 abs-

1923 5421 2029 5475 que
2079 5404 2283 5469 Verbo,
2321 5413 2374 5459 et
2423 5404 2714 5473 sapientia,
2744 5412 2797 5457 et
2829 5403 3173 5470 charactere,
3216 5412 3269 5459 et
3319 5407 3505 5475 splen-

1923 5499 2056 5551 dore
2100 5505 2216 5550 eral
2248 5494 2431 5555 Pater,
2465 5495 2624 5548 simul
2654 5495 2817 5547 etiam
2851 5493 3011 5548 fateri
3046 5510 3273 5549 necesse
3317 5507 3402 5550 est
3430 5513 3502 5551 ae-

1921 5600 2136 5645 ternum
2190 5605 2312 5644 esse
2356 5587 2586 5652 Filium,
2629 5587 2723 5657 qui
2777 5587 2965 5641 eadem
3005 5594 3089 5641 est
3136 5603 3259 5641 cum
3295 5599 3502 5644 aeterno

1923 5682 2103 5736 Patre.
2153 5681 2439 5746 Quomodo
2487 5679 2659 5743 enim,
2697 5681 2912 5740 amabo,
2950 5679 3239 5734 character
3266 5688 3370 5743 est,
3406 5689 3502 5738 aut

1924 5776 2195 5844 quomodo
2225 5787 2414 5828 cxacua
2453 5774 2650 5843 imago,
2691 5775 2791 5826 nisi
2844 5773 2910 5826 ad
2943 5773 3090 5826 illam
3129 5773 3496 5843 pulchritudi—

1924 5892 1968 5921 “'
1998 5889 2154 5946 Joan.
2186 5905 2296 5953 XVI,
2330 5889 2419 5944 '28.
