4226 6494
739 426 805 477 27
1743 429 1799 485 S.
1843 425 2117 485 CYlllLLl
2169 424 2648 484 ALEXANDRINI
2689 431 3012 501 AllClill‘IP.
3944 435 4017 489 ‘28

741 553 864 591 nem
914 553 1212 608 expressus
1262 541 1518 597 videatur
1552 541 1713 611 cujus
1752 542 1915 596 etiam
1967 551 2052 595 est
2107 540 2325 610 imago?

2429 540 2486 592 τὸ
2518 543 2747 608 κάλλος,
2785 539 2845 597 οὗ
2898 548 2990 599 καὶ
3022 545 3168 599 ἐστιν
3222 547 3418 613 είκών,
3467 548 3742 616 Ἀδικήτει
3780 547 3837 599 δὲ
3877 549 4016 612 ὅλως

740 627 883 681 Nihil
910 630 1151 685 obstabit
1173 647 1361 702 porro,
1389 631 1537 703 quod
1560 631 1761 687 Filium
1780 634 1841 686 in
1873 631 2032 687 Patre
2061 640 2322 701 tanquam

741 716 794 769 in
828 714 982 771 fonte
1017 734 1138 775 esse
1180 721 1561 792 intelligimus.
1610 720 1821 776 Nomen
1855 718 2025 775 fontis
2055 721 2201 775 enim
2234 720 2323 775 hic

740 808 941 871 solum,
977 809 1030 864 id
1064 826 1132 867 ex
1162 827 1292 882 quo,
1326 814 1621 885 signiﬁcat.
1681 812 1780 868 Est
1821 822 2004 869 autem
2054 812 2225 867 Filius
2266 814 2320 868 in

740 897 922 965 Patre,
969 911 1022 955 et
1066 917 1134 956 ex
1166 902 1350 967 Patre,
1402 919 1511 958 non
1542 904 1918 970 extrinsecus,
1962 911 2055 957 aut
2090 904 2144 958 in
2180 910 2321 958 tem-

740 1007 872 1060 pore
910 996 1150 1064 genitus,
1195 995 1292 1051 sed
1342 998 1396 1051 in
1448 996 1627 1053 Patris
1666 1000 1945 1053 exsistens
1981 999 2318 1065 substantia,

737 1092 789 1137 et
833 1098 900 1138 ex
956 1087 1075 1156 ipsa
1125 1087 1414 1159 effulgens,
1452 1090 1603 1144 velut
1644 1106 1710 1145 ex
1745 1091 1860 1146 sole
1894 1090 2179 1160 Splendor,
2228 1103 2321 1145 aut

740 1186 1004 1245 tanquam
1039 1178 1108 1231 ab
1167 1178 1290 1248 igne
1339 1180 1564 1234 innatus
1615 1181 1664 1235 ei
1716 1182 1886 1235 calor.
1938 1179 1995 1233 1n
2048 1181 2134 1235 his
2174 1181 2319 1234 enim

736 1270 1005 1337 exemplis
1053 1287 1221 1323 unum
1274 1272 1496 1341 quidem
1530 1289 1592 1328 ex
1629 1274 1737 1327 alio
1770 1283 2093 1344 prognatum
2138 1273 2323 1327 ridere

736 1369 840 1421 est,
877 1370 1259 1417 verumtamen
1301 1379 1518 1433 semper
1567 1365 1933 1429 coexsistens,
1963 1372 2016 1419 et
2046 1365 2323 1434 insepara-

737 1453 922 1507 biliter
956 1455 1209 1522 insitum,
1245 1457 1320 1511 ita
1371 1464 1428 1511 ut
1474 1458 1685 1526 absque
1731 1459 1906 1513 altero
1941 1459 2173 1514 alterum
2226 1474 2322 1528 per

736 1559 795 1598 se
846 1556 1084 1615 nequeat
1125 1563 1265 1612 esse,
1304 1555 1357 1603 et
1404 1563 1586 1603 veram
1628 1565 1740 1603 suae
1790 1556 1999 1603 natura:
2051 1550 2320 1605 rationem

738 1636 998 1690 retinere.
1028 1637 1316 1703 Quomodo
1342 1639 1484 1693 enim
1518 1639 1737 1694 demum
1773 1641 1853 1696 sol
1885 1642 2013 1705 erit,
2042 1641 2087 1696 si
2140 1642 2323 1713 splen-

735 1726 871 1782 dore
911 1730 982 1783 sit
1014 1730 1334 1793 dcstitutus,
1376 1739 1471 1785 aut
1501 1732 1778 1801 quomodo
1816 1732 2097 1803 splendor,
2130 1735 2176 1788 si
2208 1749 2319 1789 non

736 1819 808 1871 sit
843 1820 923 1874 sol
958 1836 988 1873 a
1027 1838 1137 1891 quo
1168 1824 1522 1877 illustretur?
1568 1823 1859 1889 Quomodo
1908 1840 2039 1879 vero
2071 1825 2237 1896 ignis,
2271 1826 2315 1881 si

735 1910 1093 1967 calefaciendi
1127 1914 1328 1969 virtute
1355 1916 1578 1969 careat?
1610 1914 1767 1971 Unde
1795 1924 1979 1972 autem
2005 1917 2177 1984 calor,
2212 1918 2319 1973 nisi

733 2018 799 2057 ex
833 2004 974 2072 igne,
1015 2013 1108 2058 aut
1139 2006 1207 2059 ab
1246 2007 1349 2060 alia
1392 2010 1626 2077 quadam
1661 2024 1719 2063 re
1753 2024 1874 2077 qua:
1907 2024 1937 2062 a
1968 2009 2321 2064 substantiali

736 2097 1003 2163 qualitate
1033 2098 1177 2167 ignis
1220 2098 1364 2152 haud
1400 2101 1591 2170 procul
1631 2101 1817 2156 absit?
1842 2100 2319 2167 Quemadmodum

737 2186 907 2254 igitur
946 2187 1000 2240 in
1030 2188 1137 2253 his,
1169 2189 1317 2259 quod
1345 2192 1507 2245 simul
1547 2192 1820 2247 exsistant
1852 2207 1915 2247 ea
1944 2207 2063 2262 qum
2092 2201 2223 2248 sunt
2254 2210 2321 2249 ex

737 2277 899 2345 ipsis,
934 2294 1123 2333 eorum
1178 2282 1577 2336 coexsistentia
1608 2298 1721 2337 non
1774 2284 2007 2347 tollitur,
2040 2284 2135 2338 sed
2175 2283 2322 2353 quod

736 2384 954 2439 semper
980 2379 1320 2425 concurrant
1355 2389 1479 2426 cum
1510 2376 1938 2443 productoribus
1968 2376 2106 2439 suis,
2142 2377 2320 2445 palam

738 2460 798 2514 tit
842 2476 969 2516 esse
1004 2464 1269 2531 producta
1317 2472 1372 2520 et
1407 2482 1571 2520 unam
1609 2482 1730 2522 cum
1762 2469 1898 2537 ipsis
1924 2469 2127 2524 habere
2159 2479 2321 2524 natu-

736 2567 853 2607 ram
885 2569 897 2604 :
934 2554 1007 2608 ita
1046 2571 1267 2625 quoque
1311 2558 1366 2612 in
1401 2557 1568 2626 Filio;
1606 2560 1731 2613 licet
1781 2560 1928 2615 enim
1988 2560 2043 2614 in
2077 2560 2238 2617 Patre
2268 2570 2324 2618 et

737 2661 802 2700 ex
847 2645 1010 2701 Patre
1054 2650 1399 2720 intelligatur
1432 2666 1495 2706 ac
1526 2651 1767 2717 dicatur,
1824 2669 1937 2707 non
1972 2654 2191 2709 alienus
2227 2671 2325 2711 no-

737 2739 822 2793 bis
862 2748 958 2792 aut
1004 2752 1285 2805 externus,
1323 2752 1418 2796 aut
1466 2753 1730 2815 tanquam
1768 2746 1837 2801 ab
1880 2746 2001 2816 ipso
2045 2748 2323 2803 secundus

739 2833 1001 2902 prodibit,
1045 2835 1140 2888 sed
1175 2836 1458 2892 exsistens
1490 2837 1547 2891 in
1594 2839 1737 2907 ipso,
1770 2845 1826 2893 et
1859 2853 2078 2908 semper
2105 2840 2321 2894 coexsi-

738 2934 913 2984 stens.
948 2934 996 2977 et
1040 2942 1107 2980 ex
1158 2928 1278 2997 ipso
1318 2926 1589 2998 elTulgens
1640 2930 1944 2985 secundum
1992 2930 2322 2985 ineffabilem

738 3018 937 3072 divina
966 3021 1349 3089 getterationis
1383 3021 1623 3075 modum.
1678 3023 1835 3088 Quod
1885 3032 2065 3077 autem
2094 3026 2258 3078 ctiam
2293 3040 2323 3077 a

739 3112 949 3163 sanctis
994 3110 1135 3166 Deus
1177 3120 1231 3166 et
1261 3111 1424 3168 Pater
1468 3124 1734 3182 tanquam
1775 3116 2104 3185 principium
2143 3118 2319 3170 solum

738 3216 801 3253 ex
845 3216 955 3268 quo
1011 3199 1130 3254 Filii
1167 3203 1408 3267 dicatur,
1441 3205 1567 3257 audi
1606 3204 1961 3259 Psalmistam
2011 3207 2319 3261 secundum
2349 3220 2391 3278 ο

742 3292 915 3343 nostri
950 3291 1265 3349 Servatoris
1318 3293 1611 3349 adventum
1651 3298 2135 3365 prmnuntiantem,
2170 3307 2224 3353 et
2254 3299 2322 3352 ad

740 3385 920 3452 ipsum
982 3383 1177 3439 Filium
1229 3387 1497 3443 dicentem
1531 3406 1544 3441 :
1585 3407 1603 3439 ι
1640 3388 1845 3443 Tecum
1895 3392 2225 3461 principium
2265 3391 2321 3446 in

739 3478 829 3533 die
897 3480 1115 3534 virtutis
1168 3487 1317 3546 tum,
1382 3481 1436 3535 in
1488 3481 1780 3551 splendore
1834 3491 2148 3537 sanctorum
2201 3493 2326 3538 tuo-

743 3586 863 3623 rum
895 3575 960 3626 ".
998 3590 1016 3622 ι
1071 3570 1195 3626 Dies
1230 3572 1376 3626 enim
1423 3573 1648 3627 virtutis
1683 3572 1805 3627 Filii
1838 3589 1901 3628 ea
1930 3582 2035 3637 est,
2070 3591 2175 3644 qua
2204 3575 2328 3629 uni-

740 3677 963 3717 versum
1002 3664 1188 3717 orbem
1238 3662 1589 3731 judicaturus
1619 3671 1726 3729 est,
1760 3670 1815 3719 et
1846 3664 2152 3736 unicuique
2184 3680 2326 3720 mer-

742 3754 930 3807 cedem
986 3752 1295 3807 secundum
1348 3767 1515 3822 opera
1578 3767 1675 3807 sua
1735 3753 2077 3810 redditurus.
2132 3754 2327 3810 Veniet

744 3854 927 3897 autem
978 3847 1209 3898 omnino
1261 3845 1428 3900 etiam
1478 3845 1597 3915 ipse
1642 3846 1925 3901 cxsistens
1970 3848 2023 3901 in
2061 3848 2239 3912 Patre,
2273 3855 2328 3901 et

745 3937 953 3990 habens
1000 3936 1052 3987 in
1109 3937 1293 4004 seipso
1346 3934 1591 3997 Patrem,
1640 3949 1756 3989 sure
1792 3944 2005 3990 naturae
2053 3935 2327 4004 quodam-

747 4029 907 4080 modo
945 4027 1196 4097 principii
1231 4042 1428 4096 expers
1475 4027 1834 4095 principium,
1870 4027 2086 4082 scilicet
2115 4042 2178 4082 ex
2210 4041 2321 4097 quo

746 4120 1038 4178 duntaxat.
1074 4128 1363 4189 pr0pterea
1389 4118 1538 4188 quod
1567 4126 1650 4172 est
1676 4133 1741 4172 ex
1773 4116 1952 4173 Patre.

964 4231 1065 4300 13
1110 4232 1152 4295 l,
1195 4230 1246 4283 l.
1294 4229 1359 4283 In
1398 4230 1657 4299 principio
1708 4236 1823 4282 erat
1870 4228 2116 4283 Verbum.

823 4323 1088 4391 Principii
1120 4322 1187 4376 de
1221 4338 1332 4392 quo
1367 4322 1457 4376 hic
1495 4321 1815 4390 quzerimus,
1857 4321 2039 4373 multa:
2074 4335 2136 4374 ac
2169 4322 2333 4375 variae

750 4412 1179 4475 significationes
1203 4427 1260 4467 se
1294 4410 1454 4465 nobis
1477 4409 1716 4463 olferunt
1748 4409 1992 4476 undique
2019 4423 2141 4478 quae
2175 4410 2330 4461 utilia

750 4507 862 4560 sint
902 4504 1388 4574 investigantibus,
1419 4512 1472 4557 et
1515 4516 1715 4557 canum
1751 4501 1924 4554 instar
1958 4516 2145 4555 veram
2187 4502 2331 4555 divi-

2427 634 2597 697 ούὸὲν,
2634 635 2695 688 τὸ
2744 636 2817 699 ὡς
2848 638 2905 689 ὲν
2938 641 3090 708 πηγῇ
3108 637 3186 708 τῷ
3224 637 3397 707 Πατρὶ
3445 637 3536 689 τὸν
3578 637 3702 689 Υἱὺν
3748 638 4019 708 ὑπάρχειν

2426 726 2626 779 ἐννοεῖν
2647 743 2658 756 ·
2691 729 2849 797 μόνον
2878 730 2984 800 γάρ
3012 730 3094 793 τὸ,
3130 729 3192 794 ἐξ
3209 724 3293 793 οὗ,
3320 730 3381 782 τὸ
3410 732 3509 801 τῆς
3532 730 3712 797 πηγῆ⁵
3736 729 3790 783 ὲν
3808 729 4017 793 τούτοις

2425 816 2594 887 ὄνομα
2630 820 2903 889 σημαίνει.
2941 823 3097 875 Ἔστι
3126 822 3182 875 δὲ
3232 824 3260 875 ό
3320 820 3446 885 Υἱὸς
3502 823 3558 875 ἐν
3592 821 3766 892 Πατρὶ
3812 822 3907 875 καὶ
3951 824 4020 875 ὲκ

2426 912 2641 981 Πατρδς
2663 941 2697 975 ,ι
2728 913 2827 965 οὐκ
2868 911 3066 977 ἔξωθεν
3114 912 3147 984 ἥ
3200 914 3257 965 ὲν
3291 912 3471 984 χρόνῳ
3508 912 3745 981 γεγονὼς
3765 954 3779 978 ,
3811 912 3928 965 ἀλλ’
3958 913 4018 965 ὲν

2424 1006 2489 1075 τῇ
2517 1004 2611 1057 τοῦ
2642 1005 2853 1075 Πατρὸς
2886 1006 3148 1078 ὑπάρχων
3182 1004 3376 1076 οὐσίᾳ,
3407 1006 3502 1059 καὶ
3553 1005 3613 1070 ἐξ
3666 1005 3837 1074 αὐτῆς
3886 1007 4019 1058 ἁνα-

2425 1094 2650 1165 λάμψας
2677 1135 2691 1159 ,
2730 1095 2918 1167 ὥσπερ
2952 1097 3010 1163 ἐξ
3044 1096 3196 1167 ἡλίου
3231 1096 3391 1165 τυχὸν
3444 1096 3504 1149 τὸ
3537 1095 3878 1166 ἀπαύγασμα
3911 1095 4016 1147 αύ-

2423 1187 2586 1259 τού,ἥ
2612 1187 2861 1260 καθάπερ
2884 1192 2947 1242 ὲκ
2979 1189 3148 1260 πυρὸς
3178 1189 3210 1259 ἡ
3239 1188 3476 1257 ἔμφυτος
3509 1188 3675 1240 αὐτοῦ
3721 1187 4024 1258 θερμότης..

2438 1277 2529 1329 Ἐν
2555 1278 2663 1349 γὰρ
2688 1282 2798 1343 τοῖς
2826 1280 3089 1343 τοιούτοις
3122 1278 3581 1349 παραδείγμασιν,
3604 1278 3661 1330 ἓν
3691 1279 3786 1348 μὲν
3809 1278 3866 1341 ἐξ
3897 1279 4021 1340 ἐνὸς,

2424 1367 2765 1439 γεννώμενον
2810 1368 3015 1424 ἔνεστιν
3051 1369 3175 1423 ἰδεῖν
3196 1410 3210 1435 ,
3242 1369 3328 1422 ἀεὶ
3355 1368 3397 1421 δ’
3420 1364 3511 1421 οὖν
3556 1370 3705 1437 ὅμως
3739 1366 4018 1437 συνυπάρ-

2424 1468 2535 1529 xm,
2570 1460 2663 1513 καὶ
2694 1461 3017 1531 ἀχωρίστως
3044 1459 3245 1533 προσὸν
3268 1500 3283 1524 ,
3312 1461 3385 1523 ὡς
3420 1460 3542 1531 δίχα
3571 1459 3662 1512 τοῦ
3714 1460 3902 1529 ἑτέρου
3934 1459 4012 1528 μὴ

2423 1549 2559 1605 εἶναι
2585 1551 2842 1606 δύνασθαι
2874 1553 2993 1606 καθ’
3026 1552 3186 1605 ἑαυτὸ
3237 1553 3299 1605 τὸ
3338 1551 3546 1621 ἕτερον,
3594 1550 3687 1603 καὶ
3725 1548 4012 1612 διασώζειν

2423 1643 2596 1715 ἀληθῆ
2627 1644 2717 1697 τὸν
2747 1645 2846 1714 τῆς
2882 1644 3091 1708 οἰκείας
3121 1643 3335 1712 φύσεως
3367 1643 3544 1710 λόγον.
3583 1641 3706 1704 Πῶς
3734 1642 3842 1711 γὰρ
3871 1641 4010 1703 ὅλως

2422 1736 2572 1806 ⁴ἧλιος
2596 1738 2695 1789 οὐκ
2739 1736 2877 1806 ἔχων
2907 1735 3251 1804 ἀπαύγασμα
3281 1752 3295 1800 ;
3332 1734 3364 1804 ἦ
3398 1734 3516 1797 πῶς
3542 1732 3883 1801 ἀπαύγασμα
3931 1732 4009 1801 μὴ

2422 1826 2574 1889 ὄντος
2622 1827 2771 1895 ἡλίου
2822 1826 2919 1880 τοῦ
2976 1825 3389 1895 ἀπαυγὰζοντος
3441 1825 3602 1890 auito;
3664 1825 3787 1887 Πῶς
3822 1824 3879 1877 δὲ
3916 1824 4013 1877 καὶ

2425 1918 2557 1989 πῦρ,
2586 1922 2631 1971 εὶ
2657 1919 2717 1971 τὸ
2747 1919 3061 1990 θερμαίνειν
3090 1920 3191 1972 οὐκ
3226 1919 3370 1989 ἔχει;
3410 1917 3572 1971 πόθεν
3614 1917 3670 1970 δὲ
3699 1917 3757 1969 τὸ
3784 1916 4011 1987 θερμὸν,

2424 2011 2473 2062 εἰ
2505 2008 2579 2080 μὴ
2606 2012 2669 2063 ἐκ
2699 2010 2871 2080 πυρὸς
2896 2050 2910 2073 ,
2943 2010 2975 2080 ἦ
3013 2009 3165 2080 παρά
3193 2026 3334 2071 τινος
3357 2008 3544 2079 ἐτέρου
3569 2006 3750 2076 τυχὸν,
3785 2007 3884 2076 τῆς
3916 2006 4009 2059 τοῦ

2426 2103 2595 2173 πυρὸς
2622 2101 2914 2165 οὐσιώδους
2940 2102 3223 2172 ποιότητος
3255 2100 3314 2152 ού
3343 2098 3561 2169 μακράν
3591 2115 3690 2149 που
3720 2096 4014 2166 κειμένου;

2426 2193 2637 2264 ’Ὠσπερ
2664 2188 2756 2246 οὖν
2788 2194 2845 2245 ἐν
2882 2193 3113 2256 τούτοις,
3142 2192 3203 2243 τὸ
3234 2191 3558 2261 ἐνυπάρχειν
3612 2189 3677 2242 τὰ
3703 2188 3762 2252 ἐξ
3812 2186 4016 2254 αὐτῶν,

2423 2285 2525 2338 ούκ
2574 2286 2787 2354 ἀναιρεῖ
2834 2284 2931 2353 τὴν
2994 2282 3370 2352 συνύπαρξιν,
3409 2280 3496 2333 ἀεί
3543 2279 3600 2333 δὲ
3650 2278 4018 2348 συντρέχοντα

2422 2376 2535 2436 τοῖς
2560 2372 2790 2441 γεννῶσι
2819 2371 3057 2425 δεικνύει
3112 2371 3182 2424 τὰ
3222 2368 3539 2439 γεννώμενα
3565 2409 3578 2433 ,
3609 2369 3703 2421 καὶ
3761 2367 3888 2436 μίαν
3938 2367 4018 2429 ὡς

2426 2466 2561 2536 πρὸς
2595 2465 2736 2518 αύτά
2790 2466 2890 2535 τὴν
2922 2464 3083 2533 φύσιν
3133 2461 3535 2533 κληρωσάμενα
3562 2478 3577 2492 ο
3608 2459 3753 2512 οὕτω
3789 2458 3881 2511 καὶ
3926 2458 4015 2526 ἐφ’

2426 2556 2580 2611 Υἰοῦ.
2614 2558 2731 2610 Κάν
2778 2557 2886 2625 γὰρ
2916 2557 2974 2608 ἐν
3026 2554 3202 2625 Πατρὶ
3232 2554 3325 2606 καὶ
3368 2554 3430 2603 ὲκ
3462 2551 3675 2621 Πατρὸς
3703 2547 3891 2618 νοῆται
3919 2546 4020 2599 καὶ

2424 2648 2687 2723 λέγηται,
2721 2649 2822 2701 οὐκ
2872 2647 3103 2714 ἐκφυλος
3133 2646 3263 2716 ἡμῖν
3311 2643 3407 2695 καὶ
3467 2640 3717 2709 ξένος,ἢ
3769 2639 3845 2700 ὠς
3897 2636 4017 2707 μετ’

2425 2739 2587 2793 αὑτὸν
2615 2736 2864 2808 δεύτερος
2906 2735 3220 2807 εἰσϐήσεται
3245 2774 3259 2797 ,
3304 2733 3419 2787 ἀλλ’
3453 2731 3530 2786 ὣν
3579 2733 3637 2784 ὲν
3690 2729 3878 2800 αὐτῷ,
3918 2728 4021 2782 καὶ

2427 2829 2785 2901 συνυπάρχων
2811 2829 2914 2891 ἀεὶ,
2958 2829 3050 2881 καὶ
3098 2827 3157 2891 ἐξ
3208 2824 3372 2879 αὑτοῦ
3423 2822 3717 2895 πεφηνὼς,
3749 2820 3893 2875 κατὰ
3924 2819 4020 2873 τὸν

2426 2923 2664 2994 ἄρρητον
2694 2921 2793 2991 τῆς
2825 2921 2972 2985 Θείας
2996 2922 3304 2991 γεννήσεως
3334 2918 3554 2989 τρόπον.
3586 2918 3707 2969 Ὅτι
3731 2915 3786 2968 δὲ
3823 2913 3916 2966 καὶ
3940 2911 4020 2975 ὡς

2426 3017 2568 3085 ἁρχὴ
2602 3014 2695 3068 τοῦ
2734 3014 2864 3067 Υἱοῦ
2917 3015 3056 3067 κατὰ
3107 3014 3265 3083 μόνον
3295 3012 3378 3075 τὸ,
3434 3010 3494 3074 ἐξ
3543 3003 3623 3075 οὗ,
3656 3006 3874 3074 λέγεται
3922 3003 4023 3057 καὶ

2425 3109 2577 3178 παρά
2598 3110 2708 3170 τοῖς
2730 3106 2905 3175 ἁγίοις
2926 3108 2953 3158 ὁ
2981 3104 3112 3167 Θεὸς
3141 3104 3234 3156 καὶ
3263 3102 3474 3174 Πατὴρ,
3498 3099 3665 3155 ἄκουε
3693 3094 3787 3150 τοῦ
3821 3093 4023 3164 Ψαλμ-

2425 3195 2563 3267 ῳδού
2616 3196 2713 3266 τὴν
2756 3194 3014 3265 δευτέραν
3066 3192 3160 3247 τοῦ
3192 3194 3447 3263 Σωτῆρος
3491 3187 3648 3260 ἡμῶν
3693 3184 4023 3253 ἐπιφάνειαν

2430 3287 2520 3339 διὰ
2542 3285 2635 3338 τοῦ
2662 3284 2819 3353 ἁγίου
2854 3282 3172 3353 Πνεύματος
3200 3280 3670 3351 προκηρύττοντος
3695 3317 3709 3341 ,
3744 3276 3837 3328 καλ⁸
3878 3273 4021 3343 πρὸς

2430 3377 2589 3431 αὐτὸν
2626 3375 2877 3443 λέγοντος
2931 3371 3022 3424 τόν
3074 3372 3235 3424 Υἱόν·
3306 3391 3320 3422 ι
3359 3369 3515 3423 Μετά
3561 3365 3719 3433 σοῦή
3767 3364 3908 3434 ἀρχὴ
3961 3366 4022 3416 ὲν

2430 3467 2613 3539 ἡμέρᾳ
2658 3463 2759 3534 τῆς
2805 3458 3085 3530 δυνάμεώς
3119 3475 3212 3510 σου
3240 3498 3253 3520 ,
3305 3458 3362 3508 ὲν
3409 3460 3475 3526 τῇ
3525 3453 3870 3525 λαμπρότητι
3906 3450 4020 3503 τῶν

2430 3560 2601 3629 ἁγίων
2654 3573 2769 3609 σου.
2804 3576 2821 3608 ι
2855 3553 3072 3624 Ἡμέρα
3109 3551 3217 3620 γὰρ
3249 3549 3535 3619 δυνάμεως
3579 3546 3671 3599 τοῦ
3713 3544 3863 3607 Υἱοῢ,
3896 3542 4019 3596 καθ’

2430 3654 2497 3725 ἢν
2529 3651 2655 3719 ὃλην
2691 3650 2868 3717 κρινεί
2892 3644 2990 3716 τὴν
3020 3642 3371 3713 οἰκουμένην,
3409 3640 3507 3693 καὶ
3537 3637 3861 3692 ἀποδίδωσιν
3889 3632 4019 3685 ἑκά-

2435 3763 2543 3815 στῳ
2583 3743 2721 3797 κατὰ
2754 3742 2822 3795 τὰ
2873 3739 3009 3809 ἔργα
3042 3735 3239 3790 αὐτοῦ’
3275 3734 3395 3805 ἥξει
3436 3733 3492 3786 δὲ
3527 3731 3743 3791 πάντως
3772 3728 3865 3781 καὶ
3895 3726 4021 3778 τότε

2434 3836 2595 3898 αὐτός
2629 3852 2687 3886 τε
2733 3832 2807 3885 ὢν
2841 3832 2896 3884 ὲν
2939 3829 3134 3899 Πατρὶ,
3174 3826 3268 3881 καὶ
3303 3825 3441 3895 ἔχων
3469 3825 3526 3875 ὲν
3564 3819 3742 3890 ἑαυτῷ
3776 3819 3866 3871 τὸν
3905 3818 4021 3869 Πα-

2434 3934 2591 3997 τέρα,
2636 3924 2734 3993 τὴν
2770 3922 3006 3992 ἄναρχον
3038 3920 3133 3989 τῆς
3172 3918 3378 3979 οἰκείας
3431 3914 3646 3981 φύσεως
3689 3910 3849 3963 οἱινεί
3904 3926 4021 3969 πως

2436 4020 2633 4089 ἀρχὴν,
2662 4016 2802 4070 κατὰ
2845 4016 3002 4085 μόνον
3058 4011 3141 4076 τὸ,
3195 4009 3254 4073 ἐξ
3288 4004 3345 4062 οὗ
3371 4046 3385 4072 ,
3416 4007 3505 4060 διὰ
3549 4006 3607 4058 τὸ
3642 4005 3906 4072 ὑπάρχειν
3957 4003 4024 4052 ἐκ

2440 4110 2675 4181 Πατρός.

2884 4216 2983 4270 Ἔν
3019 4211 3174 4282 ἀρχῇ
3200 4208 3277 4281 ἦν
3304 4212 3336 4263 ὁ
3358 4208 3567 4276 Λόγος.

2510 4314 2604 4375 Εἰς
2634 4308 2831 4371 πολλὰς
2864 4309 2994 4377 ἡμῖν
3030 4306 3123 4359 καὶ
3154 4302 3444 4373 διαφόρους
3473 4297 3679 4359 ἐννοίας
3706 4298 3732 4348 ό
3762 4295 3892 4365 περὶ
3922 4293 4024 4363 τῆς

2442 4405 2627 4459 ἐνθάδε
2663 4398 3066 4471 σημαινομένης
3111 4395 3287 4466 ἀρχῆς
3333 4390 3813 4445 καταποικίι.λεται
3843 4387 4023 4453 λόγος,

2444 4493 2775 4563 πανταχόθεν
2832 4488 3101 4557 θηρᾶσθαι
3164 4482 3479 4545 σπουδάζων
3535 4480 3604 4532 τὰ
3655 4480 3731 4541 εἰς
3760 4477 4027 4544 ὠφέλειαν

752 4612 946 4651 norum
973 4596 1293 4665 dogmatum
1316 4594 1901 4663 comprehensionem,
1928 4602 1982 4647 et
2008 4603 2327 4647 accuratam

2437 4586 2798 4647 συντείνοντα,
2831 4582 2924 4634 καὶ
2948 4577 3253 4646 κατάληψιν
3285 4572 3459 4643 ἀληθῆ
3500 4570 3607 4623 τῶν
3634 4570 3791 4623 θείων
3820 4569 4029 4637 δογμά-

751 4686 1137 4755 mysteriorum
1161 4685 1432 4738 rationem
1452 4682 1872 4752 indagantibus:
1898 4701 1916 4732 ι
1941 4680 2282 4736 Scrutamini
2306 4700 2325 4733 ›

752 4779 897 4832 cnim
933 4796 950 4829 ‹
986 4784 1211 4831 sanctas
1258 4775 1573 4843 Scripturas
1596 4814 1610 4838 ,
1644 4794 1662 4825 ι
1695 4774 1901 4829 alicubi
1952 4772 2207 4829 Salvator
2234 4775 2332 4839 ait,

759 4889 775 4921 ι
810 4871 937 4940 quia
972 4883 1067 4921 vos
1103 4867 1309 4937 putatis
1337 4868 1391 4920 in
1424 4866 1558 4936 ipsis
1584 4867 1753 4920 vitam
1787 4872 2049 4919 aeternam
2084 4865 2287 4921 habere
2318 4886 2330 4921 :

751 4971 805 5013 et
834 4962 938 5014 illa:
973 4966 1102 5015 sunt
1132 4974 1255 5029 qua:
1278 4958 1658 5013 testimonimn
1691 4958 1980 5027 perhibent
2009 4955 2076 5010 de
2109 4972 2197 5010 me
2216 4957 2282 5012 ‘°.
2314 4976 2331 5009 ι

753 5052 985 5107 Videtur
1018 5052 1203 5121 itaque
1241 5050 1435 5104 beatus
1466 5048 1805 5118 evangelista
1838 5047 2093 5117 principii
2118 5047 2339 5102 nomine

752 5145 845 5200 hic
891 5151 1215 5214 potestatem
1268 5156 1439 5211 supra
1480 5141 1662 5193 omnia
1713 5140 1953 5207 positam
2005 5139 2336 5208 signiﬁcare,

754 5240 969 5297 Patrem
1032 5238 1327 5300 nimirum,
1390 5244 1450 5289 ut
1503 5241 1557 5289 et
1611 5249 1776 5303 supra
1832 5232 2017 5285 omnia
2071 5234 2338 5287 collocata

756 5341 948 5383 natura
981 5328 1165 5381 divina
1200 5333 1496 5396 appareat,
1528 5338 1650 5394 qua:
1692 5322 2060 5393 quodcunque
2092 5332 2337 5377 creatum

756 5430 839 5476 est
879 5422 982 5476 sub
1035 5419 1267 5491 pedibus
1306 5418 1496 5481 habet,
1536 5424 1589 5470 et
1634 5415 1796 5469 rebus
1853 5429 1882 5467 a
1929 5430 1989 5469 se
2043 5416 2095 5467 in
2153 5430 2338 5468 rerum

759 5525 1010 5569 naturam
1042 5513 1207 5565 editis
1249 5508 1646 5579 propemodum
1690 5506 1907 5560 insidet.
1950 5507 2007 5558 In
2045 5506 2146 5559 hoc
2174 5506 2341 5575 igitur

759 5605 1029 5675 principio
1064 5603 1209 5671 quod
1246 5611 1330 5657 est
1364 5602 1419 5655 in
1452 5616 1644 5655 omnes
1676 5607 1730 5653 et
1774 5613 1941 5667 supra
1974 5614 2190 5661 omnes,
2222 5608 2340 5653 erat

765 5696 1019 5761 Verbum,
1051 5711 1156 5749 non
1197 5709 1322 5749 cum
1360 5693 1619 5748 omnibus
1659 5693 1765 5747 sub
1804 5691 2032 5761 pedibus
2064 5691 2206 5762 ejus,
2242 5694 2334 5748 sed

839 5878 882 5911 ’ν
922 5875 1067 5932 I’sal.
1100 5889 1222 5939 cur,
1257 5873 1308 5928 5.
1391 5873 1432 5905 ³⁰
1468 5870 1630 5927 Joan.
1667 5889 1717 5939 γ,
1744 5872 1832 5929 59.

2437 4694 2568 4739 των,
2622 4676 2717 4728 καὶ
2772 4673 2871 4744 τὴν
2916 4674 2972 4725 ὲν
3008 4672 3117 4731 τοῖς
3169 4665 3488 4737 μυστηρίοις
3533 4661 3818 4733 ἀκρίϐειαν
3867 4660 4030 4721 κυνὶς

2440 4770 2596 4839 δίκην
2660 4764 2990 4836 ἰχνηλατῶν·
3049 4782 3066 4813 ι
3114 4756 3547 4829 Ἐρευνᾶτεξγάρ
3584 4772 3681 4807 που
3722 4751 3821 4814 τὰς
3867 4750 4033 4818 ἁγίας

2440 4859 2683 4930 Γραφάς,
2763 4855 2926 4925 φησὶν
2971 4855 2998 4906 ὁ
3061 4852 3272 4922 Σωτήρ·
3331 4850 3411 4902 ὅτι
3474 4848 3531 4899 ὲν
3591 4845 3782 4905 αὐταῖς
3869 4843 4032 4911 ὑμεῖς

2442 4952 2645 5005 δοκεῖτε
2674 4948 2817 5019 ζωὴν
2844 4945 3059 5000 αἰώνιον
3094 4943 3234 5013 ἔχειν
3257 4981 3270 5003 ,
3311 4941 3403 4992 καὶ
3435 4937 3593 4991 αὐταί
3628 4939 3765 4988 εἰσιν
3792 4936 3848 4987 αἱ
3888 4951 3960 5002 μα
3971 4950 4031 5002 p-

2438 5041 2701 5114 τ’δροῦσαι
2769 5039 2897 5109 περὶ
2960 5035 3116 5106 ἐμοῦ.
3155 5054 3172 5086 ι
3216 5033 3402 5085 Ἐοικε
3455 5029 3635 5082 τοίνυν
3681 5030 3708 5079 ὀ
3758 5026 4033 5096 μακάριος

2441 5132 2833 5202 εὐαγγελιστὴς
2865 5130 3038 5201 ἀρχὴν
3066 5126 3272 5189 ἐνθάδε,
3304 5124 3401 5193 τὴν
3432 5121 3571 5174 κατά
3602 5120 3820 5172 παντων
3875 5117 4034 5183 ἐξου-

2446 5229 2584 5290 σίαν,
2620 5225 2763 5278 τοῦτ’
2811 5224 2947 5284 ἔστι,
2976 5223 3065 5275 τὸν
3100 5220 3323 5288 Πατέρα
3370 5216 3673 5285 σημαίνειν*
3714 5212 3801 5265 ἵνα
3831 5210 3897 5279 δὴ
3940 5212 4038 5261 καὶ

2439 5321 2623 5373 ὲπάνω
2650 5317 2864 5370 πάντων
2892 5316 2923 5384 ἠ
2958 5313 3078 5367 θεία
3107 5313 3363 5382 φαίνηται
3397 5309 3575 5377 φύτις,
3608 5306 3713 5357 πᾶν
3746 5305 3883 5371 ὅπερ
3918 5302 4039 5354 ὲττλ.

2439 5410 2665 5482 γενητὸν
2709 5410 2812 5462 ὑπὸ
2832 5408 2995 5471 πόδας
3016 5406 3241 5476 ἔχουσα,
3264 5402 3541 5473 μονονουχὶ
3570 5400 3662 5451 καὶ
3692 5395 4036 5464 επεν-[λυ

2437 5508 2548 5568 τοῖς
2581 5504 2646 5555 δι’
2672 5503 2840 5569 αὐτῆς
2884 5501 2964 5563 εἰς
3028 5498 3089 5550 τὸ
3139 5493 3280 5549 εἶναι
3312 5492 3692 5561 κεκλῃμένης.
3737 5490 3824 5538 Ἑν
3858 5486 4038 5556 ταύτῃ

2446 5596 2732 5669 τοιγαροῦν
2754 5598 2819 5666 τῇ
2854 5595 3017 5664 ἀρχῇ,
3054 5594 3118 5662 τῇ
3148 5588 3287 5643 κατὰ
3317 5590 3532 5639 πάντων
3565 5582 3656 5635 καὶ
3682 5580 3770 5631 ἐπὶ
3799 5578 4033 5637 πάντας.

2443 5689 2510 5762 ἦν
2541 5693 2567 5744 ό
2597 5689 2784 5758 Λόγος,
2814 5688 2871 5739 οὔ
2901 5685 3035 5757 μετὰ
3085 5682 3297 5735 πάντων
3337 5676 3439 5731 ὑπ’)
3491 5674 3654 5735 ’πόδας
3686 5670 3874 5739 αὖτης,
3917 5664 4040 5721 αλλ’
