4226 6494
252 354 323 408 29
1297 357 1365 411 IN
1399 357 1689 415 JOANNIS
1714 358 2164 416 EVANGELIUM
2210 360 2338 416 LIB.
2370 359 2409 416 l.
3442 372 3513 429 30

244 467 343 530 ἔξω
368 466 593 518 πάντων
619 468 677 521 ἐν
712 466 848 539 αὐτῇ
877 468 1141 535 φυσικῶς,
1184 468 1257 533 ὡς
1294 472 1502 542 καρπὸς
1534 474 1817 537 συναῖδιος.

1932 482 2086 528 extra
2116 475 2300 529 omnia
2333 478 2385 529 in
2417 475 2540 545 ipso
2570 475 2921 545 naturaliter,
2967 493 3068 535 ceu
3117 479 3332 537 fructus
3365 497 3511 539 coae-

241 555 399 607 τόπον
424 554 623 627 ὥσπερ
642 556 781 627 ἔχων
807 558 914 611 τῶν
958 560 1211 614 ἁπάντων
1235 561 1588 634 ἀρχαιότερον
1616 565 1712 633 τὴν
1736 562 1827 615 τοῦ

240 649 609 717 γεννήσαντος
637 650 821 720 φύσιν.
852 653 944 705 Διὸ
985 652 1050 724 δὴ
1098 655 1191 707 καὶ
1228 654 1514 726 ἐλεύθερος
1540 658 1828 727 ἐλευθέρου

241 740 451 811 Πατρὸς
476 742 769 810 πεφυκὼς,
794 745 893 814 τὴν
927 745 1067 799 κατά
1108 745 1327 800 πάντων
1354 747 1529 817 ἀρχὴν
1563 750 1659 802 σὺν
1682 748 1829 817 αύτῷ

240 834 597 902 κεκτήσεται.
654 837 753 900 Τίς
805 831 897 890 οὖν
944 837 1055 908 ἄρα
1105 838 1201 891 καὶ⁴
1233 836 1329 890 νῦν
1373 840 1402 891 6
1432 838 1527 908 τῆς
1559 841 1617 893 ἐν
1651 839 1828 908 τούτῳ

240 926 593 995 κατασκευῆς
619 929 907 998 γενήσεται
936 928 1113 997 λόγος,
1134 929 1426 985 ἀκόλουθον
1452 930 1701 984 συνιδεῖν.
1720 932 1828 984 Ῥι-

236 1013 579 1082 ψοκινδύνως
609 1017 776 1085 τινὲς,
812 1019 1064 1090 καθάπερ
1087 1019 1299 1090 ἔφημεν
1329 1023 1525 1085 ἐντοῖς
1546 1022 1821 1093 ἀνωτέρω,

236 1106 322 1157 τὸν
344 1106 443 1158 τοῦ
474 1106 617 1160 Θεοῦ
674 1108 846 1178 Λόγον
889 1110 1009 1164 τότε
1033 1110 1097 1181 δὴ
1122 1112 1337 1181 πρῶτον
1375 1114 1453 1177 είς
1472 1112 1535 1166 τὸ
1562 1106 1700 1165 εἶναι
1735 1131 1828 1167 κε-

238 1197 468 1267 κλῆσθαι
503 1198 917 1270 διισχυρίζοντο,
944 1202 1033 1255 ὅτε
1064 1202 1155 1258 τὸν
1193 1204 1258 1256 ἐκ
1291 1204 1392 1274 τῆς
1423 1203 1584 1272 ἁγίας
1612 1203 1824 1275 Παρθέ-

236 1305 323 1340 νου
377 1289 514 1343 ναὸν
562 1290 769 1356 λαϐὼν,
799 1291 1086 1364 ἄνθρωπος
1112 1293 1306 1362 γέγονε
1346 1294 1411 1348 δι’
1435 1296 1584 1364 ἡμᾶς
1614 1294 1702 1347 Τ.ί
1732 1288 1824 1347 οὖν

236 1378 299 1430 ἂν
323 1380 413 1449 εἴη
468 1380 681 1446 λοιπὸν,
719 1382 878 1454 εἴπερ
931 1380 1229 1455 ᾖγενητὸς
1283 1386 1377 1437 καὶ
1432 1384 1819 1456 πεποιημένος,

234 1471 321 1524 καὶ
348 1474 469 1535 τοῖς
497 1474 682 1536 ἄλλοις
710 1474 913 1528 ἅπασιν
952 1476 1218 1546 όμοφυὴς,
1253 1470 1331 1540 οἷς
1363 1475 1422 1540 ἐξ
1454 1476 1553 1529 οὐκ
1589 1475 1758 1529 ὄντων
1787 1476 1820 1546 ἡ

233 1564 468 1631 γένεσις,
503 1566 599 1618 καὶ
635 1565 696 1619 τὸ
723 1566 823 1637 τῆς
851 1566 1093 1631 δουλείας
1125 1566 1300 1637 ὄνομα
1345 1584 1405 1620 τε
1456 1567 1551 1620 καὶ
1584 1569 1819 1637 πρᾶγμα

232 1656 456 1719 δικαίω,
487 1658 919 1728 ἐπαληθεύεται;
950 1659 1015 1710 Τί
1040 1657 1149 1728 γὰρ
1179 1658 1286 1711 τῶν
1312 1658 1693 1730 πεποιημένων
1722 1658 1819 1731 τὴν

232 1748 330 1800 ύπέ.
352 1748 436 1819 τῷ
476 1750 697 1803 πάντων
750 1749 1040 1820 κρατοῦντι
1080 1749 1199 1819 Θεῷ
1229 1750 1476 1803 δουλείαν
1524 1750 1818 1814 ἀκινδύνως

1933 574 2161 631 ternus,
2198 568 2412 631 locum,
2456 576 2518 622 ut
2577 568 2651 622 ita
2713 568 2925 637 dicam,
2987 570 3196 629 habens
3250 574 3514 629 omnibus

1931 656 2326 727 antiquiorem,
2385 656 2568 713 Patris
2628 656 2887 713 nimirum
2958 666 3232 717 naturam.
3300 663 3512 718 Idcirco

1928 748 2093 803 etiam
2140 748 2278 803 liber
2327 750 2495 804 libero
2528 748 2691 805 Patre
2722 751 2976 822 genitus,
3029 753 3276 809 universi
3334 755 3509 824 impe-

1928 837 2069 891 rium
2108 853 2215 892 una
2254 853 2378 893 cum
2416 841 2537 909 ipso
2574 840 2758 897 habet.
2798 840 3059 907 Quamnam
3081 858 3212 913 ergo
3242 843 3315 897 sit
3350 843 3508 899 dein-

1927 942 2056 998 ceps
2102 929 2318 985 liorum'
2350 932 2642 987 verborum
2678 939 2994 998 structura,
3030 949 3209 1004 operae
3258 936 3497 1005 pretium

1926 1026 2011 1074 est
2053 1020 2512 1077 animadvertere.
2569 1020 2832 1078 Nonnulli
2880 1024 3179 1090 audacter,
3236 1034 3295 1080 ut
3342 1036 3505 1082 antea

1925 1109 2187 1174 diximus,
2219 1110 2312 1167 Dei
2338 1111 2580 1168 Verbum
2613 1124 2726 1169 tum
2764 1115 3003 1185 primum
3040 1116 3094 1171 in
3125 1133 3309 1173 rerum
3340 1127 3507 1173 natu-

1923 1216 2043 1255 ram
2092 1201 2301 1256 editum
2351 1204 2709 1271 asserebant,
2772 1220 2902 1260 cum
2955 1215 3240 1276 assumpto
3300 1216 3507 1264 sanetae

1924 1292 2168 1364 Virginis
2202 1294 2408 1364 templo
2436 1305 2660 1365 pr0pter
2691 1310 2794 1352 nos
2827 1296 3008 1352 factus
3032 1306 3116 1353 est
3148 1298 3331 1353 homo.
3363 1299 3506 1364 Quid

1922 1397 2053 1453 ergo
2095 1381 2315 1436 demum
2366 1382 2508 1447 erit,
2547 1385 2596 1438 si
2646 1391 2742 1438 aut
2781 1393 3004 1441 creatus
3044 1393 3139 1439 aut
3190 1384 3399 1448 factus,
3453 1395 3505 1441 rt

1920 1472 2169 1543 ejusdem
2209 1486 2334 1526 cum
2367 1473 2489 1528 aliis
2529 1474 2792 1529 omnibus
2830 1483 3058 1540 naturae,
3094 1475 3162 1531 de
3201 1475 3354 1545 (ιιῖίὺι
3380 1491 3403 1529 s
3453 1485 3505 1530 et

1919 1578 1951 1619 e
1990 1562 2165 1617 nihilo
2212 1563 2453 1627 creatio,
2496 1573 2549 1618 et
2598 1564 2884 1620 servitutis
2924 1581 3125 1621 nomen
3160 1574 3216 1620 et
3264 1581 3354 1620 res
3386 1565 3504 1635 ipsa

1916 1654 2041 1724 jure
2079 1653 2379 1708 dicuntur?
2424 1653 2567 1718 Quid
2612 1655 2758 1708 enim
2806 1662 3051 1709 creatum
3103 1653 3505 1724 cunctipotcnli

1921 1746 2031 1801 Deo
2061 1761 2271 1801 servxre
2300 1744 2525 1815 impune
2563 1745 2932 1802 detrectabit?
2964 1746 3106 1813 Quid
3137 1756 3317 1802 autem
3350 1754 3505 1801 ‘cun-

228 1839 639 1908 παραιτήσεται
665 1857 679 1905 ;
739 1839 792 1892 τί
822 1839 880 1893 δέ
904 1840 1001 1910 οὐχ
1027 1838 1295 1908 ὑποκύψει
1334 1842 1399 1911 τῇ
1428 1842 1570 1894 κατὰ
1605 1840 1817 1894 πάντων

1921 1838 2207 1907 ctipotenti
2250 1837 2541 1907 principio,
2576 1839 2855 1908 potestati,
2896 1846 2950 1895 et
2989 1839 3357 1895 dominationi
3392 1854 3505 1894 non

228 1934 365 2002 ἀρχῇ
396 1949 461 1983 τε
522 1932 619 1984 καὶ
671 1931 913 2003 ἐξουσίᾳ,
962 1932 1057 1985 καὶ
1088 1932 1391 2005 κυριότητι,
1431 1933 1496 2001 ἢν
1525 1932 1618 1985 καὶ
1658 1932 1818 1996 αὑτός

228 2039 323 2075 που
356 2021 626 2092 σημαίνει
653 2021 828 2089 λέγων
850 2024 877 2076 6
908 2022 1158 2093 Σολομῶν
1179 2040 1191 2052 ·
1231 2042 1249 2073 ι
1286 2022 1441 2076 Μετά
1472 2022 1579 2094 γάρ
1616 2023 1817 2078 δίκαιος

229 2114 391 2182 σύνης
459 2113 813 2185 ὲτοιμάζεται
863 2112 1049 2185 θρόνος
1097 2116 1312 2187 ἀρχῆς;
1351 2133 1367 2165 ι
1402 2115 1657 2185 Ἔτοιμος
1709 2114 1817 2186 γὰρ

227 2208 315 2261 καὶ
344 2208 489 2261 πολὺ
514 2207 638 2260 λίαν
674 2206 957 2277 εὐπρεπὴς
984 2208 1064 2271 είς
1093 2207 1482 2278 δικαιοσύνηνὸ
1512 2209 1611 2278 τῆς
1645 2208 1817 2277 ἀρχῆς

227 2299 435 2369 θρόνος,
460 2302 561 2370 τῆς
593 2300 687 2352 ἐπὶ
714 2299 919 2363 πάντας
949 2299 1170 2370 δηλαδή.
1196 2301 1305 2353 Καὶ
1336 2298 1459 2363 τίςά
1484 2300 1670 2370 θρόνος
1694 2300 1818 2371 περὶ

226 2379 282 2439 οὗ
320 2406 420 2440 νυν
452 2391 482 2442 6
510 2389 690 2457 λόγος,
723 2388 887 2442 ἄκουε
919 2388 1168 2455 λέγοντος
1197 2392 1292 2443 τοῦ
1326 2390 1457 2443 Θεοῦ
1479 2391 1545 2443 δι’
1568 2391 1683 2454 ἑνὸς
1712 2390 1815 2443 τῶν

226 2480 417 2546 ἁγίων
461 2498 479 2530 ‹
529 2481 589 2533 Ὀ
646 2479 876 2550 οὐρανός
937 2497 1025 2551 μοι
1056 2481 1263 2552 θρόνος.
1304 2502 1321 2533 ι
1353 2482 1562 2537 Οὐκοῦν
1601 2481 1817 2551 ἕτοιμος

224 2572 299 2633 εἰς
325 2570 681 2641 δικαιοσύνην
712 2573 740 2623 6
767 2571 1012 2643 οὐρανὸς,
1035 2574 1179 2625 τοῦτ’
1211 2573 1346 2639 ἔστι,
1380 2575 1449 2628 τά
1488 2576 1547 2627 ἐν
1570 2577 1681 2636 τοῖς
1722 2574 1815 2626 ού-

227 2663 577 2733 ρανοίς“ἆγια
632 2664 937 2735 πνεύματα.
995 2667 1211 2739 Ἐπειδὴ
1269 2668 1446 2720 τοίνυν
1492 2663 1558 2738 ἦν
1602 2667 1815 2738 ἀνάγκη

226 2756 634 2823 συνομολογεῖν,
664 2757 801 2826 μετά
824 2756 929 2810 τῶν
956 2758 1131 2812 ἄλλων
1160 2761 1478 2829 ποιημάτων
1497 2762 1814 2814 ὑποκεῖσθαι

223 2848 293 2916 τῷ
314 2848 438 2918 Θεῷ
474 2848 569 2900 καὶ
622 2850 796 2921 Πατρ)⁵
834 2848 923 2902 τὸν
979 2850 1130 2915 Υίὸν,
1190 2851 1266 2915 ὡς
1315 2855 1585 2924 οἰκετικὴν
1624 2853 1815 2923 ἔχοντα

222 2941 391 3007 τάξιν,
456 2941 555 2994 καὶ
600 2942 705 2993 ὑπὸ
755 2942 853 3013 τὴν
902 2943 1002 3013 τῆς
1071 2944 1245 3014 ἀρχῆς
1304 2945 1548 3009 ἐξουσίαν
1615 2946 1813 3016 ὁμοίως

223 3033 491 3086 πίπτοντα
521 3036 634 3095 τοῖς
669 3032 869 3097 ἄλλοις,
922 3036 1082 3105 είπερ
1123 3036 1242 3088 ἐστὶ
1275 3036 1395 3089 κατ’
1425 3036 1665 3101 ἐκείνους
1691 3038 1810 3106 ὀψι-

1921 1931 2262 2000 subjacebit,
2319 1945 2484 1999 quam
2523 1931 2641 2001 ipse
2696 1930 2901 1985 alicubi
2953 1945 3175 2001 quoque
3225 1929 3505 2000 significat

1921 2021 2181 2078 Salomon
2216 2023 2405 2079 dicens
2441 2041 2453 2077 :
2498 2041 2516 2074 ι
2558 2022 2693 2079 Cum
2720 2023 2941 2093 justitia
2969 2023 3118 2078 enim
3154 2028 3503 2091 praeparatur

1919 2114 2119 2169 solium
2159 2114 2450 2184 potestatis
2482 2114 2549 2166 ⁸¹.
2590 2133 2608 2166 ι
2645 2113 2881 2170 Paratus
2913 2114 3059 2169 enim
3110 2120 3193 2168 est
3239 2113 3503 2182 praeclare

1918 2206 1984 2260 ad
2010 2206 2284 2276 justitiam
2311 2206 2401 2261 ille
2440 2206 2675 2261 thronus
2713 2206 2834 2276 ejus
2868 2205 3129 2260 nimirum
3159 2208 3304 2276 (μικτος
3332 2219 3502 2275 supra

1919 2310 2109 2350 omnes
2146 2306 2227 2351 est
2267 2297 2580 2368 potestatis.
2638 2299 2704 2352 Et
2735 2298 2860 2368 quis
2908 2297 2999 2352 ille
3038 2298 3272 2353 thronus
3309 2297 3401 2363 sit,
3434 2296 3502 2352 de

1918 2403 2026 2459 quo
2055 2387 2145 2443 h'c
2180 2388 2482 2459 loquimur,
2510 2390 2637 2445 audi
2664 2389 2836 2445 Deum
2863 2404 2963 2460 per
2983 2405 3153 2444 unum
3183 2397 3500 2445 sanctorum

1917 2480 2191 2535 dicentem
2239 2522 2252 2534 .
2312 2498 2329 2532 ‹
2364 2480 2576 2536 Caelum
2625 2482 2759 2536 mihi
2806 2482 3121 2543 thronus.»
3166 2482 3353 2553 Itaque
3402 2498 3501 2552 pa'

1918 2578 2097 2624 ratum
2134 2580 2217 2626 est
2252 2570 2318 2625 ad
2351 2570 2624 2640 justitiam
2653 2572 2881 2635 C(Blttm,
2914 2573 3021 2627 hoc
3053 2581 3155 2637 est,
3189 2574 3282 2644 qui
3328 2575 3499 2628 caalos

1918 2660 2165 2715 incolunt
2216 2663 2391 2718 sancti
2444 2663 2695 2733 Spiritus.
2767 2662 3041 2729 Quoniam
3088 2678 3221 2734 ergo
3272 2679 3499 2719 necesse

1915 2763 2033 2809 erat
2066 2754 2316 2808 conﬁteri
2353 2770 2460 2808 una
2506 2770 2630 2809 cum
2668 2755 2792 2809 aliis
2824 2755 3107 2815 creaturis:
3141 2755 3341 2826 subjici
3386 2754 3499 2810 Deo

1916 2861 1980 2899 ac
2014 2843 2162 2900 Patri
2203 2845 2401 2899 Filium
2424 2886 2439 2909 ,
2478 2855 2495 2898 t
2537 2862 2627 2915 nqt
2653 2860 2737 2900 am
2781 2846 2966 2901 servili
3003 2846 3319 2901 conditione
3353 2862 3497 2917 pra:-

1914 2937 2119 3001 ditum,
2164 2947 2218 2992 et
2263 2937 2518 3006 principii
2570 2939 2827 3006 potestati
2871 2936 2977 3008 14
3007 2938 3234 3007 perinde
3280 2953 3343 2992 ac
3392 2940 3498 2993 alia

1914 3030 2219 3090 subditum,
2248 3029 2316 3093 si,
2353 3036 2412 3083 ut
2443 3029 2521 3082 illi
2557 3028 2768 3092 volunt,
2799 3044 2925 3084 sero
2959 3029 3197 3100 genitus,
3220 3037 3274 3084 et
3303 3044 3495 3085 eorum

222 3124 406 3194 γενὴς,
440 3124 539 3177 καὶ
557 3124 667 3177 τῶν
696 3125 753 3177 ἐν
779 3125 955 3196 χρόνῳ
968 3125 1353 3196 πεποιημένων
1373 3123 1472 3189 εἷς’
1504 3127 1813 3195 ἀναγκαίως

1918 3125 2009 3194 qui
2063 3123 2119 3178 in
2168 3132 2413 3192 tempore
2464 3122 2592 3178 facti
2630 3131 2762 3177 sunt
2818 3138 2962 3179 unus
3012 3130 3095 3178 est
3132 3142 3145 3178 :
3180 3123 3497 3179 necessario

220 3220 245 3270 6
275 3218 553 3286 μακάριος
595 3217 990 3289 εύαγγελιστὴς
1037 3220 1362 3290 δριμύτερον
1410 3222 1521 3283 τοῖς
1579 3222 1813 3291 6:pr-

220 3310 583 3364 δισκαλοῦσιν
614 3312 871 3383 ἐπιπηδᾷ·
928 3313 1021 3365 καὶ
1066 3312 1309 3376 δουλείας
1358 3313 1454 3383 μέν
1483 3313 1699 3384 ἁπάσης
1728 3315 1811 3379 ἐξ-

221 3404 358 3456 έὶκει
388 3404 483 3457 τὸν
520 3404 685 3457 Υίόν’
745 3406 809 3458 ἐκ
856 3405 911 3458 δὲ
966 3407 1066 3477 τῆς
1117 3408 1406 3480 ἐλευθέρας
1438 3410 1532 3462 καὶ
1590 3409 1808 3463 πάντων

220 3496 496 3566 ἀρχούσης
552 3498 739 3562 obsiet;
782 3500 1129 3570 ἐκπεφηνότα
1167 3502 1423 3562 δεικνύει,
1452 3505 1546 3556 καὶ⁹
1581 3505 1638 3555 ὲν
1670 3504 1805 3574 αὐτῇ

222 3587 469 3651 φυσικῶς
494 3589 760 3660 ὑπάρχειν
787 3591 1140 3664 ἰσχυρίζεται,
1171 3594 1364 3664 λέγων·
1386 3595 1489 3649 Ἐν
1524 3595 1681 3665 ἀρχῇ
1728 3594 1807 3665 ἦν

222 3680 252 3729 ὁ
282 3680 500 3747 Λόγος.

297 3769 620 3822 Ἐπιπλέκει
664 3772 721 3824 δὲ
779 3772 856 3839 τῷ
880 3775 980 3841 τῆς
1026 3776 1221 3844 ἀρχῆς
1266 3775 1491 3847 ὀνόματι
1521 3780 1805 3849 χρησίμως

220 3858 273 3911 τὸ
304 3855 404 3928 ἦν,
438 3861 526 3913 ἵνα
558 3861 631 3931 μὴ
661 3862 824 3931 μόνον
853 3865 1101 3938 εὐκλεὴς,
1141 3868 1277 3922 ἀλλά
1315 3869 1505 3939 νοῆται
1554 3871 1647 3924 καὶ
1675 3889 1797 3939 προι

219 3949 431 4014 αιώνιος
456 3966 470 3981 ·
492 3951 731 4006 τέθειται
756 3953 865 4025 γὰρ
915 3958 973 4010 ἐν
996 3958 1207 4022 τούτοις
1247 3960 1306 4013 τὸ
1332 3956 1430 4029 ἧν,
1466 3962 1544 4025 είς
1582 3961 1801 4030 βαθεῖαν

217 4057 352 4101 “ma,
389 4040 488 4093 καὶ
521 4041 925 4114 ἀκατάληπτον,
955 4048 1050 4101 καὶ
1075 4047 1174 4118 τὴν
1205 4048 1309 4113 ἔξω
1336 4049 1543 4119 χρόνων
1567 4052 1804 4121 ἄρρητον

216 4131 470 4201 γέννησιν
494 4133 770 4186 ἀνατεῖνον
832 4136 924 4189 τοῦ
975 4138 1307 4210 θεωροῦντος
1338 4142 1436 4213 τὴν
1475 4143 1701 4199 ἔννοιαν.
1732 4144 1803 4197 Τὸ

216 4223 319 4292 γὰρ
351 4220 453 4293 ἦν,
480 4224 805 4294 ἀδιορίστως
831 4229 1165 4302 ἐκφωνηθὲν,
1194 4236 1273 4298 είς
1307 4254 1456 4290 ποιον
1477 4240 1611 4307 ἡμῖν
1631 4256 1771 4291 κατα

216 4315 359 4386 λήξει
446 4316 635 4378 τόπον,
680 4318 765 4370 ἀεὶ
818 4321 1169 4389 προελαύνειν
1224 4326 1317 4378 τοῦ
1363 4325 1647 4392 διώκοντος
1708 4329 1800 4382 νοῦ

216 4407 483 4474 πεφυκὸς,
524 4408 619 4460 καὶ
646 4409 711 4477 ἢν
740 4410 916 4479 οἴηταί
936 4431 1017 4477 τις
1047 4414 1191 4484 ἔχειν
1217 4418 1380 4471 αὑτοῦ
1400 4420 1497 4490 τὴν
1517 4421 1769 4474 κατάπαυ

1914 3216 2108 3269 beatus
2148 3214 2487 3284 evangelista
2517 3228 2700 3268 acrius
2732 3214 2958 3268 insultat
3001 3214 3294 3279 hazreticis,
3324 3222 3379 3268 et
3426 3214 3495 3269 ab

1912 3304 2061 3358 omni
2092 3302 2317 3373 quidem
2352 3310 2618 3358 servitute
2644 3301 2843 3356 Filium
2878 3302 3143 3371 vindicat,
3181 3312 3234 3358 et
3269 3304 3336 3358 ab
3372 3318 3492 3357 om-

1912 3402 2191 3463 nipotente
2244 3394 2552 3448 substantia
2607 3408 2831 3448 manare
2882 3394 3154 3457 ostendit,
3212 3411 3267 3448 in
3320 3408 3495 3462 eaque

1911 3485 2239 3538 naturaliter
2285 3484 2465 3553 ipsum
2522 3484 2796 3539 exsistere
2852 3485 3076 3552 asserit,
3132 3484 3321 3542 dicens
3364 3504 3378 3541 :
3424 3484 3491 3539 In

1907 3577 2162 3644 principio
2194 3585 2309 3629 erat
2360 3573 2607 3628 Verbum.

1980 3752 2241 3822 Principii
2274 3761 2452 3808 autem
2487 3753 2761 3809 vocabulo
2822 3754 2978 3821 illud,
3008 3764 3144 3817 erat,
3181 3754 3484 3824 sulijungit,

1907 3851 1965 3897 ut
1993 3858 2099 3897 non
2145 3844 2320 3898 solum
2361 3843 2662 3913 gloriosus,
2704 3860 2892 3901 verum
2921 3845 3084 3899 etiam
3110 3854 3236 3900 ante
3285 3847 3486 3901 saecula

1904 3936 2122 4007 genitus
2156 3935 2513 4007 intelligatur.
2551 3934 2687 3991 Illud
2720 3937 2900 4003 enim,
2946 3946 3060 3991 erat
3082 3980 3095 4004 ,
3128 3937 3218 3993 hic
3244 3939 3483 4007 positum

1907 4037 2025 4091 est,
2096 4042 2205 4096 quo
2269 4028 2695 4099 contemplantis
2758 4030 2977 4085 animus
3034 4030 3091 4099 in
3156 4030 3485 4100 profundam

1902 4118 2196 4188 quamdam
2245 4128 2298 4173 et
2337 4118 2981 4189 incomprehensibilem,
3034 4128 3088 4176 et
3154 4120 3483 4175 ineﬂ'abilem

1903 4226 2023 4280 qure
2054 4218 2255 4264 cuncta
2299 4222 2525 4281 superat
2556 4219 2806 4281 tempora
2852 4212 3264 4282 generationem
3300 4214 3484 4268 inten-

1902 4304 2085 4359 datur.
2126 4321 2145 4355 (
2182 4303 2312 4358 Erat
2344 4322 2361 4354 ι
2390 4304 2557 4369 enim,
2593 4302 2876 4357 indeﬁnite
2910 4300 3208 4370 prolatum,
3240 4316 3479 4371 quonam

1904 4394 1955 4447 in
2007 4393 2126 4447 loco
2177 4406 2278 4447 nos
2331 4390 2519 4456 sistet,
2581 4406 2705 4444 cum
2768 4396 3188 4459 prosequentem
3246 4401 3479 4445 mentem

215 4518 315 4563 σιν,
342 4500 556 4569 ταύτην
575 4500 669 4554 τοῦ
696 4503 950 4558 ἐπέκεινα
979 4507 1180 4578 δρόμου
1220 4510 1541 4581 ποιούμενον
1576 4514 1752 4584 ἀρχήν
1776 4532 1790 4579 ;

1918 4492 2097 4538 tatura
2124 4498 2224 4538 sua
2254 4498 2473 4553 semper
2502 4490 2824 4545 antevertat,
2857 4492 2911 4536 et
2941 4497 3105 4550 quam
3138 4482 3285 4535 illius
3320 4482 3480 4551 quic-

220 4613 235 4644 ι
270 4590 377 4647 Ἦν
434 4589 532 4647 οὖν
575 4596 603 4647 ὁ
658 4594 828 4663 Λόγος
859 4598 917 4650 ἐν
957 4600 1119 4670 ἀρχῇ,
1155 4621 1174 4653 ι
1204 4602 1348 4656 τοῦτ’
1400 4604 1568 4669 ἐστιν,
1607 4606 1682 4669 ὡς
1738 4609 1794 4659 ἐν

214 4687 351 4755 ἀρχῇ
384 4689 451 4757 τῇ
481 4686 576 4738 ἐπὶ
606 4687 804 4755 πάντα,
832 4691 927 4743 καὶ
956 4691 1016 4756 ἐξ
1058 4695 1228 4763 αὐτῆς
1256 4696 1517 4768 ὑπάρχων
1549 4698 1791 4766 φυσικῶς

216 4778 270 4829 τὸ
293 4778 617 4831 δεσποτικὸν
645 4778 783 4848 ἔχων
822 4780 1057 4852 ἀξίωμαΔ
1091 4785 1227 4838 mea
1252 4786 1409 4840 τοῦτο
1438 4788 1654 4860 ἀληθὲς,
1679 4809 1795 4853 πως

215 4870 290 4921 ἔτι
342 4870 594 4940 γενητὸς,
630 4872 662 4943 ἢ
699 4874 1097 4945 πεποιημένος,
1137 4877 1310 4931 Ὅπου
1344 4880 1401 4933 δὲ
1441 4881 1574 4945 ὅλως
1603 4882 1662 4935 τὸ
1692 4882 1789 4949 ἦν,

217 4962 352 5014 κατά
374 4962 501 5015 τίνα
528 4964 730 5033 τρόπον
772 4966 834 5018 τὸ
892 4969 1010 5021 οὐκ
1065 4964 1139 5038 ἦν
1184 4971 1534 5042 είσϐήσειαι,
1573 4974 1605 5045 ἢ
1643 4977 1797 5027 ποῖον

222 5050 326 5115 ἕξει
350 5052 539 5107 λοιπὸν
564 5054 655 5109 τὸν
686 5057 825 5112 κατὰ
850 5059 944 5111 τοῦ
972 5060 1102 5113 Υίού
1138 5063 1328 5130 τόπον;

811 5348 1062 5403 ΚΕΦΑΛ.
1106 5350 1184 5403 B’.

215 5433 461 5517 Ὀτιλςᾳὶ
499 5433 1123 5517 ρεὸςᾳκαίρμρούσιος
1153 5439 1233 5517 τῷ
1286 5444 1468 5511 Πατρί
1503 5448 1791 5517 ὑπάρχων

278 5506 313 5625 cci
333 5504 586 5642 ἐν
624 5504 742 5572 ἰδίᾳ
764 5504 937 5563 ἐστὶν
960 5504 1316 5578 ὐποὸντὰονει,
1352 5504 1567 5584 ὀῂοίως
1603 5504 1789 5573 defixa!

501 5665 609 5717 Καὶ
641 5668 673 5718 ὀ
702 5668 887 5737 Λόγος
910 5666 986 5741 ἦν
1024 5674 1172 5742 πρὸς
1203 5676 1306 5729 τὸν
1338 5678 1503 5730 Θεῶν.

280 5752 485 5808 Ἐωλον
536 5755 637 5826 ἤδη
690 5759 782 5810 καὶ
837 5760 933 5831 τῆς
986 5764 1239 5837 ἀληθείας
1296 5767 1783 5840 ἀπογραλλοειένην

290 5888 327 5918 θ¹
361 5888 518 5943 Prov.
550 5904 660 5956 xvi,
694 5891 768 5944 12.

1898 4584 2004 4631 tem
2045 4591 2167 4630 esse
2210 4575 2525 4645 putaveris,
2572 4573 2714 4626 hanc
2757 4572 3041 4626 ulterioris
3079 4586 3279 4629 cursus
3316 4572 3481 4628 faciat

1898 4666 2147 4723 initium?
2184 4684 2204 4717 ι
2234 4666 2362 4719 Erat
2401 4683 2419 4717 ι
2454 4664 2622 4734 igitur
2659 4682 2678 4716 ι
2710 4663 2950 4719 Verbum
3000 4665 3056 4717 in
3105 4666 3411 4735 principio,
3455 4685 3472 4717 ι

1899 4762 2005 4815 hoc
2036 4770 2150 4823 est,
2196 4757 2252 4811 in
2288 4764 2560 4828 potestate
2592 4771 2715 4826 qua
2752 4763 2837 4811 est
2882 4772 3049 4826 supra
3084 4758 3286 4821 omnia,
3330 4764 3383 4811 et
3412 4773 3476 4811 et

1900 4857 2015 4924 ipsa
2062 4852 2334 4908 exsistens
2391 4848 2754 4914 naturaliter,
2809 4846 3138 4917 Dominique
3190 4855 3477 4915 majestate

1900 4945 2207 5013 prazditum.
2259 4941 2419 5009 Quod
2447 4941 2492 4995 si
2531 4942 2603 4993 ita
2636 4947 2754 5003 est,
2794 4939 3072 5007 quomodo
3107 4947 3330 4993 creatus
3380 4941 3474 4993 dc-

1903 5053 2051 5092 mum
2093 5044 2188 5089 aut
2234 5035 2413 5089 factus
2439 5032 2583 5086 erit?
2615 5030 2719 5085 Ubi
2744 5030 2983 5101 denique
3034 5030 3167 5084 illud
3216 5039 3332 5083 erat
3370 5031 3469 5082 ali-

1899 5144 2011 5199 quo
2034 5127 2195 5182 modo
2221 5142 2323 5180 non
2352 5132 2487 5188 erat,
2520 5122 2699 5183 inibit,
2730 5129 2827 5176 aut
2852 5136 3013 5191 quem
3042 5120 3265 5175 tandem
3292 5120 3471 5174 locum

1900 5218 2123 5276 habeb't
2154 5218 2208 5271 in
2240 5214 2379 5270 Filio
2394 5215 2418 5267 ?

2559 5301 2690 5357 CAP
2747 5301 2789 5356 ll

1896 5421 2049 5490 Quod
2096 5428 2143 5474 et
2188 5418 2363 5492 Deus,
2413 5423 2463 5492 et
2511 5410 3173 5492 ronspbstantialisllatri
3214 5426 3329 5492 cunt
3399 5411 3468 5492 sit

1966 5491 2164 5553 Filius,
2188 5490 2243 5541 in
2273 5487 2490 5554 propria
2519 5494 2595 5539 est
2626 5482 2920 5552 hypostasi,
2948 5482 3191 5533 similiter
3216 5490 3388 5533 autent
3420 5489 3466 5531 et

1965 5562 2151 5616 Pater.

2144 5669 2184 5733 l,
2228 5669 2280 5723 1.
2324 5671 2391 5721 Et
2440 5664 2664 5719 Verbum
2697 5671 2813 5717 erat
2853 5661 2990 5731 apud
3031 5660 3219 5715 Deum.

1963 5765 2097 5821 Cum
2147 5763 2364 5818 inanem
2401 5766 2453 5816 et
2486 5756 2735 5815 veritatis
2775 5762 3052 5828 expertem
3108 5753 3323 5808 illorum
3373 5748 3473 5821 qui
