  <div class='ocr_page' id='page_1' title='image "/cluster/home/n/w/nwhite01/storage/ocr_20150623/73/nnc1.0046980245/026.png"; bbox 0 0 4214 6502; ppageno 0'>
   <div class='ocr_carea' id='block_1_1' title="bbox 175 386 3455 453">
    <p class='ocr_par' dir='ltr' id='par_1_1' title="bbox 175 386 3455 453">
     <span class='ocr_line' id='line_1_1' title="bbox 175 386 3455 453; baseline 0.003 -13"><span class='ocrx_word' id='word_1_1' title='bbox 175 390 243 441; x_wconf 74' lang='lat'><strong>55</strong></span> <span class='ocrx_word' id='word_1_2' title='bbox 1228 387 1293 443; x_wconf 80' lang='lat' dir='ltr'><strong>IN</strong></span> <span class='ocrx_word' id='word_1_3' title='bbox 1334 386 1621 447; x_wconf 63' lang='lat' dir='ltr'><strong>JOAINNIS</strong></span> <span class='ocrx_word' id='word_1_4' title='bbox 1661 388 2117 448; x_wconf 66' lang='lat' dir='ltr'><strong>LVANGELIUM</strong></span> <span class='ocrx_word' id='word_1_5' title='bbox 2159 389 2287 447; x_wconf 82' lang='lat' dir='ltr'><strong>LIB.</strong></span> <span class='ocrx_word' id='word_1_6' title='bbox 2325 393 2365 453; x_wconf 87' lang='grc'><strong>1.</strong></span> <span class='ocrx_word' id='word_1_7' title='bbox 3383 395 3455 451; x_wconf 72' lang='grc' dir='ltr'><strong>δι</strong></span> 
     </span>
    </p>
   </div>
   <div class='ocr_carea' id='block_1_2' title="bbox 176 483 1764 562">
    <p class='ocr_par' dir='ltr' id='par_1_2' title="bbox 176 483 1764 562">
     <span class='ocr_line' id='line_1_2' title="bbox 176 483 1764 562; baseline 0.007 -30"><span class='ocrx_word' id='word_1_8' title='bbox 176 501 250 551; x_wconf 74' lang='grc' dir='ltr'>τῳ</span> <span class='ocrx_word' id='word_1_9' title='bbox 291 483 481 555; x_wconf 62' lang='grc' dir='ltr'>Παιρὶ.</span> <span class='ocrx_word' id='word_1_10' title='bbox 506 485 617 554; x_wconf 65' lang='grc' dir='ltr'>ἔχει</span> <span class='ocrx_word' id='word_1_11' title='bbox 648 486 702 538; x_wconf 77' lang='grc' dir='ltr'>δὲ</span> <span class='ocrx_word' id='word_1_12' title='bbox 739 488 898 540; x_wconf 64' lang='grc' dir='ltr'>παλιν</span> <span class='ocrx_word' id='word_1_13' title='bbox 925 489 981 539; x_wconf 72' lang='grc' dir='ltr'>ἓν</span> <span class='ocrx_word' id='word_1_14' title='bbox 1009 486 1107 541; x_wconf 72' lang='grc' dir='ltr'>ξαν</span> <span class='ocrx_word' id='word_1_15' title='bbox 1146 508 1189 558; x_wconf 84' lang='grc' dir='ltr'>ῳ</span> <span class='ocrx_word' id='word_1_16' title='bbox 1213 491 1303 541; x_wconf 70' lang='grc' dir='ltr'><strong>τον</strong></span> <span class='ocrx_word' id='word_1_17' title='bbox 1324 491 1541 559; x_wconf 82' lang='grc' dir='ltr'>Πατέρα</span> <span class='ocrx_word' id='word_1_18' title='bbox 1575 491 1764 562; x_wconf 82' lang='grc' dir='ltr'>(καλῶς</span> 
     </span>
    </p>
   </div>
   <div class='ocr_carea' id='block_1_3' title="bbox 1868 483 3451 562">
    <p class='ocr_par' dir='ltr' id='par_1_3' title="bbox 1880 485 3451 560">
     <span class='ocr_line' id='line_1_3' title="bbox 1880 485 3451 560; baseline -0.004 -16"><span class='ocrx_word' id='word_1_19' title='bbox 1880 490 2115 560; x_wconf 82' lang='lat' dir='ltr'><strong>beatque</strong></span> <span class='ocrx_word' id='word_1_20' title='bbox 2159 491 2408 546; x_wconf 84' lang='lat' dir='ltr'><strong>vicissim</strong></span> <span class='ocrx_word' id='word_1_21' title='bbox 2446 491 2499 543; x_wconf 91' lang='lat' dir='ltr'><strong>in</strong></span> <span class='ocrx_word' id='word_1_22' title='bbox 2547 489 2736 560; x_wconf 85' lang='lat' dir='ltr'><strong>seipso</strong></span> <span class='ocrx_word' id='word_1_23' title='bbox 2769 488 3015 551; x_wconf 88' lang='lat' dir='ltr'><strong>Patrem,</strong></span> <span class='ocrx_word' id='word_1_24' title='bbox 3045 495 3197 542; x_wconf 90' lang='lat' dir='ltr'><strong>recte</strong></span> <span class='ocrx_word' id='word_1_25' title='bbox 3228 485 3451 557; x_wconf 85' lang='lat' dir='ltr'><strong>quidem</strong></span> 
     </span>
    </p>
   </div>
   <div class='ocr_carea' id='block_1_4' title="bbox 179 574 1762 655">
    <p class='ocr_par' dir='ltr' id='par_1_4' title="bbox 179 574 1762 655">
     <span class='ocr_line' id='line_1_4' title="bbox 179 574 1762 655; baseline 0.007 -31"><span class='ocrx_word' id='word_1_26' title='bbox 179 574 282 641; x_wconf 68' lang='grc' dir='ltr'><strong>μὶν</strong></span> <span class='ocrx_word' id='word_1_27' title='bbox 316 577 510 639; x_wconf 70' lang='grc' dir='ltr'>αὐτὸς,</span> <span class='ocrx_word' id='word_1_28' title='bbox 540 578 791 648; x_wconf 81' lang='grc' dir='ltr'>καθάπερ</span> <span class='ocrx_word' id='word_1_29' title='bbox 824 580 928 649; x_wconf 75' lang='grc' dir='ltr'><strong>ήδη</strong></span> <span class='ocrx_word' id='word_1_30' title='bbox 965 580 1308 651; x_wconf 85' lang='grc' dir='ltr'>προείρηται,</span> <span class='ocrx_word' id='word_1_31' title='bbox 1349 586 1485 652; x_wconf 78' lang='grc' dir='ltr'>πρὸς</span> <span class='ocrx_word' id='word_1_32' title='bbox 1533 584 1632 655; x_wconf 73' lang='grc' dir='ltr'><strong>’.ι-ὴν</strong></span> <span class='ocrx_word' id='word_1_33' title='bbox 1668 583 1762 635; x_wconf 76' lang='grc' dir='ltr'>τοῦ</span> 
     </span>
    </p>
   </div>
   <div class='ocr_carea' id='block_1_5' title="bbox 178 668 1764 744">
    <p class='ocr_par' dir='ltr' id='par_1_5' title="bbox 178 668 1764 744">
     <span class='ocr_line' id='line_1_5' title="bbox 178 668 1764 744; baseline 0.005 -26"><span class='ocrx_word' id='word_1_34' title='bbox 178 668 542 738; x_wconf 68' lang='grc' dir='ltr'>γεννήσαντος</span> <span class='ocrx_word' id='word_1_35' title='bbox 561 669 1026 742; x_wconf 76' lang='grc' dir='ltr'>ἀπηκριϐωμένος</span> <span class='ocrx_word' id='word_1_36' title='bbox 1054 674 1271 743; x_wconf 75' lang='grc' dir='ltr'>μορφήν</span> <span class='ocrx_word' id='word_1_37' title='bbox 1295 688 1308 703; x_wconf 77' lang='grc'><strong>⁸</strong></span> <span class='ocrx_word' id='word_1_38' title='bbox 1334 674 1764 744; x_wconf 81' lang='grc' dir='ltr'>ἀπαραποιήτως</span> 
     </span>
    </p>
   </div>
   <div class='ocr_carea' id='block_1_6' title="bbox 174 753 1765 837">
    <p class='ocr_par' dir='ltr' id='par_1_6' title="bbox 174 753 1765 837">
     <span class='ocr_line' id='line_1_6' title="bbox 174 753 1765 837; baseline 0.007 -29"><span class='ocrx_word' id='word_1_39' title='bbox 174 758 225 809; x_wconf 74' lang='grc' dir='ltr'><strong>ὀὲ</strong></span> <span class='ocrx_word' id='word_1_40' title='bbox 264 759 450 823; x_wconf 84' lang='grc' dir='ltr'>πάλιν,</span> <span class='ocrx_word' id='word_1_41' title='bbox 483 760 543 824; x_wconf 62' lang='grc' dir='ltr'><strong>ἐξ</strong></span> <span class='ocrx_word' id='word_1_42' title='bbox 571 753 646 813; x_wconf 86' lang='grc' dir='ltr'>ὧν</span> <span class='ocrx_word' id='word_1_43' title='bbox 676 764 823 815; x_wconf 78' lang='grc' dir='ltr'>ἐστιν</span> <span class='ocrx_word' id='word_1_44' title='bbox 857 763 1017 825; x_wconf 78' lang='grc' dir='ltr'>αὑτὸς</span> <span class='ocrx_word' id='word_1_45' title='bbox 1042 764 1101 815; x_wconf 83' lang='grc' dir='ltr'>ὲν</span> <span class='ocrx_word' id='word_1_46' title='bbox 1124 764 1301 835; x_wconf 79' lang='grc' dir='ltr'>ἑαυτῷ</span> <span class='ocrx_word' id='word_1_47' title='bbox 1320 766 1411 818; x_wconf 76' lang='grc' dir='ltr'>τὸν</span> <span class='ocrx_word' id='word_1_48' title='bbox 1430 767 1765 837; x_wconf 72' lang='grc' dir='ltr'>γεννήσαντα</span> 
     </span>
    </p>
   </div>
   <div class='ocr_carea' id='block_1_7' title="bbox 175 848 1767 930">
    <p class='ocr_par' dir='ltr' id='par_1_7' title="bbox 175 848 1767 930">
     <span class='ocr_line' id='line_1_7' title="bbox 175 848 1767 930; baseline 0.001 -19"><span class='ocrx_word' id='word_1_49' title='bbox 175 848 509 920; x_wconf 73' lang='grc' dir='ltr'>ζωγραφῶν)</span> <span class='ocrx_word' id='word_1_50' title='bbox 543 868 558 883; x_wconf 90' lang='grc'><strong>·</strong></span> <span class='ocrx_word' id='word_1_51' title='bbox 593 854 654 906; x_wconf 89' lang='grc' dir='ltr'><strong>οὑ</strong></span> <span class='ocrx_word' id='word_1_52' title='bbox 702 853 789 907; x_wconf 77' lang='grc' dir='ltr'>διὰ</span> <span class='ocrx_word' id='word_1_53' title='bbox 815 854 972 908; x_wconf 85' lang='grc' dir='ltr'>τοῦτο</span> <span class='ocrx_word' id='word_1_54' title='bbox 998 856 1058 908; x_wconf 86' lang='grc' dir='ltr'><strong>τὸ</strong></span> <span class='ocrx_word' id='word_1_55' title='bbox 1082 857 1348 929; x_wconf 82' lang='grc' dir='ltr'><strong>ὑπάρχειν</strong></span> <span class='ocrx_word' id='word_1_56' title='bbox 1383 858 1528 923; x_wconf 85' lang='grc' dir='ltr'>ίδίως</span> <span class='ocrx_word' id='word_1_57' title='bbox 1564 859 1767 930; x_wconf 77' lang='grc' dir='ltr'>ζημιω-</span> 
     </span>
    </p>
   </div>
   <div class='ocr_carea' id='block_1_8' title="bbox 174 939 1762 1021">
    <p class='ocr_par' dir='ltr' id='par_1_8' title="bbox 174 939 1762 1021">
     <span class='ocr_line' id='line_1_8' title="bbox 174 939 1762 1021; baseline 0.01 -32"><span class='ocrx_word' id='word_1_58' title='bbox 174 941 423 1008; x_wconf 82' lang='grc' dir='ltr'>θήσεται,</span> <span class='ocrx_word' id='word_1_59' title='bbox 459 943 565 995; x_wconf 74' lang='grc' dir='ltr'>οὐδ’</span> <span class='ocrx_word' id='word_1_60' title='bbox 596 939 661 997; x_wconf 77' lang='grc' dir='ltr'><strong>αὖ</strong></span> <span class='ocrx_word' id='word_1_61' title='bbox 689 945 853 999; x_wconf 84' lang='grc' dir='ltr'>πάλιν</span> <span class='ocrx_word' id='word_1_62' title='bbox 881 947 1135 1001; x_wconf 84' lang='grc' dir='ltr'><strong>ἀπολέσει</strong></span> <span class='ocrx_word' id='word_1_63' title='bbox 1168 950 1196 1001; x_wconf 99' lang='lat'><strong>6</strong></span> <span class='ocrx_word' id='word_1_64' title='bbox 1224 950 1414 1021; x_wconf 82' lang='grc' dir='ltr'>Πατὴρ</span> <span class='ocrx_word' id='word_1_65' title='bbox 1445 951 1505 1003; x_wconf 85' lang='grc' dir='ltr'><strong>τὸ</strong></span> <span class='ocrx_word' id='word_1_66' title='bbox 1531 952 1762 1019; x_wconf 68' lang='grc' dir='ltr'>ὑφεστάο</span> 
     </span>
    </p>
   </div>
   <div class='ocr_carea' id='block_1_9' title="bbox 172 1034 1763 1115">
    <p class='ocr_par' dir='ltr' id='par_1_9' title="bbox 172 1034 1763 1115">
     <span class='ocr_line' id='line_1_9' title="bbox 172 1034 1763 1115; baseline 0.01 -33"><span class='ocrx_word' id='word_1_67' title='bbox 172 1050 261 1085; x_wconf 88' lang='grc' dir='ltr'><strong>ναι</strong></span> <span class='ocrx_word' id='word_1_68' title='bbox 298 1034 418 1086; x_wconf 80' lang='grc' dir='ltr'>καθ’</span> <span class='ocrx_word' id='word_1_69' title='bbox 443 1035 635 1089; x_wconf 80' lang='grc' dir='ltr'>ἑαυτόν</span> <span class='ocrx_word' id='word_1_70' title='bbox 656 1054 668 1066; x_wconf 69' lang='grc' dir='ltr'><strong>ο</strong></span> <span class='ocrx_word' id='word_1_71' title='bbox 692 1038 805 1091; x_wconf 82' lang='grc' dir='ltr'>ἀλλ’</span> <span class='ocrx_word' id='word_1_72' title='bbox 850 1038 1027 1109; x_wconf 84' lang='grc' dir='ltr'>οὑδὲή</span> <span class='ocrx_word' id='word_1_73' title='bbox 1057 1041 1227 1112; x_wconf 80' lang='grc' dir='ltr'>πολλὴ</span> <span class='ocrx_word' id='word_1_74' title='bbox 1256 1042 1366 1097; x_wconf 69' lang='grc' dir='ltr'>λίαι</span> <span class='ocrx_word' id='word_1_75' title='bbox 1404 1044 1673 1115; x_wconf 79' lang='grc' dir='ltr'>ἐμφέρειὰ</span> <span class='ocrx_word' id='word_1_76' title='bbox 1706 1061 1763 1098; x_wconf 86' lang='grc' dir='ltr'><strong>τε</strong></span> 
     </span>
    </p>
   </div>
   <div class='ocr_carea' id='block_1_10' title="bbox 172 1127 1765 1208">
    <p class='ocr_par' dir='ltr' id='par_1_10' title="bbox 172 1127 1765 1208">
     <span class='ocr_line' id='line_1_10' title="bbox 172 1127 1765 1208; baseline 0.009 -32"><span class='ocrx_word' id='word_1_77' title='bbox 172 1127 268 1178; x_wconf 84' lang='grc' dir='ltr'><strong>καί</strong></span> <span class='ocrx_word' id='word_1_78' title='bbox 308 1128 564 1198; x_wconf 78' lang='grc' dir='ltr'><strong>ὁμοιότης</strong></span> <span class='ocrx_word' id='word_1_79' title='bbox 584 1129 844 1201; x_wconf 82' lang='grc' dir='ltr'>άνάχυσίν</span> <span class='ocrx_word' id='word_1_80' title='bbox 877 1149 1000 1186; x_wconf 82' lang='grc' dir='ltr'>τινα</span> <span class='ocrx_word' id='word_1_81' title='bbox 1027 1134 1138 1187; x_wconf 88' lang='grc' dir='ltr'><strong>τῶν</strong></span> <span class='ocrx_word' id='word_1_82' title='bbox 1159 1134 1510 1191; x_wconf 71' lang='grc' dir='ltr'>ὑποστάσεων</span> <span class='ocrx_word' id='word_1_83' title='bbox 1533 1138 1765 1208; x_wconf 84' lang='grc' dir='ltr'>ἐργάσε-</span> 
     </span>
    </p>
   </div>
   <div class='ocr_carea' id='block_1_11' title="bbox 168 1221 1767 1302">
    <p class='ocr_par' dir='ltr' id='par_1_11' title="bbox 168 1221 1767 1302">
     <span class='ocr_line' id='line_1_11' title="bbox 168 1221 1767 1302; baseline 0.008 -31"><span class='ocrx_word' id='word_1_84' title='bbox 168 1237 284 1283; x_wconf 80' lang='grc' dir='ltr'>ται,</span> <span class='ocrx_word' id='word_1_85' title='bbox 314 1224 392 1284; x_wconf 86' lang='grc' dir='ltr'>ὡς</span> <span class='ocrx_word' id='word_1_86' title='bbox 441 1221 500 1275; x_wconf 84' lang='grc' dir='ltr'>ἓν</span> <span class='ocrx_word' id='word_1_87' title='bbox 532 1223 769 1278; x_wconf 78' lang='grc' dir='ltr'><strong>νοεῖσθαι</strong></span> <span class='ocrx_word' id='word_1_88' title='bbox 807 1225 887 1297; x_wconf 84' lang='grc' dir='ltr'><strong>τῷ</strong></span> <span class='ocrx_word' id='word_1_89' title='bbox 919 1226 1140 1298; x_wconf 85' lang='grc' dir='ltr'>ἀριθμῷ</span> <span class='ocrx_word' id='word_1_90' title='bbox 1174 1228 1264 1281; x_wconf 72' lang='grc' dir='ltr'><strong>τὸν</strong></span> <span class='ocrx_word' id='word_1_91' title='bbox 1284 1232 1622 1302; x_wconf 74' lang='grc' dir='ltr'><strong>γεννήσαντα</strong></span> <span class='ocrx_word' id='word_1_92' title='bbox 1653 1232 1767 1284; x_wconf 87' lang='grc' dir='ltr'>Πα-</span> 
     </span>
    </p>
   </div>
   <div class='ocr_carea' id='block_1_12' title="bbox 171 1312 1765 1395">
    <p class='ocr_par' dir='ltr' id='par_1_12' title="bbox 171 1312 1765 1395">
     <span class='ocr_line' id='line_1_12' title="bbox 171 1312 1765 1395; baseline 0.008 -30"><span class='ocrx_word' id='word_1_93' title='bbox 171 1312 329 1382; x_wconf 79' lang='grc' dir='ltr'>τέρα,</span> <span class='ocrx_word' id='word_1_94' title='bbox 354 1316 447 1366; x_wconf 78' lang='grc' dir='ltr'><strong>καὶ</strong></span> <span class='ocrx_word' id='word_1_95' title='bbox 481 1316 573 1368; x_wconf 85' lang='grc' dir='ltr'><strong>τὸν</strong></span> <span class='ocrx_word' id='word_1_96' title='bbox 605 1316 662 1382; x_wconf 79' lang='grc' dir='ltr'><strong>ἐξ</strong></span> <span class='ocrx_word' id='word_1_97' title='bbox 698 1317 861 1371; x_wconf 84' lang='grc' dir='ltr'>αὑτοῦ</span> <span class='ocrx_word' id='word_1_98' title='bbox 899 1319 1228 1392; x_wconf 85' lang='grc' dir='ltr'>γεννηθέντα</span> <span class='ocrx_word' id='word_1_99' title='bbox 1261 1321 1387 1375; x_wconf 90' lang='grc' dir='ltr'>Υίόν</span> <span class='ocrx_word' id='word_1_100' title='bbox 1412 1341 1425 1354; x_wconf 93' lang='grc'><strong>·</strong></span> <span class='ocrx_word' id='word_1_101' title='bbox 1457 1323 1570 1377; x_wconf 85' lang='grc' dir='ltr'>ἀλλ’</span> <span class='ocrx_word' id='word_1_102' title='bbox 1600 1326 1632 1394; x_wconf 86' lang='grc' dir='ltr'>ὴ</span> <span class='ocrx_word' id='word_1_103' title='bbox 1667 1324 1765 1395; x_wconf 80' lang='grc' dir='ltr'><strong>μὲν</strong></span> 
     </span>
    </p>
   </div>
   <div class='ocr_carea' id='block_1_13' title="bbox 170 1408 1766 1485">
    <p class='ocr_par' dir='ltr' id='par_1_13' title="bbox 170 1408 1766 1485">
     <span class='ocr_line' id='line_1_13' title="bbox 170 1408 1766 1485; baseline 0.008 -29"><span class='ocrx_word' id='word_1_104' title='bbox 170 1408 444 1477; x_wconf 75' lang='grc' dir='ltr'>ταυτότης</span> <span class='ocrx_word' id='word_1_105' title='bbox 470 1408 569 1477; x_wconf 76' lang='grc' dir='ltr'><strong>τῆς</strong></span> <span class='ocrx_word' id='word_1_106' title='bbox 603 1409 819 1477; x_wconf 81' lang='grc' dir='ltr'>φύσεως</span> <span class='ocrx_word' id='word_1_107' title='bbox 842 1413 930 1466; x_wconf 76' lang='grc' dir='ltr'><strong>ἐπ’</strong></span> <span class='ocrx_word' id='word_1_108' title='bbox 956 1414 1159 1484; x_wconf 73' lang='grc' dir='ltr'>ἀμφοῖν</span> <span class='ocrx_word' id='word_1_109' title='bbox 1186 1414 1348 1485; x_wconf 88' lang='grc' dir='ltr'>όμολο</span> <span class='ocrx_word' id='word_1_110' title='bbox 1362 1414 1671 1485; x_wconf 67' lang='grc' dir='ltr'>γηθήσεται,</span> <span class='ocrx_word' id='word_1_111' title='bbox 1707 1416 1766 1469; x_wconf 77' lang='grc' dir='ltr'>τὸ</span> 
     </span>
    </p>
   </div>
   <div class='ocr_carea' id='block_1_14' title="bbox 169 1498 1766 1573">
    <p class='ocr_par' dir='ltr' id='par_1_14' title="bbox 169 1498 1766 1573">
     <span class='ocr_line' id='line_1_14' title="bbox 169 1498 1766 1573; baseline 0.009 -24"><span class='ocrx_word' id='word_1_112' title='bbox 169 1498 222 1550; x_wconf 75' lang='grc' dir='ltr'>δὲ</span> <span class='ocrx_word' id='word_1_113' title='bbox 262 1498 413 1562; x_wconf 75' lang='grc' dir='ltr'>ίδιως</span> <span class='ocrx_word' id='word_1_114' title='bbox 453 1500 715 1573; x_wconf 75' lang='grc' dir='ltr'>ἑκάτερον</span> <span class='ocrx_word' id='word_1_115' title='bbox 740 1504 1041 1571; x_wconf 66' lang='grc' dir='ltr'>ὑφεστάναι</span> <span class='ocrx_word' id='word_1_116' title='bbox 1078 1506 1296 1570; x_wconf 86' lang='grc' dir='ltr'>πάντως</span> <span class='ocrx_word' id='word_1_117' title='bbox 1334 1507 1620 1561; x_wconf 69' lang='grc' dir='ltr'>ἀκολουθεῖ</span> <span class='ocrx_word' id='word_1_118' title='bbox 1679 1510 1766 1563; x_wconf 81' lang='grc' dir='ltr'><strong>ἵνα</strong></span> 
     </span>
    </p>
   </div>
   <div class='ocr_carea' id='block_1_15' title="bbox 170 1590 1761 1668">
    <p class='ocr_par' dir='ltr' id='par_1_15' title="bbox 170 1590 1761 1668">
     <span class='ocr_line' id='line_1_15' title="bbox 170 1590 1761 1668; baseline 0.008 -28"><span class='ocrx_word' id='word_1_119' title='bbox 170 1590 264 1641; x_wconf 74' lang='grc' dir='ltr'><strong>καὶ</strong></span> <span class='ocrx_word' id='word_1_120' title='bbox 292 1592 318 1643; x_wconf 93' lang='lat'><strong>6</strong></span> <span class='ocrx_word' id='word_1_121' title='bbox 343 1592 534 1663; x_wconf 66' lang='grc' dir='ltr'>Παιὴρ</span> <span class='ocrx_word' id='word_1_122' title='bbox 565 1595 729 1657; x_wconf 81' lang='grc' dir='ltr'>όντω,</span> <span class='ocrx_word' id='word_1_123' title='bbox 752 1595 939 1665; x_wconf 81' lang='grc' dir='ltr'>νοῆται</span> <span class='ocrx_word' id='word_1_124' title='bbox 972 1598 1185 1668; x_wconf 78' lang='grc' dir='ltr'>Πατὴρ,</span> <span class='ocrx_word' id='word_1_125' title='bbox 1212 1598 1305 1651; x_wconf 78' lang='grc' dir='ltr'><strong>καὶ</strong></span> <span class='ocrx_word' id='word_1_126' title='bbox 1335 1600 1361 1651; x_wconf 85' lang='grc' dir='ltr'><strong>ό</strong></span> <span class='ocrx_word' id='word_1_127' title='bbox 1386 1598 1509 1662; x_wconf 84' lang='grc' dir='ltr'><strong>Υἱὸς</strong></span> <span class='ocrx_word' id='word_1_128' title='bbox 1531 1600 1585 1652; x_wconf 87' lang='grc' dir='ltr'><strong>δὲ</strong></span> <span class='ocrx_word' id='word_1_129' title='bbox 1616 1600 1761 1664; x_wconf 83' lang='grc' dir='ltr'>Υἱός.</span> 
     </span>
    </p>
   </div>
   <div class='ocr_carea' id='block_1_16' title="bbox 182 1682 1763 1761">
    <p class='ocr_par' dir='ltr' id='par_1_16' title="bbox 182 1682 1763 1761">
     <span class='ocr_line' id='line_1_16' title="bbox 182 1682 1763 1761; baseline 0.007 -28"><span class='ocrx_word' id='word_1_130' title='bbox 182 1682 699 1753; x_wconf 79' lang='grc' dir='ltr'>Ἐπαριθμουμςνου</span> <span class='ocrx_word' id='word_1_131' title='bbox 760 1685 867 1756; x_wconf 85' lang='grc' dir='ltr'>γὰρ</span> <span class='ocrx_word' id='word_1_132' title='bbox 921 1704 1063 1741; x_wconf 87' lang='grc' dir='ltr'>ουτω</span> <span class='ocrx_word' id='word_1_133' title='bbox 1109 1705 1202 1740; x_wconf 89' lang='grc' dir='ltr'><strong>και</strong></span> <span class='ocrx_word' id='word_1_134' title='bbox 1243 1687 1763 1761; x_wconf 70' lang='grc' dir='ltr'>συνθεολογουμένου</span> 
     </span>
    </p>
   </div>
   <div class='ocr_carea' id='block_1_17' title="bbox 170 1773 1762 1855">
    <p class='ocr_par' dir='ltr' id='par_1_17' title="bbox 170 1773 1762 1855">
     <span class='ocr_line' id='line_1_17' title="bbox 170 1773 1762 1855; baseline 0.007 -30"><span class='ocrx_word' id='word_1_135' title='bbox 170 1773 264 1826; x_wconf 69' lang='grc' dir='ltr'><strong>τοῦ</strong></span> <span class='ocrx_word' id='word_1_136' title='bbox 310 1775 469 1842; x_wconf 78' lang='grc' dir='ltr'>ἁγίου</span> <span class='ocrx_word' id='word_1_137' title='bbox 527 1775 883 1846; x_wconf 81' lang='grc' dir='ltr'>Πνεύματος,</span> <span class='ocrx_word' id='word_1_138' title='bbox 918 1780 951 1849; x_wconf 84' lang='grc' dir='ltr'>ἠ</span> <span class='ocrx_word' id='word_1_139' title='bbox 992 1780 1125 1847; x_wconf 80' lang='grc' dir='ltr'>ἁγία</span> <span class='ocrx_word' id='word_1_140' title='bbox 1171 1780 1265 1834; x_wconf 75' lang='grc' dir='ltr'>καὶ</span> <span class='ocrx_word' id='word_1_141' title='bbox 1314 1784 1762 1855; x_wconf 85' lang='grc' dir='ltr'>προσκυνουμένη</span> 
     </span>
    </p>
   </div>
   <div class='ocr_carea' id='block_1_18' title="bbox 171 1863 1125 1942">
    <p class='ocr_par' dir='ltr' id='par_1_18' title="bbox 171 1863 1125 1942">
     <span class='ocr_line' id='line_1_18' title="bbox 171 1863 1125 1942; baseline 0.008 -25"><span class='ocrx_word' id='word_1_142' title='bbox 171 1863 343 1935; x_wconf 80' lang='grc' dir='ltr'>Τριάς</span> <span class='ocrx_word' id='word_1_143' title='bbox 368 1867 419 1919; x_wconf 76' lang='lat'>.6</span> <span class='ocrx_word' id='word_1_144' title='bbox 455 1869 651 1920; x_wconf 75' lang='grc' dir='ltr'>οίκ’ῖον</span> <span class='ocrx_word' id='word_1_145' title='bbox 688 1868 799 1935; x_wconf 77' lang='grc' dir='ltr'>ἕξει</span> <span class='ocrx_word' id='word_1_146' title='bbox 834 1870 1125 1942; x_wconf 86' lang='grc' dir='ltr'>πλήρωμα.</span> 
     </span>
    </p>
   </div>
   <div class='ocr_carea' id='block_1_19' title="bbox 244 1960 1767 2040">
    <p class='ocr_par' dir='ltr' id='par_1_19' title="bbox 244 1960 1767 2040">
     <span class='ocr_line' id='line_1_19' title="bbox 244 1960 1767 2040; baseline 0.008 -29"><span class='ocrx_word' id='word_1_147' title='bbox 244 1960 482 2014; x_wconf 77' lang='lat' dir='ltr'><strong>&#39;AAAO.</strong></span> <span class='ocrx_word' id='word_1_148' title='bbox 514 1960 573 2014; x_wconf 83' lang='lat' dir='ltr'><strong>Ei</strong></span> <span class='ocrx_word' id='word_1_149' title='bbox 606 1961 773 2026; x_wconf 83' lang='grc' dir='ltr'>αὑτός</span> <span class='ocrx_word' id='word_1_150' title='bbox 806 1964 956 2016; x_wconf 77' lang='grc' dir='ltr'>ἐστιν</span> <span class='ocrx_word' id='word_1_151' title='bbox 988 1967 1016 2018; x_wconf 91' lang='lat'><strong>6</strong></span> <span class='ocrx_word' id='word_1_152' title='bbox 1044 1965 1174 2030; x_wconf 84' lang='grc' dir='ltr'>Υἱὸς</span> <span class='ocrx_word' id='word_1_153' title='bbox 1219 1967 1312 2020; x_wconf 79' lang='grc' dir='ltr'><strong>καὶ</strong></span> <span class='ocrx_word' id='word_1_154' title='bbox 1340 1967 1563 2040; x_wconf 84' lang='grc' dir='ltr'>Πατὴρ,</span> <span class='ocrx_word' id='word_1_155' title='bbox 1614 1971 1767 2023; x_wconf 81' lang='grc' dir='ltr'>ποῖον</span> 
     </span>
    </p>
   </div>
   <div class='ocr_carea' id='block_1_20' title="bbox 169 2053 1767 2133">
    <p class='ocr_par' dir='ltr' id='par_1_20' title="bbox 169 2053 1767 2133">
     <span class='ocr_line' id='line_1_20' title="bbox 169 2053 1767 2133; baseline 0.008 -30"><span class='ocrx_word' id='word_1_156' title='bbox 169 2053 285 2121; x_wconf 80' lang='grc' dir='ltr'>ἔχει</span> <span class='ocrx_word' id='word_1_157' title='bbox 340 2053 565 2125; x_wconf 82' lang='grc' dir='ltr'>λόγονή</span> <span class='ocrx_word' id='word_1_158' title='bbox 616 2055 725 2108; x_wconf 80' lang='grc' dir='ltr'><strong>τῶν</strong></span> <span class='ocrx_word' id='word_1_159' title='bbox 763 2055 1044 2126; x_wconf 71' lang='grc' dir='ltr'>ὀνομάτω)</span> <span class='ocrx_word' id='word_1_160' title='bbox 1092 2057 1340 2131; x_wconf 81' lang='grc' dir='ltr'>διαστολή</span> <span class='ocrx_word' id='word_1_161' title='bbox 1376 2077 1391 2125; x_wconf 88' lang='grc'>;</span> <span class='ocrx_word' id='word_1_162' title='bbox 1424 2062 1485 2113; x_wconf 68' lang='lat' dir='ltr'><strong>Et</strong></span> <span class='ocrx_word' id='word_1_163' title='bbox 1533 2064 1607 2131; x_wconf 82' lang='grc' dir='ltr'><strong>μὴ</strong></span> <span class='ocrx_word' id='word_1_164' title='bbox 1658 2063 1767 2133; x_wconf 80' lang='grc' dir='ltr'>γὰρ</span> 
     </span>
    </p>
   </div>
   <div class='ocr_carea' id='block_1_21' title="bbox 169 2144 1767 2223">
    <p class='ocr_par' dir='ltr' id='par_1_21' title="bbox 169 2144 1767 2223">
     <span class='ocr_line' id='line_1_21' title="bbox 169 2144 1767 2223; baseline 0.008 -29"><span class='ocrx_word' id='word_1_165' title='bbox 169 2144 302 2207; x_wconf 76' lang='grc' dir='ltr'>ὃλω,</span> <span class='ocrx_word' id='word_1_166' title='bbox 336 2147 648 2217; x_wconf 69' lang='grc' dir='ltr'>ὲγέινησεν,</span> <span class='ocrx_word' id='word_1_167' title='bbox 680 2147 763 2201; x_wconf 84' lang='grc' dir='ltr'>ἵνα</span> <span class='ocrx_word' id='word_1_168' title='bbox 793 2148 845 2201; x_wconf 93' lang='grc' dir='ltr'><strong>τί</strong></span> <span class='ocrx_word' id='word_1_169' title='bbox 869 2149 1115 2202; x_wconf 82' lang='grc' dir='ltr'>καλεῖται</span> <span class='ocrx_word' id='word_1_170' title='bbox 1134 2151 1328 2223; x_wconf 87' lang='grc' dir='ltr'>Πατήρ</span> <span class='ocrx_word' id='word_1_171' title='bbox 1352 2197 1366 2219; x_wconf 87' lang='grc'><strong>,</strong></span> <span class='ocrx_word' id='word_1_172' title='bbox 1396 2153 1519 2215; x_wconf 85' lang='grc' dir='ltr'>Πῶς</span> <span class='ocrx_word' id='word_1_173' title='bbox 1552 2154 1606 2206; x_wconf 72' lang='grc' dir='ltr'>δὲ</span> <span class='ocrx_word' id='word_1_174' title='bbox 1630 2153 1767 2217; x_wconf 81' lang='grc' dir='ltr'>ὅλως</span> 
     </span>
    </p>
   </div>
   <div class='ocr_carea' id='block_1_22' title="bbox 172 2240 1768 2317">
    <p class='ocr_par' dir='ltr' id='par_1_22' title="bbox 172 2240 1768 2317">
     <span class='ocr_line' id='line_1_22' title="bbox 172 2240 1768 2317; baseline 0.006 -25"><span class='ocrx_word' id='word_1_175' title='bbox 172 2240 319 2304; x_wconf 73' lang='grc' dir='ltr'>Υἱὸς,</span> <span class='ocrx_word' id='word_1_176' title='bbox 359 2243 408 2293; x_wconf 81' lang='grc' dir='ltr'><strong>εί</strong></span> <span class='ocrx_word' id='word_1_177' title='bbox 449 2242 525 2312; x_wconf 80' lang='grc' dir='ltr'>μὴ</span> <span class='ocrx_word' id='word_1_178' title='bbox 565 2242 827 2315; x_wconf 81' lang='grc' dir='ltr'>ἐγεννήθη</span> <span class='ocrx_word' id='word_1_179' title='bbox 868 2245 1019 2315; x_wconf 79' lang='grc' dir='ltr'>παρὰ</span> <span class='ocrx_word' id='word_1_180' title='bbox 1069 2248 1280 2317; x_wconf 81' lang='grc' dir='ltr'>Πατρός</span> <span class='ocrx_word' id='word_1_181' title='bbox 1314 2264 1328 2313; x_wconf 90' lang='grc'>;</span> <span class='ocrx_word' id='word_1_182' title='bbox 1363 2249 1514 2301; x_wconf 69' lang='lat' dir='ltr'><strong>Anci</strong></span> <span class='ocrx_word' id='word_1_183' title='bbox 1545 2249 1652 2317; x_wconf 77' lang='grc' dir='ltr'>γὰρ</span> <span class='ocrx_word' id='word_1_184' title='bbox 1692 2249 1768 2312; x_wconf 86' lang='grc' dir='ltr'>ὠς</span> 
     </span>
    </p>
   </div>
   <div class='ocr_carea' id='block_1_23' title="bbox 166 2333 1767 2410">
    <p class='ocr_par' dir='ltr' id='par_1_23' title="bbox 166 2333 1767 2410">
     <span class='ocr_line' id='line_1_23' title="bbox 166 2333 1767 2410; baseline 0.005 -26"><span class='ocrx_word' id='word_1_185' title='bbox 166 2333 229 2397; x_wconf 74' lang='grc' dir='ltr'><strong>εξ</strong></span> <span class='ocrx_word' id='word_1_186' title='bbox 281 2335 535 2404; x_wconf 77' lang='grc' dir='ltr'>ἀνάγκης</span> <span class='ocrx_word' id='word_1_187' title='bbox 586 2335 685 2406; x_wconf 79' lang='grc' dir='ltr'><strong>τὴν</strong></span> <span class='ocrx_word' id='word_1_188' title='bbox 736 2353 994 2408; x_wconf 62' lang='grc' dir='ltr'>τοιαυτην</span> <span class='ocrx_word' id='word_1_189' title='bbox 1046 2337 1130 2407; x_wconf 71' lang='grc' dir='ltr'><strong>ἐφ’</strong></span> <span class='ocrx_word' id='word_1_190' title='bbox 1179 2339 1390 2402; x_wconf 77' lang='grc' dir='ltr'>ἑαυτοῖς</span> <span class='ocrx_word' id='word_1_191' title='bbox 1436 2339 1671 2410; x_wconf 84' lang='grc' dir='ltr'>θεωρίαν</span> <span class='ocrx_word' id='word_1_192' title='bbox 1698 2340 1767 2392; x_wconf 78' lang='grc' dir='ltr'>τὰ</span> 
     </span>
    </p>
   </div>
   <div class='ocr_carea' id='block_1_24' title="bbox 168 2426 1766 2502">
    <p class='ocr_par' dir='ltr' id='par_1_24' title="bbox 168 2426 1766 2502">
     <span class='ocr_line' id='line_1_24' title="bbox 168 2426 1766 2502; baseline 0.004 -23"><span class='ocrx_word' id='word_1_193' title='bbox 168 2426 432 2497; x_wconf 78' lang='grc' dir='ltr'>ὀνόματα.</span> <span class='ocrx_word' id='word_1_194' title='bbox 478 2428 696 2499; x_wconf 79' lang='grc' dir='ltr'>Ἐπειδὴ</span> <span class='ocrx_word' id='word_1_195' title='bbox 728 2429 783 2482; x_wconf 80' lang='grc' dir='ltr'>δὲ</span> <span class='ocrx_word' id='word_1_196' title='bbox 817 2431 1176 2502; x_wconf 81' lang='grc' dir='ltr'>γεγεννῆσθαι</span> <span class='ocrx_word' id='word_1_197' title='bbox 1222 2432 1313 2484; x_wconf 87' lang='grc' dir='ltr'><strong>τὸν</strong></span> <span class='ocrx_word' id='word_1_198' title='bbox 1348 2432 1475 2485; x_wconf 78' lang='grc' dir='ltr'>Υίὸν</span> <span class='ocrx_word' id='word_1_199' title='bbox 1518 2434 1574 2485; x_wconf 89' lang='grc' dir='ltr'><strong>αί</strong></span> <span class='ocrx_word' id='word_1_200' title='bbox 1626 2432 1766 2488; x_wconf 83' lang='grc' dir='ltr'>θεῖαι</span> 
     </span>
    </p>
   </div>
   <div class='ocr_carea' id='block_1_25' title="bbox 169 2517 1765 2596">
    <p class='ocr_par' dir='ltr' id='par_1_25' title="bbox 169 2517 1765 2596">
     <span class='ocr_line' id='line_1_25' title="bbox 169 2517 1765 2596; baseline 0.007 -28"><span class='ocrx_word' id='word_1_201' title='bbox 169 2517 507 2588; x_wconf 69' lang='grc' dir='ltr'>κηρύττουσι</span> <span class='ocrx_word' id='word_1_202' title='bbox 536 2521 769 2593; x_wconf 71' lang='grc' dir='ltr'>Γραφαὶ,</span> <span class='ocrx_word' id='word_1_203' title='bbox 818 2527 911 2576; x_wconf 76' lang='grc' dir='ltr'><strong>καὶ</strong></span> <span class='ocrx_word' id='word_1_204' title='bbox 946 2526 973 2577; x_wconf 81' lang='lat'><strong>6</strong></span> <span class='ocrx_word' id='word_1_205' title='bbox 1014 2526 1112 2594; x_wconf 78' lang='grc' dir='ltr'>τῆς</span> <span class='ocrx_word' id='word_1_206' title='bbox 1157 2525 1418 2596; x_wconf 82' lang='grc' dir='ltr'>ἀληθείας</span> <span class='ocrx_word' id='word_1_207' title='bbox 1451 2525 1623 2590; x_wconf 71' lang='grc' dir='ltr'>οὕτως</span> <span class='ocrx_word' id='word_1_208' title='bbox 1653 2526 1765 2596; x_wconf 83' lang='grc' dir='ltr'>ἔχει</span> 
     </span>
    </p>
   </div>
   <div class='ocr_carea' id='block_1_26' title="bbox 168 2609 1765 2686">
    <p class='ocr_par' dir='ltr' id='par_1_26' title="bbox 168 2609 1765 2686">
     <span class='ocr_line' id='line_1_26' title="bbox 168 2609 1765 2686; baseline 0.008 -26"><span class='ocrx_word' id='word_1_209' title='bbox 168 2609 327 2677; x_wconf 75' lang='grc' dir='ltr'>λόγος</span> <span class='ocrx_word' id='word_1_210' title='bbox 355 2652 369 2673; x_wconf 91' lang='grc'><strong>,</strong></span> <span class='ocrx_word' id='word_1_211' title='bbox 410 2612 715 2683; x_wconf 61' lang='grc' dir='ltr'>ὑφέστηκεν</span> <span class='ocrx_word' id='word_1_212' title='bbox 768 2616 877 2686; x_wconf 80' lang='grc' dir='ltr'>ἄρα</span> <span class='ocrx_word' id='word_1_213' title='bbox 921 2616 1041 2669; x_wconf 81' lang='grc' dir='ltr'>καθ’</span> <span class='ocrx_word' id='word_1_214' title='bbox 1076 2618 1287 2672; x_wconf 78' lang='grc' dir='ltr'>ἑαυτόν.</span> <span class='ocrx_word' id='word_1_215' title='bbox 1319 2619 1469 2671; x_wconf 82' lang='grc' dir='ltr'>Ἔστι</span> <span class='ocrx_word' id='word_1_216' title='bbox 1508 2618 1562 2671; x_wconf 73' lang='grc' dir='ltr'>δὲ</span> <span class='ocrx_word' id='word_1_217' title='bbox 1605 2619 1765 2673; x_wconf 70' lang='grc' dir='ltr'>πάλυν</span> 
     </span>
    </p>
   </div>
   <div class='ocr_carea' id='block_1_27' title="bbox 169 2700 1765 2780">
    <p class='ocr_par' dir='ltr' id='par_1_27' title="bbox 169 2700 1765 2780">
     <span class='ocr_line' id='line_1_27' title="bbox 169 2700 1765 2780; baseline 0.005 -29"><span class='ocrx_word' id='word_1_218' title='bbox 169 2700 489 2765; x_wconf 66' lang='grc' dir='ltr'>ἰδιαζόντως</span> <span class='ocrx_word' id='word_1_219' title='bbox 524 2704 619 2755; x_wconf 77' lang='grc' dir='ltr'><strong>καὶ</strong></span> <span class='ocrx_word' id='word_1_220' title='bbox 645 2705 672 2757; x_wconf 91' lang='lat'><strong>6</strong></span> <span class='ocrx_word' id='word_1_221' title='bbox 700 2705 914 2777; x_wconf 79' lang='grc' dir='ltr'>Πατὴρ,</span> <span class='ocrx_word' id='word_1_222' title='bbox 939 2706 1096 2777; x_wconf 80' lang='grc' dir='ltr'>εἴπερ</span> <span class='ocrx_word' id='word_1_223' title='bbox 1124 2706 1308 2779; x_wconf 75' lang='grc' dir='ltr'>ἕτερον</span> <span class='ocrx_word' id='word_1_224' title='bbox 1338 2708 1394 2775; x_wconf 75' lang='grc' dir='ltr'><strong>ἐξ</strong></span> <span class='ocrx_word' id='word_1_225' title='bbox 1421 2708 1608 2780; x_wconf 83' lang='grc' dir='ltr'>ὲτέρου</span> <span class='ocrx_word' id='word_1_226' title='bbox 1639 2709 1765 2779; x_wconf 85' lang='grc' dir='ltr'>φαί-</span> 
     </span>
    </p>
   </div>
   <div class='ocr_carea' id='block_1_28' title="bbox 170 2795 1388 2870">
    <p class='ocr_par' dir='ltr' id='par_1_28' title="bbox 170 2795 1388 2870">
     <span class='ocr_line' id='line_1_28' title="bbox 170 2795 1388 2870; baseline 0.005 -24"><span class='ocrx_word' id='word_1_227' title='bbox 170 2812 317 2847; x_wconf 85' lang='grc' dir='ltr'>νεται</span> <span class='ocrx_word' id='word_1_228' title='bbox 349 2795 414 2848; x_wconf 77' lang='grc' dir='ltr'>τὸ</span> <span class='ocrx_word' id='word_1_229' title='bbox 449 2796 788 2867; x_wconf 77' lang='grc' dir='ltr'>γεννώμενον</span> <span class='ocrx_word' id='word_1_230' title='bbox 811 2797 886 2862; x_wconf 79' lang='grc' dir='ltr'>ὡς</span> <span class='ocrx_word' id='word_1_231' title='bbox 910 2798 1047 2870; x_wconf 78' lang='grc' dir='ltr'>πρὸς</span> <span class='ocrx_word' id='word_1_232' title='bbox 1078 2799 1136 2852; x_wconf 70' lang='grc' dir='ltr'>τὸ</span> <span class='ocrx_word' id='word_1_233' title='bbox 1164 2801 1388 2868; x_wconf 84' lang='grc' dir='ltr'>γεννῶν.</span> 
     </span>
    </p>
   </div>
   <div class='ocr_carea' id='block_1_29' title="bbox 244 2978 1765 3051">
    <p class='ocr_par' dir='ltr' id='par_1_29' title="bbox 244 2978 1765 3051">
     <span class='ocr_line' id='line_1_29' title="bbox 244 2978 1765 3051; baseline 0.006 -22"><span class='ocrx_word' id='word_1_234' title='bbox 244 2979 482 3034; x_wconf 77' lang='lat' dir='ltr'><strong>&#39;AAAO.</strong></span> <span class='ocrx_word' id='word_1_235' title='bbox 525 2979 584 3033; x_wconf 86' lang='grc' dir='ltr'>Ὀ</span> <span class='ocrx_word' id='word_1_236' title='bbox 633 2978 902 3051; x_wconf 85' lang='grc' dir='ltr'>μακάριος</span> <span class='ocrx_word' id='word_1_237' title='bbox 950 2980 1182 3046; x_wconf 79' lang='grc' dir='ltr'>Παῦλος,</span> <span class='ocrx_word' id='word_1_238' title='bbox 1212 2983 1540 3037; x_wconf 74' lang='grc' dir='ltr'>ἐπιστέλλων</span> <span class='ocrx_word' id='word_1_239' title='bbox 1576 2985 1765 3037; x_wconf 81' lang='grc' dir='ltr'>Φιλιπ-</span> 
     </span>
    </p>
   </div>
   <div class='ocr_carea' id='block_1_30' title="bbox 171 3071 1762 3146">
    <p class='ocr_par' dir='ltr' id='par_1_30' title="bbox 171 3071 1762 3146">
     <span class='ocr_line' id='line_1_30' title="bbox 171 3071 1762 3146; baseline 0.004 -23"><span class='ocrx_word' id='word_1_240' title='bbox 171 3071 415 3140; x_wconf 80' lang='grc' dir='ltr'>ττησίοις,</span> <span class='ocrx_word' id='word_1_241' title='bbox 462 3071 699 3142; x_wconf 74' lang='grc' dir='ltr'>περὶτοῦ</span> <span class='ocrx_word' id='word_1_242' title='bbox 738 3072 867 3125; x_wconf 85' lang='grc' dir='ltr'>Υίοῦ</span> <span class='ocrx_word' id='word_1_243' title='bbox 897 3090 1099 3144; x_wconf 72' lang='grc' dir='ltr'>φησιν’</span> <span class='ocrx_word' id='word_1_244' title='bbox 1142 3092 1160 3124; x_wconf 87' lang='grc' dir='ltr'><strong>ι</strong></span> <span class='ocrx_word' id='word_1_245' title='bbox 1191 3076 1283 3137; x_wconf 88' lang='grc' dir='ltr'>Ὃς</span> <span class='ocrx_word' id='word_1_246' title='bbox 1316 3077 1372 3127; x_wconf 70' lang='grc' dir='ltr'>ἐν</span> <span class='ocrx_word' id='word_1_247' title='bbox 1409 3078 1590 3146; x_wconf 77' lang='grc' dir='ltr'>μορφῇ</span> <span class='ocrx_word' id='word_1_248' title='bbox 1627 3076 1762 3129; x_wconf 77' lang='grc' dir='ltr'>Θεοῦ</span> 
     </span>
    </p>
   </div>
   <div class='ocr_carea' id='block_1_31' title="bbox 1869 576 3422 653">
    <p class='ocr_par' dir='ltr' id='par_1_31' title="bbox 1869 576 3422 653">
     <span class='ocr_line' id='line_1_31' title="bbox 1869 576 3422 653; baseline -0.003 -18"><span class='ocrx_word' id='word_1_249' title='bbox 1869 584 2008 653; x_wconf 84' lang='lat' dir='ltr'><strong>ipse,</strong></span> <span class='ocrx_word' id='word_1_250' title='bbox 2038 594 2095 637; x_wconf 91' lang='lat' dir='ltr'><strong>ut</strong></span> <span class='ocrx_word' id='word_1_251' title='bbox 2121 598 2278 652; x_wconf 89' lang='lat' dir='ltr'><strong>prius</strong></span> <span class='ocrx_word' id='word_1_252' title='bbox 2312 584 2428 652; x_wconf 88' lang='lat' dir='ltr'><strong>jam</strong></span> <span class='ocrx_word' id='word_1_253' title='bbox 2462 582 2668 637; x_wconf 88' lang='lat' dir='ltr'><strong>dictum</strong></span> <span class='ocrx_word' id='word_1_254' title='bbox 2714 591 2824 648; x_wconf 89' lang='lat' dir='ltr'><strong>est,</strong></span> <span class='ocrx_word' id='word_1_255' title='bbox 2853 590 2908 636; x_wconf 88' lang='lat' dir='ltr'><strong>et</strong></span> <span class='ocrx_word' id='word_1_256' title='bbox 2942 580 3183 652; x_wconf 81' lang='lat' dir='ltr'><strong>perfecte</strong></span> <span class='ocrx_word' id='word_1_257' title='bbox 3231 579 3298 634; x_wconf 85' lang='lat' dir='ltr'><strong>ad</strong></span> <span class='ocrx_word' id='word_1_258' title='bbox 3335 576 3422 633; x_wconf 81' lang='lat' dir='ltr'><strong>for</strong></span> 
     </span>
    </p>
   </div>
   <div class='ocr_carea' id='block_1_32' title="bbox 1867 668 3454 743">
    <p class='ocr_par' dir='ltr' id='par_1_32' title="bbox 1867 668 3454 743">
     <span class='ocr_line' id='line_1_32' title="bbox 1867 668 3454 743; baseline -0.003 -18"><span class='ocrx_word' id='word_1_259' title='bbox 1867 688 2010 726; x_wconf 83' lang='lat' dir='ltr'><strong>niam</strong></span> <span class='ocrx_word' id='word_1_260' title='bbox 2046 672 2232 728; x_wconf 89' lang='lat' dir='ltr'><strong>Patris</strong></span> <span class='ocrx_word' id='word_1_261' title='bbox 2278 687 2597 743; x_wconf 81' lang='lat' dir='ltr'><strong>expressus,</strong></span> <span class='ocrx_word' id='word_1_262' title='bbox 2641 672 2900 742; x_wconf 82' lang='lat' dir='ltr'><strong>idemque</strong></span> <span class='ocrx_word' id='word_1_263' title='bbox 2947 668 3358 739; x_wconf 78' lang='lat' dir='ltr'><strong>snnplimssime</strong></span> <span class='ocrx_word' id='word_1_264' title='bbox 3387 683 3454 721; x_wconf 77' lang='lat' dir='ltr'><strong>ex</strong></span> 
     </span>
    </p>
   </div>
   <div class='ocr_carea' id='block_1_33' title="bbox 1868 762 3453 834">
    <p class='ocr_par' dir='ltr' id='par_1_33' title="bbox 1868 762 3453 834">
     <span class='ocr_line' id='line_1_33' title="bbox 1868 762 3453 834; baseline -0.003 -17"><span class='ocrx_word' id='word_1_265' title='bbox 1868 773 2066 818; x_wconf 91' lang='lat' dir='ltr'><strong>natura</strong></span> <span class='ocrx_word' id='word_1_266' title='bbox 2099 780 2200 819; x_wconf 89' lang='lat' dir='ltr'><strong>sua</strong></span> <span class='ocrx_word' id='word_1_267' title='bbox 2234 766 2352 834; x_wconf 90' lang='lat' dir='ltr'><strong>ipse</strong></span> <span class='ocrx_word' id='word_1_268' title='bbox 2384 766 2437 820; x_wconf 96' lang='lat' dir='ltr'><strong>in</strong></span> <span class='ocrx_word' id='word_1_269' title='bbox 2476 765 2662 834; x_wconf 87' lang='lat' dir='ltr'><strong>seipso</strong></span> <span class='ocrx_word' id='word_1_270' title='bbox 2693 762 2907 817; x_wconf 94' lang='lat' dir='ltr'><strong>Patrem</strong></span> <span class='ocrx_word' id='word_1_271' title='bbox 2939 762 3257 833; x_wconf 80' lang='lat' dir='ltr'><strong>exprimens</strong></span> <span class='ocrx_word' id='word_1_272' title='bbox 3291 802 3302 814; x_wconf 93' lang='lat'><strong>.</strong></span> <span class='ocrx_word' id='word_1_273' title='bbox 3341 774 3453 814; x_wconf 88' lang='lat' dir='ltr'><strong>non</strong></span> 
     </span>
    </p>
   </div>
   <div class='ocr_carea' id='block_1_34' title="bbox 1868 851 3453 929">
    <p class='ocr_par' dir='ltr' id='par_1_34' title="bbox 1868 851 3453 929">
     <span class='ocr_line' id='line_1_34' title="bbox 1868 851 3453 929; baseline -0.002 -20"><span class='ocrx_word' id='word_1_274' title='bbox 1868 866 2053 911; x_wconf 91' lang='lat' dir='ltr'><strong>tamen</strong></span> <span class='ocrx_word' id='word_1_275' title='bbox 2082 857 2295 913; x_wconf 85' lang='lat' dir='ltr'><strong>ideirco</strong></span> <span class='ocrx_word' id='word_1_276' title='bbox 2326 860 2561 929; x_wconf 68' lang='lat' dir='ltr'><strong>propria:</strong></span> <span class='ocrx_word' id='word_1_277' title='bbox 2585 854 2931 913; x_wconf 72' lang='lat' dir='ltr'><strong>eXSIstentiae</strong></span> <span class='ocrx_word' id='word_1_278' title='bbox 2953 854 3233 924; x_wconf 85' lang='lat' dir='ltr'><strong>jacliirani</strong></span> <span class='ocrx_word' id='word_1_279' title='bbox 3268 851 3453 914; x_wconf 79' lang='lat' dir='ltr'><strong>faciet,</strong></span> 
     </span>
    </p>
   </div>
   <div class='ocr_carea' id='block_1_35' title="bbox 1870 948 3454 1021">
    <p class='ocr_par' dir='ltr' id='par_1_35' title="bbox 1870 948 3454 1021">
     <span class='ocr_line' id='line_1_35' title="bbox 1870 948 3454 1021; baseline -0.001 -19"><span class='ocrx_word' id='word_1_280' title='bbox 1870 965 2051 1019; x_wconf 92' lang='lat' dir='ltr'><strong>neque</strong></span> <span class='ocrx_word' id='word_1_281' title='bbox 2098 951 2346 1005; x_wconf 86' lang='lat' dir='ltr'><strong>vicissnii</strong></span> <span class='ocrx_word' id='word_1_282' title='bbox 2395 950 2554 1005; x_wconf 87' lang='lat' dir='ltr'><strong>Pater</strong></span> <span class='ocrx_word' id='word_1_283' title='bbox 2592 964 2690 1021; x_wconf 91' lang='lat' dir='ltr'><strong>per</strong></span> <span class='ocrx_word' id='word_1_284' title='bbox 2733 963 2793 1003; x_wconf 88' lang='lat' dir='ltr'><strong>se</strong></span> <span class='ocrx_word' id='word_1_285' title='bbox 2842 948 3153 1003; x_wconf 76' lang='lat' dir='ltr'><strong>subsistere</strong></span> <span class='ocrx_word' id='word_1_286' title='bbox 3198 948 3454 1014; x_wconf 85' lang='lat' dir='ltr'><strong>desinet;</strong></span> 
     </span>
    </p>
   </div>
   <div class='ocr_carea' id='block_1_36' title="bbox 1868 1038 3455 1097">
    <p class='ocr_par' dir='ltr' id='par_1_36' title="bbox 1868 1038 3455 1097">
     <span class='ocr_line' id='line_1_36' title="bbox 1868 1038 3455 1097; baseline -0.002 -2"><span class='ocrx_word' id='word_1_287' title='bbox 1868 1042 1961 1095; x_wconf 86' lang='lat' dir='ltr'><strong>sed</strong></span> <span class='ocrx_word' id='word_1_288' title='bbox 1992 1057 2095 1097; x_wconf 91' lang='lat' dir='ltr'><strong>nec</strong></span> <span class='ocrx_word' id='word_1_289' title='bbox 2133 1056 2347 1097; x_wconf 88' lang='lat' dir='ltr'><strong>summa</strong></span> <span class='ocrx_word' id='word_1_290' title='bbox 2390 1041 2480 1096; x_wconf 86' lang='lat' dir='ltr'><strong>illa</strong></span> <span class='ocrx_word' id='word_1_291' title='bbox 2514 1040 2826 1096; x_wconf 83' lang='lat' dir='ltr'><strong>similitudo</strong></span> <span class='ocrx_word' id='word_1_292' title='bbox 2864 1038 3251 1094; x_wconf 81' lang='lat' dir='ltr'><strong>confusionem</strong></span> <span class='ocrx_word' id='word_1_293' title='bbox 3283 1039 3455 1093; x_wconf 84' lang='lat' dir='ltr'><strong>ullam</strong></span> 
     </span>
    </p>
   </div>
   <div class='ocr_carea' id='block_1_37' title="bbox 1871 1127 3456 1201">
    <p class='ocr_par' dir='ltr' id='par_1_37' title="bbox 1871 1127 3456 1201">
     <span class='ocr_line' id='line_1_37' title="bbox 1871 1127 3456 1201; baseline -0.002 -18"><span class='ocrx_word' id='word_1_294' title='bbox 1871 1131 2268 1201; x_wconf 87' lang='lat' dir='ltr'><strong>liypostasibus</strong></span> <span class='ocrx_word' id='word_1_295' title='bbox 2299 1130 2509 1197; x_wconf 83' lang='lat' dir='ltr'><strong>aﬂeret,</strong></span> <span class='ocrx_word' id='word_1_296' title='bbox 2548 1131 2621 1185; x_wconf 88' lang='lat' dir='ltr'><strong>ita</strong></span> <span class='ocrx_word' id='word_1_297' title='bbox 2658 1138 2718 1184; x_wconf 89' lang='lat' dir='ltr'><strong>ut</strong></span> <span class='ocrx_word' id='word_1_298' title='bbox 2755 1144 2865 1185; x_wconf 87' lang='lat' dir='ltr'><strong>una</strong></span> <span class='ocrx_word' id='word_1_299' title='bbox 2911 1145 2999 1184; x_wconf 88' lang='lat' dir='ltr'><strong>res</strong></span> <span class='ocrx_word' id='word_1_300' title='bbox 3031 1143 3264 1184; x_wconf 90' lang='lat' dir='ltr'><strong>numero</strong></span> <span class='ocrx_word' id='word_1_301' title='bbox 3292 1127 3456 1182; x_wconf 90' lang='lat' dir='ltr'><strong>intel-</strong></span> 
     </span>
    </p>
   </div>
   <div class='ocr_carea' id='block_1_38' title="bbox 1868 1214 3457 1294">
    <p class='ocr_par' dir='ltr' id='par_1_38' title="bbox 1868 1214 3457 1294">
     <span class='ocr_line' id='line_1_38' title="bbox 1868 1214 3457 1294; baseline -0.001 -17"><span class='ocrx_word' id='word_1_302' title='bbox 1868 1223 2069 1291; x_wconf 80' lang='lat' dir='ltr'><strong>ligatur</strong></span> <span class='ocrx_word' id='word_1_303' title='bbox 2106 1223 2268 1278; x_wconf 86' lang='lat' dir='ltr'><strong>Pater</strong></span> <span class='ocrx_word' id='word_1_304' title='bbox 2303 1224 2397 1294; x_wconf 89' lang='lat' dir='ltr'><strong>qui</strong></span> <span class='ocrx_word' id='word_1_305' title='bbox 2444 1214 2668 1294; x_wconf 78' lang='lat' dir='ltr'><strong>genuit,</strong></span> <span class='ocrx_word' id='word_1_306' title='bbox 2705 1232 2760 1279; x_wconf 90' lang='lat' dir='ltr'><strong>et</strong></span> <span class='ocrx_word' id='word_1_307' title='bbox 2809 1240 2904 1293; x_wconf 85' lang='lat' dir='ltr'><strong>qni</strong></span> <span class='ocrx_word' id='word_1_308' title='bbox 2951 1239 3014 1277; x_wconf 84' lang='lat' dir='ltr'><strong>ex</strong></span> <span class='ocrx_word' id='word_1_309' title='bbox 3072 1224 3196 1294; x_wconf 89' lang='lat' dir='ltr'><strong>ipso</strong></span> <span class='ocrx_word' id='word_1_310' title='bbox 3230 1221 3457 1293; x_wconf 76' lang='lat' dir='ltr'><strong>g-nitus</strong></span> 
     </span>
    </p>
   </div>
   <div class='ocr_carea' id='block_1_39' title="bbox 1868 1315 3465 1384">
    <p class='ocr_par' dir='ltr' id='par_1_39' title="bbox 1868 1315 3465 1384">
     <span class='ocr_line' id='line_1_39' title="bbox 1868 1315 3465 1384; baseline -0.001 -13"><span class='ocrx_word' id='word_1_311' title='bbox 1868 1324 1954 1371; x_wconf 72' lang='lat' dir='ltr'><strong>est</strong></span> <span class='ocrx_word' id='word_1_312' title='bbox 1976 1315 2149 1372; x_wconf 88' lang='lat' dir='ltr'><strong>Filius</strong></span> <span class='ocrx_word' id='word_1_313' title='bbox 2182 1336 2195 1371; x_wconf 89' lang='lat'>:</span> <span class='ocrx_word' id='word_1_314' title='bbox 2230 1332 2422 1372; x_wconf 87' lang='lat' dir='ltr'><strong>verum</strong></span> <span class='ocrx_word' id='word_1_315' title='bbox 2465 1316 2810 1372; x_wconf 89' lang='lat' dir='ltr'><strong>identitatcm</strong></span> <span class='ocrx_word' id='word_1_316' title='bbox 2861 1323 3075 1370; x_wconf 82' lang='lat' dir='ltr'><strong>naturae</strong></span> <span class='ocrx_word' id='word_1_317' title='bbox 3123 1316 3178 1369; x_wconf 93' lang='lat' dir='ltr'><strong>in</strong></span> <span class='ocrx_word' id='word_1_318' title='bbox 3220 1325 3465 1384; x_wconf 85' lang='lat' dir='ltr'><strong>utroque</strong></span> 
     </span>
    </p>
   </div>
   <div class='ocr_carea' id='block_1_40' title="bbox 1868 1409 3458 1479">
    <p class='ocr_par' dir='ltr' id='par_1_40' title="bbox 1868 1409 3458 1479">
     <span class='ocr_line' id='line_1_40' title="bbox 1868 1409 3458 1479; baseline -0.002 -15"><span class='ocrx_word' id='word_1_319' title='bbox 1868 1410 2298 1478; x_wconf 77' lang='lat' dir='ltr'><strong>conﬁtebimur,</strong></span> <span class='ocrx_word' id='word_1_320' title='bbox 2364 1421 2418 1466; x_wconf 89' lang='lat' dir='ltr'><strong>et</strong></span> <span class='ocrx_word' id='word_1_321' title='bbox 2480 1420 2780 1479; x_wconf 89' lang='lat' dir='ltr'><strong>utrumque</strong></span> <span class='ocrx_word' id='word_1_322' title='bbox 2854 1410 3079 1478; x_wconf 89' lang='lat' dir='ltr'><strong>propiie</strong></span> <span class='ocrx_word' id='word_1_323' title='bbox 3148 1409 3458 1463; x_wconf 84' lang='lat' dir='ltr'><strong>subsistere</strong></span> 
     </span>
    </p>
   </div>
   <div class='ocr_carea' id='block_1_41' title="bbox 1869 1499 3454 1573">
    <p class='ocr_par' dir='ltr' id='par_1_41' title="bbox 1869 1499 3454 1573">
     <span class='ocr_line' id='line_1_41' title="bbox 1869 1499 3454 1573; baseline -0.003 -16"><span class='ocrx_word' id='word_1_324' title='bbox 1869 1504 2059 1573; x_wconf 84' lang='lat' dir='ltr'><strong>utique</strong></span> <span class='ocrx_word' id='word_1_325' title='bbox 2092 1519 2226 1573; x_wconf 89' lang='lat' dir='ltr'><strong>sequ</strong></span> <span class='ocrx_word' id='word_1_326' title='bbox 2257 1513 2365 1568; x_wconf 88' lang='lat' dir='ltr'><strong>tur,</strong></span> <span class='ocrx_word' id='word_1_327' title='bbox 2402 1513 2462 1557; x_wconf 92' lang='lat' dir='ltr'><strong>ut</strong></span> <span class='ocrx_word' id='word_1_328' title='bbox 2485 1511 2538 1558; x_wconf 92' lang='lat' dir='ltr'><strong>et</strong></span> <span class='ocrx_word' id='word_1_329' title='bbox 2560 1502 2724 1557; x_wconf 85' lang='lat' dir='ltr'><strong>Pater</strong></span> <span class='ocrx_word' id='word_1_330' title='bbox 2751 1517 2878 1557; x_wconf 83' lang='lat' dir='ltr'><strong>vere</strong></span> <span class='ocrx_word' id='word_1_331' title='bbox 2904 1501 3248 1571; x_wconf 77' lang='lat' dir='ltr'><strong>intelligatur</strong></span> <span class='ocrx_word' id='word_1_332' title='bbox 3268 1499 3454 1563; x_wconf 90' lang='lat' dir='ltr'><strong>Pater,</strong></span> 
     </span>
    </p>
   </div>
   <div class='ocr_carea' id='block_1_42' title="bbox 1869 1593 3457 1658">
    <p class='ocr_par' dir='ltr' id='par_1_42' title="bbox 1869 1593 3457 1658">
     <span class='ocr_line' id='line_1_42' title="bbox 1869 1593 3457 1658; baseline -0.003 -9"><span class='ocrx_word' id='word_1_333' title='bbox 1869 1608 1921 1649; x_wconf 90' lang='lat' dir='ltr'><strong>et</strong></span> <span class='ocrx_word' id='word_1_334' title='bbox 1958 1593 2135 1650; x_wconf 89' lang='lat' dir='ltr'><strong>Filius</strong></span> <span class='ocrx_word' id='word_1_335' title='bbox 2181 1611 2309 1651; x_wconf 90' lang='lat' dir='ltr'><strong>vere</strong></span> <span class='ocrx_word' id='word_1_336' title='bbox 2348 1594 2547 1649; x_wconf 86' lang='lat' dir='ltr'><strong>Filius.</strong></span> <span class='ocrx_word' id='word_1_337' title='bbox 2599 1593 2691 1649; x_wconf 92' lang='lat' dir='ltr'><strong>Sic</strong></span> <span class='ocrx_word' id='word_1_338' title='bbox 2739 1595 2884 1649; x_wconf 90' lang='lat' dir='ltr'><strong>enim</strong></span> <span class='ocrx_word' id='word_1_339' title='bbox 2927 1600 3354 1658; x_wconf 84' lang='lat' dir='ltr'><strong>coniiiimerato,</strong></span> <span class='ocrx_word' id='word_1_340' title='bbox 3403 1600 3457 1646; x_wconf 91' lang='lat' dir='ltr'><strong>et</strong></span> 
     </span>
    </p>
   </div>
   <div class='ocr_carea' id='block_1_43' title="bbox 1872 1687 3457 1757">
    <p class='ocr_par' dir='ltr' id='par_1_43' title="bbox 1872 1687 3457 1757">
     <span class='ocr_line' id='line_1_43' title="bbox 1872 1687 3457 1757; baseline -0.002 -17"><span class='ocrx_word' id='word_1_341' title='bbox 1872 1687 2014 1740; x_wconf 87' lang='lat' dir='ltr'><strong>inter</strong></span> <span class='ocrx_word' id='word_1_342' title='bbox 2046 1688 2363 1742; x_wconf 86' lang='lat' dir='ltr'><strong>divinitatis</strong></span> <span class='ocrx_word' id='word_1_343' title='bbox 2410 1702 2681 1757; x_wconf 88' lang='lat' dir='ltr'><strong>personas</strong></span> <span class='ocrx_word' id='word_1_344' title='bbox 2733 1687 2897 1742; x_wconf 91' lang='lat' dir='ltr'><strong>simul</strong></span> <span class='ocrx_word' id='word_1_345' title='bbox 2944 1687 3215 1740; x_wconf 90' lang='lat' dir='ltr'><strong>collocato</strong></span> <span class='ocrx_word' id='word_1_346' title='bbox 3261 1695 3457 1739; x_wconf 72' lang='lat' dir='ltr'><strong>santto</strong></span> 
     </span>
    </p>
   </div>
   <div class='ocr_carea' id='block_1_44' title="bbox 1872 1773 3454 1846">
    <p class='ocr_par' dir='ltr' id='par_1_44' title="bbox 1872 1773 3454 1846">
     <span class='ocr_line' id='line_1_44' title="bbox 1872 1773 3454 1846; baseline -0.003 -17"><span class='ocrx_word' id='word_1_347' title='bbox 1872 1777 2101 1846; x_wconf 80' lang='lat' dir='ltr'><strong>Spiritu,</strong></span> <span class='ocrx_word' id='word_1_348' title='bbox 2133 1785 2329 1832; x_wconf 88' lang='lat' dir='ltr'><strong>sancta</strong></span> <span class='ocrx_word' id='word_1_349' title='bbox 2364 1787 2418 1832; x_wconf 88' lang='lat' dir='ltr'><strong>et</strong></span> <span class='ocrx_word' id='word_1_350' title='bbox 2456 1775 2735 1832; x_wconf 83' lang='lat' dir='ltr'><strong>adoranda</strong></span> <span class='ocrx_word' id='word_1_351' title='bbox 2764 1774 3015 1829; x_wconf 80' lang='lat' dir='ltr'><strong>Trinitas</strong></span> <span class='ocrx_word' id='word_1_352' title='bbox 3055 1773 3454 1844; x_wconf 85' lang='lat' dir='ltr'><strong>plenitudinem</strong></span> 
     </span>
    </p>
   </div>
   <div class='ocr_carea' id='block_1_45' title="bbox 1800 1857 2352 1923">
    <p class='ocr_par' dir='ltr' id='par_1_45' title="bbox 1800 1857 2352 1923">
     <span class='ocr_line' id='line_1_45' title="bbox 1800 1857 2352 1923; baseline 0 -1"><span class='ocrx_word' id='word_1_353' title='bbox 1800 1857 1843 1912; x_wconf 75' lang='grc' dir='ltr'><strong>Β</strong></span> <span class='ocrx_word' id='word_1_354' title='bbox 1874 1884 2030 1922; x_wconf 73' lang='lat' dir='ltr'><strong>suam</strong></span> <span class='ocrx_word' id='word_1_355' title='bbox 2063 1869 2352 1923; x_wconf 83' lang='lat' dir='ltr'><strong>obtinebit.</strong></span> 
     </span>
    </p>
   </div>
   <div class='ocr_carea' id='block_1_46' title="bbox 1943 1955 3455 2030">
    <p class='ocr_par' dir='ltr' id='par_1_46' title="bbox 1943 1955 3455 2030">
     <span class='ocr_line' id='line_1_46' title="bbox 1943 1955 3455 2030; baseline -0.002 -20"><span class='ocrx_word' id='word_1_356' title='bbox 1943 1957 2173 2014; x_wconf 88' lang='lat' dir='ltr'><strong>ALIUD.</strong></span> <span class='ocrx_word' id='word_1_357' title='bbox 2218 1960 2276 2013; x_wconf 83' lang='lat' dir='ltr'><strong>Si</strong></span> <span class='ocrx_word' id='word_1_358' title='bbox 2306 1959 2401 2030; x_wconf 92' lang='lat' dir='ltr'><strong>qui</strong></span> <span class='ocrx_word' id='word_1_359' title='bbox 2425 1968 2512 2014; x_wconf 92' lang='lat' dir='ltr'><strong>est</strong></span> <span class='ocrx_word' id='word_1_360' title='bbox 2539 1956 2736 2023; x_wconf 88' lang='lat' dir='ltr'><strong>Filius,</strong></span> <span class='ocrx_word' id='word_1_361' title='bbox 2762 1957 2883 2027; x_wconf 91' lang='lat' dir='ltr'><strong>ipse</strong></span> <span class='ocrx_word' id='word_1_362' title='bbox 2903 1972 3128 2028; x_wconf 87' lang='lat' dir='ltr'><strong>quoque</strong></span> <span class='ocrx_word' id='word_1_363' title='bbox 3151 1955 3315 2010; x_wconf 88' lang='lat' dir='ltr'><strong>Pater</strong></span> <span class='ocrx_word' id='word_1_364' title='bbox 3334 1962 3417 2009; x_wconf 90' lang='lat' dir='ltr'><strong>est</strong></span> <span class='ocrx_word' id='word_1_365' title='bbox 3438 1993 3455 2018; x_wconf 92' lang='lat'><strong>,</strong></span> 
     </span>
    </p>
   </div>
   <div class='ocr_carea' id='block_1_47' title="bbox 1870 2047 3457 2122">
    <p class='ocr_par' dir='ltr' id='par_1_47' title="bbox 1870 2047 3457 2122">
     <span class='ocr_line' id='line_1_47' title="bbox 1870 2047 3457 2122; baseline -0.004 -17"><span class='ocrx_word' id='word_1_366' title='bbox 1870 2067 2038 2122; x_wconf 88' lang='lat' dir='ltr'><strong>quam</strong></span> <span class='ocrx_word' id='word_1_367' title='bbox 2085 2054 2359 2108; x_wconf 86' lang='lat' dir='ltr'><strong>rationem</strong></span> <span class='ocrx_word' id='word_1_368' title='bbox 2389 2052 2615 2108; x_wconf 85' lang='lat' dir='ltr'><strong>habebit</strong></span> <span class='ocrx_word' id='word_1_369' title='bbox 2655 2052 2747 2104; x_wconf 88' lang='lat' dir='ltr'><strong>illa</strong></span> <span class='ocrx_word' id='word_1_370' title='bbox 2794 2052 3079 2105; x_wconf 86' lang='lat' dir='ltr'><strong>nominum</strong></span> <span class='ocrx_word' id='word_1_371' title='bbox 3131 2047 3457 2104; x_wconf 87' lang='lat' dir='ltr'><strong>distinctio?</strong></span> 
     </span>
    </p>
   </div>
   <div class='ocr_carea' id='block_1_48' title="bbox 1870 2140 3457 2216">
    <p class='ocr_par' dir='ltr' id='par_1_48' title="bbox 1870 2140 3457 2216">
     <span class='ocr_line' id='line_1_48' title="bbox 1870 2140 3457 2216; baseline -0.003 -19"><span class='ocrx_word' id='word_1_372' title='bbox 1870 2143 2003 2198; x_wconf 86' lang='lat' dir='ltr'><strong>Nam</strong></span> <span class='ocrx_word' id='word_1_373' title='bbox 2030 2162 2077 2200; x_wconf 84' lang='lat' dir='ltr'><strong>SI</strong></span> <span class='ocrx_word' id='word_1_374' title='bbox 2107 2146 2269 2216; x_wconf 81' lang='lat' dir='ltr'><strong>plane</strong></span> <span class='ocrx_word' id='word_1_375' title='bbox 2301 2161 2407 2200; x_wconf 92' lang='lat' dir='ltr'><strong>non</strong></span> <span class='ocrx_word' id='word_1_376' title='bbox 2445 2146 2653 2216; x_wconf 77' lang='lat' dir='ltr'><strong>genuit,</strong></span> <span class='ocrx_word' id='word_1_377' title='bbox 2689 2158 2957 2216; x_wconf 91' lang='lat' dir='ltr'><strong>quorsum</strong></span> <span class='ocrx_word' id='word_1_378' title='bbox 3002 2151 3233 2197; x_wconf 87' lang='lat' dir='ltr'><strong>vocatur</strong></span> <span class='ocrx_word' id='word_1_379' title='bbox 3262 2140 3457 2196; x_wconf 86' lang='lat' dir='ltr'><strong>Pater?</strong></span> 
     </span>
    </p>
   </div>
   <div class='ocr_carea' id='block_1_49' title="bbox 1870 2233 3456 2305">
    <p class='ocr_par' dir='ltr' id='par_1_49' title="bbox 1870 2233 3456 2305">
     <span class='ocr_line' id='line_1_49' title="bbox 1870 2233 3456 2305; baseline -0.002 -15"><span class='ocrx_word' id='word_1_380' title='bbox 1870 2237 2163 2303; x_wconf 91' lang='lat' dir='ltr'><strong>Quomodo</strong></span> <span class='ocrx_word' id='word_1_381' title='bbox 2222 2253 2332 2293; x_wconf 77' lang='lat' dir='ltr'><strong>&#39;ero</strong></span> <span class='ocrx_word' id='word_1_382' title='bbox 2371 2236 2547 2292; x_wconf 80' lang='lat' dir='ltr'><strong>Fil&#39;us</strong></span> <span class='ocrx_word' id='word_1_383' title='bbox 2584 2248 2687 2303; x_wconf 87' lang='lat' dir='ltr'><strong>est,</strong></span> <span class='ocrx_word' id='word_1_384' title='bbox 2722 2237 2766 2292; x_wconf 88' lang='lat' dir='ltr'><strong>si</strong></span> <span class='ocrx_word' id='word_1_385' title='bbox 2798 2252 2907 2290; x_wconf 92' lang='lat' dir='ltr'><strong>non</strong></span> <span class='ocrx_word' id='word_1_386' title='bbox 2936 2243 3019 2291; x_wconf 90' lang='lat' dir='ltr'><strong>est</strong></span> <span class='ocrx_word' id='word_1_387' title='bbox 3051 2250 3080 2289; x_wconf 90' lang='lat' dir='ltr'><strong>a</strong></span> <span class='ocrx_word' id='word_1_388' title='bbox 3114 2233 3277 2289; x_wconf 83' lang='lat' dir='ltr'><strong>Patre</strong></span> <span class='ocrx_word' id='word_1_389' title='bbox 3298 2233 3456 2305; x_wconf 81' lang='lat' dir='ltr'><strong>geni-</strong></span> 
     </span>
    </p>
   </div>
   <div class='ocr_carea' id='block_1_50' title="bbox 1872 2328 3456 2400">
    <p class='ocr_par' dir='ltr' id='par_1_50' title="bbox 1872 2328 3456 2400">
     <span class='ocr_line' id='line_1_50' title="bbox 1872 2328 3456 2400; baseline -0.003 -17"><span class='ocrx_word' id='word_1_390' title='bbox 1872 2330 2002 2387; x_wconf 71' lang='lat' dir='ltr'><strong>tus?</strong></span> <span class='ocrx_word' id='word_1_391' title='bbox 2033 2328 2247 2385; x_wconf 83' lang='lat' dir='ltr'><strong>[labent</strong></span> <span class='ocrx_word' id='word_1_392' title='bbox 2277 2331 2424 2385; x_wconf 92' lang='lat' dir='ltr'><strong>enim</strong></span> <span class='ocrx_word' id='word_1_393' title='bbox 2473 2331 2529 2384; x_wconf 93' lang='lat' dir='ltr'><strong>in</strong></span> <span class='ocrx_word' id='word_1_394' title='bbox 2583 2330 2782 2400; x_wconf 87' lang='lat' dir='ltr'><strong>seipsis</strong></span> <span class='ocrx_word' id='word_1_395' title='bbox 2818 2330 2910 2384; x_wconf 90' lang='lat' dir='ltr'><strong>illa</strong></span> <span class='ocrx_word' id='word_1_396' title='bbox 2952 2329 3220 2383; x_wconf 84' lang='lat' dir='ltr'><strong>vocabula</strong></span> <span class='ocrx_word' id='word_1_397' title='bbox 3253 2340 3456 2381; x_wconf 84' lang='lat' dir='ltr'><strong>neces-</strong></span> 
     </span>
    </p>
   </div>
   <div class='ocr_carea' id='block_1_51' title="bbox 1872 2420 3457 2490">
    <p class='ocr_par' dir='ltr' id='par_1_51' title="bbox 1872 2420 3457 2490">
     <span class='ocr_line' id='line_1_51' title="bbox 1872 2420 3457 2490; baseline -0.003 -13"><span class='ocrx_word' id='word_1_398' title='bbox 1872 2436 2021 2477; x_wconf 87' lang='lat' dir='ltr'><strong>sario</strong></span> <span class='ocrx_word' id='word_1_399' title='bbox 2053 2422 2215 2476; x_wconf 89' lang='lat' dir='ltr'><strong>talem</strong></span> <span class='ocrx_word' id='word_1_400' title='bbox 2246 2422 2605 2476; x_wconf 88' lang='lat' dir='ltr'><strong>intellectum.</strong></span> <span class='ocrx_word' id='word_1_401' title='bbox 2634 2422 2769 2476; x_wconf 84' lang='lat' dir='ltr'><strong>Cum</strong></span> <span class='ocrx_word' id='word_1_402' title='bbox 2813 2428 2994 2475; x_wconf 88' lang='lat' dir='ltr'><strong>autem</strong></span> <span class='ocrx_word' id='word_1_403' title='bbox 3044 2420 3284 2490; x_wconf 80' lang='lat' dir='ltr'><strong>genitum</strong></span> <span class='ocrx_word' id='word_1_404' title='bbox 3331 2434 3457 2473; x_wconf 85' lang='lat' dir='ltr'><strong>esse</strong></span> 
     </span>
    </p>
   </div>
   <div class='ocr_carea' id='block_1_52' title="bbox 1871 2510 3457 2582">
    <p class='ocr_par' dir='ltr' id='par_1_52' title="bbox 1871 2510 3457 2582">
     <span class='ocr_line' id='line_1_52' title="bbox 1871 2510 3457 2582; baseline -0.001 -17"><span class='ocrx_word' id='word_1_405' title='bbox 1871 2511 2068 2567; x_wconf 87' lang='lat' dir='ltr'><strong>Filium</strong></span> <span class='ocrx_word' id='word_1_406' title='bbox 2103 2511 2307 2566; x_wconf 63' lang='lat' dir='ltr'><strong>divinae</strong></span> <span class='ocrx_word' id='word_1_407' title='bbox 2336 2510 2636 2582; x_wconf 61' lang='lat' dir='ltr'><strong>Scriptura:</strong></span> <span class='ocrx_word' id='word_1_408' title='bbox 2672 2512 2995 2582; x_wconf 67' lang='lat' dir='ltr'><strong>praedicent,</strong></span> <span class='ocrx_word' id='word_1_409' title='bbox 3020 2520 3073 2565; x_wconf 91' lang='lat' dir='ltr'><strong>et</strong></span> <span class='ocrx_word' id='word_1_410' title='bbox 3111 2511 3184 2564; x_wconf 85' lang='lat' dir='ltr'><strong>ita</strong></span> <span class='ocrx_word' id='word_1_411' title='bbox 3214 2526 3302 2565; x_wconf 91' lang='lat' dir='ltr'><strong>res</strong></span> <span class='ocrx_word' id='word_1_412' title='bbox 3329 2524 3457 2564; x_wconf 84' lang='lat' dir='ltr'><strong>vere</strong></span> 
     </span>
    </p>
   </div>
   <div class='ocr_carea' id='block_1_53' title="bbox 1871 2602 3456 2675">
    <p class='ocr_par' dir='ltr' id='par_1_53' title="bbox 1871 2602 3456 2675">
     <span class='ocr_line' id='line_1_53' title="bbox 1871 2602 3456 2675; baseline -0.004 -15"><span class='ocrx_word' id='word_1_413' title='bbox 1871 2605 1944 2660; x_wconf 88' lang='lat' dir='ltr'><strong>sit</strong></span> <span class='ocrx_word' id='word_1_414' title='bbox 1979 2646 1992 2659; x_wconf 93' lang='lat'><strong>.</strong></span> <span class='ocrx_word' id='word_1_415' title='bbox 2046 2604 2306 2659; x_wconf 88' lang='lat' dir='ltr'><strong>subsistit</strong></span> <span class='ocrx_word' id='word_1_416' title='bbox 2336 2604 2529 2674; x_wconf 84' lang='lat' dir='ltr'><strong>utique</strong></span> <span class='ocrx_word' id='word_1_417' title='bbox 2578 2604 2632 2658; x_wconf 93' lang='lat' dir='ltr'><strong>in</strong></span> <span class='ocrx_word' id='word_1_418' title='bbox 2675 2605 2882 2675; x_wconf 87' lang='lat' dir='ltr'><strong>seipso.</strong></span> <span class='ocrx_word' id='word_1_419' title='bbox 2925 2602 2991 2656; x_wconf 89' lang='lat' dir='ltr'><strong>Et</strong></span> <span class='ocrx_word' id='word_1_420' title='bbox 3025 2604 3268 2658; x_wconf 86' lang='lat' dir='ltr'><strong>vicissim</strong></span> <span class='ocrx_word' id='word_1_421' title='bbox 3318 2616 3456 2671; x_wconf 82' lang='lat' dir='ltr'><strong>quo-</strong></span> 
     </span>
    </p>
   </div>
   <div class='ocr_carea' id='block_1_54' title="bbox 1870 2695 3454 2768">
    <p class='ocr_par' dir='ltr' id='par_1_54' title="bbox 1870 2695 3454 2768">
     <span class='ocr_line' id='line_1_54' title="bbox 1870 2695 3454 2768; baseline -0.003 -18"><span class='ocrx_word' id='word_1_422' title='bbox 1870 2712 1979 2768; x_wconf 90' lang='lat' dir='ltr'><strong>que</strong></span> <span class='ocrx_word' id='word_1_423' title='bbox 2022 2697 2383 2767; x_wconf 81' lang='lat' dir='ltr'><strong>singulariter</strong></span> <span class='ocrx_word' id='word_1_424' title='bbox 2413 2704 2496 2750; x_wconf 91' lang='lat' dir='ltr'><strong>est</strong></span> <span class='ocrx_word' id='word_1_425' title='bbox 2527 2695 2691 2750; x_wconf 82' lang='lat' dir='ltr'><strong>Pater</strong></span> <span class='ocrx_word' id='word_1_426' title='bbox 2728 2715 2741 2750; x_wconf 90' lang='lat'>:</span> <span class='ocrx_word' id='word_1_427' title='bbox 2784 2695 3056 2764; x_wconf 87' lang='lat' dir='ltr'><strong>siquidem</strong></span> <span class='ocrx_word' id='word_1_428' title='bbox 3107 2695 3342 2748; x_wconf 87' lang='lat' dir='ltr'><strong>alterum</strong></span> <span class='ocrx_word' id='word_1_429' title='bbox 3386 2709 3454 2747; x_wconf 85' lang='lat' dir='ltr'><strong>ex</strong></span> 
     </span>
    </p>
   </div>
   <div class='ocr_carea' id='block_1_55' title="bbox 1872 2785 3453 2857">
    <p class='ocr_par' dir='ltr' id='par_1_55' title="bbox 1872 2785 3453 2857">
     <span class='ocr_line' id='line_1_55' title="bbox 1872 2785 3453 2857; baseline -0.001 -19"><span class='ocrx_word' id='word_1_430' title='bbox 1872 2787 2049 2840; x_wconf 86' lang='lat' dir='ltr'><strong>altero</strong></span> <span class='ocrx_word' id='word_1_431' title='bbox 2078 2787 2424 2856; x_wconf 51' lang='lat' dir='ltr'><strong>tie-noscitur,</strong></span> <span class='ocrx_word' id='word_1_432' title='bbox 2450 2785 2503 2839; x_wconf 90' lang='lat' dir='ltr'><strong>id</strong></span> <span class='ocrx_word' id='word_1_433' title='bbox 2528 2803 2559 2857; x_wconf 93' lang='lat' dir='ltr'><strong>q</strong></span> <span class='ocrx_word' id='word_1_434' title='bbox 2587 2785 2676 2840; x_wconf 91' lang='lat' dir='ltr'><strong>iod</strong></span> <span class='ocrx_word' id='word_1_435' title='bbox 2706 2793 2789 2841; x_wconf 87' lang='lat' dir='ltr'><strong>est</strong></span> <span class='ocrx_word' id='word_1_436' title='bbox 2816 2787 3060 2857; x_wconf 80' lang='lat' dir='ltr'><strong>genitum</strong></span> <span class='ocrx_word' id='word_1_437' title='bbox 3092 2785 3359 2840; x_wconf 88' lang='lat' dir='ltr'><strong>relatione</strong></span> <span class='ocrx_word' id='word_1_438' title='bbox 3387 2786 3453 2836; x_wconf 86' lang='lat' dir='ltr'><strong>ad</strong></span> 
     </span>
    </p>
   </div>
   <div class='ocr_carea' id='block_1_56' title="bbox 1869 2878 2343 2950">
    <p class='ocr_par' dir='ltr' id='par_1_56' title="bbox 1869 2878 2343 2950">
     <span class='ocr_line' id='line_1_56' title="bbox 1869 2878 2343 2950; baseline 0 -17"><span class='ocrx_word' id='word_1_439' title='bbox 1869 2878 1922 2933; x_wconf 89' lang='lat' dir='ltr'><strong>id</strong></span> <span class='ocrx_word' id='word_1_440' title='bbox 1951 2879 2097 2950; x_wconf 88' lang='lat' dir='ltr'><strong>quod</strong></span> <span class='ocrx_word' id='word_1_441' title='bbox 2132 2892 2343 2949; x_wconf 76' lang='lat' dir='ltr'><strong>genuit.</strong></span> 
     </span>
    </p>
   </div>
   <div class='ocr_carea' id='block_1_57' title="bbox 1937 2968 3455 3043">
    <p class='ocr_par' dir='ltr' id='par_1_57' title="bbox 1937 2968 3455 3043">
     <span class='ocr_line' id='line_1_57' title="bbox 1937 2968 3455 3043; baseline 0 -19"><span class='ocrx_word' id='word_1_442' title='bbox 1937 2971 2167 3026; x_wconf 80' lang='lat' dir='ltr'><strong>ALIUD.</strong></span> <span class='ocrx_word' id='word_1_443' title='bbox 2212 2973 2413 3027; x_wconf 80' lang='lat' dir='ltr'><strong>Beatus</strong></span> <span class='ocrx_word' id='word_1_444' title='bbox 2446 2972 2651 3027; x_wconf 88' lang='lat' dir='ltr'><strong>Paulus</strong></span> <span class='ocrx_word' id='word_1_445' title='bbox 2683 2971 2749 3026; x_wconf 86' lang='lat' dir='ltr'><strong>ad</strong></span> <span class='ocrx_word' id='word_1_446' title='bbox 2786 2970 3172 3043; x_wconf 88' lang='lat' dir='ltr'><strong>Philippenses</strong></span> <span class='ocrx_word' id='word_1_447' title='bbox 3202 2968 3455 3025; x_wconf 79' lang='lat' dir='ltr'><strong>scribens</strong></span> 
     </span>
    </p>
   </div>
   <div class='ocr_carea' id='block_1_58' title="bbox 1870 3063 3455 3131">
    <p class='ocr_par' dir='ltr' id='par_1_58' title="bbox 1870 3063 3455 3131">
     <span class='ocr_line' id='line_1_58' title="bbox 1870 3063 3455 3131; baseline -0.002 -14"><span class='ocrx_word' id='word_1_448' title='bbox 1870 3064 1947 3117; x_wconf 89' lang='lat' dir='ltr'><strong>ait</strong></span> <span class='ocrx_word' id='word_1_449' title='bbox 1978 3063 2044 3119; x_wconf 92' lang='lat' dir='ltr'><strong>de</strong></span> <span class='ocrx_word' id='word_1_450' title='bbox 2096 3064 2235 3119; x_wconf 90' lang='lat' dir='ltr'><strong>Filio</strong></span> <span class='ocrx_word' id='word_1_451' title='bbox 2268 3082 2279 3117; x_wconf 93' lang='lat'>:</span> <span class='ocrx_word' id='word_1_452' title='bbox 2309 3084 2327 3115; x_wconf 79' lang='grc' dir='ltr'><strong>ι</strong></span> <span class='ocrx_word' id='word_1_453' title='bbox 2363 3064 2622 3131; x_wconf 89' lang='lat' dir='ltr'><strong>Quicum</strong></span> <span class='ocrx_word' id='word_1_454' title='bbox 2668 3066 2722 3119; x_wconf 91' lang='lat' dir='ltr'><strong>in</strong></span> <span class='ocrx_word' id='word_1_455' title='bbox 2774 3064 2952 3120; x_wconf 77' lang='lat' dir='ltr'><strong>forma</strong></span> <span class='ocrx_word' id='word_1_456' title='bbox 2996 3063 3088 3117; x_wconf 85' lang='lat' dir='ltr'><strong>Dei</strong></span> <span class='ocrx_word' id='word_1_457' title='bbox 3137 3074 3307 3129; x_wconf 89' lang='lat' dir='ltr'><strong>esset,</strong></span> <span class='ocrx_word' id='word_1_458' title='bbox 3344 3078 3455 3116; x_wconf 89' lang='lat' dir='ltr'><strong>non</strong></span> 
     </span>
    </p>
   </div>
   <div class='ocr_carea' id='block_1_59' title="bbox 170 3152 1764 3263">
    <p class='ocr_par' dir='ltr' id='par_1_59' title="bbox 170 3162 1759 3239">
     <span class='ocr_line' id='line_1_59' title="bbox 170 3162 1759 3239; baseline 0.004 -24"><span class='ocrx_word' id='word_1_459' title='bbox 170 3164 459 3235; x_wconf 77' lang='grc' dir='ltr'><strong>ὑπάρχων,</strong></span> <span class='ocrx_word' id='word_1_460' title='bbox 495 3165 595 3235; x_wconf 79' lang='grc' dir='ltr'><strong>οὑχ</strong></span> <span class='ocrx_word' id='word_1_461' title='bbox 624 3164 916 3234; x_wconf 79' lang='grc' dir='ltr'>ἁρπαγμὸν</span> <span class='ocrx_word' id='word_1_462' title='bbox 941 3166 1187 3236; x_wconf 81' lang='grc' dir='ltr'>ἡγήσατο</span> <span class='ocrx_word' id='word_1_463' title='bbox 1216 3166 1277 3217; x_wconf 81' lang='grc' dir='ltr'>τὸ</span> <span class='ocrx_word' id='word_1_464' title='bbox 1307 3162 1447 3218; x_wconf 65' lang='grc' dir='ltr'>εἶναι</span> <span class='ocrx_word' id='word_1_465' title='bbox 1471 3162 1561 3220; x_wconf 76' lang='grc' dir='ltr'>ἶσα</span> <span class='ocrx_word' id='word_1_466' title='bbox 1589 3168 1759 3239; x_wconf 74' lang='grc' dir='ltr'>Θεῷ.)</span> 
     </span>
    </p>
   </div>
   <div class='ocr_carea' id='block_1_60' title="bbox 1868 3152 3450 3263">
    <p class='ocr_par' dir='ltr' id='par_1_60' title="bbox 1874 3152 3450 3228">
     <span class='ocr_line' id='line_1_60' title="bbox 1874 3152 3450 3228; baseline -0.004 -18"><span class='ocrx_word' id='word_1_467' title='bbox 1874 3157 2123 3228; x_wconf 85' lang='lat' dir='ltr'><strong>rapinam</strong></span> <span class='ocrx_word' id='word_1_468' title='bbox 2163 3158 2471 3212; x_wconf 88' lang='lat' dir='ltr'><strong>arbitratus</strong></span> <span class='ocrx_word' id='word_1_469' title='bbox 2498 3165 2582 3212; x_wconf 89' lang='lat' dir='ltr'><strong>est</strong></span> <span class='ocrx_word' id='word_1_470' title='bbox 2626 3167 2749 3212; x_wconf 85' lang='lat' dir='ltr'><strong>esse</strong></span> <span class='ocrx_word' id='word_1_471' title='bbox 2780 3171 2839 3210; x_wconf 88' lang='lat' dir='ltr'><strong>se</strong></span> <span class='ocrx_word' id='word_1_472' title='bbox 2867 3156 3136 3225; x_wconf 62' lang='lat' dir='ltr'><strong>aequalem</strong></span> <span class='ocrx_word' id='word_1_473' title='bbox 3178 3152 3293 3208; x_wconf 89' lang='lat' dir='ltr'><strong>Deo</strong></span> <span class='ocrx_word' id='word_1_474' title='bbox 3321 3154 3386 3205; x_wconf 89' lang='grc'><strong>³³.</strong></span> <span class='ocrx_word' id='word_1_475' title='bbox 3431 3173 3450 3204; x_wconf 71' lang='grc' dir='ltr'><strong>ι</strong></span> 
     </span>
    </p>
   </div>
   <div class='ocr_carea' id='block_1_61' title="bbox 171 3250 1767 3330">
    <p class='ocr_par' dir='ltr' id='par_1_61' title="bbox 171 3250 1767 3330">
     <span class='ocr_line' id='line_1_61' title="bbox 171 3250 1767 3330; baseline 0.005 -25"><span class='ocrx_word' id='word_1_476' title='bbox 171 3254 265 3317; x_wconf 80' lang='grc' dir='ltr'>Τίς</span> <span class='ocrx_word' id='word_1_477' title='bbox 292 3250 390 3307; x_wconf 65' lang='grc' dir='ltr'><strong>οὖν</strong></span> <span class='ocrx_word' id='word_1_478' title='bbox 431 3253 540 3323; x_wconf 81' lang='grc' dir='ltr'>ἄρα</span> <span class='ocrx_word' id='word_1_479' title='bbox 572 3255 720 3307; x_wconf 57' lang='grc' dir='ltr'>ἐστιν</span> <span class='ocrx_word' id='word_1_480' title='bbox 747 3257 774 3307; x_wconf 90' lang='lat'><strong>6</strong></span> <span class='ocrx_word' id='word_1_481' title='bbox 793 3256 1089 3326; x_wconf 81' lang='grc' dir='ltr'>ἁρπαγμὸν</span> <span class='ocrx_word' id='word_1_482' title='bbox 1111 3256 1173 3309; x_wconf 87' lang='grc' dir='ltr'><strong>οὑ</strong></span> <span class='ocrx_word' id='word_1_483' title='bbox 1198 3256 1432 3328; x_wconf 70' lang='grc' dir='ltr'>θελήσας</span> <span class='ocrx_word' id='word_1_484' title='bbox 1458 3260 1767 3330; x_wconf 80' lang='grc' dir='ltr'>ἡγήσασθαι</span> 
     </span>
    </p>
   </div>
   <div class='ocr_carea' id='block_1_62' title="bbox 169 3340 1766 3421">
    <p class='ocr_par' dir='ltr' id='par_1_62' title="bbox 169 3340 1766 3421">
     <span class='ocr_line' id='line_1_62' title="bbox 169 3340 1766 3421; baseline 0.005 -25"><span class='ocrx_word' id='word_1_485' title='bbox 169 3345 230 3396; x_wconf 76' lang='grc' dir='ltr'><strong>τὸ</strong></span> <span class='ocrx_word' id='word_1_486' title='bbox 275 3340 421 3399; x_wconf 81' lang='grc' dir='ltr'>εἶναι</span> <span class='ocrx_word' id='word_1_487' title='bbox 468 3342 562 3398; x_wconf 74' lang='grc' dir='ltr'>ἶσα</span> <span class='ocrx_word' id='word_1_488' title='bbox 592 3345 747 3417; x_wconf 78' lang='grc' dir='ltr'><strong>Θεῷ;</strong></span> <span class='ocrx_word' id='word_1_489' title='bbox 785 3347 855 3399; x_wconf 87' lang='grc' dir='ltr'><em>Ἢ</em></span> <span class='ocrx_word' id='word_1_490' title='bbox 909 3346 1020 3417; x_wconf 84' lang='grc' dir='ltr'>γὰρ</span> <span class='ocrx_word' id='word_1_491' title='bbox 1050 3349 1150 3401; x_wconf 84' lang='grc' dir='ltr'><strong>οὑκ</strong></span> <span class='ocrx_word' id='word_1_492' title='bbox 1183 3348 1395 3421; x_wconf 82' lang='grc' dir='ltr'>ἀνάγκη</span> <span class='ocrx_word' id='word_1_493' title='bbox 1444 3350 1643 3419; x_wconf 83' lang='grc' dir='ltr'>λέγειν,</span> <span class='ocrx_word' id='word_1_494' title='bbox 1672 3352 1766 3404; x_wconf 74' lang='grc' dir='ltr'>ἕνα</span> 
     </span>
    </p>
   </div>
   <div class='ocr_carea' id='block_1_63' title="bbox 171 3438 1769 3513">
    <p class='ocr_par' dir='ltr' id='par_1_63' title="bbox 171 3438 1769 3513">
     <span class='ocr_line' id='line_1_63' title="bbox 171 3438 1769 3513; baseline 0.003 -22"><span class='ocrx_word' id='word_1_495' title='bbox 171 3438 272 3508; x_wconf 86' lang='grc' dir='ltr'>μέν</span> <span class='ocrx_word' id='word_1_496' title='bbox 305 3456 431 3491; x_wconf 87' lang='grc' dir='ltr'>τινα</span> <span class='ocrx_word' id='word_1_497' title='bbox 462 3439 729 3510; x_wconf 81' lang='grc' dir='ltr'>ὑπάρχειν</span> <span class='ocrx_word' id='word_1_498' title='bbox 762 3439 853 3491; x_wconf 77' lang='grc' dir='ltr'><strong>τὸν</strong></span> <span class='ocrx_word' id='word_1_499' title='bbox 880 3441 939 3493; x_wconf 81' lang='grc' dir='ltr'>ὲν</span> <span class='ocrx_word' id='word_1_500' title='bbox 973 3442 1154 3511; x_wconf 84' lang='grc' dir='ltr'>μορφῇ</span> <span class='ocrx_word' id='word_1_501' title='bbox 1179 3440 1335 3504; x_wconf 83' lang='grc' dir='ltr'>Θεοῦ,</span> <span class='ocrx_word' id='word_1_502' title='bbox 1360 3441 1546 3513; x_wconf 77' lang='grc' dir='ltr'>ἕτερον</span> <span class='ocrx_word' id='word_1_503' title='bbox 1575 3443 1631 3495; x_wconf 85' lang='grc' dir='ltr'>δὲ</span> <span class='ocrx_word' id='word_1_504' title='bbox 1664 3443 1769 3495; x_wconf 86' lang='grc' dir='ltr'>πά-</span> 
     </span>
    </p>
   </div>
   <div class='ocr_carea' id='block_1_64' title="bbox 170 3521 1767 3601">
    <p class='ocr_par' dir='ltr' id='par_1_64' title="bbox 170 3521 1767 3601">
     <span class='ocr_line' id='line_1_64' title="bbox 170 3521 1767 3601; baseline 0.004 -22"><span class='ocrx_word' id='word_1_505' title='bbox 170 3528 254 3580; x_wconf 75' lang='grc' dir='ltr'><strong>λιν</strong></span> <span class='ocrx_word' id='word_1_506' title='bbox 308 3528 403 3582; x_wconf 74' lang='grc' dir='ltr'>τὸν</span> <span class='ocrx_word' id='word_1_507' title='bbox 436 3521 609 3599; x_wconf 71' lang='grc' dir='ltr'>οὗπερ</span> <span class='ocrx_word' id='word_1_508' title='bbox 652 3525 718 3599; x_wconf 76' lang='grc' dir='ltr'>ἦν</span> <span class='ocrx_word' id='word_1_509' title='bbox 757 3531 789 3600; x_wconf 78' lang='grc' dir='ltr'>ἡ</span> <span class='ocrx_word' id='word_1_510' title='bbox 824 3530 1005 3600; x_wconf 58' lang='grc' dir='ltr'>μορᾳή</span> <span class='ocrx_word' id='word_1_511' title='bbox 1034 3545 1047 3593; x_wconf 90' lang='grc'>;</span> <span class='ocrx_word' id='word_1_512' title='bbox 1094 3529 1233 3582; x_wconf 80' lang='grc' dir='ltr'>Ἀλλ’</span> <span class='ocrx_word' id='word_1_513' title='bbox 1264 3530 1378 3584; x_wconf 80' lang='grc' dir='ltr'>ἐστι</span> <span class='ocrx_word' id='word_1_514' title='bbox 1411 3531 1567 3601; x_wconf 76' lang='grc' dir='ltr'>δῆλον</span> <span class='ocrx_word' id='word_1_515' title='bbox 1596 3534 1767 3586; x_wconf 76' lang='grc' dir='ltr'>ἅπασι</span> 
     </span>
    </p>
   </div>
   <div class='ocr_carea' id='block_1_65' title="bbox 172 3620 1767 3695">
    <p class='ocr_par' dir='ltr' id='par_1_65' title="bbox 172 3620 1767 3695">
     <span class='ocr_line' id='line_1_65' title="bbox 172 3620 1767 3695; baseline 0.003 -23"><span class='ocrx_word' id='word_1_516' title='bbox 172 3623 265 3672; x_wconf 74' lang='grc' dir='ltr'><strong>καὶ</strong></span> <span class='ocrx_word' id='word_1_517' title='bbox 295 3620 755 3691; x_wconf 64' lang='grc' dir='ltr'>ὁμολογοῦμςνον.</span> <span class='ocrx_word' id='word_1_518' title='bbox 788 3620 964 3673; x_wconf 68' lang='grc' dir='ltr'><strong>Οὑκοῦ</strong></span> <span class='ocrx_word' id='word_1_519' title='bbox 1031 3622 1128 3691; x_wconf 90' lang='grc' dir='ltr'><strong>οὑχ</strong></span> <span class='ocrx_word' id='word_1_520' title='bbox 1157 3621 1217 3674; x_wconf 87' lang='grc' dir='ltr'><strong>’⁸ν</strong></span> <span class='ocrx_word' id='word_1_521' title='bbox 1244 3640 1295 3675; x_wconf 92' lang='grc' dir='ltr'><strong>τι</strong></span> <span class='ocrx_word' id='word_1_522' title='bbox 1340 3626 1433 3676; x_wconf 80' lang='grc' dir='ltr'><strong>καὶ</strong></span> <span class='ocrx_word' id='word_1_523' title='bbox 1461 3625 1657 3677; x_wconf 84' lang='grc' dir='ltr'>ταυτὸν</span> <span class='ocrx_word' id='word_1_524' title='bbox 1690 3625 1767 3695; x_wconf 81' lang='grc' dir='ltr'><strong>τῷ</strong></span> 
     </span>
    </p>
   </div>
   <div class='ocr_carea' id='block_1_66' title="bbox 170 3711 1766 3784">
    <p class='ocr_par' dir='ltr' id='par_1_66' title="bbox 170 3711 1766 3784">
     <span class='ocr_line' id='line_1_66' title="bbox 170 3711 1766 3784; baseline 0.005 -21"><span class='ocrx_word' id='word_1_525' title='bbox 170 3711 393 3783; x_wconf 81' lang='grc' dir='ltr'>ἀριθμῷ</span> <span class='ocrx_word' id='word_1_526' title='bbox 450 3714 639 3784; x_wconf 79' lang='grc' dir='ltr'>Πατήρ</span> <span class='ocrx_word' id='word_1_527' title='bbox 686 3712 782 3767; x_wconf 74' lang='grc' dir='ltr'>καὶ</span> <span class='ocrx_word' id='word_1_528' title='bbox 829 3712 1115 3777; x_wconf 80' lang='grc' dir='ltr'>Υίὸς,ἀλλ’</span> <span class='ocrx_word' id='word_1_529' title='bbox 1160 3713 1545 3781; x_wconf 78' lang='grc' dir='ltr'>ίδιοσύστατοι,</span> <span class='ocrx_word' id='word_1_530' title='bbox 1575 3718 1667 3769; x_wconf 72' lang='grc' dir='ltr'><strong>καὶ</strong></span> <span class='ocrx_word' id='word_1_531' title='bbox 1708 3720 1766 3771; x_wconf 80' lang='grc' dir='ltr'>ἐν</span> 
     </span>
    </p>
   </div>
   <div class='ocr_carea' id='block_1_67' title="bbox 170 3803 1765 3878">
    <p class='ocr_par' dir='ltr' id='par_1_67' title="bbox 170 3803 1765 3878">
     <span class='ocr_line' id='line_1_67' title="bbox 170 3803 1765 3878; baseline 0.004 -24"><span class='ocrx_word' id='word_1_532' title='bbox 170 3803 426 3874; x_wconf 60' lang='grc' dir='ltr'>ἀλλήλοις</span> <span class='ocrx_word' id='word_1_533' title='bbox 456 3803 822 3876; x_wconf 81' lang='grc' dir='ltr'>θεωρουμενοι</span> <span class='ocrx_word' id='word_1_534' title='bbox 842 3844 855 3868; x_wconf 92' lang='grc'><strong>,</strong></span> <span class='ocrx_word' id='word_1_535' title='bbox 888 3804 1032 3858; x_wconf 87' lang='grc' dir='ltr'><strong>κατά</strong></span> <span class='ocrx_word' id='word_1_536' title='bbox 1060 3807 1159 3878; x_wconf 80' lang='grc' dir='ltr'>τὴν</span> <span class='ocrx_word' id='word_1_537' title='bbox 1208 3806 1516 3877; x_wconf 75' lang='grc' dir='ltr'>ταυτό-ητα</span> <span class='ocrx_word' id='word_1_538' title='bbox 1541 3807 1642 3877; x_wconf 84' lang='grc' dir='ltr'>τῆς</span> <span class='ocrx_word' id='word_1_539' title='bbox 1674 3809 1765 3861; x_wconf 84' lang='grc' dir='ltr'>οὑ-</span> 
     </span>
    </p>
   </div>
   <div class='ocr_carea' id='block_1_68' title="bbox 173 3890 1761 3973">
    <p class='ocr_par' dir='ltr' id='par_1_68' title="bbox 173 3890 1761 3973">
     <span class='ocr_line' id='line_1_68' title="bbox 173 3890 1761 3973; baseline 0.004 -25"><span class='ocrx_word' id='word_1_540' title='bbox 173 3896 289 3959; x_wconf 69' lang='lat' dir='ltr'><strong>aia,</strong></span> <span class='ocrx_word' id='word_1_541' title='bbox 315 3935 331 3961; x_wconf 92' lang='lat'><strong>,</strong></span> <span class='ocrx_word' id='word_1_542' title='bbox 366 3897 414 3949; x_wconf 89' lang='grc' dir='ltr'>.ί</span> <span class='ocrx_word' id='word_1_543' title='bbox 521 3897 543 3949; x_wconf 73' lang='grc' dir='ltr'><strong>ἰ</strong></span> <span class='ocrx_word' id='word_1_544' title='bbox 612 3890 664 3959; x_wconf 63' lang='grc' dir='ltr'>ῖς</span> <span class='ocrx_word' id='word_1_545' title='bbox 708 3896 768 3962; x_wconf 80' lang='grc' dir='ltr'><strong>ἐξ</strong></span> <span class='ocrx_word' id='word_1_546' title='bbox 800 3896 917 3961; x_wconf 82' lang='grc' dir='ltr'>ἐνὸς</span> <span class='ocrx_word' id='word_1_547' title='bbox 982 3898 1047 3951; x_wconf 85' lang='grc' dir='ltr'>ἐκ</span> <span class='ocrx_word' id='word_1_548' title='bbox 1084 3897 1296 3969; x_wconf 79' lang='grc' dir='ltr'>Πατρδς</span> <span class='ocrx_word' id='word_1_549' title='bbox 1328 3900 1355 3952; x_wconf 94' lang='lat'><strong>6</strong></span> <span class='ocrx_word' id='word_1_550' title='bbox 1382 3899 1511 3964; x_wconf 77' lang='grc' dir='ltr'>Υἱὸς</span> <span class='ocrx_word' id='word_1_551' title='bbox 1538 3900 1761 3973; x_wconf 86' lang='grc' dir='ltr'>δηλαδή.</span> 
     </span>
    </p>
   </div>
   <div class='ocr_carea' id='block_1_69' title="bbox 250 4159 1765 4234">
    <p class='ocr_par' dir='ltr' id='par_1_69' title="bbox 250 4159 1765 4234">
     <span class='ocr_line' id='line_1_69' title="bbox 250 4159 1765 4234; baseline 0.005 -23"><span class='ocrx_word' id='word_1_552' title='bbox 250 4161 480 4213; x_wconf 68' lang='lat' dir='ltr'><strong>&#39;AAAO.</strong></span> <span class='ocrx_word' id='word_1_553' title='bbox 510 4178 528 4211; x_wconf 84' lang='grc' dir='ltr'><strong>ι</strong></span> <span class='ocrx_word' id='word_1_554' title='bbox 578 4160 720 4228; x_wconf 85' lang='grc' dir='ltr'><strong>Ἐγὼ</strong></span> <span class='ocrx_word' id='word_1_555' title='bbox 743 4160 838 4213; x_wconf 68' lang='grc' dir='ltr'><strong>καὶ</strong></span> <span class='ocrx_word' id='word_1_556' title='bbox 867 4162 896 4213; x_wconf 94' lang='lat'><strong>6</strong></span> <span class='ocrx_word' id='word_1_557' title='bbox 921 4159 1110 4232; x_wconf 81' lang='grc' dir='ltr'>Πατὴρ</span> <span class='ocrx_word' id='word_1_558' title='bbox 1144 4161 1202 4214; x_wconf 78' lang='grc' dir='ltr'>ἓν</span> <span class='ocrx_word' id='word_1_559' title='bbox 1241 4163 1431 4233; x_wconf 77' lang='grc' dir='ltr'>ἐσμεν,</span> <span class='ocrx_word' id='word_1_560' title='bbox 1471 4183 1488 4216; x_wconf 79' lang='grc' dir='ltr'><strong>ι</strong></span> <span class='ocrx_word' id='word_1_561' title='bbox 1524 4163 1765 4234; x_wconf 76' lang='grc' dir='ltr'>ἔφασκεν</span> 
     </span>
    </p>
   </div>
   <div class='ocr_carea' id='block_1_70' title="bbox 168 4253 1766 4327">
    <p class='ocr_par' dir='ltr' id='par_1_70' title="bbox 168 4253 1766 4327">
     <span class='ocr_line' id='line_1_70' title="bbox 168 4253 1766 4327; baseline -0.005 -20"><span class='ocrx_word' id='word_1_562' title='bbox 168 4254 200 4307; x_wconf 80' lang='lat'><strong>6</strong></span> <span class='ocrx_word' id='word_1_563' title='bbox 237 4255 463 4324; x_wconf 83' lang='grc' dir='ltr'>Σωτήρ·</span> <span class='ocrx_word' id='word_1_564' title='bbox 497 4253 571 4315; x_wconf 82' lang='grc' dir='ltr'><strong>ὡς</strong></span> <span class='ocrx_word' id='word_1_565' title='bbox 604 4253 762 4318; x_wconf 84' lang='grc' dir='ltr'>είδὼς</span> <span class='ocrx_word' id='word_1_566' title='bbox 792 4254 1035 4324; x_wconf 84' lang='grc' dir='ltr'>δηλονότι</span> <span class='ocrx_word' id='word_1_567' title='bbox 1072 4256 1166 4307; x_wconf 72' lang='grc' dir='ltr'><strong>καὶ</strong></span> <span class='ocrx_word' id='word_1_568' title='bbox 1216 4256 1412 4308; x_wconf 78' lang='grc' dir='ltr'>ἑαυτὸν</span> <span class='ocrx_word' id='word_1_569' title='bbox 1474 4258 1618 4321; x_wconf 80' lang='grc' dir='ltr'>ἰδίως</span> <span class='ocrx_word' id='word_1_570' title='bbox 1665 4259 1766 4327; x_wconf 69' lang='grc' dir='ltr'><strong>ὑφ-</strong></span> 
     </span>
    </p>
   </div>
   <div class='ocr_carea' id='block_1_71' title="bbox 172 4347 1763 4419">
    <p class='ocr_par' dir='ltr' id='par_1_71' title="bbox 172 4347 1763 4419">
     <span class='ocr_line' id='line_1_71' title="bbox 172 4347 1763 4419; baseline 0.002 -19"><span class='ocrx_word' id='word_1_571' title='bbox 172 4349 462 4418; x_wconf 69' lang='grc' dir='ltr'>εστηκότα,</span> <span class='ocrx_word' id='word_1_572' title='bbox 493 4347 588 4401; x_wconf 71' lang='grc' dir='ltr'><strong>καὶ</strong></span> <span class='ocrx_word' id='word_1_573' title='bbox 622 4347 713 4399; x_wconf 72' lang='grc' dir='ltr'>τὸν</span> <span class='ocrx_word' id='word_1_574' title='bbox 742 4347 965 4418; x_wconf 84' lang='grc' dir='ltr'>Πατέρα</span> <span class='ocrx_word' id='word_1_575' title='bbox 988 4362 1002 4376; x_wconf 82' lang='lat'><strong>&#39;</strong></span> <span class='ocrx_word' id='word_1_576' title='bbox 1030 4347 1094 4400; x_wconf 83' lang='grc' dir='ltr'>Εί</span> <span class='ocrx_word' id='word_1_577' title='bbox 1120 4347 1175 4400; x_wconf 87' lang='grc' dir='ltr'>δὲ</span> <span class='ocrx_word' id='word_1_578' title='bbox 1213 4347 1287 4418; x_wconf 80' lang='grc' dir='ltr'>μὴ</span> <span class='ocrx_word' id='word_1_579' title='bbox 1318 4348 1491 4412; x_wconf 73' lang='grc' dir='ltr'>οὕτως</span> <span class='ocrx_word' id='word_1_580' title='bbox 1520 4349 1632 4419; x_wconf 84' lang='grc' dir='ltr'>ἔχει</span> <span class='ocrx_word' id='word_1_581' title='bbox 1668 4351 1763 4403; x_wconf 83' lang='grc' dir='ltr'>τοῦ</span> 
     </span>
    </p>
   </div>
   <div class='ocr_carea' id='block_1_72' title="bbox 176 4436 1764 4509">
    <p class='ocr_par' dir='ltr' id='par_1_72' title="bbox 176 4436 1764 4509">
     <span class='ocr_line' id='line_1_72' title="bbox 176 4436 1764 4509; baseline 0.003 -20"><span class='ocrx_word' id='word_1_582' title='bbox 176 4441 500 4507; x_wconf 68' lang='grc' dir='ltr'>πράγματος</span> <span class='ocrx_word' id='word_1_583' title='bbox 550 4439 583 4507; x_wconf 80' lang='grc' dir='ltr'>ἠ</span> <span class='ocrx_word' id='word_1_584' title='bbox 627 4436 871 4507; x_wconf 83' lang='grc' dir='ltr'>ἀλήθεια,</span> <span class='ocrx_word' id='word_1_585' title='bbox 898 4440 954 4489; x_wconf 84' lang='grc' dir='ltr'><strong>τί</strong></span> <span class='ocrx_word' id='word_1_586' title='bbox 1008 4436 1083 4507; x_wconf 83' lang='grc' dir='ltr'>μὴ</span> <span class='ocrx_word' id='word_1_587' title='bbox 1125 4438 1373 4508; x_wconf 78' lang='grc' dir='ltr'>τηρήσας</span> <span class='ocrx_word' id='word_1_588' title='bbox 1409 4442 1475 4509; x_wconf 78' lang='grc' dir='ltr'>τῇ</span> <span class='ocrx_word' id='word_1_589' title='bbox 1525 4440 1670 4494; x_wconf 86' lang='grc' dir='ltr'>ὲνάδι</span> <span class='ocrx_word' id='word_1_590' title='bbox 1704 4440 1764 4493; x_wconf 87' lang='grc' dir='ltr'><strong>τὸ</strong></span> 
     </span>
    </p>
   </div>
   <div class='ocr_carea' id='block_1_73' title="bbox 1873 3243 3455 3320">
    <p class='ocr_par' dir='ltr' id='par_1_73' title="bbox 1873 3243 3455 3320">
     <span class='ocr_line' id='line_1_73' title="bbox 1873 3243 3455 3320; baseline -0.004 -17"><span class='ocrx_word' id='word_1_591' title='bbox 1873 3249 2009 3316; x_wconf 86' lang='lat' dir='ltr'><strong>Qnis</strong></span> <span class='ocrx_word' id='word_1_592' title='bbox 2052 3257 2137 3305; x_wconf 84' lang='lat' dir='ltr'><strong>est</strong></span> <span class='ocrx_word' id='word_1_593' title='bbox 2186 3260 2355 3319; x_wconf 77' lang='lat' dir='ltr'><strong>igitur</strong></span> <span class='ocrx_word' id='word_1_594' title='bbox 2402 3250 2493 3304; x_wconf 90' lang='lat' dir='ltr'><strong>ille</strong></span> <span class='ocrx_word' id='word_1_595' title='bbox 2538 3266 2631 3320; x_wconf 89' lang='lat' dir='ltr'><strong>qui</strong></span> <span class='ocrx_word' id='word_1_596' title='bbox 2681 3264 2933 3319; x_wconf 86' lang='lat' dir='ltr'><strong>rapinam</strong></span> <span class='ocrx_word' id='word_1_597' title='bbox 2980 3248 3157 3302; x_wconf 90' lang='lat' dir='ltr'><strong>noluit</strong></span> <span class='ocrx_word' id='word_1_598' title='bbox 3199 3243 3455 3299; x_wconf 88' lang='lat' dir='ltr'><strong>arbitraii</strong></span> 
     </span>
    </p>
   </div>
   <div class='ocr_carea' id='block_1_74' title="bbox 1870 3340 3459 3413">
    <p class='ocr_par' dir='ltr' id='par_1_74' title="bbox 1870 3340 3459 3413">
     <span class='ocr_line' id='line_1_74' title="bbox 1870 3340 3459 3413; baseline -0.003 -16"><span class='ocrx_word' id='word_1_599' title='bbox 1870 3356 1995 3397; x_wconf 88' lang='lat' dir='ltr'><strong>esse</strong></span> <span class='ocrx_word' id='word_1_600' title='bbox 2043 3357 2102 3397; x_wconf 90' lang='lat' dir='ltr'><strong>se</strong></span> <span class='ocrx_word' id='word_1_601' title='bbox 2142 3343 2407 3413; x_wconf 85' lang='lat' dir='ltr'><strong>aequalem</strong></span> <span class='ocrx_word' id='word_1_602' title='bbox 2437 3340 2590 3396; x_wconf 88' lang='lat' dir='ltr'><strong>Deo?</strong></span> <span class='ocrx_word' id='word_1_603' title='bbox 2622 3340 2897 3410; x_wconf 87' lang='lat' dir='ltr'><strong>Numquid</strong></span> <span class='ocrx_word' id='word_1_604' title='bbox 2928 3342 3075 3395; x_wconf 90' lang='lat' dir='ltr'><strong>enim</strong></span> <span class='ocrx_word' id='word_1_605' title='bbox 3119 3353 3347 3393; x_wconf 87' lang='lat' dir='ltr'><strong>necesse</strong></span> <span class='ocrx_word' id='word_1_606' title='bbox 3374 3346 3459 3393; x_wconf 88' lang='lat' dir='ltr'><strong>est</strong></span> 
     </span>
    </p>
   </div>
   <div class='ocr_carea' id='block_1_75' title="bbox 1870 3432 3457 3504">
    <p class='ocr_par' dir='ltr' id='par_1_75' title="bbox 1870 3432 3457 3504">
     <span class='ocr_line' id='line_1_75' title="bbox 1870 3432 3457 3504; baseline -0.001 -17"><span class='ocrx_word' id='word_1_607' title='bbox 1870 3432 2097 3500; x_wconf 81' lang='lat' dir='ltr'><strong>dicere,</strong></span> <span class='ocrx_word' id='word_1_608' title='bbox 2172 3450 2341 3488; x_wconf 93' lang='lat' dir='ltr'><strong>unum</strong></span> <span class='ocrx_word' id='word_1_609' title='bbox 2401 3432 2696 3504; x_wconf 83' lang='lat' dir='ltr'><strong>quemdam</strong></span> <span class='ocrx_word' id='word_1_610' title='bbox 2757 3436 3031 3489; x_wconf 80' lang='lat' dir='ltr'><strong>exsistere</strong></span> <span class='ocrx_word' id='word_1_611' title='bbox 3096 3433 3191 3503; x_wconf 91' lang='lat' dir='ltr'><strong>qni</strong></span> <span class='ocrx_word' id='word_1_612' title='bbox 3258 3433 3331 3489; x_wconf 92' lang='lat' dir='ltr'><strong>sit</strong></span> <span class='ocrx_word' id='word_1_613' title='bbox 3401 3434 3457 3485; x_wconf 92' lang='lat' dir='ltr'><strong>in</strong></span> 
     </span>
    </p>
   </div>
   <div class='ocr_carea' id='block_1_76' title="bbox 1870 3524 3458 3595">
    <p class='ocr_par' dir='ltr' id='par_1_76' title="bbox 1870 3524 3458 3595">
     <span class='ocr_line' id='line_1_76' title="bbox 1870 3524 3458 3595; baseline -0.001 -16"><span class='ocrx_word' id='word_1_614' title='bbox 1870 3524 2047 3579; x_wconf 79' lang='lat' dir='ltr'><strong>forma</strong></span> <span class='ocrx_word' id='word_1_615' title='bbox 2099 3525 2229 3593; x_wconf 88' lang='lat' dir='ltr'><strong>Dei,</strong></span> <span class='ocrx_word' id='word_1_616' title='bbox 2288 3528 2457 3579; x_wconf 90' lang='lat' dir='ltr'><strong>alium</strong></span> <span class='ocrx_word' id='word_1_617' title='bbox 2516 3541 2648 3580; x_wconf 85' lang='lat' dir='ltr'><strong>vero</strong></span> <span class='ocrx_word' id='word_1_618' title='bbox 2705 3541 2899 3581; x_wconf 86' lang='lat' dir='ltr'><strong>rursus</strong></span> <span class='ocrx_word' id='word_1_619' title='bbox 2961 3526 3116 3579; x_wconf 93' lang='lat' dir='ltr'><strong>illum</strong></span> <span class='ocrx_word' id='word_1_620' title='bbox 3172 3541 3335 3595; x_wconf 60' lang='lat' dir='ltr'><strong>cuius</strong></span> <span class='ocrx_word' id='word_1_621' title='bbox 3387 3526 3458 3579; x_wconf 86' lang='lat' dir='ltr'><strong>sit</strong></span> 
     </span>
    </p>
   </div>
   <div class='ocr_carea' id='block_1_77' title="bbox 1870 3616 3455 3687">
    <p class='ocr_par' dir='ltr' id='par_1_77' title="bbox 1870 3616 3455 3687">
     <span class='ocr_line' id='line_1_77' title="bbox 1870 3616 3455 3687; baseline -0.001 -16"><span class='ocrx_word' id='word_1_622' title='bbox 1870 3616 2085 3671; x_wconf 83' lang='lat' dir='ltr'><strong>forma?</strong></span> <span class='ocrx_word' id='word_1_623' title='bbox 2116 3619 2282 3687; x_wconf 85' lang='lat' dir='ltr'><strong>Atqui</strong></span> <span class='ocrx_word' id='word_1_624' title='bbox 2314 3626 2464 3687; x_wconf 90' lang='lat' dir='ltr'><strong>patet</strong></span> <span class='ocrx_word' id='word_1_625' title='bbox 2496 3616 2630 3673; x_wconf 89' lang='lat' dir='ltr'><strong>illud</strong></span> <span class='ocrx_word' id='word_1_626' title='bbox 2656 3626 2713 3671; x_wconf 92' lang='lat' dir='ltr'><strong>et</strong></span> <span class='ocrx_word' id='word_1_627' title='bbox 2767 3619 2822 3671; x_wconf 91' lang='lat' dir='ltr'><strong>in</strong></span> <span class='ocrx_word' id='word_1_628' title='bbox 2907 3617 3133 3673; x_wconf 81' lang='lat' dir='ltr'><strong>onfesso</strong></span> <span class='ocrx_word' id='word_1_629' title='bbox 3167 3629 3252 3673; x_wconf 83' lang='lat' dir='ltr'><strong>est</strong></span> <span class='ocrx_word' id='word_1_630' title='bbox 3312 3619 3455 3686; x_wconf 85' lang='lat' dir='ltr'><strong>apud</strong></span> 
     </span>
    </p>
   </div>
   <div class='ocr_carea' id='block_1_78' title="bbox 1868 3709 3458 3782">
    <p class='ocr_par' dir='ltr' id='par_1_78' title="bbox 1868 3709 3458 3782">
     <span class='ocr_line' id='line_1_78' title="bbox 1868 3709 3458 3782; baseline -0.001 -18"><span class='ocrx_word' id='word_1_631' title='bbox 1868 3724 2085 3766; x_wconf 89' lang='lat' dir='ltr'><strong>omnes.</strong></span> <span class='ocrx_word' id='word_1_632' title='bbox 2153 3709 2273 3765; x_wconf 84' lang='lat' dir='ltr'><strong>Non</strong></span> <span class='ocrx_word' id='word_1_633' title='bbox 2334 3720 2464 3765; x_wconf 91' lang='lat' dir='ltr'><strong>sunt</strong></span> <span class='ocrx_word' id='word_1_634' title='bbox 2507 3726 2636 3782; x_wconf 78' lang='lat' dir='ltr'><strong>ergo</strong></span> <span class='ocrx_word' id='word_1_635' title='bbox 2700 3724 2873 3765; x_wconf 76' lang='lat' dir='ltr'><strong>t‘muni</strong></span> <span class='ocrx_word' id='word_1_636' title='bbox 2923 3722 2977 3765; x_wconf 86' lang='lat' dir='ltr'><strong>et</strong></span> <span class='ocrx_word' id='word_1_637' title='bbox 3049 3711 3114 3766; x_wconf 89' lang='lat' dir='ltr'><strong>de</strong></span> <span class='ocrx_word' id='word_1_638' title='bbox 3266 3726 3354 3763; x_wconf 90' lang='lat' dir='ltr'><strong>uin</strong></span> <span class='ocrx_word' id='word_1_639' title='bbox 3398 3726 3458 3764; x_wconf 88' lang='lat' dir='ltr'><strong>ro</strong></span> 
     </span>
    </p>
   </div>
   <div class='ocr_carea' id='block_1_79' title="bbox 1868 3802 3454 3875">
    <p class='ocr_par' dir='ltr' id='par_1_79' title="bbox 1868 3802 3454 3875">
     <span class='ocr_line' id='line_1_79' title="bbox 1868 3802 3454 3875; baseline -0.001 -18"><span class='ocrx_word' id='word_1_640' title='bbox 1868 3803 2031 3859; x_wconf 90' lang='lat' dir='ltr'><strong>Pater</strong></span> <span class='ocrx_word' id='word_1_641' title='bbox 2053 3813 2105 3859; x_wconf 92' lang='lat' dir='ltr'><strong>et</strong></span> <span class='ocrx_word' id='word_1_642' title='bbox 2144 3802 2335 3870; x_wconf 87' lang='lat' dir='ltr'><strong>Filius,</strong></span> <span class='ocrx_word' id='word_1_643' title='bbox 2372 3806 2465 3860; x_wconf 90' lang='lat' dir='ltr'><strong>sed</strong></span> <span class='ocrx_word' id='word_1_644' title='bbox 2510 3805 2793 3875; x_wconf 80' lang='lat' dir='ltr'><strong>propriam</strong></span> <span class='ocrx_word' id='word_1_645' title='bbox 2846 3804 3048 3858; x_wconf 87' lang='lat' dir='ltr'><strong>habent</strong></span> <span class='ocrx_word' id='word_1_646' title='bbox 3089 3804 3454 3875; x_wconf 85' lang='lat' dir='ltr'><strong>liypostasmi,</strong></span> 
     </span>
    </p>
   </div>
   <div class='ocr_carea' id='block_1_80' title="bbox 1867 3894 3457 3968">
    <p class='ocr_par' dir='ltr' id='par_1_80' title="bbox 1867 3894 3457 3968">
     <span class='ocr_line' id='line_1_80' title="bbox 1867 3894 3457 3968; baseline -0.002 -17"><span class='ocrx_word' id='word_1_647' title='bbox 1867 3905 1923 3951; x_wconf 88' lang='lat' dir='ltr'><strong>et</strong></span> <span class='ocrx_word' id='word_1_648' title='bbox 1972 3897 2115 3951; x_wconf 87' lang='lat' dir='ltr'><strong>alter</strong></span> <span class='ocrx_word' id='word_1_649' title='bbox 2153 3898 2205 3951; x_wconf 93' lang='lat' dir='ltr'><strong>in</strong></span> <span class='ocrx_word' id='word_1_650' title='bbox 2232 3898 2405 3952; x_wconf 88' lang='lat' dir='ltr'><strong>altero</strong></span> <span class='ocrx_word' id='word_1_651' title='bbox 2458 3906 2811 3968; x_wconf 69' lang='lat' dir='ltr'><strong>conspicitur</strong></span> <span class='ocrx_word' id='word_1_652' title='bbox 2850 3895 3155 3952; x_wconf 87' lang='lat' dir='ltr'><strong>secundum</strong></span> <span class='ocrx_word' id='word_1_653' title='bbox 3194 3894 3457 3949; x_wconf 86' lang='lat' dir='ltr'><strong>identita-</strong></span> 
     </span>
    </p>
   </div>
   <div class='ocr_carea' id='block_1_81' title="bbox 1870 3985 3455 4055">
    <p class='ocr_par' dir='ltr' id='par_1_81' title="bbox 1870 3985 3455 4055">
     <span class='ocr_line' id='line_1_81' title="bbox 1870 3985 3455 4055; baseline 0.001 -16"><span class='ocrx_word' id='word_1_654' title='bbox 1870 3995 1981 4042; x_wconf 91' lang='lat' dir='ltr'><strong>tem</strong></span> <span class='ocrx_word' id='word_1_655' title='bbox 2009 3987 2361 4055; x_wconf 60' lang='lat' dir='ltr'><strong>substantm,</strong></span> <span class='ocrx_word' id='word_1_656' title='bbox 2391 3988 2521 4042; x_wconf 90' lang='lat' dir='ltr'><strong>licet</strong></span> <span class='ocrx_word' id='word_1_657' title='bbox 2553 4003 2700 4043; x_wconf 89' lang='lat' dir='ltr'><strong>unus</strong></span> <span class='ocrx_word' id='word_1_658' title='bbox 2726 4003 2791 4042; x_wconf 79' lang='lat' dir='ltr'><strong>ex</strong></span> <span class='ocrx_word' id='word_1_659' title='bbox 2825 4003 2959 4053; x_wconf 78' lang='lat' dir='ltr'><strong>uno,</strong></span> <span class='ocrx_word' id='word_1_660' title='bbox 2991 4003 3057 4042; x_wconf 77' lang='lat' dir='ltr'><strong>ex</strong></span> <span class='ocrx_word' id='word_1_661' title='bbox 3086 3985 3249 4041; x_wconf 83' lang='lat' dir='ltr'><strong>Patre</strong></span> <span class='ocrx_word' id='word_1_662' title='bbox 3281 3985 3455 4041; x_wconf 87' lang='lat' dir='ltr'><strong>Filius</strong></span> 
     </span>
    </p>
   </div>
   <div class='ocr_carea' id='block_1_82' title="bbox 1864 4080 2144 4136">
    <p class='ocr_par' dir='ltr' id='par_1_82' title="bbox 1864 4080 2144 4136">
     <span class='ocr_line' id='line_1_82' title="bbox 1864 4080 2144 4136; baseline 0.007 -3"><span class='ocrx_word' id='word_1_663' title='bbox 1864 4080 2144 4136; x_wconf 87' lang='lat' dir='ltr'><strong>videlicet.</strong></span> 
     </span>
    </p>
   </div>
   <div class='ocr_carea' id='block_1_83' title="bbox 1937 4172 3453 4245">
    <p class='ocr_par' dir='ltr' id='par_1_83' title="bbox 1937 4172 3453 4245">
     <span class='ocr_line' id='line_1_83' title="bbox 1937 4172 3453 4245; baseline 0.001 -20"><span class='ocrx_word' id='word_1_664' title='bbox 1937 4172 2171 4228; x_wconf 84' lang='lat' dir='ltr'><strong>ALIUD.</strong></span> <span class='ocrx_word' id='word_1_665' title='bbox 2218 4191 2237 4225; x_wconf 85' lang='grc' dir='ltr'><strong>ι</strong></span> <span class='ocrx_word' id='word_1_666' title='bbox 2281 4172 2466 4245; x_wconf 80' lang='lat' dir='ltr'><strong>Egoet</strong></span> <span class='ocrx_word' id='word_1_667' title='bbox 2521 4173 2690 4229; x_wconf 90' lang='lat' dir='ltr'><strong>Pater</strong></span> <span class='ocrx_word' id='word_1_668' title='bbox 2745 4190 2914 4229; x_wconf 89' lang='lat' dir='ltr'><strong>unum</strong></span> <span class='ocrx_word' id='word_1_669' title='bbox 2957 4190 3151 4231; x_wconf 88' lang='lat' dir='ltr'><strong>sumus</strong></span> <span class='ocrx_word' id='word_1_670' title='bbox 3184 4174 3251 4239; x_wconf 73' lang='grc'><strong>³⁸,</strong></span> <span class='ocrx_word' id='word_1_671' title='bbox 3298 4194 3317 4227; x_wconf 75' lang='grc' dir='ltr'><strong>ι</strong></span> <span class='ocrx_word' id='word_1_672' title='bbox 3366 4175 3453 4228; x_wconf 88' lang='lat' dir='ltr'><strong>iii-</strong></span> 
     </span>
    </p>
   </div>
   <div class='ocr_carea' id='block_1_84' title="bbox 1867 4266 3457 4338">
    <p class='ocr_par' dir='ltr' id='par_1_84' title="bbox 1867 4266 3457 4338">
     <span class='ocr_line' id='line_1_84' title="bbox 1867 4266 3457 4338; baseline 0.002 -19"><span class='ocrx_word' id='word_1_673' title='bbox 1867 4266 2095 4336; x_wconf 86' lang='lat' dir='ltr'><strong>quiebat</strong></span> <span class='ocrx_word' id='word_1_674' title='bbox 2127 4266 2405 4329; x_wconf 83' lang='lat' dir='ltr'><strong>Salvator.</strong></span> <span class='ocrx_word' id='word_1_675' title='bbox 2445 4275 2637 4338; x_wconf 89' lang='lat' dir='ltr'><strong>utpote</strong></span> <span class='ocrx_word' id='word_1_676' title='bbox 2669 4283 2793 4323; x_wconf 91' lang='lat' dir='ltr'><strong>cum</strong></span> <span class='ocrx_word' id='word_1_677' title='bbox 2840 4269 3010 4322; x_wconf 87' lang='lat' dir='ltr'><strong>sciret</strong></span> <span class='ocrx_word' id='word_1_678' title='bbox 3051 4270 3293 4337; x_wconf 91' lang='lat' dir='ltr'><strong>seipsuin</strong></span> <span class='ocrx_word' id='word_1_679' title='bbox 3327 4282 3457 4337; x_wconf 82' lang='lat' dir='ltr'><strong>pro-</strong></span> 
     </span>
    </p>
   </div>
   <div class='ocr_carea' id='block_1_85' title="bbox 1868 4356 3452 4427">
    <p class='ocr_par' dir='ltr' id='par_1_85' title="bbox 1868 4356 3452 4427">
     <span class='ocr_line' id='line_1_85' title="bbox 1868 4356 3452 4427; baseline 0.003 -18"><span class='ocrx_word' id='word_1_680' title='bbox 1868 4356 1985 4427; x_wconf 90' lang='lat' dir='ltr'><strong>prie</strong></span> <span class='ocrx_word' id='word_1_681' title='bbox 2010 4371 2259 4426; x_wconf 68' lang='lat' dir='ltr'><strong>,qiioque</strong></span> <span class='ocrx_word' id='word_1_682' title='bbox 2315 4356 2646 4422; x_wconf 88' lang='lat' dir='ltr'><strong>subsistere,</strong></span> <span class='ocrx_word' id='word_1_683' title='bbox 2687 4369 2737 4414; x_wconf 92' lang='lat' dir='ltr'><strong>et</strong></span> <span class='ocrx_word' id='word_1_684' title='bbox 2766 4359 3011 4413; x_wconf 86' lang='lat' dir='ltr'><strong>Patrem.</strong></span> <span class='ocrx_word' id='word_1_685' title='bbox 3060 4356 3217 4424; x_wconf 82' lang='lat' dir='ltr'><strong>Quod</strong></span> <span class='ocrx_word' id='word_1_686' title='bbox 3272 4358 3318 4414; x_wconf 90' lang='lat' dir='ltr'><strong>si</strong></span> <span class='ocrx_word' id='word_1_687' title='bbox 3375 4360 3452 4413; x_wconf 84' lang='lat' dir='ltr'><strong>rei</strong></span> 
     </span>
    </p>
   </div>
   <div class='ocr_carea' id='block_1_86' title="bbox 1870 4450 3453 4522">
    <p class='ocr_par' dir='ltr' id='par_1_86' title="bbox 1870 4450 3453 4522">
     <span class='ocr_line' id='line_1_86' title="bbox 1870 4450 3453 4522; baseline 0.003 -19"><span class='ocrx_word' id='word_1_688' title='bbox 1870 4450 2078 4505; x_wconf 87' lang='lat' dir='ltr'><strong>veritas</strong></span> <span class='ocrx_word' id='word_1_689' title='bbox 2132 4451 2207 4503; x_wconf 91' lang='lat' dir='ltr'><strong>ita</strong></span> <span class='ocrx_word' id='word_1_690' title='bbox 2260 4465 2319 4504; x_wconf 91' lang='lat' dir='ltr'><strong>se</strong></span> <span class='ocrx_word' id='word_1_691' title='bbox 2376 4466 2485 4504; x_wconf 89' lang='lat' dir='ltr'><strong>non</strong></span> <span class='ocrx_word' id='word_1_692' title='bbox 2547 4451 2717 4505; x_wconf 77' lang='lat' dir='ltr'><strong>habet</strong></span> <span class='ocrx_word' id='word_1_693' title='bbox 2749 4469 2761 4505; x_wconf 89' lang='lat'><strong>:</strong></span> <span class='ocrx_word' id='word_1_694' title='bbox 2793 4451 2989 4520; x_wconf 89' lang='lat' dir='ltr'><strong>quidni</strong></span> <span class='ocrx_word' id='word_1_695' title='bbox 3035 4461 3255 4507; x_wconf 81' lang='lat' dir='ltr'><strong>servato</strong></span> <span class='ocrx_word' id='word_1_696' title='bbox 3304 4452 3453 4522; x_wconf 89' lang='lat' dir='ltr'><strong>quod</strong></span> 
     </span>
    </p>
   </div>
   <div class='ocr_carea' id='block_1_87' title="bbox 172 4528 1764 4611">
    <p class='ocr_par' dir='ltr' id='par_1_87' title="bbox 172 4528 1759 4601">
     <span class='ocr_line' id='line_1_87' title="bbox 172 4528 1759 4601; baseline 0.003 -22"><span class='ocrx_word' id='word_1_697' title='bbox 172 4530 379 4598; x_wconf 77' lang='grc' dir='ltr'>πρέπον</span> <span class='ocrx_word' id='word_1_698' title='bbox 429 4530 671 4598; x_wconf 51' lang='grc' dir='ltr'>ἕςασκεν</span> <span class='ocrx_word' id='word_1_699' title='bbox 696 4545 709 4558; x_wconf 72' lang='grc' dir='ltr'><strong><em>ο</em></strong></span> <span class='ocrx_word' id='word_1_700' title='bbox 759 4528 902 4596; x_wconf 84' lang='grc' dir='ltr'>Ἐγὼ</span> <span class='ocrx_word' id='word_1_701' title='bbox 946 4529 1043 4582; x_wconf 76' lang='grc' dir='ltr'>καὶ</span> <span class='ocrx_word' id='word_1_702' title='bbox 1084 4532 1113 4582; x_wconf 91' lang='lat'><strong>6</strong></span> <span class='ocrx_word' id='word_1_703' title='bbox 1153 4529 1344 4601; x_wconf 81' lang='grc' dir='ltr'>Πατὴρ</span> <span class='ocrx_word' id='word_1_704' title='bbox 1373 4530 1431 4582; x_wconf 75' lang='grc' dir='ltr'>ἓν</span> <span class='ocrx_word' id='word_1_705' title='bbox 1466 4532 1621 4600; x_wconf 61' lang='lat' dir='ltr'><strong>sitit;</strong></span> <span class='ocrx_word' id='word_1_706' title='bbox 1674 4530 1759 4583; x_wconf 83' lang='grc' dir='ltr'><strong>Ἐ-</strong></span> 
     </span>
    </p>
   </div>
   <div class='ocr_carea' id='block_1_88' title="bbox 1868 4528 3451 4611">
    <p class='ocr_par' dir='ltr' id='par_1_88' title="bbox 1868 4540 3451 4611">
     <span class='ocr_line' id='line_1_88' title="bbox 1868 4540 3451 4611; baseline 0.002 -17"><span class='ocrx_word' id='word_1_707' title='bbox 1868 4540 2069 4594; x_wconf 84' lang='lat' dir='ltr'><strong>unitati</strong></span> <span class='ocrx_word' id='word_1_708' title='bbox 2123 4541 2430 4606; x_wconf 87' lang='lat' dir='ltr'><strong>convenit,</strong></span> <span class='ocrx_word' id='word_1_709' title='bbox 2496 4542 2724 4607; x_wconf 86' lang='lat' dir='ltr'><strong>aiebat,</strong></span> <span class='ocrx_word' id='word_1_710' title='bbox 2788 4540 2904 4611; x_wconf 81' lang='lat' dir='ltr'><strong>Ego</strong></span> <span class='ocrx_word' id='word_1_711' title='bbox 2953 4550 3009 4596; x_wconf 90' lang='lat' dir='ltr'><strong>et</strong></span> <span class='ocrx_word' id='word_1_712' title='bbox 3064 4541 3230 4596; x_wconf 88' lang='lat' dir='ltr'><strong>Pater</strong></span> <span class='ocrx_word' id='word_1_713' title='bbox 3282 4558 3451 4597; x_wconf 92' lang='lat' dir='ltr'><strong>unum</strong></span> 
     </span>
    </p>
   </div>
   <div class='ocr_carea' id='block_1_89' title="bbox 174 4620 1760 4693">
    <p class='ocr_par' dir='ltr' id='par_1_89' title="bbox 174 4620 1760 4693">
     <span class='ocr_line' id='line_1_89' title="bbox 174 4620 1760 4693; baseline 0.002 -21"><span class='ocrx_word' id='word_1_714' title='bbox 174 4622 326 4692; x_wconf 80' lang='grc' dir='ltr'>πειδὴ</span> <span class='ocrx_word' id='word_1_715' title='bbox 364 4623 423 4675; x_wconf 72' lang='grc' dir='ltr'>δὲ</span> <span class='ocrx_word' id='word_1_716' title='bbox 458 4624 537 4685; x_wconf 85' lang='grc' dir='ltr'><strong>είς</strong></span> <span class='ocrx_word' id='word_1_717' title='bbox 585 4620 944 4692; x_wconf 78' lang='grc' dir='ltr'>πληθυντικὸν</span> <span class='ocrx_word' id='word_1_718' title='bbox 973 4622 1205 4693; x_wconf 74' lang='grc' dir='ltr'>ἀριθμὸν</span> <span class='ocrx_word' id='word_1_719' title='bbox 1253 4622 1315 4675; x_wconf 74' lang='grc' dir='ltr'>τὸ</span> <span class='ocrx_word' id='word_1_720' title='bbox 1362 4623 1760 4693; x_wconf 77' lang='grc' dir='ltr'>σημαινόμενον</span> 
     </span>
    </p>
   </div>
   <div class='ocr_carea' id='block_1_90' title="bbox 171 4711 1760 4785">
    <p class='ocr_par' dir='ltr' id='par_1_90' title="bbox 171 4711 1760 4785">
     <span class='ocr_line' id='line_1_90' title="bbox 171 4711 1760 4785; baseline 0.001 -19"><span class='ocrx_word' id='word_1_721' title='bbox 171 4715 409 4777; x_wconf 74' lang='grc' dir='ltr'>ἑξαπλοί,</span> <span class='ocrx_word' id='word_1_722' title='bbox 443 4712 604 4781; x_wconf 74' lang='grc' dir='ltr'>δῆλος</span> <span class='ocrx_word' id='word_1_723' title='bbox 630 4711 696 4764; x_wconf 84' lang='grc' dir='ltr'><strong>ἂν</strong></span> <span class='ocrx_word' id='word_1_724' title='bbox 723 4713 807 4782; x_wconf 77' lang='grc' dir='ltr'>εἴη</span> <span class='ocrx_word' id='word_1_725' title='bbox 835 4712 1042 4782; x_wconf 73' lang='grc' dir='ltr'>λοιπὸν,</span> <span class='ocrx_word' id='word_1_726' title='bbox 1068 4713 1163 4785; x_wconf 79' lang='grc' dir='ltr'>τὴν</span> <span class='ocrx_word' id='word_1_727' title='bbox 1180 4714 1288 4767; x_wconf 85' lang='grc' dir='ltr'><strong>τῶν</strong></span> <span class='ocrx_word' id='word_1_728' title='bbox 1306 4714 1760 4785; x_wconf 77' lang='grc' dir='ltr'>ἑτεροδοξούντων</span> 
     </span>
    </p>
   </div>
   <div class='ocr_carea' id='block_1_91' title="bbox 1862 4632 3449 4703">
    <p class='ocr_par' dir='ltr' id='par_1_91' title="bbox 1862 4632 3449 4703">
     <span class='ocr_line' id='line_1_91' title="bbox 1862 4632 3449 4703; baseline 0.001 -16"><span class='ocrx_word' id='word_1_729' title='bbox 1862 4632 2029 4687; x_wconf 87' lang='lat' dir='ltr'><strong>sum?</strong></span> <span class='ocrx_word' id='word_1_730' title='bbox 2086 4632 2224 4686; x_wconf 84' lang='lat' dir='ltr'><strong>Cum</strong></span> <span class='ocrx_word' id='word_1_731' title='bbox 2294 4641 2475 4687; x_wconf 91' lang='lat' dir='ltr'><strong>autem</strong></span> <span class='ocrx_word' id='word_1_732' title='bbox 2528 4633 2728 4702; x_wconf 91' lang='lat' dir='ltr'><strong>plurali</strong></span> <span class='ocrx_word' id='word_1_733' title='bbox 2786 4647 3016 4686; x_wconf 87' lang='lat' dir='ltr'><strong>numero</strong></span> <span class='ocrx_word' id='word_1_734' title='bbox 3067 4633 3118 4687; x_wconf 92' lang='lat' dir='ltr'><strong>id</strong></span> <span class='ocrx_word' id='word_1_735' title='bbox 3173 4643 3449 4703; x_wconf 78' lang='lat' dir='ltr'><strong>exponat,</strong></span> 
     </span>
    </p>
   </div>
   <div class='ocr_carea' id='block_1_92' title="bbox 1862 4710 3449 4794">
    <p class='ocr_par' dir='ltr' id='par_1_92' title="bbox 1862 4710 3449 4794">
     <span class='ocr_line' id='line_1_92' title="bbox 1862 4710 3449 4794; baseline 0.002 -18"><span class='ocrx_word' id='word_1_736' title='bbox 1862 4724 2250 4779; x_wconf 67' lang='lat' dir='ltr'><strong>limreticornm</strong></span> <span class='ocrx_word' id='word_1_737' title='bbox 2291 4710 2611 4794; x_wconf 89' lang='lat' dir='ltr'><strong>opinionem</strong></span> <span class='ocrx_word' id='word_1_738' title='bbox 2654 4730 2905 4779; x_wconf 88' lang='lat' dir='ltr'><strong>evertere</strong></span> <span class='ocrx_word' id='word_1_739' title='bbox 2954 4725 3057 4794; x_wconf 77' lang='lat' dir='ltr'><strong>l7</strong></span> <span class='ocrx_word' id='word_1_740' title='bbox 3092 4725 3449 4781; x_wconf 83' lang='lat' dir='ltr'><strong>manifestum</strong></span> 
     </span>
    </p>
   </div>
   <div class='ocr_carea' id='block_1_93' title="bbox 169 4804 1764 4888">
    <p class='ocr_par' dir='ltr' id='par_1_93' title="bbox 169 4804 1761 4877">
     <span class='ocr_line' id='line_1_93' title="bbox 169 4804 1761 4877; baseline 0.002 -19"><span class='ocrx_word' id='word_1_741' title='bbox 169 4805 492 4877; x_wconf 71' lang='grc' dir='ltr'>ἀνατρέπων</span> <span class='ocrx_word' id='word_1_742' title='bbox 545 4804 823 4858; x_wconf 88' lang='grc' dir='ltr'>ὑπόνοιαν.</span> <span class='ocrx_word' id='word_1_743' title='bbox 876 4806 1010 4858; x_wconf 76' lang='grc' dir='ltr'>Οὐδὲ</span> <span class='ocrx_word' id='word_1_744' title='bbox 1061 4805 1171 4875; x_wconf 88' lang='grc' dir='ltr'>γὰρ</span> <span class='ocrx_word' id='word_1_745' title='bbox 1227 4807 1292 4860; x_wconf 86' lang='grc' dir='ltr'><strong>ἂν</strong></span> <span class='ocrx_word' id='word_1_746' title='bbox 1356 4806 1477 4860; x_wconf 87' lang='grc' dir='ltr'>καθ’</span> <span class='ocrx_word' id='word_1_747' title='bbox 1526 4808 1645 4871; x_wconf 81' lang='grc' dir='ltr'>ἑνὸς</span> <span class='ocrx_word' id='word_1_748' title='bbox 1700 4808 1761 4861; x_wconf 87' lang='grc' dir='ltr'><strong>τὸ</strong></span> 
     </span>
    </p>
   </div>
   <div class='ocr_carea' id='block_1_94' title="bbox 1868 4804 3294 4888">
    <p class='ocr_par' dir='ltr' id='par_1_94' title="bbox 1868 4814 3294 4888">
     <span class='ocr_line' id='line_1_94' title="bbox 1868 4814 3294 4888; baseline 0.001 -18"><span class='ocrx_word' id='word_1_749' title='bbox 1868 4822 1964 4870; x_wconf 78' lang='lat' dir='ltr'><strong>est.</strong></span> <span class='ocrx_word' id='word_1_750' title='bbox 2000 4814 2189 4888; x_wconf 85' lang='lat' dir='ltr'><strong>Neque</strong></span> <span class='ocrx_word' id='word_1_751' title='bbox 2212 4816 2357 4871; x_wconf 89' lang='lat' dir='ltr'><strong>enim</strong></span> <span class='ocrx_word' id='word_1_752' title='bbox 2394 4833 2597 4883; x_wconf 78' lang='lat' dir='ltr'><strong>sumus,</strong></span> <span class='ocrx_word' id='word_1_753' title='bbox 2629 4815 2697 4872; x_wconf 91' lang='lat' dir='ltr'><strong>de</strong></span> <span class='ocrx_word' id='word_1_754' title='bbox 2738 4832 2847 4872; x_wconf 93' lang='lat' dir='ltr'><strong>uno</strong></span> <span class='ocrx_word' id='word_1_755' title='bbox 2875 4824 3025 4872; x_wconf 89' lang='lat' dir='ltr'><strong>recte</strong></span> <span class='ocrx_word' id='word_1_756' title='bbox 3058 4817 3294 4878; x_wconf 84' lang='lat' dir='ltr'><strong>dixeris.</strong></span> 
     </span>
    </p>
   </div>
   <div class='ocr_carea' id='block_1_95' title="bbox 170 4895 989 4967">
    <p class='ocr_par' dir='ltr' id='par_1_95' title="bbox 170 4895 989 4967">
     <span class='ocr_line' id='line_1_95' title="bbox 170 4895 989 4967; baseline 0 -17"><span class='ocrx_word' id='word_1_757' title='bbox 170 4897 353 4966; x_wconf 79' lang='grc' dir='ltr'>ἐσμὲν</span> <span class='ocrx_word' id='word_1_758' title='bbox 383 4895 703 4967; x_wconf 72' lang='grc' dir='ltr'>ὲ..ενεχθ;ίη</span> <span class='ocrx_word' id='word_1_759' title='bbox 733 4896 989 4959; x_wconf 81' lang='grc' dir='ltr'>συνετῶς.</span> 
     </span>
    </p>
   </div>
   <div class='ocr_carea' id='block_1_96' title="bbox 248 4988 1755 5065">
    <p class='ocr_par' dir='ltr' id='par_1_96' title="bbox 248 4988 1755 5065">
     <span class='ocr_line' id='line_1_96' title="bbox 248 4988 1755 5065; baseline 0.003 -23"><span class='ocrx_word' id='word_1_760' title='bbox 248 4992 475 5043; x_wconf 75' lang='lat' dir='ltr'><strong>&#39;AAAO.</strong></span> <span class='ocrx_word' id='word_1_761' title='bbox 533 4990 660 5043; x_wconf 83' lang='grc' dir='ltr'>Ἐπι</span> <span class='ocrx_word' id='word_1_762' title='bbox 694 4992 760 5059; x_wconf 84' lang='grc' dir='ltr'>τῇ</span> <span class='ocrx_word' id='word_1_763' title='bbox 808 4989 901 5042; x_wconf 76' lang='grc' dir='ltr'>τοῦ</span> <span class='ocrx_word' id='word_1_764' title='bbox 934 4988 1225 5060; x_wconf 83' lang='grc' dir='ltr'>ἀνθρώπου</span> <span class='ocrx_word' id='word_1_765' title='bbox 1261 4995 1572 5063; x_wconf 77' lang='grc' dir='ltr'>κατασκευή</span> <span class='ocrx_word' id='word_1_766' title='bbox 1605 4995 1755 5065; x_wconf 79' lang='grc' dir='ltr'>φωνὴ</span> 
     </span>
    </p>
   </div>
   <div class='ocr_carea' id='block_1_97' title="bbox 174 5080 1757 5154">
    <p class='ocr_par' dir='ltr' id='par_1_97' title="bbox 174 5080 1757 5154">
     <span class='ocr_line' id='line_1_97' title="bbox 174 5080 1757 5154; baseline 0.004 -22"><span class='ocrx_word' id='word_1_767' title='bbox 174 5082 393 5152; x_wconf 71' lang='grc' dir='ltr'>φέρεται</span> <span class='ocrx_word' id='word_1_768' title='bbox 443 5080 601 5143; x_wconf 77' lang='grc' dir='ltr'>Θεοῦ,</span> <span class='ocrx_word' id='word_1_769' title='bbox 656 5100 675 5133; x_wconf 82' lang='grc' dir='ltr'><strong>ι</strong></span> <span class='ocrx_word' id='word_1_770' title='bbox 724 5082 1048 5151; x_wconf 86' lang='grc' dir='ltr'>Ποιήσωμεν</span> <span class='ocrx_word' id='word_1_771' title='bbox 1082 5083 1389 5153; x_wconf 81' lang='grc' dir='ltr'>ἄνθρωπον,</span> <span class='ocrx_word' id='word_1_772' title='bbox 1418 5103 1436 5135; x_wconf 72' lang='grc' dir='ltr'><strong>ι</strong></span> <span class='ocrx_word' id='word_1_773' title='bbox 1479 5085 1636 5154; x_wconf 82' lang='grc' dir='ltr'>λέγον</span> <span class='ocrx_word' id='word_1_774' title='bbox 1673 5103 1757 5151; x_wconf 87' lang='grc' dir='ltr'><strong>ος,</strong></span> 
     </span>
    </p>
   </div>
   <div class='ocr_carea' id='block_1_98' title="bbox 181 5172 1760 5249">
    <p class='ocr_par' dir='ltr' id='par_1_98' title="bbox 181 5172 1760 5249">
     <span class='ocr_line' id='line_1_98' title="bbox 181 5172 1760 5249; baseline 0.004 -26"><span class='ocrx_word' id='word_1_775' title='bbox 181 5190 200 5221; x_wconf 78' lang='grc' dir='ltr'><strong>ι</strong></span> <span class='ocrx_word' id='word_1_776' title='bbox 237 5173 348 5224; x_wconf 81' lang='grc' dir='ltr'>κατ’</span> <span class='ocrx_word' id='word_1_777' title='bbox 401 5173 586 5224; x_wconf 79' lang='grc' dir='ltr'>εἰκόνα</span> <span class='ocrx_word' id='word_1_778' title='bbox 626 5172 904 5243; x_wconf 79' lang='grc' dir='ltr'>ἡμετέραν</span> <span class='ocrx_word' id='word_1_779' title='bbox 944 5174 1037 5227; x_wconf 78' lang='grc' dir='ltr'><strong>καὶ</strong></span> <span class='ocrx_word' id='word_1_780' title='bbox 1077 5173 1198 5226; x_wconf 77' lang='grc' dir='ltr'>καθ’</span> <span class='ocrx_word' id='word_1_781' title='bbox 1224 5175 1502 5245; x_wconf 85' lang='grc' dir='ltr'>ὁμοίωσιν.</span> <span class='ocrx_word' id='word_1_782' title='bbox 1537 5196 1555 5229; x_wconf 76' lang='grc' dir='ltr'><strong>ι</strong></span> <span class='ocrx_word' id='word_1_783' title='bbox 1587 5178 1760 5249; x_wconf 75' lang='grc' dir='ltr'>Εἴπερ</span> 
     </span>
    </p>
   </div>
   <div class='ocr_carea' id='block_1_99' title="bbox 174 5260 1728 5336">
    <p class='ocr_par' dir='ltr' id='par_1_99' title="bbox 174 5260 1728 5336">
     <span class='ocr_line' id='line_1_99' title="bbox 174 5260 1728 5336; baseline 0.003 -21"><span class='ocrx_word' id='word_1_784' title='bbox 174 5260 264 5315; x_wconf 71' lang='grc' dir='ltr'>οἷν</span> <span class='ocrx_word' id='word_1_785' title='bbox 295 5266 370 5326; x_wconf 80' lang='grc' dir='ltr'>εἰς</span> <span class='ocrx_word' id='word_1_786' title='bbox 404 5262 461 5315; x_wconf 86' lang='grc' dir='ltr'><strong>’ἐν</strong></span> <span class='ocrx_word' id='word_1_787' title='bbox 495 5280 545 5315; x_wconf 84' lang='grc' dir='ltr'><strong>τι</strong></span> <span class='ocrx_word' id='word_1_788' title='bbox 610 5262 654 5333; x_wconf 80' lang='grc' dir='ltr'><strong>ᾧ</strong></span> <span class='ocrx_word' id='word_1_789' title='bbox 690 5262 913 5334; x_wconf 82' lang='grc' dir='ltr'>αριθμῷ</span> <span class='ocrx_word' id='word_1_790' title='bbox 951 5263 1011 5316; x_wconf 83' lang='grc' dir='ltr'><strong>τὸ</strong></span> <span class='ocrx_word' id='word_1_791' title='bbox 1038 5268 1138 5335; x_wconf 84' lang='grc' dir='ltr'>τῆς</span> <span class='ocrx_word' id='word_1_792' title='bbox 1166 5265 1327 5333; x_wconf 88' lang='grc' dir='ltr'>ἁγίας</span> <span class='ocrx_word' id='word_1_793' title='bbox 1362 5266 1441 5336; x_wconf 89' lang='grc' dir='ltr'>Τρ</span> <span class='ocrx_word' id='word_1_794' title='bbox 1466 5266 1589 5330; x_wconf 84' lang='grc' dir='ltr'>άδος</span> <span class='ocrx_word' id='word_1_795' title='bbox 1620 5268 1728 5321; x_wconf 83' lang='grc' dir='ltr'><strong>πλά</strong></span> 
     </span>
    </p>
   </div>
   <div class='ocr_carea' id='block_1_100' title="bbox 174 5355 1757 5424">
    <p class='ocr_par' dir='ltr' id='par_1_100' title="bbox 174 5355 1757 5424">
     <span class='ocr_line' id='line_1_100' title="bbox 174 5355 1757 5424; baseline 0.003 -15"><span class='ocrx_word' id='word_1_796' title='bbox 174 5373 236 5409; x_wconf 72' lang='grc' dir='ltr'>Ὀ</span> <span class='ocrx_word' id='word_1_797' title='bbox 268 5399 280 5420; x_wconf 91' lang='grc'><strong>,</strong></span> <span class='ocrx_word' id='word_1_798' title='bbox 318 5357 403 5409; x_wconf 76' lang='grc' dir='ltr'>ἵνα</span> <span class='ocrx_word' id='word_1_799' title='bbox 436 5355 610 5418; x_wconf 74' lang='grc' dir='ltr'>οὕτως</span> <span class='ocrx_word' id='word_1_800' title='bbox 656 5356 815 5417; x_wconf 68' lang='grc' dir='ltr'>εἴπω,</span> <span class='ocrx_word' id='word_1_801' title='bbox 838 5356 1204 5422; x_wconf 77' lang='grc' dir='ltr'>συστέλλεται,</span> <span class='ocrx_word' id='word_1_802' title='bbox 1234 5359 1327 5411; x_wconf 81' lang='grc' dir='ltr'><strong>καὶ</strong></span> <span class='ocrx_word' id='word_1_803' title='bbox 1367 5358 1757 5424; x_wconf 78' lang='grc' dir='ltr'>δυσσεϐοῦντες</span> 
     </span>
    </p>
   </div>
   <div class='ocr_carea' id='block_1_101' title="bbox 175 5446 1756 5519">
    <p class='ocr_par' dir='ltr' id='par_1_101' title="bbox 175 5446 1756 5519">
     <span class='ocr_line' id='line_1_101' title="bbox 175 5446 1756 5519; baseline 0.004 -23"><span class='ocrx_word' id='word_1_804' title='bbox 175 5446 449 5516; x_wconf 68' lang='grc' dir='ltr'>ἀναιροῦσι</span> <span class='ocrx_word' id='word_1_805' title='bbox 498 5446 559 5498; x_wconf 74' lang='grc' dir='ltr'>τὸ</span> <span class='ocrx_word' id='word_1_806' title='bbox 592 5446 888 5514; x_wconf 64' lang='grc' dir='ltr'>ὑφεστᾶναι</span> <span class='ocrx_word' id='word_1_807' title='bbox 937 5446 1040 5498; x_wconf 85' lang='grc' dir='ltr'><strong>καθ</strong></span> <span class='ocrx_word' id='word_1_808' title='bbox 1102 5447 1329 5511; x_wconf 74' lang='grc' dir='ltr'>ἑαυτοὺς</span> <span class='ocrx_word' id='word_1_809' title='bbox 1376 5450 1615 5519; x_wconf 81' lang='grc' dir='ltr'>Πατέρα,</span> <span class='ocrx_word' id='word_1_810' title='bbox 1662 5453 1756 5503; x_wconf 65' lang='grc' dir='ltr'><strong>καὶ</strong></span> 
     </span>
    </p>
   </div>
   <div class='ocr_carea' id='block_1_102' title="bbox 180 5530 1753 5611">
    <p class='ocr_par' dir='ltr' id='par_1_102' title="bbox 180 5530 1753 5611">
     <span class='ocr_line' id='line_1_102' title="bbox 180 5530 1753 5611; baseline 0.002 -22"><span class='ocrx_word' id='word_1_811' title='bbox 180 5537 301 5589; x_wconf 62' lang='lat' dir='ltr'><strong>Tir};</strong></span> <span class='ocrx_word' id='word_1_812' title='bbox 332 5556 343 5567; x_wconf 94' lang='grc'><strong>·</strong></span> <span class='ocrx_word' id='word_1_813' title='bbox 372 5540 453 5603; x_wconf 66' lang='lat'><strong>7&#39;1;</strong></span> <span class='ocrx_word' id='word_1_814' title='bbox 488 5541 516 5592; x_wconf 92' lang='lat'><strong>6</strong></span> <span class='ocrx_word' id='word_1_815' title='bbox 550 5539 687 5609; x_wconf 80' lang='grc' dir='ltr'>πρὸς</span> <span class='ocrx_word' id='word_1_816' title='bbox 712 5539 833 5591; x_wconf 92' lang='grc' dir='ltr'>τίνα</span> <span class='ocrx_word' id='word_1_817' title='bbox 867 5530 1041 5606; x_wconf 60' lang='grc' dir='ltr'>λέζων</span> <span class='ocrx_word' id='word_1_818' title='bbox 1072 5539 1209 5602; x_wconf 72' lang='grc' dir='ltr'>ἐστὶ,</span> <span class='ocrx_word' id='word_1_819' title='bbox 1238 5559 1255 5590; x_wconf 82' lang='grc' dir='ltr'><strong>ι</strong></span> <span class='ocrx_word' id='word_1_820' title='bbox 1306 5542 1620 5611; x_wconf 86' lang='grc' dir='ltr'>Ποιήσωμεν</span> <span class='ocrx_word' id='word_1_821' title='bbox 1660 5542 1753 5595; x_wconf 65' lang='grc' dir='ltr'>ἀι·-</span> 
     </span>
    </p>
   </div>
   <div class='ocr_carea' id='block_1_103' title="bbox 179 5629 1752 5702">
    <p class='ocr_par' dir='ltr' id='par_1_103' title="bbox 179 5629 1752 5702">
     <span class='ocr_line' id='line_1_103' title="bbox 179 5629 1752 5702; baseline 0.003 -22"><span class='ocrx_word' id='word_1_822' title='bbox 179 5629 386 5699; x_wconf 65' lang='grc' dir='ltr'>θρωτῡον</span> <span class='ocrx_word' id='word_1_823' title='bbox 412 5631 532 5685; x_wconf 80' lang='grc' dir='ltr'>κατ’</span> <span class='ocrx_word' id='word_1_824' title='bbox 552 5632 735 5684; x_wconf 78' lang='grc' dir='ltr'>εἰκόνα</span> <span class='ocrx_word' id='word_1_825' title='bbox 766 5632 863 5702; x_wconf 75' lang='grc' dir='ltr'><strong>τὴν</strong></span> <span class='ocrx_word' id='word_1_826' title='bbox 889 5631 1163 5701; x_wconf 77' lang='grc' dir='ltr'>ἡμετέραν</span> <span class='ocrx_word' id='word_1_827' title='bbox 1188 5648 1202 5696; x_wconf 91' lang='lat'><strong>;</strong></span> <span class='ocrx_word' id='word_1_828' title='bbox 1226 5650 1242 5681; x_wconf 75' lang='grc' dir='ltr'><strong>ι</strong></span> <span class='ocrx_word' id='word_1_829' title='bbox 1276 5631 1427 5701; x_wconf 77' lang='grc' dir='ltr'>Χρῆν</span> <span class='ocrx_word' id='word_1_830' title='bbox 1448 5631 1556 5701; x_wconf 75' lang='grc' dir='ltr'><strong>γὰρ</strong></span> <span class='ocrx_word' id='word_1_831' title='bbox 1585 5632 1752 5702; x_wconf 73' lang='grc' dir='ltr'>δήπου</span> 
     </span>
    </p>
   </div>
   <div class='ocr_carea' id='block_1_104' title="bbox 248 5825 1649 5899">
    <p class='ocr_par' dir='ltr' id='par_1_104' title="bbox 248 5825 1649 5899">
     <span class='ocr_line' id='line_1_104' title="bbox 248 5825 1649 5899; baseline 0.001 -17"><span class='ocrx_word' id='word_1_832' title='bbox 248 5826 289 5858; x_wconf 83' lang='grc'>³⁵</span> <span class='ocrx_word' id='word_1_833' title='bbox 316 5825 512 5899; x_wconf 86' lang='lat' dir='ltr'><strong>Philip.</strong></span> <span class='ocrx_word' id='word_1_834' title='bbox 551 5844 610 5896; x_wconf 90' lang='grc' dir='ltr'><strong>ιι,</strong></span> <span class='ocrx_word' id='word_1_835' title='bbox 638 5830 685 5883; x_wconf 81' lang='lat' dir='ltr'><strong>ti.</strong></span> <span class='ocrx_word' id='word_1_836' title='bbox 771 5828 815 5860; x_wconf 70' lang='lat'>”</span> <span class='ocrx_word' id='word_1_837' title='bbox 855 5826 1013 5883; x_wconf 83' lang='lat' dir='ltr'><strong>Joan.</strong></span> <span class='ocrx_word' id='word_1_838' title='bbox 1040 5828 1201 5896; x_wconf 69' lang='lat' dir='ltr'><strong>x,7.0.</strong></span> <span class='ocrx_word' id='word_1_839' title='bbox 1283 5830 1325 5861; x_wconf 83' lang='grc'><strong>³⁵</strong></span> <span class='ocrx_word' id='word_1_840' title='bbox 1348 5828 1482 5886; x_wconf 86' lang='lat' dir='ltr'><strong>Gen.</strong></span> <span class='ocrx_word' id='word_1_841' title='bbox 1516 5846 1553 5898; x_wconf 86' lang='lat' dir='ltr'><strong>i,</strong></span> <span class='ocrx_word' id='word_1_842' title='bbox 1581 5829 1649 5884; x_wconf 64' lang='lat'><strong>‘26</strong></span> 
     </span>
    </p>
   </div>
   <div class='ocr_carea' id='block_1_105' title="bbox 1935 4992 3448 5061">
    <p class='ocr_par' dir='ltr' id='par_1_105' title="bbox 1935 4992 3448 5061">
     <span class='ocr_line' id='line_1_105' title="bbox 1935 4992 3448 5061; baseline 0.002 -15"><span class='ocrx_word' id='word_1_843' title='bbox 1935 4992 2166 5048; x_wconf 85' lang='lat' dir='ltr'><strong>ALIUD.</strong></span> <span class='ocrx_word' id='word_1_844' title='bbox 2195 4994 2333 5049; x_wconf 89' lang='lat' dir='ltr'><strong>Cum</strong></span> <span class='ocrx_word' id='word_1_845' title='bbox 2376 4995 2520 5051; x_wconf 85' lang='lat' dir='ltr'><strong>Deus</strong></span> <span class='ocrx_word' id='word_1_846' title='bbox 2547 4996 2789 5052; x_wconf 87' lang='lat' dir='ltr'><strong>condere</strong></span> <span class='ocrx_word' id='word_1_847' title='bbox 2818 4997 2987 5052; x_wconf 87' lang='lat' dir='ltr'><strong>vellet</strong></span> <span class='ocrx_word' id='word_1_848' title='bbox 3022 4995 3330 5061; x_wconf 88' lang='lat' dir='ltr'><strong>hominem,</strong></span> <span class='ocrx_word' id='word_1_849' title='bbox 3362 4998 3448 5051; x_wconf 89' lang='lat' dir='ltr'><strong>di-</strong></span> 
     </span>
    </p>
   </div>
   <div class='ocr_carea' id='block_1_106' title="bbox 1865 5083 3448 5156">
    <p class='ocr_par' dir='ltr' id='par_1_106' title="bbox 1865 5083 3448 5156">
     <span class='ocr_line' id='line_1_106' title="bbox 1865 5083 3448 5156; baseline 0.003 -20"><span class='ocrx_word' id='word_1_850' title='bbox 1865 5083 2014 5139; x_wconf 85' lang='lat' dir='ltr'><strong>xisse</strong></span> <span class='ocrx_word' id='word_1_851' title='bbox 2048 5084 2265 5140; x_wconf 80' lang='lat' dir='ltr'><strong>fertur:</strong></span> <span class='ocrx_word' id='word_1_852' title='bbox 2322 5103 2340 5136; x_wconf 85' lang='grc' dir='ltr'><strong>ι</strong></span> <span class='ocrx_word' id='word_1_853' title='bbox 2396 5083 2690 5142; x_wconf 86' lang='lat' dir='ltr'><strong>Faciamus</strong></span> <span class='ocrx_word' id='word_1_854' title='bbox 2724 5087 3005 5142; x_wconf 85' lang='lat' dir='ltr'><strong>hominem</strong></span> <span class='ocrx_word' id='word_1_855' title='bbox 3047 5087 3113 5140; x_wconf 87' lang='lat' dir='ltr'><strong>ad</strong></span> <span class='ocrx_word' id='word_1_856' title='bbox 3152 5086 3448 5156; x_wconf 78' lang='lat' dir='ltr'><strong>imaginem</strong></span> 
     </span>
    </p>
   </div>
   <div class='ocr_carea' id='block_1_107' title="bbox 1864 5175 3447 5247">
    <p class='ocr_par' dir='ltr' id='par_1_107' title="bbox 1864 5175 3447 5247">
     <span class='ocr_line' id='line_1_107' title="bbox 1864 5175 3447 5247; baseline 0.001 -20"><span class='ocrx_word' id='word_1_857' title='bbox 1864 5182 2109 5230; x_wconf 88' lang='lat' dir='ltr'><strong>nostram</strong></span> <span class='ocrx_word' id='word_1_858' title='bbox 2163 5186 2217 5231; x_wconf 92' lang='lat' dir='ltr'><strong>et</strong></span> <span class='ocrx_word' id='word_1_859' title='bbox 2253 5176 2675 5231; x_wconf 86' lang='lat' dir='ltr'><strong>similitudinem</strong></span> <span class='ocrx_word' id='word_1_860' title='bbox 2704 5177 2770 5229; x_wconf 86' lang='grc'><strong>³⁵.</strong></span> <span class='ocrx_word' id='word_1_861' title='bbox 2810 5195 2829 5227; x_wconf 76' lang='grc' dir='ltr'><strong>ι</strong></span> <span class='ocrx_word' id='word_1_862' title='bbox 2886 5175 2943 5231; x_wconf 92' lang='lat' dir='ltr'><strong>Si</strong></span> <span class='ocrx_word' id='word_1_863' title='bbox 2985 5191 3117 5247; x_wconf 76' lang='lat' dir='ltr'><strong>ergo</strong></span> <span class='ocrx_word' id='word_1_864' title='bbox 3167 5175 3239 5229; x_wconf 88' lang='lat' dir='ltr'><strong>ad</strong></span> <span class='ocrx_word' id='word_1_865' title='bbox 3277 5193 3447 5231; x_wconf 88' lang='lat' dir='ltr'><strong>unum</strong></span> 
     </span>
    </p>
   </div>
   <div class='ocr_carea' id='block_1_108' title="bbox 1860 5266 3447 5338">
    <p class='ocr_par' dir='ltr' id='par_1_108' title="bbox 1860 5266 3447 5338">
     <span class='ocr_line' id='line_1_108' title="bbox 1860 5266 3447 5338; baseline 0.001 -18"><span class='ocrx_word' id='word_1_866' title='bbox 1860 5266 2127 5337; x_wconf 88' lang='lat' dir='ltr'><strong>quiddam</strong></span> <span class='ocrx_word' id='word_1_867' title='bbox 2181 5284 2412 5323; x_wconf 90' lang='lat' dir='ltr'><strong>numero</strong></span> <span class='ocrx_word' id='word_1_868' title='bbox 2456 5280 2663 5324; x_wconf 77' lang='lat' dir='ltr'><strong>sancta:</strong></span> <span class='ocrx_word' id='word_1_869' title='bbox 2707 5268 2999 5324; x_wconf 88' lang='lat' dir='ltr'><strong>Trinitatis</strong></span> <span class='ocrx_word' id='word_1_870' title='bbox 3027 5268 3352 5338; x_wconf 87' lang='lat' dir='ltr'><strong>amplitudo,</strong></span> <span class='ocrx_word' id='word_1_871' title='bbox 3393 5280 3447 5322; x_wconf 93' lang='grc' dir='ltr'><strong>ιιι</strong></span> 
     </span>
    </p>
   </div>
   <div class='ocr_carea' id='block_1_109' title="bbox 1861 5357 3447 5431">
    <p class='ocr_par' dir='ltr' id='par_1_109' title="bbox 1861 5357 3447 5431">
     <span class='ocr_line' id='line_1_109' title="bbox 1861 5357 3447 5431; baseline -0.001 -18"><span class='ocrx_word' id='word_1_872' title='bbox 1861 5358 1935 5413; x_wconf 84' lang='lat' dir='ltr'><strong>ita</strong></span> <span class='ocrx_word' id='word_1_873' title='bbox 1968 5359 2173 5424; x_wconf 89' lang='lat' dir='ltr'><strong>dicam,</strong></span> <span class='ocrx_word' id='word_1_874' title='bbox 2220 5360 2593 5424; x_wconf 88' lang='lat' dir='ltr'><strong>contrahitur,</strong></span> <span class='ocrx_word' id='word_1_875' title='bbox 2633 5370 2687 5415; x_wconf 92' lang='lat' dir='ltr'><strong>et</strong></span> <span class='ocrx_word' id='word_1_876' title='bbox 2728 5360 2897 5431; x_wconf 90' lang='lat' dir='ltr'><strong>impie</strong></span> <span class='ocrx_word' id='word_1_877' title='bbox 2932 5361 3179 5415; x_wconf 68' lang='lat' dir='ltr'><strong>haeretici</strong></span> <span class='ocrx_word' id='word_1_878' title='bbox 3224 5357 3447 5413; x_wconf 90' lang='lat' dir='ltr'><strong>Patrem</strong></span> 
     </span>
    </p>
   </div>
   <div class='ocr_carea' id='block_1_110' title="bbox 1863 5448 3450 5522">
    <p class='ocr_par' dir='ltr' id='par_1_110' title="bbox 1863 5448 3450 5522">
     <span class='ocr_line' id='line_1_110' title="bbox 1863 5448 3450 5522; baseline 0.001 -18"><span class='ocrx_word' id='word_1_879' title='bbox 1863 5457 1915 5504; x_wconf 87' lang='lat' dir='ltr'><strong>et</strong></span> <span class='ocrx_word' id='word_1_880' title='bbox 1966 5448 2165 5504; x_wconf 85' lang='lat' dir='ltr'><strong>Filium</strong></span> <span class='ocrx_word' id='word_1_881' title='bbox 2216 5452 2442 5521; x_wconf 87' lang='lat' dir='ltr'><strong>propria</strong></span> <span class='ocrx_word' id='word_1_882' title='bbox 2488 5451 2703 5505; x_wconf 92' lang='lat' dir='ltr'><strong>nudant</strong></span> <span class='ocrx_word' id='word_1_883' title='bbox 2735 5452 3056 5522; x_wconf 84' lang='lat' dir='ltr'><strong>liypostasi:</strong></span> <span class='ocrx_word' id='word_1_884' title='bbox 3086 5451 3214 5521; x_wconf 90' lang='lat' dir='ltr'><strong>quis</strong></span> <span class='ocrx_word' id='word_1_885' title='bbox 3244 5460 3329 5506; x_wconf 87' lang='lat' dir='ltr'><strong>est</strong></span> <span class='ocrx_word' id='word_1_886' title='bbox 3357 5450 3450 5505; x_wconf 91' lang='lat' dir='ltr'><strong>ille</strong></span> 
     </span>
    </p>
   </div>
   <div class='ocr_carea' id='block_1_111' title="bbox 1865 5540 3448 5609">
    <p class='ocr_par' dir='ltr' id='par_1_111' title="bbox 1865 5540 3448 5609">
     <span class='ocr_line' id='line_1_111' title="bbox 1865 5540 3448 5609; baseline 0.002 -16"><span class='ocrx_word' id='word_1_887' title='bbox 1865 5540 1959 5609; x_wconf 88' lang='lat' dir='ltr'><strong>qui</strong></span> <span class='ocrx_word' id='word_1_888' title='bbox 2000 5542 2066 5595; x_wconf 86' lang='lat' dir='ltr'><strong>ad</strong></span> <span class='ocrx_word' id='word_1_889' title='bbox 2101 5542 2269 5596; x_wconf 89' lang='lat' dir='ltr'><strong>aliuin</strong></span> <span class='ocrx_word' id='word_1_890' title='bbox 2307 5543 2472 5597; x_wconf 85' lang='lat' dir='ltr'><strong>dicit:</strong></span> <span class='ocrx_word' id='word_1_891' title='bbox 2514 5562 2530 5592; x_wconf 86' lang='grc' dir='ltr'><strong>ι</strong></span> <span class='ocrx_word' id='word_1_892' title='bbox 2568 5542 2861 5597; x_wconf 85' lang='lat' dir='ltr'><strong>Faciamus</strong></span> <span class='ocrx_word' id='word_1_893' title='bbox 2890 5543 3167 5599; x_wconf 87' lang='lat' dir='ltr'><strong>hominem</strong></span> <span class='ocrx_word' id='word_1_894' title='bbox 3206 5543 3273 5596; x_wconf 86' lang='lat' dir='ltr'><strong>ad</strong></span> <span class='ocrx_word' id='word_1_895' title='bbox 3305 5542 3448 5597; x_wconf 87' lang='lat' dir='ltr'><strong>inia-</strong></span> 
     </span>
    </p>
   </div>
   <div class='ocr_carea' id='block_1_112' title="bbox 1864 5633 3447 5707">
    <p class='ocr_par' dir='ltr' id='par_1_112' title="bbox 1864 5633 3447 5707">
     <span class='ocr_line' id='line_1_112' title="bbox 1864 5633 3447 5707; baseline 0.001 -18"><span class='ocrx_word' id='word_1_896' title='bbox 1864 5636 2045 5706; x_wconf 78' lang='lat' dir='ltr'><strong>ginein</strong></span> <span class='ocrx_word' id='word_1_897' title='bbox 2103 5637 2391 5693; x_wconf 87' lang='lat' dir='ltr'><strong>nostram?</strong></span> <span class='ocrx_word' id='word_1_898' title='bbox 2437 5657 2453 5689; x_wconf 76' lang='grc' dir='ltr'><strong>ι</strong></span> <span class='ocrx_word' id='word_1_899' title='bbox 2497 5636 2691 5692; x_wconf 88' lang='lat' dir='ltr'><strong>Dicere</strong></span> <span class='ocrx_word' id='word_1_900' title='bbox 2725 5638 2869 5692; x_wconf 87' lang='lat' dir='ltr'><strong>enim</strong></span> <span class='ocrx_word' id='word_1_901' title='bbox 2908 5636 3216 5707; x_wconf 84' lang='lat' dir='ltr'><strong>oportebat,</strong></span> <span class='ocrx_word' id='word_1_902' title='bbox 3266 5635 3312 5691; x_wconf 88' lang='lat' dir='ltr'><strong>si</strong></span> <span class='ocrx_word' id='word_1_903' title='bbox 3370 5633 3447 5690; x_wconf 89' lang='lat' dir='ltr'><strong>ita</strong></span> 
     </span>
    </p>
   </div>
  </div>
