  <div class='ocr_page' id='page_1' title='image "/cluster/home/n/w/nwhite01/storage/ocr_20150623/73/nnc1.0046980245/028.png"; bbox 0 0 4214 6502; ppageno 0'>
   <div class='ocr_carea' id='block_1_1' title="bbox 217 402 1787 465">
    <p class='ocr_par' dir='ltr' id='par_1_1' title="bbox 217 405 1787 465">
     <span class='ocr_line' id='line_1_1' title="bbox 217 405 1787 465; baseline -0.003 -1"><span class='ocrx_word' id='word_1_1' title='bbox 217 411 285 464; x_wconf 79' lang='lat'><strong>5?</strong></span> <span class='ocrx_word' id='word_1_2' title='bbox 1228 409 1291 463; x_wconf 77' lang='grc' dir='ltr'><strong>ΙΝ</strong></span> <span class='ocrx_word' id='word_1_3' title='bbox 1325 406 1617 465; x_wconf 70' lang='grc' dir='ltr'><strong>,ΙοΑΝΝἱδ</strong></span> <span class='ocrx_word' id='word_1_4' title='bbox 1659 405 1787 463; x_wconf 67' lang='lat' dir='ltr'><strong>EVA</strong></span> 
     </span>
    </p>
   </div>
   <div class='ocr_carea' id='block_1_2' title="bbox 1892 402 3488 465">
    <p class='ocr_par' dir='ltr' id='par_1_2' title="bbox 1899 402 3488 464">
     <span class='ocr_line' id='line_1_2' title="bbox 1899 402 3488 464; baseline -0.001 -2"><span class='ocrx_word' id='word_1_5' title='bbox 1899 402 2051 462; x_wconf 76' lang='lat' dir='ltr'><strong>ELIU</strong></span> <span class='ocrx_word' id='word_1_6' title='bbox 2064 403 2111 459; x_wconf 78' lang='grc' dir='ltr'><strong>Μ</strong></span> <span class='ocrx_word' id='word_1_7' title='bbox 2155 402 2283 463; x_wconf 81' lang='lat' dir='ltr'><strong>LIB.</strong></span> <span class='ocrx_word' id='word_1_8' title='bbox 2320 411 2363 464; x_wconf 84' lang='lat' dir='ltr'><strong>I.</strong></span> <span class='ocrx_word' id='word_1_9' title='bbox 3418 406 3488 461; x_wconf 70' lang='lat'><strong>38</strong></span> 
     </span>
    </p>
   </div>
   <div class='ocr_carea' id='block_1_3' title="bbox 219 521 1787 597">
    <p class='ocr_par' dir='ltr' id='par_1_3' title="bbox 219 524 1785 597">
     <span class='ocr_line' id='line_1_3' title="bbox 219 524 1785 597; baseline 0 -19"><span class='ocrx_word' id='word_1_10' title='bbox 219 525 383 597; x_wconf 76' lang='grc' dir='ltr'>ῳδὸς,</span> <span class='ocrx_word' id='word_1_11' title='bbox 410 526 510 596; x_wconf 87' lang='grc' dir='ltr'><strong>οὐχ</strong></span> <span class='ocrx_word' id='word_1_12' title='bbox 532 524 733 595; x_wconf 82' lang='grc' dir='ltr'>ετέρως</span> <span class='ocrx_word' id='word_1_13' title='bbox 763 524 1026 580; x_wconf 88' lang='grc' dir='ltr'>δύνασθαι</span> <span class='ocrx_word' id='word_1_14' title='bbox 1067 525 1399 597; x_wconf 79' lang='grc' dir='ltr'><strong>διασωθῆναι</strong></span> <span class='ocrx_word' id='word_1_15' title='bbox 1431 526 1492 580; x_wconf 80' lang='grc' dir='ltr'><strong>τὸ</strong></span> <span class='ocrx_word' id='word_1_16' title='bbox 1529 527 1688 595; x_wconf 83' lang='grc' dir='ltr'>γένος</span> <span class='ocrx_word' id='word_1_17' title='bbox 1729 527 1785 578; x_wconf 85' lang='grc' dir='ltr'>ὲν</span> 
     </span>
    </p>
   </div>
   <div class='ocr_carea' id='block_1_4' title="bbox 1892 521 3485 597">
    <p class='ocr_par' dir='ltr' id='par_1_4' title="bbox 1919 521 3485 596">
     <span class='ocr_line' id='line_1_4' title="bbox 1919 521 3485 596; baseline -0.002 -19"><span class='ocrx_word' id='word_1_18' title='bbox 1919 523 2076 579; x_wconf 88' lang='lat' dir='ltr'><strong>aliter</strong></span> <span class='ocrx_word' id='word_1_19' title='bbox 2096 526 2307 580; x_wconf 82' lang='lat' dir='ltr'><strong>servari</strong></span> <span class='ocrx_word' id='word_1_20' title='bbox 2338 539 2504 596; x_wconf 86' lang='lat' dir='ltr'><strong>posse</strong></span> <span class='ocrx_word' id='word_1_21' title='bbox 2521 537 2697 595; x_wconf 86' lang='lat' dir='ltr'><strong>genus</strong></span> <span class='ocrx_word' id='word_1_22' title='bbox 2720 523 3022 579; x_wconf 89' lang='lat' dir='ltr'><strong>humanum</strong></span> <span class='ocrx_word' id='word_1_23' title='bbox 3053 521 3302 593; x_wconf 87' lang='lat' dir='ltr'><strong>putabat,</strong></span> <span class='ocrx_word' id='word_1_24' title='bbox 3321 536 3485 591; x_wconf 90' lang='lat' dir='ltr'><strong>quam</strong></span> 
     </span>
    </p>
   </div>
   <div class='ocr_carea' id='block_1_5' title="bbox 215 612 1787 689">
    <p class='ocr_par' dir='ltr' id='par_1_5' title="bbox 215 616 1787 689">
     <span class='ocr_line' id='line_1_5' title="bbox 215 616 1787 689; baseline -0.005 -16"><span class='ocrx_word' id='word_1_25' title='bbox 215 621 356 673; x_wconf 84' lang='grc' dir='ltr'>ενόει</span> <span class='ocrx_word' id='word_1_26' title='bbox 388 620 451 673; x_wconf 83' lang='grc' dir='ltr'>τὸ</span> <span class='ocrx_word' id='word_1_27' title='bbox 476 618 839 689; x_wconf 85' lang='grc' dir='ltr'>ἀνθρώπινον,</span> <span class='ocrx_word' id='word_1_28' title='bbox 869 620 918 671; x_wconf 91' lang='grc' dir='ltr'>εἰ</span> <span class='ocrx_word' id='word_1_29' title='bbox 955 617 1028 689; x_wconf 80' lang='grc' dir='ltr'><strong>μὴ</strong></span> <span class='ocrx_word' id='word_1_30' title='bbox 1055 617 1141 670; x_wconf 76' lang='grc' dir='ltr'>διὰ</span> <span class='ocrx_word' id='word_1_31' title='bbox 1171 617 1337 688; x_wconf 79' lang='grc' dir='ltr'>μόνης</span> <span class='ocrx_word' id='word_1_32' title='bbox 1359 621 1456 687; x_wconf 80' lang='grc' dir='ltr'>τῆς</span> <span class='ocrx_word' id='word_1_33' title='bbox 1492 616 1787 687; x_wconf 79' lang='grc' dir='ltr'>ἐπιφανεῐα</span> 
     </span>
    </p>
   </div>
   <div class='ocr_carea' id='block_1_6' title="bbox 1892 612 3485 689">
    <p class='ocr_par' dir='ltr' id='par_1_6' title="bbox 1913 612 3485 685">
     <span class='ocr_line' id='line_1_6' title="bbox 1913 612 3485 685; baseline -0.003 -14"><span class='ocrx_word' id='word_1_34' title='bbox 1913 631 2009 685; x_wconf 86' lang='lat' dir='ltr'><strong>per</strong></span> <span class='ocrx_word' id='word_1_35' title='bbox 2057 616 2234 671; x_wconf 92' lang='lat' dir='ltr'><strong>solum</strong></span> <span class='ocrx_word' id='word_1_36' title='bbox 2278 617 2575 671; x_wconf 78' lang='lat' dir='ltr'><strong>adventum</strong></span> <span class='ocrx_word' id='word_1_37' title='bbox 2628 614 2750 670; x_wconf 86' lang='lat' dir='ltr'><strong>Filii</strong></span> <span class='ocrx_word' id='word_1_38' title='bbox 2800 614 2930 683; x_wconf 88' lang='lat' dir='ltr'><strong>Dei,</strong></span> <span class='ocrx_word' id='word_1_39' title='bbox 2989 615 3082 684; x_wconf 89' lang='lat' dir='ltr'><strong>qui</strong></span> <span class='ocrx_word' id='word_1_40' title='bbox 3138 612 3299 668; x_wconf 78' lang='lat' dir='ltr'><strong>facile</strong></span> <span class='ocrx_word' id='word_1_41' title='bbox 3353 612 3485 667; x_wconf 90' lang='lat' dir='ltr'><strong>illud</strong></span> 
     </span>
    </p>
   </div>
   <div class='ocr_carea' id='block_1_7' title="bbox 214 705 1787 781">
    <p class='ocr_par' dir='ltr' id='par_1_7' title="bbox 214 708 1787 781">
     <span class='ocr_line' id='line_1_7' title="bbox 214 708 1787 781; baseline 0 -18"><span class='ocrx_word' id='word_1_42' title='bbox 214 710 308 763; x_wconf 78' lang='grc' dir='ltr'><strong>τοῦ</strong></span> <span class='ocrx_word' id='word_1_43' title='bbox 343 709 476 763; x_wconf 86' lang='grc' dir='ltr'>Υἰοῦ</span> <span class='ocrx_word' id='word_1_44' title='bbox 500 710 595 763; x_wconf 81' lang='grc' dir='ltr'>τοῦ</span> <span class='ocrx_word' id='word_1_45' title='bbox 638 709 797 774; x_wconf 79' lang='grc' dir='ltr'>Θεοῦ,</span> <span class='ocrx_word' id='word_1_46' title='bbox 829 709 925 762; x_wconf 84' lang='grc' dir='ltr'>τοῦ</span> <span class='ocrx_word' id='word_1_47' title='bbox 967 708 1145 763; x_wconf 86' lang='grc' dir='ltr'>πάντα</span> <span class='ocrx_word' id='word_1_48' title='bbox 1190 710 1406 781; x_wconf 73' lang='grc' dir='ltr'>ῥαδίως,</span> <span class='ocrx_word' id='word_1_49' title='bbox 1440 712 1525 780; x_wconf 77' lang='grc' dir='ltr'><strong>ἐφ’</strong></span> <span class='ocrx_word' id='word_1_50' title='bbox 1564 712 1703 780; x_wconf 78' lang='grc' dir='ltr'>ὅπερ</span> <span class='ocrx_word' id='word_1_51' title='bbox 1743 712 1787 763; x_wconf 67' lang='grc' dir='ltr'>δι’</span> 
     </span>
    </p>
   </div>
   <div class='ocr_carea' id='block_1_8' title="bbox 1892 705 3486 781">
    <p class='ocr_par' dir='ltr' id='par_1_8' title="bbox 1910 705 3486 778">
     <span class='ocr_line' id='line_1_8' title="bbox 1910 705 3486 778; baseline -0.001 -17"><span class='ocrx_word' id='word_1_52' title='bbox 1910 716 2100 777; x_wconf 86' lang='lat' dir='ltr'><strong>posset</strong></span> <span class='ocrx_word' id='word_1_53' title='bbox 2134 708 2187 761; x_wconf 94' lang='lat' dir='ltr'><strong>in</strong></span> <span class='ocrx_word' id='word_1_54' title='bbox 2212 709 2359 778; x_wconf 90' lang='lat' dir='ltr'><strong>quod</strong></span> <span class='ocrx_word' id='word_1_55' title='bbox 2390 709 2556 764; x_wconf 88' lang='lat' dir='ltr'><strong>vellet</strong></span> <span class='ocrx_word' id='word_1_56' title='bbox 2589 707 2911 763; x_wconf 79' lang='lat' dir='ltr'><strong>reformare.</strong></span> <span class='ocrx_word' id='word_1_57' title='bbox 2947 706 3216 773; x_wconf 82' lang='lat' dir='ltr'><strong>Quocirca</strong></span> <span class='ocrx_word' id='word_1_58' title='bbox 3247 705 3390 759; x_wconf 86' lang='lat' dir='ltr'><strong>mitti</strong></span> <span class='ocrx_word' id='word_1_59' title='bbox 3417 705 3486 759; x_wconf 86' lang='lat' dir='ltr'><strong>ad</strong></span> 
     </span>
    </p>
   </div>
   <div class='ocr_carea' id='block_1_9' title="bbox 214 797 1787 872">
    <p class='ocr_par' dir='ltr' id='par_1_9' title="bbox 214 800 1787 872">
     <span class='ocr_line' id='line_1_9' title="bbox 214 800 1787 872; baseline -0.001 -18"><span class='ocrx_word' id='word_1_60' title='bbox 214 803 461 872; x_wconf 83' lang='grc' dir='ltr'>βούλοιτο</span> <span class='ocrx_word' id='word_1_61' title='bbox 516 800 980 872; x_wconf 74' lang='grc' dir='ltr'>μιταρῤυθμίζειν</span> <span class='ocrx_word' id='word_1_62' title='bbox 1035 802 1328 871; x_wconf 83' lang='grc' dir='ltr'>ἰσχύοντος.</span> <span class='ocrx_word' id='word_1_63' title='bbox 1378 802 1477 860; x_wconf 76' lang='grc' dir='ltr'>Διά</span> <span class='ocrx_word' id='word_1_64' title='bbox 1520 820 1600 855; x_wconf 90' lang='grc' dir='ltr'><strong>τοι</strong></span> <span class='ocrx_word' id='word_1_65' title='bbox 1649 800 1787 855; x_wconf 71' lang='grc' dir='ltr'><strong>τοῦτι</strong></span> 
     </span>
    </p>
   </div>
   <div class='ocr_carea' id='block_1_10' title="bbox 1892 797 3487 872">
    <p class='ocr_par' dir='ltr' id='par_1_10' title="bbox 1908 797 3487 871">
     <span class='ocr_line' id='line_1_10' title="bbox 1908 797 3487 871; baseline -0.003 -18"><span class='ocrx_word' id='word_1_66' title='bbox 1908 815 2009 855; x_wconf 92' lang='lat' dir='ltr'><strong>nos</strong></span> <span class='ocrx_word' id='word_1_67' title='bbox 2054 798 2255 854; x_wconf 91' lang='lat' dir='ltr'><strong>Filium</strong></span> <span class='ocrx_word' id='word_1_68' title='bbox 2291 800 2542 871; x_wconf 77' lang='lat' dir='ltr'><strong>rogabat,</strong></span> <span class='ocrx_word' id='word_1_69' title='bbox 2588 799 2825 854; x_wconf 78' lang='lat' dir='ltr'><strong>maxime</strong></span> <span class='ocrx_word' id='word_1_70' title='bbox 2873 813 2997 853; x_wconf 91' lang='lat' dir='ltr'><strong>cum</strong></span> <span class='ocrx_word' id='word_1_71' title='bbox 3058 797 3215 853; x_wconf 82' lang='lat' dir='ltr'><strong>solus</strong></span> <span class='ocrx_word' id='word_1_72' title='bbox 3267 809 3487 851; x_wconf 80' lang='lat' dir='ltr'><strong>servare</strong></span> 
     </span>
    </p>
   </div>
   <div class='ocr_carea' id='block_1_11' title="bbox 212 892 1804 965">
    <p class='ocr_par' dir='ltr' id='par_1_11' title="bbox 212 892 1804 965">
     <span class='ocr_line' id='line_1_11' title="bbox 212 892 1804 965; baseline 0 -19"><span class='ocrx_word' id='word_1_73' title='bbox 212 893 533 964; x_wconf 75' lang='grc' dir='ltr'>πέμπεσθαι</span> <span class='ocrx_word' id='word_1_74' title='bbox 584 892 721 964; x_wconf 72' lang='grc' dir='ltr'>πρὸς</span> <span class='ocrx_word' id='word_1_75' title='bbox 775 893 923 963; x_wconf 79' lang='grc' dir='ltr'>ἡμᾶς</span> <span class='ocrx_word' id='word_1_76' title='bbox 969 893 1268 963; x_wconf 72' lang='grc' dir='ltr'>παρεκάλει</span> <span class='ocrx_word' id='word_1_77' title='bbox 1320 895 1409 947; x_wconf 82' lang='grc' dir='ltr'><strong>τὸν</strong></span> <span class='ocrx_word' id='word_1_78' title='bbox 1440 895 1586 957; x_wconf 79' lang='grc' dir='ltr'>Υἱὸν,</span> <span class='ocrx_word' id='word_1_79' title='bbox 1614 894 1708 947; x_wconf 84' lang='grc' dir='ltr'>ἆτε</span> <span class='ocrx_word' id='word_1_80' title='bbox 1742 894 1804 965; x_wconf 85' lang='grc' dir='ltr'>δὴ</span> 
     </span>
    </p>
   </div>
   <div class='ocr_carea' id='block_1_12' title="bbox 210 982 1804 1056">
    <p class='ocr_par' dir='ltr' id='par_1_12' title="bbox 210 982 1804 1056">
     <span class='ocr_line' id='line_1_12' title="bbox 210 982 1804 1056; baseline 0.001 -19"><span class='ocrx_word' id='word_1_81' title='bbox 210 985 307 1037; x_wconf 80' lang='grc' dir='ltr'>καὶ</span> <span class='ocrx_word' id='word_1_82' title='bbox 358 986 518 1055; x_wconf 85' lang='grc' dir='ltr'>μόνον</span> <span class='ocrx_word' id='word_1_83' title='bbox 569 982 854 1047; x_wconf 76' lang='grc' dir='ltr'><strong>διασώζειν</strong></span> <span class='ocrx_word' id='word_1_84' title='bbox 898 984 1148 1054; x_wconf 77' lang='grc' dir='ltr'>ἰσχύοντα</span> <span class='ocrx_word' id='word_1_85' title='bbox 1192 986 1319 1049; x_wconf 81' lang='grc' dir='ltr'>τοὺς</span> <span class='ocrx_word' id='word_1_86' title='bbox 1353 986 1456 1038; x_wconf 68' lang='grc' dir='ltr'>ὐηδ</span> <span class='ocrx_word' id='word_1_87' title='bbox 1505 990 1661 1056; x_wconf 83' lang='grc' dir='ltr'>χεῖρα</span> <span class='ocrx_word' id='word_1_88' title='bbox 1713 987 1804 1040; x_wconf 79' lang='grc' dir='ltr'><strong>καὶ</strong></span> 
     </span>
    </p>
   </div>
   <div class='ocr_carea' id='block_1_13' title="bbox 209 1074 1803 1146">
    <p class='ocr_par' dir='ltr' id='par_1_13' title="bbox 209 1074 1803 1146">
     <span class='ocr_line' id='line_1_13' title="bbox 209 1074 1803 1146; baseline 0.003 -20"><span class='ocrx_word' id='word_1_89' title='bbox 209 1074 529 1139; x_wconf 77' lang='grc' dir='ltr'>πλεονεξίαν</span> <span class='ocrx_word' id='word_1_90' title='bbox 572 1074 901 1144; x_wconf 87' lang='grc' dir='ltr'>γενομένους</span> <span class='ocrx_word' id='word_1_91' title='bbox 927 1074 1273 1146; x_wconf 79' lang='grc' dir='ltr'>διαϐολικήν’</span> <span class='ocrx_word' id='word_1_92' title='bbox 1316 1075 1409 1128; x_wconf 74' lang='grc' dir='ltr'><strong>καὶ</strong></span> <span class='ocrx_word' id='word_1_93' title='bbox 1462 1076 1526 1146; x_wconf 82' lang='grc' dir='ltr'>δὴ</span> <span class='ocrx_word' id='word_1_94' title='bbox 1565 1075 1803 1144; x_wconf 76' lang='grc' dir='ltr'>ἔφασκεν</span> 
     </span>
    </p>
   </div>
   <div class='ocr_carea' id='block_1_14' title="bbox 206 1166 1801 1237">
    <p class='ocr_par' dir='ltr' id='par_1_14' title="bbox 206 1166 1801 1237">
     <span class='ocr_line' id='line_1_14' title="bbox 206 1166 1801 1237; baseline 0.001 -18"><span class='ocrx_word' id='word_1_95' title='bbox 206 1167 282 1231; x_wconf 79' lang='grc' dir='ltr'>ὡς</span> <span class='ocrx_word' id='word_1_96' title='bbox 310 1166 449 1237; x_wconf 63' lang='grc' dir='ltr'>προς</span> <span class='ocrx_word' id='word_1_97' title='bbox 484 1166 575 1220; x_wconf 81' lang='grc' dir='ltr'><strong>τὸν</strong></span> <span class='ocrx_word' id='word_1_98' title='bbox 628 1166 759 1219; x_wconf 78' lang='grc' dir='ltr'>Θεὸν</span> <span class='ocrx_word' id='word_1_99' title='bbox 788 1167 885 1220; x_wconf 70' lang='grc' dir='ltr'><strong>καὶ</strong></span> <span class='ocrx_word' id='word_1_100' title='bbox 923 1167 1176 1237; x_wconf 74' lang='grc' dir='ltr'>Πατέρα·</span> <span class='ocrx_word' id='word_1_101' title='bbox 1220 1186 1237 1218; x_wconf 82' lang='grc' dir='ltr'><strong>ι</strong></span> <span class='ocrx_word' id='word_1_102' title='bbox 1288 1166 1699 1231; x_wconf 80' lang='grc' dir='ltr'>Ἐξαπόστειλον</span> <span class='ocrx_word' id='word_1_103' title='bbox 1742 1167 1801 1221; x_wconf 82' lang='grc' dir='ltr'><strong>τὸ</strong></span> 
     </span>
    </p>
   </div>
   <div class='ocr_carea' id='block_1_15' title="bbox 207 1252 1800 1329">
    <p class='ocr_par' dir='ltr' id='par_1_15' title="bbox 207 1252 1800 1329">
     <span class='ocr_line' id='line_1_15' title="bbox 207 1252 1800 1329; baseline 0.001 -19"><span class='ocrx_word' id='word_1_104' title='bbox 207 1258 327 1325; x_wconf 74' lang='grc' dir='ltr'><strong>φῶς</strong></span> <span class='ocrx_word' id='word_1_105' title='bbox 381 1276 477 1311; x_wconf 82' lang='grc' dir='ltr'><strong>σον</strong></span> <span class='ocrx_word' id='word_1_106' title='bbox 534 1258 629 1311; x_wconf 73' lang='grc' dir='ltr'><strong>καὶ</strong></span> <span class='ocrx_word' id='word_1_107' title='bbox 680 1256 781 1328; x_wconf 79' lang='grc' dir='ltr'>τὴν</span> <span class='ocrx_word' id='word_1_108' title='bbox 813 1256 1073 1329; x_wconf 83' lang='grc' dir='ltr'>ἀλήθειάν</span> <span class='ocrx_word' id='word_1_109' title='bbox 1124 1274 1239 1311; x_wconf 88' lang='grc' dir='ltr'>σου.</span> <span class='ocrx_word' id='word_1_110' title='bbox 1282 1276 1303 1309; x_wconf 69' lang='grc' dir='ltr'><strong>ι</strong></span> <span class='ocrx_word' id='word_1_111' title='bbox 1358 1258 1537 1320; x_wconf 33' lang='grc' dir='ltr'>Ποῖον,</span> <span class='ocrx_word' id='word_1_112' title='bbox 1568 1252 1662 1310; x_wconf 78' lang='grc' dir='ltr'><strong>οὖν</strong></span> <span class='ocrx_word' id='word_1_113' title='bbox 1692 1258 1800 1328; x_wconf 81' lang='grc' dir='ltr'><strong>ἄρα</strong></span> 
     </span>
    </p>
   </div>
   <div class='ocr_carea' id='block_1_16' title="bbox 206 1348 1799 1420">
    <p class='ocr_par' dir='ltr' id='par_1_16' title="bbox 206 1348 1799 1420">
     <span class='ocr_line' id='line_1_16' title="bbox 206 1348 1799 1420; baseline 0.001 -19"><span class='ocrx_word' id='word_1_114' title='bbox 206 1350 327 1402; x_wconf 73' lang='grc' dir='ltr'><strong>ὲςτὶ</strong></span> <span class='ocrx_word' id='word_1_115' title='bbox 374 1350 437 1402; x_wconf 87' lang='grc' dir='ltr'><strong>τὸ</strong></span> <span class='ocrx_word' id='word_1_116' title='bbox 486 1349 634 1416; x_wconf 78' lang='grc' dir='ltr'>φῶς,</span> <span class='ocrx_word' id='word_1_117' title='bbox 666 1349 794 1402; x_wconf 88' lang='grc' dir='ltr'>ποία</span> <span class='ocrx_word' id='word_1_118' title='bbox 846 1348 971 1420; x_wconf 60' lang='lat' dir='ltr'><strong>aea</strong></span> <span class='ocrx_word' id='word_1_119' title='bbox 1017 1348 1284 1419; x_wconf 82' lang='grc' dir='ltr'>ἀλήθεια,</span> <span class='ocrx_word' id='word_1_120' title='bbox 1334 1349 1501 1403; x_wconf 78' lang='grc' dir='ltr'>αὐτοῦ</span> <span class='ocrx_word' id='word_1_121' title='bbox 1551 1349 1799 1418; x_wconf 82' lang='grc' dir='ltr'>λέγοντος</span> 
     </span>
    </p>
   </div>
   <div class='ocr_carea' id='block_1_17' title="bbox 204 1439 1795 1513">
    <p class='ocr_par' dir='ltr' id='par_1_17' title="bbox 204 1439 1795 1513">
     <span class='ocr_line' id='line_1_17' title="bbox 204 1439 1795 1513; baseline 0.001 -20"><span class='ocrx_word' id='word_1_122' title='bbox 204 1440 374 1493; x_wconf 77' lang='grc' dir='ltr'>ἄκουε</span> <span class='ocrx_word' id='word_1_123' title='bbox 403 1439 498 1492; x_wconf 82' lang='grc' dir='ltr'>τοῦ</span> <span class='ocrx_word' id='word_1_124' title='bbox 534 1440 695 1493; x_wconf 70' lang='grc' dir='ltr'><strong>Υἱ;ὖ’</strong></span> <span class='ocrx_word' id='word_1_125' title='bbox 737 1459 756 1492; x_wconf 79' lang='grc' dir='ltr'><strong>ι</strong></span> <span class='ocrx_word' id='word_1_126' title='bbox 790 1439 931 1508; x_wconf 86' lang='grc' dir='ltr'><strong>Ἐγώ</strong></span> <span class='ocrx_word' id='word_1_127' title='bbox 959 1441 1074 1509; x_wconf 80' lang='grc' dir='ltr'>είμι</span> <span class='ocrx_word' id='word_1_128' title='bbox 1095 1440 1154 1492; x_wconf 86' lang='grc' dir='ltr'><strong>τὸ</strong></span> <span class='ocrx_word' id='word_1_129' title='bbox 1180 1440 1314 1509; x_wconf 84' lang='grc' dir='ltr'>φῶς,</span> <span class='ocrx_word' id='word_1_130' title='bbox 1347 1443 1439 1494; x_wconf 76' lang='grc' dir='ltr'><strong>καὶ</strong></span> <span class='ocrx_word' id='word_1_131' title='bbox 1484 1440 1593 1509; x_wconf 77' lang='grc' dir='ltr'><strong>ἐγώ</strong></span> <span class='ocrx_word' id='word_1_132' title='bbox 1621 1444 1737 1512; x_wconf 85' lang='grc' dir='ltr'>είμι</span> <span class='ocrx_word' id='word_1_133' title='bbox 1762 1444 1795 1513; x_wconf 84' lang='grc' dir='ltr'>ἡ</span> 
     </span>
    </p>
   </div>
   <div class='ocr_carea' id='block_1_18' title="bbox 204 1533 1795 1605">
    <p class='ocr_par' dir='ltr' id='par_1_18' title="bbox 204 1533 1795 1605">
     <span class='ocr_line' id='line_1_18' title="bbox 204 1533 1795 1605; baseline 0.003 -21"><span class='ocrx_word' id='word_1_134' title='bbox 204 1533 468 1603; x_wconf 75' lang='grc' dir='ltr'>ἀλήθειαο</span> <span class='ocrx_word' id='word_1_135' title='bbox 502 1553 520 1585; x_wconf 74' lang='grc' dir='ltr'><strong>ι</strong></span> <span class='ocrx_word' id='word_1_136' title='bbox 582 1534 645 1587; x_wconf 84' lang='grc' dir='ltr'>Εἰ</span> <span class='ocrx_word' id='word_1_137' title='bbox 679 1534 735 1587; x_wconf 75' lang='grc' dir='ltr'>δὲ</span> <span class='ocrx_word' id='word_1_138' title='bbox 783 1533 1063 1604; x_wconf 82' lang='grc' dir='ltr'>πέμπεται</span> <span class='ocrx_word' id='word_1_139' title='bbox 1108 1534 1243 1605; x_wconf 76' lang='grc' dir='ltr'>πρὸς</span> <span class='ocrx_word' id='word_1_140' title='bbox 1276 1535 1421 1604; x_wconf 75' lang='grc' dir='ltr'>ἡμᾶς</span> <span class='ocrx_word' id='word_1_141' title='bbox 1454 1535 1514 1588; x_wconf 82' lang='grc' dir='ltr'><strong>τὸ</strong></span> <span class='ocrx_word' id='word_1_142' title='bbox 1550 1535 1666 1603; x_wconf 76' lang='grc' dir='ltr'>φῶς</span> <span class='ocrx_word' id='word_1_143' title='bbox 1700 1535 1795 1589; x_wconf 75' lang='grc' dir='ltr'>καὶ</span> 
     </span>
    </p>
   </div>
   <div class='ocr_carea' id='block_1_19' title="bbox 202 1623 1793 1696">
    <p class='ocr_par' dir='ltr' id='par_1_19' title="bbox 202 1623 1793 1696">
     <span class='ocr_line' id='line_1_19' title="bbox 202 1623 1793 1696; baseline 0.001 -19"><span class='ocrx_word' id='word_1_144' title='bbox 202 1625 235 1694; x_wconf 72' lang='grc' dir='ltr'>ἡ</span> <span class='ocrx_word' id='word_1_145' title='bbox 265 1624 497 1694; x_wconf 75' lang='grc' dir='ltr'>ἀλήθεια</span> <span class='ocrx_word' id='word_1_146' title='bbox 531 1623 624 1678; x_wconf 82' lang='grc' dir='ltr'>τοῦ</span> <span class='ocrx_word' id='word_1_147' title='bbox 660 1624 903 1695; x_wconf 78' lang='grc' dir='ltr'>Πατρὺς,</span> <span class='ocrx_word' id='word_1_148' title='bbox 937 1623 1083 1677; x_wconf 78' lang='grc' dir='ltr'>τοῦτ’</span> <span class='ocrx_word' id='word_1_149' title='bbox 1112 1624 1260 1677; x_wconf 76' lang='grc' dir='ltr'>ἔστιν</span> <span class='ocrx_word' id='word_1_150' title='bbox 1294 1626 1322 1676; x_wconf 99' lang='lat'><strong>6</strong></span> <span class='ocrx_word' id='word_1_151' title='bbox 1354 1625 1502 1688; x_wconf 81' lang='grc' dir='ltr'>Υἰδς,</span> <span class='ocrx_word' id='word_1_152' title='bbox 1543 1625 1659 1689; x_wconf 84' lang='grc' dir='ltr'><strong>πῶς</strong></span> <span class='ocrx_word' id='word_1_153' title='bbox 1696 1627 1793 1696; x_wconf 91' lang='grc' dir='ltr'><strong>οὐχ</strong></span> 
     </span>
    </p>
   </div>
   <div class='ocr_carea' id='block_1_20' title="bbox 200 1700 1789 1787">
    <p class='ocr_par' dir='ltr' id='par_1_20' title="bbox 200 1700 1789 1787">
     <span class='ocr_line' id='line_1_20' title="bbox 200 1700 1789 1787; baseline 0.003 -20"><span class='ocrx_word' id='word_1_154' title='bbox 200 1716 393 1785; x_wconf 67' lang='grc' dir='ltr'>ἕτερός</span> <span class='ocrx_word' id='word_1_155' title='bbox 444 1717 557 1768; x_wconf 82' lang='grc' dir='ltr'>ἐστι</span> <span class='ocrx_word' id='word_1_156' title='bbox 593 1719 721 1787; x_wconf 82' lang='grc' dir='ltr'>παρ’</span> <span class='ocrx_word' id='word_1_157' title='bbox 748 1715 928 1780; x_wconf 80' lang='grc' dir='ltr'>αὐτὸν,</span> <span class='ocrx_word' id='word_1_158' title='bbox 955 1715 1079 1767; x_wconf 83' lang='grc' dir='ltr'>ὅσον</span> <span class='ocrx_word' id='word_1_159' title='bbox 1110 1716 1189 1779; x_wconf 85' lang='grc' dir='ltr'><strong>είς</strong></span> <span class='ocrx_word' id='word_1_160' title='bbox 1222 1700 1282 1769; x_wconf 86' lang='grc' dir='ltr'><strong>τὸ</strong></span> <span class='ocrx_word' id='word_1_161' title='bbox 1311 1715 1457 1779; x_wconf 87' lang='grc' dir='ltr'>ἰδίως</span> <span class='ocrx_word' id='word_1_162' title='bbox 1505 1717 1789 1787; x_wconf 72' lang='grc' dir='ltr'>ὑπάρχειν,</span> 
     </span>
    </p>
   </div>
   <div class='ocr_carea' id='block_1_21' title="bbox 200 1807 1788 1881">
    <p class='ocr_par' dir='ltr' id='par_1_21' title="bbox 200 1807 1788 1881">
     <span class='ocr_line' id='line_1_21' title="bbox 200 1807 1788 1881; baseline 0.003 -21"><span class='ocrx_word' id='word_1_163' title='bbox 200 1811 250 1861; x_wconf 84' lang='grc' dir='ltr'><strong>εἰ</strong></span> <span class='ocrx_word' id='word_1_164' title='bbox 282 1811 377 1862; x_wconf 78' lang='grc' dir='ltr'><strong>καὶ</strong></span> <span class='ocrx_word' id='word_1_165' title='bbox 407 1810 464 1861; x_wconf 77' lang='grc' dir='ltr'>ἓν</span> <span class='ocrx_word' id='word_1_166' title='bbox 489 1808 637 1862; x_wconf 73' lang='grc' dir='ltr'>ἑστιν</span> <span class='ocrx_word' id='word_1_167' title='bbox 680 1808 753 1872; x_wconf 86' lang='grc' dir='ltr'>ὡς</span> <span class='ocrx_word' id='word_1_168' title='bbox 803 1808 939 1879; x_wconf 73' lang='grc' dir='ltr'>πρὸς</span> <span class='ocrx_word' id='word_1_169' title='bbox 985 1807 1167 1869; x_wconf 69' lang='grc' dir='ltr'>αὐτὸν,</span> <span class='ocrx_word' id='word_1_170' title='bbox 1206 1810 1332 1862; x_wconf 71' lang='grc' dir='ltr'>ὅσον</span> <span class='ocrx_word' id='word_1_171' title='bbox 1356 1810 1435 1873; x_wconf 77' lang='grc' dir='ltr'>εἰς</span> <span class='ocrx_word' id='word_1_172' title='bbox 1456 1810 1554 1881; x_wconf 80' lang='grc' dir='ltr'><strong>τὴν</strong></span> <span class='ocrx_word' id='word_1_173' title='bbox 1581 1811 1679 1879; x_wconf 77' lang='grc' dir='ltr'>τῆς</span> <span class='ocrx_word' id='word_1_174' title='bbox 1700 1812 1788 1864; x_wconf 90' lang='grc' dir='ltr'>οὐ-</span> 
     </span>
    </p>
   </div>
   <div class='ocr_carea' id='block_1_22' title="bbox 199 1897 1784 1969">
    <p class='ocr_par' dir='ltr' id='par_1_22' title="bbox 199 1897 1784 1969">
     <span class='ocr_line' id='line_1_22' title="bbox 199 1897 1784 1969; baseline 0.002 -18"><span class='ocrx_word' id='word_1_175' title='bbox 199 1901 327 1962; x_wconf 81' lang='grc' dir='ltr'>σίας</span> <span class='ocrx_word' id='word_1_176' title='bbox 350 1900 684 1969; x_wconf 79' lang='grc' dir='ltr'>ταυτότητα;</span> <span class='ocrx_word' id='word_1_177' title='bbox 717 1900 777 1951; x_wconf 85' lang='grc' dir='ltr'>Εἰ</span> <span class='ocrx_word' id='word_1_178' title='bbox 808 1897 916 1969; x_wconf 82' lang='grc' dir='ltr'>γὰρ</span> <span class='ocrx_word' id='word_1_179' title='bbox 948 1897 1022 1969; x_wconf 87' lang='grc' dir='ltr'>μὴ</span> <span class='ocrx_word' id='word_1_180' title='bbox 1051 1898 1223 1962; x_wconf 77' lang='grc' dir='ltr'>οὕτως</span> <span class='ocrx_word' id='word_1_181' title='bbox 1242 1899 1384 1969; x_wconf 76' lang='grc' dir='ltr'>ἔχειν</span> <span class='ocrx_word' id='word_1_182' title='bbox 1399 1899 1598 1953; x_wconf 76' lang='grc' dir='ltr'>οἴονταί</span> <span class='ocrx_word' id='word_1_183' title='bbox 1621 1919 1784 1968; x_wconf 85' lang='grc' dir='ltr'>τινες,</span> 
     </span>
    </p>
   </div>
   <div class='ocr_carea' id='block_1_23' title="bbox 195 1985 1791 2064">
    <p class='ocr_par' dir='ltr' id='par_1_23' title="bbox 195 1985 1791 2064">
     <span class='ocr_line' id='line_1_23' title="bbox 195 1985 1791 2064; baseline 0.002 -20"><span class='ocrx_word' id='word_1_184' title='bbox 195 1994 225 2044; x_wconf 85' lang='grc' dir='ltr'><strong>ό</strong></span> <span class='ocrx_word' id='word_1_185' title='bbox 250 1993 417 2054; x_wconf 79' lang='grc' dir='ltr'>αὐτὸς</span> <span class='ocrx_word' id='word_1_186' title='bbox 446 1992 503 2043; x_wconf 82' lang='grc' dir='ltr'>δὲ</span> <span class='ocrx_word' id='word_1_187' title='bbox 534 1991 629 2043; x_wconf 68' lang='grc' dir='ltr'><strong>καὶ</strong></span> <span class='ocrx_word' id='word_1_188' title='bbox 657 1985 737 2053; x_wconf 74' lang='grc' dir='ltr'>εἷς</span> <span class='ocrx_word' id='word_1_189' title='bbox 782 1991 897 2043; x_wconf 78' lang='grc' dir='ltr'>ἐστι</span> <span class='ocrx_word' id='word_1_190' title='bbox 947 1990 1136 2061; x_wconf 83' lang='grc' dir='ltr'>Πατὴρ</span> <span class='ocrx_word' id='word_1_191' title='bbox 1171 1990 1267 2045; x_wconf 70' lang='grc' dir='ltr'><strong>καὶ</strong></span> <span class='ocrx_word' id='word_1_192' title='bbox 1296 1990 1443 2054; x_wconf 86' lang='grc' dir='ltr'>Υἰὸς,</span> <span class='ocrx_word' id='word_1_193' title='bbox 1478 1992 1533 2045; x_wconf 91' lang='grc' dir='ltr'><strong>τί</strong></span> <span class='ocrx_word' id='word_1_194' title='bbox 1567 1991 1641 2064; x_wconf 85' lang='grc' dir='ltr'>μὴ</span> <span class='ocrx_word' id='word_1_195' title='bbox 1674 1993 1791 2047; x_wconf 83' lang='grc' dir='ltr'>’ἐτε-</span> 
     </span>
    </p>
   </div>
   <div class='ocr_carea' id='block_1_24' title="bbox 200 2082 1791 2155">
    <p class='ocr_par' dir='ltr' id='par_1_24' title="bbox 200 2082 1791 2155">
     <span class='ocr_line' id='line_1_24' title="bbox 200 2082 1791 2155; baseline 0 -19"><span class='ocrx_word' id='word_1_196' title='bbox 200 2101 296 2154; x_wconf 82' lang='grc' dir='ltr'><strong>ρον</strong></span> <span class='ocrx_word' id='word_1_197' title='bbox 339 2085 575 2135; x_wconf 79' lang='grc' dir='ltr'>ἐποιεῖτο</span> <span class='ocrx_word' id='word_1_198' title='bbox 604 2082 694 2135; x_wconf 76' lang='grc' dir='ltr'>τὸν</span> <span class='ocrx_word' id='word_1_199' title='bbox 734 2087 832 2151; x_wconf 77' lang='grc' dir='ltr'><strong>της</strong></span> <span class='ocrx_word' id='word_1_200' title='bbox 859 2082 1025 2152; x_wconf 88' lang='grc' dir='ltr'>εὐχης</span> <span class='ocrx_word' id='word_1_201' title='bbox 1053 2082 1251 2153; x_wconf 88' lang='grc' dir='ltr'>τρόπον</span> <span class='ocrx_word' id='word_1_202' title='bbox 1279 2083 1306 2135; x_wconf 90' lang='lat'><strong>6</strong></span> <span class='ocrx_word' id='word_1_203' title='bbox 1344 2084 1791 2155; x_wconf 76' lang='grc' dir='ltr'>πνευματοφ6ρος</span> 
     </span>
    </p>
   </div>
   <div class='ocr_carea' id='block_1_25' title="bbox 196 2166 1789 2246">
    <p class='ocr_par' dir='ltr' id='par_1_25' title="bbox 196 2166 1789 2246">
     <span class='ocr_line' id='line_1_25' title="bbox 196 2166 1789 2246; baseline 0 -19"><span class='ocrx_word' id='word_1_204' title='bbox 196 2174 363 2245; x_wconf 81' lang='grc' dir='ltr'>βοῶν·</span> <span class='ocrx_word' id='word_1_205' title='bbox 407 2173 559 2226; x_wconf 81' lang='grc' dir='ltr'>Ἐλθὲ</span> <span class='ocrx_word' id='word_1_206' title='bbox 589 2172 722 2243; x_wconf 84' lang='grc' dir='ltr'>πρὸς</span> <span class='ocrx_word' id='word_1_207' title='bbox 753 2166 981 2243; x_wconf 53' lang='lat' dir='ltr'><strong>quam}:</strong></span> <span class='ocrx_word' id='word_1_208' title='bbox 1006 2172 1253 2240; x_wconf 72' lang='grc' dir='ltr'>φῶς.,καί</span> <span class='ocrx_word' id='word_1_209' title='bbox 1271 2172 1536 2244; x_wconf 82' lang='grc' dir='ltr'>ἀληθεια;</span> <span class='ocrx_word' id='word_1_210' title='bbox 1578 2174 1789 2246; x_wconf 82' lang='grc' dir='ltr'>Επειδὴ</span> 
     </span>
    </p>
   </div>
   <div class='ocr_carea' id='block_1_26' title="bbox 192 2262 1790 2335">
    <p class='ocr_par' dir='ltr' id='par_1_26' title="bbox 192 2262 1790 2335">
     <span class='ocr_line' id='line_1_26' title="bbox 192 2262 1790 2335; baseline 0.001 -16"><span class='ocrx_word' id='word_1_211' title='bbox 192 2266 253 2319; x_wconf 78' lang='grc' dir='ltr'>δὲ</span> <span class='ocrx_word' id='word_1_212' title='bbox 296 2265 359 2319; x_wconf 79' lang='grc' dir='ltr'>τὸ</span> <span class='ocrx_word' id='word_1_213' title='bbox 415 2265 852 2329; x_wconf 77' lang='grc' dir='ltr'>ἐξαπόστειλον</span> <span class='ocrx_word' id='word_1_214' title='bbox 894 2262 1081 2327; x_wconf 84' lang='grc' dir='ltr'><strong>λέγει,</strong></span> <span class='ocrx_word' id='word_1_215' title='bbox 1111 2263 1269 2335; x_wconf 84' lang='grc' dir='ltr'>δῆλος</span> <span class='ocrx_word' id='word_1_216' title='bbox 1326 2265 1392 2319; x_wconf 84' lang='grc' dir='ltr'><strong>ἂν</strong></span> <span class='ocrx_word' id='word_1_217' title='bbox 1445 2266 1531 2335; x_wconf 74' lang='grc' dir='ltr'><strong>εἴη</strong></span> <span class='ocrx_word' id='word_1_218' title='bbox 1582 2265 1790 2332; x_wconf 80' lang='grc' dir='ltr'>λοιπὸν,</span> 
     </span>
    </p>
   </div>
   <div class='ocr_carea' id='block_1_27' title="bbox 1906 887 3486 969">
    <p class='ocr_par' dir='ltr' id='par_1_27' title="bbox 1906 887 3486 969">
     <span class='ocr_line' id='line_1_27' title="bbox 1906 887 3486 969; baseline -0.003 -24"><span class='ocrx_word' id='word_1_219' title='bbox 1906 900 2092 961; x_wconf 81' lang='lat' dir='ltr'><strong>posset</strong></span> <span class='ocrx_word' id='word_1_220' title='bbox 2124 892 2326 947; x_wconf 88' lang='lat' dir='ltr'><strong>diaboli</strong></span> <span class='ocrx_word' id='word_1_221' title='bbox 2364 893 2547 947; x_wconf 90' lang='lat' dir='ltr'><strong>manui</strong></span> <span class='ocrx_word' id='word_1_222' title='bbox 2588 907 2652 947; x_wconf 88' lang='lat' dir='ltr'><strong>ac</strong></span> <span class='ocrx_word' id='word_1_223' title='bbox 2677 889 2955 963; x_wconf 78' lang='lat' dir='ltr'><strong>tyrannidi</strong></span> <span class='ocrx_word' id='word_1_224' title='bbox 2992 889 3243 945; x_wconf 85' lang='lat' dir='ltr'><strong>subditos</strong></span> <span class='ocrx_word' id='word_1_225' title='bbox 3272 906 3284 942; x_wconf 92' lang='lat'>:</span> <span class='ocrx_word' id='word_1_226' title='bbox 3318 887 3486 969; x_wconf 80' lang='lat' dir='ltr'><strong>adeo-</strong></span> 
     </span>
    </p>
   </div>
   <div class='ocr_carea' id='block_1_28' title="bbox 1903 978 3488 1054">
    <p class='ocr_par' dir='ltr' id='par_1_28' title="bbox 1903 978 3488 1054">
     <span class='ocr_line' id='line_1_28' title="bbox 1903 978 3488 1054; baseline -0.001 -18"><span class='ocrx_word' id='word_1_227' title='bbox 1903 999 2011 1054; x_wconf 86' lang='lat' dir='ltr'><strong>que</strong></span> <span class='ocrx_word' id='word_1_228' title='bbox 2039 986 2187 1040; x_wconf 79' lang='lat' dir='ltr'><strong>velut</strong></span> <span class='ocrx_word' id='word_1_229' title='bbox 2229 982 2298 1039; x_wconf 86' lang='lat' dir='ltr'><strong>ad</strong></span> <span class='ocrx_word' id='word_1_230' title='bbox 2342 983 2514 1038; x_wconf 88' lang='lat' dir='ltr'><strong>Deum</strong></span> <span class='ocrx_word' id='word_1_231' title='bbox 2564 998 2627 1039; x_wconf 91' lang='lat' dir='ltr'><strong>ac</strong></span> <span class='ocrx_word' id='word_1_232' title='bbox 2673 982 2892 1039; x_wconf 87' lang='lat' dir='ltr'><strong>Patrem</strong></span> <span class='ocrx_word' id='word_1_233' title='bbox 2941 981 3197 1036; x_wconf 87' lang='lat' dir='ltr'><strong>dicebat:</strong></span> <span class='ocrx_word' id='word_1_234' title='bbox 3229 1000 3248 1033; x_wconf 79' lang='grc' dir='ltr'><strong>ι</strong></span> <span class='ocrx_word' id='word_1_235' title='bbox 3286 978 3488 1035; x_wconf 82' lang='lat' dir='ltr'><strong>Emitte</strong></span> 
     </span>
    </p>
   </div>
   <div class='ocr_carea' id='block_1_29' title="bbox 1904 1072 3484 1141">
    <p class='ocr_par' dir='ltr' id='par_1_29' title="bbox 1904 1072 3484 1141">
     <span class='ocr_line' id='line_1_29' title="bbox 1904 1072 3484 1141; baseline -0.004 -11"><span class='ocrx_word' id='word_1_236' title='bbox 1904 1076 2079 1132; x_wconf 81' lang='lat' dir='ltr'><strong>lucem</strong></span> <span class='ocrx_word' id='word_1_237' title='bbox 2140 1084 2313 1141; x_wconf 90' lang='lat' dir='ltr'><strong>tuam,</strong></span> <span class='ocrx_word' id='word_1_238' title='bbox 2367 1085 2421 1132; x_wconf 92' lang='lat' dir='ltr'><strong>et</strong></span> <span class='ocrx_word' id='word_1_239' title='bbox 2480 1077 2763 1131; x_wconf 80' lang='lat' dir='ltr'><strong>veritatem</strong></span> <span class='ocrx_word' id='word_1_240' title='bbox 2818 1084 2967 1129; x_wconf 87' lang='lat' dir='ltr'><strong>tuam</strong></span> <span class='ocrx_word' id='word_1_241' title='bbox 3006 1074 3078 1128; x_wconf 83' lang='lat'><strong>”.</strong></span> <span class='ocrx_word' id='word_1_242' title='bbox 3131 1096 3151 1124; x_wconf 75' lang='grc' dir='ltr'><strong>ι</strong></span> <span class='ocrx_word' id='word_1_243' title='bbox 3222 1072 3484 1138; x_wconf 83' lang='lat' dir='ltr'><strong>Qua-nam</strong></span> 
     </span>
    </p>
   </div>
   <div class='ocr_carea' id='block_1_30' title="bbox 1900 1164 3483 1238">
    <p class='ocr_par' dir='ltr' id='par_1_30' title="bbox 1900 1164 3483 1238">
     <span class='ocr_line' id='line_1_30' title="bbox 1900 1164 3483 1238; baseline -0.002 -17"><span class='ocrx_word' id='word_1_244' title='bbox 1900 1167 2071 1238; x_wconf 81' lang='lat' dir='ltr'><strong>igitur</strong></span> <span class='ocrx_word' id='word_1_245' title='bbox 2104 1168 2176 1224; x_wconf 90' lang='lat' dir='ltr'><strong>sit</strong></span> <span class='ocrx_word' id='word_1_246' title='bbox 2215 1167 2307 1222; x_wconf 88' lang='lat' dir='ltr'><strong>illa</strong></span> <span class='ocrx_word' id='word_1_247' title='bbox 2342 1168 2456 1232; x_wconf 80' lang='lat' dir='ltr'><strong>lux,</strong></span> <span class='ocrx_word' id='word_1_248' title='bbox 2492 1178 2545 1222; x_wconf 92' lang='lat' dir='ltr'><strong>et</strong></span> <span class='ocrx_word' id='word_1_249' title='bbox 2575 1182 2823 1238; x_wconf 75' lang='lat' dir='ltr'><strong>quaenam</strong></span> <span class='ocrx_word' id='word_1_250' title='bbox 2864 1168 3094 1231; x_wconf 89' lang='lat' dir='ltr'><strong>veritas,</strong></span> <span class='ocrx_word' id='word_1_251' title='bbox 3138 1165 3319 1236; x_wconf 89' lang='lat' dir='ltr'><strong>ipsum</strong></span> <span class='ocrx_word' id='word_1_252' title='bbox 3355 1164 3483 1218; x_wconf 87' lang='lat' dir='ltr'><strong>andi</strong></span> 
     </span>
    </p>
   </div>
   <div class='ocr_carea' id='block_1_31' title="bbox 1901 1258 3484 1333">
    <p class='ocr_par' dir='ltr' id='par_1_31' title="bbox 1901 1258 3484 1333">
     <span class='ocr_line' id='line_1_31' title="bbox 1901 1258 3484 1333; baseline -0.001 -20"><span class='ocrx_word' id='word_1_253' title='bbox 1901 1258 2101 1314; x_wconf 87' lang='lat' dir='ltr'><strong>Filium</strong></span> <span class='ocrx_word' id='word_1_254' title='bbox 2135 1263 2409 1317; x_wconf 77' lang='lat' dir='ltr'><strong>(licentem</strong></span> <span class='ocrx_word' id='word_1_255' title='bbox 2439 1280 2451 1315; x_wconf 86' lang='lat'><strong>:</strong></span> <span class='ocrx_word' id='word_1_256' title='bbox 2491 1282 2510 1314; x_wconf 87' lang='grc'><strong><em>‹</em></strong></span> <span class='ocrx_word' id='word_1_257' title='bbox 2551 1263 2664 1333; x_wconf 86' lang='lat' dir='ltr'><strong>Ego</strong></span> <span class='ocrx_word' id='word_1_258' title='bbox 2689 1277 2809 1319; x_wconf 87' lang='lat' dir='ltr'><strong>sum</strong></span> <span class='ocrx_word' id='word_1_259' title='bbox 2845 1262 2959 1325; x_wconf 83' lang='lat' dir='ltr'><strong>lux,</strong></span> <span class='ocrx_word' id='word_1_260' title='bbox 2992 1268 3045 1315; x_wconf 91' lang='lat' dir='ltr'><strong>et</strong></span> <span class='ocrx_word' id='word_1_261' title='bbox 3081 1275 3185 1331; x_wconf 82' lang='lat' dir='ltr'><strong>ego</strong></span> <span class='ocrx_word' id='word_1_262' title='bbox 3230 1274 3351 1314; x_wconf 91' lang='lat' dir='ltr'><strong>sum</strong></span> <span class='ocrx_word' id='word_1_263' title='bbox 3386 1273 3484 1311; x_wconf 72' lang='lat' dir='ltr'><strong>ve-</strong></span> 
     </span>
    </p>
   </div>
   <div class='ocr_carea' id='block_1_32' title="bbox 1899 1349 3484 1418">
    <p class='ocr_par' dir='ltr' id='par_1_32' title="bbox 1899 1349 3484 1418">
     <span class='ocr_line' id='line_1_32' title="bbox 1899 1349 3484 1418; baseline -0.002 -15"><span class='ocrx_word' id='word_1_264' title='bbox 1899 1351 2037 1405; x_wconf 87' lang='lat' dir='ltr'><strong>ritas</strong></span> <span class='ocrx_word' id='word_1_265' title='bbox 2054 1351 2124 1405; x_wconf 77' lang='lat'><strong>&quot;.</strong></span> <span class='ocrx_word' id='word_1_266' title='bbox 2162 1371 2181 1404; x_wconf 71' lang='grc' dir='ltr'><strong>ι</strong></span> <span class='ocrx_word' id='word_1_267' title='bbox 2213 1352 2367 1418; x_wconf 90' lang='lat' dir='ltr'><strong>Quod</strong></span> <span class='ocrx_word' id='word_1_268' title='bbox 2416 1354 2461 1407; x_wconf 96' lang='lat' dir='ltr'><strong>si</strong></span> <span class='ocrx_word' id='word_1_269' title='bbox 2518 1353 2585 1408; x_wconf 90' lang='lat' dir='ltr'><strong>ad</strong></span> <span class='ocrx_word' id='word_1_270' title='bbox 2622 1368 2723 1407; x_wconf 89' lang='lat' dir='ltr'><strong>nos</strong></span> <span class='ocrx_word' id='word_1_271' title='bbox 2768 1352 3008 1406; x_wconf 91' lang='lat' dir='ltr'><strong>mittitur</strong></span> <span class='ocrx_word' id='word_1_272' title='bbox 3048 1350 3137 1403; x_wconf 79' lang='lat' dir='ltr'><strong>lux</strong></span> <span class='ocrx_word' id='word_1_273' title='bbox 3175 1358 3229 1404; x_wconf 90' lang='lat' dir='ltr'><strong>et</strong></span> <span class='ocrx_word' id='word_1_274' title='bbox 3281 1349 3484 1403; x_wconf 75' lang='lat' dir='ltr'><strong>veritas</strong></span> 
     </span>
    </p>
   </div>
   <div class='ocr_carea' id='block_1_33' title="bbox 1900 1440 3485 1516">
    <p class='ocr_par' dir='ltr' id='par_1_33' title="bbox 1900 1440 3485 1516">
     <span class='ocr_line' id='line_1_33' title="bbox 1900 1440 3485 1516; baseline -0.003 -20"><span class='ocrx_word' id='word_1_275' title='bbox 1900 1442 2099 1508; x_wconf 79' lang='lat' dir='ltr'><strong>Patris,</strong></span> <span class='ocrx_word' id='word_1_276' title='bbox 2131 1443 2236 1499; x_wconf 89' lang='lat' dir='ltr'><strong>hoc</strong></span> <span class='ocrx_word' id='word_1_277' title='bbox 2271 1452 2355 1500; x_wconf 90' lang='lat' dir='ltr'><strong>est</strong></span> <span class='ocrx_word' id='word_1_278' title='bbox 2391 1444 2590 1509; x_wconf 83' lang='lat' dir='ltr'><strong>Filius,</strong></span> <span class='ocrx_word' id='word_1_279' title='bbox 2626 1443 2907 1516; x_wconf 86' lang='lat' dir='ltr'><strong>quomodo</strong></span> <span class='ocrx_word' id='word_1_280' title='bbox 2963 1457 3075 1497; x_wconf 93' lang='lat' dir='ltr'><strong>non</strong></span> <span class='ocrx_word' id='word_1_281' title='bbox 3109 1440 3251 1495; x_wconf 90' lang='lat' dir='ltr'><strong>alius</strong></span> <span class='ocrx_word' id='word_1_282' title='bbox 3302 1448 3385 1494; x_wconf 89' lang='lat' dir='ltr'><strong>est</strong></span> <span class='ocrx_word' id='word_1_283' title='bbox 3416 1440 3485 1492; x_wconf 91' lang='lat' dir='ltr'><strong>ab</strong></span> 
     </span>
    </p>
   </div>
   <div class='ocr_carea' id='block_1_34' title="bbox 1898 1533 3484 1609">
    <p class='ocr_par' dir='ltr' id='par_1_34' title="bbox 1898 1533 3484 1609">
     <span class='ocr_line' id='line_1_34' title="bbox 1898 1533 3484 1609; baseline -0.003 -21"><span class='ocrx_word' id='word_1_284' title='bbox 1898 1535 2212 1607; x_wconf 86' lang='lat' dir='ltr'><strong>ipso,quod</strong></span> <span class='ocrx_word' id='word_1_285' title='bbox 2250 1537 2314 1591; x_wconf 89' lang='lat' dir='ltr'><strong>ad</strong></span> <span class='ocrx_word' id='word_1_286' title='bbox 2366 1541 2646 1608; x_wconf 84' lang='lat' dir='ltr'><strong>propriam</strong></span> <span class='ocrx_word' id='word_1_287' title='bbox 2692 1537 3021 1609; x_wconf 76' lang='lat' dir='ltr'><strong>liypostasin</strong></span> <span class='ocrx_word' id='word_1_288' title='bbox 3074 1533 3307 1594; x_wconf 85' lang='lat' dir='ltr'><strong>attinet.</strong></span> <span class='ocrx_word' id='word_1_289' title='bbox 3354 1534 3484 1585; x_wconf 81' lang='lat' dir='ltr'><strong>licet</strong></span> 
     </span>
    </p>
   </div>
   <div class='ocr_carea' id='block_1_35' title="bbox 1896 1622 3481 1701">
    <p class='ocr_par' dir='ltr' id='par_1_35' title="bbox 1896 1622 3481 1701">
     <span class='ocr_line' id='line_1_35' title="bbox 1896 1622 3481 1701; baseline -0.004 -20"><span class='ocrx_word' id='word_1_290' title='bbox 1896 1644 2066 1682; x_wconf 88' lang='lat' dir='ltr'><strong>unttm</strong></span> <span class='ocrx_word' id='word_1_291' title='bbox 2099 1630 2167 1684; x_wconf 87' lang='lat' dir='ltr'><strong>sit</strong></span> <span class='ocrx_word' id='word_1_292' title='bbox 2198 1645 2325 1685; x_wconf 91' lang='lat' dir='ltr'><strong>cum</strong></span> <span class='ocrx_word' id='word_1_293' title='bbox 2373 1633 2494 1701; x_wconf 85' lang='lat' dir='ltr'><strong>ipso</strong></span> <span class='ocrx_word' id='word_1_294' title='bbox 2541 1631 2833 1685; x_wconf 88' lang='lat' dir='ltr'><strong>identitate</strong></span> <span class='ocrx_word' id='word_1_295' title='bbox 2878 1626 3238 1683; x_wconf 71' lang='lat' dir='ltr'><strong>substantiae?</strong></span> <span class='ocrx_word' id='word_1_296' title='bbox 3270 1624 3404 1678; x_wconf 86' lang='lat' dir='ltr'><strong>Nam</strong></span> <span class='ocrx_word' id='word_1_297' title='bbox 3436 1622 3481 1676; x_wconf 90' lang='lat' dir='ltr'><strong>si</strong></span> 
     </span>
    </p>
   </div>
   <div class='ocr_carea' id='block_1_36' title="bbox 1895 1716 3482 1790">
    <p class='ocr_par' dir='ltr' id='par_1_36' title="bbox 1895 1716 3482 1790">
     <span class='ocr_line' id='line_1_36' title="bbox 1895 1716 3482 1790; baseline -0.004 -17"><span class='ocrx_word' id='word_1_298' title='bbox 1895 1720 2116 1790; x_wconf 88' lang='lat' dir='ltr'><strong>quidam</strong></span> <span class='ocrx_word' id='word_1_299' title='bbox 2152 1722 2228 1774; x_wconf 89' lang='lat' dir='ltr'><strong>ita</strong></span> <span class='ocrx_word' id='word_1_300' title='bbox 2257 1736 2369 1775; x_wconf 89' lang='lat' dir='ltr'><strong>rem</strong></span> <span class='ocrx_word' id='word_1_301' title='bbox 2401 1736 2523 1775; x_wconf 89' lang='lat' dir='ltr'><strong>esse</strong></span> <span class='ocrx_word' id='word_1_302' title='bbox 2562 1737 2672 1775; x_wconf 91' lang='lat' dir='ltr'><strong>non</strong></span> <span class='ocrx_word' id='word_1_303' title='bbox 2702 1722 3045 1781; x_wconf 82' lang='lat' dir='ltr'><strong>existimant,</strong></span> <span class='ocrx_word' id='word_1_304' title='bbox 3070 1726 3126 1771; x_wconf 87' lang='lat' dir='ltr'><strong>et</strong></span> <span class='ocrx_word' id='word_1_305' title='bbox 3149 1716 3289 1770; x_wconf 91' lang='lat' dir='ltr'><strong>idem</strong></span> <span class='ocrx_word' id='word_1_306' title='bbox 3316 1722 3482 1782; x_wconf 82' lang='lat' dir='ltr'><strong>atque</strong></span> 
     </span>
    </p>
   </div>
   <div class='ocr_carea' id='block_1_37' title="bbox 1898 1806 3481 1884">
    <p class='ocr_par' dir='ltr' id='par_1_37' title="bbox 1898 1806 3481 1884">
     <span class='ocr_line' id='line_1_37' title="bbox 1898 1806 3481 1884; baseline -0.006 -19"><span class='ocrx_word' id='word_1_307' title='bbox 1898 1830 2036 1868; x_wconf 73' lang='lat' dir='ltr'><strong>unus</strong></span> <span class='ocrx_word' id='word_1_308' title='bbox 2058 1820 2143 1869; x_wconf 76' lang='lat' dir='ltr'><strong>est</strong></span> <span class='ocrx_word' id='word_1_309' title='bbox 2164 1812 2331 1868; x_wconf 84' lang='lat' dir='ltr'><strong>Pater</strong></span> <span class='ocrx_word' id='word_1_310' title='bbox 2353 1828 2416 1867; x_wconf 85' lang='lat' dir='ltr'><strong>ac</strong></span> <span class='ocrx_word' id='word_1_311' title='bbox 2438 1813 2652 1869; x_wconf 87' lang='lat' dir='ltr'><strong>Filius:</strong></span> <span class='ocrx_word' id='word_1_312' title='bbox 2680 1814 2873 1884; x_wconf 87' lang='lat' dir='ltr'><strong>quidni</strong></span> <span class='ocrx_word' id='word_1_313' title='bbox 2896 1813 3004 1866; x_wconf 84' lang='lat' dir='ltr'><strong>alio</strong></span> <span class='ocrx_word' id='word_1_314' title='bbox 3032 1809 3296 1881; x_wconf 74' lang='lat' dir='ltr'><strong>precandi</strong></span> <span class='ocrx_word' id='word_1_315' title='bbox 3318 1806 3481 1860; x_wconf 87' lang='lat' dir='ltr'><strong>modo</strong></span> 
     </span>
    </p>
   </div>
   <div class='ocr_carea' id='block_1_38' title="bbox 1894 1898 3476 1975">
    <p class='ocr_par' dir='ltr' id='par_1_38' title="bbox 1894 1898 3476 1975">
     <span class='ocr_line' id='line_1_38' title="bbox 1894 1898 3476 1975; baseline -0.009 -13"><span class='ocrx_word' id='word_1_316' title='bbox 1894 1908 2149 1962; x_wconf 85' lang='lat' dir='ltr'><strong>utebatur</strong></span> <span class='ocrx_word' id='word_1_317' title='bbox 2168 1907 2354 1961; x_wconf 85' lang='lat' dir='ltr'><strong>divino</strong></span> <span class='ocrx_word' id='word_1_318' title='bbox 2384 1905 2592 1975; x_wconf 87' lang='lat' dir='ltr'><strong>Spiritu</strong></span> <span class='ocrx_word' id='word_1_319' title='bbox 2619 1903 2832 1959; x_wconf 84' lang='lat' dir='ltr'><strong>amatus</strong></span> <span class='ocrx_word' id='word_1_320' title='bbox 2882 1900 3174 1957; x_wconf 85' lang='lat' dir='ltr'><strong>Psalinista</strong></span> <span class='ocrx_word' id='word_1_321' title='bbox 3195 1898 3440 1951; x_wconf 89' lang='lat' dir='ltr'><strong>clamans</strong></span> <span class='ocrx_word' id='word_1_322' title='bbox 3464 1914 3476 1948; x_wconf 92' lang='lat'><strong>:</strong></span> 
     </span>
    </p>
   </div>
   <div class='ocr_carea' id='block_1_39' title="bbox 1893 1988 3480 2063">
    <p class='ocr_par' dir='ltr' id='par_1_39' title="bbox 1893 1988 3480 2063">
     <span class='ocr_line' id='line_1_39' title="bbox 1893 1988 3480 2063; baseline -0.011 -10"><span class='ocrx_word' id='word_1_323' title='bbox 1893 1998 2030 2054; x_wconf 80' lang='lat' dir='ltr'><strong>Veni</strong></span> <span class='ocrx_word' id='word_1_324' title='bbox 2062 1997 2127 2053; x_wconf 91' lang='lat' dir='ltr'><strong>ad</strong></span> <span class='ocrx_word' id='word_1_325' title='bbox 2178 2012 2301 2063; x_wconf 90' lang='lat' dir='ltr'><strong>nos,</strong></span> <span class='ocrx_word' id='word_1_326' title='bbox 2334 2012 2368 2050; x_wconf 92' lang='grc' dir='ltr'><strong>ο</strong></span> <span class='ocrx_word' id='word_1_327' title='bbox 2396 1998 2488 2050; x_wconf 82' lang='lat' dir='ltr'><strong>lux</strong></span> <span class='ocrx_word' id='word_1_328' title='bbox 2534 2004 2588 2050; x_wconf 89' lang='lat' dir='ltr'><strong>et</strong></span> <span class='ocrx_word' id='word_1_329' title='bbox 2636 1994 2882 2049; x_wconf 85' lang='lat' dir='ltr'><strong>veritas?</strong></span> <span class='ocrx_word' id='word_1_330' title='bbox 2918 1991 3053 2047; x_wconf 91' lang='lat' dir='ltr'><strong>Cum</strong></span> <span class='ocrx_word' id='word_1_331' title='bbox 3104 1998 3287 2043; x_wconf 88' lang='lat' dir='ltr'><strong>autem</strong></span> <span class='ocrx_word' id='word_1_332' title='bbox 3332 1988 3480 2040; x_wconf 81' lang='lat' dir='ltr'><strong>mitte</strong></span> 
     </span>
    </p>
   </div>
   <div class='ocr_carea' id='block_1_40' title="bbox 1893 2079 3479 2161">
    <p class='ocr_par' dir='ltr' id='par_1_40' title="bbox 1893 2079 3479 2161">
     <span class='ocr_line' id='line_1_40' title="bbox 1893 2079 3479 2161; baseline -0.011 -16"><span class='ocrx_word' id='word_1_333' title='bbox 1893 2090 2072 2155; x_wconf 85' lang='lat' dir='ltr'><strong>dicat,</strong></span> <span class='ocrx_word' id='word_1_334' title='bbox 2114 2091 2304 2161; x_wconf 90' lang='lat' dir='ltr'><strong>utique</strong></span> <span class='ocrx_word' id='word_1_335' title='bbox 2354 2089 2524 2143; x_wconf 86' lang='lat' dir='ltr'><strong>alium</strong></span> <span class='ocrx_word' id='word_1_336' title='bbox 2576 2086 2869 2157; x_wconf 88' lang='lat' dir='ltr'><strong>quemdam</strong></span> <span class='ocrx_word' id='word_1_337' title='bbox 2909 2086 3065 2138; x_wconf 82' lang='lat' dir='ltr'><strong>novit</strong></span> <span class='ocrx_word' id='word_1_338' title='bbox 3112 2080 3204 2151; x_wconf 90' lang='lat' dir='ltr'><strong>qui</strong></span> <span class='ocrx_word' id='word_1_339' title='bbox 3267 2079 3479 2137; x_wconf 80' lang='lat' dir='ltr'><strong>mittat,</strong></span> 
     </span>
    </p>
   </div>
   <div class='ocr_carea' id='block_1_41' title="bbox 1895 2172 3476 2252">
    <p class='ocr_par' dir='ltr' id='par_1_41' title="bbox 1895 2172 3476 2252">
     <span class='ocr_line' id='line_1_41' title="bbox 1895 2172 3476 2252; baseline -0.012 -15"><span class='ocrx_word' id='word_1_340' title='bbox 1895 2183 2086 2248; x_wconf 85' lang='lat' dir='ltr'><strong>alium,</strong></span> <span class='ocrx_word' id='word_1_341' title='bbox 2130 2198 2225 2252; x_wconf 84' lang='lat' dir='ltr'><strong>qui</strong></span> <span class='ocrx_word' id='word_1_342' title='bbox 2266 2184 2538 2235; x_wconf 84' lang='lat' dir='ltr'><strong>mittatur.</strong></span> <span class='ocrx_word' id='word_1_343' title='bbox 2572 2178 2679 2233; x_wconf 91' lang='lat' dir='ltr'><strong>Sed</strong></span> <span class='ocrx_word' id='word_1_344' title='bbox 2726 2177 3009 2233; x_wconf 85' lang='lat' dir='ltr'><strong>missionis</strong></span> <span class='ocrx_word' id='word_1_345' title='bbox 3055 2172 3252 2227; x_wconf 88' lang='lat' dir='ltr'><strong>modus</strong></span> <span class='ocrx_word' id='word_1_346' title='bbox 3283 2184 3380 2240; x_wconf 87' lang='lat' dir='ltr'><strong>pro</strong></span> <span class='ocrx_word' id='word_1_347' title='bbox 3412 2184 3476 2221; x_wconf 83' lang='lat' dir='ltr'><strong>eo</strong></span> 
     </span>
    </p>
   </div>
   <div class='ocr_carea' id='block_1_42' title="bbox 1897 2272 2738 2342">
    <p class='ocr_par' dir='ltr' id='par_1_42' title="bbox 1897 2272 2738 2342">
     <span class='ocr_line' id='line_1_42' title="bbox 1897 2272 2738 2342; baseline -0.004 -15"><span class='ocrx_word' id='word_1_348' title='bbox 1897 2288 1960 2329; x_wconf 91' lang='lat' dir='ltr'><strong>ac</strong></span> <span class='ocrx_word' id='word_1_349' title='bbox 1992 2273 2160 2329; x_wconf 90' lang='lat' dir='ltr'><strong>Deum</strong></span> <span class='ocrx_word' id='word_1_350' title='bbox 2192 2273 2351 2328; x_wconf 88' lang='lat' dir='ltr'><strong>decet</strong></span> <span class='ocrx_word' id='word_1_351' title='bbox 2378 2272 2738 2342; x_wconf 77' lang='lat' dir='ltr'><strong>intelligatur.</strong></span> 
     </span>
    </p>
   </div>
   <div class='ocr_carea' id='block_1_43' title="bbox 193 2351 3475 2436">
    <p class='ocr_par' dir='ltr' id='par_1_43' title="bbox 193 2351 3475 2436">
     <span class='ocr_line' id='line_1_43' title="bbox 193 2351 3475 2436; baseline -0.004 -17"><span class='ocrx_word' id='word_1_352' title='bbox 193 2357 389 2428; x_wconf 73' lang='grc' dir='ltr'>ἕτερον</span> <span class='ocrx_word' id='word_1_353' title='bbox 435 2355 533 2425; x_wconf 82' lang='grc' dir='ltr'>μέν</span> <span class='ocrx_word' id='word_1_354' title='bbox 573 2372 695 2410; x_wconf 82' lang='grc' dir='ltr'><strong>τινα</strong></span> <span class='ocrx_word' id='word_1_355' title='bbox 723 2355 1117 2410; x_wconf 79' lang='grc' dir='ltr'><strong>ἀποστέλλοντα</strong></span> <span class='ocrx_word' id='word_1_356' title='bbox 1157 2354 1313 2419; x_wconf 76' lang='grc' dir='ltr'>εἰδὼς</span> <span class='ocrx_word' id='word_1_357' title='bbox 1336 2398 1351 2424; x_wconf 84' lang='grc'><strong>,</strong></span> <span class='ocrx_word' id='word_1_358' title='bbox 1378 2355 1566 2427; x_wconf 71' lang='grc' dir='ltr'>ἕτερον</span> <span class='ocrx_word' id='word_1_359' title='bbox 1604 2357 1660 2411; x_wconf 83' lang='grc' dir='ltr'>δὲ</span> <span class='ocrx_word' id='word_1_360' title='bbox 1692 2359 1784 2415; x_wconf 84' lang='grc' dir='ltr'><strong>τὸν</strong></span> <span class='ocrx_word' id='word_1_361' title='bbox 1820 2362 2283 2436; x_wconf 78' lang='grc' dir='ltr'>ἀποστελλόμενον</span> <span class='ocrx_word' id='word_1_362' title='bbox 2304 2380 2317 2394; x_wconf 74' lang='grc'>⁸</span> <span class='ocrx_word' id='word_1_363' title='bbox 2383 2365 2412 2417; x_wconf 95' lang='lat'><strong>6</strong></span> <span class='ocrx_word' id='word_1_364' title='bbox 2444 2362 2501 2416; x_wconf 84' lang='grc' dir='ltr'>δὲ</span> <span class='ocrx_word' id='word_1_365' title='bbox 2530 2362 2631 2434; x_wconf 87' lang='grc' dir='ltr'>τῆς</span> <span class='ocrx_word' id='word_1_366' title='bbox 2692 2359 2996 2431; x_wconf 76' lang='grc' dir='ltr'>ἀποστολῆς</span> <span class='ocrx_word' id='word_1_367' title='bbox 3023 2358 3219 2431; x_wconf 80' lang='grc' dir='ltr'>τρόπος</span> <span class='ocrx_word' id='word_1_368' title='bbox 3250 2351 3475 2408; x_wconf 82' lang='grc' dir='ltr'>νοείσθω</span> 
     </span>
    </p>
   </div>
   <div class='ocr_carea' id='block_1_44' title="bbox 194 2445 541 2516">
    <p class='ocr_par' dir='ltr' id='par_1_44' title="bbox 194 2445 541 2516">
     <span class='ocr_line' id='line_1_44' title="bbox 194 2445 541 2516; baseline 0 -19"><span class='ocrx_word' id='word_1_369' title='bbox 194 2445 541 2516; x_wconf 75' lang='grc' dir='ltr'>θεοπρεπῶς.</span> 
     </span>
    </p>
   </div>
   <div class='ocr_carea' id='block_1_45' title="bbox 273 2540 1780 2614">
    <p class='ocr_par' dir='ltr' id='par_1_45' title="bbox 273 2540 1780 2614">
     <span class='ocr_line' id='line_1_45' title="bbox 273 2540 1780 2614; baseline 0.005 -22"><span class='ocrx_word' id='word_1_370' title='bbox 273 2542 506 2595; x_wconf 81' lang='grc' dir='ltr'><strong>ἈΛΛΟ.</strong></span> <span class='ocrx_word' id='word_1_371' title='bbox 547 2540 624 2594; x_wconf 85' lang='grc' dir='ltr'><strong>Δι’</strong></span> <span class='ocrx_word' id='word_1_372' title='bbox 657 2540 787 2594; x_wconf 82' lang='grc' dir='ltr'>Υἱοῦ</span> <span class='ocrx_word' id='word_1_373' title='bbox 820 2540 1248 2612; x_wconf 83' lang='grc' dir='ltr'>πεποιῆσθαιτά</span> <span class='ocrx_word' id='word_1_374' title='bbox 1286 2542 1463 2596; x_wconf 85' lang='grc' dir='ltr'>πάντα</span> <span class='ocrx_word' id='word_1_375' title='bbox 1508 2544 1673 2614; x_wconf 75' lang='grc' dir='ltr'>φασὶν</span> <span class='ocrx_word' id='word_1_376' title='bbox 1721 2546 1780 2601; x_wconf 91' lang='grc' dir='ltr'><strong>αί</strong></span> 
     </span>
    </p>
   </div>
   <div class='ocr_carea' id='block_1_46' title="bbox 192 2633 1790 2705">
    <p class='ocr_par' dir='ltr' id='par_1_46' title="bbox 192 2633 1790 2705">
     <span class='ocr_line' id='line_1_46' title="bbox 192 2633 1790 2705; baseline 0.003 -18"><span class='ocrx_word' id='word_1_377' title='bbox 192 2633 342 2687; x_wconf 84' lang='grc' dir='ltr'>θεῖαι</span> <span class='ocrx_word' id='word_1_378' title='bbox 390 2634 602 2703; x_wconf 72' lang='grc' dir='ltr'>Γραφαὶ</span> <span class='ocrx_word' id='word_1_379' title='bbox 652 2635 720 2686; x_wconf 84' lang='grc' dir='ltr'><strong>τά</strong></span> <span class='ocrx_word' id='word_1_380' title='bbox 755 2633 925 2703; x_wconf 80' lang='grc' dir='ltr'>ὀρατά</span> <span class='ocrx_word' id='word_1_381' title='bbox 961 2635 1053 2688; x_wconf 74' lang='grc' dir='ltr'><strong>καὶ</strong></span> <span class='ocrx_word' id='word_1_382' title='bbox 1092 2636 1161 2687; x_wconf 91' lang='grc' dir='ltr'><strong>τά</strong></span> <span class='ocrx_word' id='word_1_383' title='bbox 1211 2634 1440 2705; x_wconf 82' lang='grc' dir='ltr'>ἀόρατα,</span> <span class='ocrx_word' id='word_1_384' title='bbox 1472 2636 1537 2690; x_wconf 86' lang='grc' dir='ltr'><strong>τά</strong></span> <span class='ocrx_word' id='word_1_385' title='bbox 1582 2638 1641 2691; x_wconf 84' lang='grc' dir='ltr'>ὲν</span> <span class='ocrx_word' id='word_1_386' title='bbox 1678 2640 1790 2702; x_wconf 88' lang='grc' dir='ltr'>τοῖς</span> 
     </span>
    </p>
   </div>
   <div class='ocr_carea' id='block_1_47' title="bbox 193 2724 1791 2797">
    <p class='ocr_par' dir='ltr' id='par_1_47' title="bbox 193 2724 1791 2797">
     <span class='ocr_line' id='line_1_47' title="bbox 193 2724 1791 2797; baseline 0.023 -24"><span class='ocrx_word' id='word_1_387' title='bbox 193 2726 452 2795; x_wconf 68' lang='grc' dir='ltr'>οὐρανοῖς</span> <span class='ocrx_word' id='word_1_388' title='bbox 499 2725 592 2778; x_wconf 76' lang='grc' dir='ltr'><strong>καὶ</strong></span> <span class='ocrx_word' id='word_1_389' title='bbox 620 2724 687 2778; x_wconf 78' lang='grc' dir='ltr'><strong>τά</strong></span> <span class='ocrx_word' id='word_1_390' title='bbox 721 2726 813 2777; x_wconf 78' lang='grc' dir='ltr'><strong>ἐπὶ</strong></span> <span class='ocrx_word' id='word_1_391' title='bbox 846 2726 939 2796; x_wconf 81' lang='grc' dir='ltr'><strong>τῆς</strong></span> <span class='ocrx_word' id='word_1_392' title='bbox 980 2725 1103 2796; x_wconf 81' lang='grc' dir='ltr'><strong>γῆς,</strong></span> <span class='ocrx_word' id='word_1_393' title='bbox 1145 2726 1237 2779; x_wconf 57' lang='grc' dir='ltr'><strong>καὶ</strong></span> <span class='ocrx_word' id='word_1_394' title='bbox 1265 2725 1407 2797; x_wconf 63' lang='grc' dir='ltr'><strong>οὕτω</strong></span> <span class='ocrx_word' id='word_1_395' title='bbox 1445 2728 1791 2795; x_wconf 63' lang='grc' dir='ltr'><strong>πιστεύοντες</strong></span> 
     </span>
    </p>
   </div>
   <div class='ocr_carea' id='block_1_48' title="bbox 193 2816 1789 2892">
    <p class='ocr_par' dir='ltr' id='par_1_48' title="bbox 193 2816 1789 2892">
     <span class='ocr_line' id='line_1_48' title="bbox 193 2816 1789 2892; baseline 0.006 -24"><span class='ocrx_word' id='word_1_396' title='bbox 193 2819 254 2869; x_wconf 75' lang='grc' dir='ltr'>ἐν</span> <span class='ocrx_word' id='word_1_397' title='bbox 292 2817 546 2887; x_wconf 78' lang='grc' dir='ltr'>ὀρθότητι</span> <span class='ocrx_word' id='word_1_398' title='bbox 579 2816 877 2887; x_wconf 81' lang='grc' dir='ltr'>λογισμῶν,</span> <span class='ocrx_word' id='word_1_399' title='bbox 896 2818 990 2870; x_wconf 73' lang='grc' dir='ltr'><strong>καὶ</strong></span> <span class='ocrx_word' id='word_1_400' title='bbox 1024 2819 1129 2871; x_wconf 83' lang='grc' dir='ltr'>τῶν</span> <span class='ocrx_word' id='word_1_401' title='bbox 1159 2819 1257 2889; x_wconf 83' lang='grc' dir='ltr'><strong>τῆς</strong></span> <span class='ocrx_word' id='word_1_402' title='bbox 1281 2820 1562 2885; x_wconf 81' lang='grc' dir='ltr'>εὐσεϐείας</span> <span class='ocrx_word' id='word_1_403' title='bbox 1588 2821 1789 2892; x_wconf 82' lang='grc' dir='ltr'>δογμά-</span> 
     </span>
    </p>
   </div>
   <div class='ocr_carea' id='block_1_49' title="bbox 191 2907 1781 2984">
    <p class='ocr_par' dir='ltr' id='par_1_49' title="bbox 191 2907 1781 2984">
     <span class='ocr_line' id='line_1_49' title="bbox 191 2907 1781 2984; baseline 0.004 -25"><span class='ocrx_word' id='word_1_404' title='bbox 191 2924 305 2960; x_wconf 88' lang='grc' dir='ltr'><strong>των</strong></span> <span class='ocrx_word' id='word_1_405' title='bbox 341 2909 474 2960; x_wconf 79' lang='grc' dir='ltr'>εἴσω</span> <span class='ocrx_word' id='word_1_406' title='bbox 520 2907 833 2979; x_wconf 75' lang='grc' dir='ltr'>βεϐήκαμεν</span> <span class='ocrx_word' id='word_1_407' title='bbox 869 2910 916 2962; x_wconf 82' lang='grc' dir='ltr'>οἱ</span> <span class='ocrx_word' id='word_1_408' title='bbox 958 2909 1055 2979; x_wconf 82' lang='grc' dir='ltr'>τῆς</span> <span class='ocrx_word' id='word_1_409' title='bbox 1087 2909 1347 2981; x_wconf 81' lang='grc' dir='ltr'>ἀληθείας</span> <span class='ocrx_word' id='word_1_410' title='bbox 1389 2914 1781 2984; x_wconf 71' lang='grc' dir='ltr'>προσκυνητεί.</span> 
     </span>
    </p>
   </div>
   <div class='ocr_carea' id='block_1_50' title="bbox 193 2997 1782 3076">
    <p class='ocr_par' dir='ltr' id='par_1_50' title="bbox 193 2997 1782 3076">
     <span class='ocr_line' id='line_1_50' title="bbox 193 2997 1782 3076; baseline 0.003 -25"><span class='ocrx_word' id='word_1_411' title='bbox 193 2999 409 3051; x_wconf 66' lang='grc' dir='ltr'>Οὐκοῦν</span> <span class='ocrx_word' id='word_1_412' title='bbox 432 2999 771 3068; x_wconf 76' lang='grc' dir='ltr'>ἐξετάσωμεν</span> <span class='ocrx_word' id='word_1_413' title='bbox 795 2999 857 3053; x_wconf 77' lang='grc' dir='ltr'><strong>τὸ</strong></span> <span class='ocrx_word' id='word_1_414' title='bbox 892 2997 988 3053; x_wconf 83' lang='grc' dir='ltr'>διὰ</span> <span class='ocrx_word' id='word_1_415' title='bbox 1016 3002 1120 3056; x_wconf 88' lang='grc' dir='ltr'>τοῦ</span> <span class='ocrx_word' id='word_1_416' title='bbox 1159 3003 1317 3067; x_wconf 82' lang='grc' dir='ltr'>Υίοῦ,</span> <span class='ocrx_word' id='word_1_417' title='bbox 1345 3004 1439 3056; x_wconf 76' lang='grc' dir='ltr'>καὶ</span> <span class='ocrx_word' id='word_1_418' title='bbox 1464 3002 1618 3058; x_wconf 47' lang='grc' dir='ltr'>ποία..</span> <span class='ocrx_word' id='word_1_419' title='bbox 1651 3007 1782 3076; x_wconf 72' lang='grc' dir='ltr'>ημῖν</span> 
     </span>
    </p>
   </div>
   <div class='ocr_carea' id='block_1_51' title="bbox 192 3090 1781 3167">
    <p class='ocr_par' dir='ltr' id='par_1_51' title="bbox 192 3090 1781 3167">
     <span class='ocr_line' id='line_1_51' title="bbox 192 3090 1781 3167; baseline 0.006 -26"><span class='ocrx_word' id='word_1_420' title='bbox 192 3090 443 3161; x_wconf 65' lang='grc' dir='ltr'>εἰσφέρει</span> <span class='ocrx_word' id='word_1_421' title='bbox 469 3091 566 3159; x_wconf 76' lang='grc' dir='ltr'>τὴν</span> <span class='ocrx_word' id='word_1_422' title='bbox 592 3090 829 3145; x_wconf 79' lang='grc' dir='ltr'>διάνοιαν</span> <span class='ocrx_word' id='word_1_423' title='bbox 853 3093 1255 3164; x_wconf 84' lang='grc' dir='ltr'>ἐρευνήσωμεν.</span> <span class='ocrx_word' id='word_1_424' title='bbox 1292 3094 1429 3147; x_wconf 85' lang='grc' dir='ltr'>Ἀλλ’</span> <span class='ocrx_word' id='word_1_425' title='bbox 1460 3094 1573 3149; x_wconf 76' lang='grc' dir='ltr'>ἔστι</span> <span class='ocrx_word' id='word_1_426' title='bbox 1604 3096 1781 3167; x_wconf 78' lang='grc' dir='ltr'>δῆλον,</span> 
     </span>
    </p>
   </div>
   <div class='ocr_carea' id='block_1_52' title="bbox 189 3183 1779 3255">
    <p class='ocr_par' dir='ltr' id='par_1_52' title="bbox 189 3183 1779 3255">
     <span class='ocr_line' id='line_1_52' title="bbox 189 3183 1779 3255; baseline 0.005 -19"><span class='ocrx_word' id='word_1_427' title='bbox 189 3183 268 3244; x_wconf 83' lang='grc' dir='ltr'>ὡς</span> <span class='ocrx_word' id='word_1_428' title='bbox 294 3185 481 3255; x_wconf 77' lang='grc' dir='ltr'>ἕτερον</span> <span class='ocrx_word' id='word_1_429' title='bbox 513 3186 611 3255; x_wconf 80' lang='grc' dir='ltr'>μέν</span> <span class='ocrx_word' id='word_1_430' title='bbox 642 3203 763 3240; x_wconf 89' lang='grc' dir='ltr'>τινα</span> <span class='ocrx_word' id='word_1_431' title='bbox 785 3190 924 3241; x_wconf 85' lang='grc' dir='ltr'>νοεῖν</span> <span class='ocrx_word' id='word_1_432' title='bbox 951 3187 1233 3241; x_wconf 83' lang='grc' dir='ltr'>ἀναπείθει</span> <span class='ocrx_word' id='word_1_433' title='bbox 1260 3190 1349 3242; x_wconf 86' lang='grc' dir='ltr'><strong>τὸν</strong></span> <span class='ocrx_word' id='word_1_434' title='bbox 1380 3193 1635 3245; x_wconf 83' lang='grc' dir='ltr'>ποιοῦντα</span> <span class='ocrx_word' id='word_1_435' title='bbox 1684 3193 1779 3246; x_wconf 76' lang='grc' dir='ltr'>καὶ</span> 
     </span>
    </p>
   </div>
   <div class='ocr_carea' id='block_1_53' title="bbox 191 3252 1850 3355">
    <p class='ocr_par' dir='ltr' id='par_1_53' title="bbox 191 3252 1850 3355">
     <span class='ocr_line' id='line_1_53' title="bbox 191 3252 1850 3355; baseline 0.008 -29"><span class='ocrx_word' id='word_1_436' title='bbox 191 3252 587 3346; x_wconf 74' lang='grc' dir='ltr'>ἐργαζόμενον,</span> <span class='ocrx_word' id='word_1_437' title='bbox 618 3277 802 3349; x_wconf 71' lang='grc' dir='ltr'>ἕτερον</span> <span class='ocrx_word' id='word_1_438' title='bbox 828 3278 884 3331; x_wconf 80' lang='grc' dir='ltr'>δέ</span> <span class='ocrx_word' id='word_1_439' title='bbox 921 3296 1042 3332; x_wconf 89' lang='grc' dir='ltr'>τινα</span> <span class='ocrx_word' id='word_1_440' title='bbox 1066 3280 1156 3334; x_wconf 81' lang='grc' dir='ltr'><strong>τὸν</strong></span> <span class='ocrx_word' id='word_1_441' title='bbox 1177 3281 1254 3334; x_wconf 84' lang='grc' dir='ltr'>δι’</span> <span class='ocrx_word' id='word_1_442' title='bbox 1280 3276 1340 3336; x_wconf 73' lang='grc' dir='ltr'>οὗ</span> <span class='ocrx_word' id='word_1_443' title='bbox 1374 3282 1443 3336; x_wconf 87' lang='grc' dir='ltr'><strong>τά</strong></span> <span class='ocrx_word' id='word_1_444' title='bbox 1487 3284 1662 3339; x_wconf 86' lang='grc' dir='ltr'>πάντα</span> <span class='ocrx_word' id='word_1_445' title='bbox 1688 3287 1781 3355; x_wconf 79' lang='grc' dir='ltr'><strong>ὲρ·</strong></span> <span class='ocrx_word' id='word_1_446' title='bbox 1809 3252 1850 3309; x_wconf 77' lang='lat' dir='ltr'>C</span> 
     </span>
    </p>
   </div>
   <div class='ocr_carea' id='block_1_54' title="bbox 190 3364 1785 3447">
    <p class='ocr_par' dir='ltr' id='par_1_54' title="bbox 190 3364 1785 3447">
     <span class='ocr_line' id='line_1_54' title="bbox 190 3364 1785 3447; baseline 0.006 -28"><span class='ocrx_word' id='word_1_447' title='bbox 190 3364 443 3434; x_wconf 75' lang='grc' dir='ltr'>γάζεται.</span> <span class='ocrx_word' id='word_1_448' title='bbox 474 3366 579 3420; x_wconf 87' lang='grc' dir='ltr'>Δύο</span> <span class='ocrx_word' id='word_1_449' title='bbox 608 3367 717 3439; x_wconf 78' lang='grc' dir='ltr'><strong>γὰρ</strong></span> <span class='ocrx_word' id='word_1_450' title='bbox 756 3370 1066 3440; x_wconf 86' lang='grc' dir='ltr'>προσώπων</span> <span class='ocrx_word' id='word_1_451' title='bbox 1096 3370 1172 3434; x_wconf 83' lang='grc' dir='ltr'>ὼς</span> <span class='ocrx_word' id='word_1_452' title='bbox 1219 3371 1277 3439; x_wconf 79' lang='grc' dir='ltr'><strong>ἐξ</strong></span> <span class='ocrx_word' id='word_1_453' title='bbox 1319 3374 1564 3444; x_wconf 80' lang='grc' dir='ltr'><strong>ἀνάγκης</strong></span> <span class='ocrx_word' id='word_1_454' title='bbox 1607 3376 1785 3447; x_wconf 84' lang='grc' dir='ltr'>παρά-</span> 
     </span>
    </p>
   </div>
   <div class='ocr_carea' id='block_1_55' title="bbox 194 3459 1783 3533">
    <p class='ocr_par' dir='ltr' id='par_1_55' title="bbox 194 3459 1783 3533">
     <span class='ocr_line' id='line_1_55' title="bbox 194 3459 1783 3533; baseline 0.007 -23"><span class='ocrx_word' id='word_1_455' title='bbox 194 3475 390 3511; x_wconf 69' lang='grc' dir='ltr'>στασιν</span> <span class='ocrx_word' id='word_1_456' title='bbox 446 3459 560 3528; x_wconf 76' lang='grc' dir='ltr'>ἔχει</span> <span class='ocrx_word' id='word_1_457' title='bbox 617 3460 703 3512; x_wconf 87' lang='grc' dir='ltr'>τὸ·</span> <span class='ocrx_word' id='word_1_458' title='bbox 735 3460 809 3515; x_wconf 83' lang='grc' dir='ltr'>δι’</span> <span class='ocrx_word' id='word_1_459' title='bbox 854 3463 994 3516; x_wconf 82' lang='grc' dir='ltr'>Υίοῦ</span> <span class='ocrx_word' id='word_1_460' title='bbox 1036 3462 1069 3533; x_wconf 81' lang='grc' dir='ltr'>ἢ</span> <span class='ocrx_word' id='word_1_461' title='bbox 1126 3462 1431 3531; x_wconf 78' lang='grc' dir='ltr'>λεγέτωσαν</span> <span class='ocrx_word' id='word_1_462' title='bbox 1477 3466 1617 3519; x_wconf 83' lang='grc' dir='ltr'>κατὰ</span> <span class='ocrx_word' id='word_1_463' title='bbox 1663 3468 1783 3522; x_wconf 82' lang='grc' dir='ltr'>τίνα</span> 
     </span>
    </p>
   </div>
   <div class='ocr_carea' id='block_1_56' title="bbox 191 3549 1785 3625">
    <p class='ocr_par' dir='ltr' id='par_1_56' title="bbox 191 3549 1785 3625">
     <span class='ocr_line' id='line_1_56' title="bbox 191 3549 1785 3625; baseline 0.007 -24"><span class='ocrx_word' id='word_1_464' title='bbox 191 3549 398 3618; x_wconf 76' lang='grc' dir='ltr'>τρόπον</span> <span class='ocrx_word' id='word_1_465' title='bbox 425 3550 486 3602; x_wconf 70' lang='grc' dir='ltr'>τὸ</span> <span class='ocrx_word' id='word_1_466' title='bbox 512 3550 570 3603; x_wconf 86' lang='grc' dir='ltr'>ἓν</span> <span class='ocrx_word' id='word_1_467' title='bbox 598 3551 673 3613; x_wconf 86' lang='grc' dir='ltr'>ὡς</span> <span class='ocrx_word' id='word_1_468' title='bbox 706 3552 764 3604; x_wconf 84' lang='grc' dir='ltr'>ὲν</span> <span class='ocrx_word' id='word_1_469' title='bbox 801 3552 1041 3624; x_wconf 82' lang='grc' dir='ltr'>ἀριθμῷ,</span> <span class='ocrx_word' id='word_1_470' title='bbox 1066 3556 1159 3608; x_wconf 82' lang='grc' dir='ltr'><strong>καὶ</strong></span> <span class='ocrx_word' id='word_1_471' title='bbox 1183 3557 1248 3625; x_wconf 82' lang='grc' dir='ltr'>τῇ</span> <span class='ocrx_word' id='word_1_472' title='bbox 1279 3557 1401 3609; x_wconf 82' lang='grc' dir='ltr'>κατ’</span> <span class='ocrx_word' id='word_1_473' title='bbox 1433 3558 1593 3610; x_wconf 77' lang='grc' dir='ltr'>αὐτὸν</span> <span class='ocrx_word' id='word_1_474' title='bbox 1624 3560 1785 3612; x_wconf 85' lang='grc' dir='ltr'>ποσό-</span> 
     </span>
    </p>
   </div>
   <div class='ocr_carea' id='block_1_57' title="bbox 191 3641 1786 3721">
    <p class='ocr_par' dir='ltr' id='par_1_57' title="bbox 191 3641 1786 3721">
     <span class='ocr_line' id='line_1_57' title="bbox 191 3641 1786 3721; baseline 0.007 -29"><span class='ocrx_word' id='word_1_475' title='bbox 191 3657 318 3709; x_wconf 77' lang='grc' dir='ltr'>τητι</span> <span class='ocrx_word' id='word_1_476' title='bbox 362 3642 421 3694; x_wconf 81' lang='grc' dir='ltr'><strong>ἐν</strong></span> <span class='ocrx_word' id='word_1_477' title='bbox 469 3641 543 3711; x_wconf 82' lang='grc' dir='ltr'><strong>τῷ</strong></span> <span class='ocrx_word' id='word_1_478' title='bbox 595 3659 648 3694; x_wconf 85' lang='grc' dir='ltr'><strong>τι</strong></span> <span class='ocrx_word' id='word_1_479' title='bbox 691 3646 865 3696; x_wconf 79' lang='grc' dir='ltr'>ποιεῖν</span> <span class='ocrx_word' id='word_1_480' title='bbox 896 3645 1171 3713; x_wconf 80' lang='grc' dir='ltr'>λέγεσθαι,</span> <span class='ocrx_word' id='word_1_481' title='bbox 1204 3646 1264 3698; x_wconf 84' lang='grc' dir='ltr'><strong>τὸ</strong></span> <span class='ocrx_word' id='word_1_482' title='bbox 1292 3646 1365 3699; x_wconf 82' lang='grc' dir='ltr'>δι’</span> <span class='ocrx_word' id='word_1_483' title='bbox 1404 3649 1537 3702; x_wconf 79' lang='grc' dir='ltr'>Υίεῦ</span> <span class='ocrx_word' id='word_1_484' title='bbox 1583 3660 1786 3721; x_wconf 75' lang='grc' dir='ltr'>κυρίως</span> 
     </span>
    </p>
   </div>
   <div class='ocr_carea' id='block_1_58' title="bbox 193 3732 1780 3809">
    <p class='ocr_par' dir='ltr' id='par_1_58' title="bbox 193 3732 1780 3809">
     <span class='ocr_line' id='line_1_58' title="bbox 193 3732 1780 3809; baseline 0.006 -25"><span class='ocrx_word' id='word_1_485' title='bbox 193 3734 289 3784; x_wconf 73' lang='grc' dir='ltr'><strong>καὶ</strong></span> <span class='ocrx_word' id='word_1_486' title='bbox 343 3732 553 3803; x_wconf 75' lang='grc' dir='ltr'>ἀληθῶς</span> <span class='ocrx_word' id='word_1_487' title='bbox 594 3735 930 3802; x_wconf 82' lang='grc' dir='ltr'>ἑπιδὲξεται,</span> <span class='ocrx_word' id='word_1_488' title='bbox 966 3737 1177 3801; x_wconf 80' lang='grc' dir='ltr'>οὐδενὸς</span> <span class='ocrx_word' id='word_1_489' title='bbox 1208 3739 1396 3809; x_wconf 80' lang='grc' dir='ltr'>ἐτέρου</span> <span class='ocrx_word' id='word_1_490' title='bbox 1438 3756 1780 3794; x_wconf 84' lang='grc' dir='ltr'>συνεπινοου-</span> 
     </span>
    </p>
   </div>
   <div class='ocr_carea' id='block_1_59' title="bbox 194 3824 1783 3900">
    <p class='ocr_par' dir='ltr' id='par_1_59' title="bbox 194 3824 1783 3900">
     <span class='ocr_line' id='line_1_59' title="bbox 194 3824 1783 3900; baseline 0.006 -25"><span class='ocrx_word' id='word_1_491' title='bbox 194 3824 360 3894; x_wconf 72' lang='grc' dir='ltr'>μένον</span> <span class='ocrx_word' id='word_1_492' title='bbox 411 3826 504 3878; x_wconf 66' lang='grc' dir='ltr'><strong>καὶ</strong></span> <span class='ocrx_word' id='word_1_493' title='bbox 558 3828 1024 3897; x_wconf 77' lang='grc' dir='ltr'>συνειστρέχοντος</span> <span class='ocrx_word' id='word_1_494' title='bbox 1066 3846 1080 3859; x_wconf 73' lang='grc' dir='ltr'><strong>ο</strong></span> <span class='ocrx_word' id='word_1_495' title='bbox 1113 3830 1229 3883; x_wconf 86' lang='grc' dir='ltr'>ἀλλ’</span> <span class='ocrx_word' id='word_1_496' title='bbox 1275 3826 1427 3900; x_wconf 71' lang='grc' dir='ltr'>οἶμαι</span> <span class='ocrx_word' id='word_1_497' title='bbox 1505 3833 1783 3897; x_wconf 77' lang='grc' dir='ltr'>παντελως</span> 
     </span>
    </p>
   </div>
   <div class='ocr_carea' id='block_1_60' title="bbox 192 3918 1782 3995">
    <p class='ocr_par' dir='ltr' id='par_1_60' title="bbox 192 3918 1782 3995">
     <span class='ocr_line' id='line_1_60' title="bbox 192 3918 1782 3995; baseline 0.006 -27"><span class='ocrx_word' id='word_1_498' title='bbox 192 3919 497 3985; x_wconf 59' lang='grc' dir='ltr'>ἀπορήσειν</span> <span class='ocrx_word' id='word_1_499' title='bbox 526 3918 649 3981; x_wconf 72' lang='grc' dir='ltr'>τοὺς</span> <span class='ocrx_word' id='word_1_500' title='bbox 681 3918 746 3970; x_wconf 80' lang='grc' dir='ltr'>δι’</span> <span class='ocrx_word' id='word_1_501' title='bbox 775 3920 1039 3982; x_wconf 81' lang='grc' dir='ltr'>ἐναντίας.</span> <span class='ocrx_word' id='word_1_502' title='bbox 1080 3921 1291 3992; x_wconf 79' lang='grc' dir='ltr'>Ἐπειδὴ</span> <span class='ocrx_word' id='word_1_503' title='bbox 1324 3923 1379 3975; x_wconf 80' lang='grc' dir='ltr'>δὲ</span> <span class='ocrx_word' id='word_1_504' title='bbox 1427 3924 1521 3977; x_wconf 79' lang='grc' dir='ltr'><strong>τὸν</strong></span> <span class='ocrx_word' id='word_1_505' title='bbox 1566 3925 1782 3995; x_wconf 76' lang='grc' dir='ltr'>Πατέρα</span> 
     </span>
    </p>
   </div>
   <div class='ocr_carea' id='block_1_61' title="bbox 190 4011 1780 4087">
    <p class='ocr_par' dir='ltr' id='par_1_61' title="bbox 190 4011 1780 4087">
     <span class='ocr_line' id='line_1_61' title="bbox 190 4011 1780 4087; baseline 0.004 -24"><span class='ocrx_word' id='word_1_506' title='bbox 190 4012 259 4063; x_wconf 78' lang='grc' dir='ltr'>δι’</span> <span class='ocrx_word' id='word_1_507' title='bbox 294 4011 426 4063; x_wconf 85' lang='grc' dir='ltr'><strong>Υἱοῦ</strong></span> <span class='ocrx_word' id='word_1_508' title='bbox 465 4012 530 4063; x_wconf 66' lang='grc' dir='ltr'>τὰ</span> <span class='ocrx_word' id='word_1_509' title='bbox 573 4012 750 4065; x_wconf 78' lang='grc' dir='ltr'>πάντα</span> <span class='ocrx_word' id='word_1_510' title='bbox 785 4012 1090 4082; x_wconf 84' lang='grc' dir='ltr'>εἰργάσθαι,</span> <span class='ocrx_word' id='word_1_511' title='bbox 1112 4015 1206 4066; x_wconf 72' lang='grc' dir='ltr'><strong>καὶ</strong></span> <span class='ocrx_word' id='word_1_512' title='bbox 1237 4015 1394 4067; x_wconf 76' lang='grc' dir='ltr'>αὐταὶ</span> <span class='ocrx_word' id='word_1_513' title='bbox 1424 4016 1780 4087; x_wconf 76' lang='grc' dir='ltr'>κηρύττουσιν</span> 
     </span>
    </p>
   </div>
   <div class='ocr_carea' id='block_1_62' title="bbox 192 4104 1781 4176">
    <p class='ocr_par' dir='ltr' id='par_1_62' title="bbox 192 4104 1781 4176">
     <span class='ocr_line' id='line_1_62' title="bbox 192 4104 1781 4176; baseline 0.003 -19"><span class='ocrx_word' id='word_1_514' title='bbox 192 4106 249 4157; x_wconf 75' lang='grc' dir='ltr'>αἱ</span> <span class='ocrx_word' id='word_1_515' title='bbox 282 4104 426 4156; x_wconf 82' lang='grc' dir='ltr'>θεῖαι</span> <span class='ocrx_word' id='word_1_516' title='bbox 452 4104 685 4174; x_wconf 67' lang='grc' dir='ltr'>Γραφαὶ,</span> <span class='ocrx_word' id='word_1_517' title='bbox 721 4105 816 4156; x_wconf 80' lang='grc' dir='ltr'><strong>καὶ</strong></span> <span class='ocrx_word' id='word_1_518' title='bbox 848 4105 1009 4173; x_wconf 81' lang='grc' dir='ltr'>ἡμεῖς</span> <span class='ocrx_word' id='word_1_519' title='bbox 1044 4105 1369 4175; x_wconf 86' lang='grc' dir='ltr'>πιστεύομεν</span> <span class='ocrx_word' id='word_1_520' title='bbox 1390 4147 1402 4169; x_wconf 90' lang='grc'><strong>,</strong></span> <span class='ocrx_word' id='word_1_521' title='bbox 1433 4104 1585 4176; x_wconf 73' lang='grc' dir='ltr'>οἶμαι</span> <span class='ocrx_word' id='word_1_522' title='bbox 1614 4108 1670 4161; x_wconf 71' lang='grc' dir='ltr'>δὲ</span> <span class='ocrx_word' id='word_1_523' title='bbox 1699 4109 1781 4161; x_wconf 80' lang='grc' dir='ltr'>ὅτι</span> 
     </span>
    </p>
   </div>
   <div class='ocr_carea' id='block_1_63' title="bbox 193 4193 1774 4266">
    <p class='ocr_par' dir='ltr' id='par_1_63' title="bbox 193 4193 1774 4266">
     <span class='ocr_line' id='line_1_63' title="bbox 193 4193 1774 4266; baseline 0.004 -22"><span class='ocrx_word' id='word_1_524' title='bbox 193 4197 446 4254; x_wconf 78' lang='grc' dir='ltr'>κακεῖνος</span> <span class='ocrx_word' id='word_1_525' title='bbox 467 4209 479 4221; x_wconf 89' lang='grc'><strong>·</strong></span> <span class='ocrx_word' id='word_1_526' title='bbox 510 4193 626 4255; x_wconf 81' lang='grc' dir='ltr'>πῶς</span> <span class='ocrx_word' id='word_1_527' title='bbox 665 4193 764 4245; x_wconf 84' lang='grc' dir='ltr'><strong>οὐκ</strong></span> <span class='ocrx_word' id='word_1_528' title='bbox 806 4193 1020 4262; x_wconf 80' lang='grc' dir='ltr'>ἀνάγκη</span> <span class='ocrx_word' id='word_1_529' title='bbox 1067 4196 1205 4245; x_wconf 80' lang='grc' dir='ltr'>νοεῖν</span> <span class='ocrx_word' id='word_1_530' title='bbox 1240 4195 1457 4266; x_wconf 79' lang='grc' dir='ltr'>Πατέρα</span> <span class='ocrx_word' id='word_1_531' title='bbox 1486 4196 1583 4265; x_wconf 82' lang='grc' dir='ltr'><strong>μὲν</strong></span> <span class='ocrx_word' id='word_1_532' title='bbox 1612 4197 1774 4263; x_wconf 87' lang='grc' dir='ltr'>ἰδίως,</span> 
     </span>
    </p>
   </div>
   <div class='ocr_carea' id='block_1_64' title="bbox 191 4281 1776 4355">
    <p class='ocr_par' dir='ltr' id='par_1_64' title="bbox 191 4281 1776 4355">
     <span class='ocr_line' id='line_1_64' title="bbox 191 4281 1776 4355; baseline 0.003 -22"><span class='ocrx_word' id='word_1_533' title='bbox 191 4282 268 4345; x_wconf 78' lang='grc' dir='ltr'>ὡς</span> <span class='ocrx_word' id='word_1_534' title='bbox 304 4281 426 4333; x_wconf 77' lang='grc' dir='ltr'>καθ’</span> <span class='ocrx_word' id='word_1_535' title='bbox 460 4282 653 4334; x_wconf 73' lang='grc' dir='ltr'>ἑαυτὸν</span> <span class='ocrx_word' id='word_1_536' title='bbox 712 4282 1030 4350; x_wconf 75' lang='grc' dir='ltr'>ὐφεστᾶναι,</span> <span class='ocrx_word' id='word_1_537' title='bbox 1067 4282 1193 4335; x_wconf 78' lang='grc' dir='ltr'>Υἰὸν</span> <span class='ocrx_word' id='word_1_538' title='bbox 1230 4282 1287 4335; x_wconf 85' lang='grc' dir='ltr'>δὲ</span> <span class='ocrx_word' id='word_1_539' title='bbox 1340 4283 1501 4337; x_wconf 79' lang='grc' dir='ltr'>πάλιν</span> <span class='ocrx_word' id='word_1_540' title='bbox 1554 4285 1776 4355; x_wconf 74' lang='grc' dir='ltr'>ὁμοίως,</span> 
     </span>
    </p>
   </div>
   <div class='ocr_carea' id='block_1_65' title="bbox 190 4372 1778 4445">
    <p class='ocr_par' dir='ltr' id='par_1_65' title="bbox 190 4372 1778 4445">
     <span class='ocr_line' id='line_1_65' title="bbox 190 4372 1778 4445; baseline 0.003 -20"><span class='ocrx_word' id='word_1_541' title='bbox 190 4375 294 4425; x_wconf 74' lang='grc' dir='ltr'><strong>οὐκ</strong></span> <span class='ocrx_word' id='word_1_542' title='bbox 325 4373 723 4443; x_wconf 79' lang='grc' dir='ltr'>ἀνατρέποντος</span> <span class='ocrx_word' id='word_1_543' title='bbox 752 4374 941 4425; x_wconf 85' lang='grc' dir='ltr'>τούτου</span> <span class='ocrx_word' id='word_1_544' title='bbox 971 4372 1031 4425; x_wconf 70' lang='grc' dir='ltr'>τὸ</span> <span class='ocrx_word' id='word_1_545' title='bbox 1058 4374 1115 4425; x_wconf 81' lang='grc' dir='ltr'>ἐν</span> <span class='ocrx_word' id='word_1_546' title='bbox 1144 4374 1429 4445; x_wconf 80' lang='grc' dir='ltr'>ταυτότητι</span> <span class='ocrx_word' id='word_1_547' title='bbox 1462 4376 1560 4445; x_wconf 84' lang='grc' dir='ltr'><strong>τῆς</strong></span> <span class='ocrx_word' id='word_1_548' title='bbox 1593 4376 1778 4440; x_wconf 81' lang='grc' dir='ltr'>οὐσίας</span> 
     </span>
    </p>
   </div>
   <div class='ocr_carea' id='block_1_66' title="bbox 190 4464 1012 4535">
    <p class='ocr_par' dir='ltr' id='par_1_66' title="bbox 190 4464 1012 4535">
     <span class='ocr_line' id='line_1_66' title="bbox 190 4464 1012 4535; baseline 0 -18"><span class='ocrx_word' id='word_1_549' title='bbox 190 4466 290 4535; x_wconf 74' lang='grc' dir='ltr'><strong>τὴν</strong></span> <span class='ocrx_word' id='word_1_550' title='bbox 314 4465 475 4531; x_wconf 86' lang='grc' dir='ltr'>ἁγίαν</span> <span class='ocrx_word' id='word_1_551' title='bbox 506 4464 735 4532; x_wconf 70' lang='grc' dir='ltr'>ὁρᾶσθαι</span> <span class='ocrx_word' id='word_1_552' title='bbox 769 4464 971 4535; x_wconf 80' lang='grc' dir='ltr'>Τριάδα</span> <span class='ocrx_word' id='word_1_553' title='bbox 998 4481 1012 4529; x_wconf 88' lang='grc'>;</span> 
     </span>
    </p>
   </div>
   <div class='ocr_carea' id='block_1_67' title="bbox 807 4576 1173 4630">
    <p class='ocr_par' dir='ltr' id='par_1_67' title="bbox 807 4576 1173 4630">
     <span class='ocr_line' id='line_1_67' title="bbox 807 4576 1173 4630; baseline 0 -1"><span class='ocrx_word' id='word_1_554' title='bbox 807 4576 1059 4630; x_wconf 79' lang='grc' dir='ltr'><strong>ΚΕΦᾹΛ.</strong></span> <span class='ocrx_word' id='word_1_555' title='bbox 1100 4577 1173 4630; x_wconf 84' lang='grc' dir='ltr'><strong>Γ⁹.</strong></span> 
     </span>
    </p>
   </div>
   <div class='ocr_carea' id='block_1_68' title="bbox 191 4663 1768 4738">
    <p class='ocr_par' dir='ltr' id='par_1_68' title="bbox 191 4663 1768 4738">
     <span class='ocr_line' id='line_1_68' title="bbox 191 4663 1768 4738; baseline 0.003 -23"><span class='ocrx_word' id='word_1_556' title='bbox 191 4663 313 4738; x_wconf 64' lang='grc' dir='ltr'>’Ὁτι</span> <span class='ocrx_word' id='word_1_557' title='bbox 346 4664 488 4738; x_wconf 63' lang='grc' dir='ltr'>Θειίς</span> <span class='ocrx_word' id='word_1_558' title='bbox 520 4664 669 4738; x_wconf 62' lang='grc' dir='ltr'>κατὰ</span> <span class='ocrx_word' id='word_1_559' title='bbox 693 4664 899 4738; x_wconf 53' lang='grc' dir='ltr'>φύσιν,</span> <span class='ocrx_word' id='word_1_560' title='bbox 935 4664 1030 4738; x_wconf 71' lang='grc' dir='ltr'><strong>καί</strong></span> <span class='ocrx_word' id='word_1_561' title='bbox 1056 4664 1423 4738; x_wconf 52' lang='grc' dir='ltr'>κατξοὺδένᾳ</span> <span class='ocrx_word' id='word_1_562' title='bbox 1462 4666 1703 4733; x_wconf 76' lang='grc' dir='ltr'>τρόπον,</span> <span class='ocrx_word' id='word_1_563' title='bbox 1731 4668 1768 4738; x_wconf 79' lang='grc' dir='ltr'>ἣ</span> 
     </span>
    </p>
   </div>
   <div class='ocr_carea' id='block_1_69' title="bbox 258 4734 1695 4804">
    <p class='ocr_par' dir='ltr' id='par_1_69' title="bbox 258 4734 1695 4804">
     <span class='ocr_line' id='line_1_69' title="bbox 258 4734 1695 4804; baseline 0.001 -16"><span class='ocrx_word' id='word_1_564' title='bbox 258 4736 545 4797; x_wconf 72' lang='grc' dir='ltr'>ἐλάττων,</span> <span class='ocrx_word' id='word_1_565' title='bbox 573 4736 610 4799; x_wconf 76' lang='grc' dir='ltr'><strong><em>ἦ</em></strong></span> <span class='ocrx_word' id='word_1_566' title='bbox 637 4735 916 4802; x_wconf 78' lang='grc' dir='ltr'>ἀνόμοιός</span> <span class='ocrx_word' id='word_1_567' title='bbox 939 4735 1069 4788; x_wconf 69' lang='grc' dir='ltr'>ἐστι</span> <span class='ocrx_word' id='word_1_568' title='bbox 1096 4734 1202 4787; x_wconf 89' lang='grc' dir='ltr'>τοῦ</span> <span class='ocrx_word' id='word_1_569' title='bbox 1227 4735 1458 4804; x_wconf 77' lang='grc' dir='ltr'>Πατρός</span> <span class='ocrx_word' id='word_1_570' title='bbox 1480 4740 1512 4790; x_wconf 85' lang='grc' dir='ltr'><strong>ό</strong></span> <span class='ocrx_word' id='word_1_571' title='bbox 1544 4739 1695 4803; x_wconf 76' lang='grc' dir='ltr'>Υἱός.</span> 
     </span>
    </p>
   </div>
   <div class='ocr_carea' id='block_1_70' title="bbox 676 4822 1383 4896">
    <p class='ocr_par' dir='ltr' id='par_1_70' title="bbox 676 4822 1383 4896">
     <span class='ocr_line' id='line_1_70' title="bbox 676 4822 1383 4896; baseline 0 -17"><span class='ocrx_word' id='word_1_572' title='bbox 676 4826 783 4879; x_wconf 79' lang='grc' dir='ltr'><strong>Καὶ</strong></span> <span class='ocrx_word' id='word_1_573' title='bbox 829 4825 973 4891; x_wconf 73' lang='grc' dir='ltr'>Θεὸς</span> <span class='ocrx_word' id='word_1_574' title='bbox 1005 4822 1084 4896; x_wconf 82' lang='grc' dir='ltr'><strong>ἦν</strong></span> <span class='ocrx_word' id='word_1_575' title='bbox 1113 4829 1145 4880; x_wconf 91' lang='grc' dir='ltr'><strong>ό</strong></span> <span class='ocrx_word' id='word_1_576' title='bbox 1175 4826 1383 4896; x_wconf 82' lang='grc' dir='ltr'>Λόγος.</span> 
     </span>
    </p>
   </div>
   <div class='ocr_carea' id='block_1_71' title="bbox 261 4917 1774 4993">
    <p class='ocr_par' dir='ltr' id='par_1_71' title="bbox 261 4917 1774 4993">
     <span class='ocr_line' id='line_1_71' title="bbox 261 4917 1774 4993; baseline 0.003 -21"><span class='ocrx_word' id='word_1_577' title='bbox 261 4919 377 4972; x_wconf 82' lang='grc' dir='ltr'>Οὐκ</span> <span class='ocrx_word' id='word_1_578' title='bbox 406 4917 673 4987; x_wconf 76' lang='grc' dir='ltr'>ἰ,,ονόησεν</span> <span class='ocrx_word' id='word_1_579' title='bbox 700 4920 728 4970; x_wconf 89' lang='grc' dir='ltr'>ὁ</span> <span class='ocrx_word' id='word_1_580' title='bbox 758 4919 1232 4990; x_wconf 74' lang='grc' dir='ltr'>πνευματοφόρος,</span> <span class='ocrx_word' id='word_1_581' title='bbox 1266 4920 1344 4982; x_wconf 84' lang='grc' dir='ltr'><strong>ὡς</strong></span> <span class='ocrx_word' id='word_1_582' title='bbox 1381 4921 1774 4993; x_wconf 78' lang='grc' dir='ltr'>ἀναστήσονται</span> 
     </span>
    </p>
   </div>
   <div class='ocr_carea' id='block_1_72' title="bbox 187 5008 1777 5080">
    <p class='ocr_par' dir='ltr' id='par_1_72' title="bbox 187 5008 1777 5080">
     <span class='ocr_line' id='line_1_72' title="bbox 187 5008 1777 5080; baseline 0.003 -19"><span class='ocrx_word' id='word_1_583' title='bbox 187 5026 335 5071; x_wconf 86' lang='grc' dir='ltr'>τινες</span> <span class='ocrx_word' id='word_1_584' title='bbox 378 5009 436 5060; x_wconf 84' lang='grc' dir='ltr'>ὲν</span> <span class='ocrx_word' id='word_1_585' title='bbox 480 5008 725 5077; x_wconf 77' lang='grc' dir='ltr'>ἐσχάτοις</span> <span class='ocrx_word' id='word_1_586' title='bbox 765 5012 977 5079; x_wconf 83' lang='grc' dir='ltr'>καιροῖς</span> <span class='ocrx_word' id='word_1_587' title='bbox 1024 5010 1121 5079; x_wconf 77' lang='grc' dir='ltr'>τῆς</span> <span class='ocrx_word' id='word_1_588' title='bbox 1153 5009 1244 5062; x_wconf 83' lang='grc' dir='ltr'>τοῦ</span> <span class='ocrx_word' id='word_1_589' title='bbox 1282 5012 1617 5080; x_wconf 79' lang='grc' dir='ltr'>Μονογενοῦς</span> <span class='ocrx_word' id='word_1_590' title='bbox 1645 5031 1777 5067; x_wconf 84' lang='grc' dir='ltr'>κατ-</span> 
     </span>
    </p>
   </div>
   <div class='ocr_carea' id='block_1_73' title="bbox 190 5099 1777 5171">
    <p class='ocr_par' dir='ltr' id='par_1_73' title="bbox 190 5099 1777 5171">
     <span class='ocr_line' id='line_1_73' title="bbox 190 5099 1777 5171; baseline 0.004 -19"><span class='ocrx_word' id='word_1_591' title='bbox 190 5099 517 5170; x_wconf 71' lang='grc' dir='ltr'>ηγοροῦντες</span> <span class='ocrx_word' id='word_1_592' title='bbox 543 5100 759 5161; x_wconf 75' lang='grc' dir='ltr'>οὐσίας,</span> <span class='ocrx_word' id='word_1_593' title='bbox 813 5102 906 5153; x_wconf 76' lang='grc' dir='ltr'><strong>καὶ</strong></span> <span class='ocrx_word' id='word_1_594' title='bbox 948 5101 1037 5153; x_wconf 56' lang='grc' dir='ltr'>τὶν</span> <span class='ocrx_word' id='word_1_595' title='bbox 1081 5102 1423 5171; x_wconf 78' lang='grc' dir='ltr'>ἀγοράσαντα</span> <span class='ocrx_word' id='word_1_596' title='bbox 1452 5105 1647 5167; x_wconf 78' lang='grc' dir='ltr'>αὐτοὺς</span> <span class='ocrx_word' id='word_1_597' title='bbox 1682 5110 1777 5157; x_wconf 90' lang='grc' dir='ltr'><strong>Δε-</strong></span> 
     </span>
    </p>
   </div>
   <div class='ocr_carea' id='block_1_74' title="bbox 193 5189 1773 5266">
    <p class='ocr_par' dir='ltr' id='par_1_74' title="bbox 193 5189 1773 5266">
     <span class='ocr_line' id='line_1_74' title="bbox 193 5189 1773 5266; baseline 0.004 -24"><span class='ocrx_word' id='word_1_598' title='bbox 193 5191 401 5259; x_wconf 75' lang='grc' dir='ltr'>σπότην</span> <span class='ocrx_word' id='word_1_599' title='bbox 432 5189 785 5259; x_wconf 79' lang='grc' dir='ltr'>ἀρνούμενοι,</span> <span class='ocrx_word' id='word_1_600' title='bbox 827 5190 913 5243; x_wconf 75' lang='grc' dir='ltr'>διὰ</span> <span class='ocrx_word' id='word_1_601' title='bbox 952 5191 1044 5243; x_wconf 79' lang='grc' dir='ltr'>τοῦ</span> <span class='ocrx_word' id='word_1_602' title='bbox 1076 5192 1217 5244; x_wconf 84' lang='grc' dir='ltr'><strong>κατά</strong></span> <span class='ocrx_word' id='word_1_603' title='bbox 1250 5192 1410 5261; x_wconf 82' lang='grc' dir='ltr'>φύσιν</span> <span class='ocrx_word' id='word_1_604' title='bbox 1455 5195 1662 5248; x_wconf 79' lang='grc' dir='ltr'>οἴεσθαι</span> <span class='ocrx_word' id='word_1_605' title='bbox 1699 5196 1773 5266; x_wconf 83' lang='grc' dir='ltr'>μὴ</span> 
     </span>
    </p>
   </div>
   <div class='ocr_carea' id='block_1_75' title="bbox 191 5277 1766 5354">
    <p class='ocr_par' dir='ltr' id='par_1_75' title="bbox 191 5277 1766 5354">
     <span class='ocr_line' id='line_1_75' title="bbox 191 5277 1766 5354; baseline 0.003 -21"><span class='ocrx_word' id='word_1_606' title='bbox 191 5277 332 5334; x_wconf 73' lang='grc' dir='ltr'>εἶναι</span> <span class='ocrx_word' id='word_1_607' title='bbox 361 5280 492 5331; x_wconf 82' lang='grc' dir='ltr'>Θεὸν</span> <span class='ocrx_word' id='word_1_608' title='bbox 522 5280 612 5331; x_wconf 87' lang='grc' dir='ltr'><strong>τὸν</strong></span> <span class='ocrx_word' id='word_1_609' title='bbox 638 5280 703 5332; x_wconf 83' lang='grc' dir='ltr'><strong>ἐκ</strong></span> <span class='ocrx_word' id='word_1_610' title='bbox 737 5279 869 5332; x_wconf 78' lang='grc' dir='ltr'>Θεοῦ</span> <span class='ocrx_word' id='word_1_611' title='bbox 898 5282 991 5333; x_wconf 71' lang='grc' dir='ltr'><strong>καὶ</strong></span> <span class='ocrx_word' id='word_1_612' title='bbox 1023 5283 1233 5352; x_wconf 72' lang='grc' dir='ltr'>Πατρός</span> <span class='ocrx_word' id='word_1_613' title='bbox 1267 5285 1544 5354; x_wconf 70' lang='grc' dir='ltr'>πεφηνότα</span> <span class='ocrx_word' id='word_1_614' title='bbox 1576 5286 1766 5353; x_wconf 83' lang='grc' dir='ltr'>Λόγον,</span> 
     </span>
    </p>
   </div>
   <div class='ocr_carea' id='block_1_76' title="bbox 188 5370 1769 5443">
    <p class='ocr_par' dir='ltr' id='par_1_76' title="bbox 188 5370 1769 5443">
     <span class='ocr_line' id='line_1_76' title="bbox 188 5370 1769 5443; baseline 0 -18"><span class='ocrx_word' id='word_1_615' title='bbox 188 5373 326 5425; x_wconf 79' lang='grc' dir='ltr'>ἀλλὰ</span> <span class='ocrx_word' id='word_1_616' title='bbox 358 5372 510 5425; x_wconf 82' lang='grc' dir='ltr'>νόθον</span> <span class='ocrx_word' id='word_1_617' title='bbox 540 5370 729 5439; x_wconf 84' lang='grc' dir='ltr'>ὥσπερ</span> <span class='ocrx_word' id='word_1_618' title='bbox 758 5372 876 5425; x_wconf 87' lang='grc' dir='ltr'><strong>τινά</strong></span> <span class='ocrx_word' id='word_1_619' title='bbox 925 5372 1017 5424; x_wconf 72' lang='grc' dir='ltr'><strong>καὶ</strong></span> <span class='ocrx_word' id='word_1_620' title='bbox 1047 5372 1395 5442; x_wconf 66' lang='grc' dir='ltr'>ψευδώνυμον</span> <span class='ocrx_word' id='word_1_621' title='bbox 1427 5376 1555 5443; x_wconf 79' lang='grc' dir='ltr'>ἡμῖν</span> <span class='ocrx_word' id='word_1_622' title='bbox 1585 5377 1769 5427; x_wconf 79' lang='grc' dir='ltr'>ἐπεισ-</span> 
     </span>
    </p>
   </div>
   <div class='ocr_carea' id='block_1_77' title="bbox 191 5460 1765 5533">
    <p class='ocr_par' dir='ltr' id='par_1_77' title="bbox 191 5460 1765 5533">
     <span class='ocr_line' id='line_1_77' title="bbox 191 5460 1765 5533; baseline -0.001 -17"><span class='ocrx_word' id='word_1_623' title='bbox 191 5461 483 5533; x_wconf 72' lang='grc' dir='ltr'>φέρεσθαι,</span> <span class='ocrx_word' id='word_1_624' title='bbox 535 5460 595 5513; x_wconf 82' lang='grc' dir='ltr'>τὸ</span> <span class='ocrx_word' id='word_1_625' title='bbox 649 5462 746 5531; x_wconf 86' lang='grc' dir='ltr'>μὲν</span> <span class='ocrx_word' id='word_1_626' title='bbox 797 5462 899 5530; x_wconf 79' lang='grc' dir='ltr'><strong>τῆς</strong></span> <span class='ocrx_word' id='word_1_627' title='bbox 951 5462 1196 5531; x_wconf 76' lang='grc' dir='ltr'>υἱότητός</span> <span class='ocrx_word' id='word_1_628' title='bbox 1256 5480 1316 5515; x_wconf 87' lang='grc' dir='ltr'><strong>τε</strong></span> <span class='ocrx_word' id='word_1_629' title='bbox 1374 5464 1469 5515; x_wconf 77' lang='grc' dir='ltr'><strong>καὶ</strong></span> <span class='ocrx_word' id='word_1_630' title='bbox 1516 5463 1765 5533; x_wconf 72' lang='grc' dir='ltr'>θεότητος</span> 
     </span>
    </p>
   </div>
   <div class='ocr_carea' id='block_1_78' title="bbox 188 5537 1771 5625">
    <p class='ocr_par' dir='ltr' id='par_1_78' title="bbox 188 5537 1771 5625">
     <span class='ocr_line' id='line_1_78' title="bbox 188 5537 1771 5625; baseline -0.003 -18"><span class='ocrx_word' id='word_1_631' title='bbox 188 5556 362 5625; x_wconf 70' lang='grc' dir='ltr'>ῐινομα</span> <span class='ocrx_word' id='word_1_632' title='bbox 407 5552 785 5622; x_wconf 82' lang='grc' dir='ltr'>περικείμενον</span> <span class='ocrx_word' id='word_1_633' title='bbox 807 5593 820 5616; x_wconf 89' lang='grc'><strong>,</strong></span> <span class='ocrx_word' id='word_1_634' title='bbox 867 5553 1059 5623; x_wconf 76' lang='grc' dir='ltr'>ἔχοντα</span> <span class='ocrx_word' id='word_1_635' title='bbox 1084 5537 1140 5606; x_wconf 63' lang='grc' dir='ltr'>δέ</span> <span class='ocrx_word' id='word_1_636' title='bbox 1175 5555 1270 5624; x_wconf 84' lang='grc' dir='ltr'><strong>οὐχ</strong></span> <span class='ocrx_word' id='word_1_637' title='bbox 1301 5554 1442 5607; x_wconf 68' lang='grc' dir='ltr'>οὕτω</span> <span class='ocrx_word' id='word_1_638' title='bbox 1468 5555 1607 5606; x_wconf 70' lang='grc' dir='ltr'><strong>κατὰ</strong></span> <span class='ocrx_word' id='word_1_639' title='bbox 1638 5554 1771 5623; x_wconf 76' lang='grc' dir='ltr'>ἁλή-</span> 
     </span>
    </p>
   </div>
   <div class='ocr_carea' id='block_1_79' title="bbox 189 5644 1766 5716">
    <p class='ocr_par' dir='ltr' id='par_1_79' title="bbox 189 5644 1766 5716">
     <span class='ocr_line' id='line_1_79' title="bbox 189 5644 1766 5716; baseline -0.001 -17"><span class='ocrx_word' id='word_1_640' title='bbox 189 5646 363 5699; x_wconf 78' lang='grc' dir='ltr'>θειαν.</span> <span class='ocrx_word' id='word_1_641' title='bbox 400 5645 626 5715; x_wconf 76' lang='grc' dir='ltr'>’ὐμοιόν</span> <span class='ocrx_word' id='word_1_642' title='bbox 658 5662 709 5697; x_wconf 84' lang='grc' dir='ltr'><strong>τι</strong></span> <span class='ocrx_word' id='word_1_643' title='bbox 737 5644 980 5698; x_wconf 74' lang='grc' dir='ltr'>ποιοῦσιν</span> <span class='ocrx_word' id='word_1_644' title='bbox 1017 5647 1065 5697; x_wconf 80' lang='lat' dir='ltr'><strong>oi</strong></span> <span class='ocrx_word' id='word_1_645' title='bbox 1100 5645 1197 5716; x_wconf 73' lang='grc' dir='ltr'><strong>τὴν</strong></span> <span class='ocrx_word' id='word_1_646' title='bbox 1214 5646 1419 5715; x_wconf 76' lang='grc' dir='ltr'>Ἀρείου</span> <span class='ocrx_word' id='word_1_647' title='bbox 1452 5645 1766 5699; x_wconf 71' lang='grc' dir='ltr'>δυσσέϐειαν</span> 
     </span>
    </p>
   </div>
   <div class='ocr_carea' id='block_1_80' title="bbox 262 5822 1576 5890">
    <p class='ocr_par' dir='ltr' id='par_1_80' title="bbox 262 5822 1576 5890">
     <span class='ocr_line' id='line_1_80' title="bbox 262 5822 1576 5890; baseline -0.002 -11"><span class='ocrx_word' id='word_1_648' title='bbox 262 5826 305 5857; x_wconf 71' lang='grc'><strong>³⁵</strong></span> <span class='ocrx_word' id='word_1_649' title='bbox 348 5825 489 5881; x_wconf 72' lang='grc' dir='ltr'>Ρεςιι.</span> <span class='ocrx_word' id='word_1_650' title='bbox 533 5840 675 5890; x_wconf 76' lang='lat' dir='ltr'><strong>xui,</strong></span> <span class='ocrx_word' id='word_1_651' title='bbox 710 5824 763 5878; x_wconf 82' lang='lat'><strong>5.</strong></span> <span class='ocrx_word' id='word_1_652' title='bbox 839 5822 1061 5879; x_wconf 73' lang='lat' dir='ltr'><strong>&quot;Joan.</strong></span> <span class='ocrx_word' id='word_1_653' title='bbox 1105 5822 1342 5887; x_wconf 39' lang='lat'><strong>“1319.;</strong></span> <span class='ocrx_word' id='word_1_654' title='bbox 1388 5839 1493 5889; x_wconf 75' lang='lat' dir='ltr'><strong>xiv,</strong></span> <span class='ocrx_word' id='word_1_655' title='bbox 1526 5823 1576 5876; x_wconf 83' lang='lat' dir='ltr'><strong>G.</strong></span> 
     </span>
    </p>
   </div>
   <div class='ocr_carea' id='block_1_81' title="bbox 1963 2536 3471 2608">
    <p class='ocr_par' dir='ltr' id='par_1_81' title="bbox 1963 2536 3471 2608">
     <span class='ocr_line' id='line_1_81' title="bbox 1963 2536 3471 2608; baseline -0.001 -13"><span class='ocrx_word' id='word_1_656' title='bbox 1963 2538 2194 2595; x_wconf 82' lang='lat' dir='ltr'><strong>ALIUD.</strong></span> <span class='ocrx_word' id='word_1_657' title='bbox 2258 2538 2362 2594; x_wconf 82' lang='lat' dir='ltr'><strong>Per</strong></span> <span class='ocrx_word' id='word_1_658' title='bbox 2417 2538 2618 2594; x_wconf 91' lang='lat' dir='ltr'><strong>Filium</strong></span> <span class='ocrx_word' id='word_1_659' title='bbox 2681 2536 2978 2608; x_wconf 65' lang='lat' dir='ltr'><strong>Scriptura:</strong></span> <span class='ocrx_word' id='word_1_660' title='bbox 3034 2536 3233 2591; x_wconf 66' lang='lat' dir='ltr'><strong>divinae</strong></span> <span class='ocrx_word' id='word_1_661' title='bbox 3288 2542 3471 2594; x_wconf 83' lang='lat' dir='ltr'><strong>omnia</strong></span> 
     </span>
    </p>
   </div>
   <div class='ocr_carea' id='block_1_82' title="bbox 1889 2626 3472 2691">
    <p class='ocr_par' dir='ltr' id='par_1_82' title="bbox 1889 2626 3472 2691">
     <span class='ocr_line' id='line_1_82' title="bbox 1889 2626 3472 2691; baseline 0.001 -8"><span class='ocrx_word' id='word_1_662' title='bbox 1889 2628 2035 2683; x_wconf 88' lang='lat' dir='ltr'><strong>facta</strong></span> <span class='ocrx_word' id='word_1_663' title='bbox 2076 2643 2199 2683; x_wconf 90' lang='lat' dir='ltr'><strong>esse</strong></span> <span class='ocrx_word' id='word_1_664' title='bbox 2245 2626 2462 2691; x_wconf 89' lang='lat' dir='ltr'><strong>dicunt,</strong></span> <span class='ocrx_word' id='word_1_665' title='bbox 2504 2628 2744 2683; x_wconf 78' lang='lat' dir='ltr'><strong>visibilia</strong></span> <span class='ocrx_word' id='word_1_666' title='bbox 2779 2635 2833 2682; x_wconf 90' lang='lat' dir='ltr'><strong>et</strong></span> <span class='ocrx_word' id='word_1_667' title='bbox 2860 2627 3175 2691; x_wconf 64' lang='lat' dir='ltr'><strong>invisibilia,</strong></span> <span class='ocrx_word' id='word_1_668' title='bbox 3226 2630 3472 2684; x_wconf 75' lang='lat' dir='ltr'><strong>coelestia</strong></span> 
     </span>
    </p>
   </div>
   <div class='ocr_carea' id='block_1_83' title="bbox 1891 2717 3472 2789">
    <p class='ocr_par' dir='ltr' id='par_1_83' title="bbox 1891 2717 3472 2789">
     <span class='ocr_line' id='line_1_83' title="bbox 1891 2717 3472 2789; baseline 0 -14"><span class='ocrx_word' id='word_1_669' title='bbox 1891 2734 1954 2775; x_wconf 89' lang='lat' dir='ltr'><strong>ac</strong></span> <span class='ocrx_word' id='word_1_670' title='bbox 1983 2727 2197 2774; x_wconf 89' lang='lat' dir='ltr'><strong>terrena</strong></span> <span class='ocrx_word' id='word_1_671' title='bbox 2226 2731 2241 2772; x_wconf 89' lang='lat'><strong>:</strong></span> <span class='ocrx_word' id='word_1_672' title='bbox 2271 2724 2437 2789; x_wconf 88' lang='lat' dir='ltr'><strong>atque</strong></span> <span class='ocrx_word' id='word_1_673' title='bbox 2466 2719 2541 2773; x_wconf 88' lang='lat' dir='ltr'><strong>ita</strong></span> <span class='ocrx_word' id='word_1_674' title='bbox 2574 2717 2869 2774; x_wconf 84' lang='lat' dir='ltr'><strong>credentes</strong></span> <span class='ocrx_word' id='word_1_675' title='bbox 2909 2717 3014 2788; x_wconf 80' lang='lat'><strong>19</strong></span> <span class='ocrx_word' id='word_1_676' title='bbox 3042 2734 3094 2771; x_wconf 90' lang='lat' dir='ltr'><strong>in</strong></span> <span class='ocrx_word' id='word_1_677' title='bbox 3133 2718 3472 2775; x_wconf 76' lang='lat' dir='ltr'><strong>rectitudine</strong></span> 
     </span>
    </p>
   </div>
   <div class='ocr_carea' id='block_1_84' title="bbox 1892 2805 3471 2880">
    <p class='ocr_par' dir='ltr' id='par_1_84' title="bbox 1892 2805 3471 2880">
     <span class='ocr_line' id='line_1_84' title="bbox 1892 2805 3471 2880; baseline -0.001 -14"><span class='ocrx_word' id='word_1_678' title='bbox 1892 2805 2158 2866; x_wconf 70' lang='lat' dir='ltr'><strong>doctrina:</strong></span> <span class='ocrx_word' id='word_1_679' title='bbox 2205 2819 2257 2865; x_wconf 87' lang='lat' dir='ltr'><strong>et</strong></span> <span class='ocrx_word' id='word_1_680' title='bbox 2314 2817 2536 2879; x_wconf 84' lang='lat' dir='ltr'><strong>pietatis</strong></span> <span class='ocrx_word' id='word_1_681' title='bbox 2584 2808 2901 2877; x_wconf 80' lang='lat' dir='ltr'><strong>dogmatum</strong></span> <span class='ocrx_word' id='word_1_682' title='bbox 2952 2809 3259 2864; x_wconf 89' lang='lat' dir='ltr'><strong>incedimus</strong></span> <span class='ocrx_word' id='word_1_683' title='bbox 3310 2820 3471 2880; x_wconf 87' lang='lat' dir='ltr'><strong>quot-</strong></span> 
     </span>
    </p>
   </div>
   <div class='ocr_carea' id='block_1_85' title="bbox 1889 2886 3467 2968">
    <p class='ocr_par' dir='ltr' id='par_1_85' title="bbox 1889 2886 3467 2968">
     <span class='ocr_line' id='line_1_85' title="bbox 1889 2886 3467 2968; baseline 0.002 -18"><span class='ocrx_word' id='word_1_684' title='bbox 1889 2906 2023 2968; x_wconf 92' lang='lat' dir='ltr'><strong>quot</strong></span> <span class='ocrx_word' id='word_1_685' title='bbox 2052 2898 2342 2952; x_wconf 76' lang='lat' dir='ltr'><strong>veritatem</strong></span> <span class='ocrx_word' id='word_1_686' title='bbox 2383 2886 2637 2952; x_wconf 85' lang='lat' dir='ltr'><strong>coiimus.</strong></span> <span class='ocrx_word' id='word_1_687' title='bbox 2678 2895 3067 2966; x_wconf 79' lang='lat' dir='ltr'><strong>Expendamus</strong></span> <span class='ocrx_word' id='word_1_688' title='bbox 3103 2898 3269 2966; x_wconf 78' lang='lat' dir='ltr'><strong>igitur</strong></span> <span class='ocrx_word' id='word_1_689' title='bbox 3310 2897 3467 2965; x_wconf 85' lang='lat' dir='ltr'><strong>illud,</strong></span> 
     </span>
    </p>
   </div>
   <div class='ocr_carea' id='block_1_86' title="bbox 1888 2987 3471 3058">
    <p class='ocr_par' dir='ltr' id='par_1_86' title="bbox 1888 2987 3471 3058">
     <span class='ocr_line' id='line_1_86' title="bbox 1888 2987 3471 3058; baseline 0.001 -15"><span class='ocrx_word' id='word_1_690' title='bbox 1888 3006 1980 3058; x_wconf 88' lang='lat' dir='ltr'><strong>per</strong></span> <span class='ocrx_word' id='word_1_691' title='bbox 2010 2987 2238 3052; x_wconf 82' lang='lat' dir='ltr'><strong>Filium,</strong></span> <span class='ocrx_word' id='word_1_692' title='bbox 2272 2996 2327 3043; x_wconf 93' lang='lat' dir='ltr'><strong>et</strong></span> <span class='ocrx_word' id='word_1_693' title='bbox 2359 2988 2577 3058; x_wconf 86' lang='lat' dir='ltr'><strong>qualem</strong></span> <span class='ocrx_word' id='word_1_694' title='bbox 2612 2988 2774 3044; x_wconf 85' lang='lat' dir='ltr'><strong>nobis</strong></span> <span class='ocrx_word' id='word_1_695' title='bbox 2806 3003 3030 3043; x_wconf 89' lang='lat' dir='ltr'><strong>sensum</strong></span> <span class='ocrx_word' id='word_1_696' title='bbox 3077 2988 3277 3043; x_wconf 82' lang='lat' dir='ltr'><strong>inferat</strong></span> <span class='ocrx_word' id='word_1_697' title='bbox 3311 2988 3471 3044; x_wconf 85' lang='lat' dir='ltr'><strong>inda-</strong></span> 
     </span>
    </p>
   </div>
   <div class='ocr_carea' id='block_1_87' title="bbox 1890 3078 3470 3153">
    <p class='ocr_par' dir='ltr' id='par_1_87' title="bbox 1890 3078 3470 3153">
     <span class='ocr_line' id='line_1_87' title="bbox 1890 3078 3470 3153; baseline 0 -16"><span class='ocrx_word' id='word_1_698' title='bbox 1890 3098 2102 3153; x_wconf 86' lang='lat' dir='ltr'><strong>gemus.</strong></span> <span class='ocrx_word' id='word_1_699' title='bbox 2147 3082 2312 3151; x_wconf 85' lang='lat' dir='ltr'><strong>Atqui</strong></span> <span class='ocrx_word' id='word_1_700' title='bbox 2351 3078 2707 3135; x_wconf 85' lang='lat' dir='ltr'><strong>manifestum</strong></span> <span class='ocrx_word' id='word_1_701' title='bbox 2752 3088 2839 3135; x_wconf 89' lang='lat' dir='ltr'><strong>est</strong></span> <span class='ocrx_word' id='word_1_702' title='bbox 2883 3081 3049 3134; x_wconf 88' lang='lat' dir='ltr'><strong>alium</strong></span> <span class='ocrx_word' id='word_1_703' title='bbox 3085 3082 3303 3150; x_wconf 75' lang='lat' dir='ltr'><strong>quidem</strong></span> <span class='ocrx_word' id='word_1_704' title='bbox 3336 3098 3470 3137; x_wconf 85' lang='lat' dir='ltr'><strong>ceu-</strong></span> 
     </span>
    </p>
   </div>
   <div class='ocr_carea' id='block_1_88' title="bbox 1891 3171 3467 3242">
    <p class='ocr_par' dir='ltr' id='par_1_88' title="bbox 1891 3171 3467 3242">
     <span class='ocr_line' id='line_1_88' title="bbox 1891 3171 3467 3242; baseline 0 -13"><span class='ocrx_word' id='word_1_705' title='bbox 1891 3174 2125 3229; x_wconf 90' lang='lat' dir='ltr'><strong>sendum</strong></span> <span class='ocrx_word' id='word_1_706' title='bbox 2182 3188 2307 3229; x_wconf 88' lang='lat' dir='ltr'><strong>esse</strong></span> <span class='ocrx_word' id='word_1_707' title='bbox 2365 3188 2489 3228; x_wconf 92' lang='lat' dir='ltr'><strong>eum</strong></span> <span class='ocrx_word' id='word_1_708' title='bbox 2540 3172 2634 3242; x_wconf 90' lang='lat' dir='ltr'><strong>qui</strong></span> <span class='ocrx_word' id='word_1_709' title='bbox 2691 3171 2823 3227; x_wconf 87' lang='lat' dir='ltr'><strong>facit</strong></span> <span class='ocrx_word' id='word_1_710' title='bbox 2869 3182 2921 3227; x_wconf 90' lang='lat' dir='ltr'><strong>et</strong></span> <span class='ocrx_word' id='word_1_711' title='bbox 2972 3182 3258 3242; x_wconf 89' lang='lat' dir='ltr'><strong>operatur,</strong></span> <span class='ocrx_word' id='word_1_712' title='bbox 3301 3176 3467 3229; x_wconf 90' lang='lat' dir='ltr'><strong>alium</strong></span> 
     </span>
    </p>
   </div>
   <div class='ocr_carea' id='block_1_89' title="bbox 1887 3264 3465 3335">
    <p class='ocr_par' dir='ltr' id='par_1_89' title="bbox 1887 3264 3465 3335">
     <span class='ocr_line' id='line_1_89' title="bbox 1887 3264 3465 3335; baseline 0 -16"><span class='ocrx_word' id='word_1_713' title='bbox 1887 3280 2015 3320; x_wconf 88' lang='lat' dir='ltr'><strong>vero</strong></span> <span class='ocrx_word' id='word_1_714' title='bbox 2049 3280 2173 3320; x_wconf 92' lang='lat' dir='ltr'><strong>eum</strong></span> <span class='ocrx_word' id='word_1_715' title='bbox 2210 3280 2305 3335; x_wconf 90' lang='lat' dir='ltr'><strong>per</strong></span> <span class='ocrx_word' id='word_1_716' title='bbox 2332 3279 2496 3335; x_wconf 89' lang='lat' dir='ltr'><strong>quem</strong></span> <span class='ocrx_word' id='word_1_717' title='bbox 2533 3264 2792 3319; x_wconf 84' lang='lat' dir='ltr'><strong>universa</strong></span> <span class='ocrx_word' id='word_1_718' title='bbox 2823 3273 3103 3334; x_wconf 85' lang='lat' dir='ltr'><strong>operatur.</strong></span> <span class='ocrx_word' id='word_1_719' title='bbox 3140 3264 3289 3321; x_wconf 90' lang='lat' dir='ltr'><strong>Duas</strong></span> <span class='ocrx_word' id='word_1_720' title='bbox 3320 3267 3465 3320; x_wconf 89' lang='lat' dir='ltr'><strong>enim</strong></span> 
     </span>
    </p>
   </div>
   <div class='ocr_carea' id='block_1_90' title="bbox 1885 3356 3465 3427">
    <p class='ocr_par' dir='ltr' id='par_1_90' title="bbox 1885 3356 3465 3427">
     <span class='ocr_line' id='line_1_90' title="bbox 1885 3356 3465 3427; baseline -0.001 -15"><span class='ocrx_word' id='word_1_721' title='bbox 1885 3372 2153 3427; x_wconf 89' lang='lat' dir='ltr'><strong>personas</strong></span> <span class='ocrx_word' id='word_1_722' title='bbox 2190 3358 2508 3413; x_wconf 86' lang='lat' dir='ltr'><strong>necessario</strong></span> <span class='ocrx_word' id='word_1_723' title='bbox 2561 3356 2722 3411; x_wconf 92' lang='lat' dir='ltr'><strong>nobis</strong></span> <span class='ocrx_word' id='word_1_724' title='bbox 2769 3357 2993 3411; x_wconf 80' lang='lat' dir='ltr'><strong>exhibet</strong></span> <span class='ocrx_word' id='word_1_725' title='bbox 3043 3357 3196 3421; x_wconf 88' lang='lat' dir='ltr'><strong>illud,</strong></span> <span class='ocrx_word' id='word_1_726' title='bbox 3232 3374 3323 3426; x_wconf 87' lang='lat' dir='ltr'><strong>per</strong></span> <span class='ocrx_word' id='word_1_727' title='bbox 3358 3358 3465 3411; x_wconf 85' lang='lat' dir='ltr'><strong>Fi-</strong></span> 
     </span>
    </p>
   </div>
   <div class='ocr_carea' id='block_1_91' title="bbox 1888 3448 3467 3520">
    <p class='ocr_par' dir='ltr' id='par_1_91' title="bbox 1888 3448 3467 3520">
     <span class='ocr_line' id='line_1_91' title="bbox 1888 3448 3467 3520; baseline 0.002 -18"><span class='ocrx_word' id='word_1_728' title='bbox 1888 3450 2017 3503; x_wconf 85' lang='lat' dir='ltr'><strong>lium</strong></span> <span class='ocrx_word' id='word_1_729' title='bbox 2043 3467 2060 3503; x_wconf 88' lang='lat'><em>:</em></span> <span class='ocrx_word' id='word_1_730' title='bbox 2090 3450 2390 3505; x_wconf 88' lang='lat' dir='ltr'><strong>autdicant</strong></span> <span class='ocrx_word' id='word_1_731' title='bbox 2422 3464 2532 3520; x_wconf 89' lang='lat' dir='ltr'><strong>quo</strong></span> <span class='ocrx_word' id='word_1_732' title='bbox 2571 3456 2735 3519; x_wconf 85' lang='lat' dir='ltr'><strong>pacto</strong></span> <span class='ocrx_word' id='word_1_733' title='bbox 2768 3448 2927 3513; x_wconf 90' lang='lat' dir='ltr'><strong>illud,</strong></span> <span class='ocrx_word' id='word_1_734' title='bbox 2957 3465 3049 3517; x_wconf 84' lang='lat' dir='ltr'><strong>per</strong></span> <span class='ocrx_word' id='word_1_735' title='bbox 3078 3449 3305 3514; x_wconf 81' lang='lat' dir='ltr'><strong>Filium,</strong></span> <span class='ocrx_word' id='word_1_736' title='bbox 3339 3465 3467 3520; x_wconf 83' lang='lat' dir='ltr'><strong>pro-</strong></span> 
     </span>
    </p>
   </div>
   <div class='ocr_carea' id='block_1_92' title="bbox 1884 3541 3466 3611">
    <p class='ocr_par' dir='ltr' id='par_1_92' title="bbox 1884 3541 3466 3611">
     <span class='ocr_line' id='line_1_92' title="bbox 1884 3541 3466 3611; baseline 0.002 -18"><span class='ocrx_word' id='word_1_737' title='bbox 1884 3541 2001 3609; x_wconf 89' lang='lat' dir='ltr'><strong>prie</strong></span> <span class='ocrx_word' id='word_1_738' title='bbox 2036 3556 2098 3595; x_wconf 88' lang='lat' dir='ltr'><strong>ac</strong></span> <span class='ocrx_word' id='word_1_739' title='bbox 2128 3557 2255 3595; x_wconf 79' lang='lat' dir='ltr'><strong>vere</strong></span> <span class='ocrx_word' id='word_1_740' title='bbox 2281 3543 2334 3594; x_wconf 92' lang='lat' dir='ltr'><strong>in</strong></span> <span class='ocrx_word' id='word_1_741' title='bbox 2369 3555 2429 3596; x_wconf 87' lang='lat' dir='ltr'><strong>re</strong></span> <span class='ocrx_word' id='word_1_742' title='bbox 2460 3541 2712 3595; x_wconf 87' lang='lat' dir='ltr'><strong>facienda</strong></span> <span class='ocrx_word' id='word_1_743' title='bbox 2746 3556 2913 3595; x_wconf 92' lang='lat' dir='ltr'><strong>unum</strong></span> <span class='ocrx_word' id='word_1_744' title='bbox 2948 3556 3179 3595; x_wconf 91' lang='lat' dir='ltr'><strong>numero</strong></span> <span class='ocrx_word' id='word_1_745' title='bbox 3214 3551 3269 3596; x_wconf 92' lang='lat' dir='ltr'><strong>et</strong></span> <span class='ocrx_word' id='word_1_746' title='bbox 3296 3558 3466 3611; x_wconf 89' lang='lat' dir='ltr'><strong>quan-</strong></span> 
     </span>
    </p>
   </div>
   <div class='ocr_carea' id='block_1_93' title="bbox 1884 3629 3464 3701">
    <p class='ocr_par' dir='ltr' id='par_1_93' title="bbox 1884 3629 3464 3701">
     <span class='ocr_line' id='line_1_93' title="bbox 1884 3629 3464 3701; baseline 0.002 -19"><span class='ocrx_word' id='word_1_747' title='bbox 1884 3632 2043 3685; x_wconf 89' lang='lat' dir='ltr'><strong>titate</strong></span> <span class='ocrx_word' id='word_1_748' title='bbox 2073 3630 2501 3699; x_wconf 87' lang='lat' dir='ltr'><strong>complectetur,</strong></span> <span class='ocrx_word' id='word_1_749' title='bbox 2538 3629 2584 3686; x_wconf 92' lang='lat' dir='ltr'><strong>si</strong></span> <span class='ocrx_word' id='word_1_750' title='bbox 2619 3629 2756 3682; x_wconf 90' lang='lat' dir='ltr'><strong>nihil</strong></span> <span class='ocrx_word' id='word_1_751' title='bbox 2805 3629 2955 3682; x_wconf 84' lang='lat' dir='ltr'><strong>aliud</strong></span> <span class='ocrx_word' id='word_1_752' title='bbox 2996 3630 3159 3684; x_wconf 88' lang='lat' dir='ltr'><strong>simul</strong></span> <span class='ocrx_word' id='word_1_753' title='bbox 3188 3629 3464 3701; x_wconf 81' lang='lat' dir='ltr'><strong>intelliga-</strong></span> 
     </span>
    </p>
   </div>
   <div class='ocr_carea' id='block_1_94' title="bbox 1886 3720 3468 3792">
    <p class='ocr_par' dir='ltr' id='par_1_94' title="bbox 1886 3720 3468 3792">
     <span class='ocr_line' id='line_1_94' title="bbox 1886 3720 3468 3792; baseline 0.001 -16"><span class='ocrx_word' id='word_1_754' title='bbox 1886 3731 1973 3777; x_wconf 90' lang='lat' dir='ltr'><strong>tur</strong></span> <span class='ocrx_word' id='word_1_755' title='bbox 2000 3729 2053 3776; x_wconf 91' lang='lat' dir='ltr'><strong>et</strong></span> <span class='ocrx_word' id='word_1_756' title='bbox 2087 3722 2153 3776; x_wconf 89' lang='lat' dir='ltr'><strong>ad</strong></span> <span class='ocrx_word' id='word_1_757' title='bbox 2190 3722 2535 3792; x_wconf 78' lang='lat' dir='ltr'><strong>Operaiidum</strong></span> <span class='ocrx_word' id='word_1_758' title='bbox 2585 3729 2921 3787; x_wconf 89' lang='lat' dir='ltr'><strong>concurrat,</strong></span> <span class='ocrx_word' id='word_1_759' title='bbox 2971 3727 3025 3774; x_wconf 91' lang='lat' dir='ltr'><strong>at</strong></span> <span class='ocrx_word' id='word_1_760' title='bbox 3077 3720 3168 3775; x_wconf 87' lang='lat' dir='ltr'><strong>hic</strong></span> <span class='ocrx_word' id='word_1_761' title='bbox 3216 3722 3468 3778; x_wconf 69' lang='lat' dir='ltr'><strong>hmsuros</strong></span> 
     </span>
    </p>
   </div>
   <div class='ocr_carea' id='block_1_95' title="bbox 1883 3813 3465 3887">
    <p class='ocr_par' dir='ltr' id='par_1_95' title="bbox 1883 3813 3465 3887">
     <span class='ocr_line' id='line_1_95' title="bbox 1883 3813 3465 3887; baseline 0.001 -19"><span class='ocrx_word' id='word_1_762' title='bbox 1883 3816 2046 3887; x_wconf 87' lang='lat' dir='ltr'><strong>plane</strong></span> <span class='ocrx_word' id='word_1_763' title='bbox 2084 3814 2429 3871; x_wconf 59' lang='lat' dir='ltr'><strong>adtersario»</strong></span> <span class='ocrx_word' id='word_1_764' title='bbox 2483 3824 2613 3884; x_wconf 46' lang='lat' dir='ltr'><strong>parto</strong></span> <span class='ocrx_word' id='word_1_765' title='bbox 2687 3813 2743 3867; x_wconf 66' lang='lat' dir='ltr'><strong>Cu</strong></span> <span class='ocrx_word' id='word_1_766' title='bbox 2880 3821 3057 3867; x_wconf 9' lang='lat' dir='ltr'><strong>atatem</strong></span> <span class='ocrx_word' id='word_1_767' title='bbox 3110 3814 3327 3869; x_wconf 83' lang='lat' dir='ltr'><strong>Patrem</strong></span> <span class='ocrx_word' id='word_1_768' title='bbox 3368 3830 3465 3884; x_wconf 91' lang='lat' dir='ltr'><strong>per</strong></span> 
     </span>
    </p>
   </div>
   <div class='ocr_carea' id='block_1_96' title="bbox 1884 3905 3464 3977">
    <p class='ocr_par' dir='ltr' id='par_1_96' title="bbox 1884 3905 3464 3977">
     <span class='ocr_line' id='line_1_96' title="bbox 1884 3905 3464 3977; baseline 0 -16"><span class='ocrx_word' id='word_1_769' title='bbox 1884 3906 2080 3961; x_wconf 86' lang='lat' dir='ltr'><strong>Filium</strong></span> <span class='ocrx_word' id='word_1_770' title='bbox 2136 3908 2321 3961; x_wconf 88' lang='lat' dir='ltr'><strong>omnia</strong></span> <span class='ocrx_word' id='word_1_771' title='bbox 2376 3907 2575 3963; x_wconf 89' lang='lat' dir='ltr'><strong>fecisse</strong></span> <span class='ocrx_word' id='word_1_772' title='bbox 2623 3913 2679 3961; x_wconf 89' lang='lat' dir='ltr'><strong>et</strong></span> <span class='ocrx_word' id='word_1_773' title='bbox 2734 3907 2866 3977; x_wconf 64' lang='lat' dir='ltr'><strong>ipsa:</strong></span> <span class='ocrx_word' id='word_1_774' title='bbox 2909 3905 3108 3960; x_wconf 74' lang='lat' dir='ltr'><strong>divinae</strong></span> <span class='ocrx_word' id='word_1_775' title='bbox 3167 3906 3464 3976; x_wconf 72' lang='lat' dir='ltr'><strong>Scriptura:</strong></span> 
     </span>
    </p>
   </div>
   <div class='ocr_carea' id='block_1_97' title="bbox 1884 3994 3459 4068">
    <p class='ocr_par' dir='ltr' id='par_1_97' title="bbox 1884 3994 3459 4068">
     <span class='ocr_line' id='line_1_97' title="bbox 1884 3994 3459 4068; baseline -0.001 -17"><span class='ocrx_word' id='word_1_776' title='bbox 1884 3996 2207 4068; x_wconf 67' lang='lat' dir='ltr'><strong>praedicent,</strong></span> <span class='ocrx_word' id='word_1_777' title='bbox 2251 4005 2307 4050; x_wconf 92' lang='lat' dir='ltr'><strong>et</strong></span> <span class='ocrx_word' id='word_1_778' title='bbox 2334 4011 2437 4051; x_wconf 91' lang='lat' dir='ltr'><strong>nos</strong></span> <span class='ocrx_word' id='word_1_779' title='bbox 2467 3994 2781 4062; x_wconf 88' lang='lat' dir='ltr'><strong>credamus,</strong></span> <span class='ocrx_word' id='word_1_780' title='bbox 2820 3996 3002 4065; x_wconf 90' lang='lat' dir='ltr'><strong>itaque</strong></span> <span class='ocrx_word' id='word_1_781' title='bbox 3033 4009 3134 4066; x_wconf 86' lang='lat' dir='ltr'><strong>ego</strong></span> <span class='ocrx_word' id='word_1_782' title='bbox 3165 4003 3408 4050; x_wconf 89' lang='lat' dir='ltr'><strong>statuam</strong></span> <span class='ocrx_word' id='word_1_783' title='bbox 3445 4013 3459 4049; x_wconf 90' lang='lat'><strong>:</strong></span> 
     </span>
    </p>
   </div>
   <div class='ocr_carea' id='block_1_98' title="bbox 1884 4086 3461 4159">
    <p class='ocr_par' dir='ltr' id='par_1_98' title="bbox 1884 4086 3461 4159">
     <span class='ocr_line' id='line_1_98' title="bbox 1884 4086 3461 4159; baseline -0.001 -16"><span class='ocrx_word' id='word_1_784' title='bbox 1884 4105 2069 4146; x_wconf 89' lang='lat' dir='ltr'><strong>nonne</strong></span> <span class='ocrx_word' id='word_1_785' title='bbox 2110 4103 2333 4143; x_wconf 86' lang='lat' dir='ltr'><strong>necesse</strong></span> <span class='ocrx_word' id='word_1_786' title='bbox 2375 4096 2460 4144; x_wconf 88' lang='lat' dir='ltr'><strong>est</strong></span> <span class='ocrx_word' id='word_1_787' title='bbox 2495 4088 2799 4159; x_wconf 84' lang='lat' dir='ltr'><strong>intelligere</strong></span> <span class='ocrx_word' id='word_1_788' title='bbox 2832 4086 3046 4142; x_wconf 77' lang='lat' dir='ltr'><strong>Patrem</strong></span> <span class='ocrx_word' id='word_1_789' title='bbox 3083 4087 3302 4159; x_wconf 77' lang='lat' dir='ltr'><strong>quidem</strong></span> <span class='ocrx_word' id='word_1_790' title='bbox 3334 4102 3461 4156; x_wconf 88' lang='lat' dir='ltr'><strong>pro-</strong></span> 
     </span>
    </p>
   </div>
   <div class='ocr_carea' id='block_1_99' title="bbox 1882 4157 3461 4251">
    <p class='ocr_par' dir='ltr' id='par_1_99' title="bbox 1882 4157 3461 4251">
     <span class='ocr_line' id='line_1_99' title="bbox 1882 4157 3461 4251; baseline -0.002 -17"><span class='ocrx_word' id='word_1_791' title='bbox 1882 4186 1997 4251; x_wconf 89' lang='lat' dir='ltr'><strong>prie</strong></span> <span class='ocrx_word' id='word_1_792' title='bbox 2032 4182 2085 4235; x_wconf 90' lang='lat' dir='ltr'><strong>in</strong></span> <span class='ocrx_word' id='word_1_793' title='bbox 2136 4198 2195 4237; x_wconf 89' lang='lat' dir='ltr'><strong>se</strong></span> <span class='ocrx_word' id='word_1_794' title='bbox 2229 4181 2564 4243; x_wconf 84' lang='lat' dir='ltr'><strong>subsistere,</strong></span> <span class='ocrx_word' id='word_1_795' title='bbox 2608 4194 2673 4233; x_wconf 86' lang='lat' dir='ltr'><strong>ac</strong></span> <span class='ocrx_word' id='word_1_796' title='bbox 2720 4180 2972 4233; x_wconf 82' lang='lat' dir='ltr'><strong>similiter</strong></span> <span class='ocrx_word' id='word_1_797' title='bbox 3014 4157 3243 4237; x_wconf 79' lang='lat' dir='ltr'><strong>Fiiium,</strong></span> <span class='ocrx_word' id='word_1_798' title='bbox 3282 4193 3461 4246; x_wconf 89' lang='lat' dir='ltr'><strong>neque</strong></span> 
     </span>
    </p>
   </div>
   <div class='ocr_carea' id='block_1_100' title="bbox 1882 4267 3459 4341">
    <p class='ocr_par' dir='ltr' id='par_1_100' title="bbox 1882 4267 3459 4341">
     <span class='ocr_line' id='line_1_100' title="bbox 1882 4267 3459 4341; baseline -0.004 -15"><span class='ocrx_word' id='word_1_799' title='bbox 1882 4273 1934 4327; x_wconf 89' lang='lat' dir='ltr'><strong>id</strong></span> <span class='ocrx_word' id='word_1_800' title='bbox 1986 4272 2209 4327; x_wconf 87' lang='lat' dir='ltr'><strong>obstare</strong></span> <span class='ocrx_word' id='word_1_801' title='bbox 2261 4273 2563 4341; x_wconf 89' lang='lat' dir='ltr'><strong>quominus</strong></span> <span class='ocrx_word' id='word_1_802' title='bbox 2616 4277 2809 4324; x_wconf 86' lang='lat' dir='ltr'><strong>sancta</strong></span> <span class='ocrx_word' id='word_1_803' title='bbox 2847 4269 3086 4325; x_wconf 86' lang='lat' dir='ltr'><strong>Trinitas</strong></span> <span class='ocrx_word' id='word_1_804' title='bbox 3118 4267 3459 4336; x_wconf 77' lang='lat' dir='ltr'><strong>intelligatur</strong></span> 
     </span>
    </p>
   </div>
   <div class='ocr_carea' id='block_1_101' title="bbox 1882 4362 2655 4419">
    <p class='ocr_par' dir='ltr' id='par_1_101' title="bbox 1882 4362 2655 4419">
     <span class='ocr_line' id='line_1_101' title="bbox 1882 4362 2655 4419; baseline -0.005 -1"><span class='ocrx_word' id='word_1_805' title='bbox 1882 4365 1937 4419; x_wconf 91' lang='lat' dir='ltr'><strong>in</strong></span> <span class='ocrx_word' id='word_1_806' title='bbox 1970 4363 2256 4419; x_wconf 88' lang='lat' dir='ltr'><strong>identitatc</strong></span> <span class='ocrx_word' id='word_1_807' title='bbox 2291 4362 2655 4418; x_wconf 78' lang='lat' dir='ltr'><strong>substantiae&quot;</strong></span> 
     </span>
    </p>
   </div>
   <div class='ocr_carea' id='block_1_102' title="bbox 2498 4558 2797 4615">
    <p class='ocr_par' dir='ltr' id='par_1_102' title="bbox 2498 4558 2797 4615">
     <span class='ocr_line' id='line_1_102' title="bbox 2498 4558 2797 4615; baseline -0.02 0"><span class='ocrx_word' id='word_1_808' title='bbox 2498 4560 2650 4615; x_wconf 79' lang='lat' dir='ltr'><strong>CAP.</strong></span> <span class='ocrx_word' id='word_1_809' title='bbox 2706 4558 2797 4611; x_wconf 92' lang='lat' dir='ltr'><strong>III.</strong></span> 
     </span>
    </p>
   </div>
   <div class='ocr_carea' id='block_1_103' title="bbox 1880 4649 3453 4718">
    <p class='ocr_par' dir='ltr' id='par_1_103' title="bbox 1880 4649 3453 4718">
     <span class='ocr_line' id='line_1_103' title="bbox 1880 4649 3453 4718; baseline -0.002 -12"><span class='ocrx_word' id='word_1_810' title='bbox 1880 4653 2032 4718; x_wconf 81' lang='lat' dir='ltr'><strong>Quod</strong></span> <span class='ocrx_word' id='word_1_811' title='bbox 2087 4652 2223 4707; x_wconf 78' lang='lat' dir='ltr'><strong>Deus</strong></span> <span class='ocrx_word' id='word_1_812' title='bbox 2260 4654 2545 4708; x_wconf 74' lang='lat' dir='ltr'><strong>secundant</strong></span> <span class='ocrx_word' id='word_1_813' title='bbox 2588 4664 2865 4709; x_wconf 79' lang='lat' dir='ltr'><strong>naturam.</strong></span> <span class='ocrx_word' id='word_1_814' title='bbox 2909 4665 3001 4703; x_wconf 81' lang='lat' dir='ltr'><strong>nec</strong></span> <span class='ocrx_word' id='word_1_815' title='bbox 3039 4649 3148 4702; x_wconf 82' lang='lat' dir='ltr'><strong>ulla</strong></span> <span class='ocrx_word' id='word_1_816' title='bbox 3181 4649 3334 4705; x_wconf 88' lang='lat' dir='ltr'><strong>mch</strong></span> <span class='ocrx_word' id='word_1_817' title='bbox 3360 4660 3453 4704; x_wconf 79' lang='lat' dir='ltr'><strong>aut</strong></span> 
     </span>
    </p>
   </div>
   <div class='ocr_carea' id='block_1_104' title="bbox 2096 4719 3239 4786">
    <p class='ocr_par' dir='ltr' id='par_1_104' title="bbox 2096 4719 3239 4786">
     <span class='ocr_line' id='line_1_104' title="bbox 2096 4719 3239 4786; baseline -0.003 -9"><span class='ocrx_word' id='word_1_818' title='bbox 2096 4726 2288 4786; x_wconf 85' lang='lat' dir='ltr'><strong>minor,</strong></span> <span class='ocrx_word' id='word_1_819' title='bbox 2323 4734 2414 4776; x_wconf 83' lang='lat' dir='ltr'><strong>aut</strong></span> <span class='ocrx_word' id='word_1_820' title='bbox 2443 4722 2723 4776; x_wconf 76' lang='lat' dir='ltr'><strong>dissimilis</strong></span> <span class='ocrx_word' id='word_1_821' title='bbox 2759 4720 2918 4773; x_wconf 83' lang='lat' dir='ltr'><strong>Patri</strong></span> <span class='ocrx_word' id='word_1_822' title='bbox 2946 4721 3015 4773; x_wconf 76' lang='lat' dir='ltr'><strong>sit</strong></span> <span class='ocrx_word' id='word_1_823' title='bbox 3045 4719 3239 4773; x_wconf 80' lang='lat' dir='ltr'><strong>Filius.</strong></span> 
     </span>
    </p>
   </div>
   <div class='ocr_carea' id='block_1_105' title="bbox 2113 4812 3097 4883">
    <p class='ocr_par' dir='ltr' id='par_1_105' title="bbox 2113 4812 3097 4883">
     <span class='ocr_line' id='line_1_105' title="bbox 2113 4812 3097 4883; baseline -0.006 -13"><span class='ocrx_word' id='word_1_824' title='bbox 2113 4867 2116 4870; x_wconf 83' lang='lat'><strong>.</strong></span> <span class='ocrx_word' id='word_1_825' title='bbox 2227 4818 2284 4883; x_wconf 86' lang='grc' dir='ltr'>Ι,</span> <span class='ocrx_word' id='word_1_826' title='bbox 2328 4819 2378 4871; x_wconf 89' lang='lat' dir='ltr'><strong>I.</strong></span> <span class='ocrx_word' id='word_1_827' title='bbox 2420 4815 2488 4868; x_wconf 82' lang='lat' dir='ltr'><strong>Et</strong></span> <span class='ocrx_word' id='word_1_828' title='bbox 2523 4815 2662 4868; x_wconf 79' lang='lat' dir='ltr'><strong>Deus</strong></span> <span class='ocrx_word' id='word_1_829' title='bbox 2696 4821 2812 4867; x_wconf 81' lang='lat' dir='ltr'><strong>erat</strong></span> <span class='ocrx_word' id='word_1_830' title='bbox 2854 4812 3097 4867; x_wconf 82' lang='lat' dir='ltr'><strong>Verbum.</strong></span> 
     </span>
    </p>
   </div>
   <div class='ocr_carea' id='block_1_106' title="bbox 1949 4902 3450 4979">
    <p class='ocr_par' dir='ltr' id='par_1_106' title="bbox 1949 4902 3450 4979">
     <span class='ocr_line' id='line_1_106' title="bbox 1949 4902 3450 4979; baseline -0.005 -17"><span class='ocrx_word' id='word_1_831' title='bbox 1949 4908 2066 4964; x_wconf 80' lang='lat' dir='ltr'><strong>Non</strong></span> <span class='ocrx_word' id='word_1_832' title='bbox 2104 4908 2373 4979; x_wconf 77' lang='lat' dir='ltr'><strong>ignoravit</strong></span> <span class='ocrx_word' id='word_1_833' title='bbox 2398 4904 2584 4959; x_wconf 81' lang='lat' dir='ltr'><strong>divino</strong></span> <span class='ocrx_word' id='word_1_834' title='bbox 2618 4904 2827 4973; x_wconf 90' lang='lat' dir='ltr'><strong>Spiritu</strong></span> <span class='ocrx_word' id='word_1_835' title='bbox 2869 4902 3082 4957; x_wconf 82' lang='lat' dir='ltr'><strong>aﬂlatus</strong></span> <span class='ocrx_word' id='word_1_836' title='bbox 3115 4902 3450 4969; x_wconf 81' lang='lat' dir='ltr'><strong>evangelista</strong></span> 
     </span>
    </p>
   </div>
   <div class='ocr_carea' id='block_1_107' title="bbox 1878 4992 3451 5071">
    <p class='ocr_par' dir='ltr' id='par_1_107' title="bbox 1878 4992 3451 5071">
     <span class='ocr_line' id='line_1_107' title="bbox 1878 4992 3451 5071; baseline -0.005 -21"><span class='ocrx_word' id='word_1_837' title='bbox 1878 5004 2172 5071; x_wconf 84' lang='lat' dir='ltr'><strong>postremis</strong></span> <span class='ocrx_word' id='word_1_838' title='bbox 2203 4998 2541 5070; x_wconf 88' lang='lat' dir='ltr'><strong>temporibus</strong></span> <span class='ocrx_word' id='word_1_839' title='bbox 2568 4996 2922 5052; x_wconf 84' lang='lat' dir='ltr'><strong>suborituros</strong></span> <span class='ocrx_word' id='word_1_840' title='bbox 2952 4994 3168 5061; x_wconf 86' lang='lat' dir='ltr'><strong>aliquos</strong></span> <span class='ocrx_word' id='word_1_841' title='bbox 3201 4992 3294 5061; x_wconf 90' lang='lat' dir='ltr'><strong>qui</strong></span> <span class='ocrx_word' id='word_1_842' title='bbox 3320 4993 3451 5045; x_wconf 87' lang='lat' dir='ltr'><strong>sub-</strong></span> 
     </span>
    </p>
   </div>
   <div class='ocr_carea' id='block_1_108' title="bbox 1879 5085 3461 5161">
    <p class='ocr_par' dir='ltr' id='par_1_108' title="bbox 1879 5085 3461 5161">
     <span class='ocr_line' id='line_1_108' title="bbox 1879 5085 3461 5161; baseline -0.008 -13"><span class='ocrx_word' id='word_1_843' title='bbox 1879 5095 2094 5148; x_wconf 70' lang='lat' dir='ltr'><strong>stantia:</strong></span> <span class='ocrx_word' id='word_1_844' title='bbox 2122 5093 2397 5161; x_wconf 81' lang='lat' dir='ltr'><strong>Unigeniti</strong></span> <span class='ocrx_word' id='word_1_845' title='bbox 2430 5090 2817 5152; x_wconf 87' lang='lat' dir='ltr'><strong>detraherent,</strong></span> <span class='ocrx_word' id='word_1_846' title='bbox 2867 5095 2921 5140; x_wconf 89' lang='lat' dir='ltr'><strong>et</strong></span> <span class='ocrx_word' id='word_1_847' title='bbox 2950 5085 3241 5139; x_wconf 88' lang='lat' dir='ltr'><strong>Dominum</strong></span> <span class='ocrx_word' id='word_1_848' title='bbox 3277 5098 3304 5136; x_wconf 89' lang='lat' dir='ltr'><strong>a</strong></span> <span class='ocrx_word' id='word_1_849' title='bbox 3339 5098 3461 5152; x_wconf 62' lang='lat' dir='ltr'><strong>quo~</strong></span> 
     </span>
    </p>
   </div>
   <div class='ocr_carea' id='block_1_109' title="bbox 1879 5177 3457 5254">
    <p class='ocr_par' dir='ltr' id='par_1_109' title="bbox 1879 5177 3457 5254">
     <span class='ocr_line' id='line_1_109' title="bbox 1879 5177 3457 5254; baseline -0.011 -15"><span class='ocrx_word' id='word_1_850' title='bbox 1879 5185 2141 5254; x_wconf 84' lang='lat' dir='ltr'><strong>redempti</strong></span> <span class='ocrx_word' id='word_1_851' title='bbox 2174 5194 2301 5239; x_wconf 88' lang='lat' dir='ltr'><strong>sunt</strong></span> <span class='ocrx_word' id='word_1_852' title='bbox 2345 5191 2650 5252; x_wconf 79' lang='lat' dir='ltr'><strong>negarent.</strong></span> <span class='ocrx_word' id='word_1_853' title='bbox 2694 5195 2816 5234; x_wconf 88' lang='lat' dir='ltr'><strong>eum</strong></span> <span class='ocrx_word' id='word_1_854' title='bbox 2850 5177 3147 5234; x_wconf 89' lang='lat' dir='ltr'><strong>secundum</strong></span> <span class='ocrx_word' id='word_1_855' title='bbox 3191 5184 3457 5227; x_wconf 82' lang='lat' dir='ltr'><strong>naturam.</strong></span> 
     </span>
    </p>
   </div>
   <div class='ocr_carea' id='block_1_110' title="bbox 1877 5268 3444 5340">
    <p class='ocr_par' dir='ltr' id='par_1_110' title="bbox 1877 5268 3444 5340">
     <span class='ocr_line' id='line_1_110' title="bbox 1877 5268 3444 5340; baseline -0.008 -10"><span class='ocrx_word' id='word_1_856' title='bbox 1877 5293 1982 5330; x_wconf 87' lang='lat' dir='ltr'><strong>non</strong></span> <span class='ocrx_word' id='word_1_857' title='bbox 2015 5292 2135 5331; x_wconf 85' lang='lat' dir='ltr'><strong>esse</strong></span> <span class='ocrx_word' id='word_1_858' title='bbox 2160 5275 2324 5329; x_wconf 91' lang='lat' dir='ltr'><strong>Deum</strong></span> <span class='ocrx_word' id='word_1_859' title='bbox 2354 5291 2419 5328; x_wconf 85' lang='lat' dir='ltr'><strong>ex</strong></span> <span class='ocrx_word' id='word_1_860' title='bbox 2455 5275 2564 5327; x_wconf 89' lang='lat' dir='ltr'><strong>Deo</strong></span> <span class='ocrx_word' id='word_1_861' title='bbox 2586 5282 2639 5327; x_wconf 93' lang='lat' dir='ltr'><strong>et</strong></span> <span class='ocrx_word' id='word_1_862' title='bbox 2668 5272 2827 5326; x_wconf 81' lang='lat' dir='ltr'><strong>Patre</strong></span> <span class='ocrx_word' id='word_1_863' title='bbox 2851 5271 3091 5340; x_wconf 73' lang='lat' dir='ltr'><strong>genitum</strong></span> <span class='ocrx_word' id='word_1_864' title='bbox 3126 5268 3444 5328; x_wconf 78' lang='lat' dir='ltr'><strong>asserenda,</strong></span> 
     </span>
    </p>
   </div>
   <div class='ocr_carea' id='block_1_111' title="bbox 1875 5358 3445 5439">
    <p class='ocr_par' dir='ltr' id='par_1_111' title="bbox 1875 5358 3445 5439">
     <span class='ocr_line' id='line_1_111' title="bbox 1875 5358 3445 5439; baseline -0.009 -14"><span class='ocrx_word' id='word_1_865' title='bbox 1875 5370 1969 5425; x_wconf 87' lang='lat' dir='ltr'><strong>scd</strong></span> <span class='ocrx_word' id='word_1_866' title='bbox 1998 5368 2243 5439; x_wconf 83' lang='lat' dir='ltr'><strong>spuriuin</strong></span> <span class='ocrx_word' id='word_1_867' title='bbox 2285 5369 2441 5423; x_wconf 87' lang='lat' dir='ltr'><strong>nobis</strong></span> <span class='ocrx_word' id='word_1_868' title='bbox 2473 5365 2637 5421; x_wconf 85' lang='lat' dir='ltr'><strong>veluti</strong></span> <span class='ocrx_word' id='word_1_869' title='bbox 2663 5364 2952 5432; x_wconf 79' lang='lat' dir='ltr'><strong>quemdam</strong></span> <span class='ocrx_word' id='word_1_870' title='bbox 2980 5368 3033 5413; x_wconf 93' lang='lat' dir='ltr'><strong>ct</strong></span> <span class='ocrx_word' id='word_1_871' title='bbox 3056 5358 3177 5412; x_wconf 80' lang='lat' dir='ltr'><strong>falsi</strong></span> <span class='ocrx_word' id='word_1_872' title='bbox 3208 5358 3445 5411; x_wconf 84' lang='lat' dir='ltr'><strong>nominis</strong></span> 
     </span>
    </p>
   </div>
   <div class='ocr_carea' id='block_1_112' title="bbox 1875 5450 3447 5529">
    <p class='ocr_par' dir='ltr' id='par_1_112' title="bbox 1875 5450 3447 5529">
     <span class='ocr_line' id='line_1_112' title="bbox 1875 5450 3447 5529; baseline -0.008 -13"><span class='ocrx_word' id='word_1_873' title='bbox 1875 5463 2217 5525; x_wconf 82' lang='lat' dir='ltr'><strong>invehendo,</strong></span> <span class='ocrx_word' id='word_1_874' title='bbox 2264 5462 2544 5516; x_wconf 85' lang='lat' dir='ltr'><strong>ﬁliationis</strong></span> <span class='ocrx_word' id='word_1_875' title='bbox 2596 5458 2814 5529; x_wconf 79' lang='lat' dir='ltr'><strong>quidem</strong></span> <span class='ocrx_word' id='word_1_876' title='bbox 2860 5471 2923 5509; x_wconf 89' lang='lat' dir='ltr'><strong>ac</strong></span> <span class='ocrx_word' id='word_1_877' title='bbox 2963 5454 3184 5509; x_wconf 89' lang='lat' dir='ltr'><strong>deitatis</strong></span> <span class='ocrx_word' id='word_1_878' title='bbox 3222 5450 3447 5504; x_wconf 88' lang='lat' dir='ltr'><strong>nomine</strong></span> 
     </span>
    </p>
   </div>
   <div class='ocr_carea' id='block_1_113' title="bbox 1874 5540 3553 5622">
    <p class='ocr_par' dir='ltr' id='par_1_113' title="bbox 1874 5540 3553 5622">
     <span class='ocr_line' id='line_1_113' title="bbox 1874 5540 3553 5622; baseline -0.008 -17"><span class='ocrx_word' id='word_1_879' title='bbox 1874 5554 2208 5622; x_wconf 82' lang='lat' dir='ltr'><strong>redimitum,</strong></span> <span class='ocrx_word' id='word_1_880' title='bbox 2244 5554 2337 5608; x_wconf 88' lang='lat' dir='ltr'><strong>sed</strong></span> <span class='ocrx_word' id='word_1_881' title='bbox 2369 5555 2442 5607; x_wconf 87' lang='lat' dir='ltr'><strong>ita</strong></span> <span class='ocrx_word' id='word_1_882' title='bbox 2475 5568 2533 5606; x_wconf 87' lang='lat' dir='ltr'><strong>se</strong></span> <span class='ocrx_word' id='word_1_883' title='bbox 2564 5565 2751 5605; x_wconf 74' lang='lat' dir='ltr'><strong>revera</strong></span> <span class='ocrx_word' id='word_1_884' title='bbox 2784 5563 2891 5603; x_wconf 90' lang='lat' dir='ltr'><strong>non</strong></span> <span class='ocrx_word' id='word_1_885' title='bbox 2922 5547 3230 5600; x_wconf 85' lang='lat' dir='ltr'><strong>habentem.</strong></span> <span class='ocrx_word' id='word_1_886' title='bbox 3255 5540 3451 5594; x_wconf 81' lang='lat' dir='ltr'><strong>Simile-</strong></span> <span class='ocrx_word' id='word_1_887' title='bbox 3550 5616 3553 5619; x_wconf 81' lang='lat'><em>_</em></span> 
     </span>
    </p>
   </div>
   <div class='ocr_carea' id='block_1_114' title="bbox 1873 5634 3443 5716">
    <p class='ocr_par' dir='ltr' id='par_1_114' title="bbox 1873 5634 3443 5716">
     <span class='ocr_line' id='line_1_114' title="bbox 1873 5634 3443 5716; baseline -0.008 -17"><span class='ocrx_word' id='word_1_888' title='bbox 1873 5647 2134 5716; x_wconf 82' lang='lat' dir='ltr'><strong>quiddam</strong></span> <span class='ocrx_word' id='word_1_889' title='bbox 2186 5646 2437 5710; x_wconf 85' lang='lat' dir='ltr'><strong>faciunt,</strong></span> <span class='ocrx_word' id='word_1_890' title='bbox 2484 5644 2578 5714; x_wconf 88' lang='lat' dir='ltr'><strong>qui</strong></span> <span class='ocrx_word' id='word_1_891' title='bbox 2630 5642 2913 5697; x_wconf 74' lang='lat' dir='ltr'><strong>Iudaicam</strong></span> <span class='ocrx_word' id='word_1_892' title='bbox 2954 5638 3068 5691; x_wconf 83' lang='lat' dir='ltr'><strong>Arii</strong></span> <span class='ocrx_word' id='word_1_893' title='bbox 3103 5634 3443 5705; x_wconf 69' lang='lat' dir='ltr'><strong>impietatem</strong></span> 
     </span>
    </p>
   </div>
  </div>
