4214 6502
737 379 806 433 ΞὋ
1760 363 1816 428 S.
1861 371 2136 429 CYRILLI
2172 366 2638 425 ALEXANDRINI
2673 367 2991 426 ARCHIEP.
3161 373 3170 379 ’
3935 372 4004 426 ιο

739 493 948 548 intimis
979 493 1301 564 praecordiis
1347 502 1734 564 susceperunt,
1765 493 2110 564 proindeque
2147 503 2200 549 et
2244 492 2312 546 de
2341 491 2388 546 Α

2341 491 2388 546 A
2428 488 2722 562 Ἰουδαῖκὴν
2763 494 2843 557 είς
2877 493 2971 546 τὸν
3000 489 3209 544 ἑαυτῶν
3239 487 3624 553 είσοικίξοντες
3656 487 3798 554 νοῦν,
3832 489 3912 543 διὸ
3940 492 4004 560 δὴ

739 592 960 641 mortuo
995 584 1162 641 corde
1209 586 1500 656 proferunt
1550 601 1661 641 non
1705 585 1981 641 viviﬁcum
2037 592 2138 656 pia:
2179 601 2315 642 con-

739 676 1118 744 templationis
1146 678 1394 744 verbum,
1429 677 1525 731 sed
1562 675 1929 747 quodcunque
1959 677 2026 731 ad
2082 684 2312 732 mortem

741 765 919 821 tendit
960 781 1024 822 ac
1060 766 1325 836 respicit:
1364 785 1382 818 ι
1427 765 1635 837 Sagitta
1667 766 1870 837 quippe
1899 775 1982 823 est
2013 766 2313 823 vulnerans

741 857 927 928 lingua
951 871 1174 922 eorum;
1204 857 1394 914 dolosa
1418 859 1585 912 verba
1617 860 1732 914 oris
1761 873 1952 914 eorum
1984 858 2052 912 “.
2095 878 2114 910 ι
2144 857 2314 924 Quasi

740 964 872 1020 ergo
900 949 1012 1018 jam
1047 949 1102 1004 in
1151 949 1408 1004 veritatis
1439 947 1607 1004 verba
1649 955 1970 1018 exsurgeret
2004 948 2228 1018 aliquis,
2262 956 2316 1002 ct

741 1047 992 1094 sanctum
1045 1039 1438 1110 evangelistam
1474 1039 1548 1093 ita
1583 1038 1975 1110 propemodum
2025 1038 2318 1106 compella-

745 1141 827 1186 ret
865 1148 877 1183 :
909 1139 1027 1187 erat
1070 1131 1289 1201 quidem
1336 1129 1601 1196 Verbum,
1645 1147 1679 1187 o
1712 1131 1872 1196 bone,
1919 1131 2062 1200 apud
2115 1129 2313 1196 Deum;

741 1235 896 1279 csto-
939 1224 1035 1277 tibi
1063 1225 1207 1278 enim
1240 1223 1343 1278 ista
1372 1223 1637 1279 scribenti
1665 1222 1962 1278 credimus.
2009 1221 2092 1276 Sit
2132 1231 2314 1277 autem

743 1325 796 1369 et
839 1315 1110 1370 subsistat
1144 1314 1308 1370 Pater
1339 1316 1583 1386 proprie,
1625 1322 1866 1384 itemque
1916 1313 2090 1369 Filius
2121 1315 2319 1368 simili-

746 1416 826 1461 ter
853 1421 864 1456 :
891 1407 1166 1476 quodnam
1191 1421 1322 1477 ergo
1342 1407 1451 1476 2ο
1474 1407 1775 1461 secundum
1806 1414 2060 1460 naturam
2083 1404 2317 1460 Verbum

741 1510 862 1550 esse
900 1486 1206 1565 putandum
1238 1497 1366 1551 est?
1407 1497 1540 1550 lllud
1573 1497 1742 1562 enim,
1770 1511 1890 1552 esse
1939 1496 2083 1566 apud
2125 1496 2316 1563 Deum,

743 1591 968 1643 omnino
1019 1588 1386 1644 substantiam
1436 1603 1546 1642 non
1599 1589 1893 1659 significat.
1938 1588 2081 1642 Cum
2132 1597 2316 1642 autem

745 1698 914 1736 unum
971 1681 1140 1736 Deum
1183 1680 1483 1751 Scriptura:
1529 1679 1725 1735 divina:
1777 1680 2117 1750 praidicent,
2167 1679 2317 1734 Patri

745 1774 847 1827 soli
883 1775 987 1826 hoc
1010 1774 1334 1838 tribuemus,
1372 1773 1514 1844 apud
1549 1789 1711 1843 quem
1739 1784 1857 1828 erat
1889 1773 2148 1826 Verbum.
2176 1770 2318 1837 Quid

745 1867 811 1921 ad
847 1868 958 1921 haec
985 1867 1150 1937 igitur
1176 1869 1252 1921 ait
1278 1883 1457 1938 praeco
1480 1867 1767 1923 veritatis?
1787 1866 1906 1921 Non
1934 1867 2112 1922 solum
2141 1884 2159 1917 ι
2192 1865 2320 1919 Erat

746 1957 986 2014 Verbum
1017 1961 1156 2030 apud
1192 1960 1383 2022 Deum,
1423 1982 1439 2012 ι
1482 1962 1576 2016 sed
1608 1969 1725 2015 erat
1754 1961 1919 2016 etiam
1955 1960 2120 2026 Deus,
2162 1967 2222 2015 ut
2254 1975 2319 2015 ex

745 2066 812 2106 eo
853 2050 997 2120 quod
1054 2059 1138 2106 est
1186 2052 1328 2121 apud
1382 2051 1576 2116 Deum,
1613 2053 1754 2107 alius
1803 2067 1926 2107 esse
1965 2066 1995 2105 a
2032 2051 2195 2106 Patre
2229 2067 2321 2106 co-

747 2151 1068 2211 gnoscatur,
1121 2153 1174 2197 ct
1203 2143 1375 2199 Filius
1407 2144 1629 2214 proprie
1669 2144 1981 2199 subsistere
2023 2151 2077 2198 ct
2116 2160 2212 2216 per
2261 2157 2321 2199 se

747 2234 1031 2299 credatur;
1082 2249 1150 2288 ex
1179 2248 1244 2288 eo
1275 2248 1406 2289 vero
1444 2233 1590 2303 quod
1628 2240 1712 2289 est
1747 2233 1913 2298 Deus,
1953 2234 2320 2289 consubstan-

747 2325 916 2389 tialis,
946 2331 1000 2379 et
1031 2341 1095 2380 ex
1140 2326 1260 2395 ipso
1304 2325 1645 2394 intelligatur
1673 2341 1791 2380 esse
1826 2325 2125 2380 secundum
2159 2335 2320 2379 natu-

749 2431 885 2482 ram,
921 2425 1106 2485 utpote
1140 2415 1301 2480 Deus,
1344 2422 1398 2470 et
1438 2432 1502 2470 ex
1534 2415 1642 2472 Deo
1671 2417 1965 2471 exsislens.
1998 2414 2140 2470 Fieri
2173 2416 2318 2469 enim

747 2507 936 2576 nequit
973 2515 1052 2571 ut,
1094 2523 1218 2560 cum
1266 2521 1373 2561 una
1405 2507 1612 2577 liquido
1649 2507 1722 2561 sit
1751 2507 1893 2575 apud
1931 2507 2183 2561 homines
2233 2505 2319 2561 di-

747 2601 976 2663 vinitas,
1004 2599 1058 2652 in
1091 2598 1431 2654 idcntitatcm
1489 2598 1810 2654 substantia:
1857 2607 2048 2652 sancta
2080 2597 2320 2652 Trinitas

749 2706 860 2745 non
887 2692 1183 2753 coalescat,
1222 2698 1386 2760 atque
1416 2691 1488 2744 ita
1529 2690 1584 2744 in
1613 2705 1776 2744 uuam
1807 2691 2028 2745 deitatis
2051 2690 2319 2744 rationem

750 2780 1039 2836 referatur.
1093 2783 1222 2835 Erat
1268 2781 1464 2852 igitur,
1505 2789 1561 2836 et
1613 2782 1755 2836 Deus
1806 2791 1995 2852 postea
2050 2797 2158 2837 non
2198 2781 2314 2843 fuit,

749 2875 844 2928 sed
875 2875 1006 2928 olim
1037 2882 1176 2935 erat,
1211 2874 1448 2928 maxime
1484 2889 1608 2927 cum
1659 2873 1827 2928 Deum
1860 2890 1980 2928 esse
2009 2874 2077 2927 ab
2117 2885 2322 2928 mterno

749 2981 971 3035 quoque
1001 2981 1119 3020 esse
1153 2976 1542 3037 consequatur,
1580 2967 2031 3037 quandoquidem
2073 2968 2124 3021 id
2175 2967 2320 3035 quod

752 3057 807 3110 in
839 3067 1083 3127 tempore
1127 3057 1330 3112 factum
1366 3068 1469 3122 est,
1501 3067 1595 3113 aut
1644 3075 1674 3115 e
1720 3060 1890 3113 nihilo
1924 3060 1979 3114 in
2010 3075 2194 3114 rerum
2231 3077 2324 3113 na-

2417 583 2510 634 καὶ
2549 582 2657 634 ἀπὸ
2703 584 2903 654 νεκρᾶς
2969 580 3307 654 προφέρουσι
3349 580 3609 652 καρδίας,
3652 582 3712 634 οὺ
3742 581 3831 635 τὸν
3864 581 4007 648 ζωο-

2416 672 2567 725 ποιὸν
2599 673 2700 743 τῆς
2729 674 2988 737 εὐσεϐοῦς
3019 673 3253 744 θεωρίας
3284 671 3440 740 λόγον
3461 711 3475 735 ,
3527 670 3643 724 ἀλλ’
3682 672 3733 725 εί
3769 689 3822 725 τι
3866 672 4008 744 πρὸς

2417 767 2642 822 θάνατον
2660 770 2763 840 ὁρᾷ
2776 786 2837 821 τε
2860 769 2952 822 διαὶ
2974 767 3160 837 βλέπει
3180 783 3193 796 ’
3227 766 3412 830 «Bon;
3435 767 3604 829 ὅντως
3627 765 4007 835 τιτρώσκουσα

2415 859 2448 928 ὴ
2474 858 2696 926 γλῶσσα
2724 859 2924 924 αὐτῶν,
2957 859 3109 913 δόλια
3135 856 3207 912 τὰ
3238 859 3459 929 ῥήματα
3482 856 3575 910 τοῦ
3609 857 3876 926 στόματος
3904 857 4006 910 αὖ·

2415 949 2578 1004 τῶν.)
2607 951 2816 1022 Ὠσπερ
2843 946 2935 1005 οὖν
2954 950 3058 1022 ήδη
3084 949 3227 1014 τινὸς
3255 952 3368 1013 τοῖς
3388 949 3448 1013 ἐξ
3475 947 3734 1019 ἀληθείας
3761 949 4005 1002 ἀντιτεί-

2417 1058 2598 1104 νοντος
2643 1041 2884 1112 ῥήμασι,
2941 1043 3037 1095 καὶ
3091 1039 3372 1112 μονονουχὶ
3423 1040 3674 1109 λέγοντος
3727 1041 3861 1110 πρὸς
3912 1040 4009 1092 τὸν

2418 1133 2570 1200 ἅγιον
2602 1130 3012 1204 εύαγγελιστήν·
3045 1127 3152 1185 Ἦν
3179 1132 3277 1202 μὲν
3303 1133 3331 1185 6
3359 1132 3549 1200 Λόγος,
3581 1126 3626 1185 ὦ
3652 1126 3826 1195 οὗτος,
3867 1131 4009 1201 πρὸς

2417 1223 2506 1276 τὸν
2527 1223 2680 1289 Θεὸν,
2699 1223 2793 1276 καὶ
2808 1223 2981 1293 ὲχέτω
3003 1223 3150 1295 τῇδε⁹
3182 1222 3440 1292 πείθομαι
3465 1223 3574 1294 γὰρ
3596 1226 3709 1287 τοῖς
3740 1225 3853 1284 σοῖς
3875 1241 3945 1275 πε
3955 1223 4008 1294 ρί

2417 1315 2607 1368 τούτου
2643 1297 3073 1386 συγγράμμασιν
3094 1331 3110 1348 ο
3159 1314 3300 1368 ἔστω
3332 1315 3412 1380 δὲ,
3445 1315 3540 1368 καὶ⁸
3572 1315 3865 1384 ὑπαρχέτω
3893 1314 4008 1366 Πα-

2418 1406 2523 1477 τὴρ
2555 1407 2654 1478 μὲν
2689 1407 2868 1470 ίδίως,
2917 1406 3046 1472 Υἱὸς
3083 1407 3139 1460 δὲ
3174 1407 3336 1461 πάλιν
3369 1407 3591 1477 ὁμοίως.
3646 1406 3781 1459 Τίνα
3815 1405 3880 1475 δὴ
3912 1400 4008 1458 οὖν

2420 1500 2683 1572 ὑπάρχειν
2724 1499 2934 1553 οἴεσθαι
2976 1501 3243 1572 προσήκει
3282 1499 3423 1554 κατὰ
3447 1499 3636 1569 ’φύσιν
3671 1499 3764 1552 τὸν
3787 1500 4005 1567 Λόγον;

2421 1592 2494 1644 Τὸ
2531 1592 2640 1662 γὰρ
2679 1587 2816 1646 εἶναι
2847 1591 2989 1664 πρὸς.
3027 1592 3189 1658 Θεὸν,
3245 1592 3304 1645 οὐ
3341 1593 3560 1656 πάντως
3602 1591 3714 1662 ἔχει
3759 1609 3794 1645 κ
3831 1592 3854 1641 ἱ
3903 1590 4010 1660 τῆς

2421 1683 2607 1746 οὐσίας
2631 1685 2729 1754 τὴν
2759 1685 3014 1754 δήλωσιν.
3049 1684 3262 1756 Ἐπειδὴ
3286 1685 3338 1737 δὲ
3354 1685 3488 1738 Θεὸν
3518 1685 3615 1737 ἕνα
3643 1683 4009 1754 κηρύττουσιν

2421 1776 2476 1826 αἱ
2515 1774 2654 1828 θεῖαι
2683 1776 2915 1845 Γραφαι,
2947 1776 3289 1847 ἀναθήσομεν
3324 1775 3482 1829 τοῦτο
3526 1775 3671 1846 μόνῳ
3698 1774 3775 1844 τῷ
3802 1776 4005 1844 Πατρὶ,

2422 1867 2558 1936 πρὸς
2589 1868 2647 1919 ὃν
2673 1863 2741 1938 ἦν
2770 1871 2798 1921 6
2819 1868 3006 1936 Λόγος.
3035 1869 3100 1921 Τί
3131 1865 3224 1926 οὖν
3251 1870 3359 1940 ἄρα
3387 1869 3480 1922 καὶ
3510 1869 3646 1939 πρὸς
3675 1868 3834 1921 τοῦτό
3869 1885 4007 1936 φησι

2420 1962 2521 2030 τῆς
2543 1959 2802 2032 ἀληθείας
2825 1963 2854 2014 6
2881 1961 3056 2032 κήρυξ
3085 1977 3099 2026 ;
3127 1961 3202 2014 Οὐ
3239 1961 3397 2030 μόνον
3433 1979 3451 2012 ι
3481 1956 3589 2013 Ἦν
3617 1961 3645 2013 6
3669 1959 3842 2027 Λόγος
3867 1958 4008 2029 πρὸς

2419 2054 2572 2117 Θεὸν,
2609 2073 2628 2106 ι
2666 2055 2780 2108 ἀλλ’
2811 2049 2880 2124 ἦν
2903 2053 2998 2107 καὶ
3024 2053 3177 2118 Θεὸς,
3213 2054 3299 2106 ἵνα
3324 2053 3414 2107 διὰ
3443 2052 3542 2123 μὲν
3567 2051 3660 2105 τοῦ
3696 2047 3833 2104 εἶναι
3867 2051 4008 2120 πρὸς

2419 2146 2570 2210 Θεὸν,
2607 2145 2792 2216 ἕτερος
2821 2145 2897 2199 ῶν
2943 2145 3093 2218 παρὰ
3137 2145 3230 2198 τὸν
3260 2145 3481 2212 Πατέρα
3514 2144 3869 2215 γνωρίζηται,
3910 2142 4010 2194 καί

2421 2237 2548 2300 Υἱὸς
2583 2237 2850 2309 ὑπάρχειν
2888 2237 2994 2308 ἰδίᾳ
3030 2237 3124 2291 καὶ
3151 2235 3271 2290 καθ’
3300 2223 3496 2289 ἑαυτὸν
3529 2233 3876 2304 πιστεύηται·
3917 2233 4008 2285 διὰ

2419 2329 2476 2381 δὲ
2507 2327 2601 2382 τοῦ
2637 2323 2780 2381 εἶναι
2815 2329 2968 2392 Θεὸς,
3003 2327 3290 2398 όμοούσιός
3317 2344 3377 2380 τε
3404 2327 3497 2380 καὶ
3527 2325 3586 2390 ἐξ
3618 2325 3782 2379 αὐτοῦ
3820 2326 4008 2394 νοῆσαι

2421 2419 2560 2472 κατὰ
2589 2419 2778 2488 φύσιν,
2807 2421 2900 2474 ἆτε
2929 2420 2992 2488 δὴ
3018 2419 3109 2473 καὶ
3136 2419 3295 2483 Θεὸς,
3330 2422 3425 2472 nati.
3454 2419 3516 2471 ἐκ
3544 2417 3679 2471 Θεοῦ
3706 2416 4005 2488 προελθών.

2434 2513 2736 2582 Ἀμήχανον
2753 2512 2881 2582 γὰρ,
2903 2513 3028 2582 μιᾶς
3050 2507 3186 2564 εἶναι
3209 2511 3358 2583 παρὰ
3383 2514 3546 2565 πᾶσιν
3569 2508 4007 2581 ὸμολογουμένης

2423 2603 2704 2674 θεότητος,
2757 2605 2831 2675 μὴ
2880 2605 3097 2668 πάντως
3146 2606 3225 2670 είς
3289 2605 3595 2673 ταυτότητα
3642 2601 3856 2672 φύσεως
3909 2600 4009 2671 τὴν

2423 2698 2583 2764 ἁγίαν
2612 2697 2921 2751 ἀναϐαίνειν
2957 2698 3193 2769 Τριὰδα,
3250 2698 3419 2760 οὕτως
3447 2714 3503 2750 τε
3543 2698 3622 2760 εἰς
3657 2697 3746 2750 τὸν
3785 2697 3878 2748 ἕνα
3908 2698 4009 2765 τῆς

2423 2790 2673 2859 θεότητος
2705 2789 3071 2861 ἀναφέρεσθαι
3101 2789 3276 2854 λόγον.
3330 2786 3437 2842 Ἦν
3471 2785 3564 2844 οὖν
3585 2827 3600 2852 ,
3657 2787 3752 2842 καὶ
3779 2786 3912 2850 Θεὸς
3941 2787 4004 2838 ού

2423 2885 2641 2951 γέγονεν
2668 2882 2892 2953 ὕστερον
2912 2924 2924 2945 ,
2956 2883 3093 2936 ἀλλὰ
3124 2883 3290 2936 πάλαι
3319 2877 3418 2952 ἦν,
3456 2882 3504 2933 εἰ
3536 2881 3628 2934 καὶ
3661 2882 3742 2934 ὅτι
3772 2878 4009 2950 μάλιστα

2423 2975 2500 3044 τῷ
2535 2971 2674 3027 εἶναι
2724 2973 2855 3027 Θεὸν
2900 2973 3254 3043 ἀκολουθήσει
3309 2974 3524 3034 πάντως
3572 2972 3662 3025 καὶ
3708 2971 3769 3026 τδ
3820 2971 4011 3033 “si”;

2425 3065 2563 3120 εἶναι
2589 3083 2604 3098 ·
2641 3067 2763 3120 ἐπεὶ
2798 3067 2859 3119 τὸ
2906 3069 2963 3119 ἐν
2993 3067 3169 3138 χρόνῳ
3200 3065 3443 3133 γεγονὸς,
3477 3065 3509 3133 ἢ
3543 3064 3636 3116 καὶ
3666 3063 3800 3125 ὅλως
3836 3064 3900 3116 ὲκ
3934 3061 4010 3132 μὴ

752 3159 932 3201 turam
982 3149 1216 3213 editum,
1265 3158 1462 3204 natura
1515 3150 1659 3204 Deus
1717 3166 1824 3203 non
1863 3160 1969 3206 cst.
2005 3150 2145 3206 Cum
2192 3165 2322 3220 ergo
2352 3148 2392 3206 C

2352 3148 2392 3206 (ἶ
2427 3160 2577 3223 ὄντος
2609 3161 2688 3224 εἰς
2720 3160 2781 3213 τὸ
2807 3155 2942 3212 εἶναι
2961 3156 3311 3228 παρενεχθὲν,
3335 3156 3434 3209 ούκ
3462 3155 3526 3209 ἂν
3552 3156 3634 3226 εἴη
3670 3155 3827 3223 φύσει
3850 3154 4004 3218 Θεὸς.

753 3242 842 3294 Dei
872 3240 1108 3295 Verbum
1151 3257 1248 3312 per
1272 3243 1426 3306 illud,
1452 3253 1588 3308 erat,
1607 3245 1966 3298 aeternitatem
1991 3245 2207 3307 habent,
2233 3262 2324 3315 per

751 3333 880 3387 illud
906 3344 1108 3398 autem,
1146 3351 1259 3388 esse
1291 3334 1474 3399 Deum,
1504 3350 1630 3389 cum
1658 3335 1821 3391 Patre
1845 3337 2327 3392 consubstantiali-

757 3437 947 3489 tatcm,
979 3427 1172 3497 quanti
1204 3428 1452 3497 supplicii
1481 3443 1543 3482 ac
1568 3443 1742 3498 ptena:
1774 3445 1899 3485 reos
1935 3431 2217 3485 inventum
2257 3433 2322 3485 iri

753 3517 1055 3584 putandum
1077 3525 1180 3582 est,
1202 3519 1294 3587 qui
1314 3534 1583 3572 minorem
1609 3519 2018 3590 quodammodo
2041 3533 2135 3577 aut
2157 3523 2322 3576 etiam

751 3607 1071 3662 dissimilem
1124 3607 1269 3661 Patri
1330 3609 1508 3679 ipsum
1560 3625 1680 3665 esse
1733 3612 2091 3679 arbitrantur,
2151 3628 2327 3684 coque

753 3699 1059 3768 impietatis
1091 3700 1346 3771 progredi
1379 3717 1490 3754 non
1523 3700 1770 3765 horrent,
1793 3710 1852 3755 ut
1877 3704 2053 3773 palam
2090 3705 2324 3774 idipsum

753 3808 972 3862 quoque
1003 3791 1256 3863 proferre
1284 3794 1542 3859 audeant,
1573 3809 1672 3851 nec
1697 3811 1817 3865 quze.
1843 3796 2034 3850 dicunt
2064 3799 2324 3862 scientes,

754 3900 932 3954 neque
975 3885 1041 3938 de
1074 3886 1272 3954 quibus
1324 3888 1680 3941 asseverant?
1712 3887 1868 3942 Nulla
1897 3889 2041 3943 enim
2074 3905 2140 3944 ex
2175 3898 2328 3960 parte

755 3977 1023 4032 minorem
1072 3992 1194 4031 esse
1232 3977 1392 4034 Patre
1429 3979 1626 4033 Filium
1675 3996 1741 4035 ex
1788 3981 1910 4051 ipso
1957 3989 2012 4036 et
2058 3999 2186 4038 vere
2231 3999 2327 4054 ge-

756 4069 956 4133 nitum,
1009 4084 1075 4123 ex
1115 4069 1377 4140 subjectis
1430 4071 1736 4127 rationibus
1785 4087 2007 4129 rursum
2061 4088 2326 4146 agnosce-

753 4175 898 4215 nius.

828 4249 1060 4305 ALlUD.
1130 4251 1313 4308 Multis
1383 4254 1665 4326 variisque
1732 4257 2050 4312 nominibus
2131 4258 2331 4313 divina:

758 4341 1057 4411 Scripturae
1107 4342 1301 4398 Filium
1349 4349 1646 4417 appellant.
1698 4349 2036 4420 Sapientiam
2083 4352 2225 4403 cnim
2278 4359 2332 4406 et

2437 3252 2689 3321 Ἔχοντος
2719 3252 2896 3304 τοίνυν
2935 3249 3028 3303 τοῦ
3059 3249 3193 3302 Θεοῦ
3219 3250 3393 3316 Λόγου
3434 3247 3521 3300 διὰ
3560 3247 3657 3316 μὲν
3698 3246 3788 3299 τοῦ
3831 3245 3913 3312 ἦν
3950 3246 4012 3297 τὸ

2431 3343 2636 3409 ἀΐδιον,
2682 3342 2768 3395 διὰ
2805 3341 2860 3394 δὲ
2889 3341 2983 3395 τοῦ
3023 3337 3175 3395 εἶναι
3210 3341 3360 3394 Θεὸν
3399 3340 3460 3392 τὸ
3503 3339 3638 3409 πρὸς
3667 3337 3756 3390 τὸν
3786 3337 4012 3407 Πατέρα

2431 3435 2734 3502 ὁμοουσιον,
2761 3433 2932 3502 πόσης
2954 3431 3158 3484 οἴεσθαι
3181 3431 3284 3502 χρὴ
3316 3428 3588 3490 κολάσεως
3613 3445 3671 3480 τε
3716 3428 3807 3480 καὶ
3835 3445 4012 3496 τιμω-

2438 3525 2554 3594 ρίας
2597 3525 2814 3594 ἐνόχους
2848 3521 3268 3594 εὑρεθήσεσθαι,
3325 3521 3450 3583 τοὺς
3490 3520 3746 3574 ἐλάτ.ονα
3786 3522 3928 3573 κατά
3961 3537 4014 3571 τι

2432 3611 2634 3683 γοῦν,ἢ
2668 3613 2761 3665 καὶ
2789 3611 3039 3682 ἀνόμοιον
3065 3610 3157 3663 τοῦ
3189 3611 3576 3680 γεγεννηκότος
3599 3609 3880 3678 οἰομένους
3908 3610 4015 3660 67:-

2432 3705 2618 3774 άρχειν
2646 3704 2826 3768 αὑτὸν,
2862 3704 2955 3756 καὶ
2978 3704 3055 3767 εἰς
3078 3702 3234 3756 τοῦτο
3258 3702 3538 3772 προελθεῖν
3567 3701 3882 3762 δυσσεϐείας
3909 3702 4014 3754 οὐκ

2432 3795 2881 3865 ἁποφρίττοντας,
2900 3794 2974 3857 ὼς
3001 3795 3098 3864 ἥδη
3120 3793 3321 3863 τολμᾷν
3347 3794 3440 3846 καὶ
3462 3793 3667 3863 ἑτέροις
3689 3791 3758 3844 τὰ
3787 3791 4014 3846 τοιαῦτα

2436 3886 2781 3959 προσλαλεῖν,
2816 3887 2890 3956 μὴ
2929 3886 3202 3949 νοοῦντας,
3231 3884 3430 3955 μήτεεᾶ.
3450 3884 3686 3952 λέγουσι,
3724 3886 3858 3954 μήτε
3882 3885 4016 3954 περὶ

2435 3979 2594 4033 τίνων
2627 3977 3077 4032 διαϐεϐαιοῦνται.
3129 3977 3250 4029 ’Ότι
3294 3976 3404 4046 γὰρ
3438 3976 3734 4046 οὐδαμόθεν
3774 3976 4014 4030 ἐλάττων

2435 4072 2553 4125 ἐστὶ
2595 4071 2688 4124 τοῦ
2737 4070 2973 4140 Πατρὸς1
3017 4071 3044 4122 6
3097 4068 3156 4132 ἐξ
3213 4068 3374 4122 αὑτοῦ
3429 4071 3524 4122 καὶ
3590 4071 3708 4122 κατ’
3753 4068 4015 4137 ἀλήθειαν

2437 4163 2662 4225 Υἱὸς,ὲκ
2682 4161 2788 4214 τῶν
2817 4160 3258 4229 συνεζευγμένων
3285 4158 3502 4211 ἐννοιῶν
3539 4158 3796 4227 εἰσόμεθα
3827 4159 4010 4212 πάλιν.

2513 4253 2740 4307 'AAAO.
2794 4253 3013 4316 Πολλοῖς
3054 4252 3146 4305 καὶ
3187 4251 3460 4321 διαφόρως
3495 4250 3718 4319 ὀνόμασι
3763 4250 3855 4302 τὸν
3886 4251 4014 4303 Υίὸν

2439 4347 2494 4400 αί
2527 4344 2909 4399 θεῖαικαλοῦσι
2943 4343 3174 4414 Γραφαί.
3208 4343 3408 4410 Σοφίαν
3442 4341 3541 4412 μὲν
3591 4341 3698 4409 γὰρ
3741 4343 3835 4394 καὶ
3862 4341 4016 4394 δύνει·

757 4433 1012 4486 virtutcm
1061 4430 1238 4488 Patris
1271 4436 1450 4504 ipsum
1480 4453 1601 4492 esse
1634 4417 1811 4504 aiunt,
1853 4441 2010 4509 juxta
2065 4440 2219 4494 Pauli
2251 4442 2332 4495 di-
2362 4417 2406 4473 Ῑ)

2362 4417 2406 4473 Ῑ)
2441 4452 2530 4506 μιν
2557 4434 2650 4488 τοῦ
2678 4433 2889 4505 Πατρὸς
2915 4427 3054 4484 εἷναί
3086 4447 3246 4500 φασιν
3272 4429 3451 4491 αὑτὸν,
3477 4429 3616 4482 κατὰ
3639 4429 3700 4480 τὸ
3723 4427 4012 4498 εἰρημένον

757 4531 944 4576 ctum:
989 4542 1006 4575 ι
1052 4523 1310 4582 Christus
1343 4526 1435 4583 Dei
1471 4529 1648 4586 virtus
1674 4539 1728 4586 et
1771 4531 1864 4586 Dei
1902 4533 2171 4603 sapientia
2204 4536 2270 4587 “.
2308 4553 2324 4585 ι

758 4615 947 4672 Dictus
989 4626 1073 4671 cst
1109 4633 1330 4673 rursum
1369 4621 1460 4675 lux
1493 4623 1614 4691 ejus
1668 4632 1722 4679 et
1774 4626 1981 4682 veritas
2009 4669 2022 4691 ,
2068 4628 2226 4696 juxta
2278 4627 2331 4681 id

757 4707 907 4775 quod
953 4722 984 4760 a
1035 4708 1272 4777 quodam
1325 4720 1638 4766 sanctorum
1692 4715 1746 4769 in
1793 4715 2028 4772 Psalmis
2079 4720 2329 4773 canitur:

763 4819 781 4848 ε
833 4798 1027 4855 Emitte
1063 4801 1241 4856 lucem
1287 4810 1437 4856 tuam
1475 4815 1531 4858 et
1583 4809 1862 4862 \ciitatem
1895 4817 2043 4864 tuam
2075 4809 2140 4864 ”.
2183 4829 2201 4862 ι
2235 4811 2333 4865 Ju—

758 4890 906 4944 stitia
949 4907 1167 4961 quoque
1213 4894 1528 4950 nominatus
1562 4905 1664 4960 est,
1691 4898 1844 4967 juxta
1891 4900 2022 4957 illud
2051 4919 2064 4956 :
2096 4919 2115 4953 ι
2152 4903 2209 4956 1η
2239 4913 2332 4958 tua

756 4982 972 5047 justitia
1020 4985 1234 5038 viviﬁca
1288 5003 1372 5040 me
1410 4988 1475 5041 “.
1514 5007 1532 5040 ι
1569 4988 1824 5044 Viviﬁcat
1872 4993 2014 5047 enim
2068 4993 2230 5049 Pater
2275 4995 2333 5048 in

760 5071 983 5127 Christo
1028 5075 1323 5131 credentes
1371 5079 1422 5132 in
1485 5078 1685 5149 ipsum.
1736 5081 1877 5146 Quin
1935 5091 1989 5136 et
2037 5085 2331 5138 consilium

764 5173 1114 5233 nuncupatus
1161 5178 1245 5221 est
1289 5167 1490 5236 Patris,
1535 5171 1691 5240 juxta
1743 5173 1915 5227 illud-
1960 5193 1978 5226 ‹
2015 5175 2070 5228 ln
2103 5177 2335 5231 consilio

762 5263 858 5306 tuo
891 5253 1165 5312 deduxisti
1193 5274 1278 5313 me
1308 5261 1375 5316 ".
1412 5281 1429 5313 ι
1470 5260 1528 5316 Et
1562 5279 1786 5320 rursus:
1827 5285 1844 5317 ι
1887 5266 2193 5322 Consilium
2228 5268 2333 5322 Do-

764 5343 895 5396 mini
929 5355 1110 5400 manet
1147 5349 1201 5402 in
1247 5361 1508 5406 mternum
1539 5354 1603 5406 “.
1641 5375 1658 5406 ›
1695 5355 1830 5410 Cum
1871 5357 2034 5428 igitur
2065 5359 2180 5413 haec
2215 5375 2333 5413 om-

763 5435 853 5485 nia
887 5434 1060 5492 Filius
1098 5439 1169 5493 sit
1198 5439 1306 5496 Deo
1340 5457 1404 5498 ac
1435 5442 1606 5509 Patri,
1659 5447 1850 5502 dicant
1896 5450 2055 5505 nobis
2094 5451 2186 5521 qui
2219 5452 2332 5506 Arii

762 5525 936 5577 errori
989 5537 1350 5587 assentantur
1402 5542 1454 5589 et
1506 5537 1599 5605 qui
1655 5539 1806 5596 illius
1857 5541 2133 5596 dementia
2188 5543 2333 5612 pleni

765 5622 912 5680 sunt,
943 5623 1216 5686 quomodo
1246 5625 1314 5679 sit
1349 5628 1528 5682 minor
1562 5630 1698 5698 ipso.
1734 5630 1788 5685 Si
1822 5635 1966 5688 enim
2003 5634 2074 5688 ita
2110 5649 2200 5690 res
2228 5644 2334 5701 est,

837 5731 878 5760 “
907 5732 1017 5810 εἰεί-νε
1049 5752 1122 5804 Ix,
1149 5740 1200 5794 8.
1307 5742 1397 5795 ¹⁸²Ι
1435 5743 1557 5799 Cor.
1599 5746 1753 5810 1,5”.

1831 5749 1876 5780 ⁸³
1909 5749 2049 5804 Psal.
2089 5766 2217 5816 xui,
2251 5754 2305 5806 5.

765 5805 1045 5870 xxxu,ll.

2433 4529 2511 4594 τῷ
2536 4525 2734 4595 Παύλῳ
2755 4541 2770 4555 ο
2801 4543 2816 4574 ι
2846 4522 3078 4594 Χριστὸς
3100 4519 3234 4574 Θεοῦ
3257 4519 3591 4590 δύναμιςκαὶ
3620 4517 3753 4572 Θεοῦ
3787 4519 3967 4586 σοφία.
3985 4538 4001 4570 ι

2435 4620 2663 4690 Εἴρηται
2689 4619 2744 4672 δὲ
2777 4617 2939 4671 πάλιν
2969 4617 3060 4670 καὶ
3092 4615 3206 4683 φῶς
3233 4613 3396 4667 αὺτοῦ
3431 4613 3524 4666 καὶ
3554 4612 3778 4681 ἀλήθεια
3799 4651 3811 4675 ,
3873 4613 4014 4666 κατὰ

2434 4713 2493 4766 τὸ
2539 4715 2596 4765 ὲν
2629 4710 2878 4780 Ψαλμοῖς
2929 4707 3034 4760 ὑπό
3077 4722 3172 4759 του
3220 4704 3330 4757 τῶν
3367 4704 3536 4772 ἁγίων
3581 4705 4012 4775 μελῳδούμενον·

2441 4823 2458 4853 ι
2484 4799 2892 4867 Ἐξατόστειλον
2921 4797 2981 4850 τὸ
3011 4795 3128 4866 φῶς
3152 4794 3394 4859 conﬁxa!
3422 4793 3518 4863 τὴν
3553 4794 3810 4866 ἀλήθειάν
3846 4813 3962 4852 σου.
3991 4816 4007 4848 ι

2437 4895 2664 4965 Εἴρηται
2687 4890 2782 4944 καὶ
2805 4888 3138 4956 δικαιοσύνη,
3162 4887 3304 4941 κατὰ
3336 4887 3415 4951 τὸ,
3445 4905 3462 4938 ι
3489 4887 3575 4940 Ἐν
3615 4888 3668 4956 νῇ
3700 4885 3728 4938 δ
3753 4904 3822 4940 κα
3883 4904 3910 4939 σ
3983 4907 4013 4959 η

2439 5003 2530 5039 σου
2584 4981 2748 5053 ζῆσὸν
2783 4998 2869 5051 με.
2904 4997 2921 5032 ι
2971 4979 3232 5032 Ζωοποιεῖ
3264 4979 3372 5051 γὰρ
3417 4979 3446 5029 6
3483 4977 3672 5048 Πατὴρ
3706 4980 3762 5030 ὲν
3793 4978 4015 5050 Χριστῷ

2435 5079 2563 5139 τοὺς
2601 5072 2955 5134 πιστεύοντας
3004 5072 3084 5134 εἰς
3121 5071 3302 5125 αὐτόν.
3370 5069 3693 5138 Ὠνόμασται
3729 5070 3817 5121 καὶ
3850 5070 4013 5141 βουλὴ

2437 5169 2529 5222 τοῦ
2555 5167 2785 5237 Πατρὸς,
2811 5162 2953 5217 κατὰ
2976 5162 3036 5215 τὸ
3061 5160 3369 5232 είρημένον⁶
3425 5178 3443 5210 ι
3479 5160 3566 5211 Ἐν
3595 5161 3659 5228 τῇ
3703 5159 3866 5228 βουλῇ
3926 5177 4012 5212 σου

2438 5258 2726 5331 ὡδήγησάς
2761 5272 2848 5327 με’
2880 5273 2899 5307 ι
2930 5253 3023 5307 καὶ
3057 5253 3240 5314 πάλιν,
3405 5250 3458 5302 δὲ
3493 5249 3654 5320 βουλὴ
3680 5249 3774 5302 τοῦ
3806 5251 4012 5318 Κυρίου

2436 5356 2514 5415 εἰς
2539 5352 2628 5404 τὸν
2655 5350 2826 5403 αἰῶνα
2852 5347 3025 5416 μένει.
3054 5364 3072 5396 ι
3117 5343 3249 5397 ’Ὀτε
3263 5342 3441 5394 τοίνυν
3461 5341 3632 5394 ταῦτα
3667 5341 3843 5393 πάντα
3868 5345 4013 5394 εστὶν

2436 5448 2462 5498 6
2493 5445 2616 5508 Υἱὸς
2655 5442 2733 5511 τῷ
2771 5440 2889 5511 Θεῷ
2923 5440 3014 5493 καὶ
3061 5437 3270 5504 Πατρὶ,
3315 5436 3620 5504 λεγέτωσαν
3659 5436 3792 5505 ἡμῖν
3839 5437 3886 5488 οἱ
3922 5436 4014 5506 τὴν

2451 5535 2658 5607 Ἀρείου
2686 5531 3070 5593 κολακεύοντες
3098 5528 3328 5597 πλάνην,
3359 5528 3450 5580 καὶ
3474 5527 3571 5597 τῆς
3599 5526 3808 5580 ἐκείνου
3843 5545 4016 5597 παρα-

2442 5630 2586 5692 νοίας
2619 5623 3133 5693 ἁναπεπλησμένοι,
3185 5621 3300 5682 πῶς
3351 5621 3496 5671 ἐστιν
3550 5618 3787 5673 ἐλάττων
3831 5619 4012 5673 αὑτοῦ.

2419 5753 2458 5782 ἰι
2510 5743 2654 5803 Psal.
2701 5737 3003 5805 curru/:0.
3119 5733 3326 5790 “Psal.
3387 5748 3557 5798 run,
3592 5732 3681 5786 23.
3801 5733 3841 5761 "‘
3873 5732 4012 5790 Psal.
