4214 6502
215 445 271 496 II
1265 436 1329 492 IN
1367 432 1650 492 JOANNIS
1682 432 2144 507 EVANGELIEM
2185 433 2310 489 LIB.
2356 432 2395 486 1.
3390 416 3461 469 κίε

215 564 358 629 Ὥρα
384 559 490 627 γὰρ
516 556 697 624 λέγειν
719 597 733 623 ,
768 555 930 627 εἴπερ
956 554 1130 620 οὕτως
1157 555 1273 627 ἔχοι
1301 558 1424 609 κατ’
1456 557 1651 619 αὑτοὺς
1668 596 1683 619 ,
1712 557 1794 609 ὅτι

1904 564 1957 607 ut
1989 554 2067 606 illi
2108 553 2322 617 volunt,
2357 552 2603 622 sequitur
2634 550 2850 607 Patrem
2882 551 2983 620 21
3031 566 3137 605 non
3177 566 3299 605 esse
3338 565 3465 620 per-

215 668 318 720 περ
342 651 401 702 οὑ
437 649 654 711 τελείως
689 648 848 717 σοφὸς
893 650 922 702 6
956 649 1176 719 Πατὴρ,
1204 649 1266 701 οὑ
1296 648 1518 712 τελείως
1545 650 1790 714 δυνατὸς,

212 742 274 793 οὑ
300 741 519 803 τελείως
564 739 680 807 φῶς
698 781 713 804 ,
744 740 806 791 οὑ
833 739 1054 802 τελείως
1080 740 1338 811 ἀλήθεια,
1378 741 1443 794 οὑ
1471 741 1693 803 τελείως
1716 741 1799 793 δίε

215 850 370 894 καιος
391 872 406 894 ,
454 831 565 885 ἀλλ’
594 830 716 883 οὑδὲ
746 831 948 895 τέλειος
991 833 1049 885 ὲν
1081 831 1241 903 βουλῇ
1265 873 1281 898 ,
1330 832 1488 904 εἴπερ
1515 833 1682 895 ὅντως
1707 832 1798 887 διὰ

215 924 273 974 τὸ
303 923 520 975 ἔλαττον
548 922 715 993 ἔχειν,
733 924 792 976 οὑ
821 925 1068 992 φανεῖται
1092 924 1297 988 τέλειος
1321 927 1348 978 6
1365 925 1510 988 Υἱὸς,
1541 925 1599 988 ὃς
1620 925 1799 978 πάντα

220 1015 390 1069 ταῦτὰ
436 1016 581 1067 ἐστιν
625 1015 791 1087 αὑτῷ.
859 1016 1018 1069 Ἀλλὰ
1056 1017 1160 1087 μὴν
1202 1018 1264 1070 τὸ
1296 1018 1439 1071 οὕτω
1483 1020 1700 1088 φρονεῖν
1760 1016 1795 1087 ἦ

216 1108 399 1174 λέγειν
446 1107 735 1171 δυσσεὸἐς·
782 1107 986 1172 τέλειος
1033 1110 1142 1163 δὲό
1176 1112 1363 1181 Πατὴρ
1392 1110 1480 1163 διὰ
1524 1110 1587 1163 τὸ
1621 1112 1799 1164 πάντα

217 1195 363 1265 ἔχειν
409 1197 467 1248 ὲν
493 1196 673 1266 ἑαυτῷ
708 1197 926 1260 τελείως
947 1212 963 1228 °
1015 1198 1215 1261 τέλειος
1244 1201 1352 1270 ἄρα
1380 1198 1619 1269 δηλονότι
1650 1202 1743 1253 καὶ
1772 1202 1799 1253 6

219 1288 422 1357 Υίὸς,ή
458 1288 639 1357 σοφία,
669 1288 763 1341 καὶ
786 1291 818 1358 ἡ
839 1288 1087 1359 δύναμις,
1109 1292 1171 1343 τὸ
1198 1291 1334 1357 φῶς,
1360 1293 1451 1344 καὶ
1469 1294 1503 1361 ἡ
1546 1293 1795 1363 ἀλήθεια,

217 1380 252 1447 ἡ
281 1379 618 1449 δικαιοσύνη,
654 1378 748 1432 καὶ
780 1380 812 1449 ἡ
847 1378 1010 1450 βουλὴ
1046 1380 1141 1433 τοῦ
1170 1382 1402 1452 Πατρός.
1447 1381 1504 1435 ’0
1532 1382 1588 1436 δὲ
1614 1384 1710 1453 τὴν
1739 1383 1797 1435 ὲν

216 1470 295 1539 τῷ
342 1472 525 1542 οίκείῳ
562 1472 850 1542 γεννήτορι
891 1472 1205 1543 τελειότητα
1250 1472 1507 1546 πληρῶν,
1559 1475 1679 1538 πῶς
1731 1475 1796 1529 ἂν

220 1562 459 1615 ἐλάττων
482 1565 649 1615 νοοῖτο
673 1580 688 1629 ;

290 1656 496 1708 ΑΛΛΟ.
551 1656 614 1708 Εἰ
655 1656 714 1709 τὸ
743 1656 963 1710 ἔλαττον
998 1657 1137 1727 ἔχων
1162 1659 1191 1711 6
1231 1658 1358 1721 Υίὸς
1398 1658 1473 1722 ὡς
1503 1657 1636 1729 πρὸς
1664 1658 1796 1711 Θεὸν

219 1748 313 1799 καὶ
346 1746 597 1815 Πατέρα,
630 1751 1015 1818 προσκυνεῖται
1059 1748 1211 1820 παρά
1243 1767 1301 1802 τε
1340 1750 1499 1821 ἡμῶν
1558 1751 1653 1803 καὶ
1688 1750 1796 1804 τῶν

217 1838 391 1904 ἁγίων
432 1838 713 1905 ἀγγέλων,
755 1838 848 1891 δύο
874 1839 1224 1909 λατρεύοντες
1266 1840 1583 1911 άλωσόμεθα
1605 1842 1792 1905 Θεοὺς,

216 1929 379 2000 εἴπερ
408 1928 707 1999 οὐδαμόθεν
749 1932 829 1992 είς
867 1931 1169 2003 ταυτότητα
1206 1931 1419 1999 φύσεως
1461 1931 1794 2001 ἀναϐήσεται

214 2018 295 2088 τῷ
322 2020 512 2089 τελείῳ
553 2019 614 2073 τὸ
647 2022 720 2091 μὴ
753 2020 926 2083 οὑτως
954 2024 1096 2092 ἔχον.
1155 2022 1331 2093 Πολλὴ
1375 2022 1434 2075 δέ
1463 2022 1545 2085 τίς
1585 2024 1733 2075 ἐστιν
1758 2024 1792 2093 ἡ

214 2111 452 2183 διαφορά
476 2110 543 2165 τά
568 2112 643 2183 μὴ
666 2112 926 2177 ὡσαύτως
946 2113 1135 2183 ἔχοντα
1166 2115 1307 2168 κατά
1335 2113 1426 2167 τὸν
1456 2115 1556 2185 τῆς
1582 2114 1795 2185 φύσεως

216 2205 379 2272 λόγον
425 2205 508 2267 είς
548 2205 932 2276 ἀλλοτριότητα
976 2204 1354 2276 διατέμνουσα.
1422 2206 1562 2258 Ἀλλ’
1590 2207 1690 2259 οὑκ
1716 2207 1795 2269 είς

215 2296 480 2349 πολύθεον
498 2296 728 2368 ἀριθμὸν
752 2300 786 2369 ἡ
807 2297 1012 2364 πίστις,
1037 2295 1116 2361 εἷς
1141 2299 1197 2351 δὲ
1220 2298 1350 2361 Θεὸς
1373 2301 1401 2352 6
1426 2298 1635 2369 Πατὴρ,
1661 2300 1795 2353 ἀνα-

216 2387 498 2452 δαίνοντος
525 2390 606 2452 είς
649 2388 875 2459 ἑνότητα
902 2390 999 2461 τὴν
1030 2391 1167 2461 πρὸς
1202 2391 1364 2445 αὑτὸν
1394 2391 1486 2445 τοῦ
1517 2390 1670 2457 Υἱοῦ,
1697 2392 1795 2461 δῆν

217 2478 306 2531 λον
328 2479 386 2531 δὲ
429 2480 510 2533 ὅτι
544 2480 637 2533 καὶ
666 2481 759 2534 τοῦ
819 2480 975 2550 ἁγίου
1010 2482 1326 2554 Πνεύματος
1350 2500 1364 2513 ⁶
1404 2484 1555 2537 οὐδὲν
1599 2484 1708 2554 ἄρα
1737 2485 1797 2539 τὸ

216 2572 585 2642 κατηγόρημα
612 2572 794 2627 λοιπὸν
822 2576 879 2627 ὲν
908 2574 1040 2645 Υίῷ.
1094 2576 1217 2641 Πῶς
1248 2578 1358 2649 γὰρ
1384 2578 1462 2631 ἔτι
1489 2578 1548 2631 τὸ
1576 2578 1795 2632 ἔλαττον

215 2661 523 2726 ὲπιδέξεται
550 2664 631 2726 είς
667 2665 891 2734 ἑνότητα
918 2666 996 2737 τῷ
1036 2667 1227 2739 τελείῳ
1254 2669 1447 2741 Πατρὶ,
1477 2669 1570 2722 καὶ
1597 2673 1677 2735 εις
1703 2671 1797 2725 οὑ-

217 2752 338 2813 σίας
367 2753 672 2823 ταυτότητα
708 2756 993 2827 ἑνούμενος
1024 2758 1268 2825 φυσικῶς
1294 2776 1309 2824 ;

286 2843 494 2896 ΔΛΛΟ.
550 2846 613 2898 Ei
642 2846 915 2918 πλήρωμά
945 2850 1091 2903 ἐστιν
1121 2851 1149 2903 6
1178 2850 1305 2914 Υἱός
1324 2869 1338 2883 ·
1373 2872 1390 2903 ι
1419 2853 1527 2907 ἀπὸ
1554 2854 1662 2930 γάρ
1703 2859 1799 2911 τοὺ

220 2933 585 3006 πληρώματος
602 2937 765 2991 αὑτοῦ
790 2939 982 3003 πάντες
995 2942 1028 3011 ἠ
1039 2941 1436 3013 μείς“ὲλά6ομεν
1453 2962 1465 2973 ·
1478 2965 1496 2995 ›
1525 2948 1665 3000 κατὰ
1676 2954 1797 3004 τινα

216 3027 421 3096 τρόπον
466 3027 527 3081 τὸ
551 3027 770 3083 ἔλαττον
807 3030 1145 3100 ὲπιδέξεται;
1191 3033 1507 3105 Ἀσύμὸατα
1534 3036 1642 3108 γὰρ
1673 3040 1795 3092 καθ’

218 3117 280 3171 ιν
306 3135 359 3171 τι
392 3118 453 3170 τὸ
483 3119 838 3189 ὑποκείμενον
870 3121 929 3175 ἐν
966 3123 1148 3194 ταυτῷ
1177 3124 1247 3177 τὰ
1282 3126 1532 3198 ἀλλήλοις
1555 3129 1793 3183 ἐναντία.

1901 646 2043 702 fecte
2084 647 2414 715 sapientem,
2456 660 2565 699 non
2612 644 2848 714 perfecte
2875 652 3176 714 potentem,
3213 658 3320 696 non
3349 659 3471 713 per—

1900 736 2039 792 fecte
2084 738 2283 801 lucem,
2312 752 2422 791 non
2455 738 2691 807 perfecte
2730 738 3039 799 veritatem.
3074 751 3185 790 non
3231 733 3474 804 perfecte

1896 831 2134 901 justum,
2179 830 2275 887 sed
2321 846 2420 885 nec
2455 831 2682 901 perfecti
2716 830 2968 896 consilii,
3001 831 3047 884 si
3100 828 3349 902 proferto
3402 844 3468 882 ex

1899 938 1964 979 eo
2005 923 2151 995 quod
2195 924 2376 977 minor
2407 923 2500 986 sit,
2538 938 2647 978 non
2678 924 2929 978 videatur
2959 919 3129 977 Filius
3168 920 3470 993 perfectus,

1900 1017 1993 1086 qui
2018 1016 2200 1070 omnia
2230 1016 2343 1070 hmc
2365 1023 2450 1070 est
2477 1016 2600 1085 ipsi.
2622 1017 2784 1087 Atqui
2816 1016 2917 1070 hoc
2938 1015 3125 1069 dicere
3147 1023 3240 1068 aut
3266 1016 3472 1070 sentire

1899 1113 1982 1160 est
2017 1105 2267 1175 impium.
2300 1104 2583 1161 Perfectus
2613 1114 2795 1161 autem
2843 1116 2927 1160 est
2982 1104 3169 1170 Pater,
3220 1113 3473 1177 propter-

1900 1211 1962 1251 ea
2019 1197 2165 1266 quod
2212 1197 2375 1252 habet
2434 1198 2616 1251 omnia
2667 1198 2719 1251 in
2766 1198 2950 1266 seipso
2982 1197 3473 1268 perfectc:perfe-

1901 1303 2023 1347 ctus
2077 1293 2243 1362 igitur
2289 1301 2375 1348 est
2421 1308 2639 1362 quoque
2670 1292 2863 1356 Filius,
2897 1292 3162 1361 sapientia
3193 1298 3249 1346 et
3275 1292 3467 1349 virtus.

1900 1384 1990 1438 lux
2040 1391 2094 1439 et
2150 1386 2369 1446 veritas,
2406 1383 2619 1453 jnstitia
2666 1392 2721 1438 et
2776 1384 3065 1438 consilium
3118 1381 3315 1439 Patris.
3366 1383 3467 1449 Qu:

1900 1486 2081 1531 autem
2120 1477 2173 1530 in
2206 1492 2307 1533 suo
2334 1474 2495 1531 Patre
2530 1475 2924 1546 perfectionem
2957 1475 3165 1546 implet,
3196 1476 3469 1547 quomod:

1902 1572 2078 1624 minor
2106 1571 2485 1641 intelligatur?

1968 1660 2200 1716 ALIUD.
2240 1662 2298 1715 Si
2337 1662 2521 1715 minor
2553 1677 2681 1717 cum
2712 1661 2788 1716 sit
2825 1655 2940 1714 Deo
2973 1674 3037 1713 ac
3067 1658 3227 1713 Patre
3253 1658 3431 1715 Filius

1898 1751 2165 1805 adoratur
2192 1767 2220 1806 a
2257 1751 2416 1805 nobis
2458 1761 2510 1806 et
2546 1751 2753 1806 sanctis
2779 1749 3008 1819 angelis,
3038 1748 3178 1803 duos
3210 1748 3349 1803 Deos
3378 1764 3472 1803 co-

1900 1845 2010 1899 lere
2043 1844 2536 1915 deprchendemur,
2566 1843 2835 1913 siquidem
2873 1843 2927 1895 in
2959 1849 3173 1895 natura:
3211 1839 3475 1896 identita-

1900 1944 2005 1989 tem
2039 1950 2319 2005 nunquam
2342 1937 2618 1989 coalescet
2643 1932 3025 2003 imperfectum
3056 1944 3178 1987 eum
3203 1933 3470 2002 perfecto.

1895 2023 2130 2078 Maxima
2156 2033 2337 2078 autem
2362 2032 2446 2079 est
2477 2023 2787 2077 dilTerentia
2824 2038 2944 2091 qum
2976 2036 3065 2075 res
3098 2021 3243 2075 inter
3273 2036 3332 2075 se
3375 2036 3475 2074 na-

1896 2124 2018 2168 tura
2054 2115 2305 2170 diversas
2338 2122 2580 2183 separat.
2616 2114 2785 2183 Atqui
2822 2112 2957 2167 fides
2998 2119 3184 2166 nostra
3221 2112 3471 2166 multitu-

1894 2206 2078 2260 dinem
2113 2206 2349 2261 Deorum
2389 2221 2497 2259 non
2526 2204 2807 2269 admittit,
2860 2204 2954 2258 sed
3004 2218 3148 2258 unus
3192 2210 3280 2258 est
3327 2202 3474 2259 Deus

1896 2297 2090 2364 Pater,
2117 2300 2170 2353 in
2200 2300 2465 2353 unitatem
2494 2313 2618 2354 cum
2643 2299 2762 2369 ipso
2790 2297 3131 2354 ascendente
3152 2297 3293 2353 Filio
3315 2297 3476 2353 nimi-

1896 2408 2055 2457 rum,
2091 2399 2146 2446 et
2190 2402 2385 2447 sancto
2415 2391 2643 2462 Spiritu.
2678 2389 2823 2446 Nihil
2847 2404 2979 2461 ergo
3018 2390 3265 2444 deterius
3300 2396 3385 2444 est
3418 2388 3474 2444 in

1896 2483 2056 2539 Filio.
2093 2482 2379 2551 Quomodo
2412 2483 2556 2538 enim
2591 2482 2809 2537 tandem
2843 2482 3024 2536 minor
3052 2482 3188 2546 erit,
3221 2480 3316 2551 qui
3350 2480 3474 2537 uui-

1896 2583 2007 2629 tate
2045 2574 2289 2645 perfecto
2323 2575 2472 2630 Patri
2524 2582 2578 2631 ει
2632 2573 2921 2632 identitate
2950 2572 3277 2631 substantiae
3312 2579 3474 2628 natu-

1900 2663 2089 2720 raliter
2123 2664 2353 2719 unitur?

1967 2842 2195 2899 ALIUD.
2236 2842 2292 2898 Si
2327 2842 2611 2914 plenitudo
2643 2850 2728 2898 est
2752 2841 2927 2898 Filius
2960 2842 3006 2915 (ι
3032 2844 3099 2899 de
3130 2841 3471 2913 plenitudine

1898 2935 2043 2991 enim
2065 2935 2187 3006 ejus
2215 2952 2406 2993 omnes
2426 2937 2745 3007 accepimus
2761 2936 2840 2989 ⁸⁸»
2864 2937 2906 3005 ),
2926 2952 3166 3008 quonam
3184 2936 3348 2992 modo
3368 2939 3472 2992 mi-

1899 3043 2003 3083 nus
2038 3028 2254 3099 capiet?
2288 3028 2579 3084 Contraria
2609 3029 2757 3084 enim
2793 3028 2845 3083 in
2876 3044 2987 3084 uno
3016 3029 3270 3099 subjecto
3303 3029 3470 3085 simul

1898 3130 1954 3177 et
1983 3121 2176 3177 eodem
2205 3128 2451 3191 tempore
2482 3122 2790 3178 consistere
2817 3131 3117 3190 nequeunt.

288 3210 492 3264 AAAO.
546 3212 610 3263 Ei
638 3211 699 3263 τὸ
722 3211 941 3265 ἔλαττον
969 3214 1110 3284 ἔχων
1138 3218 1166 3269 6
1195 3216 1323 3280 Υίὸς
1349 3218 1418 3271 τὰ
1444 3219 1623 3273 πάντα
1654 3222 1792 3293 πλη-

1968 3211 2197 3267 ALIUD.
2233 3212 2288 3267 Si
2313 3228 2435 3268 cum
2464 3212 2649 3267 minus
2674 3213 2871 3267 habeat
2902 3210 3094 3277 Filius,
3128 3213 3320 3283 implet
3346 3214 3469 3268 uui—

225 3304 330 3372 ροῖ,
362 3301 465 3353 ποῦ
494 3302 732 3373 χωρήσει
775 3303 827 3358 τὸ
862 3306 1044 3372 μεῖζον
1073 3307 1166 3360 τοῦ
1200 3309 1450 3379 Πατρός;
1503 3313 1797 3384 Εἰρήσεται

219 3394 329 3465 γὰρ
355 3394 446 3447 καὶ
470 3393 946 3466 σωματικώτερον,
963 3397 1039 3459 ὡς
1060 3398 1118 3453 ἐν
1138 3401 1577 3472 παραδείγματος
1593 3404 1795 3477 τρόπῳ,

221 3486 518 3555 νοουμένης
548 3485 746 3557 ἑτέρως
770 3486 866 3557 τῆς
888 3488 946 3540 ὲν
971 3488 1284 3559 ἀσωμάτοις
1310 3493 1580 3565 ὑπεροχῆς
1610 3512 1669 3550 τε
1707 3498 1801 3552 καὶ

220 3575 588 3641 ἐλαττώσεως.

293 3667 498 3721 AAAO.
540 3669 604 3720 Ei
638 3667 699 3720 τὸ
727 3668 868 3740 ὑπὲρ
914 3671 1021 3725 πᾶν
1048 3672 1218 3744 ὄνομά
1246 3673 1393 3730 ἐστιν
1441 3678 1470 3730 6
1498 3677 1649 3745 Θεὸς,
1682 3674 1799 3733 εἶτα

220 3756 412 3808 τούτου
458 3756 789 3828 κληρονόμος
821 3760 1081 3833 ὑπάρχων
1107 3766 1135 3817 6
1166 3765 1292 3829 Υἱὸς
1336 3769 1437 3821 οὑκ
1472 3770 1587 3840 ἔχει
1617 3771 1678 3824 τὸ
1710 3773 1799 3825 τέ-

221 3847 365 3911 λειος
398 3844 534 3901 εἶναι
562 3850 650 3903 διὰ
677 3852 737 3904 τὸ
764 3851 1017 3920 ἔλαττον,
1064 3856 1184 3910 οὑδὲ
1209 3860 1267 3911 ὲν
1298 3857 1396 3930 [γιί.
1424 3862 1574 3917 οὐδὲν
1604 3863 1685 3937 ὲν]
1723 3865 1799 3935 τῷ

222 3940 369 4009 ὑπὲρ
408 3941 584 3994 πάντα
624 3943 684 3995 τὸ
717 3944 860 4013 μέγα
888 3960 903 3976 ⁸
945 3946 1103 4000 τοῦτο
1145 3948 1203 4001 δέ
1252 3951 1369 4004 ἐστι
1418 3953 1569 4017 Θεός.
1640 3956 1800 4010 Ἀλλὰ

220 4030 382 4084 τοῦτο
409 4032 663 4103 ἄτοπονῆ
695 4038 908 4105 φρονεῖν
952 4037 984 4107 ἢ
1010 4037 1185 4107 λέγειν
1204 4055 1220 4070 ⁶
1253 4042 1457 4107 τέλειος
1504 4046 1610 4117 ἄρα
1652 4047 1799 4100 ἐστὶν

222 4126 251 4177 ὀ
283 4123 435 4187 Υἱὸς,
460 4125 534 4187 ὡς
568 4127 707 4196 ὑπὲρ
736 4129 843 4180 πᾶν
865 4129 1056 4199 ὄνομα,
1093 4132 1185 4184 καὶ
1211 4132 1361 4197 Θεός.

293 4217 499 4269 ΑΛΛυ.
529 4216 591 4269 Εἰ
627 4219 661 4287 ἡ
690 4217 807 4270 θεία
834 4217 995 4288 φύσις
1021 4222 1082 4274 οὑ
1112 4227 1447 4287 πεπόσωται,
1484 4227 1798 4298 συμϐαίνειν

221 4308 277 4361 δὲ
304 4303 413 4360 οἷδε
446 4308 506 4359 τὸ
530 4308 747 4361 ἔλαττον
773 4310 832 4363 ἐν
866 4313 1049 4375 ποσοῖς
1067 4350 1081 4375 ,
1126 4313 1243 4377 πῶς
1272 4314 1336 4369 ἂν
1365 4316 1599 4373 ἐλάττων
1630 4322 1800 4374 νοοῖτο

225 4398 366 4452 κατὰ
392 4398 551 4468 φύσιν
579 4398 838 4471 ὑπάρχων
863 4402 995 4466 Θεὸς
1035 4406 1063 4456 ὁ
1092 4405 1218 4467 Υίός
1245 4421 1258 4469 ;
1304 4406 1364 4459 οὑ
1413 4408 1522 4478 γὰρ
1558 4410 1661 4475 ἔξω
1705 4412 1799 4464 τοῦ

222 4491 395 4544 ποσοῦ
440 4491 713 4556 κείσεται,
767 4492 870 4546 κᾶν
917 4495 993 4558 ὡς
1042 4496 1177 4567 πρὸς
1218 4498 1436 4571 Πατέρα
1480 4502 1542 4554 τὸ
1582 4502 1797 4556 ἔλαττον

221 4579 456 4650 λέγωσιν
481 4580 627 4650 ἔχειν
663 4582 843 4638 αὑτόν.

291 4757 500 4810 AAAO.
536 4757 594 4811 '0
614 4758 881 4828 μακάριος
906 4760 1155 4832 Ἰωάννης
1183 4765 1307 4835 περί
1338 4767 1429 4818 τοῦ
1454 4767 1581 4821 Υίοῦ
1609 4788 1792 4840 φησιν,

221 4850 305 4902 ὅτι
358 4868 376 4901 ι
400 4849 514 4903 Οὑκ
539 4852 603 4903 ἐκ
638 4850 837 4921 μέτρου
862 4851 1043 4906 δίδωσι
1068 4854 1128 4905 τὸ
1162 4856 1406 4927 Πνεῦμα,
1436 4878 1454 4910 ι
1497 4864 1607 4923 τοῖς
1630 4862 1798 4927 ἀξίοις

219 4939 446 5009 δηλαδή.
495 4940 626 4992 Ὅτε
668 4942 845 4995 τοίνυν
882 4942 1080 5013 μέτρον
1120 4944 1220 4998 οὑκ
1264 4946 1410 5000 ἔστιν
1445 4951 1503 5000 ὲν
1552 4949 1630 5021 τῷ
1664 4930 1794 5023 Υίῷ,

220 5030 534 5101 ἀμέτρητος
571 5032 678 5101 ἄρα
705 5032 822 5085 ἐστὶ
842 5072 857 5096 ,
903 5034 997 5086 καὶ
1026 5036 1206 5088 πᾶσαν
1231 5037 1535 5092 ἀναϐαίνων
1562 5043 1799 5112 κατάλη-

217 5121 315 5191 ψιν
344 5120 442 5191 τὴν
470 5122 527 5174 ὲν
549 5122 697 5191 ποσῷ
724 5123 1014 5195 νοουμένην
1036 5126 1109 5189 ὡς
1130 5126 1279 5189 Θεός.
1306 5128 1427 5191 Πῶς
1444 5126 1535 5183 οὖν
1561 5131 1795 5187 ἐλάττων

219 5214 247 5264 6
278 5212 359 5281 μὴ
402 5212 767 5282 μετρούμενος
788 5230 803 5277 ;

290 5301 500 5354 ΑΛΛΟ.
563 5302 625 5353 Ei
669 5302 905 5356 ἐλάττων
955 5304 1101 5357 ἐστὶν
1145 5308 1173 5358 6
1208 5307 1367 5370 Υἱὸς,
1422 5310 1620 5379 μείζων
1667 5311 1722 5364 δὲ
1769 5314 1798 5366 6

222 5392 449 5462 Πατὴρ,
494 5391 764 5460 διαφόρως
813 5392 1052 5463 δηλονότι
1114 5396 1207 5448 καὶ
1260 5397 1664 5465 ἀναλογοῦντως
1716 5397 1798 5464 οἷς

220 5486 455 5547 ἕκαστος
494 5485 604 5557 ἔχει
641 5487 858 5557 μέτροις
888 5490 1243 5562 ἐνεργήσουσι
1272 5495 1401 5565 περὶ
1430 5495 1520 5547 τὸν
1548 5498 1626 5559 είς
1651 5500 1799 5568 ἡμᾶς

220 5577 517 5646 ἁγιασμόν.
557 5579 661 5629 Καὶ
688 5580 902 5646 άγιάσει
936 5582 1032 5651 μὲν
1064 5583 1323 5653 μειζόνως
1345 5588 1372 5638 6
1405 5586 1613 5657 Πατὴρ,
1644 5590 1795 5643 ἐλατ-

221 5670 390 5733 τόνως
428 5669 485 5722 δὲ
509 5672 602 5723 καὶ
636 5671 756 5724 καθ’
804 5674 1043 5728 ὲαυτὸνό
1075 5677 1217 5741 Υίός.
1255 5677 1445 5731 Ἔσται
1502 5682 1790 5752 τοιγαροῦν

328 5846 376 5877 ⁸⁸
403 5846 561 5903 Joan.
592 5866 628 5909 I,
668 5852 756 5905 I6.
838 5853 1065 5913 "Joan.
1092 5873 1172 5917 III,
1209 5858 1294 5911 54.

543 5945 805 6005 ΡΑτιιοι..
855 5949 967 6009 Gn.
1020 5952 1273 6013 LXXIII.

455 6067 518 6112 ,υ

1901 3320 2060 3361 versa
2089 3326 2102 3361 :
2141 3306 2361 3361 ubinam
2389 3304 2566 3374 major
2594 3304 2685 3358 illa
2715 3303 2895 3360 Patris
2920 3305 3200 3375 capacitas
3228 3306 3469 3360 colloca-

1900 3396 2088 3451 bitur?
2134 3395 2345 3451 Licebit
2372 3398 2519 3451 enim
2546 3396 2777 3466 exempli
2817 3410 2985 3451 causa
3015 3397 3173 3468 quasi
3203 3396 3273 3453 de
3306 3397 3471 3453 rebus

1900 3489 2182 3558 corporeis
2214 3489 2285 3541 ita
2316 3486 2485 3557 loqui,
2510 3502 2839 3542 cumrerum
2868 3487 3321 3556 incorporearum
3351 3501 3469 3542 ma-

1900 3580 2131 3653 gnitudo
2160 3591 2211 3635 et
2244 3580 2556 3635 imminutio
2585 3580 2746 3634 aliter
2775 3579 3139 3649 intelligatur.

1972 3672 2204 3727 ALIUD.
2237 3673 2291 3726 Si
2315 3671 2462 3741 quod
2490 3683 2576 3728 est
2602 3687 2768 3742 super
2788 3686 2949 3725 omne
2972 3685 3169 3726 nomen
3191 3669 3337 3728 Deus
3362 3681 3467 3736 est,

1898 3774 1954 3821 et
1987 3764 2150 3834 hujus
2193 3764 2368 3818 haeres
2413 3778 2536 3819 cum
2569 3763 2641 3817 sit
2667 3762 2870 3827 Filius,
2897 3760 3177 3832 perfectus
3206 3778 3330 3819 esse
3358 3779 3468 3818 non

1901 3863 2080 3927 potest
2103 3854 2230 3925 quia
2266 3854 2447 3908 minor
2480 3869 2493 3905 :
2544 3868 2667 3909 esse
2700 3868 2866 3922 super
2896 3853 3081 3907 omnia
3118 3854 3255 3908 nihil
3285 3856 3469 3925 magni

1899 3958 2023 4012 est,
2073 3946 2176 4001 hoc
2222 3956 2402 4000 autem
2443 3952 2529 4001 est
2573 3945 2739 4000 Deus.
2783 3944 2889 4000 Sed
2928 3945 3235 4001 absurdum
3270 3955 3356 4002 est
3392 3947 3468 4003 ita

1902 4041 2107 4095 sentire
2129 4046 2222 4092 aut
2245 4037 2396 4108 loqui
2420 4054 2432 4089 :
2461 4036 2737 4106 perfectus
2772 4038 2936 4107 igitur
2956 4046 3039 4094 est
3059 4036 3255 4103 Filius,
3281 4047 3469 4112 utpote

1902 4147 2066 4200 super
2097 4144 2259 4183 omne
2294 4143 2490 4182 nomen
2515 4166 2529 4189 ,
2563 4137 2617 4181 et
2648 4126 2812 4182 Deus.

1969 4220 2197 4277 ALIUD.
2227 4220 2282 4275 Si
2303 4228 2429 4274 natu
2441 4234 2498 4273 ra
2520 4219 2704 4273 divina
2725 4218 3049 4287 quantitatis
3071 4226 3155 4275 est
3171 4232 3389 4288 expers,
3412 4227 3468 4273 et

1901 4317 1956 4371 in
1993 4316 2155 4371 rebus
2186 4313 2482 4382 aliquantis
2512 4312 2694 4366 minus
2722 4312 2946 4382 reperiri
2979 4312 3157 4367 solet:
3192 4310 3469 4380 quomodo

1900 4408 2080 4462 minor
2102 4404 2445 4474 intelligatur
2468 4402 2773 4459 secundum
2806 4409 3057 4456 naturam
3087 4398 3259 4455 Filius
3280 4440 3295 4465 ,
3324 4399 3470 4457 Deus

1900 4514 2025 4552 cum
2082 4498 2208 4553 sit?
2272 4495 2391 4552 Non
2448 4497 2594 4550 enim
2652 4493 2976 4564 quantitatis
3037 4506 3232 4561 expers
3307 4493 3413 4547 erit
3448 4533 3466 4558 ,

1901 4590 2152 4660 quamvis
2198 4598 2447 4657 respectu
2487 4586 2663 4639 Patris
2703 4586 2883 4639 minus
2920 4584 3120 4638 habere
3165 4585 3341 4653 ipsum
3384 4583 3468 4639 di-

1899 4690 2045 4735 cant.

1971 4768 2201 4824 ALIUD.
2235 4768 2431 4823 Beatus
2458 4766 2701 4822 Joannes
2733 4767 2801 4821 de
2827 4764 2965 4820 Filio
3004 4766 3110 4835 22
3150 4767 3260 4831 ait,
3299 4785 3318 4817 ι
3354 4781 3468 4821 non

1901 4860 1965 4914 ad
1994 4873 2306 4913 mensuram
2338 4860 2469 4913 dare
2498 4856 2767 4928 Spiritum
2788 4856 2831 4888 "
2862 4875 2881 4909 ι
2907 4895 2922 4921 ,
2966 4855 3149 4926 dignis
3178 4854 3463 4910 nimirum.

1899 4952 2035 5006 Cum
2084 4964 2212 5019 ergo
2259 4963 2521 5004 mensura
2564 4962 2673 5002 non
2730 4946 2803 5003 sit
2844 4950 2899 5000 in
2943 4945 3115 5013 Filio,
3160 4946 3466 5001 immensus

1897 5051 1983 5097 est
2014 5041 2201 5111 igitur,
2233 5047 2287 5094 et
2312 5055 2530 5095 omnem
2567 5040 2890 5109 quantitatis
2913 5036 3463 5107 comprehensionem

1898 5141 2120 5205 superat
2170 5139 2354 5202 utpote
2404 5129 2548 5185 Deus
2592 5147 2605 5183 :
2649 5128 2924 5199 quomodo
2966 5142 3101 5200 ergo
3146 5128 3328 5184 minor
3382 5136 3469 5183 est

1896 5230 1989 5283 ille
2016 5228 2108 5296 qui
2141 5240 2399 5280 mensura
2440 5239 2548 5279 non
2582 5223 2838 5293 capitur?

1968 5315 2198 5372 ALIUD.
2229 5313 2287 5371 Si
2321 5315 2499 5370 minor
2531 5313 2727 5381 Filius,
2753 5315 2929 5385 major
2955 5323 3137 5370 autem
3168 5312 3330 5369 Pater
3356 5324 3465 5379 est,

1897 5411 2115 5465 diverse
2144 5407 2405 5462 nimirum
2433 5422 2533 5462 nec
2556 5406 2724 5462 simili
2752 5408 2968 5462 ratione
2993 5416 3091 5475 pro
3113 5419 3216 5461 suo
3230 5405 3470 5476 quisque

1898 5499 2060 5555 modo
2092 5497 2584 5554 sanctiﬁcationem
2620 5507 2861 5553 nostram
2894 5497 3181 5567 perficient
3209 5514 3223 5552 :
3264 5503 3321 5552 et
3349 5510 3468 5551 ma-

1895 5592 1976 5663 gis
2018 5590 2237 5660 quidem
2292 5588 2452 5645 Pater
2493 5588 2890 5655 sanctificabit,
2928 5590 3112 5645 minus
3148 5597 3365 5652 autem,
3398 5601 3465 5642 ac

1898 5698 1994 5754 pro
2027 5698 2128 5738 suo
2152 5680 2373 5737 modulo
2399 5680 2595 5737 Filius.
2633 5679 2748 5736 Erit
2775 5682 2942 5753 igitur
2981 5681 3219 5751 Spiritus
3244 5691 3465 5751 quoque

3029 5951 3064 6015 2
