4214 6502
705 455 778 512 εὖ
1698 443 1752 497 S.
1784 438 2066 497 CYRILLI
2100 431 2577 489 ALEXANDRINI
2615 433 2939 490 ARCHIEP.
3900 436 3973 492 44

710 567 907 637 duplex
933 606 946 628 ,
992 571 1047 619 et
1096 564 1277 619 minor
1313 560 1533 632 quidem
1568 557 1622 612 in
1669 556 1808 610 Filio
1835 594 1847 617 ,
1894 553 1990 607 sed
2033 553 2088 606 in
2128 550 2295 604 Patre

2418 549 2491 601 tat
2521 548 2582 601 τὸ
2606 547 2830 618 Πνεῦμα
2857 546 3097 613 διπλοῦν,
3135 549 3230 600 καὶ
3266 549 3419 619 μεῖον
3454 546 3554 618 μὲν
3587 549 3644 602 ὲν
3676 548 3811 619 Υίῷ,
3850 552 3978 618 μεῖ-

712 657 911 727 major.
965 656 1027 709 Et
1078 655 1318 726 perfecte
1346 650 1568 723 quidem
1603 645 2101 704 sanetilieabuntur
2130 643 2222 709 qui
2262 654 2291 691 a

2418 643 2492 702 ζον
2524 640 2579 692 δὲ
2628 640 2685 691 ὲν
2715 639 2909 709 Πατρί.
2969 639 3081 692 Καὶ
3109 638 3330 703 τελείως
3361 638 3459 709 μὲν
3499 641 3548 691 οί
3587 640 3737 710 παρὰ
3764 637 3979 709 Πατρδς

711 748 907 811 Patre,
956 761 1019 800 ac
1057 745 1297 800 vicissim
1350 757 1458 798 non
1498 738 1740 812 perfecte
1786 736 1884 807 qui
1929 748 2026 805 per
2071 731 2289 786 Filium.

714 838 879 908 Atqui
911 836 1077 891 multa
1109 844 1195 888 est
1242 832 1296 886 in
1335 833 1422 887 his
1460 831 1737 884 rationum
1770 824 2103 882 absurditas.
2140 822 2294 877 Unus

713 931 860 986 enim
884 936 968 983 est
995 933 1224 981 sanctus
1254 920 1515 994 Spiritus,
1546 935 1654 974 una
1689 927 1744 974 et
1771 916 2016 989 perfecta
2046 912 2291 969 sanctifi-

714 1026 893 1088 catio,
923 1036 1045 1092 qua:
1092 1035 1121 1073 a
1170 1020 1326 1073 Patre
1364 1032 1461 1087 per
1491 1015 1693 1069 Filium
1725 1010 2052 1067 naturaliter
2080 1006 2294 1078 pratbe-

715 1124 825 1169 tur.
863 1113 982 1168 Non
1026 1114 1167 1182 ergo
1198 1110 1375 1163 minor
1416 1116 1499 1163 est
1531 1110 1621 1177 qui
1669 1103 1919 1160 eamdem
1954 1100 2115 1155 habet
2169 1112 2294 1151 cum

717 1204 961 1275 perfecto
984 1201 1142 1255 Patre
1163 1198 1564 1270 operationem,
1594 1188 1797 1265 quique
1824 1190 2004 1246 Patris
2032 1188 2297 1259 Spiritum

720 1296 885 1351 habet
905 1334 919 1357 ,
948 1301 1160 1347 uatum
1194 1306 1309 1346 suae
1339 1290 1568 1352 bonum,
1597 1287 1868 1341 viventem
1903 1298 1966 1338 ac
1993 1280 2298 1337 subsisten-

721 1402 848 1451 tem,
892 1383 1350 1455 quemadmodum
1384 1394 1579 1449 nempe
1603 1388 1657 1432 et
1685 1375 1869 1429 Pater.

791 1475 1023 1531 ALIUD.
1083 1494 1101 1527 ι
1138 1474 1195 1529 Si
1238 1475 1292 1528 in
1340 1472 1515 1527 forma
1560 1478 1615 1524 et
1658 1467 1969 1535 :equalitate
2008 1460 2247 1516 Patris"
2276 1477 2293 1509 ι

722 1578 837 1625 erat
893 1566 1107 1629 Filius,
1162 1567 1315 1634 juxta
1378 1562 1531 1616 Pauli
1598 1558 1966 1615 sententiam,
2025 1552 2302 1623 quomodo

724 1664 902 1715 minor
930 1660 1049 1730 ipso
1075 1659 1192 1713 est?
1217 1655 1336 1711 Non
1366 1656 1512 1709 enim
1543 1662 1690 1707 certe
1717 1646 2114 1704 incarnationis
2138 1648 2298 1705 ratio,

2396 730 2819 800 ἁγιασθήσονται
2836 772 2859 795 ,
2885 731 2947 783 οὐ
2967 728 3188 793 τελείως
3212 730 3269 783 δὲ
3288 729 3452 782 πάλιν
3474 730 3524 781 οί
3551 730 3618 781 δι’
3641 728 3790 782 Υίοῦ.
3819 728 3981 782 Ἀλλά

2399 821 2565 890 πολλή
2596 820 2680 883 τίς
2714 822 2861 873 ἐστιν
2896 822 2953 872 ὲν
2992 820 3204 883 τούτοις
3246 820 3412 891 ⁴ἡτῶν
3460 820 3736 890 λογισμῶν
3757 818 3979 873 ἀτοπία.

2403 912 2497 966 ’Ἑν
2551 911 2660 984 γὰρ
2702 913 2763 965 τὸ
2811 913 3033 983 Πνεῦμα
3068 913 3128 966 τὸ
3161 913 3317 981 ἅγιόν
3355 914 3540 975 ἐστιν,
3586 907 3667 976 εἷς
3694 914 3749 966 δὲ
3776 912 3981 975 τέλειος

2397 1002 2699 1073 ἁγιασμὸς,
2743 1002 2895 1073 παρά
2926 1002 3139 1072 Πατρδς
3169 1003 3237 1057 δι’
3262 1002 3391 1056 Υίοῦ
3440 1003 3683 1070 φυσικῶς
3717 1002 3983 1073 χορηγού-

2402 1112 2561 1167 μενος
2587 1116 2597 1125 ·
2625 1096 2725 1150 οὐκ
2753 1095 2862 1166 ἀρα
2890 1095 3131 1149 ἐλάττων
3151 1096 3299 1149 ἐστὶν
3327 1096 3356 1148 6
3383 1095 3480 1165 τὴν
3505 1094 3675 1164 αὐτὴν
3704 1094 3986 1164 ἐνέργειαν

2399 1186 2537 1257 ἔχων
2583 1187 2660 1258 τῷ
2704 1188 2895 1259 τελείῳ
2948 1189 3158 1260 Πατρὶ,
3217 1188 3311 1241 καὶ
3364 1187 3428 1240 τὸ
3480 1187 3597 1253 τοῦ,
3625 1187 3987 1256 γεννήσαντος

2400 1276 2626 1347 Πνεῦμα
2655 1278 2870 1347 φύσεως
2898 1280 3031 1343 ίδίας
3062 1279 3201 1349 ἔχων
3240 1279 3470 1347 ἀγαθὸν,
3505 1278 3641 1344 ζῶν,
3670 1278 3766 1331 καὶ
3791 1276 3987 1331 ὲνυπό-

2404 1387 2618 1434 στατον,
2645 1370 2838 1441 ῶσπερ
2860 1367 2953 1425 οὖν
2981 1370 3171 1441 ἀμέλει
3203 1372 3299 1424 καὶ
3332 1372 3360 1423 6
3394 1371 3604 1441 Πατήρ.

2472 1462 2676 1514 ΔΛΛΟ.
2710 1462 2772 1514 El
2814 1479 2832 1512 ι
2862 1463 2920 1515 ὲν
2954 1465 3136 1533 μορφῇ
3205 1463 3299 1515 καὶ
3345 1464 3553 1533 ἰσότητι
3578 1461 3673 1515 τοῦ
3714 1462 3926 1533 Πατρὸς
3960 1482 3978 1511 ι

2405 1549 2650 1620 ὑπῆρχεν
2686 1550 2714 1602 6
2763 1549 2887 1613 Υίδς
2926 1550 3069 1602 κατά
3110 1550 3207 1621 τὴν
3244 1550 3338 1603 τοῦ
3369 1550 3581 1603 Παύλου
3611 1551 3828 1621 φωνὴν,
3868 1551 3987 1611 πῶς

2404 1639 2642 1693 ἐλάττων
2670 1640 2835 1694 αὐτοῦ
2865 1642 3047 1707 ὲστιν;
3077 1642 3150 1695 Οὐ
3188 1642 3297 1713 γὰρ
3337 1643 3399 1713 δή
3438 1659 3540 1695 που
3571 1643 3670 1713 τῆς
3695 1643 3832 1713 μετὰ
3862 1659 3990 1709 σαρ-

721 1764 775 1809 et
828 1769 890 1809 ea
938 1766 1059 1823 quae
1110 1748 1317 1805 dieitur
1374 1744 1688 1800 humiliatio
1745 1740 2013 1810 dignitate
2062 1734 2300 1790 naturali

2418 1732 2499 1794 ιὸς
2536 1730 2849 1802 οἰκονομίας
2880 1733 2910 1784 6
2937 1733 3128 1803 λόγος,
3179 1736 3271 1787 καὶ⁴
3319 1736 3354 1804 ἡ
3388 1735 3475 1789 διὰ
3518 1736 3678 1788 τοῦτο
3718 1734 3985 1803 λεγομένη

725 1846 922 1900 Filium
958 1822 1208 1897 inudabil
1257 1856 1381 1895 cum
1434 1836 1680 1893 secundo
1730 1834 1968 1887 adventu
2022 1834 2300 1883 cessatura

2418 1822 2763 1887 ταπείνωσις,
2815 1822 2911 1876 τοῦ
2944 1824 3083 1878 κατὰ
3133 1825 3295 1894 φύσιν
3334 1826 3627 1895 προσόντος
3668 1824 3989 1894 ἀξιώματος

726 1942 815 1995 sit.
864 1959 881 1990 ι
925 1936 1119 1991 Veniet
1160 1954 1175 1985 ι
1234 1932 1381 1987 enim
1430 1929 1698 1990 omnino,
1748 1933 1807 1979 ut
1855 1938 1979 1978 cum
2030 1921 2300 1975 dicentem

2418 1913 2797 1985 ἀπογυμνώσει
2850 1915 2941 1969 τὸν
2975 1888 3157 1982 Υίὺνξ
3177 1917 3328 1970 λύσιν
3368 1888 3564 1987 έχουσα
3596 1917 3697 1987 τὴν
3730 1888 3988 1985 δευτέραν

729 2030 1039 2098 accepimus
1066 2066 1079 2090 ,
1135 2042 1154 2075 ι
1194 2024 1250 2076 in
1287 2021 1465 2092 gloria
1516 2018 1694 2071 Patris
1741 2014 1826 2071 sui
1853 2015 1918 2066 ⁵³.
1956 2031 1972 2063 ι
2018 2008 2305 2077 Quomodo

732 2123 892 2194 igitur
941 2121 994 2174 in
1047 2117 1215 2187 gloria
1262 2122 1345 2169 est
1398 2110 1490 2165 Dei
1536 2108 1759 2171 Patris,
1810 2105 1904 2177 qui
1958 2103 2136 2157 minor
2187 2100 2306 2170 ipso

730 2212 843 2267 sit?

800 2384 1029 2441 ALIUD.
1066 2380 1348 2435 Invenitur
1390 2376 1593 2430 alicubi
1636 2388 1729 2444 per
1771 2385 1943 2424 unum
1989 2366 2308 2438 prophetam

735 2480 878 2533 Deus
902 2490 964 2531 ac
986 2474 1148 2528 Pater
1179 2472 1363 2526 dicere
1393 2486 1404 2521 :
1443 2485 1460 2518 ι
1496 2465 1739 2521 Gloriam
1783 2475 1962 2516 meam
2002 2459 2160 2513 alteri
2201 2472 2310 2510 non

734 2570 876 2625 dabo
903 2568 972 2621 '°.
1016 2586 1032 2616 ι
1075 2558 1450 2631 lnterrogandi
1478 2566 1606 2614 sunt
1636 2557 1803 2627 igitur
1828 2553 2143 2623 quicunque
2174 2548 2314 2601 Filio

737 2660 900 2732 impie
926 2657 1247 2718 detrahunt,
1283 2656 1392 2707 imo
1423 2665 1551 2705 vero
1585 2648 1733 2702 Patri
1772 2662 1866 2716 per
1890 2644 2071 2715 ipsum
2111 2659 2123 2693 :
2161 2660 2178 2692 ι
2212 2640 2313 2707 Qui

737 2731 883 2807 enim
917 2750 1115 2803 Filium
1154 2761 1260 2800 non
1301 2745 1571 2806 honorat,
1621 2741 1669 2795 is
1710 2753 1807 2793 nec
1839 2739 2059 2789 Patrem
2092 2731 2316 2802 quidem

753 2848 986 2898 honorat
1010 2840 1085 2905 M;
1120 2858 1135 2888 ι
1180 2846 1362 2890 utrum
1396 2830 1822 2895 tandem,sicnti
1846 2827 2165 2883 existimant
2191 2823 2315 2892 ipsi,

746 2935 858 2989 Deo
903 2945 967 2985 ac
1010 2929 1170 2982 Patre
1203 2927 1384 2979 minor
1416 2923 1692 2978 exsistens
1722 2916 1895 2971 Filius
1916 2957 1929 2981 ,
1958 2913 2321 2969 consubstan-

748 3025 898 3080 tialis
934 3023 1008 3079 sit
1057 3020 1160 3090 ipsi
1190 3058 1204 3081 ,
1243 3032 1309 3069 an
1348 3028 1480 3069 non.
1530 3012 1587 3067 Si
1625 3007 2148 3065 consubstantialem
2198 3020 2320 3059 esse

745 3117 933 3172 dicunt
957 3154 970 3179 ,
1000 3110 1130 3183 quid
1166 3109 1371 3163 frustra
1404 3106 1585 3159 minus
1614 3103 1662 3157 ei
1703 3098 1987 3154 tribuunt?
2016 3098 2145 3163 Qua:
2174 3096 2319 3151 enim

2408 2007 2468 2071 ὲξ
2490 2006 2719 2077 οὐρανοῦ
2746 2009 3064 2079 παρουσίαν.
3089 2009 3277 2075 ι”Ηξει
3298 2028 3313 2059 ι
3345 2010 3452 2079 γὰρ
3476 2010 3712 2073 πάντως,
3729 2008 3805 2071 ὡς
3825 2008 3990 2076 ἡκού·

2412 2115 2588 2168 σαμεν
2619 2098 2894 2167 λέγοντος,
2936 2116 2953 2149 ι
2987 2100 3045 2153 ὲν
3067 2102 3132 2170 τῇ
3166 2099 3293 2171 δόξῃ
3337 2100 3429 2152 τοῦ
3474 2100 3685 2171 Πατρὸς
3736 2100 3922 2153 αὐτοῦ.
3965 2120 3982 2149 ι

2414 2190 2537 2253 Πῶς
2577 2185 2670 2244 οὖν
2713 2190 2849 2254 ὅλως
2894 2191 2951 2243 ὲν
2992 2192 3059 2262 τῇ
3112 2190 3237 2262 δόξῃ
3290 2191 3383 2245 τοῦ
3426 2192 3636 2263 Πατρὸς
3682 2193 3712 2244 6
3752 2191 3990 2247 ἐλάττων

2413 2300 2576 2337 αὐτου
2607 2300 2620 2347 ;

2484 2375 2687 2427 ΑΛΛΟ.
2719 2374 3043 2444 Εὐρίσκεταί
3094 2391 3191 2427 που
3238 2375 3408 2443 λέγων
3456 2375 3521 2428 δι’
3552 2376 3671 2439 ἑνὸς
3714 2375 3821 2431 τῶν
3856 2394 3987 2449 προ-

2416 2465 2645 2536 φητῶνὸ
2665 2465 2793 2528 Θεὸς
2818 2466 2909 2518 καὶ
2938 2466 3125 2536 Πατήρ
3153 2483 3165 2495 -
3200 2484 3216 2517 ι
3245 2466 3354 2535 Τὴν
3386 2466 3543 2531 δόξαν
3582 2484 3684 2537 μου
3724 2468 3895 2539 ἑτέρῳ
3933 2470 3994 2520 οὐ

2415 2560 2592 2613 δώσω.
2637 2578 2658 2611 ι
2710 2560 3042 2629 Ἐρωτητέον
3085 2558 3372 2629 τοιγαροῦν
3418 2559 3543 2621 τοὺς
3582 2559 3696 2612 ὅσοι
3737 2559 3830 2612 τὸν
3868 2559 3997 2612 Υἱὺν

2417 2653 2772 2722 ἀτιμάζουσιν
2817 2650 3026 2714 ἀσεϐῶς
3052 2689 3067 2715 ,
3121 2649 3322 2720 μᾶλλον
3367 2649 3422 2702 δὲ
3462 2650 3529 2703 δι’
3569 2650 3735 2704 αὐτοῦ
3766 2653 3860 2704 καὶ
3907 2654 4000 2703 τὸν

2420 2746 2641 2814 Πατέρα
2662 2759 2675 2772 ·
2702 2764 2720 2795 ι
2746 2745 2800 2797 Ὀ
2818 2743 2923 2813 γὰρ
2953 2743 3027 2813 μὴ
3056 2743 3228 2809 τιμῶν
3247 2742 3339 2796 τὸν
3357 2742 3504 2810 Υἱὸν,
3522 2743 3640 2796 οὐδὲ
3661 2743 3751 2795 τὸν
3779 2744 4000 2815 Πατέρα

2420 2839 2555 2907 τιμᾷ
2586 2855 2629 2889 ·›
2668 2836 2897 2905 πότερόν
2941 2851 3107 2901 ποτε,
3144 2834 3395 2905 καθάπερ
3438 2834 3801 2903 ὑπειλήφασιν
3824 2837 3999 2898 αὐτοὶ,

2429 2929 2525 2986 τοῦ
2556 2929 2691 2985 θεοῦ
2742 2932 2836 2984 καὶ
2869 2930 3078 2998 Πατρὸς
3124 2931 3360 2984 ἐλάττων
3387 2928 3462 2981 ὢν
3489 2930 3517 2981 6
3544 2930 3689 2994 Υἱὸς,
3717 2929 4003 3000 ὁμοούσιός

2432 3022 2601 3085 ἐστιν,
2632 3019 2707 3083 ὡς
2734 3020 2869 3090 πρὸς
2900 3020 3094 3086 αὐτὸν,
3126 3020 3158 3090 ἢ
3192 3018 3328 3087 οὐχί.
3394 3018 3457 3071 Εἰ
3497 3021 3593 3089 μὲν
3636 3014 3730 3071 οὖν
3763 3019 4000 3088 ἐροῦσιν,

2423 3112 2497 3175 ὡς
2527 3110 2673 3165 ἔστιν
2703 3112 3004 3181 ὁμοούσιος,
3034 3112 3085 3162 τί
3110 3111 3287 3180 μάτην
3312 3109 3372 3162 τὸ
3399 3109 3618 3162 ἔλαττον
3649 3110 4004 3180 ἐπιφέρουσιν

745 3207 989 3279 ejusdem
1018 3211 1147 3259 sunt
1179 3198 1502 3256 substantia:
1547 3210 1607 3249 ac
1658 3205 1894 3255 natura},
1938 3190 2119 3244 minus
2164 3190 2217 3243 in
2256 3201 2300 3243 se

2424 3204 2610 3274 αὐτῷ;
2670 3204 2751 3257 Τά
2781 3203 2889 3271 γὰρ
2923 3203 3021 3271 τῆς
3064 3202 3231 3271 αὐτῆς
3267 3201 3454 3264 οὐσίας
3491 3200 3620 3252 ὄντα
3647 3201 3740 3253 καὶ
3768 3200 4004 3268 φύσεως,

748 3278 995 3370 profecto
1037 3312 1144 3350 non
1200 3294 1398 3346 habent
1441 3287 1623 3358 quoad
1673 3284 1937 3339 rationem
1973 3278 2313 3336 substantiae.

752 3390 863 3445 lloc
895 3398 1074 3442 autem
1107 3382 1355 3454 estquod
1383 3380 1703 3451 quaerimus.
1740 3373 1847 3431 Sed
1881 3390 1988 3429 non
2014 3373 2319 3427 assentien-

752 3493 843 3536 tur
865 3480 1072 3544 forsan,
1096 3491 1274 3545 neque
1312 3469 1842 3528 consubstantialem
1876 3482 1997 3520 esse
2021 3464 2323 3519 concedent

755 3573 901 3626 Patri
933 3570 1149 3631 Filium,
1187 3582 1308 3621 eum
1340 3566 1519 3619 minor
1568 3564 1661 3625 sit,
1702 3569 1759 3614 ιιι
1788 3560 1891 3629 ipsi
1917 3558 2121 3612 volunt.
2156 3555 2325 3626 Igitur

756 3666 1005 3719 diversus
1043 3660 1147 3716 erit
1176 3659 1401 3712 omnino
1437 3664 1489 3711 et
1527 3654 1740 3707 alienus
1775 3666 1804 3704 a
1835 3650 2013 3704 Patre.
2042 3646 2324 3713 Quomodo

757 3758 941 3825 itaque
968 3752 1193 3823 gloriam
1221 3749 1339 3818 ejus
1373 3746 1575 3800 habet?
1611 3763 1628 3794 ι
1668 3743 1727 3796 Ei
1762 3742 1906 3797 enim
1952 3740 2112 3795 datus
2150 3747 2267 3802 est,
2302 3759 2320 3790 ›

760 3856 817 3900 ιιι
849 3846 924 3900 ait
949 3845 1143 3899 beatus
1177 3839 1400 3903 Daniel,
1450 3855 1467 3888 ι
1502 3842 1709 3900 honor,
1748 3844 1799 3889 et
1834 3848 2059 3902 regnum
2080 3834 2147 3885 δ’.
2178 3850 2195 3883 ι
2235 3829 2325 3883 V'el

760 3938 903 3992 enim
943 3934 1047 4005 23
1078 3932 1369 3987 mentietur
1404 3928 1545 3984 Deus
1579 3934 1633 3981 et
1666 3924 1827 3979 Pater
1866 3924 2058 3979 dicens
2087 3942 2100 3978 :
2150 3942 2169 3974 ι
2201 3920 2329 3976 Glo-

763 4030 897 4083 riam
924 4040 1101 4080 meam
1137 4021 1297 4076 alteri
1335 4036 1442 4074 non
1484 4018 1625 4073 dabo
1648 4017 1693 4049 ⁸³
1720 4034 1735 4075 ι
1767 4036 1784 4068 ι
1827 4016 1905 4071 vel
1938 4016 1982 4070 si
2012 4030 2175 4069 verax
2205 4021 2287 4068 est
2314 4053 2327 4079 ,

765 4133 1031 4189 suamque
1073 4116 1306 4187 gloriam
1339 4111 1489 4167 dedit
1516 4110 1681 4171 Filio,
1722 4124 1829 4163 non
1864 4110 2003 4162 alius
2037 4107 2225 4176 utique
2250 4114 2333 4160 est

766 4215 836 4267 ab
877 4214 1034 4281 ipso,
1088 4224 1211 4262 cum
1261 4207 1333 4260 sit
1378 4204 1590 4257 fructus
1640 4202 1959 4258 substantia.-
2006 4200 2215 4270 ipsius,
2270 4212 2334 4253 ac

770 4318 953 4356 verum
982 4301 1253 4371 genimcn.
1289 4296 1392 4363 Qui
1423 4306 1601 4349 autem
1637 4293 1826 4349 eodem
1873 4292 2036 4347 modo
2076 4307 2134 4347 se
2174 4290 2336 4344 habet

767 4408 891 4450 eum
936 4392 1122 4456 Patre,
1153 4387 1458 4444 secundum
1495 4394 1702 4440 natura:
1735 4386 2022 4449 rationein,
2059 4382 2335 4454 quomodo

772 4491 889 4556 ipso
917 4483 1135 4537 demum
1164 4480 1268 4535 erit
1303 4481 1483 4532 minor
1508 4478 1531 4528 ’ί

1142 4572 1265 4624 Alia
1291 4570 1553 4637 simplicia
1579 4577 1626 4621 et
1650 4570 1957 4621 iuconnera.

843 4666 901 4721 Si
926 4664 1271 4733 omnipotens
1298 4672 1381 4717 est
1405 4662 1582 4725 Pater,
1608 4671 1658 4715 et
1683 4661 1939 4715 similiter
1961 4658 2132 4713 Filius
2156 4660 2337 4714 omni-

773 4768 986 4831 potens,
1038 4754 1313 4823 qnomodo
1368 4755 1550 4808 minor
1601 4761 1684 4807 est
1737 4751 1896 4822 ipso?
1936 4750 2050 4804 Non
2098 4752 2243 4805 enim
2291 4753 2338 4805 si

774 4856 921 4904 recte
956 4844 1429 4915 philosophamur,
1461 4842 1687 4913 perfecti
1733 4841 2104 4896 conditionem
2138 4842 2338 4912 imper-

777 4943 976 4996 fectum
1015 4944 1366 5006 assequetur.
1404 4934 1488 4995 Et.
1518 4936 1562 4989 si
1602 4934 1867 4989 Dominus
1905 4942 1988 4987 est
2018 4933 2197 4997 Pater,
2237 4934 2341 4989 Do-

778 5031 1071 5096 minnsque
1116 5025 1373 5081 similiter
1391 5033 1474 5077 cst
1499 5023 1691 5086 Filius,
1718 5022 1993 5091 quomodo
2024 5023 2140 5091 ipso
2169 5022 2347 5076 minor

777 5122 899 5172 est?
949 5116 1065 5171 Erit
1104 5115 1250 5170 enim
1303 5130 1409 5167 non
1464 5112 1703 5182 perfecte
1759 5112 1916 5167 liber.
1975 5110 2242 5179 siquidem
2293 5111 2344 5162 in

779 5208 1154 5265 dominatione
1195 5206 1373 5260 minor
1419 5215 1522 5271 est,
1560 5220 1659 5258 nec
1707 5204 1870 5258 habet
1903 5204 1955 5255 in
1986 5202 2167 5271 seipso
2213 5217 2347 5256 con-

779 5309 1108 5357 summatam
1157 5299 1498 5368 dignitatem.
1550 5296 1636 5360 Et,
1692 5297 1735 5350 si
1784 5296 1873 5348 lux
1927 5306 2008 5349 est
2047 5293 2223 5356 Pater,
2257 5295 2347 5347 lux

781 5395 907 5447 item
947 5391 1141 5455 Filius,
1195 5390 1471 5459 quomodo
1517 5389 1699 5447 minor
1738 5395 1823 5442 est
1855 5387 2010 5457 ipso?
2041 5384 2155 5440 Erit
2202 5387 2346 5440 enim

779 5499 889 5538 non
941 5480 1182 5551 perfecte
1233 5482 1345 5541 lux.
1390 5479 1482 5536 sed
1526 5496 1589 5535 ex
1623 5489 1777 5551 parte
1824 5479 2065 5534 tenebris
2100 5494 2349 5547 compre-

784 5574 1069 5640 hepdetur,
1123 5574 1528 5643 mentieturque
1562 5574 1927 5645 evangelista,
1958 5572 2148 5628 dicens
2184 5591 2195 5625 :
2238 5590 2255 5622 ι
2285 5570 2347 5625 Et

782 5666 1017 5720 tenebrae
1053 5680 1178 5720 eum
1202 5680 1308 5719 non
1338 5664 1953 5735 comprehenderunt“.
1981 5685 1996 5715 ι
2034 5664 2118 5725 Et.
2154 5664 2197 5717 si
2238 5666 2343 5717 vita

894 5784 936 5811 "
957 5781 1189 5852 Philipp.
1229 5798 1286 5842 ιι,
1327 5784 1379 5837 6.

1494 5783 1537 5813 “
1559 5783 1723 5839 Marc.
1757 5800 1875 5847 vui,
1909 5784 1995 5837 53.

784 5869 949 5905 xum
1010 5854 1085 5905 ll.

1204 5854 1248 5883 θλ
1280 5853 1431 5907 Joan.
1465 5870 1500 5912 ι.

2110 5785 2156 5815 ⁵ο
2190 5783 2291 5838 lsa.
2312 5801 2500 5851 xu'tn,
2538 5786 2621 5839 Η.

2422 3294 2521 3347 οὐκ
2547 3293 2613 3347 ἂν
2639 3293 2775 3355 ὅλως
2806 3293 2919 3362 ἔχοι
2953 3292 3073 3345 καθ’
3103 3293 3311 3344 ἑαυτῶν
3336 3292 3397 3343 τὸ
3424 3290 3626 3362 μεῖζον,
3658 3294 3798 3345 κατά
3826 3308 3889 3359 γε
3914 3293 4007 3345 τὸν

2420 3384 2514 3437 τοῦ
2542 3384 2658 3447 πῶς
2691 3379 2829 3436 εἶναι
2856 3384 3029 3451 λόγον.
3055 3382 3224 3435 Τοῦτο
3253 3383 3309 3435 δὲ
3340 3383 3556 3445 πάντως
3581 3385 3695 3436 ἐστὶ
3723 3383 3784 3435 τὸ
3813 3384 4009 3453 ζητού-

2428 3493 2609 3545 μενον.
2678 3474 2809 3529 Ἀλλ’
2845 3476 2904 3526 οὐ
2933 3476 3284 3543 συνθήσονται
3316 3475 3509 3544 τυχὸν,
3564 3475 3682 3527 οὐδὲ
3723 3477 4009 3544 ὁμοούσιον

2426 3562 2565 3620 εἶναι
2594 3566 2820 3619 δώσουσι
2847 3566 2924 3637 τῷ
2950 3568 3125 3636 Πατρὶ
3154 3568 3243 3619 τὸν
3275 3567 3403 3619 Υίὸν
3425 3607 3439 3630 ,
3497 3566 3571 3629 ὼς
3596 3566 3853 3619 ἐλάττονα
3889 3569 4008 3619 κατ’

2426 3658 2652 3719 αὐτούς·
2689 3658 2878 3711 οὐκοῦν
2912 3658 3096 3729 ἕτερος
3120 3658 3271 3711 ἔσται
3306 3658 3581 3719 παντελῶς
3616 3658 3707 3710 καὶ
3732 3658 4011 3729 ἀλλότριος

2428 3749 2519 3801 τοῦ
2564 3750 2795 3820 Πατρός.
2852 3750 2975 3813 Πῶς
3005 3746 3096 3804 οὖν
3122 3750 3231 3819 ἔχει
3258 3750 3355 3820 τὴν
3380 3749 3533 3813 δόξαν
3564 3748 3726 3801 αὐτοῦ
3754 3766 3769 3810 ;
3806 3767 3824 3800 ι
3850 3749 4013 3817 Αὐτῷ

2431 3841 2537 3910 γὰρ
2560 3840 2733 3910 ἐδόθη,
2766 3859 2783 3892 ι
2804 3841 2947 3894 καθά
2969 3858 3131 3910 φησιν
3162 3844 3190 3894 6
3208 3844 3473 3911 μακάριος
3500 3839 3720 3909 Δανιὴλ,
3744 3858 3761 3891 ι
3786 3841 3817 3908 ἡ
3844 3842 4005 3909 τιμὴ,

2433 3932 2524 3985 καὶ
2558 3934 2591 4002 ὴ
2627 3932 2890 4001 βασιλεία.
2919 3953 2936 3985 ι
2979 3936 3048 3986 Ἢ
3078 3934 3185 4003 γὰρ
3216 3932 3565 4001 διαψεύσεται
3594 3931 3766 3998 λέγων
3804 3930 3833 3981 6
3870 3929 4011 3991 Θεὸς

2433 4024 2525 4075 καὶ
2558 4022 2747 4091 Πατήρ
2777 4038 2788 4049 ·
2822 4041 2841 4074 ι
2868 4023 2977 4093 Τὴν
3035 4023 3188 4088 δόξαν
3233 4040 3333 4093 μου
3376 4024 3546 4093 ἑτέρῳ
3593 4023 3653 4074 οὐ
3694 4020 3887 4073 δώσωο
3916 4038 3935 4071 ι
3981 4020 4014 4088 ἦ

2434 4116 2589 4184 εἴπερ
2622 4116 2767 4167 ἐστὶν
2800 4112 3023 4183 ἀληθὴς,
3052 4114 3248 4167 δέδωκε
3286 4113 3343 4166 δὲ
3390 4113 3491 4183 τὴν
3517 4109 3706 4165 ἑαυτοῦ
3749 4110 3907 4176 δόξαν
3938 4111 4015 4177 τῲ

2440 4208 2553 4278 Υίῷ
2572 4249 2586 4273 ,
2630 4210 2728 4277 οὐχ
2757 4208 2942 4276 ἕτερος
2975 4207 3083 4274 ἀρα
3112 4208 3228 4259 ἐστὶ
3255 4208 3384 4277 παρ’
3418 4206 3612 4271 αὐτὸν,
3669 4203 3880 4275 καρπὸς
3909 4204 4016 4255 ὐπ-

2438 4297 2618 4369 ἀρχων
2647 4301 2744 4368 τῆς
2773 4297 2956 4359 οὐσίας
2984 4299 3164 4359 αὒτοῦ,
3202 4300 3295 4351 καὶ
3320 4299 3539 4366 γνήσιον
3567 4296 3833 4365 γέννημα.
3871 4295 3933 4345 '0
3962 4295 4016 4347 δὲ

2437 4388 2698 4452 ὡσαύτως
2726 4388 2862 4457 έχων
2888 4388 2965 4459 τῷ
2986 4389 3159 4458 Πατρὶ
3190 4389 3330 4441 κατὰ
3352 4388 3442 4441 τὸν
3466 4388 3563 4457 τῆς
3592 4386 3805 4454 φύσεως
3836 4384 4017 4451 λόγον,

2444 4480 2559 4543 πῶς
2589 4480 2655 4534 ἂν
2682 4480 2767 4550 εἴη
2793 4480 2978 4533 λοιπὸν
3007 4481 3243 4533 ἐλάττων
3266 4480 3430 4533 αὐτοῦ
3459 4497 3473 4543 ;

2812 4574 2995 4624 Ἄλλη
3033 4570 3198 4625 ἁπλᾶ
3221 4572 3317 4624 καί
3347 4569 3669 4625 ἀσύνδετα.

2516 4664 2578 4715 Εἰ
2612 4663 3003 4733 παντοκράτωρ
3046 4663 3191 4715 ἐστὶν
3217 4666 3244 4715 6
3275 4664 3461 4733 Πατὴρ
3484 4702 3496 4725 ,
3540 4660 3937 4733 παντοκράτωρ
3964 4662 4017 4714 δὲ

2445 4754 2643 4823 ὁμοίως
2684 4755 2778 4808 καὶ
2822 4757 2851 4807 6
2894 4754 3040 4818 Υἱὸς,
3076 4754 3191 4816 πῶς
3234 4754 3471 4806 ἐλάττων
3505 4750 3669 4805 αὐτοῦ
3705 4752 3891 4814 ὲστινς
3946 4752 4020 4802 Οὐ

2446 4845 2555 4914 γὰρ
2598 4844 2793 4915 δήπου,
2826 4846 2969 4898 κατά
2988 4863 3049 4913 γε
3096 4846 3187 4897 τὸν
3233 4844 3332 4912 τῆς
3376 4841 3688 4905 ἀκολουθίας
3722 4841 3912 4910 λόγον,
3946 4843 4023 4902 είς

2446 4937 2505 4988 τὸ
2534 4936 2627 4989 τοῦ
2650 4936 2852 4989 τελείου
2876 4937 3073 5006 μέτρον
3094 4936 3153 4989 τὸ
3184 4935 3257 5005 μὴ
3277 4935 3477 4987 τέλειον
3502 4933 3855 5002 ἀναϐήσεται.
3890 4934 4023 4993 Καὶ,

2448 5028 2496 5078 εἰ
2531 5027 2732 5099 Κύριός
2780 5028 2925 5080 ἐστιν
2974 5030 3003 5080 6
3036 5027 3227 5098 Πατὴρ
3248 5069 3261 5092 ,
3306 5026 3507 5096 Κύριος
3557 5026 3613 5077 δὲ
3642 5024 3839 5093 ὁμοίως
3872 5024 3967 5075 καὶ
4000 5026 4027 5075 ὁ

2451 5118 2595 5183 Υἱὸς,
2643 5119 2759 5180 πῶς
2804 5119 3040 5171 ἐλάττων
3073 5118 3236 5171 αὐτοῦ
3279 5121 3458 5179 ὲστιν;
3508 5115 3825 5184 ’Ἑσταιγάρ
3851 5114 3912 5165 οὐ
3941 5131 4027 5165 τε-

2449 5210 2604 5274 λείως
2644 5210 2958 5280 ὲλεύθερος,
2993 5212 3150 5281 εἴπερ
3195 5211 3341 5263 ἐστὶν
3373 5210 3609 5263 ἐλάττων
3633 5209 3689 5260 ὲν
3721 5206 4027 5276 κυριότητι,

2453 5302 2544 5353 καὶ
2565 5301 2624 5353 οὐ
2658 5302 2861 5372 πλῆρες
2890 5302 3029 5371 ἔχων
3055 5303 3110 5353 ὲν
3140 5300 3319 5371 ἑαυτῷ
3343 5302 3402 5353 τὸ
3428 5300 3660 5369 ἀξίωμα.
3693 5299 3800 5350 Καὶ
3832 5298 3880 5350 εί
3911 5297 4030 5366 φῶς

2453 5393 2599 5447 ἐστιν
2621 5395 2649 5446 ό
2677 5393 2887 5463 Πατὴρ,
2918 5393 3033 5462 φῶς
3061 5395 3116 5447 δὲ
3146 5394 3345 5464 ὁμοίως
3371 5394 3465 5445 καὶ
3496 5395 3523 5445 6
3547 5391 3694 5454 Υἱὸς,
3732 5388 3848 5451 πῶς
3882 5389 4033 5441 ἐλάτ-

2452 5502 2558 5537 των
2584 5483 2748 5537 αὐτοῦ
2782 5486 2960 5548 ὲστιν;
2995 5486 3186 5539 Ἔσται
3218 5485 3326 5556 γὰρ
3350 5486 3411 5537 οὐ
3440 5482 3659 5543 τελείως
3686 5479 3820 5548 φῶς,
3860 5495 4028 5531 κατα-

2454 5576 2788 5648 ληφθήσεται
2830 5578 2885 5631 δὲ
2928 5580 3034 5632 ἀπὸ
3093 5580 3288 5650 μέρους
3338 5581 3443 5633 ὐπὸ
3480 5581 3574 5651 τῆς
3635 5580 3887 5643 σκοτίας,
3938 5577 4032 5629 καὶ

2450 5667 2708 5736 ψεύσεται
2748 5669 2921 5737 λέγων
2964 5674 2993 5724 6
3027 5671 3450 5741 εὐαγγελιστήςο
3498 5690 3516 5723 ι
3557 5672 3620 5724 Ἠ
3650 5673 3837 5725 σκοτία
3870 5673 4035 5726 αὐτὸν

2735 5785 2958 5840 “Joan.
2994 5803 3045 5847 v,
3072 5786 3161 5841 ‘23.
3274 5787 3319 5818 "
3354 5784 3486 5840 Dan.
3526 5802 3620 5851 vu,
3653 5785 3736 5840 H.
3842 5785 3889 5818 ³⁸
3923 5787 4032 5842 lsa.
