4214 6502
263 440 329 493 45

1320 434 1385 488 ΙΝ
1414 433 1702 492 JOANNIS
1741 433 2191 492 EVANGELIUM
2231 437 2359 493 LIB.
2406 440 2441 493 Ι.

3440 454 3506 507 46

258 560 320 611 οὗ
356 557 643 612 κατέλαϐε.
674 575 691 608 ι
747 555 855 610 Καὶ
888 556 938 609 εἰ
981 557 1093 626 ζωή
1126 557 1272 610 ἔστιν
1311 557 1339 609 6
1372 555 1594 626 Πατὴρ,
1640 556 1755 626 ζωὴ
1782 556 1812 609 6

1902 600 1909 623 ,
1939 566 2022 614 est
2070 530 2261 624 Pater,
2297 560 2407 613 vita
2442 560 2569 614 item
2616 560 2815 627 Filius,
2848 566 3126 634 quomodo
3174 569 3356 625 minor
3386 571 3506 643 ipso

255 648 459 716 ὁμοίως
504 647 595 698 καὶ
624 646 652 698 6
684 645 808 707 Υἱὸς
829 684 843 705 ,
896 644 1013 706 πῶς
1044 643 1281 697 ἐλάττων
1310 645 1474 699 αὑτοῦ
1522 655 1705 710 tactv;
1761 646 1835 696 υύ

255 738 366 807 γάρ
406 739 521 789 ἐστι
565 735 787 798 τελείως
820 736 878 787 ὲν
925 736 1114 805 ήμῖνὴ
1159 734 1304 805 ζωὴ,
1360 735 1464 789 κᾶν
1495 736 1575 798 είς
1610 736 1700 787 τὸν
1729 735 1836 787 ἔσω

254 828 540 897 ἄνθρωπον
574 826 888 895 κατοικήσει
922 826 1158 895 Χριστός
1186 841 1197 853 '
1247 828 1430 897 νεκροὶ
1467 828 1523 881 δέ
1553 845 1669 891 πως
1695 830 1835 883 κατά

250 936 304 970 τι
341 919 505 988 μέρος
551 919 598 969 οί
645 916 1063 979 πιστεύσαντες,
1116 917 1275 989 εἴπερ
1319 918 1466 972 ἐστὶν
1512 920 1571 972 οὐ
1616 920 1834 983 τελείως

252 1010 391 1079 ζωὴ,
417 1008 479 1060 τὸ
507 1007 727 1060 ἔλαττον
757 1006 895 1077 ἔχων
916 1008 945 1060 6
976 1007 1123 1071 Υἱός.
1186 1009 1404 1080 Ἐπειδὴ
1428 1009 1483 1062 δὲ
1515 1010 1620 1080 χρὴ
1653 1010 1748 1081 τὴν
1776 1013 1833 1063 ὲν

249 1102 462 1164 τούτοις
494 1101 726 1153 ἀτοπίαν
759 1099 835 1163 ὼς
884 1100 1220 1170 πορρωτάτω
1270 1100 1571 1162 ποιεῖσθαι,
1627 1101 1831 1153 τέλειον

247 1188 392 1244 εἷναί
422 1208 600 1260 φαμεν
624 1190 715 1243 τὸν
738 1190 864 1243 Υίὸν
894 1190 951 1243 ὲν
974 1191 1053 1261 τῷ
1082 1190 1270 1260 τελείῳ
1296 1192 1472 1263 Πατρὶ
1492 1190 1826 1261 παρισούμε-

246 1299 337 1333 νον
372 1283 458 1334 διὰ
491 1282 552 1333 τὸ
582 1283 681 1350 τῆς
707 1281 894 1343 οὐσίας
926 1280 1363 1351 ἀπαράλλακτον.

319 1374 519 1426 ΑΛΛΟ.
561 1374 622 1425 El
648 1372 885 1425 ἐλάττων
911 1373 1027 1425 ἐστὶ
1059 1372 1153 1425 τοῦ
1181 1373 1392 1443 Πατρὸς
1424 1374 1452 1425 6
1484 1373 1628 1436 Υἱὸς,
1659 1374 1745 1427 διὰ
1769 1391 1826 1427 τε

241 1463 406 1515 τοῦτο
435 1464 531 1531 οὐχ
579 1462 898 1531 ὀμοούσιος·
951 1462 1135 1533 ἕτερος
1179 1462 1287 1533 ἄρα
1328 1464 1444 1517 ἐστὶ
1485 1463 1626 1517 κατά
1667 1464 1827 1532 φύσιν

241 1555 341 1607 καὶ
380 1553 661 1624 ἀλλότριος
694 1551 1005 1615 παντελῶς·
1032 1552 1226 1606 οὐκοῦν
1259 1554 1356 1623 οὐχ
1384 1555 1531 1617 Υἱὸς,
1564 1555 1675 1608 ἀλλ’
1704 1556 1824 1609 οὐδὲ

239 1642 379 1703 ὅλως
418 1642 569 1703 Θεός.
628 1642 753 1703 Πῶς
789 1640 897 1709 γὰρ
940 1641 1005 1695 ἂν
1056 1642 1149 1695 καὶ
1183 1643 1398 1696 καλοῖτο
1438 1645 1564 1707 Υἱὸς
1605 1648 1634 1698 6
1661 1646 1733 1716 μὴ
1761 1648 1823 1700 ἐκ

242 1732 485 1802 Πατρὸς,
522 1731 554 1799 ἢ
588 1731 705 1794 πῶς
740 1730 817 1782 ἔτι
849 1731 1010 1794 Οεὸς,
1042 1731 1070 1782 6
1108 1730 1182 1801 μὴ
1210 1732 1273 1784 ὲκ
1296 1731 1431 1785 Θεου
1455 1732 1593 1785 κατὰ
1622 1733 1818 1801 φύσινς

242 1826 303 1875 Τί
334 1840 498 1889 φασιν
524 1821 760 1874 ἐνταῦθα
794 1821 843 1873 οἱ
870 1822 996 1885 τοὺς
1031 1821 1103 1891 μὴ
1133 1821 1231 1891 τὴν
1264 1822 1342 1884 εἰς
1371 1821 1461 1874 τὸν
1485 1824 1611 1876 Υίὸν
1644 1841 1820 1895 παρα-

1938 651 2059 704 est?
2088 649 2204 704 Non
2235 651 2382 704 enim
2413 661 2497 707 est
2529 652 2767 721 perfecte
2806 656 2860 709 in
2896 657 3055 713 nobis
3096 660 3231 724 vita,
3253 665 3506 731 quamvis

1938 738 1992 791 in
2026 738 2276 794 interiori
2306 738 2527 795 homine
2572 741 2828 797 Christus
2877 746 3107 808 habitet,
3144 750 3238 802 sed
3267 751 3503 820 quadam

1935 843 1999 883 ex
2026 837 2183 899 parte
2214 831 2418 884 mortui
2460 843 2590 886 sunt
2636 834 2948 896 credentes.
2977 838 3248 907 siquidem
3282 857 3392 897 non
3420 854 3505 900 est

1936 917 2045 971 vita
2071 917 2329 988 perfecte,
2358 934 2482 974 cum
2512 921 2692 978 minus
2722 922 2919 977 habeat
2942 923 3131 983 Filius.
3151 927 3288 983 Cum
3318 940 3499 987 autem

1932 1008 2333 1064 absurditatem
2393 1010 2541 1066 illam
2596 1015 2651 1067 in
2703 1015 2791 1070 bis
2840 1016 3160 1087 longissime
3214 1022 3502 1095 proﬂigare

1930 1109 2206 1170 Oporteat,
2241 1103 2542 1171 perfectum
2575 1121 2701 1163 esse
2738 1108 2976 1166 dicimus
3004 1109 3207 1166 Filium
3256 1114 3500 1183 perfecto

1930 1191 2079 1246 Patri
2143 1195 2448 1263 aequalem,
2508 1208 2731 1268 propter
2792 1200 3089 1270 perfectam
3154 1202 3497 1261 identitatem

1930 1283 2272 1338 substantiar.

1997 1374 2225 1428 ALIUD.
2258 1375 2313 1428 Si
2350 1377 2529 1432 minor
2555 1389 2641 1434 est
2680 1379 2842 1434 Patre
2881 1378 3077 1447 Filius,
3114 1396 3177 1436 ac
3211 1391 3498 1454 propterea

1928 1480 2036 1519 non
2078 1466 2570 1522 consubstantialis
2630 1470 2774 1524 alius
2818 1473 3008 1541 utique
3048 1475 3354 1528 secundum
3404 1492 3497 1530 na-

1927 1560 2132 1618 turam,
2166 1569 2227 1608 ac
2259 1558 2419 1625 plane
2449 1559 2685 1612 alienus.
2720 1557 2889 1628 igitur
2923 1576 3033 1615 non
3056 1561 3251 1628 Filius,
3279 1565 3373 1621 sed
3402 1581 3495 1620 ne-

1924 1659 2030 1713 que
2064 1660 2293 1715 prorsus
2337 1646 2503 1705 Deus.
2536 1648 2822 1714 Quomodo
2849 1652 2993 1705 enim
3042 1662 3270 1709 vocetur
3296 1654 3493 1722 Filius,

1922 1735 2017 1805 qui
2050 1752 2162 1791 non
2198 1746 2375 1792 estex
2418 1736 2603 1805 Patre,
2642 1747 2738 1794 aut
2767 1743 3043 1810 quomodo
3074 1744 3490 1815 tandemDeus,

1921 1842 2015 1897 qui
2046 1842 2157 1882 non
2188 1838 2274 1885 est
2306 1845 2371 1884 ex
2417 1829 2527 1887 Deo
2575 1833 2876 1888 secundum
2910 1838 3202 1891 naturam?
3227 1837 3369 1903 Quid
3403 1839 3491 1895 hic

237 1915 568 1983 δεξαμένους
622 1914 827 1977 πίστιν,
871 1913 1237 1976 ἀπεκτονότας
1272 1914 1327 1967 δὲ
1374 1915 1575 1984 μᾶλλον
1606 1933 1812 1978 τουτον,

1920 1917 2114 1974 dicunt
2156 1920 2251 1990 qui
2300 1933 2557 1977 asserunt
2602 1924 2655 1978 in
2690 1922 2906 1979 Patrem
2953 1928 3180 1984 credere
3223 1946 3335 1985 non
3394 1946 3491 1986 eos

240 2003 319 2064 εἰς
339 2002 428 2055 τὸν
448 2002 666 2071 Πατέρα
684 2000 1409 2071 πιστεύεινλσχυριζόμενοη
1436 2003 1653 2075 Ἐπειδὴ
1664 2004 1717 2057 δὲ
1740 2006 1818 2067 εἰς

246 2092 371 2145 Υίόν
393 2094 589 2162 ἐστινή
613 2093 907 2158 πίστις,ἕτι
930 2094 1070 2147 κατά
1098 2094 1158 2147 τὸ
1185 2094 1331 2157 εἰκὸς
1355 2093 1705 2166 πλανώμεθα,
1728 2096 1817 2149 τὸν

236 2183 494 2254 ἀληθινὸν
515 2185 612 2237 οὐκ
640 2185 1014 2251 ἐπεγνωκότες
1033 2184 1184 2240 Θεόν.
1223 2185 1383 2239 Ἀλλά
1410 2187 1568 2240 τοῦτο
1596 2188 1813 2242 ἄτοπον.

236 2274 601 2338 Πιστεύοντες
625 2275 652 2327 6
701 2276 780 2338 είς
807 2274 955 2338 Υἰὸν,
985 2275 1078 2329 καὶ
1100 2277 1178 2339 είς
1211 2276 1300 2329 τὸν
1323 2278 1541 2350 Πατέρα
1572 2279 1792 2333 πιστεύο

238 2382 360 2435 μεν,
396 2366 487 2417 καὶ
517 2367 596 2427 εις
623 2363 682 2416 τὸ
716 2364 872 2432 ἆγιον
899 2365 1124 2435 Πνεῦμα
1161 2366 1383 2439 δηλαδή.
1431 2369 1543 2421 Οὐκ
1565 2369 1672 2439 ἄρα
1702 2371 1817 2424 ἐστὶ

244 2454 327 2505 .οὖ
363 2454 494 2505 Θεου
517 2454 609 2506 καὶ
638 2454 871 2523 Πατρὸς,
902 2455 978 2519 ὼς
1010 2456 1267 2517 ἐλάττων,
1303 2457 1581 2527 ἀλλότριος
1609 2458 1637 2509 6
1666 2459 1811 2523 Υἱὸς,

232 2542 349 2594 ἀλλ’
376 2542 432 2594 ἓν
461 2544 536 2606 ὼς
568 2544 703 2613 πρὸς
733 2544 915 2609 αὑτὸν,
972 2546 1061 2599 διὰ
1085 2548 1146 2599 τὸ
1173 2547 1231 2613 ἐξ
1257 2547 1420 2600 αὑτοῦ
1456 2550 1598 2601 κατά
1632 2550 1811 2618 φύσιν,

233 2632 349 2695 ῖσος
374 2648 433 2683 τε
467 2632 552 2684 διὰ
580 2634 738 2685 τοῦτο
773 2635 871 2686 καὶ
898 2634 1122 2698 τέλειος.

302 2827 502 2878 ΑΛΛΟ.
539 2827 599 2879 Εἰ
636 2828 733 2898 μὲν
762 2828 887 2891 Υἱός
919 2828 1033 2881 ἐστι
1064 2829 1205 2883 κατά
1236 2830 1491 2902 ἀλήθειαν
1528 2835 1556 2885 ὁ
1588 2836 1651 2886 ὲκ
1676 2833 1809 2886 Θεοῦ

227 2917 443 2986 Πατρὸς
487 2916 808 2987 ἀναλάμψας
834 2918 966 2982 Θεὸς
1006 2918 1209 2987 Λόγος,
1262 2921 1473 2993 ἀνάγκη
1520 2924 1675 2977 πᾶσα
1718 2925 1811 2976 καὶ

225 3008 328 3076 οὐχ
366 3008 589 3070 ἑκόντας
634 3013 759 3072 τοὺς
789 3009 856 3061 δι’
889 3010 1137 3072 ἐναντίας
1166 3011 1446 3080 ὁμολογεῖν
1496 3015 1560 3066 ὲκ
1591 3013 1690 3083 τῆς
1717 3014 1807 3066 ού-

225 3098 350 3160 σίας
400 3097 558 3150 αὑτὸν
595 3098 864 3168 ὑπάρχειν
887 3100 987 3167 τῆς
1031 3101 1123 3153 τοῦ
1152 3102 1384 3170 Πατρός.
1434 3103 1602 3157 Τοῦτο
1631 3105 1739 3176 γάρ
1771 3107 1802 3176 ὴ

1920 2008 2015 2077 qui
2073 2009 2231 2063 [idem
2290 2021 2655 2081 susceperunt
2699 2013 2753 2067 in
2803 2013 3025 2081 Filium,
3054 2016 3150 2072 sed
3200 2018 3295 2087 qui
3342 2019 3489 2075 hunc

1919 2100 2104 2168 potius
2142 2100 2574 2157 interfecerunt?
2614 2103 2752 2159 Cum
2800 2114 2981 2161 autem
3031 2107 3165 2162 ﬁdes
3207 2110 3279 2163 sit
3309 2112 3364 2165 in
3396 2110 3488 2164 Fi-

1919 2191 2074 2255 lium,
2110 2192 2311 2258 adhuc,
2342 2204 2401 2247 ut
2427 2196 2693 2250 credibile
2717 2204 2822 2263 est,
2852 2211 3125 2267 erramus,
3156 2216 3343 2257 verum
3378 2217 3487 2256 non

1917 2292 2279 2353 agnoscentes
2327 2283 2517 2342 Deum.
2559 2287 2630 2341 At
2658 2287 2764 2344 hoc
2806 2288 3125 2345 absurdum.
3186 2293 3487 2350 Credentes

1917 2382 2097 2429 autem
2130 2376 2184 2429 in
2228 2375 2450 2444 Filium,
2492 2380 2545 2433 in
2597 2378 2812 2436 Patrem
2862 2398 3080 2454 quoque
3118 2384 3396 2443 credimus
3433 2398 3487 2443 et

1916 2468 1971 2521 in
2023 2467 2286 2538 Spiritum
2344 2480 2597 2527 sanctum
2652 2475 2941 2530 nimirum.
3017 2477 3133 2533 Non
3182 2488 3267 2535 est
3317 2480 3486 2551 igitur

1912 2562 2069 2629 quasi
2102 2560 2212 2617 Deo
2238 2577 2299 2616 ac
2330 2562 2490 2619 Patre
2522 2566 2700 2621 minor
2728 2567 2942 2624 alienus
2972 2569 3167 2637 Filius,
3192 2572 3289 2627 sed
3312 2589 3482 2629 unum

1912 2652 2042 2720 quid
2074 2669 2197 2708 cum
2233 2655 2370 2723 ipso,
2404 2666 2692 2725 proriterea
2725 2660 2873 2729 quod
2919 2676 2985 2715 ex
3015 2662 3132 2733 ipso
3159 2674 3245 2719 est
3288 2679 3473 2718 secun-

1912 2741 2042 2794 dum
2080 2751 2351 2808 naturam,
2382 2755 2435 2799 et
2470 2747 2590 2801 ideo
2626 2751 2855 2818 aaqualis
2891 2766 2954 2805 ac
2979 2752 3277 2821 perlectus.

1982 2830 2213 2887 ALIUD.
2245 2834 2298 2886 Si
2332 2833 2504 2891 Filius
2559 2853 2680 2893 vere
2715 2847 2800 2894 est
2844 2839 2892 2896 is
2937 2842 3029 2910 qui
3067 2858 3132 2897 ex
3170 2842 3278 2899 Deo
3320 2843 3483 2898 Patre

1909 2918 2113 2975 eliulsit
2160 2922 2303 2981 Deus
2346 2924 2606 2989 Verbum,
2644 2944 2873 2985 necesse
2911 2932 3135 2985 omnino
3170 2941 3252 2987 est
3284 2934 3480 2989 adver‘

1909 3013 2087 3067 sarios
2136 3014 2223 3067 vel
2271 3015 2523 3072 nolentes
2576 3019 2857 3085 conﬁteri,
2904 3019 3015 3091 24
3056 3037 3123 3076 ex
3170 3024 3477 3078 substantia

1908 3102 2087 3158 Patris
2143 3105 2323 3174 ipsum
2384 3107 2700 3163 exsistere:
2750 3110 2851 3164 hoc
2903 3112 3047 3166 enim
3106 3128 3234 3167 vera
3289 3115 3477 3170 liliatio

232 3186 379 3239 κατὰ
410 3186 669 3256 ἀλήθειαν
724 3188 907 3256 υίότης
942 3189 1213 3259 σημαίνει.
1244 3185 1378 3243 Εἶτα
1431 3192 1548 3255 πῶς
1574 3195 1600 3247 6
1628 3195 1803 3248 τοιοῦ-

1908 3193 2200 3265 signiﬁcat.
2235 3197 2610 3281 At'quomodo
2642 3198 2691 3253 is
2725 3198 2901 3255 minor
2939 3208 3023 3257 est
3066 3201 3229 3259 Patre
3278 3203 3472 3260 Filius.

219 3296 311 3339 τος
348 3278 583 3329 ἐλάττων
622 3278 737 3329 ἐστὶ
768 3278 859 3331 τοῦ
897 3279 1109 3349 Πατρὸς
1140 3280 1265 3344 Υἱὸς
1290 3321 1304 3345 ,
1352 3283 1507 3352 εἴπερ
1537 3285 1683 3337 ἐστὶν
1710 3286 1802 3338 οὐ·

222 3385 254 3418 σ
281 3386 344 3429 ας
378 3368 554 3437 καρπὸ
644 3369 939 3422 οὐδααέθεν
972 3369 1034 3422 τὸ
1094 3370 1313 3425 ἔλαττον
1349 3373 1433 3441 ἐφ’
1458 3376 1623 3444 ἐαυτῆ
1656 3376 1801 3446 δεχο-

222 3461 424 3529 μένηςς
479 3462 659 3514 Πάντα
705 3462 813 3533 γὰρ
856 3461 1074 3527 τελείως
1120 3466 1177 3516 ἐν
1222 3465 1299 3534 τῷ
1333 3466 1466 3536 Θεῷ.
1514 3470 1575 3521 Εἰ
1613 3470 1669 3522 δὲ
1703 3472 1799 3524 οὐκ

216 3552 366 3604 ἔστιν
406 3553 469 3604 ὲκ
512 3554 608 3623 τῆς
639 3554 822 3618 οὐσίας
865 3555 956 3608 τοῦ
983 3556 1194 3626 Πατρὸς
1239 3558 1357 3609 οὐδὲ
1392 3559 1516 3620 Υἱὸς
1550 3560 1674 3629 ἄρα’
1717 3562 1798 3614 νὸ-

215 3641 309 3702 ϐος
343 3640 398 3691 δὲ
430 3640 615 3712 ῶσπερ
647 3661 725 3705 τις
758 3645 849 3697 καὶ
882 3644 1247 3715 ψευδώνυμος.
1312 3648 1449 3700 Ἀλλ’
1476 3650 1594 3701 οὐδὲ
1637 3652 1797 3715 αὐτὸς

211 3735 240 3787 ό
271 3734 480 3802 Πατὴρ,
510 3736 698 3804 Πατὴρ
734 3736 799 3789 ἂν
827 3737 1038 3789 καλοῖτο
1070 3739 1292 3802 δικαίως
1321 3757 1399 3803 τε,
1431 3744 1524 3793 καὶ
1555 3741 1793 3811 ἀληθῶς.

214 3827 347 3880 Υἱοῦ
382 3828 489 3896 γὰρ
516 3829 614 3881 οὐκ
645 3829 797 3891 ὄντος
830 3829 922 3882 τοῦ
958 3832 1096 3882 κατὰ
1132 3831 1315 3899 φύσιν,
1350 3833 1415 3884 δι’
1444 3834 1500 3885 ὃν
1530 3834 1642 3886 ἐστι
1683 3836 1794 3886 Πα-

202 3916 335 3983 τὴρ,
362 3916 475 3977 πῶ..
492 3916 556 3968 ἂν
580 3919 746 3968 νοοῖτο
767 3918 982 3989 Πατήρ;
1013 3919 1168 3972 ’Λλλά
1190 3921 1344 3973 τοῦτο
1372 3923 1590 3976 ἄτοπονη
1638 3925 1791 3976 Ἔστι

204 4004 263 4056 δὲ
294 4004 481 4075 Πατὴρ
507 4006 757 4075 ἀληθινὸς
800 4010 828 4059 6
855 4007 987 4071 Θεὸς
1014 4025 1027 4037 °
1089 4010 1244 4062 τοῦτο
1295 4012 1402 4081 γὰρ
1433 4013 1493 4083 δὴ
1535 4014 1627 4065 καὶ
1670 4013 1788 4066 ὅλαι

207 4093 407 4163 βοῶσιν
432 4098 487 4149 αἱ
510 4097 652 4149 θεῖαι
684 4097 895 4165 Γραφαί
916 4115 927 4127 ·
955 4099 1081 4161 Υἱὸς
1103 4099 1207 4169 ἄρα
1238 4102 1453 4164 πάντως
1474 4105 1501 4154 ὁ
1534 4104 1592 4166 ἐξ
1621 4104 1785 4156 αὐτοῦ

208 4185 473 4250 φυσικῶς.
519 4187 580 4238 Ει
614 4187 668 4238 δὲ
703 4186 890 4252 τοῦτο,
932 4187 1031 4240 οὐκ
1059 4189 1295 4243 ὲλάιτων
1320 4204 1334 4218 ⁸
1366 4193 1651 4260 ὁμοούσιος
1678 4196 1785 4264 γὰρ

202 4274 280 4335 ὡς
313 4273 459 4335 Υἱός.

282 4366 490 4419 AAAO.
553 4366 626 4418 T6
668 4370 767 4438 τῆς
795 4371 1025 4439 πατριᾶς
1072 4370 1188 4439 ἦτοι
1230 4373 1566 4443 πατρότητος
1611 4375 1781 4445 ὄνομα

201 4457 302 4509 οὐκ
340 4457 400 4520 ἐξ
431 4460 462 4526 ἡ
473 4459 588 4527 μῶν
612 4458 723 4528 ἔχει
746 4457 877 4523 Θεὸς
898 4499 912 4523 ,
960 4460 1073 4513 ἀλλ’
1104 4462 1264 4531 ἡμεῖς
1298 4464 1499 4534 μᾶλλον
1528 4466 1584 4531 ἐξ
1615 4467 1776 4520 αὐτοῦ

1905 3282 2175 3351 siquidem
2226 3284 2301 3338 sit
2351 3286 2669 3343 substantiae
2712 3287 2951 3358 fructus,
2995 3308 3115 3363 qua:
3158 3295 3469 3354 nullatenus

1903 3371 2048 3425 inse
2091 3372 2273 3428 minus
2312 3375 2582 3446 suscipit?
2607 3377 2820 3435 Cuncta
2868 3382 3014 3436 enim
3063 3383 3302 3453 perfecte
3345 3400 3472 3442 sunt

1902 3462 1954 3515 in
1994 3461 2120 3516 Deo.
2155 3464 2310 3529 Quod
2353 3466 2397 3520 si
2428 3481 2538 3521 non
2578 3478 2719 3525 este
2790 3473 3105 3529 substantia
3142 3475 3345 3541 Patris,
3377 3494 3473 3534 ne-
3552 3498 3559 3504 ·

1898 3566 2004 3620 que
2056 3551 2230 3608 Filius
2274 3565 2363 3610 est
2406 3557 2593 3627 igitur,
2632 3561 2728 3617 sed
2774 3578 2998 3632 spurius
3036 3567 3203 3623 veluti
3249 3568 3471 3639 quidam

1897 3661 1962 3699 ac
1994 3646 2113 3700 falsi
2146 3649 2405 3706 nominis.
2438 3652 2543 3710 Sed
2577 3671 2754 3728 neque
2786 3657 2947 3716 Pater
2978 3662 3098 3733 ipse
3118 3663 3285 3721 Pater
3313 3666 3467 3737 juste

1896 3751 1958 3790 ac
1984 3754 2110 3793 vere
2140 3751 2365 3796 vocetur
2402 3762 2413 3798 :
2448 3746 2494 3799 si
2524 3747 2669 3801 enim
2698 3747 2871 3807 Filius
2898 3767 3012 3808 non
3046 3763 3129 3810 est
3160 3759 3465 3814 secundum

1893 3836 2149 3882 naturam
2183 3842 2411 3901 propter
2454 3851 2616 3905 quem
2656 3840 2727 3893 sit
2757 3839 2953 3908 Pater,
2987 3847 3263 3915 quomodo
3302 3840 3469 3905 Pater

1892 3919 2271 3990 intelligatur?
2307 3922 2415 3981 Sed
2445 3927 2547 3983 hoc
2589 3929 2910 3990 absurdum.
2961 3935 3055 3993 Est
3087 3948 3271 3995 autem
3303 3940 3466 3996 Pater

1892 4026 2051 4065 verus
2105 4012 2247 4070 Deus
2294 4015 2420 4086 (hoc
2467 4021 2614 4075 enim
2664 4024 2869 4095 ubique
2922 4027 3222 4099 Scripturae
3266 4034 3463 4090 divina:

1887 4103 2222 4174 clamitant),
2256 4107 2424 4165 Filius
2464 4128 2594 4182 ergo
2628 4123 2711 4170 est
2732 4118 2892 4185 plane
2927 4121 3018 4189 qui
3053 4138 3117 4176 ex
3150 4124 3268 4194 ipso
3303 4135 3461 4182 natu-

1886 4194 2095 4250 raliter.
2129 4196 2285 4262 Quod
2333 4202 2378 4254 si
2414 4200 2609 4268 Filius,
2647 4220 2757 4261 non
2803 4224 2933 4279 ergo
2976 4214 3173 4268 minor.
3206 4215 3459 4273 Consub-

1884 4287 2165 4342 staiitialis
2203 4291 2347 4343 enim
2390 4301 2475 4347 est
2512 4304 2704 4364 utpote
2743 4296 2938 4355 Filius.

1951 4375 2183 4432 ALIUD.
2220 4376 2574 4435 Paternitatis
2621 4399 2821 4440 nomen
2856 4403 2970 4443 non
3014 4390 3176 4448 habet
3213 4393 3354 4453 Deus
3388 4413 3455 4453 ex

1881 4467 2063 4527 nobis.
2099 4468 2192 4523 sed
2231 4484 2334 4524 nos
2371 4472 2552 4540 potius
2594 4475 2664 4529 ab
2699 4475 2819 4545 ipso
2857 4481 3138 4551 accepisse
3176 4484 3446 4542 videmur.

200 4544 460 4607 λαὸόντες
492 4544 764 4615 ὁρώμεθα.
805 4548 999 4611 Πιστὸς
1027 4550 1083 4601 δὲ
1115 4551 1142 4601 6
1175 4550 1332 4618 λόγος
1363 4553 1577 4605 Παύλου
1610 4552 1769 4622 βοῶνκ

1902 4558 2087 4614 Fidelis
2133 4562 2336 4631 quippe
2387 4570 2471 4617 est
2518 4544 2907 4624 sermoiPauli
2947 4544 3236 4633 clamantis
3273 4596 3286 4632 :
3324 4596 3343 4630 ι
3376 4578 3451 4633 Ex

198 4654 288 4700 τος
328 4636 459 4689 ὡδί·
496 4654 514 4687 ι
557 4638 643 4703 Ἐξ
680 4632 740 4691 οὗ
789 4642 936 4692 πᾶσα
994 4643 1194 4713 πατριά
1238 4643 1294 4695 ἔν
1328 4661 1385 4695 τε
1423 4645 1633 4716 οὐρανῷ
1684 4648 1777 4700 καὶ

196 4731 286 4781 ἐπὶ
324 4730 427 4798 γῆς
474 4729 817 4798 ὀνομάζεται.
853 4750 870 4781 ι
936 4733 1147 4805 Ἐπειδὴ
1193 4736 1249 4787 δὲ
1281 4736 1414 4799 Θεὸς
1454 4737 1513 4789 τὸ
1558 4738 1774 4791 πάντων

192 4821 307 4871 ἐστι
342 4819 717 4889 πρεσϐύτατον
740 4859 754 4883 ,
802 4824 944 4876 κατὰ
991 4826 1222 4895 μίμησιν
1254 4826 1496 4896 δηλονότι
1538 4827 1773 4897 πατέρες

193 4910 377 4976 ἡμεῖς,
398 4909 447 4959 οἱ
480 4907 615 4976 πρὸς
643 4907 705 4961 τὸ
732 4910 939 4963 ἐκείνου
990 4914 1173 4982 σχῆμα
1203 4913 1289 4966 διὰ
1320 4913 1413 4966 τοῦ
1444 4915 1771 4984 πεποιῆσθαι

192 4999 314 5049 κατ’
344 4996 552 5061 εἰκόνα,
580 4999 924 5069 κεκλημένοι.
954 4997 1087 5056 Εἶτα
1120 5003 1258 5069 πῶς,
1288 5005 1409 5057 εῖπέ
1440 5022 1547 5073 μοι,
1586 5006 1771 5059 λοιπὸν

188 5091 234 5140 oi
269 5087 397 5140 καθ’
442 5088 699 5158 ὁμοίωσιν
728 5091 1009 5158 γεγονότες
1038 5094 1212 5164 αὐτῷ,
1246 5097 1383 5149 κατά
1414 5097 1577 5164 φύσιν
1599 5099 1767 5167 ἐσμὲν

187 5178 298 5230 τῶν
323 5178 539 5230 οἰκείων
576 5181 779 5233 τέκνων
809 5182 1040 5253 πατέρες
1063 5224 1077 5247 ,
1128 5188 1176 5238 εί
1209 5186 1282 5257 μὴ
1319 5188 1575 5258 πρόσεστι
1609 5189 1763 5242 τοῦτο

186 5273 248 5339 τῇ
289 5268 584 5339 ἀρχετύπῳ
635 5272 834 5335 εἰκόνι,
890 5274 1024 5343 πρὸς
1066 5278 1131 5346 ἢν
1165 5280 1257 5331 καὶ
1307 5279 1757 5351 μεμορφώμεθας

190 5359 315 5422 Πῶς
360 5361 391 5412 6
445 5360 511 5413 ἂν
554 5360 689 5423 ὅλως
729 5364 790 5416 τὸ
831 5365 929 5435 τῆς
969 5372 1204 5439 πατριᾶς
1251 5372 1369 5439 ἦτοι
1428 5373 1765 5442 πατρότητος

185 5450 358 5519 δνομα
408 5452 503 5501 καὶ
530 5454 609 5515 εἰς
653 5454 778 5517 τοὺς
810 5455 1001 5520 ἄλλους
1041 5460 1262 5529 ἐκϐῆναι
1296 5462 1443 5533 παρὰ
1485 5463 1621 5516 Θεοῦ
1649 5464 1764 5534 δοίη

185 5555 265 5602 τι,
298 5540 393 5602 ἃν,
443 5540 497 5592 εἴ
524 5557 586 5608 γε
611 5542 778 5607 ὄντως
806 5546 904 5599 οὐκ
930 5548 1045 5602 ἔστι
1081 5552 1269 5623 Πατήρ
1292 5569 1305 5617 ;
1353 5553 1606 5608 Φαίνεται
1633 5557 1761 5628 γὰρ,

185 5626 249 5678 ἂν
293 5627 468 5689 οὕτως
516 5628 648 5700 ἔχῃ,
691 5634 968 5699 παντελῶς
1008 5638 1425 5711 ἀνεστραμμένη
1473 5644 1573 5697 τοῦ
1621 5626 1763 5716 πρά-

186 5734 390 5786 γματος
417 5722 450 5791 ἡ
482 5720 643 5789 φύσις
664 5761 679 5786 ,
719 5724 876 5794 ἡμεῖς
901 5725 955 5780 δὲ
988 5729 1186 5798 μᾶλλον
1221 5733 1368 5802 αὐτῷ
1408 5734 1528 5787 καθ’
1561 5735 1761 5804 ὁμοίω-

286 5829 333 5862 ⁸⁸
364 5829 562 5899 Ephes.
587 5848 667 5897 ιιι,
710 5834 795 5889 15.

1884 4666 1991 4721 quo
2023 4652 2204 4705 omnis
2245 4655 2547 4721 paternitas
2579 4655 2633 4710 in
2660 4658 2817 4715 cmlis
2847 4671 2899 4716 et
2929 4662 2981 4717 in
3014 4672 3159 4719 terra
3197 4668 3452 4723 nomina-

1882 4749 1969 4794 tur
2001 4739 2071 4795 ⁸⁵.
2103 4759 2119 4791 ι
2157 4742 2296 4795 Cum
2355 4753 2534 4797 autem
2577 4745 2717 4802 Deus
2753 4749 2823 4805 sit
2879 4766 2967 4808 res
3006 4757 3251 4812 omnium
3306 4762 3450 4814 anti-

1879 4832 2173 4900 quissima,
2209 4832 2518 4890 imitatione
2575 4838 2816 4907 quadam
2847 4852 2901 4897 et
2944 4847 3305 4907 similitudine
3346 4870 3449 4911 nos

1882 4930 2065 4991 patres
2102 4924 2463 4992 appellamur,
2503 4931 2647 4998 quod
2702 4932 2770 4986 ad
2817 4934 2938 5003 ejus
2980 4936 3273 5009 imaginem
3317 4945 3447 5000 facti

1871 5027 2082 5067 sumus.
2108 5016 2175 5065 At
2210 5018 2506 5083 quomodo,
2538 5036 2745 5089 quaeso,
2766 5024 2832 5077 ad
2866 5025 2985 5094 ejus
3020 5027 3152 5084 facti
3180 5032 3442 5090 similitu-

1868 5099 2046 5154 dinem
2079 5110 2398 5157 nostrorum
2434 5105 2670 5162 filiorum
2701 5117 2885 5179 patres
2919 5129 3113 5173 sumus
3140 5123 3439 5178 secundum

1865 5201 2142 5255 naturam,
2174 5193 2219 5248 si
2266 5198 2589 5267 exemplari,
2625 5202 2783 5271 cujus
2825 5205 3129 5267 imitatione
3174 5213 3227 5268 id
3267 5215 3437 5272 habe-

1864 5282 2132 5348 mus,hoc
2168 5299 2276 5339 non
2311 5286 2488 5341 inest?
2520 5288 2809 5354 Quomodo
2834 5296 3068 5369 denique
3089 5305 3434 5369 paternitatis

1867 5388 2065 5427 nomen
2091 5374 2256 5427 etiam
2289 5376 2354 5429 ad
2384 5378 2521 5432 alios
2540 5396 2566 5431 a
2595 5380 2703 5437 Deo
2728 5400 3057 5454 permanare
3080 5394 3432 5461 concedetur,

1866 5466 1911 5519 si
1947 5465 2108 5519 Pater
2128 5454 2266 5521 vere
2290 5484 2398 5522 non
2433 5473 2556 5525 est9
2582 5472 2715 5529 Nam
2751 5477 2799 5532 si
2828 5478 2902 5532 ita
2934 5496 2993 5535 se
3030 5481 3215 5551 habet,
3242 5500 3432 5543 eversa

1868 5572 2095 5625 prorsus
2129 5559 2347 5615 videtur
2386 5562 2461 5617 rei
2505 5575 2724 5632 natura,
2754 5576 2809 5624 et
2834 5586 2933 5627 nos
2960 5574 3009 5628 ei
3034 5573 3212 5632 Patris
3247 5581 3434 5648 appel-

1863 5650 2123 5705 lationem
2164 5652 2230 5707 ad
2271 5654 2687 5713 similitudinem
2722 5672 2967 5719 nostram
3006 5670 3188 5736 potius
3228 5673 3435 5728 tribue-

1867 5756 2010 5804 mus,
2047 5757 2211 5813 quam
2241 5745 2359 5815 ipse
2383 5748 2564 5803 nobis.
2593 5750 2707 5808 Hoc
2738 5756 2883 5811 enim
2914 5760 3056 5815 ratio
3085 5761 3243 5819 fateri
3272 5775 3432 5835 coget
