4214 6502
227 434 300 489 49
1306 431 1369 487 IN
1408 431 1688 489 JOANNIS
1720 433 2166 494 EVANGELIUM
2214 436 2341 493 LIB.
2382 423 2450 493 I.‘
3412 450 3479 505 so

224 558 318 605 νος
344 560 354 569 ·
390 540 421 611 ἢ
453 540 613 613 εἴπερ
650 542 798 598 ἐστὶν
822 546 879 599 ὲν
902 547 1309 620 ἀκαταλήπτοις
1340 552 1431 605 καὶ
1458 552 1789 626 ἀνεκμετρή-

1862 583 1874 618 ι
1904 555 2186 626 praeditus,
2215 565 2269 612 et
2304 567 2505 612 nostrae
2552 557 2749 613 mentis
2777 563 2997 628 captum
3047 558 3278 615 multum
3320 576 3475 618 exce-

220 650 339 695 τοις
382 636 410 687 6
441 635 630 705 Πατὴρ
674 636 919 704 ἀγαθοῖς,
967 640 1060 694 καὶ
1100 640 1233 694 πολὺ
1276 644 1337 695 τὸ
1380 646 1479 714 τῆς
1533 645 1805 714 ἡμετέρας

221 722 466 785 διανοίας
486 724 842 795 ἀνατρέχουσι
866 728 1069 800 μέτρον
1088 769 1103 793 ,
1126 731 1290 783 πόθεν
1309 732 1568 787 ἐλάττονα
1589 734 1805 804 λέγουσι

221 812 316 865 τὸν
359 812 488 865 Υίὸν
536 816 584 867 oi
637 818 815 871 πάντα
861 820 1170 890 τολμῶντες
1222 823 1453 895 ἑτοίμως
1504 826 1802 897 Ἀρειανοὶ,

224 902 366 972 πρὸς
417 904 729 979 ἀνατροπὴν
776 908 871 963 τοῦ
922 913 1215 983 προσόντος
1263 916 1412 971 αὑτῶ
1458 917 1599 971 κατά
1645 918 1804 987 φύσιν

221 993 570 1065 ἀξιώματος
630 999 942 1071 Ἐλέγχεται
971 1004 1079 1074 γάρ
1118 1005 1544 1077 ἀντιπαραθέσει
1570 1012 1635 1080 τῇ
1667 1008 1804 1081 πρὸς

222 1084 286 1136 τὸ
318 1089 504 1155 μεῖζον
554 1090 614 1142 τὸ
651 1090 905 1148 ἔλαττον.
955 1096 1053 1149 οὑκ
1101 1098 1550 1170 ἐκμετρουμένης
1589 1100 1645 1154 δὲ
1705 1102 1803 1173 τῆς

221 1174 384 1240 ἀξίας
410 1178 501 1231 τοῦ
526 1181 756 1253 Πατρὸς,
784 1183 910 1238 ποία
942 1184 1104 1252 δεῖξις
1138 1188 1195 1243 ὲν
1223 1189 1339 1260 Υίῷ
1362 1189 1455 1243 τοῦ
1489 1193 1803 1265 μειονεκτή-

224 1281 400 1333 ματος
421 1286 435 1334 ;

293 1402 501 1456 ΑΛΛΟ.
562 1404 682 1458 Ἐπὶ
718 1410 782 1477 τῇ
826 1409 1074 1484 βδελυρίᾳ
1108 1414 1216 1468 τῶν
1247 1415 1476 1470 ἀνοσίων
1512 1421 1801 1487 αίρετικῶν

219 1490 434 1554 ἔξεστιν
478 1492 645 1557 ὅντως
688 1499 860 1552 είπνῖν
897 1501 1262 1571 ἀληθεύοντας
1370 1524 1389 1557 ι
1418 1508 1482 1559 Οί
1531 1508 1587 1560 δὲ
1619 1509 1801 1579 ἐχθροὶ

222 1580 385 1681 ημῶν
407 1584 649 1681 ἀνόητοι.
682 1607 699 1639 ι
765 1591 890 1653 Πῶς
920 1592 1028 1663 γὰρ
1056 1594 1156 1648 οὑκ
1197 1594 1262 1648 ἂν
1302 1594 1412 1650 εἷεν
1446 1598 1626 1681 πάσης
1657 1602 1799 1669 ἀμαι

226 1671 351 1736 θίας
395 1675 680 1749 ἀνάπλεῳ,
721 1698 738 1729 ι
774 1682 846 1750 μὴ
894 1683 1095 1747 είδότες
1134 1688 1271 1757 μήτε
1306 1686 1341 1741 ἃ
1369 1671 1622 1756 λέγουσι’,
1664 1693 1798 1762 μήτε

218 1765 352 1833 περὶ
380 1765 540 1819 τίνων
561 1768 1021 1839 διαότϐαιοῦνται,
1057 1794 1076 1826 ι
1111 1776 1366 1851 καθάπερ
1397 1781 1424 1832 6
1449 1781 1659 1844 Παῦλὸς
1692 1802 1796 1853 φη-

216 1873 303 1909 σιν
356 1858 518 1911 Ὄτου
564 1860 619 1913 δὲ
658 1862 721 1934 δὴ
764 1865 923 1935 χάριν
949 1868 1309 1940 ἐπισκήπτειν
1351 1872 1533 1936 αὑτοῖς
1576 1875 1800 1945 οἰόμεθα

211 1950 349 2010 δεῖν.
381 1951 556 2005 ἐκεῖνό
596 1955 745 2007 ἐστιν
825 1958 885 2009 Εί
930 1959 1072 2013 κατὰ
1116 1961 1376 2033 ἀλήθειαν
1408 1963 1540 2019 Θεὸν
1566 1968 1631 2020 ὲκ
1664 1968 1798 2023 Θεοῦ

211 2041 307 2095 τοῦ
346 2044 559 2115 Πατρὸς
588 2049 945 2119 γεγεννῆσθαι
975 2052 1192 2120 λέγουσι
1219 2053 1311 2107 τὸν
1336 2056 1491 2121 Υίὸν,
1530 2076 1623 2112 και
1657 2059 1800 2114 οὑτω

213 2136 567 2200 πιστεύουσι,
626 2138 744 2201 πῶς
769 2141 1008 2195 ἐλάττων
1049 2145 1165 2197 ἐστὶ
1193 2164 1285 2198 του
1317 2149 1566 2221 Πατρός;
1622 2151 1799 2223 Πολλὴ

210 2226 325 2295 γάρ
354 2227 602 2281 ἐντεῦθεν
630 2231 1060 2304 ἀποτεχθήσεται
1086 2235 1364 2306 λογισμῶν
1386 2239 1617 2307 ἀτοπία,
1658 2260 1797 2296 παν-

207 2319 353 2390 ταχῆ
387 2320 448 2373 τὸ
473 2320 752 2393 δύσφημον
792 2325 991 2395 ἔχουσα
1015 2369 1029 2393 ,
1085 2330 1179 2381 καὶ¹
1229 2331 1436 2401 ὅσαπερ
1486 2333 1551 2387 ἄν
1592 2353 1673 2399 τις
1706 2339 1799 2392 καὶ

212 2410 379 2479 μόνον
404 2413 633 2467 ἀκοῦσαι
660 2420 1079 2490 παραιτήσεται.
1108 2423 1169 2475 Εἰ
1198 2424 1306 2494 γάρ
1336 2425 1472 2489 ὸλως
1504 2428 1635 2491 Θεὸς
1658 2431 1797 2483 κατά

208 2501 377 2568 φύσιν
424 2504 682 2576 ὑπάρχων
712 2510 741 2562 6
780 2510 906 2574 Υίὸς
933 2513 1236 2581 ὲπιδέζεται
1280 2519 1421 2571 κατά
1467 2537 1520 2572 τι
1550 2521 1678 2586 γοῦν
1709 2510 1794 2590 ἐφ’

207 2593 393 2664 ἑαυτῷ
414 2595 475 2647 τὸ
510 2597 749 2664 ἔλαττον,
795 2602 1006 2673 ἀνάγκη
1036 2604 1223 2659 λοιπὸν
1242 2607 1463 2673 ἐννοεῖν,
1491 2609 1566 2672 ὡς
1601 2611 1715 2664 ἔστι
1742 2630 1794 2664 τι

210 2683 402 2751 μεῖζον
432 2685 587 2740 Θεοῦ.
637 2691 845 2745 Οὐκοῦν
876 2693 974 2745 οὑκ
1001 2696 1058 2746 ὲν
1091 2696 1387 2768 τελειότητι
1426 2702 1488 2770 τῇ
1522 2703 1663 2756 κατὰ
1688 2706 1795 2757 πᾶν

204 2773 386 2825 ὁτιοῦν
416 2776 448 2843 ἡ
478 2776 571 2828 τοῦ
602 2778 814 2848 Πατρὸς
839 2781 993 2833 οὑσία
1018 2785 1253 2849 νοεῖται,
1301 2786 1403 2838 κᾶν
1438 2788 1655 2860 ὑπάρχῃ
1695 2791 1792 2858 φύ-

207 2880 291 2914 σει
330 2865 463 2928 Θεός
489 2882 503 2896 ⁸
539 2870 801 2939 προκόψει
831 2870 887 2923 δέ
926 2890 1017 2925 ποι
1061 2874 1151 2926 καὶ
1187 2876 1349 2939 αὐτὸς
1378 2878 1469 2930 ὲπὶ
1500 2879 1558 2930 τὸ
1586 2880 1787 2949 μεῖζον,

203 2953 586 3024 ἐλεγχόμενος,
620 2958 806 3030 ῶσπερ
840 2963 1008 3015 είκόνι
1031 2963 1108 3033 τῷ
1142 2965 1275 3035 Υίῷ,
1312 2967 1393 3019 ὅτι
1431 2968 1535 3038 πέρ
1564 2971 1791 3023 ἐστικαὶ

202 3045 368 3108 αὐτὸς
400 3048 500 3115 τῆς
531 3049 592 3100 τὸ
630 3050 852 3104 ἔλαττον
880 3055 1270 3127 ἐπιδεχομένης
1302 3059 1509 3123 οὐσίας.
1565 3061 1788 3132 Φορέσει

202 3136 258 3187 δὲ
285 3137 417 3189 αὑτὸ
445 3138 692 3209 δυνάμει,
726 3144 817 3195 καὶ
844 3146 891 3196 εί
926 3146 998 3215 μή
1031 3163 1117 3198 πω
1150 3149 1491 3220 πεφόρεγεν·
1531 3153 1650 3204 ἐπει
1682 3169 1786 3224 περ

201 3226 271 3276 τὰ
301 3225 525 3281 δεκτικά
548 3247 690 3292 τινος
719 3232 868 3299 ὄντα,
886 3234 1091 3299 δέξεται
1115 3237 1331 3301 πάντως
1362 3239 1456 3292 καὶ
1481 3240 1548 3293 τὰ
1566 3236 1639 3295 ὧν
1669 3244 1782 3296 ἐστι

200 3317 448 3381 δεκτικὰ,
481 3321 573 3373 καὶ
600 3323 789 3392 καιροῦ
816 3326 1106 3391 καλουντος
1138 3332 1217 3392 είς
1246 3330 1305 3383 τὸ
1331 3333 1519 3386 παθεῖν
1553 3337 1611 3388 οὐ
1642 3354 1775 3406 παρ-

200 3409 505 3476 αιτήσεται.
569 3412 728 3465 Ἀλλά
762 3415 929 3486 πολλή
978 3435 1061 3480 τις
1101 3420 1158 3471 ὲν
1190 3420 1401 3484 τούτοις
1442 3424 1783 3494 ἡδυσφημία

200 3500 473 3564 φαίνεται.
531 3502 667 3556 Οὑτε
698 3504 804 3575 γὰρ
844 3508 1176 3578 προϐήσεταί
1204 3529 1295 3564 ποι
1326 3513 1464 3583 πρὸς
1507 3514 1567 3567 τὸ
1598 3516 1783 3585 μεῖζον

199 3592 227 3640 6
264 3593 483 3663 Πατὴρ,
538 3595 651 3647 ἀλλ’
697 3598 908 3651 οὐδὲτὸ
949 3600 1169 3655 ἔλαττον
1213 3604 1538 3670 ὲπιδέξεται,
1587 3607 1675 3659 διὰ
1722 3608 1782 3660 τὸ

200 3679 339 3737 εἶναι
371 3686 510 3739 κατά
540 3686 700 3754 φύσιν
726 3688 877 3751 Θεός.
900 3691 1107 3745 Οὐκοῦν
1129 3694 1188 3746 τὸ
1214 3695 1433 3749 ἔλαττον
1460 3697 1576 3750 οὑδὲ
1607 3700 1634 3751 6
1655 3698 1781 3761 Υἱὸς

198 3775 284 3838 ἐφ’
320 3776 498 3846 ἑαυτῷ
537 3779 933 3845 καταδέξεται,
983 3783 1114 3847 Θεὸς
1166 3786 1262 3838 καὶ
1308 3789 1470 3851 αὐτὸς
1522 3790 1781 3861 ὑπάρχων

200 3867 342 3919 κατά
374 3867 557 3935 φύσιν,
587 3870 674 3923 ἵνα
700 3870 775 3941 μὴ
804 3876 900 3941 τῆς
926 3875 1187 3929 ἀνωτάτω
1217 3879 1407 3931 πασῶν
1437 3880 1626 3945 οὐσίας
1646 3899 1779 3935 κατ-

194 3957 456 4027 ηγόρημα
484 3961 670 4031 νοῆται
716 3961 777 4014 τὸ
803 3960 863 4027 ἐξ
899 3964 1137 4035 ἀμαθίας
1178 3967 1287 4022 τῶν
1336 3971 1625 4041 αίρετικῶν
1658 3975 1780 4026 ἐπι-

206 4048 400 4116 νοηθὲν
436 4050 705 4120 ῥημάτιον

266 4198 473 4253 ΔΛΛΟ.
505 4201 566 4253 Ei
594 4200 723 4265 Υἱὸς
749 4202 886 4255 κατά
915 4202 1075 4272 φύσιν
1102 4206 1362 4279 ὑπάρχων
1393 4211 1487 4264 τοῦ
1517 4212 1654 4267 Θεοῦ
1685 4215 1781 4270 καὶ

198 4290 416 4360 Πατρὸς
443 4291 471 4343 6
520 4292 577 4358 ὲξ
626 4293 789 4346 αὑτοῦ
822 4295 995 4363 Λόγος
1027 4297 1264 4353 ἐλάττων
1307 4303 1453 4355 ἐστιν
1482 4304 1647 4359 αὑτοῦ
1670 4347 1684 4371 ,
1743 4309 1775 4378 ἢ

198 4381 342 4432 κατά
386 4380 477 4433 τὸν
507 4382 608 4451 τῆς
635 4383 972 4455 θεοπρεποῦς
1014 4387 1171 4452 ἀξίας
1211 4390 1403 4459 λόγον,
1457 4392 1593 4462 ἢὼς
1639 4398 1779 4449 κατά

197 4466 362 4534 φύσιν
389 4469 491 4522 οὑκ
526 4469 663 4540 ἔχων
690 4473 1149 4555 ἀπαραλλάκτως,
1199 4477 1231 4548 ἢ
1260 4481 1401 4534 κατά
1436 4498 1489 4533 τι
1516 4483 1647 4550 γοῦν
1671 4485 1778 4539 τῶν

197 4562 255 4614 ἐν
296 4564 417 4628 τοῖς
463 4568 894 4638 μειονεκτήμασι
928 4570 1165 4641 τρόπων,
1201 4574 1301 4626 οὑκ
1326 4576 1492 4629 αὑτοῦ
1523 4577 1777 4635 τοσοῦτον

197 4653 352 4742 ἔσται
377 4654 440 4707 τὸ
468 4658 830 4730 κατηγόρημα
860 4661 1087 4729 μᾶλλον,
1138 4664 1261 4717 ὅσον
1289 4666 1389 4735 τῆς
1421 4668 1609 4730 οὐσίας
1632 4668 1688 4735 ἐξ
1710 4666 1777 4742 ἦς

197 4740 336 4797 εἶναι
366 4746 722 4801 πεπίστευται
816 4751 972 4823 εἴπερ
1011 4752 1147 4815 ὅλως
1178 4754 1238 4807 τὸ
1266 4754 1486 4810 ἔλαττον
1507 4797 1521 4821 ,
1573 4760 1691 4830 ἦτοι
1718 4763 1778 4815 τὸ

198 4838 403 4906 χεῖρον,
426 4838 501 4899 ὡς
530 4837 665 4908 πρὸς
693 4839 865 4893 αὑτὸν
894 4842 1245 4912 ἀπογεννῶσα
1273 4847 1518 4914 φαίνεται
1538 4891 1553 4915 ,
1602 4852 1780 4905 καίτοι

200 4926 300 4993 τῆς
332 4926 570 4994 γενητῆς
602 4928 695 4980 καὶ¹
731 4932 1103 5004 πεποιημένης
1131 4935 1230 4988 οὑκ
1256 4937 1593 5010 ἀνεχομένης
1621 4942 1777 4996 τοῦτο

196 5016 416 5068 παθεῖν.
476 5018 660 5071 Τίκτει
707 5020 813 5091 γὰρ
856 5024 1074 5088 πάντως
1101 5026 1161 5078 τὸ
1206 5027 1389 5098 ὅμοιον
1439 5031 1618 5101 ἑαυτῷ
1668 5035 1777 5086 πᾶν

197 5107 332 5175 ’ὅπερ
378 5107 495 5158 ἐστὶ
534 5112 889 5179 καρπογόνον.
943 5114 1004 5166 Εἰ
1053 5117 1109 5169 δὲ
1154 5117 1264 5170 ἄνω
1310 5122 1512 5185 παντὸς
1567 5125 1779 5179 κεῖσθαι

194 5196 404 5286 πάθους
434 5197 531 5267 τὴν
561 5199 710 5255 θείαν
747 5203 842 5256 τοῦ
874 5207 1085 5279 Πατρὸς
1120 5208 1306 5279 ἐροῦσι
1339 5210 1522 5280 φύσιν,
1558 5216 1662 5281 ἔξω
1688 5216 1767 5286 δη.

194 5285 373 5340 λονότι
405 5290 500 5342 καὶ
529 5290 748 5358 τῆς“ὲπὶ
774 5295 927 5350 τοῦτο
956 5302 1292 5371 κατηγορίας
1316 5305 1589 5370 κείσεται,
1616 5307 1691 5370 ὡς
1721 5285 1777 5359 δὲ

194 5378 509 5446 ἀρχέτυπος
536 5375 671 5434 οὖσα
701 5383 807 5437 τῶν
854 5387 911 5438 ὲν
945 5389 1078 5457 ἡμῖν
1106 5391 1327 5459 ἀγαθῶν
1352 5434 1364 5458 ,
1395 5395 1494 5447 οὑκ
1523 5396 1778 5451 ἐλάττονα

193 5468 287 5519 τὸν
333 5468 467 5521 Υίὸν
507 5471 862 5538 ἀποτέξεται,
912 5479 1025 5532 ἀλλ’
1053 5476 1168 5534 ἶσόν
1202 5501 1259 5536 τε
1318 5486 1410 5537 καὶ
1459 5487 1765 5556 ὀμοούσιον,

198 5557 385 5701 ῖναᾶμὴ
408 5561 500 5613 καὶ
521 5563 675 5631 ἡμῶν
697 5566 1139 5643 ἀπολιμπάνηται
1159 5574 1288 5639 Θεὸς
1310 5576 1337 5629 6
1359 5577 1607 5633 τοσοῦτον
1638 5580 1777 5652 ὑπὲρ

202 5653 279 5701 ἠυ.
324 5668 367 5701 :.

202 5653 367 5717 aea;

304 5828 347 5858 ⁸⁷
386 5827 563 5886 lTiIn.
606 5847 643 5896 t,
671 5832 720 5889 7.

1909 646 2168 702 dentibus
2197 690 2213 715 ,
2260 648 2534 703 undenam
2578 649 2847 704 minorem
2884 650 3078 704 dicunt
3112 666 3232 705 esse
3280 650 3478 707 Filium

1906 739 1999 806 qui
2049 738 2233 791 omnia
2282 747 2483 794 temere
2525 739 2729 793 audent
2770 740 2980 806 Ariani,
3013 740 3080 795 ad
3122 740 3477 797 evertendam

1905 838 2028 892 quae
2049 839 2099 877 ei
2135 825 2458 878 naturaliter
2485 826 2631 880 inest
2672 824 3034 895 dignitatem?
3057 827 3479 898 Comparatione

1906 913 2014 983 26
2039 928 2187 967 enim
2231 914 2458 984 majoris
2489 916 2671 973 minus
2708 918 3006 973 innotescit
3032 936 3045 971 :
3072 916 3251 975 Patris
3292 927 3473 975 autem

1906 1004 2227 1075 dignitatem
2262 1012 2395 1061 ‘non
2445 1008 2699 1079 dimensi,
2735 1011 3009 1081 quomodo
3056 1010 3473 1067 diminutionem

1904 1096 2208 1155 ostendetis
2233 1097 2285 1153 in
2311 1095 2481 1154 Filio?

1971 1406 2200 1462 ALIUD.
2249 1406 2321 1463 De
2381 1407 2705 1463 exsecrahin
2760 1412 3037 1476 .mptetate
3091 1408 3471 1463 haereticorum

1904 1505 2051 1552 certe
2082 1506 2135 1552 et
2150 1514 2213 1552 ex
2252 1498 2327 1553 rei
2357 1499 2585 1554 veritate
2614 1498 2798 1554 dicere
2820 1513 3117 1567 possumus
3150 1517 3162 1529 ·
3200 1517 3217 1551 ι
3261 1498 3471 1554 Inimici

1904 1592 2078 1639 nostri
2125 1587 2322 1639 insani.
2368 1607 2385 1638 ι
2429 1586 2715 1651 Quomodo
2746 1588 2890 1641 enim
2946 1602 3094 1641 omni
3132 1602 3331 1657 genere
3376 1587 3471 1642 deo

1903 1676 2119 1727 mentim
2148 1691 2255 1728 non
2286 1676 2427 1744 pleni
2456 1677 2588 1738 sint,
2620 1678 2712 1745 qui
2748 1695 2767 1727 ι
2806 1692 2979 1746 neque
3000 1693 3121 1746 qua:
3148 1679 3467 1748 loquuntur,

1892 1779 2077 1832 neque
2126 1764 2193 1818 de
2239 1765 2438 1834 quibus
2473 1765 2744 1819 atlirmant
2773 1766 2785 1818 i
2814 1766 3124 1837 ntelligunt?
3164 1786 3182 1819 ι
3217 1769 3475 1837 quemad-

1901 1855 2120 1908 modum
2151 1855 2355 1910 Paulus
2404 1857 2481 1910 ait
2515 1858 2583 1909 ⁵⁷.
2611 1856 2791 1912 Causa
2824 1867 3005 1914 autem
3054 1870 3277 1930 propter
3304 1875 3469 1930 quam

1833 1940 1873 1993 Β
1902 1943 2023 1998 illos
2058 1945 2537 2014 reprehendendos
2581 1955 2863 2017 putamus,
2898 1964 2961 2003 ea
2995 1958 3115 2003 est:
3146 1948 3205 2003 Si
3249 1965 3309 2003 re
3340 1964 3470 2005 vera

1903 2033 2071 2089 Deum
2119 2052 2183 2091 ex
2229 2037 2337 2093 Deo
2370 2038 2531 2095 Patre
2575 2042 2819 2110 genitum
2854 2057 2977 2097 esse
3015 2042 3208 2096 dicunt
3246 2041 3467 2107 Filium,

1901 2135 2062 2197 atque
2115 2129 2190 2182 ita
2249 2132 2507 2195 credunt,
2554 2134 2833 2203 quomodo
2888 2148 3070 2187 llllllOl‘
3134 2141 3221 2187 est
3269 2132 3469 2187 Patre?

1900 2216 2038 2272 llinc
2090 2220 2235 2273 enim
2292 2222 2533 2290 prodibit
2582 2224 2751 2277 multa
2803 2224 3078 2277 rationum
3128 2222 3466 2288 absurditas,

1900 2318 2120 2366 scatens
2174 2311 2377 2382 ubique
2418 2315 2802 2385 blasphemiis,
2844 2325 2899 2372 et
2938 2330 3075 2385 quas
3126 2330 3293 2370 aures
3324 2316 3468 2371 refu-

1896 2402 2067 2472 giant.
2102 2402 2234 2457 Nam
2271 2405 2317 2459 si
2360 2405 2499 2462 Deus
2534 2408 2832 2463 secundum
2891 2416 3145 2463 naturam
3209 2420 3337 2461 cum
3392 2409 3468 2463 sit

1896 2492 2089 2561 Filius,
2130 2497 2531 2565 quadamtenus
2577 2500 2631 2552 in
2678 2515 2737 2556 se
2769 2499 2952 2554 minus
3004 2500 3209 2569 capiat,
3238 2515 3466 2557 necesse

1895 2594 1983 2641 est
2044 2588 2263 2643 tandem
2319 2590 2564 2660 cogitare
2630 2590 2836 2661 aliquid
2910 2606 3035 2647 esse
3092 2592 3270 2662 majus
3333 2591 3464 2646 Deo.

1896 2675 2065 2746 Igitur
2117 2695 2227 2733 non
2285 2681 2338 2733 in
2408 2683 2743 2751 perfectione
2780 2684 3105 2739 vomnimoda
3156 2685 3463 2741 substantia

1895 2769 2079 2826 Patris
2114 2772 2437 2841 tntelltgitur
2465 2788 2610 2838 esse,
2636 2776 2888 2843 quamvis
2917 2783 3114 2829 natura
3157 2785 3229 2833 δη
3266 2776 3407 2830 Deus
3445 2795 3459 2830 :

1893 2861 1988 2916 sed
2038 2863 2154 2931 ipse
2189 2880 2410 2934 quoque
2446 2866 2500 2918 in
2534 2867 2713 2935 majus
2761 2866 3029 2936 proﬁciet,
3062 2867 3115 2921 in
3146 2866 3286 2921 Filio
3320 2869 3463 2921 sicut

1893 2953 2129 3022 imagine
2196 2958 2493 3011 ostendens
2564 2972 2625 3010 se
2686 2972 2904 3026 quoque
2960 2973 3083 3013 esse
3148 2958 3462 3013 substantia

1890 3046 2176 3114 praaditum
2210 3062 2330 3116 qua:
2361 3048 2542 3102 minus
2570 3049 2822 3116 suscipit.
2848 3048 2965 3102 Hoc
3000 3058 3181 3102 autem
3216 3049 3459 3118 potentia

1890 3136 2047 3199 feret,
2083 3138 2209 3192 licet
2253 3139 2432 3193 adhuc
2478 3155 2585 3193 non
2635 3140 2824 3193 tulerit
2859 3158 2873 3194 :
2906 3154 3032 3193 nam
3066 3156 3187 3209 qua:
3220 3140 3460 3209 alicujus

1888 3238 2014 3280 sunt
2048 3228 2293 3297 capacia,
2336 3243 2398 3282 ea
2450 3231 2640 3299 utique
2693 3230 2993 3299 sascipient
3044 3244 3281 3299 quorum
3330 3238 3460 3285 sunt

1888 3319 2133 3387 capacia,
2168 3327 2221 3373 et
2254 3328 2499 3389 tempore
2521 3322 2586 3374 ad
2620 3321 3032 3390 suscipiendum
3065 3332 3320 3386 vocante,
3347 3337 3456 3377 non

1886 3412 2242 3466 recusabunt.
2274 3412 2377 3467 Sed
2415 3413 2582 3467 multa
2620 3413 2674 3467 in
2710 3413 2795 3469 his
2827 3413 3161 3482 blasphemia
3189 3415 3452 3469 cernitur.

1884 3501 2073 3571 Neque
2123 3503 2269 3559 enim
2311 3506 2366 3559 in
2402 3505 2581 3575 majus
2624 3502 2790 3558 Pater
2824 3505 3009 3573 utique
3056 3506 3451 3575 progredictur,

1884 3596 1980 3651 sed
2030 3612 2131 3651 nec
2185 3597 2369 3651 minus
2412 3596 2695 3663 suscipiet,
2743 3606 3025 3667 propterea
3071 3597 3214 3667 quod
3260 3612 3452 3652 secun-

1883 3688 2012 3743 dum
2070 3697 2325 3742 naturam
2393 3698 2476 3744 est
2523 3687 2689 3743 Deus.
2742 3687 2884 3758 Ergo
2940 3704 3115 3757 neque
3174 3686 3349 3744 Filius
3398 3690 3452 3743 in

1883 3781 2069 3849 seipse
2108 3782 2292 3836 minus
2325 3781 2585 3850 accipiet,
2621 3780 2765 3835 Deus
2805 3794 2930 3834 cum
2979 3781 3051 3835 sit
3084 3781 3199 3850 ipse
3236 3796 3455 3850 quoque

1882 3872 2189 3927 secundum
2218 3884 2494 3937 naturam,
2531 3888 2599 3927 ne
2637 3885 2950 3941 supremam
2990 3872 3235 3926 omnium
3266 3886 3452 3927 essen-

1882 3964 2017 4018 tiam
2076 3965 2271 4019 laedere
2325 3974 2618 4020 censeatur
2675 3964 2766 4017 illa
2819 3978 2884 4018 ex
2942 3963 3457 4020 hasreticorumwe-

1881 4055 2070 4111 cordia
2103 4058 2410 4127 excogitata
2442 4058 2655 4113 vocula.

1952 4214 2183 4270 ALIUD.
2229 4213 2287 4269 Si
2354 4213 2527 4271 Filius
2591 4213 2896 4270 secundum
2965 4221 3219 4269 naturam
3293 4226 3448 4268 suam

1881 4306 2157 4362 exsistens
2218 4303 2310 4359 Dei
2366 4319 2429 4359 ac
2461 4303 2640 4360 Patris
2681 4305 2942 4369 Verbum,
2990 4305 3170 4359 minus
3215 4311 3299 4360 est
3347 4318 3447 4365 eo.

1881 4399 1995 4453 sive
2044 4397 2244 4451 divinae
2297 4397 2601 4465 majestatis
2649 4396 2883 4461 ratione,
2920 4396 3034 4451 sive
3059 4395 3215 4465 quod
3248 4410 3448 4451 secun-

1880 4488 2008 4543 dum
2050 4496 2302 4542 naturam
2352 4502 2507 4543 suam
2560 4501 2669 4542 non
2717 4488 2892 4556 possit
2921 4501 3044 4543 esse
3076 4485 3236 4558 plane
3278 4486 3445 4545 idem,

1882 4587 1975 4633 aut
2015 4587 2165 4633 certe
2207 4578 2315 4633 alio
2384 4580 2580 4647 quovis
2641 4578 3023 4632 diminutionis
3094 4578 3292 4642 modo,
3338 4591 3449 4632 non

1880 4679 1989 4723 tam
2023 4670 2068 4724 is
2118 4668 2378 4731 laedetur,
2427 4684 2593 4738 quam
2642 4683 2706 4723 ea
2750 4683 2817 4722 ex
2881 4682 2988 4736 qua
3041 4667 3287 4724 creditur
3325 4682 3451 4723 esse

1879 4760 2231 4824 substantia,
2280 4760 2550 4829 siquidem
2608 4775 2720 4814 rem
2784 4759 2966 4829 scipso
3028 4773 3294 4814 minorem
3353 4767 3449 4813 aut

1876 4853 2209 4909 deteriorem
2267 4867 2488 4922 gignere
2550 4852 2790 4918 videtur,
2836 4853 2960 4907 licet
3013 4851 3068 4906 Id
3134 4861 3321 4908 creata
3394 4860 3450 4906 et

1876 4945 2021 5000 facta
2071 4945 2384 5000 substantia
2440 4960 2549 4999 non
2611 4943 2771 4999 ferat.
2798 4944 2983 5014 Gignit
3019 4946 3165 5000 enim
3219 4960 3448 5013 prorsus

1876 5038 1978 5092 sibi
2014 5037 2211 5101 simile,
2239 5036 2613 5107 quodcunque
2673 5035 3018 5090 fruetiferum
3062 5042 3165 5090 est.
3199 5035 3358 5101 Quod
3400 5037 3446 5090 si

1874 5143 2021 5182 omni
2078 5128 2333 5197 passione
2390 5127 2729 5195 superiorem
2790 5141 2911 5181 esse
2966 5127 3151 5181 dicent
3205 5126 3445 5181 divinam

1875 5217 2052 5272 Patris
2102 5226 2378 5279 naturam,
2434 5232 2632 5287 expers
2690 5218 2879 5286 utique
2929 5217 3076 5270 illius
3130 5214 3270 5271 labis
3314 5214 3443 5276 erit,

1876 5322 2110 5376 cumque
2168 5307 2493 5376 primigenia
2548 5308 2620 5361 sit
2668 5307 2915 5360 omnium
2968 5306 3127 5360 nobis
3172 5305 3443 5362 bonorum

1876 5400 1981 5468 27
2045 5400 2307 5462 essentia,
2354 5414 2461 5452 non
2534 5399 2798 5453 minorem
2848 5400 3043 5468 gignet,
3079 5397 3299 5462 Filium,
3344 5396 3441 5452 sed

1874 5491 2135 5562 aequalem
2185 5500 2239 5546 et
2283 5491 2831 5551 consubstantialem,
2871 5506 2937 5545 ne
2988 5490 3153 5554 Deus,
3200 5488 3291 5560 qui
3326 5497 3444 5545 tan-

1874 5592 2061 5653 topere
2094 5598 2194 5639 nos
2225 5583 2461 5649 excedit,
2498 5582 2657 5641 nobis
2694 5598 2913 5654 quoque
2943 5583 3014 5640 sit
3053 5581 3299 5641 inferior.
