  <div class='ocr_page' id='page_1' title='image "/cluster/home/n/w/nwhite01/storage/ocr_20150623/73/nnc1.0046980245/036.png"; bbox 0 0 4214 6502; ppageno 0'>
   <div class='ocr_carea' id='block_1_1' title="bbox 199 344 3468 429">
    <p class='ocr_par' dir='ltr' id='par_1_1' title="bbox 199 344 3468 429">
     <span class='ocr_line' id='line_1_1' title="bbox 199 344 3468 429; baseline 0.009 -28"><span class='ocrx_word' id='word_1_1' title='bbox 199 344 275 401; x_wconf 79' lang='lat'><strong>53</strong></span> <span class='ocrx_word' id='word_1_2' title='bbox 1292 349 1357 407; x_wconf 82' lang='lat' dir='ltr'><strong>IN</strong></span> <span class='ocrx_word' id='word_1_3' title='bbox 1383 350 1666 408; x_wconf 80' lang='lat' dir='ltr'><strong>JOANNIS</strong></span> <span class='ocrx_word' id='word_1_4' title='bbox 1704 353 2156 415; x_wconf 77' lang='lat' dir='ltr'><strong>EVANGELIUM</strong></span> <span class='ocrx_word' id='word_1_5' title='bbox 2194 361 2322 417; x_wconf 87' lang='lat' dir='ltr'><strong>LIB.</strong></span> <span class='ocrx_word' id='word_1_6' title='bbox 2368 364 2406 419; x_wconf 90' lang='lat' dir='ltr'><strong>l.</strong></span> <span class='ocrx_word' id='word_1_7' title='bbox 3401 376 3468 429; x_wconf 68' lang='grc'><strong>54</strong></span> 
     </span>
    </p>
   </div>
   <div class='ocr_carea' id='block_1_2' title="bbox 201 456 1771 564">
    <p class='ocr_par' dir='ltr' id='par_1_2' title="bbox 201 456 1771 538">
     <span class='ocr_line' id='line_1_2' title="bbox 201 456 1771 538; baseline 0.008 -27"><span class='ocrx_word' id='word_1_8' title='bbox 201 460 325 512; x_wconf 82' lang='grc' dir='ltr'>λύον</span> <span class='ocrx_word' id='word_1_9' title='bbox 356 456 422 529; x_wconf 75' lang='grc' dir='ltr'>ἧν</span> <span class='ocrx_word' id='word_1_10' title='bbox 455 464 589 526; x_wconf 84' lang='grc' dir='ltr'>ὅλως</span> <span class='ocrx_word' id='word_1_11' title='bbox 617 463 787 528; x_wconf 83' lang='grc' dir='ltr'>οὐδὲν,</span> <span class='ocrx_word' id='word_1_12' title='bbox 819 466 959 535; x_wconf 75' lang='grc' dir='ltr'>ἔχων</span> <span class='ocrx_word' id='word_1_13' title='bbox 987 467 1044 520; x_wconf 89' lang='grc' dir='ltr'><strong>δέ</strong></span> <span class='ocrx_word' id='word_1_14' title='bbox 1069 467 1168 538; x_wconf 85' lang='grc' dir='ltr'>τὴν</span> <span class='ocrx_word' id='word_1_15' title='bbox 1197 468 1465 537; x_wconf 79' lang='grc' dir='ltr'>ἐξουσίαν,</span> <span class='ocrx_word' id='word_1_16' title='bbox 1496 472 1589 524; x_wconf 68' lang='grc' dir='ltr'><strong>καλ⁵</strong></span> <span class='ocrx_word' id='word_1_17' title='bbox 1610 472 1771 536; x_wconf 82' lang='grc' dir='ltr'>εἰδὼς</span> 
     </span>
    </p>
   </div>
   <div class='ocr_carea' id='block_1_3' title="bbox 1875 456 3471 564">
    <p class='ocr_par' dir='ltr' id='par_1_3' title="bbox 1890 478 3471 564">
     <span class='ocr_line' id='line_1_3' title="bbox 1890 478 3471 564; baseline 0.013 -35"><span class='ocrx_word' id='word_1_18' title='bbox 1890 478 2157 545; x_wconf 74' lang='lat' dir='ltr'><strong>:equaieni</strong></span> <span class='ocrx_word' id='word_1_19' title='bbox 2195 482 2464 551; x_wconf 74' lang='lat' dir='ltr'><strong>gigneret,</strong></span> <span class='ocrx_word' id='word_1_20' title='bbox 2518 484 2782 541; x_wconf 86' lang='lat' dir='ltr'><strong>minorem</strong></span> <span class='ocrx_word' id='word_1_21' title='bbox 2844 487 3057 551; x_wconf 87' lang='lat' dir='ltr'><strong>maluit,</strong></span> <span class='ocrx_word' id='word_1_22' title='bbox 3100 490 3302 546; x_wconf 81' lang='lat' dir='ltr'><strong>invidia</strong></span> <span class='ocrx_word' id='word_1_23' title='bbox 3341 508 3471 564; x_wconf 83' lang='lat' dir='ltr'><strong>ergo</strong></span> 
     </span>
    </p>
   </div>
   <div class='ocr_carea' id='block_1_4' title="bbox 200 552 1782 634">
    <p class='ocr_par' dir='ltr' id='par_1_4' title="bbox 200 552 1782 634">
     <span class='ocr_line' id='line_1_4' title="bbox 200 552 1782 634; baseline 0.011 -32"><span class='ocrx_word' id='word_1_24' title='bbox 200 552 283 603; x_wconf 86' lang='grc' dir='ltr'>ὃτι</span> <span class='ocrx_word' id='word_1_25' title='bbox 313 552 527 606; x_wconf 74' lang='grc' dir='ltr'>κάλλιόν</span> <span class='ocrx_word' id='word_1_26' title='bbox 567 556 683 608; x_wconf 91' lang='grc' dir='ltr'>ἐστι</span> <span class='ocrx_word' id='word_1_27' title='bbox 716 559 972 629; x_wconf 85' lang='grc' dir='ltr'>γεννῆσαι</span> <span class='ocrx_word' id='word_1_28' title='bbox 1005 559 1098 612; x_wconf 80' lang='grc' dir='ltr'>τὸν</span> <span class='ocrx_word' id='word_1_29' title='bbox 1131 556 1279 624; x_wconf 76' lang='grc' dir='ltr'>ἴσον,</span> <span class='ocrx_word' id='word_1_30' title='bbox 1332 560 1657 634; x_wconf 79' lang='grc' dir='ltr'>βεϐούληται</span> <span class='ocrx_word' id='word_1_31' title='bbox 1692 566 1782 618; x_wconf 87' lang='grc' dir='ltr'>τὸν</span> 
     </span>
    </p>
   </div>
   <div class='ocr_carea' id='block_1_5' title="bbox 200 643 1784 724">
    <p class='ocr_par' dir='ltr' id='par_1_5' title="bbox 200 643 1784 724">
     <span class='ocr_line' id='line_1_5' title="bbox 200 643 1784 724; baseline 0.01 -31"><span class='ocrx_word' id='word_1_32' title='bbox 200 643 481 710; x_wconf 82' lang='grc' dir='ltr'>ἐλάττονα,</span> <span class='ocrx_word' id='word_1_33' title='bbox 544 646 735 714; x_wconf 84' lang='grc' dir='ltr'>φθόνος</span> <span class='ocrx_word' id='word_1_34' title='bbox 785 650 893 719; x_wconf 83' lang='grc' dir='ltr'><strong>ἀρα</strong></span> <span class='ocrx_word' id='word_1_35' title='bbox 941 650 1069 721; x_wconf 77' lang='grc' dir='ltr'>περὶ</span> <span class='ocrx_word' id='word_1_36' title='bbox 1136 650 1300 705; x_wconf 76' lang='grc' dir='ltr'>αὐτὸν</span> <span class='ocrx_word' id='word_1_37' title='bbox 1374 654 1468 706; x_wconf 79' lang='grc' dir='ltr'>καὶ</span> <span class='ocrx_word' id='word_1_38' title='bbox 1518 654 1784 724; x_wconf 80' lang='grc' dir='ltr'>βασκανία</span> 
     </span>
    </p>
   </div>
   <div class='ocr_carea' id='block_1_6' title="bbox 200 733 1783 814">
    <p class='ocr_par' dir='ltr' id='par_1_6' title="bbox 200 733 1783 814">
     <span class='ocr_line' id='line_1_6' title="bbox 200 733 1783 814; baseline 0.012 -32"><span class='ocrx_word' id='word_1_39' title='bbox 200 733 469 803; x_wconf 80' lang='grc' dir='ltr'><strong>γενομένη</strong></span> <span class='ocrx_word' id='word_1_40' title='bbox 520 737 767 806; x_wconf 86' lang='grc' dir='ltr'>φαίνεται</span> <span class='ocrx_word' id='word_1_41' title='bbox 791 754 806 769; x_wconf 71' lang='grc' dir='ltr'><strong>ο</strong></span> <span class='ocrx_word' id='word_1_42' title='bbox 863 741 925 793; x_wconf 88' lang='grc' dir='ltr'><strong>ού</strong></span> <span class='ocrx_word' id='word_1_43' title='bbox 960 741 1069 814; x_wconf 87' lang='grc' dir='ltr'><strong>γάρ</strong></span> <span class='ocrx_word' id='word_1_44' title='bbox 1104 742 1370 814; x_wconf 73' lang='grc' dir='ltr'>ἠθέλησεν</span> <span class='ocrx_word' id='word_1_45' title='bbox 1399 744 1691 800; x_wconf 87' lang='grc' dir='ltr'>ἀποδοῦναι</span> <span class='ocrx_word' id='word_1_46' title='bbox 1722 749 1783 801; x_wconf 88' lang='grc' dir='ltr'>τὸ</span> 
     </span>
    </p>
   </div>
   <div class='ocr_carea' id='block_1_7' title="bbox 196 821 1782 910">
    <p class='ocr_par' dir='ltr' id='par_1_7' title="bbox 196 821 1782 910">
     <span class='ocr_line' id='line_1_7' title="bbox 196 821 1782 910; baseline 0.012 -35"><span class='ocrx_word' id='word_1_47' title='bbox 196 821 314 877; x_wconf 72' lang='grc' dir='ltr'>ἴσον</span> <span class='ocrx_word' id='word_1_48' title='bbox 338 826 416 897; x_wconf 83' lang='grc' dir='ltr'>τῷ</span> <span class='ocrx_word' id='word_1_49' title='bbox 444 827 573 898; x_wconf 83' lang='grc' dir='ltr'><strong>Υἰῷ.</strong></span> <span class='ocrx_word' id='word_1_50' title='bbox 607 832 679 884; x_wconf 84' lang='grc' dir='ltr'><strong>’Ἡ</strong></span> <span class='ocrx_word' id='word_1_51' title='bbox 704 832 883 887; x_wconf 80' lang='grc' dir='ltr'>τοίνυν</span> <span class='ocrx_word' id='word_1_52' title='bbox 903 835 1225 907; x_wconf 85' lang='grc' dir='ltr'><strong>ἀδυνατήσει</strong></span> <span class='ocrx_word' id='word_1_53' title='bbox 1254 838 1381 908; x_wconf 76' lang='grc' dir='ltr'>περὶ</span> <span class='ocrx_word' id='word_1_54' title='bbox 1406 838 1503 909; x_wconf 83' lang='grc' dir='ltr'>τὴν</span> <span class='ocrx_word' id='word_1_55' title='bbox 1531 839 1782 910; x_wconf 78' lang='grc' dir='ltr'>γέννησιν</span> 
     </span>
    </p>
   </div>
   <div class='ocr_carea' id='block_1_8' title="bbox 197 918 1780 992">
    <p class='ocr_par' dir='ltr' id='par_1_8' title="bbox 197 918 1780 992">
     <span class='ocr_line' id='line_1_8' title="bbox 197 918 1780 992; baseline 0.011 -24"><span class='ocrx_word' id='word_1_56' title='bbox 197 919 225 968; x_wconf 98' lang='lat'><strong>6</strong></span> <span class='ocrx_word' id='word_1_57' title='bbox 260 918 471 991; x_wconf 81' lang='grc' dir='ltr'>Πατὴρ,</span> <span class='ocrx_word' id='word_1_58' title='bbox 517 921 550 991; x_wconf 81' lang='grc' dir='ltr'>ἢ</span> <span class='ocrx_word' id='word_1_59' title='bbox 586 922 855 992; x_wconf 82' lang='grc' dir='ltr'>βάσκανος</span> <span class='ocrx_word' id='word_1_60' title='bbox 882 926 1037 981; x_wconf 79' lang='grc' dir='ltr'>ἔσται</span> <span class='ocrx_word' id='word_1_61' title='bbox 1072 928 1213 982; x_wconf 81' lang='grc' dir='ltr'>κατὰ</span> <span class='ocrx_word' id='word_1_62' title='bbox 1253 929 1316 982; x_wconf 82' lang='grc' dir='ltr'>τὸ</span> <span class='ocrx_word' id='word_1_63' title='bbox 1356 930 1418 982; x_wconf 64' lang='grc' dir='ltr'><strong>ιτ</strong></span> <span class='ocrx_word' id='word_1_64' title='bbox 1454 931 1562 983; x_wconf 84' lang='grc' dir='ltr'>τῶν</span> <span class='ocrx_word' id='word_1_65' title='bbox 1592 932 1780 985; x_wconf 74' lang='grc' dir='ltr'><strong>συλλο⁴</strong></span> 
     </span>
    </p>
   </div>
   <div class='ocr_carea' id='block_1_9' title="bbox 197 1011 1781 1091">
    <p class='ocr_par' dir='ltr' id='par_1_9' title="bbox 197 1011 1781 1091">
     <span class='ocr_line' id='line_1_9' title="bbox 197 1011 1781 1091; baseline 0.01 -31"><span class='ocrx_word' id='word_1_66' title='bbox 197 1011 414 1079; x_wconf 84' lang='grc' dir='ltr'>γισμῶν</span> <span class='ocrx_word' id='word_1_67' title='bbox 445 1016 809 1082; x_wconf 85' lang='grc' dir='ltr'>συναγόμενον</span> <span class='ocrx_word' id='word_1_68' title='bbox 856 1017 1142 1090; x_wconf 85' lang='grc' dir='ltr'>θεώρημα,</span> <span class='ocrx_word' id='word_1_69' title='bbox 1180 1020 1247 1073; x_wconf 87' lang='grc' dir='ltr'>ἂν</span> <span class='ocrx_word' id='word_1_70' title='bbox 1279 1022 1377 1091; x_wconf 76' lang='grc' dir='ltr'><strong>ἔχῃ</strong></span> <span class='ocrx_word' id='word_1_71' title='bbox 1410 1020 1472 1074; x_wconf 88' lang='grc' dir='ltr'><strong>τδ</strong></span> <span class='ocrx_word' id='word_1_72' title='bbox 1505 1022 1723 1076; x_wconf 74' lang='grc' dir='ltr'>ἔλαττον</span> <span class='ocrx_word' id='word_1_73' title='bbox 1753 1025 1781 1077; x_wconf 92' lang='lat'><strong>6</strong></span> 
     </span>
    </p>
   </div>
   <div class='ocr_carea' id='block_1_10' title="bbox 199 1100 1745 1174">
    <p class='ocr_par' dir='ltr' id='par_1_10' title="bbox 199 1100 1745 1174">
     <span class='ocr_line' id='line_1_10' title="bbox 199 1100 1745 1174; baseline 0.011 -23"><span class='ocrx_word' id='word_1_74' title='bbox 199 1100 327 1163; x_wconf 73' lang='grc' dir='ltr'>Υἱὸς</span> <span class='ocrx_word' id='word_1_75' title='bbox 362 1104 502 1157; x_wconf 85' lang='grc' dir='ltr'><strong>κατά</strong></span> <span class='ocrx_word' id='word_1_76' title='bbox 546 1106 637 1159; x_wconf 86' lang='grc' dir='ltr'>τὸν</span> <span class='ocrx_word' id='word_1_77' title='bbox 668 1108 891 1161; x_wconf 77' lang='grc' dir='ltr'>ἐκείνων</span> <span class='ocrx_word' id='word_1_78' title='bbox 931 1110 1108 1174; x_wconf 85' lang='grc' dir='ltr'>λόγον.</span> <span class='ocrx_word' id='word_1_79' title='bbox 1166 1112 1327 1166; x_wconf 84' lang='grc' dir='ltr'>Ἀλλά</span> <span class='ocrx_word' id='word_1_80' title='bbox 1356 1112 1515 1167; x_wconf 89' lang='grc' dir='ltr'>τοῦτο</span> <span class='ocrx_word' id='word_1_81' title='bbox 1547 1114 1745 1168; x_wconf 80' lang='grc' dir='ltr'>ἄτοπον</span> 
     </span>
    </p>
   </div>
   <div class='ocr_carea' id='block_1_11' title="bbox 194 1194 1775 1276">
    <p class='ocr_par' dir='ltr' id='par_1_11' title="bbox 194 1194 1775 1276">
     <span class='ocr_line' id='line_1_11' title="bbox 194 1194 1775 1276; baseline 0.009 -31"><span class='ocrx_word' id='word_1_82' title='bbox 194 1194 310 1246; x_wconf 85' lang='grc' dir='ltr'>ἄνω</span> <span class='ocrx_word' id='word_1_83' title='bbox 341 1195 449 1266; x_wconf 86' lang='grc' dir='ltr'>γὰρ</span> <span class='ocrx_word' id='word_1_84' title='bbox 480 1196 687 1261; x_wconf 81' lang='grc' dir='ltr'>πάθους</span> <span class='ocrx_word' id='word_1_85' title='bbox 718 1202 918 1263; x_wconf 85' lang='grc' dir='ltr'>παντὸς</span> <span class='ocrx_word' id='word_1_86' title='bbox 945 1203 977 1272; x_wconf 88' lang='grc' dir='ltr'><strong>ή</strong></span> <span class='ocrx_word' id='word_1_87' title='bbox 1008 1202 1128 1256; x_wconf 85' lang='grc' dir='ltr'>Θεία</span> <span class='ocrx_word' id='word_1_88' title='bbox 1162 1204 1255 1256; x_wconf 74' lang='grc' dir='ltr'>καὶ</span> <span class='ocrx_word' id='word_1_89' title='bbox 1284 1204 1560 1276; x_wconf 82' lang='grc' dir='ltr'>ἀκήρατος</span> <span class='ocrx_word' id='word_1_90' title='bbox 1596 1205 1775 1275; x_wconf 83' lang='grc' dir='ltr'>φύσις.</span> 
     </span>
    </p>
   </div>
   <div class='ocr_carea' id='block_1_12' title="bbox 193 1285 1776 1367">
    <p class='ocr_par' dir='ltr' id='par_1_12' title="bbox 193 1285 1776 1367">
     <span class='ocr_line' id='line_1_12' title="bbox 193 1285 1776 1367; baseline 0.009 -32"><span class='ocrx_word' id='word_1_91' title='bbox 193 1285 410 1337; x_wconf 80' lang='grc' dir='ltr'>Οὐκοῦν</span> <span class='ocrx_word' id='word_1_92' title='bbox 435 1288 534 1340; x_wconf 84' lang='grc' dir='ltr'>οὐκ</span> <span class='ocrx_word' id='word_1_93' title='bbox 558 1289 797 1343; x_wconf 84' lang='grc' dir='ltr'>ἐλάττων</span> <span class='ocrx_word' id='word_1_94' title='bbox 828 1292 856 1342; x_wconf 91' lang='lat'><strong>6</strong></span> <span class='ocrx_word' id='word_1_95' title='bbox 887 1291 1034 1356; x_wconf 77' lang='grc' dir='ltr'>Υἱὸς,</span> <span class='ocrx_word' id='word_1_96' title='bbox 1066 1293 1152 1347; x_wconf 81' lang='grc' dir='ltr'>ἵνα</span> <span class='ocrx_word' id='word_1_97' title='bbox 1179 1293 1253 1365; x_wconf 87' lang='grc' dir='ltr'>μὴ</span> <span class='ocrx_word' id='word_1_98' title='bbox 1280 1294 1340 1346; x_wconf 85' lang='grc' dir='ltr'>τὸ</span> <span class='ocrx_word' id='word_1_99' title='bbox 1372 1291 1487 1348; x_wconf 81' lang='grc' dir='ltr'>ῐσον</span> <span class='ocrx_word' id='word_1_100' title='bbox 1514 1296 1776 1367; x_wconf 81' lang='grc' dir='ltr'><strong>ἀπολέσῃ,</strong></span> 
     </span>
    </p>
   </div>
   <div class='ocr_carea' id='block_1_13' title="bbox 195 1374 1779 1456">
    <p class='ocr_par' dir='ltr' id='par_1_13' title="bbox 195 1374 1779 1456">
     <span class='ocr_line' id='line_1_13' title="bbox 195 1374 1779 1456; baseline 0.009 -31"><span class='ocrx_word' id='word_1_101' title='bbox 195 1374 316 1427; x_wconf 79' lang='grc' dir='ltr'>κατ’</span> <span class='ocrx_word' id='word_1_102' title='bbox 348 1378 537 1431; x_wconf 74' lang='grc' dir='ltr'>οὐδένα</span> <span class='ocrx_word' id='word_1_103' title='bbox 572 1380 772 1450; x_wconf 85' lang='grc' dir='ltr'>τρόπον</span> <span class='ocrx_word' id='word_1_104' title='bbox 801 1382 1161 1452; x_wconf 86' lang='grc' dir='ltr'>ἀτονήσαντος</span> <span class='ocrx_word' id='word_1_105' title='bbox 1191 1383 1285 1436; x_wconf 91' lang='grc' dir='ltr'><strong>τοῦ</strong></span> <span class='ocrx_word' id='word_1_106' title='bbox 1323 1385 1535 1456; x_wconf 80' lang='grc' dir='ltr'>Πατρὸς</span> <span class='ocrx_word' id='word_1_107' title='bbox 1562 1387 1687 1454; x_wconf 83' lang='grc' dir='ltr'>περὶ</span> <span class='ocrx_word' id='word_1_108' title='bbox 1718 1386 1779 1439; x_wconf 83' lang='grc' dir='ltr'>τὸ</span> 
     </span>
    </p>
   </div>
   <div class='ocr_carea' id='block_1_14' title="bbox 193 1462 1777 1548">
    <p class='ocr_par' dir='ltr' id='par_1_14' title="bbox 193 1462 1777 1548">
     <span class='ocr_line' id='line_1_14' title="bbox 193 1462 1777 1548; baseline 0.009 -31"><span class='ocrx_word' id='word_1_109' title='bbox 193 1462 312 1518; x_wconf 75' lang='grc' dir='ltr'>ἴσον</span> <span class='ocrx_word' id='word_1_110' title='bbox 361 1470 554 1523; x_wconf 85' lang='grc' dir='ltr'>ἐαυτοῦ</span> <span class='ocrx_word' id='word_1_111' title='bbox 592 1473 848 1543; x_wconf 83' lang='grc' dir='ltr'>γεννῆσαι</span> <span class='ocrx_word' id='word_1_112' title='bbox 900 1473 989 1526; x_wconf 83' lang='grc' dir='ltr'>τὸν</span> <span class='ocrx_word' id='word_1_113' title='bbox 1034 1474 1092 1539; x_wconf 81' lang='grc' dir='ltr'>ἐξ</span> <span class='ocrx_word' id='word_1_114' title='bbox 1135 1476 1333 1538; x_wconf 84' lang='grc' dir='ltr'>αὑτοῦ,</span> <span class='ocrx_word' id='word_1_115' title='bbox 1387 1478 1523 1546; x_wconf 91' lang='grc' dir='ltr'>μήτε</span> <span class='ocrx_word' id='word_1_116' title='bbox 1559 1477 1665 1548; x_wconf 86' lang='grc' dir='ltr'>μὴν</span> <span class='ocrx_word' id='word_1_117' title='bbox 1712 1480 1777 1532; x_wconf 85' lang='grc' dir='ltr'><strong>ἐκ</strong></span> 
     </span>
    </p>
   </div>
   <div class='ocr_carea' id='block_1_15' title="bbox 192 1562 1643 1639">
    <p class='ocr_par' dir='ltr' id='par_1_15' title="bbox 192 1562 1643 1639">
     <span class='ocr_line' id='line_1_15' title="bbox 192 1562 1643 1639; baseline 0.008 -28"><span class='ocrx_word' id='word_1_118' title='bbox 192 1562 494 1625; x_wconf 73' lang='grc' dir='ltr'>βασκανίας</span> <span class='ocrx_word' id='word_1_119' title='bbox 525 1565 907 1635; x_wconf 83' lang='grc' dir='ltr'>κεκωλυμένου</span> <span class='ocrx_word' id='word_1_120' title='bbox 934 1566 995 1619; x_wconf 84' lang='grc' dir='ltr'>τὸ</span> <span class='ocrx_word' id='word_1_121' title='bbox 1026 1567 1282 1637; x_wconf 77' lang='grc' dir='ltr'>ἐθελῆσαι</span> <span class='ocrx_word' id='word_1_122' title='bbox 1314 1568 1372 1621; x_wconf 85' lang='grc' dir='ltr'>τὸ</span> <span class='ocrx_word' id='word_1_123' title='bbox 1402 1568 1643 1639; x_wconf 78' lang='grc' dir='ltr'>ἄμεινον.</span> 
     </span>
    </p>
   </div>
   <div class='ocr_carea' id='block_1_16' title="bbox 266 1654 1774 1731">
    <p class='ocr_par' dir='ltr' id='par_1_16' title="bbox 266 1654 1774 1731">
     <span class='ocr_line' id='line_1_16' title="bbox 266 1654 1774 1731; baseline 0.006 -27"><span class='ocrx_word' id='word_1_124' title='bbox 266 1654 473 1706; x_wconf 81' lang='grc' dir='ltr'><strong>ΑΛΛΟ.</strong></span> <span class='ocrx_word' id='word_1_125' title='bbox 505 1655 677 1718; x_wconf 79' lang='grc' dir='ltr'>Αὐτός</span> <span class='ocrx_word' id='word_1_126' title='bbox 706 1658 809 1709; x_wconf 86' lang='grc' dir='ltr'><strong>πού</strong></span> <span class='ocrx_word' id='word_1_127' title='bbox 843 1675 1008 1728; x_wconf 83' lang='grc' dir='ltr'>φησιν</span> <span class='ocrx_word' id='word_1_128' title='bbox 1035 1659 1299 1731; x_wconf 82' lang='grc' dir='ltr'>ὁΣωτὴρ,</span> <span class='ocrx_word' id='word_1_129' title='bbox 1330 1659 1405 1723; x_wconf 87' lang='grc' dir='ltr'>ὼς</span> <span class='ocrx_word' id='word_1_130' title='bbox 1432 1661 1516 1729; x_wconf 76' lang='grc' dir='ltr'>εἴη</span> <span class='ocrx_word' id='word_1_131' title='bbox 1551 1660 1650 1730; x_wconf 86' lang='grc' dir='ltr'>μὲν</span> <span class='ocrx_word' id='word_1_132' title='bbox 1676 1660 1774 1713; x_wconf 56' lang='grc' dir='ltr'>αύκ</span> 
     </span>
    </p>
   </div>
   <div class='ocr_carea' id='block_1_17' title="bbox 187 1743 1771 1821">
    <p class='ocr_par' dir='ltr' id='par_1_17' title="bbox 187 1743 1771 1821">
     <span class='ocr_line' id='line_1_17' title="bbox 187 1743 1771 1821; baseline 0.006 -28"><span class='ocrx_word' id='word_1_133' title='bbox 187 1743 280 1804; x_wconf 74' lang='grc' dir='ltr'><strong>τὸς</strong></span> <span class='ocrx_word' id='word_1_134' title='bbox 311 1746 369 1796; x_wconf 79' lang='grc' dir='ltr'><strong>ἐν</strong></span> <span class='ocrx_word' id='word_1_135' title='bbox 396 1746 593 1815; x_wconf 71' lang='grc' dir='ltr'>Πατρὶ,</span> <span class='ocrx_word' id='word_1_136' title='bbox 629 1749 717 1799; x_wconf 64' lang='grc' dir='ltr'>καὶ</span> <span class='ocrx_word' id='word_1_137' title='bbox 750 1750 776 1801; x_wconf 94' lang='lat'><strong>6</strong></span> <span class='ocrx_word' id='word_1_138' title='bbox 804 1750 991 1820; x_wconf 85' lang='grc' dir='ltr'>Πατὴρ</span> <span class='ocrx_word' id='word_1_139' title='bbox 1016 1750 1072 1803; x_wconf 87' lang='grc' dir='ltr'>δὲ</span> <span class='ocrx_word' id='word_1_140' title='bbox 1104 1751 1303 1820; x_wconf 88' lang='grc' dir='ltr'>ὁμοίως</span> <span class='ocrx_word' id='word_1_141' title='bbox 1337 1751 1394 1804; x_wconf 92' lang='grc' dir='ltr'><strong>ἐν</strong></span> <span class='ocrx_word' id='word_1_142' title='bbox 1422 1750 1589 1821; x_wconf 84' lang='grc' dir='ltr'>αύτῷ.</span> <span class='ocrx_word' id='word_1_143' title='bbox 1632 1750 1771 1804; x_wconf 83' lang='grc' dir='ltr'>Ἀλλ’</span> 
     </span>
    </p>
   </div>
   <div class='ocr_carea' id='block_1_18' title="bbox 1884 569 3469 652">
    <p class='ocr_par' dir='ltr' id='par_1_18' title="bbox 1884 569 3469 652">
     <span class='ocr_line' id='line_1_18' title="bbox 1884 569 3469 652; baseline 0.01 -30"><span class='ocrx_word' id='word_1_144' title='bbox 1884 578 1937 622; x_wconf 90' lang='lat' dir='ltr'><strong>et</strong></span> <span class='ocrx_word' id='word_1_145' title='bbox 1987 569 2160 626; x_wconf 80' lang='lat' dir='ltr'><strong>livore</strong></span> <span class='ocrx_word' id='word_1_146' title='bbox 2192 572 2389 630; x_wconf 90' lang='lat' dir='ltr'><strong>ductus</strong></span> <span class='ocrx_word' id='word_1_147' title='bbox 2420 576 2669 641; x_wconf 89' lang='lat' dir='ltr'><strong>videtur;</strong></span> <span class='ocrx_word' id='word_1_148' title='bbox 2710 578 2883 633; x_wconf 93' lang='lat' dir='ltr'><strong>noluit</strong></span> <span class='ocrx_word' id='word_1_149' title='bbox 2916 581 3061 635; x_wconf 92' lang='lat' dir='ltr'><strong>enim</strong></span> <span class='ocrx_word' id='word_1_150' title='bbox 3098 584 3469 652; x_wconf 74' lang='lat' dir='ltr'><strong>aequalitatem</strong></span> 
     </span>
    </p>
   </div>
   <div class='ocr_carea' id='block_1_19' title="bbox 1883 660 3472 744">
    <p class='ocr_par' dir='ltr' id='par_1_19' title="bbox 1883 660 3472 744">
     <span class='ocr_line' id='line_1_19' title="bbox 1883 660 3472 744; baseline 0.009 -29"><span class='ocrx_word' id='word_1_151' title='bbox 1883 661 2014 717; x_wconf 91' lang='lat' dir='ltr'><strong>dare</strong></span> <span class='ocrx_word' id='word_1_152' title='bbox 2039 660 2200 719; x_wconf 87' lang='lat' dir='ltr'><strong>Filio.</strong></span> <span class='ocrx_word' id='word_1_153' title='bbox 2236 665 2343 720; x_wconf 80' lang='lat' dir='ltr'><strong>Aut</strong></span> <span class='ocrx_word' id='word_1_154' title='bbox 2390 682 2521 738; x_wconf 83' lang='lat' dir='ltr'><strong>ergo</strong></span> <span class='ocrx_word' id='word_1_155' title='bbox 2553 671 2829 739; x_wconf 80' lang='lat' dir='ltr'><strong>impotens</strong></span> <span class='ocrx_word' id='word_1_156' title='bbox 2871 672 2976 727; x_wconf 89' lang='lat' dir='ltr'><strong>erit</strong></span> <span class='ocrx_word' id='word_1_157' title='bbox 3020 673 3076 727; x_wconf 91' lang='lat' dir='ltr'><strong>in</strong></span> <span class='ocrx_word' id='word_1_158' title='bbox 3113 676 3472 744; x_wconf 87' lang='lat' dir='ltr'><strong>generatione</strong></span> 
     </span>
    </p>
   </div>
   <div class='ocr_carea' id='block_1_20' title="bbox 1884 752 3469 836">
    <p class='ocr_par' dir='ltr' id='par_1_20' title="bbox 1884 752 3469 836">
     <span class='ocr_line' id='line_1_20' title="bbox 1884 752 3469 836; baseline 0.009 -30"><span class='ocrx_word' id='word_1_159' title='bbox 1884 752 2063 823; x_wconf 84' lang='lat' dir='ltr'><strong>Pater,</strong></span> <span class='ocrx_word' id='word_1_160' title='bbox 2086 766 2181 813; x_wconf 83' lang='lat' dir='ltr'><strong>aut</strong></span> <span class='ocrx_word' id='word_1_161' title='bbox 2209 757 2448 825; x_wconf 88' lang='lat' dir='ltr'><strong>invidus,</strong></span> <span class='ocrx_word' id='word_1_162' title='bbox 2470 767 2531 814; x_wconf 91' lang='lat' dir='ltr'><strong>ut</strong></span> <span class='ocrx_word' id='word_1_163' title='bbox 2559 777 2624 815; x_wconf 81' lang='lat' dir='ltr'><strong>ex</strong></span> <span class='ocrx_word' id='word_1_164' title='bbox 2653 766 3137 832; x_wconf 80' lang='lat' dir='ltr'><strong>argumentatione</strong></span> <span class='ocrx_word' id='word_1_165' title='bbox 3179 765 3469 836; x_wconf 88' lang='lat' dir='ltr'><strong>perspicue</strong></span> 
     </span>
    </p>
   </div>
   <div class='ocr_carea' id='block_1_21' title="bbox 1883 848 3463 919">
    <p class='ocr_par' dir='ltr' id='par_1_21' title="bbox 1883 848 3463 919">
     <span class='ocr_line' id='line_1_21' title="bbox 1883 848 3463 919; baseline 0.006 -19"><span class='ocrx_word' id='word_1_166' title='bbox 1883 848 2181 919; x_wconf 73' lang='lat' dir='ltr'><strong>colligitur,</strong></span> <span class='ocrx_word' id='word_1_167' title='bbox 2221 849 2286 916; x_wconf 68' lang='lat' dir='ltr'><strong>si}</strong></span> <span class='ocrx_word' id='word_1_168' title='bbox 2306 849 2488 905; x_wconf 83' lang='lat' dir='ltr'><strong>minus</strong></span> <span class='ocrx_word' id='word_1_169' title='bbox 2523 850 2723 907; x_wconf 87' lang='lat' dir='ltr'><strong>habeat</strong></span> <span class='ocrx_word' id='word_1_170' title='bbox 2753 852 2949 917; x_wconf 90' lang='lat' dir='ltr'><strong>Filius,</strong></span> <span class='ocrx_word' id='word_1_171' title='bbox 2988 862 3046 907; x_wconf 94' lang='lat' dir='ltr'><strong>ut</strong></span> <span class='ocrx_word' id='word_1_172' title='bbox 3078 854 3154 908; x_wconf 90' lang='lat' dir='ltr'><strong>illi</strong></span> <span class='ocrx_word' id='word_1_173' title='bbox 3186 864 3463 909; x_wconf 83' lang='lat' dir='ltr'><strong>asserunt.</strong></span> 
     </span>
    </p>
   </div>
   <div class='ocr_carea' id='block_1_22' title="bbox 1885 937 3467 1015">
    <p class='ocr_par' dir='ltr' id='par_1_22' title="bbox 1885 937 3467 1015">
     <span class='ocr_line' id='line_1_22' title="bbox 1885 937 3467 1015; baseline 0.004 -23"><span class='ocrx_word' id='word_1_174' title='bbox 1885 937 1990 993; x_wconf 88' lang='lat' dir='ltr'><strong>Sed</strong></span> <span class='ocrx_word' id='word_1_175' title='bbox 2040 939 2146 993; x_wconf 86' lang='lat' dir='ltr'><strong>hoc</strong></span> <span class='ocrx_word' id='word_1_176' title='bbox 2201 940 2503 996; x_wconf 84' lang='lat' dir='ltr'><strong>absurdum</strong></span> <span class='ocrx_word' id='word_1_177' title='bbox 2551 960 2563 996; x_wconf 93' lang='lat'>:</span> <span class='ocrx_word' id='word_1_178' title='bbox 2605 944 2787 1000; x_wconf 91' lang='lat' dir='ltr'><strong>omnis</strong></span> <span class='ocrx_word' id='word_1_179' title='bbox 2845 946 2990 1000; x_wconf 92' lang='lat' dir='ltr'><strong>enim</strong></span> <span class='ocrx_word' id='word_1_180' title='bbox 3059 945 3334 1015; x_wconf 81' lang='lat' dir='ltr'><strong>passionis</strong></span> <span class='ocrx_word' id='word_1_181' title='bbox 3381 951 3467 1001; x_wconf 87' lang='lat' dir='ltr'><strong>est</strong></span> 
     </span>
    </p>
   </div>
   <div class='ocr_carea' id='block_1_23' title="bbox 1881 1030 3466 1107">
    <p class='ocr_par' dir='ltr' id='par_1_23' title="bbox 1881 1030 3466 1107">
     <span class='ocr_line' id='line_1_23' title="bbox 1881 1030 3466 1107; baseline 0.003 -22"><span class='ocrx_word' id='word_1_182' title='bbox 1881 1044 2080 1101; x_wconf 81' lang='lat' dir='ltr'><strong>expers</strong></span> <span class='ocrx_word' id='word_1_183' title='bbox 2120 1030 2301 1087; x_wconf 88' lang='lat' dir='ltr'><strong>divina</strong></span> <span class='ocrx_word' id='word_1_184' title='bbox 2332 1041 2387 1088; x_wconf 91' lang='lat' dir='ltr'><strong>et</strong></span> <span class='ocrx_word' id='word_1_185' title='bbox 2421 1033 2752 1091; x_wconf 86' lang='lat' dir='ltr'><strong>immortalis</strong></span> <span class='ocrx_word' id='word_1_186' title='bbox 2784 1044 3002 1092; x_wconf 90' lang='lat' dir='ltr'><strong>natura.</strong></span> <span class='ocrx_word' id='word_1_187' title='bbox 3040 1035 3211 1107; x_wconf 85' lang='lat' dir='ltr'><strong>Igitur</strong></span> <span class='ocrx_word' id='word_1_188' title='bbox 3238 1052 3346 1091; x_wconf 93' lang='lat' dir='ltr'><strong>non</strong></span> <span class='ocrx_word' id='word_1_189' title='bbox 3380 1044 3466 1091; x_wconf 90' lang='lat' dir='ltr'><strong>est</strong></span> 
     </span>
    </p>
   </div>
   <div class='ocr_carea' id='block_1_24' title="bbox 1882 1122 3466 1197">
    <p class='ocr_par' dir='ltr' id='par_1_24' title="bbox 1882 1122 3466 1197">
     <span class='ocr_line' id='line_1_24' title="bbox 1882 1122 3466 1197; baseline 0.004 -21"><span class='ocrx_word' id='word_1_190' title='bbox 1882 1123 2061 1178; x_wconf 92' lang='lat' dir='ltr'><strong>minor</strong></span> <span class='ocrx_word' id='word_1_191' title='bbox 2108 1122 2305 1192; x_wconf 81' lang='lat' dir='ltr'><strong>Filius,</strong></span> <span class='ocrx_word' id='word_1_192' title='bbox 2346 1140 2415 1182; x_wconf 92' lang='lat' dir='ltr'><strong>ne</strong></span> <span class='ocrx_word' id='word_1_193' title='bbox 2473 1125 2837 1197; x_wconf 69' lang='lat' dir='ltr'><strong>aequalitatem</strong></span> <span class='ocrx_word' id='word_1_194' title='bbox 2889 1127 3097 1197; x_wconf 82' lang='lat' dir='ltr'><strong>perdat.</strong></span> <span class='ocrx_word' id='word_1_195' title='bbox 3142 1141 3267 1182; x_wconf 87' lang='lat' dir='ltr'><strong>cum</strong></span> <span class='ocrx_word' id='word_1_196' title='bbox 3313 1126 3466 1182; x_wconf 92' lang='lat' dir='ltr'><strong>nullo</strong></span> 
     </span>
    </p>
   </div>
   <div class='ocr_carea' id='block_1_25' title="bbox 1881 1213 3462 1288">
    <p class='ocr_par' dir='ltr' id='par_1_25' title="bbox 1881 1213 3462 1288">
     <span class='ocr_line' id='line_1_25' title="bbox 1881 1213 3462 1288; baseline 0.003 -22"><span class='ocrx_word' id='word_1_197' title='bbox 1881 1214 2042 1270; x_wconf 88' lang='lat' dir='ltr'><strong>modo</strong></span> <span class='ocrx_word' id='word_1_198' title='bbox 2093 1213 2257 1271; x_wconf 90' lang='lat' dir='ltr'><strong>Pater</strong></span> <span class='ocrx_word' id='word_1_199' title='bbox 2307 1216 2522 1272; x_wconf 90' lang='lat' dir='ltr'><strong>viribus</strong></span> <span class='ocrx_word' id='word_1_200' title='bbox 2581 1219 2820 1272; x_wconf 88' lang='lat' dir='ltr'><strong>caruerit</strong></span> <span class='ocrx_word' id='word_1_201' title='bbox 2871 1233 2926 1270; x_wconf 79' lang='lat' dir='ltr'><strong>in</strong></span> <span class='ocrx_word' id='word_1_202' title='bbox 2983 1218 3301 1288; x_wconf 89' lang='lat' dir='ltr'><strong>generando</strong></span> <span class='ocrx_word' id='word_1_203' title='bbox 3356 1216 3462 1272; x_wconf 85' lang='lat' dir='ltr'><strong>sibi</strong></span> 
     </span>
    </p>
   </div>
   <div class='ocr_carea' id='block_1_26' title="bbox 1879 1305 3463 1377">
    <p class='ocr_par' dir='ltr' id='par_1_26' title="bbox 1879 1305 3463 1377">
     <span class='ocr_line' id='line_1_26' title="bbox 1879 1305 3463 1377; baseline 0.001 -18"><span class='ocrx_word' id='word_1_204' title='bbox 1879 1305 2076 1374; x_wconf 71' lang='lat' dir='ltr'><strong>mquali</strong></span> <span class='ocrx_word' id='word_1_205' title='bbox 2101 1306 2264 1374; x_wconf 84' lang='lat' dir='ltr'><strong>Filio,</strong></span> <span class='ocrx_word' id='word_1_206' title='bbox 2300 1322 2477 1377; x_wconf 89' lang='lat' dir='ltr'><strong>neque</strong></span> <span class='ocrx_word' id='word_1_207' title='bbox 2505 1307 2679 1362; x_wconf 87' lang='lat' dir='ltr'><strong>livore</strong></span> <span class='ocrx_word' id='word_1_208' title='bbox 2718 1307 3033 1377; x_wconf 86' lang='lat' dir='ltr'><strong>prohibitus</strong></span> <span class='ocrx_word' id='word_1_209' title='bbox 3065 1306 3136 1361; x_wconf 90' lang='lat' dir='ltr'><strong>sit</strong></span> <span class='ocrx_word' id='word_1_210' title='bbox 3164 1306 3463 1377; x_wconf 85' lang='lat' dir='ltr'><strong>quominus</strong></span> 
     </span>
    </p>
   </div>
   <div class='ocr_carea' id='block_1_27' title="bbox 1879 1398 2755 1468">
    <p class='ocr_par' dir='ltr' id='par_1_27' title="bbox 1879 1398 2755 1468">
     <span class='ocr_line' id='line_1_27' title="bbox 1879 1398 2755 1468; baseline 0.001 -17"><span class='ocrx_word' id='word_1_211' title='bbox 1879 1399 2045 1454; x_wconf 86' lang='lat' dir='ltr'><strong>vellet</strong></span> <span class='ocrx_word' id='word_1_212' title='bbox 2078 1398 2130 1453; x_wconf 91' lang='lat' dir='ltr'><strong>id</strong></span> <span class='ocrx_word' id='word_1_213' title='bbox 2162 1399 2307 1468; x_wconf 86' lang='lat' dir='ltr'><strong>quod</strong></span> <span class='ocrx_word' id='word_1_214' title='bbox 2337 1400 2537 1455; x_wconf 84' lang='lat' dir='ltr'><strong>melius</strong></span> <span class='ocrx_word' id='word_1_215' title='bbox 2584 1407 2755 1456; x_wconf 87' lang='lat' dir='ltr'><strong>esset.</strong></span> 
     </span>
    </p>
   </div>
   <div class='ocr_carea' id='block_1_28' title="bbox 1946 1656 3456 1730">
    <p class='ocr_par' dir='ltr' id='par_1_28' title="bbox 1946 1656 3456 1730">
     <span class='ocr_line' id='line_1_28' title="bbox 1946 1656 3456 1730; baseline 0.001 -19"><span class='ocrx_word' id='word_1_216' title='bbox 1946 1657 2178 1713; x_wconf 81' lang='lat' dir='ltr'><strong>ALIUD.</strong></span> <span class='ocrx_word' id='word_1_217' title='bbox 2200 1658 2318 1730; x_wconf 91' lang='lat' dir='ltr'><strong>lpsc</strong></span> <span class='ocrx_word' id='word_1_218' title='bbox 2346 1659 2548 1714; x_wconf 85' lang='lat' dir='ltr'><strong>alicubi</strong></span> <span class='ocrx_word' id='word_1_219' title='bbox 2576 1658 2829 1713; x_wconf 86' lang='lat' dir='ltr'><strong>Salvator</strong></span> <span class='ocrx_word' id='word_1_220' title='bbox 2856 1660 2933 1712; x_wconf 86' lang='lat' dir='ltr'><strong>ait</strong></span> <span class='ocrx_word' id='word_1_221' title='bbox 2973 1673 3032 1713; x_wconf 90' lang='lat' dir='ltr'><strong>se</strong></span> <span class='ocrx_word' id='word_1_222' title='bbox 3048 1673 3171 1714; x_wconf 91' lang='lat' dir='ltr'><strong>esse</strong></span> <span class='ocrx_word' id='word_1_223' title='bbox 3197 1658 3249 1711; x_wconf 93' lang='lat' dir='ltr'><strong>in</strong></span> <span class='ocrx_word' id='word_1_224' title='bbox 3275 1656 3456 1725; x_wconf 85' lang='lat' dir='ltr'><strong>Patre,</strong></span> 
     </span>
    </p>
   </div>
   <div class='ocr_carea' id='block_1_29' title="bbox 1874 1746 3457 1819">
    <p class='ocr_par' dir='ltr' id='par_1_29' title="bbox 1874 1746 3457 1819">
     <span class='ocr_line' id='line_1_29' title="bbox 1874 1746 3457 1819; baseline 0 -17"><span class='ocrx_word' id='word_1_225' title='bbox 1874 1756 1929 1802; x_wconf 88' lang='lat' dir='ltr'><strong>et</strong></span> <span class='ocrx_word' id='word_1_226' title='bbox 1970 1747 2186 1804; x_wconf 85' lang='lat' dir='ltr'><strong>Patrem</strong></span> <span class='ocrx_word' id='word_1_227' title='bbox 2236 1749 2492 1804; x_wconf 88' lang='lat' dir='ltr'><strong>similiter</strong></span> <span class='ocrx_word' id='word_1_228' title='bbox 2532 1749 2586 1803; x_wconf 94' lang='lat' dir='ltr'><strong>in</strong></span> <span class='ocrx_word' id='word_1_229' title='bbox 2622 1750 2743 1819; x_wconf 90' lang='lat' dir='ltr'><strong>ipso</strong></span> <span class='ocrx_word' id='word_1_230' title='bbox 2781 1750 2849 1803; x_wconf 81' lang='grc'><strong>⁶¹.</strong></span> <span class='ocrx_word' id='word_1_231' title='bbox 2882 1748 2987 1803; x_wconf 85' lang='lat' dir='ltr'><strong>Sed</strong></span> <span class='ocrx_word' id='word_1_232' title='bbox 3022 1754 3171 1817; x_wconf 88' lang='lat' dir='ltr'><strong>patet</strong></span> <span class='ocrx_word' id='word_1_233' title='bbox 3202 1746 3457 1803; x_wconf 88' lang='lat' dir='ltr'><strong>omnibus</strong></span> 
     </span>
    </p>
   </div>
   <div class='ocr_carea' id='block_1_30' title="bbox 186 1834 1771 1913">
    <p class='ocr_par' dir='ltr' id='par_1_30' title="bbox 186 1834 1771 1913">
     <span class='ocr_line' id='line_1_30' title="bbox 186 1834 1771 1913; baseline 0.007 -27"><span class='ocrx_word' id='word_1_234' title='bbox 186 1834 307 1887; x_wconf 79' lang='grc' dir='ltr'>ἔστι</span> <span class='ocrx_word' id='word_1_235' title='bbox 342 1838 504 1889; x_wconf 84' lang='grc' dir='ltr'>παντί</span> <span class='ocrx_word' id='word_1_236' title='bbox 532 1856 634 1891; x_wconf 89' lang='grc' dir='ltr'><strong>που</strong></span> <span class='ocrx_word' id='word_1_237' title='bbox 668 1840 845 1910; x_wconf 80' lang='grc' dir='ltr'>δῆλον,</span> <span class='ocrx_word' id='word_1_238' title='bbox 882 1841 957 1904; x_wconf 85' lang='grc' dir='ltr'>ὡς</span> <span class='ocrx_word' id='word_1_239' title='bbox 1002 1842 1065 1895; x_wconf 87' lang='grc' dir='ltr'>οὐ</span> <span class='ocrx_word' id='word_1_240' title='bbox 1107 1842 1374 1913; x_wconf 78' lang='grc' dir='ltr'>προσήκει</span> <span class='ocrx_word' id='word_1_241' title='bbox 1403 1845 1562 1906; x_wconf 80' lang='grc' dir='ltr'>νοεῖν,</span> <span class='ocrx_word' id='word_1_242' title='bbox 1601 1844 1771 1898; x_wconf 90' lang='grc' dir='ltr'>καθά-</span> 
     </span>
    </p>
   </div>
   <div class='ocr_carea' id='block_1_31' title="bbox 1875 1834 3457 1913">
    <p class='ocr_par' dir='ltr' id='par_1_31' title="bbox 1876 1838 3457 1912">
     <span class='ocr_line' id='line_1_31' title="bbox 1876 1838 3457 1912; baseline -0.001 -16"><span class='ocrx_word' id='word_1_243' title='bbox 1876 1857 1984 1896; x_wconf 91' lang='lat' dir='ltr'><strong>non</strong></span> <span class='ocrx_word' id='word_1_244' title='bbox 2042 1856 2165 1897; x_wconf 89' lang='lat' dir='ltr'><strong>esse</strong></span> <span class='ocrx_word' id='word_1_245' title='bbox 2212 1841 2348 1896; x_wconf 91' lang='lat' dir='ltr'><strong>illud</strong></span> <span class='ocrx_word' id='word_1_246' title='bbox 2410 1842 2853 1912; x_wconf 81' lang='lat' dir='ltr'><strong>intelligendum,</strong></span> <span class='ocrx_word' id='word_1_247' title='bbox 2908 1841 3074 1896; x_wconf 86' lang='lat' dir='ltr'><strong>sicuti</strong></span> <span class='ocrx_word' id='word_1_248' title='bbox 3135 1855 3339 1910; x_wconf 88' lang='lat' dir='ltr'><strong>corpus</strong></span> <span class='ocrx_word' id='word_1_249' title='bbox 3400 1838 3457 1895; x_wconf 86' lang='lat' dir='ltr'><strong>in</strong></span> 
     </span>
    </p>
   </div>
   <div class='ocr_carea' id='block_1_32' title="bbox 186 1926 1773 2002">
    <p class='ocr_par' dir='ltr' id='par_1_32' title="bbox 186 1926 1773 2002">
     <span class='ocr_line' id='line_1_32' title="bbox 186 1926 1773 2002; baseline 0.008 -27"><span class='ocrx_word' id='word_1_250' title='bbox 186 1940 295 1993; x_wconf 87' lang='grc' dir='ltr'><strong>περ</strong></span> <span class='ocrx_word' id='word_1_251' title='bbox 327 1926 485 1995; x_wconf 85' lang='grc' dir='ltr'>σῶμα</span> <span class='ocrx_word' id='word_1_252' title='bbox 512 1928 569 1980; x_wconf 88' lang='grc' dir='ltr'><strong>ἐν</strong></span> <span class='ocrx_word' id='word_1_253' title='bbox 600 1929 834 2000; x_wconf 78' lang='grc' dir='ltr'>σώματι,</span> <span class='ocrx_word' id='word_1_254' title='bbox 867 1931 900 2002; x_wconf 75' lang='grc' dir='ltr'><strong>ἢ</strong></span> <span class='ocrx_word' id='word_1_255' title='bbox 934 1931 1127 1996; x_wconf 87' lang='grc' dir='ltr'>σκεῦος</span> <span class='ocrx_word' id='word_1_256' title='bbox 1155 1934 1211 1986; x_wconf 87' lang='grc' dir='ltr'><strong>ἐν</strong></span> <span class='ocrx_word' id='word_1_257' title='bbox 1256 1933 1462 1996; x_wconf 86' lang='grc' dir='ltr'>σκεύει,</span> <span class='ocrx_word' id='word_1_258' title='bbox 1492 1934 1665 1999; x_wconf 73' lang='grc' dir='ltr'>οὕτως</span> <span class='ocrx_word' id='word_1_259' title='bbox 1697 1932 1773 1987; x_wconf 76' lang='grc' dir='ltr'><strong>εἷ-</strong></span> 
     </span>
    </p>
   </div>
   <div class='ocr_carea' id='block_1_33' title="bbox 185 2020 1772 2095">
    <p class='ocr_par' dir='ltr' id='par_1_33' title="bbox 185 2020 1772 2095">
     <span class='ocr_line' id='line_1_33' title="bbox 185 2020 1772 2095; baseline 0.006 -27"><span class='ocrx_word' id='word_1_260' title='bbox 185 2032 278 2068; x_wconf 85' lang='grc' dir='ltr'><strong>ναι</strong></span> <span class='ocrx_word' id='word_1_261' title='bbox 304 2020 554 2088; x_wconf 85' lang='grc' dir='ltr'>χωρητὸν</span> <span class='ocrx_word' id='word_1_262' title='bbox 584 2020 640 2074; x_wconf 90' lang='grc' dir='ltr'><strong>ἐν</strong></span> <span class='ocrx_word' id='word_1_263' title='bbox 675 2021 789 2092; x_wconf 51' lang='lat' dir='ltr'><strong>fit},</strong></span> <span class='ocrx_word' id='word_1_264' title='bbox 818 2022 907 2075; x_wconf 84' lang='grc' dir='ltr'>τὸν</span> <span class='ocrx_word' id='word_1_265' title='bbox 943 2024 1181 2094; x_wconf 79' lang='grc' dir='ltr'>Πατέρα,</span> <span class='ocrx_word' id='word_1_266' title='bbox 1212 2024 1245 2095; x_wconf 83' lang='grc' dir='ltr'>ἢ</span> <span class='ocrx_word' id='word_1_267' title='bbox 1274 2020 1342 2078; x_wconf 82' lang='grc' dir='ltr'>αὖ</span> <span class='ocrx_word' id='word_1_268' title='bbox 1376 2025 1538 2079; x_wconf 92' lang='grc' dir='ltr'>πάλιν</span> <span class='ocrx_word' id='word_1_269' title='bbox 1573 2027 1772 2095; x_wconf 89' lang='grc' dir='ltr'>ἀντεμ-</span> 
     </span>
    </p>
   </div>
   <div class='ocr_carea' id='block_1_34' title="bbox 184 2107 1771 2186">
    <p class='ocr_par' dir='ltr' id='par_1_34' title="bbox 184 2107 1771 2186">
     <span class='ocr_line' id='line_1_34' title="bbox 184 2107 1771 2186; baseline 0.008 -29"><span class='ocrx_word' id='word_1_270' title='bbox 184 2107 508 2172; x_wconf 79' lang='grc' dir='ltr'>6ι6άξεσθαι</span> <span class='ocrx_word' id='word_1_271' title='bbox 559 2112 759 2182; x_wconf 85' lang='grc' dir='ltr'>τρόπον</span> <span class='ocrx_word' id='word_1_272' title='bbox 823 2116 944 2168; x_wconf 75' lang='grc' dir='ltr'>τινὰ</span> <span class='ocrx_word' id='word_1_273' title='bbox 998 2115 1076 2185; x_wconf 84' lang='grc' dir='ltr'>τῷ</span> <span class='ocrx_word' id='word_1_274' title='bbox 1128 2118 1341 2186; x_wconf 74' lang='grc' dir='ltr'>Πατρὶ,</span> <span class='ocrx_word' id='word_1_275' title='bbox 1397 2110 1552 2180; x_wconf 75' lang='grc' dir='ltr'>οὗτος</span> <span class='ocrx_word' id='word_1_276' title='bbox 1608 2117 1663 2170; x_wconf 82' lang='grc' dir='ltr'><strong>δέ</strong></span> <span class='ocrx_word' id='word_1_277' title='bbox 1715 2120 1771 2171; x_wconf 81' lang='grc' dir='ltr'><strong>ἐν</strong></span> 
     </span>
    </p>
   </div>
   <div class='ocr_carea' id='block_1_35' title="bbox 184 2197 1771 2278">
    <p class='ocr_par' dir='ltr' id='par_1_35' title="bbox 184 2197 1771 2278">
     <span class='ocr_line' id='line_1_35' title="bbox 184 2197 1771 2278; baseline 0.007 -30"><span class='ocrx_word' id='word_1_278' title='bbox 184 2197 405 2267; x_wconf 82' lang='grc' dir='ltr'>ἐκείνῳ,</span> <span class='ocrx_word' id='word_1_279' title='bbox 456 2201 705 2266; x_wconf 78' lang='grc' dir='ltr'>κάκεῖνος</span> <span class='ocrx_word' id='word_1_280' title='bbox 734 2204 791 2255; x_wconf 84' lang='grc' dir='ltr'><strong>ἐν</strong></span> <span class='ocrx_word' id='word_1_281' title='bbox 814 2203 987 2275; x_wconf 85' lang='grc' dir='ltr'>τούτῳ</span> <span class='ocrx_word' id='word_1_282' title='bbox 1016 2206 1263 2274; x_wconf 89' lang='grc' dir='ltr'>φαίνεται</span> <span class='ocrx_word' id='word_1_283' title='bbox 1289 2206 1363 2270; x_wconf 87' lang='grc' dir='ltr'>ὼς</span> <span class='ocrx_word' id='word_1_284' title='bbox 1390 2208 1447 2260; x_wconf 90' lang='grc' dir='ltr'><strong>ἐν</strong></span> <span class='ocrx_word' id='word_1_285' title='bbox 1484 2208 1771 2278; x_wconf 88' lang='grc' dir='ltr'>ταυτότητι</span> 
     </span>
    </p>
   </div>
   <div class='ocr_carea' id='block_1_36' title="bbox 164 2286 1770 2369">
    <p class='ocr_par' dir='ltr' id='par_1_36' title="bbox 164 2286 1770 2369">
     <span class='ocr_line' id='line_1_36' title="bbox 164 2286 1770 2369; baseline 0.009 -32"><span class='ocrx_word' id='word_1_286' title='bbox 164 2286 801 2363; x_wconf 82' lang='grc' dir='ltr'>οὐσίαςάπαραλλάκτῳ,</span> <span class='ocrx_word' id='word_1_287' title='bbox 843 2296 937 2349; x_wconf 73' lang='grc' dir='ltr'>καὶ</span> <span class='ocrx_word' id='word_1_288' title='bbox 966 2298 1030 2367; x_wconf 70' lang='grc' dir='ltr'>τῇ</span> <span class='ocrx_word' id='word_1_289' title='bbox 1072 2298 1216 2351; x_wconf 84' lang='grc' dir='ltr'>γατά</span> <span class='ocrx_word' id='word_1_290' title='bbox 1264 2300 1424 2366; x_wconf 90' lang='grc' dir='ltr'>φύσιν</span> <span class='ocrx_word' id='word_1_291' title='bbox 1471 2299 1682 2369; x_wconf 84' lang='grc' dir='ltr'>ἐνότητί</span> <span class='ocrx_word' id='word_1_292' title='bbox 1712 2316 1770 2352; x_wconf 88' lang='grc' dir='ltr'><strong>τε</strong></span> 
     </span>
    </p>
   </div>
   <div class='ocr_carea' id='block_1_37' title="bbox 184 2384 1771 2463">
    <p class='ocr_par' dir='ltr' id='par_1_37' title="bbox 184 2384 1771 2463">
     <span class='ocr_line' id='line_1_37' title="bbox 184 2384 1771 2463; baseline 0.008 -30"><span class='ocrx_word' id='word_1_293' title='bbox 184 2386 281 2434; x_wconf 77' lang='grc' dir='ltr'>καὶ</span> <span class='ocrx_word' id='word_1_294' title='bbox 329 2384 629 2454; x_wconf 74' lang='grc' dir='ltr'>ὁμοιότητι.</span> <span class='ocrx_word' id='word_1_295' title='bbox 684 2386 871 2458; x_wconf 85' lang='grc' dir='ltr'>ὥσπερ</span> <span class='ocrx_word' id='word_1_296' title='bbox 905 2388 969 2441; x_wconf 82' lang='grc' dir='ltr'>ἂν</span> <span class='ocrx_word' id='word_1_297' title='bbox 1000 2388 1054 2441; x_wconf 82' lang='grc' dir='ltr'>εἴ</span> <span class='ocrx_word' id='word_1_298' title='bbox 1096 2406 1178 2451; x_wconf 89' lang='grc' dir='ltr'><strong>τις</strong></span> <span class='ocrx_word' id='word_1_299' title='bbox 1219 2392 1312 2442; x_wconf 77' lang='grc' dir='ltr'><strong>καὶ</strong></span> <span class='ocrx_word' id='word_1_300' title='bbox 1358 2394 1415 2443; x_wconf 88' lang='grc' dir='ltr'><strong>ἐν</strong></span> <span class='ocrx_word' id='word_1_301' title='bbox 1456 2392 1622 2445; x_wconf 87' lang='grc' dir='ltr'>εἰκόνι</span> <span class='ocrx_word' id='word_1_302' title='bbox 1674 2393 1771 2463; x_wconf 85' lang='grc' dir='ltr'>τὴν</span> 
     </span>
    </p>
   </div>
   <div class='ocr_carea' id='block_1_38' title="bbox 182 2476 1771 2553">
    <p class='ocr_par' dir='ltr' id='par_1_38' title="bbox 182 2476 1771 2553">
     <span class='ocr_line' id='line_1_38' title="bbox 182 2476 1771 2553; baseline 0.008 -27"><span class='ocrx_word' id='word_1_303' title='bbox 182 2476 396 2528; x_wconf 86' lang='grc' dir='ltr'>οἰκείαν</span> <span class='ocrx_word' id='word_1_304' title='bbox 448 2477 863 2549; x_wconf 78' lang='grc' dir='ltr'>καταθεώμενος</span> <span class='ocrx_word' id='word_1_305' title='bbox 904 2484 1117 2553; x_wconf 80' lang='grc' dir='ltr'>μορφὴν</span> <span class='ocrx_word' id='word_1_306' title='bbox 1168 2483 1377 2550; x_wconf 84' lang='grc' dir='ltr'>λέγοιτο</span> <span class='ocrx_word' id='word_1_307' title='bbox 1434 2484 1569 2553; x_wconf 84' lang='grc' dir='ltr'>πρός</span> <span class='ocrx_word' id='word_1_308' title='bbox 1619 2500 1771 2548; x_wconf 88' lang='grc' dir='ltr'>τινας</span> 
     </span>
    </p>
   </div>
   <div class='ocr_carea' id='block_1_39' title="bbox 181 2566 1770 2646">
    <p class='ocr_par' dir='ltr' id='par_1_39' title="bbox 181 2566 1770 2646">
     <span class='ocr_line' id='line_1_39' title="bbox 181 2566 1770 2646; baseline 0.006 -29"><span class='ocrx_word' id='word_1_309' title='bbox 181 2566 488 2636; x_wconf 80' lang='grc' dir='ltr'>ἀληθεύων,</span> <span class='ocrx_word' id='word_1_310' title='bbox 517 2570 609 2620; x_wconf 78' lang='grc' dir='ltr'>καὶ</span> <span class='ocrx_word' id='word_1_311' title='bbox 635 2570 734 2640; x_wconf 85' lang='grc' dir='ltr'>τὴν</span> <span class='ocrx_word' id='word_1_312' title='bbox 759 2572 837 2632; x_wconf 86' lang='grc' dir='ltr'><strong>είς</strong></span> <span class='ocrx_word' id='word_1_313' title='bbox 872 2570 1039 2641; x_wconf 81' lang='grc' dir='ltr'>ἄκρον</span> <span class='ocrx_word' id='word_1_314' title='bbox 1070 2571 1452 2643; x_wconf 77' lang='grc' dir='ltr'>ἐξησκημένην</span> <span class='ocrx_word' id='word_1_315' title='bbox 1473 2574 1770 2646; x_wconf 80' lang='grc' dir='ltr'>ἐμφέρειαν</span> 
     </span>
    </p>
   </div>
   <div class='ocr_carea' id='block_1_40' title="bbox 181 2660 1771 2735">
    <p class='ocr_par' dir='ltr' id='par_1_40' title="bbox 181 2660 1771 2735">
     <span class='ocr_line' id='line_1_40' title="bbox 181 2660 1771 2735; baseline 0.005 -25"><span class='ocrx_word' id='word_1_316' title='bbox 181 2660 278 2711; x_wconf 78' lang='grc' dir='ltr'><strong>τοῦ</strong></span> <span class='ocrx_word' id='word_1_317' title='bbox 312 2661 515 2713; x_wconf 81' lang='grc' dir='ltr'>οἰκείου</span> <span class='ocrx_word' id='word_1_318' title='bbox 560 2665 837 2733; x_wconf 81' lang='grc' dir='ltr'>σχήματος</span> <span class='ocrx_word' id='word_1_319' title='bbox 884 2664 1261 2733; x_wconf 76' lang='grc' dir='ltr'>ἀποθαυμάξοι</span> <span class='ocrx_word' id='word_1_320' title='bbox 1310 2666 1447 2735; x_wconf 85' lang='grc' dir='ltr'>βοῶν</span> <span class='ocrx_word' id='word_1_321' title='bbox 1486 2685 1499 2697; x_wconf 88' lang='grc'><strong>·</strong></span> <span class='ocrx_word' id='word_1_322' title='bbox 1541 2666 1681 2735; x_wconf 82' lang='grc' dir='ltr'><strong>Ἐγὼ</strong></span> <span class='ocrx_word' id='word_1_323' title='bbox 1715 2669 1771 2719; x_wconf 86' lang='grc' dir='ltr'><strong>ἐν</strong></span> 
     </span>
    </p>
   </div>
   <div class='ocr_carea' id='block_1_41' title="bbox 180 2752 1769 2829">
    <p class='ocr_par' dir='ltr' id='par_1_41' title="bbox 180 2752 1769 2829">
     <span class='ocr_line' id='line_1_41' title="bbox 180 2752 1769 2829; baseline 0.006 -27"><span class='ocrx_word' id='word_1_324' title='bbox 180 2752 309 2820; x_wconf 80' lang='grc' dir='ltr'>τῇδε</span> <span class='ocrx_word' id='word_1_325' title='bbox 342 2756 407 2822; x_wconf 78' lang='grc' dir='ltr'>τῇ</span> <span class='ocrx_word' id='word_1_326' title='bbox 450 2756 664 2825; x_wconf 82' lang='grc' dir='ltr'>γραφῇ,</span> <span class='ocrx_word' id='word_1_327' title='bbox 697 2757 791 2807; x_wconf 75' lang='grc' dir='ltr'>καὶ</span> <span class='ocrx_word' id='word_1_328' title='bbox 822 2757 855 2825; x_wconf 78' lang='grc' dir='ltr'>ἠ</span> <span class='ocrx_word' id='word_1_329' title='bbox 881 2757 1065 2827; x_wconf 86' lang='grc' dir='ltr'>γραφὴ</span> <span class='ocrx_word' id='word_1_330' title='bbox 1092 2758 1149 2809; x_wconf 82' lang='grc' dir='ltr'><strong>δέ</strong></span> <span class='ocrx_word' id='word_1_331' title='bbox 1182 2760 1239 2809; x_wconf 88' lang='grc' dir='ltr'><strong>ἐν</strong></span> <span class='ocrx_word' id='word_1_332' title='bbox 1271 2759 1391 2827; x_wconf 86' lang='grc' dir='ltr'>ἐμοί</span> <span class='ocrx_word' id='word_1_333' title='bbox 1474 2760 1505 2829; x_wconf 83' lang='grc' dir='ltr'>ἢ</span> <span class='ocrx_word' id='word_1_334' title='bbox 1535 2761 1627 2811; x_wconf 75' lang='grc' dir='ltr'>καὶ</span> <span class='ocrx_word' id='word_1_335' title='bbox 1650 2760 1769 2812; x_wconf 79' lang='grc' dir='ltr'>καθ’</span> 
     </span>
    </p>
   </div>
   <div class='ocr_carea' id='block_1_42' title="bbox 180 2844 1770 2919">
    <p class='ocr_par' dir='ltr' id='par_1_42' title="bbox 180 2844 1770 2919">
     <span class='ocr_line' id='line_1_42' title="bbox 180 2844 1770 2919; baseline 0.006 -25"><span class='ocrx_word' id='word_1_336' title='bbox 180 2844 373 2913; x_wconf 72' lang='grc' dir='ltr'>ἕτερον</span> <span class='ocrx_word' id='word_1_337' title='bbox 404 2844 621 2913; x_wconf 80' lang='grc' dir='ltr'>τρόπον,</span> <span class='ocrx_word' id='word_1_338' title='bbox 652 2844 838 2913; x_wconf 84' lang='grc' dir='ltr'>ὥσπερ</span> <span class='ocrx_word' id='word_1_339' title='bbox 876 2848 940 2900; x_wconf 82' lang='grc' dir='ltr'>ἂν</span> <span class='ocrx_word' id='word_1_340' title='bbox 974 2850 1022 2900; x_wconf 91' lang='grc' dir='ltr'><strong>εἰ</strong></span> <span class='ocrx_word' id='word_1_341' title='bbox 1066 2850 1159 2901; x_wconf 71' lang='grc' dir='ltr'>καὶ</span> <span class='ocrx_word' id='word_1_342' title='bbox 1201 2850 1235 2919; x_wconf 83' lang='grc' dir='ltr'>ἡ</span> <span class='ocrx_word' id='word_1_343' title='bbox 1278 2848 1371 2901; x_wconf 89' lang='grc' dir='ltr'><strong>τοῦ</strong></span> <span class='ocrx_word' id='word_1_344' title='bbox 1404 2850 1615 2919; x_wconf 88' lang='grc' dir='ltr'>μέλιτος</span> <span class='ocrx_word' id='word_1_345' title='bbox 1643 2850 1770 2919; x_wconf 88' lang='grc' dir='ltr'>γλυ-</span> 
     </span>
    </p>
   </div>
   <div class='ocr_carea' id='block_1_43' title="bbox 179 2932 1765 3012">
    <p class='ocr_par' dir='ltr' id='par_1_43' title="bbox 179 2932 1765 3012">
     <span class='ocr_line' id='line_1_43' title="bbox 179 2932 1765 3012; baseline 0.004 -24"><span class='ocrx_word' id='word_1_346' title='bbox 179 2938 307 2988; x_wconf 73' lang='grc' dir='ltr'>κεῖα</span> <span class='ocrx_word' id='word_1_347' title='bbox 338 2936 554 3005; x_wconf 79' lang='grc' dir='ltr'>ποιότης</span> <span class='ocrx_word' id='word_1_348' title='bbox 602 2937 878 2991; x_wconf 81' lang='grc' dir='ltr'>ἐντεθεῖσα</span> <span class='ocrx_word' id='word_1_349' title='bbox 900 2932 1140 3012; x_wconf 82' lang='grc' dir='ltr'>γλώττῃ,</span> <span class='ocrx_word' id='word_1_350' title='bbox 1164 2942 1291 3009; x_wconf 79' lang='grc' dir='ltr'>περὶ</span> <span class='ocrx_word' id='word_1_351' title='bbox 1346 2941 1542 3009; x_wconf 88' lang='grc' dir='ltr'>ἐαυτῆς</span> <span class='ocrx_word' id='word_1_352' title='bbox 1571 2942 1720 3010; x_wconf 83' lang='grc' dir='ltr'>λέγοι</span> <span class='ocrx_word' id='word_1_353' title='bbox 1754 2961 1765 2973; x_wconf 87' lang='grc'><strong>·</strong></span> 
     </span>
    </p>
   </div>
   <div class='ocr_carea' id='block_1_44' title="bbox 193 3026 1770 3103">
    <p class='ocr_par' dir='ltr' id='par_1_44' title="bbox 193 3026 1770 3103">
     <span class='ocr_line' id='line_1_44' title="bbox 193 3026 1770 3103; baseline 0.005 -25"><span class='ocrx_word' id='word_1_354' title='bbox 193 3027 339 3095; x_wconf 85' lang='grc' dir='ltr'><strong>Ἐγὼ</strong></span> <span class='ocrx_word' id='word_1_355' title='bbox 366 3029 423 3080; x_wconf 83' lang='lat' dir='ltr'><strong>tv</strong></span> <span class='ocrx_word' id='word_1_356' title='bbox 467 3026 545 3097; x_wconf 85' lang='grc' dir='ltr'><strong>τῷ</strong></span> <span class='ocrx_word' id='word_1_357' title='bbox 578 3028 773 3097; x_wconf 84' lang='grc' dir='ltr'>μέλιτι,</span> <span class='ocrx_word' id='word_1_358' title='bbox 810 3031 903 3082; x_wconf 67' lang='grc' dir='ltr'>καὶ</span> <span class='ocrx_word' id='word_1_359' title='bbox 934 3030 995 3082; x_wconf 82' lang='grc' dir='ltr'>τὸ</span> <span class='ocrx_word' id='word_1_360' title='bbox 1030 3031 1152 3099; x_wconf 87' lang='grc' dir='ltr'>μέλι</span> <span class='ocrx_word' id='word_1_361' title='bbox 1185 3031 1241 3083; x_wconf 80' lang='grc' dir='ltr'>δὲ</span> <span class='ocrx_word' id='word_1_362' title='bbox 1280 3033 1337 3083; x_wconf 86' lang='grc' dir='ltr'><strong>ἐν</strong></span> <span class='ocrx_word' id='word_1_363' title='bbox 1386 3032 1508 3101; x_wconf 88' lang='grc' dir='ltr'>ἐμοί</span> <span class='ocrx_word' id='word_1_364' title='bbox 1536 3048 1547 3060; x_wconf 86' lang='lat'><strong>&#39;</strong></span> <span class='ocrx_word' id='word_1_365' title='bbox 1614 3034 1647 3103; x_wconf 82' lang='grc' dir='ltr'>ἢ</span> <span class='ocrx_word' id='word_1_366' title='bbox 1680 3034 1770 3086; x_wconf 78' lang='grc' dir='ltr'>καὶ</span> 
     </span>
    </p>
   </div>
   <div class='ocr_carea' id='block_1_45' title="bbox 1876 1927 3457 1997">
    <p class='ocr_par' dir='ltr' id='par_1_45' title="bbox 1876 1927 3457 1997">
     <span class='ocr_line' id='line_1_45' title="bbox 1876 1927 3457 1997; baseline -0.001 -14"><span class='ocrx_word' id='word_1_367' title='bbox 1876 1942 2128 1997; x_wconf 87' lang='lat' dir='ltr'><strong>corpore,</strong></span> <span class='ocrx_word' id='word_1_368' title='bbox 2181 1936 2277 1982; x_wconf 90' lang='lat' dir='ltr'><strong>aut</strong></span> <span class='ocrx_word' id='word_1_369' title='bbox 2329 1943 2425 1985; x_wconf 89' lang='lat' dir='ltr'><strong>vas</strong></span> <span class='ocrx_word' id='word_1_370' title='bbox 2484 1930 2538 1983; x_wconf 91' lang='lat' dir='ltr'><strong>in</strong></span> <span class='ocrx_word' id='word_1_371' title='bbox 2586 1944 2715 1985; x_wconf 88' lang='lat' dir='ltr'><strong>vase</strong></span> <span class='ocrx_word' id='word_1_372' title='bbox 2746 1968 2761 1993; x_wconf 89' lang='lat'><strong>,</strong></span> <span class='ocrx_word' id='word_1_373' title='bbox 2810 1929 2886 1983; x_wconf 90' lang='lat' dir='ltr'><strong>ita</strong></span> <span class='ocrx_word' id='word_1_374' title='bbox 2938 1928 3153 1984; x_wconf 85' lang='lat' dir='ltr'><strong>Patrem</strong></span> <span class='ocrx_word' id='word_1_375' title='bbox 3210 1929 3266 1983; x_wconf 93' lang='lat' dir='ltr'><strong>in</strong></span> <span class='ocrx_word' id='word_1_376' title='bbox 3318 1927 3457 1982; x_wconf 87' lang='lat' dir='ltr'><strong>Filio</strong></span> 
     </span>
    </p>
   </div>
   <div class='ocr_carea' id='block_1_46' title="bbox 1874 2020 3457 2091">
    <p class='ocr_par' dir='ltr' id='par_1_46' title="bbox 1874 2020 3457 2091">
     <span class='ocr_line' id='line_1_46' title="bbox 1874 2020 3457 2091; baseline 0.001 -16"><span class='ocrx_word' id='word_1_377' title='bbox 1874 2020 2172 2085; x_wconf 86' lang='lat' dir='ltr'><strong>contineri,</strong></span> <span class='ocrx_word' id='word_1_378' title='bbox 2218 2028 2313 2075; x_wconf 86' lang='lat' dir='ltr'><strong>aut</strong></span> <span class='ocrx_word' id='word_1_379' title='bbox 2368 2020 2610 2076; x_wconf 88' lang='lat' dir='ltr'><strong>vicissim</strong></span> <span class='ocrx_word' id='word_1_380' title='bbox 2658 2022 2803 2076; x_wconf 87' lang='lat' dir='ltr'><strong>hunc</strong></span> <span class='ocrx_word' id='word_1_381' title='bbox 2861 2022 3271 2091; x_wconf 83' lang='lat' dir='ltr'><strong>quodammodo</strong></span> <span class='ocrx_word' id='word_1_382' title='bbox 3307 2020 3457 2076; x_wconf 84' lang='lat' dir='ltr'><strong>Patri</strong></span> 
     </span>
    </p>
   </div>
   <div class='ocr_carea' id='block_1_47' title="bbox 1876 2113 3460 2182">
    <p class='ocr_par' dir='ltr' id='par_1_47' title="bbox 1876 2113 3460 2182">
     <span class='ocr_line' id='line_1_47' title="bbox 1876 2113 3460 2182; baseline 0.001 -17"><span class='ocrx_word' id='word_1_383' title='bbox 1876 2114 2118 2182; x_wconf 88' lang='lat' dir='ltr'><strong>imponi;</strong></span> <span class='ocrx_word' id='word_1_384' title='bbox 2162 2114 2257 2167; x_wconf 89' lang='lat' dir='ltr'><strong>sed</strong></span> <span class='ocrx_word' id='word_1_385' title='bbox 2295 2114 2447 2167; x_wconf 92' lang='lat' dir='ltr'><strong>hunc</strong></span> <span class='ocrx_word' id='word_1_386' title='bbox 2492 2130 2547 2166; x_wconf 89' lang='grc' dir='ltr'><strong>ιιι</strong></span> <span class='ocrx_word' id='word_1_387' title='bbox 2596 2113 2713 2177; x_wconf 81' lang='lat' dir='ltr'><strong>illo,</strong></span> <span class='ocrx_word' id='word_1_388' title='bbox 2749 2120 2803 2168; x_wconf 75' lang='lat' dir='ltr'><strong>et</strong></span> <span class='ocrx_word' id='word_1_389' title='bbox 2853 2113 3003 2168; x_wconf 87' lang='lat' dir='ltr'><strong>illum</strong></span> <span class='ocrx_word' id='word_1_390' title='bbox 3060 2114 3114 2167; x_wconf 89' lang='lat' dir='ltr'><strong>in</strong></span> <span class='ocrx_word' id='word_1_391' title='bbox 3180 2117 3285 2167; x_wconf 86' lang='lat' dir='ltr'><strong>hoc</strong></span> <span class='ocrx_word' id='word_1_392' title='bbox 3336 2127 3460 2168; x_wconf 71' lang='lat' dir='ltr'><strong>esse</strong></span> 
     </span>
    </p>
   </div>
   <div class='ocr_carea' id='block_1_48' title="bbox 1872 2203 3457 2273">
    <p class='ocr_par' dir='ltr' id='par_1_48' title="bbox 1872 2203 3457 2273">
     <span class='ocr_line' id='line_1_48' title="bbox 1872 2203 3457 2273; baseline 0 -16"><span class='ocrx_word' id='word_1_393' title='bbox 1872 2203 2085 2267; x_wconf 84' lang='lat' dir='ltr'><strong>videri,</strong></span> <span class='ocrx_word' id='word_1_394' title='bbox 2139 2219 2240 2260; x_wconf 86' lang='lat' dir='ltr'><strong>ceu</strong></span> <span class='ocrx_word' id='word_1_395' title='bbox 2306 2205 2361 2259; x_wconf 93' lang='lat' dir='ltr'><strong>in</strong></span> <span class='ocrx_word' id='word_1_396' title='bbox 2412 2204 2698 2260; x_wconf 88' lang='lat' dir='ltr'><strong>identitate</strong></span> <span class='ocrx_word' id='word_1_397' title='bbox 2753 2205 3075 2259; x_wconf 79' lang='lat' dir='ltr'><strong>substantiae</strong></span> <span class='ocrx_word' id='word_1_398' title='bbox 3128 2220 3222 2273; x_wconf 89' lang='lat' dir='ltr'><strong>per</strong></span> <span class='ocrx_word' id='word_1_399' title='bbox 3273 2204 3457 2258; x_wconf 84' lang='lat' dir='ltr'><strong>omnia</strong></span> 
     </span>
    </p>
   </div>
   <div class='ocr_carea' id='block_1_49' title="bbox 1876 2295 3458 2362">
    <p class='ocr_par' dir='ltr' id='par_1_49' title="bbox 1876 2295 3458 2362">
     <span class='ocr_line' id='line_1_49' title="bbox 1876 2295 3458 2362; baseline -0.001 -11"><span class='ocrx_word' id='word_1_400' title='bbox 1876 2298 2061 2362; x_wconf 87' lang='lat' dir='ltr'><strong>s&#39;mili,</strong></span> <span class='ocrx_word' id='word_1_401' title='bbox 2105 2306 2161 2351; x_wconf 90' lang='lat' dir='ltr'><strong>et</strong></span> <span class='ocrx_word' id='word_1_402' title='bbox 2207 2298 2448 2351; x_wconf 79' lang='lat' dir='ltr'><strong>naturali</strong></span> <span class='ocrx_word' id='word_1_403' title='bbox 2494 2305 2704 2353; x_wconf 80' lang='lat' dir='ltr'><strong>unitate</strong></span> <span class='ocrx_word' id='word_1_404' title='bbox 2738 2311 2803 2351; x_wconf 87' lang='lat' dir='ltr'><strong>ac</strong></span> <span class='ocrx_word' id='word_1_405' title='bbox 2852 2296 3235 2359; x_wconf 79' lang='lat' dir='ltr'><strong>similitudine,</strong></span> <span class='ocrx_word' id='word_1_406' title='bbox 3291 2295 3458 2350; x_wconf 85' lang='lat' dir='ltr'><strong>veluti</strong></span> 
     </span>
    </p>
   </div>
   <div class='ocr_carea' id='block_1_50' title="bbox 1875 2387 3458 2460">
    <p class='ocr_par' dir='ltr' id='par_1_50' title="bbox 1875 2387 3458 2460">
     <span class='ocr_line' id='line_1_50' title="bbox 1875 2387 3458 2460; baseline -0.003 -16"><span class='ocrx_word' id='word_1_407' title='bbox 1875 2392 1919 2445; x_wconf 92' lang='lat' dir='ltr'><strong>si</strong></span> <span class='ocrx_word' id='word_1_408' title='bbox 1949 2392 2079 2460; x_wconf 93' lang='lat' dir='ltr'><strong>quis</strong></span> <span class='ocrx_word' id='word_1_409' title='bbox 2126 2390 2180 2443; x_wconf 93' lang='lat' dir='ltr'><strong>in</strong></span> <span class='ocrx_word' id='word_1_410' title='bbox 2232 2390 2473 2459; x_wconf 90' lang='lat' dir='ltr'><strong>imagine</strong></span> <span class='ocrx_word' id='word_1_411' title='bbox 2518 2389 2750 2443; x_wconf 79' lang='lat' dir='ltr'><strong>formam</strong></span> <span class='ocrx_word' id='word_1_412' title='bbox 2773 2402 2930 2444; x_wconf 88' lang='lat' dir='ltr'><strong>suam</strong></span> <span class='ocrx_word' id='word_1_413' title='bbox 2966 2387 3373 2455; x_wconf 88' lang='lat' dir='ltr'><strong>contemplans.</strong></span> <span class='ocrx_word' id='word_1_414' title='bbox 3403 2394 3458 2440; x_wconf 91' lang='lat' dir='ltr'><strong>et</strong></span> 
     </span>
    </p>
   </div>
   <div class='ocr_carea' id='block_1_51' title="bbox 1872 2460 3459 2553">
    <p class='ocr_par' dir='ltr' id='par_1_51' title="bbox 1872 2460 3459 2553">
     <span class='ocr_line' id='line_1_51' title="bbox 1872 2460 3459 2553; baseline -0.004 -15"><span class='ocrx_word' id='word_1_415' title='bbox 1872 2460 2204 2553; x_wconf 69' lang='lat' dir='ltr'><strong>exquisitam</strong></span> <span class='ocrx_word' id='word_1_416' title='bbox 2239 2482 2425 2535; x_wconf 87' lang='lat' dir='ltr'><strong>vultus</strong></span> <span class='ocrx_word' id='word_1_417' title='bbox 2448 2482 2532 2535; x_wconf 88' lang='lat' dir='ltr'><strong>sui</strong></span> <span class='ocrx_word' id='word_1_418' title='bbox 2560 2479 2974 2536; x_wconf 88' lang='lat' dir='ltr'><strong>similitudinem</strong></span> <span class='ocrx_word' id='word_1_419' title='bbox 3008 2478 3310 2541; x_wconf 87' lang='lat' dir='ltr'><strong>admirans,</strong></span> <span class='ocrx_word' id='word_1_420' title='bbox 3332 2493 3459 2532; x_wconf 86' lang='lat' dir='ltr'><strong>vere</strong></span> 
     </span>
    </p>
   </div>
   <div class='ocr_carea' id='block_1_52' title="bbox 1872 2567 3458 2642">
    <p class='ocr_par' dir='ltr' id='par_1_52' title="bbox 1872 2567 3458 2642">
     <span class='ocr_line' id='line_1_52' title="bbox 1872 2567 3458 2642; baseline -0.006 -13"><span class='ocrx_word' id='word_1_421' title='bbox 1872 2577 2115 2630; x_wconf 79' lang='lat' dir='ltr'><strong>clamare</strong></span> <span class='ocrx_word' id='word_1_422' title='bbox 2146 2574 2362 2628; x_wconf 86' lang='lat' dir='ltr'><strong>dicatur</strong></span> <span class='ocrx_word' id='word_1_423' title='bbox 2392 2592 2405 2626; x_wconf 89' lang='lat'>:</span> <span class='ocrx_word' id='word_1_424' title='bbox 2444 2570 2554 2642; x_wconf 85' lang='lat' dir='ltr'><strong>Ego</strong></span> <span class='ocrx_word' id='word_1_425' title='bbox 2600 2572 2655 2625; x_wconf 92' lang='lat' dir='ltr'><strong>in</strong></span> <span class='ocrx_word' id='word_1_426' title='bbox 2687 2571 2787 2625; x_wconf 88' lang='lat' dir='ltr'><strong>hac</strong></span> <span class='ocrx_word' id='word_1_427' title='bbox 2826 2569 3049 2627; x_wconf 88' lang='lat' dir='ltr'><strong>tabella.</strong></span> <span class='ocrx_word' id='word_1_428' title='bbox 3075 2576 3151 2633; x_wconf 93' lang='lat' dir='ltr'><strong>et,</strong></span> <span class='ocrx_word' id='word_1_429' title='bbox 3176 2567 3377 2623; x_wconf 83' lang='lat' dir='ltr'><strong>tabella</strong></span> <span class='ocrx_word' id='word_1_430' title='bbox 3398 2568 3458 2621; x_wconf 92' lang='lat' dir='ltr'><strong>in</strong></span> 
     </span>
    </p>
   </div>
   <div class='ocr_carea' id='block_1_53' title="bbox 1876 2661 3459 2735">
    <p class='ocr_par' dir='ltr' id='par_1_53' title="bbox 1876 2661 3459 2735">
     <span class='ocr_line' id='line_1_53' title="bbox 1876 2661 3459 2735; baseline -0.006 -13"><span class='ocrx_word' id='word_1_431' title='bbox 1876 2684 1961 2723; x_wconf 91' lang='lat' dir='ltr'><strong>me</strong></span> <span class='ocrx_word' id='word_1_432' title='bbox 2026 2675 2134 2724; x_wconf 91' lang='lat' dir='ltr'><strong>est.</strong></span> <span class='ocrx_word' id='word_1_433' title='bbox 2189 2668 2297 2720; x_wconf 86' lang='lat' dir='ltr'><strong>Aut</strong></span> <span class='ocrx_word' id='word_1_434' title='bbox 2356 2664 2816 2735; x_wconf 86' lang='lat' dir='ltr'><strong>quemadmodum</strong></span> <span class='ocrx_word' id='word_1_435' title='bbox 2879 2664 2923 2718; x_wconf 89' lang='lat' dir='ltr'><strong>si</strong></span> <span class='ocrx_word' id='word_1_436' title='bbox 2980 2662 3164 2717; x_wconf 90' lang='lat' dir='ltr'><strong>dulcis</strong></span> <span class='ocrx_word' id='word_1_437' title='bbox 3219 2661 3459 2731; x_wconf 86' lang='lat' dir='ltr'><strong>qualitas</strong></span> 
     </span>
    </p>
   </div>
   <div class='ocr_carea' id='block_1_54' title="bbox 1873 2752 3453 2829">
    <p class='ocr_par' dir='ltr' id='par_1_54' title="bbox 1873 2752 3453 2829">
     <span class='ocr_line' id='line_1_54' title="bbox 1873 2752 3453 2829; baseline -0.005 -16"><span class='ocrx_word' id='word_1_438' title='bbox 1873 2760 2049 2815; x_wconf 87' lang='lat' dir='ltr'><strong>mellis</strong></span> <span class='ocrx_word' id='word_1_439' title='bbox 2092 2761 2365 2829; x_wconf 89' lang='lat' dir='ltr'><strong>impressa</strong></span> <span class='ocrx_word' id='word_1_440' title='bbox 2417 2758 2616 2827; x_wconf 64' lang='lat' dir='ltr'><strong>lingua:</strong></span> <span class='ocrx_word' id='word_1_441' title='bbox 2667 2756 2735 2810; x_wconf 90' lang='lat' dir='ltr'><strong>de</strong></span> <span class='ocrx_word' id='word_1_442' title='bbox 2785 2756 2964 2824; x_wconf 89' lang='lat' dir='ltr'><strong>seipsa</strong></span> <span class='ocrx_word' id='word_1_443' title='bbox 3011 2754 3198 2808; x_wconf 87' lang='lat' dir='ltr'><strong>dicat:</strong></span> <span class='ocrx_word' id='word_1_444' title='bbox 3242 2752 3354 2823; x_wconf 74' lang='lat' dir='ltr'><strong>Ego</strong></span> <span class='ocrx_word' id='word_1_445' title='bbox 3396 2753 3453 2807; x_wconf 85' lang='lat' dir='ltr'><strong>in</strong></span> 
     </span>
    </p>
   </div>
   <div class='ocr_carea' id='block_1_55' title="bbox 1875 2844 3459 2914">
    <p class='ocr_par' dir='ltr' id='par_1_55' title="bbox 1875 2844 3459 2914">
     <span class='ocr_line' id='line_1_55' title="bbox 1875 2844 3459 2914; baseline -0.004 -12"><span class='ocrx_word' id='word_1_446' title='bbox 1875 2851 2053 2914; x_wconf 84' lang='lat' dir='ltr'><strong>melle,</strong></span> <span class='ocrx_word' id='word_1_447' title='bbox 2087 2858 2142 2904; x_wconf 93' lang='lat' dir='ltr'><strong>et</strong></span> <span class='ocrx_word' id='word_1_448' title='bbox 2173 2850 2279 2904; x_wconf 93' lang='lat' dir='ltr'><strong>mel</strong></span> <span class='ocrx_word' id='word_1_449' title='bbox 2310 2850 2363 2902; x_wconf 91' lang='lat' dir='ltr'><strong>in</strong></span> <span class='ocrx_word' id='word_1_450' title='bbox 2393 2863 2480 2903; x_wconf 88' lang='lat' dir='ltr'><strong>me</strong></span> <span class='ocrx_word' id='word_1_451' title='bbox 2506 2854 2622 2914; x_wconf 87' lang='lat' dir='ltr'><strong>est;</strong></span> <span class='ocrx_word' id='word_1_452' title='bbox 2650 2852 2743 2900; x_wconf 90' lang='lat' dir='ltr'><strong>aut</strong></span> <span class='ocrx_word' id='word_1_453' title='bbox 2768 2846 2815 2901; x_wconf 86' lang='lat' dir='ltr'><strong>si</strong></span> <span class='ocrx_word' id='word_1_454' title='bbox 2852 2845 3003 2898; x_wconf 91' lang='lat' dir='ltr'><strong>calor</strong></span> <span class='ocrx_word' id='word_1_455' title='bbox 3038 2860 3103 2897; x_wconf 83' lang='lat' dir='ltr'><strong>ex</strong></span> <span class='ocrx_word' id='word_1_456' title='bbox 3137 2844 3263 2914; x_wconf 76' lang='lat' dir='ltr'><strong>igne</strong></span> <span class='ocrx_word' id='word_1_457' title='bbox 3299 2851 3459 2896; x_wconf 91' lang='lat' dir='ltr'><strong>natu-</strong></span> 
     </span>
    </p>
   </div>
   <div class='ocr_carea' id='block_1_56' title="bbox 1875 2933 3461 3010">
    <p class='ocr_par' dir='ltr' id='par_1_56' title="bbox 1875 2933 3461 3010">
     <span class='ocr_line' id='line_1_56' title="bbox 1875 2933 3461 3010; baseline -0.004 -17"><span class='ocrx_word' id='word_1_458' title='bbox 1875 2941 2063 2995; x_wconf 89' lang='lat' dir='ltr'><strong>raliter</strong></span> <span class='ocrx_word' id='word_1_459' title='bbox 2109 2940 2221 3009; x_wconf 73' lang='grc'><strong>29</strong></span> <span class='ocrx_word' id='word_1_460' title='bbox 2264 2939 2526 3010; x_wconf 86' lang='lat' dir='ltr'><strong>prodiens</strong></span> <span class='ocrx_word' id='word_1_461' title='bbox 2579 2940 2784 2993; x_wconf 90' lang='lat' dir='ltr'><strong>emissa</strong></span> <span class='ocrx_word' id='word_1_462' title='bbox 2842 2950 2980 2990; x_wconf 86' lang='lat' dir='ltr'><strong>voce</strong></span> <span class='ocrx_word' id='word_1_463' title='bbox 3030 2934 3222 2990; x_wconf 84' lang='lat' dir='ltr'><strong>dicat:</strong></span> <span class='ocrx_word' id='word_1_464' title='bbox 3258 2933 3370 3004; x_wconf 81' lang='lat' dir='ltr'><strong>Ego</strong></span> <span class='ocrx_word' id='word_1_465' title='bbox 3406 2934 3461 2987; x_wconf 91' lang='lat' dir='ltr'><strong>in</strong></span> 
     </span>
    </p>
   </div>
   <div class='ocr_carea' id='block_1_57' title="bbox 1873 3027 3459 3104">
    <p class='ocr_par' dir='ltr' id='par_1_57' title="bbox 1873 3027 3459 3104">
     <span class='ocr_line' id='line_1_57' title="bbox 1873 3027 3459 3104; baseline -0.006 -17"><span class='ocrx_word' id='word_1_466' title='bbox 1873 3034 2015 3104; x_wconf 86' lang='lat' dir='ltr'><strong>igne,</strong></span> <span class='ocrx_word' id='word_1_467' title='bbox 2038 3041 2093 3088; x_wconf 90' lang='lat' dir='ltr'><strong>et</strong></span> <span class='ocrx_word' id='word_1_468' title='bbox 2137 3032 2279 3102; x_wconf 79' lang='lat' dir='ltr'><strong>ignis</strong></span> <span class='ocrx_word' id='word_1_469' title='bbox 2326 3033 2380 3085; x_wconf 90' lang='lat' dir='ltr'><strong>in</strong></span> <span class='ocrx_word' id='word_1_470' title='bbox 2436 3046 2540 3085; x_wconf 90' lang='lat' dir='ltr'><strong>me.</strong></span> <span class='ocrx_word' id='word_1_471' title='bbox 2579 3028 3023 3098; x_wconf 87' lang='lat' dir='ltr'><strong>Unumquodque</strong></span> <span class='ocrx_word' id='word_1_472' title='bbox 3067 3027 3215 3081; x_wconf 91' lang='lat' dir='ltr'><strong>enim</strong></span> <span class='ocrx_word' id='word_1_473' title='bbox 3266 3039 3459 3080; x_wconf 88' lang='lat' dir='ltr'><strong>eorum</strong></span> 
     </span>
    </p>
   </div>
   <div class='ocr_carea' id='block_1_58' title="bbox 177 3114 1771 3192">
    <p class='ocr_par' dir='ltr' id='par_1_58' title="bbox 177 3114 1767 3191">
     <span class='ocr_line' id='line_1_58' title="bbox 177 3114 1767 3191; baseline 0.004 -24"><span class='ocrx_word' id='word_1_474' title='bbox 177 3114 372 3187; x_wconf 80' lang='grc' dir='ltr'>ὥσπερ</span> <span class='ocrx_word' id='word_1_475' title='bbox 399 3117 558 3170; x_wconf 85' lang='grc' dir='ltr'>πάλιν</span> <span class='ocrx_word' id='word_1_476' title='bbox 587 3119 619 3187; x_wconf 88' lang='grc' dir='ltr'><strong>ή</strong></span> <span class='ocrx_word' id='word_1_477' title='bbox 648 3119 711 3169; x_wconf 89' lang='grc' dir='ltr'><strong>ἐκ</strong></span> <span class='ocrx_word' id='word_1_478' title='bbox 741 3119 910 3188; x_wconf 84' lang='grc' dir='ltr'>πυρὸς</span> <span class='ocrx_word' id='word_1_479' title='bbox 941 3119 1182 3186; x_wconf 84' lang='grc' dir='ltr'>φυσικῶς</span> <span class='ocrx_word' id='word_1_480' title='bbox 1206 3120 1471 3190; x_wconf 82' lang='grc' dir='ltr'>προϊοῦσα</span> <span class='ocrx_word' id='word_1_481' title='bbox 1497 3120 1767 3191; x_wconf 80' lang='grc' dir='ltr'>θερμότης</span> 
     </span>
    </p>
   </div>
   <div class='ocr_carea' id='block_1_59' title="bbox 1875 3114 3448 3192">
    <p class='ocr_par' dir='ltr' id='par_1_59' title="bbox 1875 3116 3448 3192">
     <span class='ocr_line' id='line_1_59' title="bbox 1875 3116 3448 3192; baseline -0.005 -16"><span class='ocrx_word' id='word_1_482' title='bbox 1875 3137 1993 3192; x_wconf 65' lang='lat' dir='ltr'><strong>quae</strong></span> <span class='ocrx_word' id='word_1_483' title='bbox 2024 3122 2167 3176; x_wconf 84' lang='lat' dir='ltr'><strong>dicta</strong></span> <span class='ocrx_word' id='word_1_484' title='bbox 2192 3128 2321 3176; x_wconf 91' lang='lat' dir='ltr'><strong>sunt</strong></span> <span class='ocrx_word' id='word_1_485' title='bbox 2362 3120 2668 3190; x_wconf 85' lang='lat' dir='ltr'><strong>separabile</strong></span> <span class='ocrx_word' id='word_1_486' title='bbox 2693 3128 2777 3173; x_wconf 91' lang='lat' dir='ltr'><strong>est</strong></span> <span class='ocrx_word' id='word_1_487' title='bbox 2806 3119 3122 3183; x_wconf 86' lang='lat' dir='ltr'><strong>intellectu;</strong></span> <span class='ocrx_word' id='word_1_488' title='bbox 3147 3116 3244 3172; x_wconf 85' lang='lat' dir='ltr'><strong>sed</strong></span> <span class='ocrx_word' id='word_1_489' title='bbox 3276 3129 3448 3169; x_wconf 86' lang='lat' dir='ltr'><strong>unum</strong></span> 
     </span>
    </p>
   </div>
   <div class='ocr_carea' id='block_1_60' title="bbox 178 3172 1771 3284">
    <p class='ocr_par' dir='ltr' id='par_1_60' title="bbox 178 3172 1769 3284">
     <span class='ocr_line' id='line_1_60' title="bbox 178 3172 1769 3284; baseline 0.001 -21"><span class='ocrx_word' id='word_1_490' title='bbox 178 3172 370 3280; x_wconf 64' lang='grc' dir='ltr'>φωνὴν</span> <span class='ocrx_word' id='word_1_491' title='bbox 398 3172 619 3279; x_wconf 74' lang='grc' dir='ltr'>ἀφιεϊσά</span> <span class='ocrx_word' id='word_1_492' title='bbox 653 3211 801 3280; x_wconf 90' lang='grc' dir='ltr'>λέγοι</span> <span class='ocrx_word' id='word_1_493' title='bbox 819 3172 843 3242; x_wconf 49' lang='grc'><strong>.’</strong></span> <span class='ocrx_word' id='word_1_494' title='bbox 887 3172 1029 3281; x_wconf 40' lang='grc' dir='ltr'><strong>ῖεὲὼ</strong></span> <span class='ocrx_word' id='word_1_495' title='bbox 1064 3215 1120 3266; x_wconf 90' lang='grc' dir='ltr'><strong>ἐν</strong></span> <span class='ocrx_word' id='word_1_496' title='bbox 1249 3172 1405 3283; x_wconf 62' lang='grc' dir='ltr'>πυρὶ,</span> <span class='ocrx_word' id='word_1_497' title='bbox 1439 3172 1533 3267; x_wconf 66' lang='grc' dir='ltr'>καλ.</span> 
     </span>
    </p>
   </div>
   <div class='ocr_carea' id='block_1_61' title="bbox 1875 3172 3462 3284">
    <p class='ocr_par' dir='ltr' id='par_1_61' title="bbox 1877 3172 3462 3279">
     <span class='ocr_line' id='line_1_61' title="bbox 1877 3172 3121 3192; baseline -0.004 -4"><span class='ocrx_word' id='word_1_498' title='bbox 1877 3172 1990 3192; x_wconf 58' lang='grc' dir='ltr'><strong>τ-ν-</strong></span> <span class='ocrx_word' id='word_1_499' title='bbox 2364 3172 2487 3190; x_wconf 45' lang='lat' dir='ltr'><strong>nr</strong></span> <span class='ocrx_word' id='word_1_500' title='bbox 2704 3172 2744 3173; x_wconf 50' lang='grc' dir='ltr'>η</span> <span class='ocrx_word' id='word_1_501' title='bbox 2980 3172 2985 3173; x_wconf 43' lang='grc' dir='ltr'><strong>κ</strong></span> <span class='ocrx_word' id='word_1_502' title='bbox 3110 3172 3121 3183; x_wconf 88' lang='grc'><strong><em>,</em></strong></span> 
     </span>
     <span class='ocr_line' id='line_1_62' title="bbox 1877 3206 3462 3279; baseline -0.005 -12"><span class='ocrx_word' id='word_1_503' title='bbox 1877 3222 2101 3276; x_wconf 90' lang='lat' dir='ltr'><strong>natura,</strong></span> <span class='ocrx_word' id='word_1_504' title='bbox 2136 3220 2190 3267; x_wconf 87' lang='lat' dir='ltr'><strong>et</strong></span> <span class='ocrx_word' id='word_1_505' title='bbox 2223 3228 2391 3266; x_wconf 88' lang='lat' dir='ltr'><strong>unum</strong></span> <span class='ocrx_word' id='word_1_506' title='bbox 2443 3228 2509 3266; x_wconf 81' lang='lat' dir='ltr'><strong>ex</strong></span> <span class='ocrx_word' id='word_1_507' title='bbox 2564 3225 2674 3265; x_wconf 92' lang='lat' dir='ltr'><strong>uno</strong></span> <span class='ocrx_word' id='word_1_508' title='bbox 2708 3208 3063 3279; x_wconf 87' lang='lat' dir='ltr'><strong>inseparabili</strong></span> <span class='ocrx_word' id='word_1_509' title='bbox 3116 3206 3354 3278; x_wconf 87' lang='lat' dir='ltr'><strong>quodam</strong></span> <span class='ocrx_word' id='word_1_510' title='bbox 3404 3211 3462 3260; x_wconf 76' lang='lat' dir='ltr'><strong>et</strong></span> 
     </span>
    </p>
   </div>
   <div class='ocr_carea' id='block_1_62' title="bbox 175 3302 1768 3373">
    <p class='ocr_par' dir='ltr' id='par_1_62' title="bbox 175 3302 1768 3373">
     <span class='ocr_line' id='line_1_63' title="bbox 175 3302 1768 3373; baseline 0.003 -21"><span class='ocrx_word' id='word_1_511' title='bbox 175 3302 234 3353; x_wconf 80' lang='grc' dir='ltr'>δὲ</span> <span class='ocrx_word' id='word_1_512' title='bbox 263 3303 320 3352; x_wconf 87' lang='grc' dir='ltr'><strong>ἐν</strong></span> <span class='ocrx_word' id='word_1_513' title='bbox 342 3302 484 3370; x_wconf 81' lang='grc' dir='ltr'>ἐμοί.</span> <span class='ocrx_word' id='word_1_514' title='bbox 504 3303 659 3354; x_wconf 81' lang='grc' dir='ltr'>Ἐστι</span> <span class='ocrx_word' id='word_1_515' title='bbox 689 3302 787 3371; x_wconf 91' lang='grc' dir='ltr'><strong>μέν</strong></span> <span class='ocrx_word' id='word_1_516' title='bbox 812 3318 929 3364; x_wconf 89' lang='grc' dir='ltr'><strong>πως</strong></span> <span class='ocrx_word' id='word_1_517' title='bbox 953 3302 1061 3373; x_wconf 87' lang='grc' dir='ltr'><strong>γὰρ</strong></span> <span class='ocrx_word' id='word_1_518' title='bbox 1084 3302 1192 3355; x_wconf 82' lang='grc' dir='ltr'><strong>τῶν</strong></span> <span class='ocrx_word' id='word_1_519' title='bbox 1214 3302 1521 3372; x_wconf 85' lang='grc' dir='ltr'>εἰρημένων</span> <span class='ocrx_word' id='word_1_520' title='bbox 1541 3302 1768 3356; x_wconf 71' lang='grc' dir='ltr'>ἕκαστον</span> 
     </span>
    </p>
   </div>
   <div class='ocr_carea' id='block_1_63' title="bbox 175 3392 1762 3464">
    <p class='ocr_par' dir='ltr' id='par_1_63' title="bbox 175 3392 1762 3464">
     <span class='ocr_line' id='line_1_64' title="bbox 175 3392 1762 3464; baseline 0.003 -22"><span class='ocrx_word' id='word_1_521' title='bbox 175 3392 397 3463; x_wconf 70' lang='grc' dir='ltr'>ἐπινοίᾳ</span> <span class='ocrx_word' id='word_1_522' title='bbox 430 3393 703 3464; x_wconf 78' lang='grc' dir='ltr'>μεριστὸν,</span> <span class='ocrx_word' id='word_1_523' title='bbox 738 3393 797 3447; x_wconf 83' lang='grc' dir='ltr'>ἓν</span> <span class='ocrx_word' id='word_1_524' title='bbox 845 3393 902 3446; x_wconf 83' lang='grc' dir='ltr'>δὲ</span> <span class='ocrx_word' id='word_1_525' title='bbox 944 3397 1011 3464; x_wconf 79' lang='grc' dir='ltr'>τῇ</span> <span class='ocrx_word' id='word_1_526' title='bbox 1057 3394 1237 3464; x_wconf 89' lang='grc' dir='ltr'>φύσει,</span> <span class='ocrx_word' id='word_1_527' title='bbox 1272 3395 1363 3447; x_wconf 71' lang='grc' dir='ltr'>καὶ</span> <span class='ocrx_word' id='word_1_528' title='bbox 1410 3394 1467 3448; x_wconf 83' lang='grc' dir='ltr'>ἓν</span> <span class='ocrx_word' id='word_1_529' title='bbox 1515 3394 1575 3458; x_wconf 81' lang='grc' dir='ltr'>ἐξ</span> <span class='ocrx_word' id='word_1_530' title='bbox 1625 3395 1762 3457; x_wconf 78' lang='grc' dir='ltr'>ἑνὸς,</span> 
     </span>
    </p>
   </div>
   <div class='ocr_carea' id='block_1_64' title="bbox 175 3484 1771 3557">
    <p class='ocr_par' dir='ltr' id='par_1_64' title="bbox 175 3484 1771 3557">
     <span class='ocr_line' id='line_1_65' title="bbox 175 3484 1771 3557; baseline 0.003 -23"><span class='ocrx_word' id='word_1_531' title='bbox 175 3484 471 3553; x_wconf 85' lang='grc' dir='ltr'>ἀμερίστῳ</span> <span class='ocrx_word' id='word_1_532' title='bbox 520 3485 625 3537; x_wconf 63' lang='grc' dir='ltr'><strong>τινί¹</strong></span> <span class='ocrx_word' id='word_1_533' title='bbox 675 3485 770 3537; x_wconf 74' lang='grc' dir='ltr'>καὶ</span> <span class='ocrx_word' id='word_1_534' title='bbox 809 3485 1117 3555; x_wconf 85' lang='grc' dir='ltr'>ἀδιαστάτῳ</span> <span class='ocrx_word' id='word_1_535' title='bbox 1174 3485 1385 3557; x_wconf 86' lang='grc' dir='ltr'>προόδῳ</span> <span class='ocrx_word' id='word_1_536' title='bbox 1436 3485 1771 3556; x_wconf 85' lang='grc' dir='ltr'>προκύπτον,</span> 
     </span>
    </p>
   </div>
   <div class='ocr_carea' id='block_1_65' title="bbox 176 3571 1767 3649">
    <p class='ocr_par' dir='ltr' id='par_1_65' title="bbox 176 3571 1767 3649">
     <span class='ocr_line' id='line_1_66' title="bbox 176 3571 1767 3649; baseline 0.003 -24"><span class='ocrx_word' id='word_1_537' title='bbox 176 3575 370 3644; x_wconf 73' lang='grc' dir='ltr'>ὥσπερ</span> <span class='ocrx_word' id='word_1_538' title='bbox 409 3576 503 3628; x_wconf 72' lang='grc' dir='ltr'>καὶ</span> <span class='ocrx_word' id='word_1_539' title='bbox 553 3575 879 3646; x_wconf 76' lang='grc' dir='ltr'>χωρίζεσθαι</span> <span class='ocrx_word' id='word_1_540' title='bbox 926 3575 1114 3630; x_wconf 82' lang='grc' dir='ltr'>δοκοῦν</span> <span class='ocrx_word' id='word_1_541' title='bbox 1146 3576 1239 3630; x_wconf 86' lang='grc' dir='ltr'><strong>τοῦ</strong></span> <span class='ocrx_word' id='word_1_542' title='bbox 1284 3578 1342 3629; x_wconf 81' lang='grc' dir='ltr'><strong>ἐν</strong></span> <span class='ocrx_word' id='word_1_543' title='bbox 1392 3571 1543 3649; x_wconf 79' lang='grc' dir='ltr'>ᾧπέρ</span> <span class='ocrx_word' id='word_1_544' title='bbox 1572 3579 1721 3630; x_wconf 83' lang='grc' dir='ltr'>ἐστιν</span> <span class='ocrx_word' id='word_1_545' title='bbox 1756 3593 1767 3605; x_wconf 76' lang='grc'><strong><em>⁸</em></strong></span> 
     </span>
    </p>
   </div>
   <div class='ocr_carea' id='block_1_66' title="bbox 177 3661 1765 3738">
    <p class='ocr_par' dir='ltr' id='par_1_66' title="bbox 177 3661 1765 3738">
     <span class='ocr_line' id='line_1_67' title="bbox 177 3661 1765 3738; baseline 0.001 -21"><span class='ocrx_word' id='word_1_546' title='bbox 177 3667 332 3732; x_wconf 82' lang='grc' dir='ltr'>ὅμως</span> <span class='ocrx_word' id='word_1_547' title='bbox 378 3666 422 3718; x_wconf 74' lang='grc' dir='ltr'>δ’</span> <span class='ocrx_word' id='word_1_548' title='bbox 451 3661 545 3719; x_wconf 86' lang='grc' dir='ltr'><strong>οῦν</strong></span> <span class='ocrx_word' id='word_1_549' title='bbox 576 3670 624 3719; x_wconf 90' lang='grc' dir='ltr'><strong>εἰ</strong></span> <span class='ocrx_word' id='word_1_550' title='bbox 674 3670 768 3721; x_wconf 74' lang='grc' dir='ltr'>καὶ</span> <span class='ocrx_word' id='word_1_551' title='bbox 809 3667 998 3721; x_wconf 89' lang='grc' dir='ltr'>τοῦτον</span> <span class='ocrx_word' id='word_1_552' title='bbox 1031 3667 1143 3738; x_wconf 74' lang='grc' dir='ltr'>ἔχει</span> <span class='ocrx_word' id='word_1_553' title='bbox 1197 3669 1288 3721; x_wconf 87' lang='grc' dir='ltr'>τὸν</span> <span class='ocrx_word' id='word_1_554' title='bbox 1340 3668 1509 3721; x_wconf 85' lang='grc' dir='ltr'>τύπον</span> <span class='ocrx_word' id='word_1_555' title='bbox 1538 3667 1644 3721; x_wconf 83' lang='grc' dir='ltr'><strong>τῶν</strong></span> <span class='ocrx_word' id='word_1_556' title='bbox 1680 3669 1765 3719; x_wconf 87' lang='grc' dir='ltr'><strong>ἐπ’</strong></span> 
     </span>
    </p>
   </div>
   <div class='ocr_carea' id='block_1_67' title="bbox 176 3755 1769 3829">
    <p class='ocr_par' dir='ltr' id='par_1_67' title="bbox 176 3755 1769 3829">
     <span class='ocr_line' id='line_1_68' title="bbox 176 3755 1769 3829; baseline 0.001 -22"><span class='ocrx_word' id='word_1_557' title='bbox 176 3755 368 3818; x_wconf 74' lang='grc' dir='ltr'>αὐτοῖς</span> <span class='ocrx_word' id='word_1_558' title='bbox 426 3758 712 3826; x_wconf 85' lang='grc' dir='ltr'>νοημάτων</span> <span class='ocrx_word' id='word_1_559' title='bbox 744 3760 777 3829; x_wconf 78' lang='grc' dir='ltr'><strong>ἡ</strong></span> <span class='ocrx_word' id='word_1_560' title='bbox 813 3759 1062 3828; x_wconf 76' lang='grc' dir='ltr'>δύναμις,</span> <span class='ocrx_word' id='word_1_561' title='bbox 1098 3758 1212 3810; x_wconf 86' lang='grc' dir='ltr'>ἀλλ’</span> <span class='ocrx_word' id='word_1_562' title='bbox 1262 3761 1319 3811; x_wconf 91' lang='grc' dir='ltr'><strong>ἐν</strong></span> <span class='ocrx_word' id='word_1_563' title='bbox 1360 3758 1531 3829; x_wconf 85' lang='grc' dir='ltr'>ἑτέρῳ</span> <span class='ocrx_word' id='word_1_564' title='bbox 1585 3757 1769 3827; x_wconf 84' lang='grc' dir='ltr'>φαίνε-</span> 
     </span>
    </p>
   </div>
   <div class='ocr_carea' id='block_1_68' title="bbox 184 3848 1772 3919">
    <p class='ocr_par' dir='ltr' id='par_1_68' title="bbox 184 3848 1772 3919">
     <span class='ocr_line' id='line_1_69' title="bbox 184 3848 1772 3919; baseline 0 -18"><span class='ocrx_word' id='word_1_565' title='bbox 184 3864 292 3908; x_wconf 85' lang='grc' dir='ltr'>ται,</span> <span class='ocrx_word' id='word_1_566' title='bbox 310 3848 406 3899; x_wconf 78' lang='grc' dir='ltr'>καὶ</span> <span class='ocrx_word' id='word_1_567' title='bbox 430 3848 623 3901; x_wconf 84' lang='grc' dir='ltr'>ταυτόν</span> <span class='ocrx_word' id='word_1_568' title='bbox 646 3851 784 3901; x_wconf 89' lang='grc' dir='ltr'>εἰσιν</span> <span class='ocrx_word' id='word_1_569' title='bbox 804 3850 925 3901; x_wconf 84' lang='grc' dir='ltr'>ὅσον</span> <span class='ocrx_word' id='word_1_570' title='bbox 946 3851 1023 3913; x_wconf 86' lang='grc' dir='ltr'><strong>εἰς</strong></span> <span class='ocrx_word' id='word_1_571' title='bbox 1042 3850 1227 3901; x_wconf 79' lang='grc' dir='ltr'>οὐσίαν</span> <span class='ocrx_word' id='word_1_572' title='bbox 1259 3850 1563 3919; x_wconf 76' lang='grc' dir='ltr'>ἀμφότερα.</span> <span class='ocrx_word' id='word_1_573' title='bbox 1600 3849 1772 3918; x_wconf 79' lang='grc' dir='ltr'>Εἴπερ</span> 
     </span>
    </p>
   </div>
   <div class='ocr_carea' id='block_1_69' title="bbox 177 3935 1773 4012">
    <p class='ocr_par' dir='ltr' id='par_1_69' title="bbox 177 3935 1773 4012">
     <span class='ocr_line' id='line_1_70' title="bbox 177 3935 1773 4012; baseline 0.001 -21"><span class='ocrx_word' id='word_1_574' title='bbox 177 3935 295 4004; x_wconf 77' lang='grc' dir='ltr'>οὖν,</span> <span class='ocrx_word' id='word_1_575' title='bbox 335 3940 422 3992; x_wconf 84' lang='grc' dir='ltr'><strong>διὰ</strong></span> <span class='ocrx_word' id='word_1_576' title='bbox 452 3940 512 3992; x_wconf 84' lang='grc' dir='ltr'>τὸ</span> <span class='ocrx_word' id='word_1_577' title='bbox 554 3958 650 4010; x_wconf 86' lang='grc' dir='ltr'><strong>της</strong></span> <span class='ocrx_word' id='word_1_578' title='bbox 679 3942 866 4003; x_wconf 78' lang='grc' dir='ltr'>οὐσίας</span> <span class='ocrx_word' id='word_1_579' title='bbox 890 3941 1306 4011; x_wconf 83' lang='grc' dir='ltr'>ἀπαράλλακτον</span> <span class='ocrx_word' id='word_1_580' title='bbox 1352 3941 1445 3993; x_wconf 73' lang='grc' dir='ltr'>καὶ</span> <span class='ocrx_word' id='word_1_581' title='bbox 1489 3942 1550 3994; x_wconf 86' lang='grc' dir='ltr'>τὸ</span> <span class='ocrx_word' id='word_1_582' title='bbox 1590 3943 1647 3993; x_wconf 91' lang='grc' dir='ltr'><strong>ἐν</strong></span> <span class='ocrx_word' id='word_1_583' title='bbox 1695 3942 1773 4012; x_wconf 81' lang='grc' dir='ltr'>τῷ</span> 
     </span>
    </p>
   </div>
   <div class='ocr_carea' id='block_1_70' title="bbox 181 4032 1769 4102">
    <p class='ocr_par' dir='ltr' id='par_1_70' title="bbox 181 4032 1769 4102">
     <span class='ocr_line' id='line_1_71' title="bbox 181 4032 1769 4102; baseline 0.001 -19"><span class='ocrx_word' id='word_1_584' title='bbox 181 4032 499 4100; x_wconf 75' lang='grc' dir='ltr'>χαρακτῆρι</span> <span class='ocrx_word' id='word_1_585' title='bbox 549 4032 828 4094; x_wconf 85' lang='grc' dir='ltr'>παντελως</span> <span class='ocrx_word' id='word_1_586' title='bbox 867 4033 1301 4102; x_wconf 86' lang='grc' dir='ltr'>ἀπαραποιητον,</span> <span class='ocrx_word' id='word_1_587' title='bbox 1337 4034 1365 4083; x_wconf 94' lang='lat'><strong>6</strong></span> <span class='ocrx_word' id='word_1_588' title='bbox 1402 4034 1593 4102; x_wconf 87' lang='grc' dir='ltr'>Πατήρ</span> <span class='ocrx_word' id='word_1_589' title='bbox 1622 4034 1769 4086; x_wconf 82' lang='grc' dir='ltr'>ἐστιν</span> 
     </span>
    </p>
   </div>
   <div class='ocr_carea' id='block_1_71' title="bbox 176 4121 1768 4194">
    <p class='ocr_par' dir='ltr' id='par_1_71' title="bbox 176 4121 1768 4194">
     <span class='ocr_line' id='line_1_72' title="bbox 176 4121 1768 4194; baseline 0.001 -19"><span class='ocrx_word' id='word_1_590' title='bbox 176 4127 239 4175; x_wconf 84' lang='lat' dir='ltr'><strong>tv</strong></span> <span class='ocrx_word' id='word_1_591' title='bbox 276 4122 417 4192; x_wconf 80' lang='grc' dir='ltr'>Υἰῴ,</span> <span class='ocrx_word' id='word_1_592' title='bbox 448 4122 565 4186; x_wconf 87' lang='grc' dir='ltr'><strong>πῶς</strong></span> <span class='ocrx_word' id='word_1_593' title='bbox 589 4124 617 4174; x_wconf 96' lang='lat'><strong>6</strong></span> <span class='ocrx_word' id='word_1_594' title='bbox 648 4121 848 4194; x_wconf 78' lang='grc' dir='ltr'>μείζων</span> <span class='ocrx_word' id='word_1_595' title='bbox 884 4124 941 4176; x_wconf 92' lang='grc' dir='ltr'><strong>ἐν</strong></span> <span class='ocrx_word' id='word_1_596' title='bbox 974 4124 1214 4177; x_wconf 76' lang='grc' dir='ltr'>ἐλάττονι</span> <span class='ocrx_word' id='word_1_597' title='bbox 1241 4125 1359 4176; x_wconf 79' lang='grc' dir='ltr'>κατ’</span> <span class='ocrx_word' id='word_1_598' title='bbox 1390 4123 1633 4186; x_wconf 84' lang='grc' dir='ltr'>ἐκείνους</span> <span class='ocrx_word' id='word_1_599' title='bbox 1657 4124 1768 4178; x_wconf 75' lang='grc' dir='ltr'>ὄντι</span> 
     </span>
    </p>
   </div>
   <div class='ocr_carea' id='block_1_72' title="bbox 175 4214 1767 4286">
    <p class='ocr_par' dir='ltr' id='par_1_72' title="bbox 175 4214 1767 4286">
     <span class='ocr_line' id='line_1_73' title="bbox 175 4214 1767 4286; baseline 0.001 -20"><span class='ocrx_word' id='word_1_600' title='bbox 175 4215 257 4283; x_wconf 82' lang='grc' dir='ltr'>τῷ</span> <span class='ocrx_word' id='word_1_601' title='bbox 308 4214 422 4284; x_wconf 79' lang='grc' dir='ltr'><strong>Υἰῷ</strong></span> <span class='ocrx_word' id='word_1_602' title='bbox 472 4216 708 4284; x_wconf 80' lang='grc' dir='ltr'>χωρήσει</span> <span class='ocrx_word' id='word_1_603' title='bbox 765 4215 859 4268; x_wconf 74' lang='grc' dir='ltr'><strong>καὶ</strong></span> <span class='ocrx_word' id='word_1_604' title='bbox 900 4214 1230 4285; x_wconf 86' lang='grc' dir='ltr'>ὀφθήσεται·</span> <span class='ocrx_word' id='word_1_605' title='bbox 1285 4214 1501 4286; x_wconf 79' lang='grc' dir='ltr'>Ἐπειδὴ</span> <span class='ocrx_word' id='word_1_606' title='bbox 1540 4215 1595 4268; x_wconf 84' lang='grc' dir='ltr'>δὲ</span> <span class='ocrx_word' id='word_1_607' title='bbox 1647 4215 1767 4279; x_wconf 86' lang='grc' dir='ltr'>ὅλος</span> 
     </span>
    </p>
   </div>
   <div class='ocr_carea' id='block_1_73' title="bbox 1876 3298 3459 3376">
    <p class='ocr_par' dir='ltr' id='par_1_73' title="bbox 1876 3298 3459 3376">
     <span class='ocr_line' id='line_1_74' title="bbox 1876 3298 3459 3376; baseline -0.004 -16"><span class='ocrx_word' id='word_1_608' title='bbox 1876 3306 2183 3361; x_wconf 88' lang='lat' dir='ltr'><strong>continenti</strong></span> <span class='ocrx_word' id='word_1_609' title='bbox 2231 3320 2525 3376; x_wconf 81' lang='lat' dir='ltr'><strong>progressu</strong></span> <span class='ocrx_word' id='word_1_610' title='bbox 2561 3304 2765 3375; x_wconf 86' lang='lat' dir='ltr'><strong>prodit,</strong></span> <span class='ocrx_word' id='word_1_611' title='bbox 2800 3301 3265 3374; x_wconf 89' lang='lat' dir='ltr'><strong>quemadmodum</strong></span> <span class='ocrx_word' id='word_1_612' title='bbox 3306 3307 3361 3354; x_wconf 93' lang='lat' dir='ltr'><strong>et</strong></span> <span class='ocrx_word' id='word_1_613' title='bbox 3390 3298 3459 3354; x_wconf 88' lang='lat' dir='ltr'><strong>ab</strong></span> 
     </span>
    </p>
   </div>
   <div class='ocr_carea' id='block_1_74' title="bbox 1874 3390 3461 3465">
    <p class='ocr_par' dir='ltr' id='par_1_74' title="bbox 1874 3390 3461 3465">
     <span class='ocr_line' id='line_1_75' title="bbox 1874 3390 3461 3465; baseline -0.005 -14"><span class='ocrx_word' id='word_1_614' title='bbox 1874 3412 1939 3451; x_wconf 87' lang='lat' dir='ltr'><strong>eo</strong></span> <span class='ocrx_word' id='word_1_615' title='bbox 1970 3398 2023 3450; x_wconf 91' lang='lat' dir='ltr'><strong>in</strong></span> <span class='ocrx_word' id='word_1_616' title='bbox 2061 3411 2171 3465; x_wconf 83' lang='lat' dir='ltr'><strong>quo</strong></span> <span class='ocrx_word' id='word_1_617' title='bbox 2204 3404 2290 3450; x_wconf 84' lang='lat' dir='ltr'><strong>est</strong></span> <span class='ocrx_word' id='word_1_618' title='bbox 2339 3395 2588 3464; x_wconf 89' lang='lat' dir='ltr'><strong>separari</strong></span> <span class='ocrx_word' id='word_1_619' title='bbox 2622 3394 2839 3449; x_wconf 87' lang='lat' dir='ltr'><strong>videtur</strong></span> <span class='ocrx_word' id='word_1_620' title='bbox 2868 3410 2883 3447; x_wconf 87' lang='lat'><strong>:</strong></span> <span class='ocrx_word' id='word_1_621' title='bbox 2917 3401 3295 3447; x_wconf 83' lang='lat' dir='ltr'><strong>verumtamen</strong></span> <span class='ocrx_word' id='word_1_622' title='bbox 3334 3390 3461 3445; x_wconf 88' lang='lat' dir='ltr'><strong>licet</strong></span> 
     </span>
    </p>
   </div>
   <div class='ocr_carea' id='block_1_75' title="bbox 1872 3483 3457 3558">
    <p class='ocr_par' dir='ltr' id='par_1_75' title="bbox 1872 3483 3457 3558">
     <span class='ocr_line' id='line_1_76' title="bbox 1872 3483 3457 3558; baseline -0.004 -16"><span class='ocrx_word' id='word_1_623' title='bbox 1872 3488 2018 3542; x_wconf 86' lang='lat' dir='ltr'><strong>hunc</strong></span> <span class='ocrx_word' id='word_1_624' title='bbox 2069 3487 2417 3558; x_wconf 88' lang='lat' dir='ltr'><strong>concipiendi</strong></span> <span class='ocrx_word' id='word_1_625' title='bbox 2460 3487 2683 3541; x_wconf 88' lang='lat' dir='ltr'><strong>modum</strong></span> <span class='ocrx_word' id='word_1_626' title='bbox 2736 3501 2853 3557; x_wconf 68' lang='lat' dir='ltr'><strong>pra:</strong></span> <span class='ocrx_word' id='word_1_627' title='bbox 2896 3501 2956 3539; x_wconf 87' lang='lat' dir='ltr'><strong>se</strong></span> <span class='ocrx_word' id='word_1_628' title='bbox 2991 3485 3191 3547; x_wconf 81' lang='lat' dir='ltr'><strong>ferant,</strong></span> <span class='ocrx_word' id='word_1_629' title='bbox 3224 3483 3457 3537; x_wconf 86' lang='lat' dir='ltr'><strong>alterum</strong></span> 
     </span>
    </p>
   </div>
   <div class='ocr_carea' id='block_1_76' title="bbox 1871 3578 3458 3645">
    <p class='ocr_par' dir='ltr' id='par_1_76' title="bbox 1871 3578 3458 3645">
     <span class='ocr_line' id='line_1_77' title="bbox 1871 3578 3458 3645; baseline -0.006 -12"><span class='ocrx_word' id='word_1_630' title='bbox 1871 3587 2057 3634; x_wconf 89' lang='lat' dir='ltr'><strong>tamen</strong></span> <span class='ocrx_word' id='word_1_631' title='bbox 2114 3580 2169 3635; x_wconf 92' lang='lat' dir='ltr'><strong>in</strong></span> <span class='ocrx_word' id='word_1_632' title='bbox 2226 3580 2401 3634; x_wconf 89' lang='lat' dir='ltr'><strong>altero</strong></span> <span class='ocrx_word' id='word_1_633' title='bbox 2456 3579 2731 3645; x_wconf 87' lang='lat' dir='ltr'><strong>cernitur,</strong></span> <span class='ocrx_word' id='word_1_634' title='bbox 2759 3588 2814 3633; x_wconf 88' lang='lat' dir='ltr'><strong>et</strong></span> <span class='ocrx_word' id='word_1_635' title='bbox 2851 3578 2995 3632; x_wconf 89' lang='lat' dir='ltr'><strong>idem</strong></span> <span class='ocrx_word' id='word_1_636' title='bbox 3048 3582 3180 3630; x_wconf 92' lang='lat' dir='ltr'><strong>sunt</strong></span> <span class='ocrx_word' id='word_1_637' title='bbox 3228 3583 3458 3640; x_wconf 87' lang='lat' dir='ltr'><strong>utraque</strong></span> 
     </span>
    </p>
   </div>
   <div class='ocr_carea' id='block_1_77' title="bbox 1869 3665 3458 3741">
    <p class='ocr_par' dir='ltr' id='par_1_77' title="bbox 1869 3665 3458 3741">
     <span class='ocr_line' id='line_1_78' title="bbox 1869 3665 3458 3741; baseline -0.007 -16"><span class='ocrx_word' id='word_1_638' title='bbox 1869 3672 2055 3741; x_wconf 90' lang='lat' dir='ltr'><strong>quoad</strong></span> <span class='ocrx_word' id='word_1_639' title='bbox 2083 3670 2471 3725; x_wconf 87' lang='lat' dir='ltr'><strong>substantiam.</strong></span> <span class='ocrx_word' id='word_1_640' title='bbox 2500 3669 2557 3725; x_wconf 89' lang='lat' dir='ltr'><strong>Si</strong></span> <span class='ocrx_word' id='word_1_641' title='bbox 2587 3685 2717 3740; x_wconf 83' lang='lat' dir='ltr'><strong>ergo</strong></span> <span class='ocrx_word' id='word_1_642' title='bbox 2745 3678 2967 3739; x_wconf 90' lang='lat' dir='ltr'><strong>propter</strong></span> <span class='ocrx_word' id='word_1_643' title='bbox 2998 3665 3458 3737; x_wconf 80' lang='lat' dir='ltr'><strong>perfectissimam</strong></span> 
     </span>
    </p>
   </div>
   <div class='ocr_carea' id='block_1_78' title="bbox 1872 3754 3460 3826">
    <p class='ocr_par' dir='ltr' id='par_1_78' title="bbox 1872 3754 3460 3826">
     <span class='ocr_line' id='line_1_79' title="bbox 1872 3754 3460 3826; baseline -0.006 -9"><span class='ocrx_word' id='word_1_644' title='bbox 1872 3762 2211 3817; x_wconf 89' lang='lat' dir='ltr'><strong>identitatem</strong></span> <span class='ocrx_word' id='word_1_645' title='bbox 2244 3763 2595 3826; x_wconf 85' lang='lat' dir='ltr'><strong>substantiae,</strong></span> <span class='ocrx_word' id='word_1_646' title='bbox 2622 3770 2675 3816; x_wconf 93' lang='lat' dir='ltr'><strong>et</strong></span> <span class='ocrx_word' id='word_1_647' title='bbox 2712 3759 3057 3815; x_wconf 84' lang='lat' dir='ltr'><strong>eharacteris</strong></span> <span class='ocrx_word' id='word_1_648' title='bbox 3085 3754 3460 3812; x_wconf 87' lang='lat' dir='ltr'><strong>omnimodam</strong></span> 
     </span>
    </p>
   </div>
   <div class='ocr_carea' id='block_1_79' title="bbox 1874 3846 3459 3922">
    <p class='ocr_par' dir='ltr' id='par_1_79' title="bbox 1874 3846 3459 3922">
     <span class='ocr_line' id='line_1_80' title="bbox 1874 3846 3459 3922; baseline -0.007 -12"><span class='ocrx_word' id='word_1_649' title='bbox 1874 3854 2290 3910; x_wconf 89' lang='lat' dir='ltr'><strong>similitudinem</strong></span> <span class='ocrx_word' id='word_1_650' title='bbox 2320 3856 2482 3911; x_wconf 83' lang='lat' dir='ltr'><strong>Pater</strong></span> <span class='ocrx_word' id='word_1_651' title='bbox 2505 3863 2591 3910; x_wconf 92' lang='lat' dir='ltr'><strong>est</strong></span> <span class='ocrx_word' id='word_1_652' title='bbox 2624 3855 2681 3909; x_wconf 92' lang='lat' dir='ltr'><strong>in</strong></span> <span class='ocrx_word' id='word_1_653' title='bbox 2709 3853 2869 3916; x_wconf 88' lang='lat' dir='ltr'><strong>Filio,</strong></span> <span class='ocrx_word' id='word_1_654' title='bbox 2894 3850 3172 3922; x_wconf 88' lang='lat' dir='ltr'><strong>quomodo</strong></span> <span class='ocrx_word' id='word_1_655' title='bbox 3196 3848 3375 3917; x_wconf 84' lang='lat' dir='ltr'><strong>major</strong></span> <span class='ocrx_word' id='word_1_656' title='bbox 3404 3846 3459 3899; x_wconf 94' lang='lat' dir='ltr'><strong>in</strong></span> 
     </span>
    </p>
   </div>
   <div class='ocr_carea' id='block_1_80' title="bbox 1874 3943 3460 4011">
    <p class='ocr_par' dir='ltr' id='par_1_80' title="bbox 1874 3943 3460 4011">
     <span class='ocr_line' id='line_1_81' title="bbox 1874 3943 3460 4011; baseline -0.005 -12"><span class='ocrx_word' id='word_1_657' title='bbox 1874 3947 2121 4009; x_wconf 86' lang='lat' dir='ltr'><strong>minore,</strong></span> <span class='ocrx_word' id='word_1_658' title='bbox 2156 3954 2216 4001; x_wconf 87' lang='lat' dir='ltr'><strong>ut</strong></span> <span class='ocrx_word' id='word_1_659' title='bbox 2265 3946 2343 4002; x_wconf 92' lang='lat' dir='ltr'><strong>illi</strong></span> <span class='ocrx_word' id='word_1_660' title='bbox 2377 3948 2590 4011; x_wconf 92' lang='lat' dir='ltr'><strong>volunt,</strong></span> <span class='ocrx_word' id='word_1_661' title='bbox 2630 3944 2769 3999; x_wconf 87' lang='lat' dir='ltr'><strong>Filio</strong></span> <span class='ocrx_word' id='word_1_662' title='bbox 2810 3943 3179 3999; x_wconf 70' lang='lat' dir='ltr'><strong>continebitur</strong></span> <span class='ocrx_word' id='word_1_663' title='bbox 3239 3953 3304 3994; x_wconf 90' lang='lat' dir='ltr'><strong>ac</strong></span> <span class='ocrx_word' id='word_1_664' title='bbox 3336 3952 3460 3992; x_wconf 88' lang='lat' dir='ltr'><strong>cer-</strong></span> 
     </span>
    </p>
   </div>
   <div class='ocr_carea' id='block_1_81' title="bbox 1873 4024 3460 4098">
    <p class='ocr_par' dir='ltr' id='par_1_81' title="bbox 1873 4024 3460 4098">
     <span class='ocr_line' id='line_1_82' title="bbox 1873 4024 3460 4098; baseline -0.008 -11"><span class='ocrx_word' id='word_1_665' title='bbox 1873 4035 2232 4089; x_wconf 87' lang='lat' dir='ltr'><strong>netur?Cum</strong></span> <span class='ocrx_word' id='word_1_666' title='bbox 2292 4043 2475 4091; x_wconf 91' lang='lat' dir='ltr'><strong>autem</strong></span> <span class='ocrx_word' id='word_1_667' title='bbox 2531 4041 2682 4088; x_wconf 90' lang='lat' dir='ltr'><strong>totus</strong></span> <span class='ocrx_word' id='word_1_668' title='bbox 2742 4033 2814 4087; x_wconf 89' lang='lat' dir='ltr'><strong>sit</strong></span> <span class='ocrx_word' id='word_1_669' title='bbox 2876 4047 2928 4085; x_wconf 86' lang='grc' dir='ltr'><strong>ιιι</strong></span> <span class='ocrx_word' id='word_1_670' title='bbox 2994 4030 3136 4098; x_wconf 89' lang='lat' dir='ltr'><strong>ipso,</strong></span> <span class='ocrx_word' id='word_1_671' title='bbox 3179 4024 3460 4097; x_wconf 75' lang='lat' dir='ltr'><strong>perfectus</strong></span> 
     </span>
    </p>
   </div>
   <div class='ocr_carea' id='block_1_82' title="bbox 1878 4114 3460 4196">
    <p class='ocr_par' dir='ltr' id='par_1_82' title="bbox 1878 4114 3460 4196">
     <span class='ocr_line' id='line_1_83' title="bbox 1878 4114 3460 4196; baseline -0.01 -15"><span class='ocrx_word' id='word_1_672' title='bbox 1878 4126 2065 4196; x_wconf 88' lang='lat' dir='ltr'><strong>utique</strong></span> <span class='ocrx_word' id='word_1_673' title='bbox 2105 4142 2336 4195; x_wconf 85' lang='lat' dir='ltr'><strong>prorsus</strong></span> <span class='ocrx_word' id='word_1_674' title='bbox 2369 4134 2454 4180; x_wconf 91' lang='lat' dir='ltr'><strong>est</strong></span> <span class='ocrx_word' id='word_1_675' title='bbox 2493 4124 2691 4187; x_wconf 86' lang='lat' dir='ltr'><strong>Filius,</strong></span> <span class='ocrx_word' id='word_1_676' title='bbox 2726 4122 2820 4192; x_wconf 90' lang='lat' dir='ltr'><strong>qui</strong></span> <span class='ocrx_word' id='word_1_677' title='bbox 2872 4120 3179 4192; x_wconf 80' lang='lat' dir='ltr'><strong>perfectum</strong></span> <span class='ocrx_word' id='word_1_678' title='bbox 3208 4114 3380 4185; x_wconf 89' lang='lat' dir='ltr'><strong>capit,</strong></span> <span class='ocrx_word' id='word_1_679' title='bbox 3406 4120 3460 4166; x_wconf 89' lang='lat' dir='ltr'><strong>et</strong></span> 
     </span>
    </p>
   </div>
   <div class='ocr_carea' id='block_1_83' title="bbox 1870 4215 2724 4287">
    <p class='ocr_par' dir='ltr' id='par_1_83' title="bbox 1870 4215 2724 4287">
     <span class='ocr_line' id='line_1_84' title="bbox 1870 4215 2724 4287; baseline -0.005 -16"><span class='ocrx_word' id='word_1_680' title='bbox 1870 4217 2159 4272; x_wconf 83' lang='lat' dir='ltr'><strong>character</strong></span> <span class='ocrx_word' id='word_1_681' title='bbox 2190 4225 2275 4274; x_wconf 91' lang='lat' dir='ltr'><strong>est</strong></span> <span class='ocrx_word' id='word_1_682' title='bbox 2307 4216 2487 4287; x_wconf 80' lang='lat' dir='ltr'><strong>magni</strong></span> <span class='ocrx_word' id='word_1_683' title='bbox 2521 4215 2724 4269; x_wconf 84' lang='lat' dir='ltr'><strong>Patris.</strong></span> 
     </span>
    </p>
   </div>
   <div class='ocr_carea' id='block_1_84' title="bbox 178 4294 3459 4379">
    <p class='ocr_par' dir='ltr' id='par_1_84' title="bbox 178 4294 3459 4379">
     <span class='ocr_line' id='line_1_85' title="bbox 178 4294 3459 4379; baseline -0.001 -21"><span class='ocrx_word' id='word_1_684' title='bbox 178 4308 331 4359; x_wconf 75' lang='grc' dir='ltr'>ἐστὶν</span> <span class='ocrx_word' id='word_1_685' title='bbox 360 4308 419 4359; x_wconf 89' lang='grc' dir='ltr'><strong>ἐν</strong></span> <span class='ocrx_word' id='word_1_686' title='bbox 445 4306 616 4377; x_wconf 84' lang='grc' dir='ltr'>αὐτῷ,</span> <span class='ocrx_word' id='word_1_687' title='bbox 653 4307 855 4367; x_wconf 82' lang='grc' dir='ltr'>τέλειος</span> <span class='ocrx_word' id='word_1_688' title='bbox 898 4307 1007 4378; x_wconf 79' lang='grc' dir='ltr'>ἄρα</span> <span class='ocrx_word' id='word_1_689' title='bbox 1052 4308 1270 4370; x_wconf 87' lang='grc' dir='ltr'>πάντως</span> <span class='ocrx_word' id='word_1_690' title='bbox 1318 4309 1465 4360; x_wconf 74' lang='grc' dir='ltr'>ἐστὶν</span> <span class='ocrx_word' id='word_1_691' title='bbox 1498 4310 1526 4360; x_wconf 93' lang='lat'><strong>6</strong></span> <span class='ocrx_word' id='word_1_692' title='bbox 1558 4307 1705 4374; x_wconf 83' lang='grc' dir='ltr'>Υἱὸς,</span> <span class='ocrx_word' id='word_1_693' title='bbox 1740 4311 1767 4361; x_wconf 90' lang='lat'><strong>6</strong></span> <span class='ocrx_word' id='word_1_694' title='bbox 1803 4311 1896 4363; x_wconf 84' lang='grc' dir='ltr'><strong>τοῦ</strong></span> <span class='ocrx_word' id='word_1_695' title='bbox 1966 4311 2172 4363; x_wconf 88' lang='grc' dir='ltr'>τελείου</span> <span class='ocrx_word' id='word_1_696' title='bbox 2220 4304 2547 4379; x_wconf 74' lang='grc' dir='ltr'>χωρητικὸς,</span> <span class='ocrx_word' id='word_1_697' title='bbox 2597 4308 2690 4361; x_wconf 62' lang='grc' dir='ltr'><strong>καὶ⁵</strong></span> <span class='ocrx_word' id='word_1_698' title='bbox 2757 4306 3040 4376; x_wconf 85' lang='grc' dir='ltr'>χαρακτὴρ</span> <span class='ocrx_word' id='word_1_699' title='bbox 3078 4302 3169 4355; x_wconf 88' lang='grc' dir='ltr'><strong>τοῦ</strong></span> <span class='ocrx_word' id='word_1_700' title='bbox 3221 4294 3459 4367; x_wconf 80' lang='grc' dir='ltr'>μεγάλου</span> 
     </span>
    </p>
   </div>
   <div class='ocr_carea' id='block_1_85' title="bbox 182 4399 424 4470">
    <p class='ocr_par' dir='ltr' id='par_1_85' title="bbox 182 4399 424 4470">
     <span class='ocr_line' id='line_1_86' title="bbox 182 4399 424 4470; baseline 0.025 -20"><span class='ocrx_word' id='word_1_701' title='bbox 182 4399 424 4470; x_wconf 78' lang='grc' dir='ltr'>Πατρός.</span> 
     </span>
    </p>
   </div>
   <div class='ocr_carea' id='block_1_86' title="bbox 804 4494 1163 4548">
    <p class='ocr_par' dir='ltr' id='par_1_86' title="bbox 804 4494 1163 4548">
     <span class='ocr_line' id='line_1_87' title="bbox 804 4494 1163 4548; baseline 0.006 -2"><span class='ocrx_word' id='word_1_702' title='bbox 804 4494 1054 4548; x_wconf 79' lang='grc' dir='ltr'><strong>ΚΕΦΑΛ.</strong></span> <span class='ocrx_word' id='word_1_703' title='bbox 1094 4499 1163 4548; x_wconf 87' lang='grc' dir='ltr'><strong>Δ’.</strong></span> 
     </span>
    </p>
   </div>
   <div class='ocr_carea' id='block_1_87' title="bbox 180 4581 1769 4653">
    <p class='ocr_par' dir='ltr' id='par_1_87' title="bbox 180 4581 1769 4653">
     <span class='ocr_line' id='line_1_88' title="bbox 180 4581 1769 4653; baseline 0.001 -17"><span class='ocrx_word' id='word_1_704' title='bbox 180 4583 345 4653; x_wconf 72' lang='grc' dir='ltr'>Πρὸς</span> <span class='ocrx_word' id='word_1_705' title='bbox 380 4581 519 4653; x_wconf 77' lang='grc' dir='ltr'>τοὺς</span> <span class='ocrx_word' id='word_1_706' title='bbox 553 4582 898 4651; x_wconf 73' lang='grc' dir='ltr'>τολμῶντας</span> <span class='ocrx_word' id='word_1_707' title='bbox 933 4584 1151 4653; x_wconf 71' lang='grc' dir='ltr'>λέγειν,</span> <span class='ocrx_word' id='word_1_708' title='bbox 1188 4586 1275 4638; x_wconf 84' lang='grc' dir='ltr'>ὅτι</span> <span class='ocrx_word' id='word_1_709' title='bbox 1310 4585 1508 4652; x_wconf 82' lang='grc' dir='ltr'>ἕτερός</span> <span class='ocrx_word' id='word_1_710' title='bbox 1542 4584 1710 4637; x_wconf 71' lang='grc' dir='ltr'>ἐστιν</span> <span class='ocrx_word' id='word_1_711' title='bbox 1737 4587 1769 4637; x_wconf 87' lang='grc' dir='ltr'><strong>ό</strong></span> 
     </span>
    </p>
   </div>
   <div class='ocr_carea' id='block_1_88' title="bbox 249 4650 1761 4720">
    <p class='ocr_par' dir='ltr' id='par_1_88' title="bbox 249 4650 1761 4720">
     <span class='ocr_line' id='line_1_89' title="bbox 249 4650 1761 4720; baseline 0.001 -16"><span class='ocrx_word' id='word_1_712' title='bbox 249 4650 590 4716; x_wconf 71' lang='grc' dir='ltr'>ἐνδιάθετος</span> <span class='ocrx_word' id='word_1_713' title='bbox 644 4653 743 4706; x_wconf 79' lang='grc' dir='ltr'>καὶ</span> <span class='ocrx_word' id='word_1_714' title='bbox 802 4650 1063 4720; x_wconf 69' lang='grc' dir='ltr'>φυσικός</span> <span class='ocrx_word' id='word_1_715' title='bbox 1120 4655 1191 4707; x_wconf 82' lang='grc' dir='ltr'><strong>ἐν</strong></span> <span class='ocrx_word' id='word_1_716' title='bbox 1248 4653 1369 4719; x_wconf 85' lang='grc' dir='ltr'><strong>Θεῷ</strong></span> <span class='ocrx_word' id='word_1_717' title='bbox 1404 4650 1519 4707; x_wconf 60' lang='grc' dir='ltr'>καὶ</span> <span class='ocrx_word' id='word_1_718' title='bbox 1579 4653 1761 4719; x_wconf 82' lang='grc' dir='ltr'>Πατρί</span> 
     </span>
    </p>
   </div>
   <div class='ocr_carea' id='block_1_89' title="bbox 255 4721 1761 4791">
    <p class='ocr_par' dir='ltr' id='par_1_89' title="bbox 255 4721 1761 4791">
     <span class='ocr_line' id='line_1_90' title="bbox 255 4721 1761 4791; baseline -0.008 -5"><span class='ocrx_word' id='word_1_719' title='bbox 255 4722 471 4787; x_wconf 65' lang='grc' dir='ltr'>Λόγος.</span> <span class='ocrx_word' id='word_1_720' title='bbox 504 4723 598 4773; x_wconf 74' lang='grc' dir='ltr'>καὶ</span> <span class='ocrx_word' id='word_1_721' title='bbox 630 4721 830 4789; x_wconf 64' lang='grc' dir='ltr'>ἕτερος</span> <span class='ocrx_word' id='word_1_722' title='bbox 870 4726 902 4775; x_wconf 85' lang='grc' dir='ltr'><em>ὀ</em></span> <span class='ocrx_word' id='word_1_723' title='bbox 935 4724 1092 4790; x_wconf 76' lang='grc' dir='ltr'>παρὰ</span> <span class='ocrx_word' id='word_1_724' title='bbox 1114 4724 1241 4789; x_wconf 84' lang='grc' dir='ltr'>ταῖς</span> <span class='ocrx_word' id='word_1_725' title='bbox 1276 4726 1458 4787; x_wconf 78' lang='grc' dir='ltr'>θείαις</span> <span class='ocrx_word' id='word_1_726' title='bbox 1495 4724 1761 4791; x_wconf 58' lang='grc' dir='ltr'>Γραφιαῆ</span> 
     </span>
    </p>
   </div>
   <div class='ocr_carea' id='block_1_90' title="bbox 251 4792 1763 4863">
    <p class='ocr_par' dir='ltr' id='par_1_90' title="bbox 251 4792 1763 4863">
     <span class='ocr_line' id='line_1_91' title="bbox 251 4792 1763 4863; baseline 0.001 -20"><span class='ocrx_word' id='word_1_727' title='bbox 251 4792 580 4863; x_wconf 65' lang='grc' dir='ltr'>λεγόμενος</span> <span class='ocrx_word' id='word_1_728' title='bbox 609 4793 965 4863; x_wconf 14' lang='grc' dir='ltr'><strong>Υἱός-γ’νΕστι</strong></span> <span class='ocrx_word' id='word_1_729' title='bbox 1000 4793 1067 4846; x_wconf 77' lang='grc' dir='ltr'>δὲ</span> <span class='ocrx_word' id='word_1_730' title='bbox 1098 4792 1217 4848; x_wconf 83' lang='grc' dir='ltr'><strong>τῶν</strong></span> <span class='ocrx_word' id='word_1_731' title='bbox 1252 4796 1381 4861; x_wconf 74' lang='grc' dir='ltr'>περὶ</span> <span class='ocrx_word' id='word_1_732' title='bbox 1408 4794 1705 4863; x_wconf 71' lang='grc' dir='ltr'>Εὐνόμιον</span> <span class='ocrx_word' id='word_1_733' title='bbox 1727 4792 1763 4857; x_wconf 72' lang='grc' dir='ltr'>ἢ</span> 
     </span>
    </p>
   </div>
   <div class='ocr_carea' id='block_1_91' title="bbox 254 4861 878 4925">
    <p class='ocr_par' dir='ltr' id='par_1_91' title="bbox 254 4861 878 4925">
     <span class='ocr_line' id='line_1_92' title="bbox 254 4861 878 4925; baseline -0.002 -12"><span class='ocrx_word' id='word_1_734' title='bbox 254 4861 500 4925; x_wconf 80' lang='grc' dir='ltr'>τοιαύτη</span> <span class='ocrx_word' id='word_1_735' title='bbox 536 4861 878 4924; x_wconf 80' lang='grc' dir='ltr'>κακοδοξία.</span> 
     </span>
    </p>
   </div>
   <div class='ocr_carea' id='block_1_92' title="bbox 244 4947 1340 5022">
    <p class='ocr_par' dir='ltr' id='par_1_92' title="bbox 244 4947 1340 5022">
     <span class='ocr_line' id='line_1_93' title="bbox 244 4947 1340 5022; baseline 0.002 -18"><span class='ocrx_word' id='word_1_736' title='bbox 244 4947 439 5016; x_wconf 80' lang='grc' dir='ltr'>Οὗτος</span> <span class='ocrx_word' id='word_1_737' title='bbox 466 4948 545 5021; x_wconf 78' lang='grc' dir='ltr'><strong>ἦν</strong></span> <span class='ocrx_word' id='word_1_738' title='bbox 570 4952 639 5004; x_wconf 78' lang='grc' dir='ltr'><strong>ἐν</strong></span> <span class='ocrx_word' id='word_1_739' title='bbox 676 4952 833 5021; x_wconf 73' lang='grc' dir='ltr'>ἀρχῇ</span> <span class='ocrx_word' id='word_1_740' title='bbox 858 4955 1004 5022; x_wconf 84' lang='grc' dir='ltr'>πρὸς</span> <span class='ocrx_word' id='word_1_741' title='bbox 1038 4952 1144 5005; x_wconf 80' lang='grc' dir='ltr'><strong>τὸν</strong></span> <span class='ocrx_word' id='word_1_742' title='bbox 1177 4954 1340 5009; x_wconf 80' lang='grc' dir='ltr'>Θεόν.</span> 
     </span>
    </p>
   </div>
   <div class='ocr_carea' id='block_1_93' title="bbox 265 5040 1764 5113">
    <p class='ocr_par' dir='ltr' id='par_1_93' title="bbox 265 5040 1764 5113">
     <span class='ocr_line' id='line_1_94' title="bbox 265 5040 1764 5113; baseline 0.001 -21"><span class='ocrx_word' id='word_1_743' title='bbox 265 5040 767 5107; x_wconf 78' lang='grc' dir='ltr'>’Δνακεφαλαίωσιν</span> <span class='ocrx_word' id='word_1_744' title='bbox 796 5043 892 5110; x_wconf 85' lang='grc' dir='ltr'>μὲν</span> <span class='ocrx_word' id='word_1_745' title='bbox 923 5042 1110 5113; x_wconf 84' lang='grc' dir='ltr'>ὥσπερ</span> <span class='ocrx_word' id='word_1_746' title='bbox 1144 5043 1265 5096; x_wconf 76' lang='grc' dir='ltr'>τινὰ</span> <span class='ocrx_word' id='word_1_747' title='bbox 1300 5043 1410 5095; x_wconf 85' lang='grc' dir='ltr'>τῶν</span> <span class='ocrx_word' id='word_1_748' title='bbox 1452 5044 1552 5113; x_wconf 83' lang='grc' dir='ltr'>’ήδη</span> <span class='ocrx_word' id='word_1_749' title='bbox 1584 5059 1764 5112; x_wconf 79' lang='grc' dir='ltr'>προειο</span> 
     </span>
    </p>
   </div>
   <div class='ocr_carea' id='block_1_94' title="bbox 183 5131 1765 5205">
    <p class='ocr_par' dir='ltr' id='par_1_94' title="bbox 183 5131 1765 5205">
     <span class='ocr_line' id='line_1_95' title="bbox 183 5131 1765 5205; baseline 0.002 -23"><span class='ocrx_word' id='word_1_750' title='bbox 183 5150 251 5201; x_wconf 77' lang='grc' dir='ltr'><strong>ρη</strong></span> <span class='ocrx_word' id='word_1_751' title='bbox 262 5131 444 5201; x_wconf 85' lang='grc' dir='ltr'>μένων</span> <span class='ocrx_word' id='word_1_752' title='bbox 469 5132 526 5183; x_wconf 83' lang='grc' dir='ltr'><strong>ἐν</strong></span> <span class='ocrx_word' id='word_1_753' title='bbox 545 5133 753 5195; x_wconf 88' lang='grc' dir='ltr'>τούτοις</span> <span class='ocrx_word' id='word_1_754' title='bbox 783 5134 810 5185; x_wconf 91' lang='lat'><strong>6</strong></span> <span class='ocrx_word' id='word_1_755' title='bbox 835 5135 1225 5205; x_wconf 76' lang='grc' dir='ltr'>εὐαγγελιστὴς</span> <span class='ocrx_word' id='word_1_756' title='bbox 1256 5136 1566 5204; x_wconf 83' lang='grc' dir='ltr'>ἐποιήσατο.</span> <span class='ocrx_word' id='word_1_757' title='bbox 1593 5134 1765 5203; x_wconf 85' lang='grc' dir='ltr'>Προσ-</span> 
     </span>
    </p>
   </div>
   <div class='ocr_carea' id='block_1_95' title="bbox 180 5218 1764 5296">
    <p class='ocr_par' dir='ltr' id='par_1_95' title="bbox 180 5218 1764 5296">
     <span class='ocr_line' id='line_1_96' title="bbox 180 5218 1764 5296; baseline 0.001 -21"><span class='ocrx_word' id='word_1_758' title='bbox 180 5224 299 5285; x_wconf 66' lang='lat' dir='ltr'><strong>Ott;</strong></span> <span class='ocrx_word' id='word_1_759' title='bbox 356 5222 415 5275; x_wconf 85' lang='grc' dir='ltr'>δὲ</span> <span class='ocrx_word' id='word_1_760' title='bbox 463 5222 523 5275; x_wconf 72' lang='grc' dir='ltr'><strong>τὸ</strong></span> <span class='ocrx_word' id='word_1_761' title='bbox 577 5241 597 5274; x_wconf 78' lang='grc' dir='ltr'><strong>ι</strong></span> <span class='ocrx_word' id='word_1_762' title='bbox 633 5218 824 5289; x_wconf 81' lang='grc' dir='ltr'>Οὗτος,</span> <span class='ocrx_word' id='word_1_763' title='bbox 868 5244 887 5275; x_wconf 78' lang='grc' dir='ltr'><strong>ι</strong></span> <span class='ocrx_word' id='word_1_764' title='bbox 961 5227 1242 5296; x_wconf 72' lang='grc' dir='ltr'>μονονουχὶ</span> <span class='ocrx_word' id='word_1_765' title='bbox 1292 5226 1489 5295; x_wconf 77' lang='grc' dir='ltr'>βοήσας</span> <span class='ocrx_word' id='word_1_766' title='bbox 1548 5227 1764 5295; x_wconf 79' lang='grc' dir='ltr'>ὁρᾶται,</span> 
     </span>
    </p>
   </div>
   <div class='ocr_carea' id='block_1_96' title="bbox 186 5315 1766 5388">
    <p class='ocr_par' dir='ltr' id='par_1_96' title="bbox 186 5315 1766 5388">
     <span class='ocr_line' id='line_1_97' title="bbox 186 5315 1766 5388; baseline 0.002 -22"><span class='ocrx_word' id='word_1_767' title='bbox 186 5335 203 5366; x_wconf 76' lang='grc' dir='ltr'><strong>ι</strong></span> <span class='ocrx_word' id='word_1_768' title='bbox 228 5317 290 5368; x_wconf 88' lang='grc'><strong>’0</strong></span> <span class='ocrx_word' id='word_1_769' title='bbox 317 5315 393 5367; x_wconf 82' lang='grc' dir='ltr'>ὢν</span> <span class='ocrx_word' id='word_1_770' title='bbox 418 5316 476 5367; x_wconf 84' lang='grc' dir='ltr'><strong>ἐν</strong></span> <span class='ocrx_word' id='word_1_771' title='bbox 502 5316 668 5387; x_wconf 80' lang='grc' dir='ltr'>ἀρχῇ,</span> <span class='ocrx_word' id='word_1_772' title='bbox 699 5335 716 5367; x_wconf 85' lang='grc' dir='ltr'><strong>ι</strong></span> <span class='ocrx_word' id='word_1_773' title='bbox 752 5319 781 5370; x_wconf 92' lang='lat'><strong>6</strong></span> <span class='ocrx_word' id='word_1_774' title='bbox 814 5318 964 5387; x_wconf 87' lang='grc' dir='ltr'><strong>παρά</strong></span> <span class='ocrx_word' id='word_1_775' title='bbox 992 5318 1070 5388; x_wconf 86' lang='grc' dir='ltr'>τῷ</span> <span class='ocrx_word' id='word_1_776' title='bbox 1098 5318 1269 5388; x_wconf 83' lang='grc' dir='ltr'>Πατρί</span> <span class='ocrx_word' id='word_1_777' title='bbox 1287 5319 1476 5386; x_wconf 84' lang='grc' dir='ltr'>Λόγος,</span> <span class='ocrx_word' id='word_1_778' title='bbox 1507 5317 1766 5387; x_wconf 83' lang='grc' dir='ltr'>ὑπάρχων</span> 
     </span>
    </p>
   </div>
   <div class='ocr_carea' id='block_1_97' title="bbox 182 5400 1771 5481">
    <p class='ocr_par' dir='ltr' id='par_1_97' title="bbox 182 5400 1771 5481">
     <span class='ocr_line' id='line_1_98' title="bbox 182 5400 1771 5481; baseline 0.003 -24"><span class='ocrx_word' id='word_1_779' title='bbox 182 5406 320 5467; x_wconf 74' lang='grc' dir='ltr'>Θεὸς</span> <span class='ocrx_word' id='word_1_780' title='bbox 356 5408 422 5458; x_wconf 90' lang='grc' dir='ltr'><strong>ἐκ</strong></span> <span class='ocrx_word' id='word_1_781' title='bbox 452 5406 610 5470; x_wconf 88' lang='grc' dir='ltr'>Θεοῦ,</span> <span class='ocrx_word' id='word_1_782' title='bbox 644 5400 799 5472; x_wconf 76' lang='grc' dir='ltr'>οὗτός</span> <span class='ocrx_word' id='word_1_783' title='bbox 828 5410 944 5461; x_wconf 86' lang='grc' dir='ltr'>ἐστι</span> <span class='ocrx_word' id='word_1_784' title='bbox 973 5410 1067 5463; x_wconf 79' lang='grc' dir='ltr'>καὶ</span> <span class='ocrx_word' id='word_1_785' title='bbox 1094 5409 1194 5480; x_wconf 77' lang='grc' dir='ltr'>οὐχ</span> <span class='ocrx_word' id='word_1_786' title='bbox 1219 5410 1304 5463; x_wconf 68' lang='lat' dir='ltr'><strong>trs</strong></span> <span class='ocrx_word' id='word_1_787' title='bbox 1316 5427 1428 5481; x_wconf 87' lang='grc' dir='ltr'>ρος,</span> <span class='ocrx_word' id='word_1_788' title='bbox 1460 5410 1586 5480; x_wconf 70' lang='grc' dir='ltr'>περὶ</span> <span class='ocrx_word' id='word_1_789' title='bbox 1627 5403 1687 5462; x_wconf 72' lang='grc' dir='ltr'><strong>οῦ</strong></span> <span class='ocrx_word' id='word_1_790' title='bbox 1711 5408 1771 5461; x_wconf 84' lang='grc' dir='ltr'>τὸ</span> 
     </span>
    </p>
   </div>
   <div class='ocr_carea' id='block_1_98' title="bbox 187 5496 1770 5573">
    <p class='ocr_par' dir='ltr' id='par_1_98' title="bbox 187 5496 1770 5573">
     <span class='ocr_line' id='line_1_99' title="bbox 187 5496 1770 5573; baseline 0.003 -26"><span class='ocrx_word' id='word_1_791' title='bbox 187 5496 392 5564; x_wconf 82' lang='grc' dir='ltr'>σεμνὸν</span> <span class='ocrx_word' id='word_1_792' title='bbox 426 5498 555 5567; x_wconf 75' lang='grc' dir='ltr'>ἡμῖν</span> <span class='ocrx_word' id='word_1_793' title='bbox 592 5499 878 5569; x_wconf 83' lang='grc' dir='ltr'>πρόκειται</span> <span class='ocrx_word' id='word_1_794' title='bbox 911 5501 1266 5573; x_wconf 81' lang='grc' dir='ltr'>σύγγραμμα.</span> <span class='ocrx_word' id='word_1_795' title='bbox 1303 5504 1484 5555; x_wconf 79' lang='grc' dir='ltr'>’Ἐοικε</span> <span class='ocrx_word' id='word_1_796' title='bbox 1517 5502 1571 5554; x_wconf 82' lang='grc' dir='ltr'>δὲ</span> <span class='ocrx_word' id='word_1_797' title='bbox 1612 5502 1770 5555; x_wconf 78' lang='grc' dir='ltr'>πάλιν</span> 
     </span>
    </p>
   </div>
   <div class='ocr_carea' id='block_1_99' title="bbox 192 5586 1769 5663">
    <p class='ocr_par' dir='ltr' id='par_1_99' title="bbox 192 5586 1769 5663">
     <span class='ocr_line' id='line_1_100' title="bbox 192 5586 1769 5663; baseline 0.004 -26"><span class='ocrx_word' id='word_1_798' title='bbox 192 5586 245 5638; x_wconf 67' lang='grc' dir='ltr'><strong>οὐ</strong></span> <span class='ocrx_word' id='word_1_799' title='bbox 277 5586 459 5655; x_wconf 83' lang='grc' dir='ltr'>μάτην</span> <span class='ocrx_word' id='word_1_800' title='bbox 483 5591 594 5650; x_wconf 87' lang='grc' dir='ltr'>τοῖς</span> <span class='ocrx_word' id='word_1_801' title='bbox 638 5590 946 5659; x_wconf 80' lang='grc' dir='ltr'>εἰρημένοις</span> <span class='ocrx_word' id='word_1_802' title='bbox 984 5594 1293 5661; x_wconf 68' lang='grc' dir='ltr'>ἐπενεγκεῖν</span> <span class='ocrx_word' id='word_1_803' title='bbox 1341 5594 1417 5657; x_wconf 75' lang='grc' dir='ltr'><strong>τὸ,</strong></span> <span class='ocrx_word' id='word_1_804' title='bbox 1449 5612 1464 5645; x_wconf 75' lang='grc' dir='ltr'><strong>ι</strong></span> <span class='ocrx_word' id='word_1_805' title='bbox 1497 5588 1660 5657; x_wconf 72' lang='grc' dir='ltr'>Οὗτος</span> <span class='ocrx_word' id='word_1_806' title='bbox 1704 5588 1769 5663; x_wconf 81' lang='grc' dir='ltr'>ἦν</span> 
     </span>
    </p>
   </div>
   <div class='ocr_carea' id='block_1_100' title="bbox 302 5756 746 5823">
    <p class='ocr_par' dir='ltr' id='par_1_100' title="bbox 302 5756 746 5823">
     <span class='ocr_line' id='line_1_101' title="bbox 302 5756 746 5823; baseline 0.009 -11"><span class='ocrx_word' id='word_1_807' title='bbox 302 5760 344 5791; x_wconf 75' lang='grc'><strong>⁸⁸</strong></span> <span class='ocrx_word' id='word_1_808' title='bbox 379 5756 533 5813; x_wconf 75' lang='lat' dir='ltr'><strong>Joan.</strong></span> <span class='ocrx_word' id='word_1_809' title='bbox 569 5775 619 5823; x_wconf 67' lang='grc' dir='ltr'>Χ,</span> <span class='ocrx_word' id='word_1_810' title='bbox 652 5761 746 5816; x_wconf 82' lang='grc'><strong>58.</strong></span> 
     </span>
    </p>
   </div>
   <div class='ocr_carea' id='block_1_101' title="bbox 2510 4486 2819 4541">
    <p class='ocr_par' dir='ltr' id='par_1_101' title="bbox 2510 4486 2819 4541">
     <span class='ocr_line' id='line_1_102' title="bbox 2510 4486 2819 4541; baseline -0.01 0"><span class='ocrx_word' id='word_1_811' title='bbox 2510 4486 2657 4541; x_wconf 82' lang='lat' dir='ltr'><strong>CAP.</strong></span> <span class='ocrx_word' id='word_1_812' title='bbox 2733 4486 2819 4539; x_wconf 89' lang='lat' dir='ltr'><strong>IV.</strong></span> 
     </span>
    </p>
   </div>
   <div class='ocr_carea' id='block_1_102' title="bbox 1873 4580 3458 4648">
    <p class='ocr_par' dir='ltr' id='par_1_102' title="bbox 1873 4580 3458 4648">
     <span class='ocr_line' id='line_1_103' title="bbox 1873 4580 3458 4648; baseline 0.005 -15"><span class='ocrx_word' id='word_1_813' title='bbox 1873 4581 2138 4634; x_wconf 66' lang='lat' dir='ltr'><strong>Adversus</strong></span> <span class='ocrx_word' id='word_1_814' title='bbox 2174 4596 2262 4633; x_wconf 71' lang='lat' dir='ltr'><strong>eos</strong></span> <span class='ocrx_word' id='word_1_815' title='bbox 2310 4581 2401 4648; x_wconf 85' lang='lat' dir='ltr'><strong>qui</strong></span> <span class='ocrx_word' id='word_1_816' title='bbox 2458 4580 2630 4632; x_wconf 75' lang='lat' dir='ltr'><strong>dicere</strong></span> <span class='ocrx_word' id='word_1_817' title='bbox 2676 4581 2907 4646; x_wconf 84' lang='lat' dir='ltr'><strong>audent,</strong></span> <span class='ocrx_word' id='word_1_818' title='bbox 2950 4583 3101 4635; x_wconf 83' lang='lat' dir='ltr'><strong>aliud</strong></span> <span class='ocrx_word' id='word_1_819' title='bbox 3148 4601 3261 4639; x_wconf 74' lang='lat' dir='ltr'><strong>esse</strong></span> <span class='ocrx_word' id='word_1_820' title='bbox 3296 4586 3458 4641; x_wconf 78' lang='lat' dir='ltr'><strong>inter-</strong></span> 
     </span>
    </p>
   </div>
   <div class='ocr_carea' id='block_1_103' title="bbox 1941 4649 3456 4722">
    <p class='ocr_par' dir='ltr' id='par_1_103' title="bbox 1941 4649 3456 4722">
     <span class='ocr_line' id='line_1_104' title="bbox 1941 4649 3456 4722; baseline 0.005 -20"><span class='ocrx_word' id='word_1_821' title='bbox 1941 4650 2411 4722; x_wconf 74' lang='lat' dir='ltr'><strong>imm_et__nqturalc</strong></span> <span class='ocrx_word' id='word_1_822' title='bbox 2439 4652 2493 4722; x_wconf 72' lang='lat' dir='ltr'><strong>in</strong></span> <span class='ocrx_word' id='word_1_823' title='bbox 2526 4649 2632 4703; x_wconf 85' lang='lat' dir='ltr'><strong>Deo</strong></span> <span class='ocrx_word' id='word_1_824' title='bbox 2654 4663 2702 4704; x_wconf 84' lang='lat' dir='ltr'><strong>et</strong></span> <span class='ocrx_word' id='word_1_825' title='bbox 2730 4650 2895 4722; x_wconf 87' lang='lat' dir='ltr'><strong>Patre</strong></span> <span class='ocrx_word' id='word_1_826' title='bbox 2933 4652 3179 4722; x_wconf 65' lang='lat' dir='ltr'><strong>Verbum,</strong></span> <span class='ocrx_word' id='word_1_827' title='bbox 3206 4664 3256 4708; x_wconf 84' lang='lat' dir='ltr'><strong>et</strong></span> <span class='ocrx_word' id='word_1_828' title='bbox 3280 4656 3456 4722; x_wconf 80' lang='lat' dir='ltr'><strong>aliud,</strong></span> 
     </span>
    </p>
   </div>
   <div class='ocr_carea' id='block_1_104' title="bbox 1940 4719 3462 4789">
    <p class='ocr_par' dir='ltr' id='par_1_104' title="bbox 1940 4719 3462 4789">
     <span class='ocr_line' id='line_1_105' title="bbox 1940 4719 3462 4789; baseline 0.007 -18"><span class='ocrx_word' id='word_1_829' title='bbox 1940 4719 2089 4789; x_wconf 86' lang='lat' dir='ltr'><strong>quod</strong></span> <span class='ocrx_word' id='word_1_830' title='bbox 2118 4719 2409 4784; x_wconf 76' lang='lat' dir='ltr'><strong>Scriptura:</strong></span> <span class='ocrx_word' id='word_1_831' title='bbox 2441 4720 2634 4773; x_wconf 79' lang='lat' dir='ltr'><strong>divina:</strong></span> <span class='ocrx_word' id='word_1_832' title='bbox 2663 4721 2934 4789; x_wconf 79' lang='lat' dir='ltr'><strong>appellant</strong></span> <span class='ocrx_word' id='word_1_833' title='bbox 2964 4721 3188 4777; x_wconf 81' lang='lat' dir='ltr'><strong>Filium.</strong></span> <span class='ocrx_word' id='word_1_834' title='bbox 3229 4722 3324 4779; x_wconf 78' lang='lat' dir='ltr'><strong>Est</strong></span> <span class='ocrx_word' id='word_1_835' title='bbox 3365 4719 3462 4780; x_wconf 51' lang='lat' dir='ltr'><strong>au;</strong></span> 
     </span>
    </p>
   </div>
   <div class='ocr_carea' id='block_1_105' title="bbox 1942 4788 3061 4846">
    <p class='ocr_par' dir='ltr' id='par_1_105' title="bbox 1942 4788 3061 4846">
     <span class='ocr_line' id='line_1_106' title="bbox 1942 4788 3061 4846; baseline 0.006 -7"><span class='ocrx_word' id='word_1_836' title='bbox 1942 4801 2042 4843; x_wconf 74' lang='lat' dir='ltr'><strong>ient</strong></span> <span class='ocrx_word' id='word_1_837' title='bbox 2075 4788 2531 4843; x_wconf 80' lang='lat' dir='ltr'><strong>Eunomianorum</strong></span> <span class='ocrx_word' id='word_1_838' title='bbox 2556 4805 2705 4843; x_wconf 84' lang='lat' dir='ltr'><strong>error</strong></span> <span class='ocrx_word' id='word_1_839' title='bbox 2736 4788 3061 4846; x_wconf 79' lang='lat' dir='ltr'><strong>istiusmodi.</strong></span> 
     </span>
    </p>
   </div>
   <div class='ocr_carea' id='block_1_106' title="bbox 1946 4944 3172 5013">
    <p class='ocr_par' dir='ltr' id='par_1_106' title="bbox 1946 4944 3172 5013">
     <span class='ocr_line' id='line_1_107' title="bbox 1946 4944 3172 5013; baseline 0.002 -16"><span class='ocrx_word' id='word_1_840' title='bbox 1946 4970 1959 4997; x_wconf 85' lang='grc' dir='ltr'><strong>ι</strong></span> <span class='ocrx_word' id='word_1_841' title='bbox 1979 4984 1991 5007; x_wconf 86' lang='grc'><strong>,</strong></span> <span class='ocrx_word' id='word_1_842' title='bbox 2022 4944 2076 4997; x_wconf 73' lang='grc'><strong>2.</strong></span> <span class='ocrx_word' id='word_1_843' title='bbox 2124 4944 2237 4998; x_wconf 84' lang='lat' dir='ltr'><strong>Hoc</strong></span> <span class='ocrx_word' id='word_1_844' title='bbox 2264 4952 2379 4997; x_wconf 85' lang='lat' dir='ltr'><strong>erat</strong></span> <span class='ocrx_word' id='word_1_845' title='bbox 2422 4945 2475 4997; x_wconf 81' lang='lat' dir='ltr'><strong>in</strong></span> <span class='ocrx_word' id='word_1_846' title='bbox 2506 4945 2768 5010; x_wconf 71' lang='lat' dir='ltr'><strong>principio</strong></span> <span class='ocrx_word' id='word_1_847' title='bbox 2802 4945 2943 5013; x_wconf 85' lang='lat' dir='ltr'><strong>apud</strong></span> <span class='ocrx_word' id='word_1_848' title='bbox 2988 4945 3172 5000; x_wconf 82' lang='lat' dir='ltr'><strong>Deum.</strong></span> 
     </span>
    </p>
   </div>
   <div class='ocr_carea' id='block_1_107' title="bbox 1945 5035 3460 5113">
    <p class='ocr_par' dir='ltr' id='par_1_107' title="bbox 1945 5035 3460 5113">
     <span class='ocr_line' id='line_1_108' title="bbox 1945 5035 3460 5113; baseline 0.006 -24"><span class='ocrx_word' id='word_1_849' title='bbox 1945 5035 2042 5090; x_wconf 91' lang='lat' dir='ltr'><strong>llic</strong></span> <span class='ocrx_word' id='word_1_850' title='bbox 2076 5036 2417 5105; x_wconf 86' lang='lat' dir='ltr'><strong>Evangelista</strong></span> <span class='ocrx_word' id='word_1_851' title='bbox 2460 5036 2776 5090; x_wconf 89' lang='lat' dir='ltr'><strong>summatim</strong></span> <span class='ocrx_word' id='word_1_852' title='bbox 2815 5038 3230 5106; x_wconf 88' lang='lat' dir='ltr'><strong>quodammodo</strong></span> <span class='ocrx_word' id='word_1_853' title='bbox 3263 5044 3460 5113; x_wconf 89' lang='lat' dir='ltr'><strong>repetit</strong></span> 
     </span>
    </p>
   </div>
   <div class='ocr_carea' id='block_1_108' title="bbox 1875 5126 3453 5200">
    <p class='ocr_par' dir='ltr' id='par_1_108' title="bbox 1875 5126 3453 5200">
     <span class='ocr_line' id='line_1_109' title="bbox 1875 5126 3453 5200; baseline 0.003 -18"><span class='ocrx_word' id='word_1_854' title='bbox 1875 5143 1995 5200; x_wconf 68' lang='lat' dir='ltr'><strong>quae</strong></span> <span class='ocrx_word' id='word_1_855' title='bbox 2019 5130 2172 5198; x_wconf 90' lang='lat' dir='ltr'><strong>prius</strong></span> <span class='ocrx_word' id='word_1_856' title='bbox 2214 5126 2364 5181; x_wconf 88' lang='lat' dir='ltr'><strong>dicta</strong></span> <span class='ocrx_word' id='word_1_857' title='bbox 2407 5134 2557 5182; x_wconf 88' lang='lat' dir='ltr'><strong>sunt.</strong></span> <span class='ocrx_word' id='word_1_858' title='bbox 2604 5128 2740 5182; x_wconf 83' lang='lat' dir='ltr'><strong>Cum</strong></span> <span class='ocrx_word' id='word_1_859' title='bbox 2773 5137 2954 5183; x_wconf 90' lang='lat' dir='ltr'><strong>autem</strong></span> <span class='ocrx_word' id='word_1_860' title='bbox 2998 5130 3170 5196; x_wconf 87' lang='lat' dir='ltr'><strong>addit,</strong></span> <span class='ocrx_word' id='word_1_861' title='bbox 3203 5151 3222 5184; x_wconf 72' lang='grc' dir='ltr'><strong>ι</strong></span> <span class='ocrx_word' id='word_1_862' title='bbox 3264 5132 3397 5199; x_wconf 90' lang='lat' dir='ltr'><strong>Hoc,</strong></span> <span class='ocrx_word' id='word_1_863' title='bbox 3436 5153 3453 5186; x_wconf 77' lang='grc' dir='ltr'><strong>ι</strong></span> 
     </span>
    </p>
   </div>
   <div class='ocr_carea' id='block_1_109' title="bbox 1875 5217 3459 5289">
    <p class='ocr_par' dir='ltr' id='par_1_109' title="bbox 1875 5217 3459 5289">
     <span class='ocr_line' id='line_1_110' title="bbox 1875 5217 3459 5289; baseline 0.003 -16"><span class='ocrx_word' id='word_1_864' title='bbox 1875 5217 2267 5289; x_wconf 87' lang='lat' dir='ltr'><strong>propemodum</strong></span> <span class='ocrx_word' id='word_1_865' title='bbox 2329 5217 2578 5272; x_wconf 91' lang='lat' dir='ltr'><strong>clamare</strong></span> <span class='ocrx_word' id='word_1_866' title='bbox 2630 5217 2895 5274; x_wconf 86' lang='lat' dir='ltr'><strong>videtur:</strong></span> <span class='ocrx_word' id='word_1_867' title='bbox 2956 5238 2974 5270; x_wconf 78' lang='grc' dir='ltr'><strong>ι</strong></span> <span class='ocrx_word' id='word_1_868' title='bbox 3033 5221 3188 5287; x_wconf 85' lang='lat' dir='ltr'><strong>Quod</strong></span> <span class='ocrx_word' id='word_1_869' title='bbox 3237 5232 3357 5277; x_wconf 90' lang='lat' dir='ltr'><strong>erat</strong></span> <span class='ocrx_word' id='word_1_870' title='bbox 3406 5223 3459 5277; x_wconf 92' lang='lat' dir='ltr'><strong>in</strong></span> 
     </span>
    </p>
   </div>
   <div class='ocr_carea' id='block_1_110' title="bbox 1875 5308 3461 5381">
    <p class='ocr_par' dir='ltr' id='par_1_110' title="bbox 1875 5308 3461 5381">
     <span class='ocr_line' id='line_1_111' title="bbox 1875 5308 3461 5381; baseline 0.004 -17"><span class='ocrx_word' id='word_1_871' title='bbox 1875 5310 2165 5381; x_wconf 89' lang='lat' dir='ltr'><strong>principio,</strong></span> <span class='ocrx_word' id='word_1_872' title='bbox 2192 5327 2210 5359; x_wconf 82' lang='grc' dir='ltr'><strong>ι</strong></span> <span class='ocrx_word' id='word_1_873' title='bbox 2244 5308 2373 5364; x_wconf 89' lang='lat' dir='ltr'><strong>illud</strong></span> <span class='ocrx_word' id='word_1_874' title='bbox 2416 5308 2559 5379; x_wconf 91' lang='lat' dir='ltr'><strong>apud</strong></span> <span class='ocrx_word' id='word_1_875' title='bbox 2602 5308 2819 5364; x_wconf 87' lang='lat' dir='ltr'><strong>Patrem</strong></span> <span class='ocrx_word' id='word_1_876' title='bbox 2850 5310 3087 5367; x_wconf 85' lang='lat' dir='ltr'><strong>Verbum</strong></span> <span class='ocrx_word' id='word_1_877' title='bbox 3114 5355 3129 5379; x_wconf 89' lang='lat'><strong>,</strong></span> <span class='ocrx_word' id='word_1_878' title='bbox 3165 5313 3311 5370; x_wconf 87' lang='lat' dir='ltr'><strong>Deus</strong></span> <span class='ocrx_word' id='word_1_879' title='bbox 3366 5331 3461 5372; x_wconf 74' lang='lat' dir='ltr'><strong>ex-</strong></span> 
     </span>
    </p>
   </div>
   <div class='ocr_carea' id='block_1_111' title="bbox 1877 5404 3461 5474">
    <p class='ocr_par' dir='ltr' id='par_1_111' title="bbox 1877 5404 3461 5474">
     <span class='ocr_line' id='line_1_112' title="bbox 1877 5404 3461 5474; baseline 0.001 -13"><span class='ocrx_word' id='word_1_880' title='bbox 1877 5408 2083 5462; x_wconf 90' lang='lat' dir='ltr'><strong>sistens</strong></span> <span class='ocrx_word' id='word_1_881' title='bbox 2109 5420 2175 5460; x_wconf 84' lang='lat' dir='ltr'><strong>ex</strong></span> <span class='ocrx_word' id='word_1_882' title='bbox 2208 5406 2338 5470; x_wconf 87' lang='lat' dir='ltr'><strong>Deo,</strong></span> <span class='ocrx_word' id='word_1_883' title='bbox 2369 5404 2498 5469; x_wconf 84' lang='lat' dir='ltr'><strong>hoc,</strong></span> <span class='ocrx_word' id='word_1_884' title='bbox 2534 5404 2781 5474; x_wconf 89' lang='lat' dir='ltr'><strong>inquam,</strong></span> <span class='ocrx_word' id='word_1_885' title='bbox 2824 5414 2880 5459; x_wconf 89' lang='lat' dir='ltr'><strong>et</strong></span> <span class='ocrx_word' id='word_1_886' title='bbox 2916 5421 3025 5461; x_wconf 92' lang='lat' dir='ltr'><strong>non</strong></span> <span class='ocrx_word' id='word_1_887' title='bbox 3062 5408 3213 5462; x_wconf 89' lang='lat' dir='ltr'><strong>aliud</strong></span> <span class='ocrx_word' id='word_1_888' title='bbox 3262 5418 3348 5464; x_wconf 93' lang='lat' dir='ltr'><strong>est</strong></span> <span class='ocrx_word' id='word_1_889' title='bbox 3395 5408 3461 5462; x_wconf 80' lang='lat' dir='ltr'><strong>de</strong></span> 
     </span>
    </p>
   </div>
   <div class='ocr_carea' id='block_1_112' title="bbox 1873 5497 3457 5569">
    <p class='ocr_par' dir='ltr' id='par_1_112' title="bbox 1873 5497 3457 5569">
     <span class='ocr_line' id='line_1_113' title="bbox 1873 5497 3457 5569; baseline 0.001 -16"><span class='ocrx_word' id='word_1_890' title='bbox 1873 5516 1982 5569; x_wconf 83' lang='lat' dir='ltr'><strong>quo</strong></span> <span class='ocrx_word' id='word_1_891' title='bbox 2013 5512 2321 5555; x_wconf 89' lang='lat' dir='ltr'><strong>sermonem</strong></span> <span class='ocrx_word' id='word_1_892' title='bbox 2376 5498 2557 5551; x_wconf 81' lang='lat' dir='ltr'><strong>facere</strong></span> <span class='ocrx_word' id='word_1_893' title='bbox 2609 5498 2660 5549; x_wconf 90' lang='lat' dir='ltr'><strong>in</strong></span> <span class='ocrx_word' id='word_1_894' title='bbox 2697 5497 2799 5551; x_wconf 86' lang='lat' dir='ltr'><strong>hoc</strong></span> <span class='ocrx_word' id='word_1_895' title='bbox 2849 5498 2992 5553; x_wconf 85' lang='lat' dir='ltr'><strong>libro</strong></span> <span class='ocrx_word' id='word_1_896' title='bbox 3041 5499 3457 5569; x_wconf 89' lang='lat' dir='ltr'><strong>proposuimus.</strong></span> 
     </span>
    </p>
   </div>
   <div class='ocr_carea' id='block_1_113' title="bbox 1884 5583 3457 5656">
    <p class='ocr_par' dir='ltr' id='par_1_113' title="bbox 1884 5583 3457 5656">
     <span class='ocr_line' id='line_1_114' title="bbox 1884 5583 3457 5656; baseline -0.001 -12"><span class='ocrx_word' id='word_1_897' title='bbox 1884 5591 2090 5644; x_wconf 77' lang='lat' dir='ltr'><strong>Rursus</strong></span> <span class='ocrx_word' id='word_1_898' title='bbox 2119 5594 2299 5643; x_wconf 86' lang='lat' dir='ltr'><strong>autem</strong></span> <span class='ocrx_word' id='word_1_899' title='bbox 2337 5602 2445 5642; x_wconf 88' lang='lat' dir='ltr'><strong>non</strong></span> <span class='ocrx_word' id='word_1_900' title='bbox 2466 5584 2679 5642; x_wconf 84' lang='lat' dir='ltr'><strong>videtur</strong></span> <span class='ocrx_word' id='word_1_901' title='bbox 2712 5583 2913 5641; x_wconf 81' lang='lat' dir='ltr'><strong>frustra</strong></span> <span class='ocrx_word' id='word_1_902' title='bbox 2941 5585 3244 5656; x_wconf 84' lang='lat' dir='ltr'><strong>subjecisse</strong></span> <span class='ocrx_word' id='word_1_903' title='bbox 3274 5584 3409 5640; x_wconf 89' lang='lat' dir='ltr'><strong>illud</strong></span> <span class='ocrx_word' id='word_1_904' title='bbox 3443 5603 3457 5643; x_wconf 87' lang='lat'><strong>:</strong></span> 
     </span>
    </p>
   </div>
  </div>
