4214 6502
780 391 852 444 55
1766 382 1825 436 S.
1860 378 2140 434 erant.”
2170 377 2642 434 ALEXANDRINI
2678 379 3001 435 ARCHIEP.
3949 380 4014 435 56

783 522 801 552 σ
858 502 971 555 lloc
1015 510 1139 555 erat
1197 502 1251 555 in
1304 499 1577 571 principio
1620 497 1761 567 apud
1818 498 2005 550 Deum.
2038 515 2057 547 ι
2111 496 2426 565 AcceptaA

2349 523 2353 548 ι
2382 500 2426 557 Δ
2456 499 2516 552 ὲν
2548 497 2691 568 ἀρχῇ
2723 498 2857 567 πρὸς
2872 498 2964 550 τὸν
2994 497 3146 549 Θεόν.
3191 516 3210 548 ι
3264 497 3352 561 Ὠς
3401 495 3509 567 γὰρ
3544 495 3649 551 ὑπὸ
3682 496 3825 550 θείου
3856 497 4013 550 Πνεῦ-

777 595 920 646 .-uim
962 610 991 644 a
1017 594 1205 647 divino
1233 594 1439 662 Spiritu
1466 606 1647 646 rerum
1677 588 1987 643 futurarum
2022 589 2357 659 cognitione,

779 702 886 739 nun
913 684 1203 757 ignoravit,
1249 692 1308 736 ut
1346 684 1561 753 npiuor,
1591 696 1655 736 ac
1684 696 1815 735 vere
1855 680 2125 733 aﬁirmare
2159 694 2357 748 possu-

780 793 923 841 mus,
948 776 1214 845 quosdam
1240 776 1559 845 prodituros
1583 770 1911 841 perditionis
1939 770 2202 835 artiﬁces,
2237 771 2356 824 dia-

779 868 886 922 buli
926 868 1183 937 aucupia,
1222 868 1415 921 mortis
1464 867 1711 935 laqueos,
1752 865 1809 919 in
1847 864 2103 919 cubicula
2144 877 2200 918 et
2232 879 2357 933 pro.

777 958 1002 1013 fundum
1047 958 1247 1013 interni
1280 958 1637 1013 detrudcntes
1677 970 1774 1011 eos
1799 954 1894 1024 qui
1932 970 2040 1022 pra:
2082 955 2355 1023 imperitia

774 1051 1064 1105 attendunt
1091 1050 1160 1104 iis
1198 1062 1317 1117 qua:
1355 1056 1609 1102 eructant
1651 1047 1719 1101 de
1760 1044 1926 1101 corde
1957 1044 2101 1099 maio
2131 1044 2200 1098 ⁸³.
2264 1044 2355 1098 in-

774 1144 997 1195 stabunt
1023 1154 1174 1207 vero,
1198 1146 1252 1193 et
1274 1138 1332 1193 in
1357 1154 1520 1194 suum
1564 1138 1669 1207 ipsi
1695 1145 1860 1205 caput
1887 1136 2247 1200 invalescent,
2271 1136 2323 1190 di
2341 1165 2354 1175 -

773 1242 980 1295 rentes,
1026 1231 1176 1286 aliud
1229 1231 1449 1301 quidem
1500 1243 1623 1283 esse
1668 1227 1800 1281 illud
1853 1226 2083 1281 insitum
2140 1227 2196 1281 in
2244 1224 2353 1280 Deo

772 1322 936 1377 Patre
970 1321 1229 1384 Verbum,
1274 1320 1421 1374 aliud
1472 1320 1635 1373 insito
1671 1319 1830 1389 longe
1880 1315 2220 1371 'simillimum
2265 1315 2355 1369 Fi-

773 1415 905 1467 lium
931 1454 945 1473 ,
977 1421 1031 1467 et
1059 1411 1322 1472 Verbum,
1356 1426 1451 1478 per
1485 1410 1634 1478 quod
1677 1408 1817 1463 Deus
1850 1412 2033 1461 omnia
2069 1414 2349 1475 operatur,

773 1513 833 1555 ut
859 1503 939 1556 sic
972 1501 1204 1556 Verbum
1239 1500 1419 1563 Verbi,
1450 1511 1504 1554 et
1536 1502 1716 1568 imago
1760 1497 2037 1567 imaginis,
2078 1504 2133 1551 et
2167 1497 2349 1567 splen-

771 1596 873 1648 dor
900 1592 1213 1663 splendoris
1255 1593 1611 1663 intelligatur.
1663 1590 1832 1654 Quasi
1880 1603 2015 1657 ergo
2064 1588 2175 1656 jam
2228 1588 2350 1641 illos

772 1689 939 1758 impia
972 1689 1079 1743 ista
1108 1686 1473 1758 pradicantes
1511 1685 1746 1748 audiret,
1784 1693 1837 1738 et
1869 1683 2131 1735 adversus
2157 1681 2350 1733 imma-

770 1796 894 1833 nem
925 1780 1255 1848 scriptorum
1287 1779 1395 1847 30
1420 1778 1659 1846 ipsorum
1698 1774 1940 1827 furorem
1976 1773 2173 1825 merito
2199 1783 2349 1823 com-

2462 607 2629 660 ματος
2655 592 2734 652 εἰς
2760 587 2873 658 τῆν’
2910 590 3019 643 τῶν
3050 590 3320 660 ἐσομένων
3352 591 3552 659 γνῶσιν
3594 592 4014 662 φωταγωγούμε-

2457 698 2548 745 νος
2578 682 2678 733 οὐκ
2700 680 2988 752 ἠγνόησεν,
3019 681 3095 744 ῶς
3123 681 3189 750 γέ
3214 699 3303 752 μοι
3327 682 3495 746 δοκεῖ,
3527 684 3619 735 καὶ
3643 682 3719 745 ὡς
3757 682 3900 736 ἔστιν
3945 685 4014 736 εί-

2459 777 2579 827 πεῖν
2606 772 2985 843 ἀληθεύοντας,
3047 773 3129 827 ὅτι
3165 790 3272 845 περ
3307 774 3701 844 ἁναφανοῦνταῐ
3727 793 3868 838 τινες
3917 778 4013 829 ἀπ-

2454 865 2649 927 ωλείας
2680 864 2928 934 ἐργάται,
2953 864 3201 918 διαϐόλου
3228 865 3495 937 θήρατρα,
3525 865 3752 920 θανάτου
3774 866 4009 935 παγίδες,

2454 959 2534 1020 είς
2565 959 2769 1027 ταμεία
2798 958 3198 1027 καταφέρουσαι
3226 959 3320 1012 καὶ
3353 960 3433 1019 εἰς
3462 959 3731 1029 πέταυρον
3750 960 3872 1030 ᾅδου
3894 962 4010 1023 τοὺς

2453 1049 2512 1114 ἐξ
2568 1048 2838 1119 ἁμαθείας
2892 1050 3257 1119 προσέχοντας
3297 1044 3377 1111 οἷς
3417 1050 3483 1103 ἂν
3526 1052 3590 1102 ὲκ
3620 1050 3839 1121 καρδίας
3866 1052 4013 1120 ἐρεύ-

2452 1157 2640 1208 γονται
2680 1142 2942 1210 πονηρᾶς.
3009 1140 3384 1209 Ἐνστήσονται
3442 1141 3495 1193 δὲ
3523 1182 3539 1205 ,
3587 1143 3677 1193 καὶ
3739 1142 3876 1194 κατὰ
3919 1142 4012 1210 τῆς

2453 1233 2661 1286 ἑαυτῶν
2711 1230 3052 1301 ἀνδριοῦνται
3088 1232 3332 1301 κεφαλῆς
3363 1231 3630 1300 λέγοντες,
3684 1232 3866 1303 ἕτερον
3920 1234 4013 1304 μὲν

2452 1319 2591 1375 εἶναι
2618 1324 2708 1375 τὸν
2733 1322 3035 1376 ἐνδιάθετον
3059 1324 3117 1375 ὲν
3141 1322 3261 1392 Θεῷ
3293 1324 3470 1392 Πατρὶ
3515 1323 3707 1391 Λόγον,
3749 1324 3932 1395 ἕτερον
3959 1325 4011 1377 δέ

2451 1430 2573 1465 τινα
2612 1414 2707 1465 καὶ
2763 1412 2841 1482 τῷ
2876 1412 3167 1483 ένδιαθέτῳ
3214 1411 3333 1465 λίαν
3379 1413 3781 1483 ἐμφερέστατον
3822 1431 3881 1465 τε
3923 1416 4013 1467 καὶ

2450 1505 2764 1573 ὁμοιότατον
2795 1503 2887 1556 τὸν
2922 1504 3049 1556 Υἱὸν
3083 1506 3177 1557 καὶ
3200 1503 3391 1573 Λόγον,
3419 1506 3484 1557 δι’
3509 1501 3569 1559 οῦ
3595 1506 3723 1568 Θεὸς
3750 1506 3818 1558 τὰ
3844 1506 4013 1560 πάντα

2449 1597 2743 1667 ἐργάζεται
2764 1612 2779 1626 ⁶
2806 1596 2897 1649 ἵνα
2921 1598 3092 1664 Λόγος
3127 1597 3301 1664 Λόγου
3329 1599 3533 1667 νοῆται,
3567 1600 3661 1651 καὶ
3687 1598 3849 1650 εἰκὼν
3876 1599 4013 1650 εἰκό-

2448 1704 2575 1751 νος,
2635 1689 2727 1740 mai.
2768 1688 3609 1757 ἀπαύγασμα’ἁπαυγάσματος.
3661 1690 3867 1760 Ὥσπερ
3923 1687 4012 1743 οὖν

2449 1779 2549 1848 ἤδη
2595 1778 3019 1848 δυσφημοῦντων
3064 1777 3301 1840 ἀκούσας
3348 1780 3555 1843 αὐτῶν,
3603 1782 3697 1833 καὶ
3734 1782 3867 1851 πρὸς
3915 1782 4011 1845 τὰς

767 1877 952 1923 motus
979 1843 1175 1921 beatus
1205 1843 1573 1936 eva'néelista,
1618 1873 1908 1932 postquam
1943 1862 2129 1914 multis
2166 1858 2349 1913 verbis
2381 1843 2422 1898 Β

2342 1876 2349 1911 ι
2381 1843 2422 1898 Β
2450 1843 2719 1927 ε’κτόπους
2746 1843 3003 1930 άοτονοίας
3049 1866 3157 1920 τῶν
3187 1868 3318 1938 παρ’
3348 1869 3530 1931 αὐτοῖς
3571 1843 4006 1939 συγγραμμάτων

762 1956 880 2025 jam
911 1957 1125 2019 statuit,
1157 1965 1233 2020 et,
1291 1965 1351 2008 ut
1384 1956 1640 2017 decebat,
1675 1952 2007 2021 signiﬁcavit
2055 1966 2244 2011 unum,
2285 1963 2349 2003 ac

765 2049 947 2102 solum
982 2057 1035 2103 et
1078 2063 1268 2102 verum
1299 2050 1367 2101 de
1412 2046 1546 2110 Deo,
1575 2055 1631 2100 et
1680 2047 1734 2100 in
1769 2046 1877 2099 Deo
1910 2054 1961 2099 et
1996 2044 2137 2112 apud
2177 2042 2345 2095 Deum

764 2158 889 2197 esse
917 2141 1176 2202 Verbum,
1215 2142 1397 2196 statim
1443 2138 1609 2193 infert
1641 2157 1653 2191 :
1694 2156 1713 2188 ι
1761 2136 1875 2190 Hoc
1905 2144 2023 2191 erat
2047 2136 2101 2187 in
2136 2134 2346 2204 princi-

768 2234 860 2301 pio
896 2233 1037 2302 apud
1066 2232 1256 2298 Deum,
1284 2252 1301 2283 ι
1326 2240 1382 2285 ιιι
1425 2230 1596 2285 Filius
1635 2230 1889 2283 nimirum
1932 2227 2072 2297 apud
2106 2226 2343 2291 Patrem,

767 2336 826 2380 ut
861 2326 1126 2393 insitum;
1169 2334 1229 2379 ut
1258 2341 1324 2379 ex
1354 2324 1479 2392 ejus
1520 2322 1853 2383 substantia,
1884 2327 1943 2372 ut
1974 2318 2343 2388 Unigenitum,

772 2437 791 2469 ι
830 2416 967 2482 Hoc,
1012 2435 1031 2468 ι
1065 2431 1191 2471 eum
1247 2431 1355 2469 non
1410 2414 1484 2468 sit
1549 2412 1877 2468 secundum.
1930 2409 2037 2465 Sed
2083 2412 2345 2480 quoniam

766 2524 953 2579 opera:
998 2510 1235 2579 pretium
1279 2507 1438 2562 nobis
1494 2521 1617 2560 esse
1677 2514 1831 2575 puto,
1858 2505 1954 2575 qui
2005 2494 2344 2573 impietatem

771 2600 1086 2656 istiusmodi
1137 2599 1315 2668 palam
1365 2597 1549 2653 facere
1583 2612 1868 2661 conamur,
1903 2598 2104 2651 nudam
2154 2613 2346 2651 eorum

764 2705 1046 2761 exponere
1087 2689 1509 2759 blasphemiam,
1539 2688 1606 2741 ad
1642 2688 2043 2759 simpliciornm
2080 2689 2348 2741 securita-

736 2790 876 2843 tem
925 2779 1176 2849 (cavebit
1219 2779 1366 2833 enim
1401 2779 1657 2848 quisquis
1681 2778 1957 2841 didicerit,
1990 2794 2053 2832 ac
2088 2788 2345 2847 tanquam

764 2879 1073 2941 serpentem
1093 2871 1368 2925 transiliet
1393 2870 1445 2925 in
1470 2870 1647 2923 medio
1671 2870 1926 2924 latentem
1946 2869 2161 2938 itinere)
2207 2869 2348 2921 utili-

764 2974 849 3018 ter
874 2978 1063 3018 eorum
1090 2963 1390 3017 doctrimm
1426 2976 1723 3032 exponam,
1755 2962 2006 3031 opposita
2045 2960 2343 3015 contraria.

768 3053 860 3107 Sic
888 3054 1034 3109 enim
1064 3053 1324 3122 deinceps
1353 3052 1445 3107 illa
1502 3052 1836 3107 refutabitur
1883 3051 1952 3106 iis
1994 3051 2173 3106 modis
2204 3066 2345 3120 quos

766 3145 931 3200 nobis
967 3146 1107 3201 Deus
1152 3147 1516 3212 concesserit,
1564 3145 1657 3214 qui
1698 3144 1958 3200 omnibus
2010 3144 2341 3213 sapientiam
2371 3177 2413 3234 ο

767 3234 1021 3306 largitur.

1118 3407 1363 3463 Eunomii
1396 3408 1571 3476 Opinio
1604 3407 1668 3462 de
1697 3407 1843 3462 Filio
1873 3407 1994 3465 Dei.

840 3500 1187 3569 Unigcnitus,
1220 3500 1421 3569 inquit,
1451 3500 1541 3553 Dei
1570 3499 1764 3565 Filius,
1792 3515 1901 3554 non
1936 3508 2021 3555 est
2048 3514 2115 3553 ex
2141 3513 2200 3553 se
2227 3515 2345 3568 pro-

770 3594 885 3662 prie
916 3592 1152 3645 Verbuin
1184 3591 1333 3659 ejus;
1370 3589 1466 3645 sed
1508 3591 1786 3645 internum
1818 3590 1950 3645 illud
1984 3589 2221 3645 Verbum
2251 3588 2343 3643 Dei

769 3700 833 3739 ac
856 3684 1037 3738 Patris
1068 3684 1123 3738 in
1164 3687 1286 3753 ipso
1319 3690 1588 3745 movetur,
1612 3692 1667 3736 et
1705 3690 1791 3737 est
1824 3697 2060 3751 semper.
2096 3681 2201 3747 Qui
2244 3696 2343 3734 au-

770 3783 879 3827 tem
910 3789 974 3827 ex
1016 3776 1132 3842 ipso
1159 3772 1375 3842 genitus
1416 3787 1541 3826 esse
1569 3770 1742 3827 Filius
1787 3772 2015 3838 dicitur,
2063 3772 2344 3824 internum

768 3865 890 3931 ejus
920 3862 1155 3919 Verbum
1187 3863 1522 3932 suscipiens,
1565 3873 1767 3917 cuncta
1798 3862 1867 3916 ab
1901 3877 1967 3916 eo
1993 3861 2225 3916 edoctus
2255 3875 2347 3913 no-

767 3957 865 4017 vit,
900 3964 953 4009 et
987 3955 1053 4007 ad
1097 3956 1216 4024 ejus
1251 3953 1666 4009 similitudinem
1710 3953 1948 4009 Verbum
1994 3962 2080 4009 est
2109 3964 2163 4009 et
2200 3968 2347 4005 nun-

768 4054 1021 4114 cupatur.

836 4136 956 4193 Jain
992 4140 1056 4192 ad
1110 4139 1542 4193 conﬁrmandam
1598 4154 1756 4194 suam
1808 4145 1870 4191 ut
1903 4136 2185 4191 existimat
2239 4137 2343 4189 im-

772 4233 1050 4301 pietatem,
1090 4240 1144 4286 et
1174 4246 1460 4298 perversas
1495 4230 1799 4286 sententias
1831 4227 2147 4283 istiusmodi
2179 4227 2347 4281 nectit

772 4323 1138 4394 syllogismos,
1188 4332 1266 4385 ut,
1320 4320 1787 4392 quemadmodum
1833 4320 2100 4387 scriptum
2140 4326 2226 4383 est
2259 4319 2342 4384 "‘,

773 4429 995 4468 suorum
1024 4424 1371 4484 peccatorum
1401 4414 1615 4467 catenis
1648 4413 1816 4467 miser
1860 4413 2293 4480 constringatur.

841 4596 899 4650 Si
934 4596 1193 4660 Verbum,
1226 4597 1422 4665 inquit.
1456 4596 1509 4648 in
1553 4595 1663 4648 Deo
1691 4608 1755 4647 ac
1791 4591 1950 4646 Patre
1982 4592 2252 4655 naturale,
2288 4597 2344 4643 et

774 4690 1046 4741 internum
1094 4698 1182 4741 est
1232 4688 1348 4755 ipse
1396 4684 1591 4747 Filius,
1637 4692 1692 4738 et
1736 4682 2228 4736 consubstantialis
2259 4689 2344 4735 est

773 4780 1027 4847 genitori,
1083 4780 1213 4849 quid
1260 4779 1371 4847 jam
1414 4776 1666 4846 prohibet
1729 4775 2030 4845 quominus
2093 4771 2337 4828 Verbum

775 4874 883 4935 sit,
936 4880 989 4925 et
1050 4880 1273 4925 vocetur
1328 4869 1527 4930 Pater,
1591 4875 1779 4936 utpote
1840 4865 2341 4921 consubstantialis

775 4964 994 5017 Verbo?

845 5079 1007 5133 ΙΤΕΜ
1044 5098 1057 5132 :
1097 5077 1150 5132 Si
1204 5078 1439 5132 Verbum
1476 5086 1561 5133 est
1595 5078 1686 5133 Dei
1723 5095 1787 5133 ac
1835 5077 2014 5130 Patris
2045 5075 2246 5136 Filius,
2295 5081 2349 5127 et

776 5179 972 5240 [ιι-πίει·
996 5171 1175 5236 ipsum
1203 5184 1312 5223 non
1340 5179 1425 5224 est
1448 5172 1617 5232 aliud,
1649 5187 1743 5240 per
1789 5170 2067 5238 quodnam
2087 5165 2349 5230 Verbum,

2448 1955 2685 2023 εὐλόγως
2763 1959 3121 2027 κεκινημένος
3170 1960 3199 2009 6
3258 1962 3526 2031 μακάριος
3595 1961 4009 2032 εὐαγγελιστὴς,

2446 2049 2768 2121 ὁρισάμενος
2790 2050 2890 2120 ήδη
2920 2052 3014 2103 καὶ
3048 2052 3139 2104 διὰ
3163 2052 3395 2115 πολλῶν,
3422 2054 3496 2116 ὡς
3522 2053 3629 2106 ἔδει
3652 2095 3668 2121 ,
3698 2072 3907 2126 καταση
3917 2055 4013 2125 μή·

2448 2158 2543 2202 νας
2568 2141 2658 2193 τὸν
2686 2142 2803 2204 ἕνα,
2846 2144 2941 2194 καὶ
2974 2143 3154 2211 μόνον,
3184 2143 3279 2197 καὶ
3330 2145 3581 2219 ἀληθινὸν
3614 2148 3675 2199 ἐκ
3707 2146 3865 2210 Θεοῦ,
3921 2148 4011 2201 καὶ

2446 2235 2506 2286 ὲν
2537 2234 2678 2304 Θεῷ,
2710 2236 2805 2287 καὶ
2834 2236 2969 2305 πρὸς
3014 2236 3152 2287 Θεὸν
3197 2235 3325 2289 ὅντα
3357 2237 3549 2305 Λόγον,
3590 2239 3839 2308 ἐπιφέρει
3886 2256 4011 2308 γορ-

2446 2322 2558 2391 γῶς
2591 2341 2604 2353 ·
2643 2342 2661 2375 ι
2691 2319 2858 2387 Οὗτος
2893 2320 2960 2394 ἦν
2986 2327 3044 2377 ὲν
3073 2327 3213 2396 ἀρχῇ
3240 2327 3373 2395 πρὸς
3401 2327 3491 2379 τὸν
3528 2327 3679 2392 Θεὸν,
3722 2347 3741 2379 ι
3774 2328 3848 2390 ὡς
3889 2328 4011 2390 Υἱὸς

2445 2416 2645 2486 δηλαδὴ
2685 2416 2819 2487 πρὸς
2861 2417 2952 2469 τὸν
2984 2417 3228 2487 Πατέρα,
3275 2418 3351 2482 ὡς
3379 2418 3637 2489 ἔμφυτος,
3686 2420 3762 2482 ὡς
3810 2421 3875 2473 ἐκ
3913 2421 4010 2489 τῆς

2445 2510 2632 2572 οὐσίας
2663 2509 2849 2574 αὑτοῦ,
2877 2508 2952 2572 ῶς
2991 2510 3303 2579 Μονογενής
3329 2525 3344 2540 ⁸
3395 2529 3414 2561 ι
3447 2505 3631 2575 Οὗτος,
3665 2530 3683 2563 ι
3726 2513 3825 2564 οὐκ
3862 2512 4012 2574 ὖντος

2445 2600 2722 2671 δευτέρου.
2786 2601 3001 2671 Ἐπειδὴ
3051 2602 3109 2654 δὲ
3146 2604 3443 2672 προσήκειν
3476 2601 3711 2673 ἠγοῦμαι
3763 2602 3832 2654 τὰ
3886 2604 4013 2673 περὶ

2446 2694 2543 2762 τῆς
2578 2694 2833 2763 τοιαύτης
2871 2693 3186 2757 δυσσεόείας
3232 2694 3541 2764 ἐξηγεῖσθαι
3599 2694 4011 2758 σπουδάζοντας,

2446 2784 2785 2853 γυμνατέραν
2813 2785 2990 2837 αὐτῶν
3022 2786 3361 2853 καταστῆσαι
3410 2786 3511 2855 τῆν
3551 2786 3879 2855 δυσφημίαν,
3927 2784 4013 2837 διὰ

2444 2875 2543 2945 τὴν
2562 2877 2670 2929 τῶν
2698 2877 3097 2947 άκεραιοτέρων
3122 2879 3418 2946 ἀσφάλειαν
3456 2895 3469 2908 ο
3523 2879 3811 2947 φυλάξεται
3841 2880 3950 2947 γὰρ
3987 2882 4014 2931 ὁ

2449 2966 2657 3036 μαθὼν,
2690 2969 2785 3020 καὶ
2805 2968 2878 3029 ὡς
2908 2968 3029 3034 ὅφιν
3078 2969 3449 3037 ὑπεραλείται,
3498 2969 3635 3021 κατὰ
3664 2970 3832 3039 μέσην
3891 2970 4014 3023 λαν-

2447 3056 2674 3110 θάνοντα
2720 3056 2819 3127 τὴν
2868 3058 3019 3110 ὁδὸνο
3092 3058 3399 3125 ἀναγκαίως
3472 3058 3640 3125 αὐτὴν
3691 3059 4012 3128 ἐκθήσομαι,

2446 3148 2547 3219 τὴν
2570 3147 2815 3212 ἐκείνων,
2858 3147 2935 3209 ὡς
2981 3148 3039 3199 ἐν
3067 3147 3391 3210 ἀντιθέσεως
3414 3149 3669 3217 σχήματι.
3706 3148 3871 3201 Λάϐοι
3906 3150 4015 3218 γὰρ

2446 3238 2513 3291 ἂν
2542 3238 2685 3291 οὕτω
2715 3239 2813 3301 τὰς
2840 3237 3020 3301 λύσεις
3048 3238 3267 3308 ἐφεξῆς,
3299 3240 3421 3292 καθ’
3465 3238 3667 3309 οὖςπερ
3693 3238 3758 3291 ἂν
3801 3239 4013 3295 ἐπιδοίη

2444 3330 2679 3398 τρόπους
2712 3331 2740 3381 6
2780 3330 2960 3382 πάντα
3018 3330 3198 3398 σοφῶν
3233 3329 3385 3392 Θεὸς.

2590 3421 2886 3490 Εὺνομίου
2914 3421 3061 3485 δόξα
3091 3422 3223 3488 περὶ
3264 3422 3371 3474 τοῦ
3403 3420 3538 3475 Υἱοῦ
3578 3420 3683 3474 τοῦ
3704 3420 3872 3475 Θεοῦ.

2536 3515 2595 3569 Ὀ
2619 3514 2951 3584 Μονογενὴς,
3006 3515 3157 3585 φησὶ,
3192 3514 3286 3567 τοῦ
3338 3514 3473 3567 Θεοῦ
3521 3515 3666 3579 Υἱὸς,
3713 3514 3813 3565 οὐκ
3862 3512 4015 3566 ἔστιν

2446 3608 2780 3678 αὑτοκυρίως
2812 3609 2841 3661 6
2879 3608 3052 3677 Λόγος
3109 3609 3273 3662 αὐτοῦ
3303 3626 3319 3641 ·
3359 3610 3475 3663 ἀλλ’
3513 3613 3540 3664 6
3571 3610 3667 3679 μὲν
3717 3608 4017 3671 ἐνδιάθετος

2447 3696 2617 3762 Λόγος
2647 3696 2739 3747 τοῦ
2768 3694 2903 3749 Θεοῦ
2952 3698 3045 3749 καὶ
3068 3698 3278 3768 Πατρὸς
3318 3699 3379 3751 ὲν
3424 3699 3571 3767 αὐτῷ
3617 3700 3861 3761 κινεῖται,
3919 3699 4015 3750 καὶ

2446 3786 2593 3838 ἐστιν
2620 3786 2705 3838 ἀεί
2730 3801 2745 3816 ·
2775 3788 2803 3839 6
2823 3787 2880 3841 δὲ
2905 3787 2963 3852 ἐξ
2982 3787 3144 3841 αὐτοῦ
3172 3789 3493 3859 γεννηθῆναι
3524 3789 3809 3858 λεγόμενος
3858 3788 4012 3852 Υἱὸς,

2444 3878 2536 3929 τὸν
2562 3877 2864 3931 ἐνδιάθετον
2900 3878 3065 3931 αὑτοῦ
3108 3879 3277 3946 Λόγον
3304 3880 3612 3950 δεχόμενος,
3632 3881 3806 3933 πάντα
3836 3896 3897 3930 τε
3939 3874 4014 3931 οἷ-

2445 3969 2534 4022 δεν
2570 3968 2845 4038 ἐκμαθὼν,
2884 3972 2979 4023 καὶ
3020 3971 3142 4023 καθ’
3193 3971 3486 4046 ὁμοιότητα
3534 3970 3632 4041 τὴν
3670 3970 3881 4022 ἐκείνου
3912 3969 4015 4023 Δό-

2446 4077 2540 4128 γος
2561 4060 2826 4122 καλεῖται,
2853 4060 2947 4111 καὶ
2972 4059 3140 4112 ἔστιν.

2520 4145 2652 4202 Εἶτα
2684 4150 2821 4220 πρὸς
2851 4150 3163 4219 βεϐαίωσιν,
3184 4150 3260 4214 ὼς
3302 4151 3492 4213 οἴεται,
3522 4150 3620 4218 τῆς
3658 4148 3850 4202 ἑαυτοῦ
3888 4149 4016 4202 δυσ-

2448 4239 2681 4303 σεϐείας,
2708 4239 2802 4293 καὶ
2848 4240 2955 4295 τῶν
3003 4241 3447 4311 διεστραμμένων
3482 4240 3695 4294 ἐννοιῶν
3740 4240 4015 4304 τοιούτους

2444 4329 2597 4391 τινὰς
2625 4329 2919 4382 ἀναπλέκει
2966 4331 3357 4400 συλλογισμοὺς
3387 4372 3399 4394 ,
3443 4332 3527 4383 ἵνα
3553 4372 3568 4397 ,
3618 4330 3757 4383 καθά
3808 4331 4015 4400 γέγρα-

2446 4437 2597 4483 πται,
2624 4423 2741 4483 ταῖς
2766 4422 2874 4475 τῶν
2916 4422 3129 4474 οἰκείων
3160 4424 3566 4492 ἁμαρτημάτων
3615 4422 3881 4492 σειραίςὸ
3904 4421 4015 4473 δείο

2376 4508 2419 4560 D
2447 4510 2591 4573 λαιος
2619 4513 3077 4581 κατασφίγγηται.

2516 4602 2577 4655 Ei
2605 4606 2633 4656 6
2652 4605 2839 4669 Λόγος,
2870 4606 3052 4673 φησὶν,
3086 4606 3143 4656 ἐν
3169 4604 3246 4673 τῷ
3268 4605 3385 4673 Θεῷ
3425 4607 3517 4658 καὶ
3564 4606 3736 4674 [Iath
3783 4606 4014 4670 φυσικός

2444 4711 2501 4745 τε
2534 4696 2625 4747 καὶ
2655 4695 2955 4757 ἐνδιάθετος
2993 4696 3156 4758 αὑτός
3197 4698 3344 4748 ἐστιν
3379 4698 3406 4747 6
3436 4697 3584 4759 Υἱὸς,
3634 4696 3746 4748 ἔστι
3781 4696 3837 4748 δὲ
3886 4698 4016 4764 ὁμο-

2444 4785 2623 4846 ούσιος
2652 4785 2729 4854 τῷ
2757 4784 3097 4857 γεννήσαντι,
3126 4786 3180 4839 τί
3210 4789 3271 4839 τὸ
3300 4788 3503 4840 κωλῦον
3539 4788 3617 4840 έτι
3662 4788 3830 4856 Λόγον
3873 4784 4017 4841 εἷναί

2446 4894 2506 4928 τε
2560 4877 2653 4930 καὶ
2676 4877 2951 4930 καλεῖσθαι
2983 4878 3074 4931 τὸν
3114 4880 3350 4950 Πατέρα,
3390 4880 3464 4943 ὡς
3503 4880 3781 4950 ὁμοούσιον
3814 4880 4017 4949 Αόγῳ;

2523 5076 2641 5126 ΚΑΙ
2682 5075 2931 5127 ΠΑΛΙΝ·
2966 5078 3028 5130 Εἰ
3062 5077 3089 5128 ὀ
3126 5076 3293 5143 Λόγος
3318 5077 3433 5130 ἐστὶ
3464 5076 3555 5131 τοῦ
3584 5076 3718 5130 Θεοῦ
3757 5076 3851 5129 καὶ
3904 5078 4013 5129 Πα-

2448 5165 2573 5233 τρὸς
2603 5167 2631 5217 ὁ
2665 5165 2811 5231 Υἱὸς,
2863 5167 2955 5218 καὶ
2986 5165 3116 5235 παρ’
3150 5166 3313 5219 αὐτὸν
3339 5168 3438 5221 οὐκ
3470 5167 3617 5219 ἔστιν
3654 5167 3871 5235 ἕτερος·
3930 5167 4017 5219 διὰ

778 5262 972 5329 inquit.
998 5260 1158 5314 Pater
1192 5260 1256 5313 ad
1282 5261 1457 5330 ipsum
1489 5261 1672 5314 dicere
1704 5261 2044 5331 comperitur
2074 5276 2087 5312 :
2120 5276 2137 5309 ι
2175 5257 2351 5311 Filius

2450 5256 2601 5307 ποίου
2629 5257 2825 5322 Λόγου,
2866 5257 3094 5325 φησὶν,ὁ
3130 5256 3320 5327 Πατὴρ
3349 5257 3485 5326 πρὸς
3510 5256 3671 5309 αὑτὸν
3705 5256 4015 5325 εὑρίσκεται

782 5368 934 5406 meus
964 5368 1023 5407 es
1065 5361 1159 5415 tu;
1209 5367 1313 5421 ego
1363 5351 1525 5405 bodie
1559 5353 1720 5421 genui
1747 5361 1798 5405 te
1823 5352 1906 5403 ‘3?
1948 5370 1965 5402 ι
2004 5350 2159 5404 Patet
2199 5350 2347 5403 enim
2442 5347 2446 5397 ἶ

2442 5347 2616 5414 λέγων
2642 5362 2656 5377 ο
2704 5367 2722 5398 ι
2770 5348 2897 5409 Υἱός
2925 5365 3027 5416 μου
3055 5342 3107 5399 εἴ
3139 5348 3202 5400 σύ
3236 5367 3249 5377 ·
3284 5348 3392 5416 ἐγὼ
3443 5349 3681 5417 σήμερον
3711 5346 4016 5415 γεγέννηκά

780 5459 889 5496 non
928 5442 1135 5509 absque
1165 5443 1333 5495 verbo
1360 5441 1576 5496 Patrem
1616 5442 1684 5495 ad
1723 5440 1921 5495 Filium
1962 5440 2136 5496 tuisse
2193 5440 2347 5493 locu-

2446 5455 2504 5490 σε
2534 5456 2547 5503 ;
2591 5458 2609 5489 ι
2645 5437 2905 5508 πρόδηλον
2944 5439 3052 5508 γὰρ
3084 5439 3158 5502 ὼς
3192 5440 3253 5491 οὐ
3289 5439 3410 5508 δίχα
3440 5440 3596 5507 λόγου
3624 5439 3720 5499 τὰς
3760 5437 3897 5507 πρὸς
3927 5436 4017 5488 αθ-

779 5548 916 5594 tnm,
965 5548 1089 5586 cum
1138 5534 1189 5587 id
1230 5549 1391 5587 omne
1423 5534 1567 5602 quod
1607 5533 1829 5592 dicitur,
1869 5533 1922 5585 in
1953 5532 2121 5585 verbo
2158 5533 2345 5600 utique

2453 5531 2543 5583 τὸν
2579 5530 2837 5593 διαλέξεις
2866 5531 3103 5601 όΠατὴρ
3136 5532 3445 5599 ἐποιήσατο,
3496 5530 3614 5581 ἐπεὶ
3655 5529 3763 5579 πᾶν
3822 5528 3883 5579 τὸ
3929 5528 4017 5579 λα-

778 5625 1014 5687 dicatur,
1051 5640 1163 5676 non
1207 5623 1383 5676 aliter.
1438 5622 1500 5674 Et
1531 5625 1647 5691 ipse
1678 5622 1882 5676 alicubi
1928 5620 2179 5674 Salvator
2219 5623 2293 5675 ait
2328 5639 2340 5673 :

2455 5622 2709 5693 λούμενον
2761 5623 2816 5675 ἐν
2859 5622 3001 5692 λόγῳ
3061 5623 3256 5683 παντὸς
3314 5621 3430 5691 [ἵσ.
3477 5618 3724 5691 πάντως]
3756 5618 4015 5680 λαλεῖται,

888 5804 1105 5858 “hor.
1144 5822 1214 5867 ix,
1259 5805 1301 5855 l.

1384 5806 1443 5832 ’²”
1468 5804 1630 5861 Prov.
1661 5819 1752 5869 ιιι,
1790 5804 1877 5854 :12.
1960 5805 2001 5835 ‘3
2028 5800 2171 5857 Ινδοὶ.
2208 5816 2262 5871 ιι,
2294 5801 2340 5855 '3.
