  <div class='ocr_page' id='page_1' title='image "/cluster/home/n/w/nwhite01/storage/ocr_20150623/73/nnc1.0046980245/038.png"; bbox 0 0 4214 6502; ppageno 0'>
   <div class='ocr_carea' id='block_1_1' title="bbox 186 444 1761 511">
    <p class='ocr_par' dir='ltr' id='par_1_1' title="bbox 186 444 1761 507">
     <span class='ocr_line' id='line_1_1' title="bbox 186 444 1761 507; baseline -0.004 -2"><span class='ocrx_word' id='word_1_1' title='bbox 186 453 258 507; x_wconf 83' lang='grc'><strong>57</strong></span> <span class='ocrx_word' id='word_1_2' title='bbox 1212 444 1281 499; x_wconf 82' lang='grc' dir='ltr'><strong>ΙΝ</strong></span> <span class='ocrx_word' id='word_1_3' title='bbox 1314 444 1602 502; x_wconf 68' lang='grc' dir='ltr'><strong>ΙΟΛΝΝΙΒ</strong></span> <span class='ocrx_word' id='word_1_4' title='bbox 1649 445 1761 500; x_wconf 74' lang='grc' dir='ltr'><strong>Ενέ</strong></span> 
     </span>
    </p>
   </div>
   <div class='ocr_carea' id='block_1_2' title="bbox 1857 444 3463 511">
    <p class='ocr_par' dir='ltr' id='par_1_2' title="bbox 1857 445 3463 511">
     <span class='ocr_line' id='line_1_2' title="bbox 1857 445 3463 511; baseline 0.007 -12"><span class='ocrx_word' id='word_1_5' title='bbox 1857 445 2095 504; x_wconf 67' lang='grc' dir='ltr'>ιιειιιιιι</span> <span class='ocrx_word' id='word_1_6' title='bbox 2141 447 2269 504; x_wconf 85' lang='lat' dir='ltr'><strong>LIB.</strong></span> <span class='ocrx_word' id='word_1_7' title='bbox 2314 450 2354 502; x_wconf 89' lang='grc' dir='ltr'><strong>Ι.</strong></span> <span class='ocrx_word' id='word_1_8' title='bbox 3390 454 3463 511; x_wconf 79' lang='lat'><strong>58</strong></span> 
     </span>
    </p>
   </div>
   <div class='ocr_carea' id='block_1_3' title="bbox 183 564 1761 638">
    <p class='ocr_par' dir='ltr' id='par_1_3' title="bbox 183 564 1754 638">
     <span class='ocr_line' id='line_1_3' title="bbox 183 564 1754 638; baseline -0.002 -18"><span class='ocrx_word' id='word_1_9' title='bbox 183 568 394 637; x_wconf 69' lang='grc' dir='ltr'>καὶούχ</span> <span class='ocrx_word' id='word_1_10' title='bbox 408 566 628 638; x_wconf 75' lang='grc' dir='ltr'>ἑτέρως.</span> <span class='ocrx_word' id='word_1_11' title='bbox 643 566 754 619; x_wconf 77' lang='grc' dir='ltr'><strong>Καὶ</strong></span> <span class='ocrx_word' id='word_1_12' title='bbox 766 564 927 627; x_wconf 80' lang='lat'><em>66:6;</em></span> <span class='ocrx_word' id='word_1_13' title='bbox 941 564 996 617; x_wconf 86' lang='grc' dir='ltr'><strong>δέ</strong></span> <span class='ocrx_word' id='word_1_14' title='bbox 1016 564 1118 617; x_wconf 81' lang='grc' dir='ltr'><strong>πού</strong></span> <span class='ocrx_word' id='word_1_15' title='bbox 1137 582 1303 635; x_wconf 80' lang='grc' dir='ltr'>φησιν</span> <span class='ocrx_word' id='word_1_16' title='bbox 1320 567 1348 617; x_wconf 98' lang='lat'><strong>6</strong></span> <span class='ocrx_word' id='word_1_17' title='bbox 1370 566 1578 636; x_wconf 84' lang='grc' dir='ltr'>Σωτὴρ,</span> <span class='ocrx_word' id='word_1_18' title='bbox 1592 585 1611 616; x_wconf 89' lang='lat'><strong>1</strong></span> <span class='ocrx_word' id='word_1_19' title='bbox 1625 568 1754 617; x_wconf 80' lang='grc' dir='ltr'>Ὅτι</span> 
     </span>
    </p>
   </div>
   <div class='ocr_carea' id='block_1_4' title="bbox 1857 564 3462 638">
    <p class='ocr_par' dir='ltr' id='par_1_4' title="bbox 1873 564 3462 633">
     <span class='ocr_line' id='line_1_4' title="bbox 1873 564 3462 633; baseline 0.005 -18"><span class='ocrx_word' id='word_1_20' title='bbox 1873 583 1891 615; x_wconf 82' lang='lat'><strong>1</strong></span> <span class='ocrx_word' id='word_1_21' title='bbox 1929 564 2065 630; x_wconf 89' lang='lat' dir='ltr'><strong>Quia</strong></span> <span class='ocrx_word' id='word_1_22' title='bbox 2106 565 2228 619; x_wconf 90' lang='lat' dir='ltr'><strong>novi</strong></span> <span class='ocrx_word' id='word_1_23' title='bbox 2265 566 2502 629; x_wconf 88' lang='lat' dir='ltr'><strong>Patrem,</strong></span> <span class='ocrx_word' id='word_1_24' title='bbox 2542 574 2595 620; x_wconf 87' lang='lat' dir='ltr'><strong>et</strong></span> <span class='ocrx_word' id='word_1_25' title='bbox 2632 565 2856 620; x_wconf 79' lang='lat' dir='ltr'><strong>verbum</strong></span> <span class='ocrx_word' id='word_1_26' title='bbox 2884 565 3006 633; x_wconf 84' lang='lat' dir='ltr'><strong>ejus</strong></span> <span class='ocrx_word' id='word_1_27' title='bbox 3053 581 3214 622; x_wconf 88' lang='lat' dir='ltr'><strong>servo</strong></span> <span class='ocrx_word' id='word_1_28' title='bbox 3236 566 3302 621; x_wconf 78' lang='lat'><strong>“.</strong></span> <span class='ocrx_word' id='word_1_29' title='bbox 3344 587 3363 620; x_wconf 91' lang='lat'><strong>1</strong></span> <span class='ocrx_word' id='word_1_30' title='bbox 3399 567 3462 623; x_wconf 82' lang='lat' dir='ltr'><strong>Et</strong></span> 
     </span>
    </p>
   </div>
   <div class='ocr_carea' id='block_1_5' title="bbox 182 654 1776 728">
    <p class='ocr_par' dir='ltr' id='par_1_5' title="bbox 182 654 1776 728">
     <span class='ocr_line' id='line_1_5' title="bbox 182 654 1776 728; baseline -0.003 -15"><span class='ocrx_word' id='word_1_31' title='bbox 182 654 302 713; x_wconf 71' lang='grc' dir='ltr'>οἶδα</span> <span class='ocrx_word' id='word_1_32' title='bbox 325 658 418 710; x_wconf 77' lang='grc' dir='ltr'><strong>τὸν</strong></span> <span class='ocrx_word' id='word_1_33' title='bbox 443 657 683 728; x_wconf 88' lang='grc' dir='ltr'>Πατέρα,</span> <span class='ocrx_word' id='word_1_34' title='bbox 702 656 795 709; x_wconf 79' lang='grc' dir='ltr'><strong>καὶ</strong></span> <span class='ocrx_word' id='word_1_35' title='bbox 818 655 910 708; x_wconf 84' lang='grc' dir='ltr'><strong>τὸν</strong></span> <span class='ocrx_word' id='word_1_36' title='bbox 925 654 1083 722; x_wconf 89' lang='grc' dir='ltr'>λόγον</span> <span class='ocrx_word' id='word_1_37' title='bbox 1108 654 1273 707; x_wconf 85' lang='grc' dir='ltr'>αὐτοῦ</span> <span class='ocrx_word' id='word_1_38' title='bbox 1291 654 1464 725; x_wconf 83' lang='grc' dir='ltr'>τηρῶ.</span> <span class='ocrx_word' id='word_1_39' title='bbox 1488 673 1506 706; x_wconf 91' lang='lat'><strong>1</strong></span> <span class='ocrx_word' id='word_1_40' title='bbox 1535 655 1647 708; x_wconf 73' lang='grc' dir='ltr'><strong>Καὶ</strong></span> <span class='ocrx_word' id='word_1_41' title='bbox 1677 655 1776 708; x_wconf 86' lang='lat'><em>1:6-</em></span> 
     </span>
    </p>
   </div>
   <div class='ocr_carea' id='block_1_6' title="bbox 182 744 1773 817">
    <p class='ocr_par' dir='ltr' id='par_1_6' title="bbox 182 744 1773 817">
     <span class='ocr_line' id='line_1_6' title="bbox 182 744 1773 817; baseline -0.003 -14"><span class='ocrx_word' id='word_1_42' title='bbox 182 752 269 803; x_wconf 92' lang='grc' dir='ltr'><strong>λιν</strong></span> <span class='ocrx_word' id='word_1_43' title='bbox 297 767 312 781; x_wconf 76' lang='grc' dir='ltr'><strong>ο</strong></span> <span class='ocrx_word' id='word_1_44' title='bbox 356 768 376 802; x_wconf 91' lang='lat'><strong>1</strong></span> <span class='ocrx_word' id='word_1_45' title='bbox 413 749 473 802; x_wconf 84' lang='grc' dir='ltr'><strong>Ὀ</strong></span> <span class='ocrx_word' id='word_1_46' title='bbox 497 748 654 817; x_wconf 87' lang='grc' dir='ltr'><strong>λόγος</strong></span> <span class='ocrx_word' id='word_1_47' title='bbox 678 748 737 800; x_wconf 85' lang='grc' dir='ltr'><strong>δν</strong></span> <span class='ocrx_word' id='word_1_48' title='bbox 761 746 1010 812; x_wconf 85' lang='grc' dir='ltr'>ἀκούετε,</span> <span class='ocrx_word' id='word_1_49' title='bbox 1038 744 1315 798; x_wconf 74' lang='grc' dir='ltr'>οὐκέστιν</span> <span class='ocrx_word' id='word_1_50' title='bbox 1347 745 1499 816; x_wconf 83' lang='grc' dir='ltr'>ἐμὸς,</span> <span class='ocrx_word' id='word_1_51' title='bbox 1524 746 1661 801; x_wconf 90' lang='grc' dir='ltr'><strong>ἀλλά</strong></span> <span class='ocrx_word' id='word_1_52' title='bbox 1680 746 1773 799; x_wconf 88' lang='grc' dir='ltr'><strong>τοῦ</strong></span> 
     </span>
    </p>
   </div>
   <div class='ocr_carea' id='block_1_7' title="bbox 183 834 1773 909">
    <p class='ocr_par' dir='ltr' id='par_1_7' title="bbox 183 834 1773 909">
     <span class='ocr_line' id='line_1_7' title="bbox 183 834 1773 909; baseline -0.003 -17"><span class='ocrx_word' id='word_1_53' title='bbox 183 839 501 909; x_wconf 75' lang='grc' dir='ltr'>πέμψαντός</span> <span class='ocrx_word' id='word_1_54' title='bbox 534 855 621 907; x_wconf 90' lang='grc' dir='ltr'><strong>με.</strong></span> <span class='ocrx_word' id='word_1_55' title='bbox 648 854 668 888; x_wconf 90' lang='lat'><strong>1</strong></span> <span class='ocrx_word' id='word_1_56' title='bbox 700 837 830 889; x_wconf 88' lang='grc' dir='ltr'>Ὅτε</span> <span class='ocrx_word' id='word_1_57' title='bbox 846 835 1025 888; x_wconf 81' lang='grc' dir='ltr'><strong>τοίνυν</strong></span> <span class='ocrx_word' id='word_1_58' title='bbox 1038 836 1095 887; x_wconf 89' lang='grc' dir='ltr'>ἐν</span> <span class='ocrx_word' id='word_1_59' title='bbox 1110 834 1255 903; x_wconf 88' lang='grc' dir='ltr'>λόγῳ</span> <span class='ocrx_word' id='word_1_60' title='bbox 1272 834 1371 905; x_wconf 87' lang='grc' dir='ltr'><strong>μὲν</strong></span> <span class='ocrx_word' id='word_1_61' title='bbox 1390 837 1418 889; x_wconf 92' lang='lat'><strong>6</strong></span> <span class='ocrx_word' id='word_1_62' title='bbox 1434 834 1624 905; x_wconf 84' lang='grc' dir='ltr'>Πατὴρ</span> <span class='ocrx_word' id='word_1_63' title='bbox 1637 834 1773 906; x_wconf 75' lang='grc' dir='ltr'>πρὸς</span> 
     </span>
    </p>
   </div>
   <div class='ocr_carea' id='block_1_8' title="bbox 183 926 1773 998">
    <p class='ocr_par' dir='ltr' id='par_1_8' title="bbox 183 926 1773 998">
     <span class='ocr_line' id='line_1_8' title="bbox 183 926 1773 998; baseline -0.003 -13"><span class='ocrx_word' id='word_1_64' title='bbox 183 931 351 985; x_wconf 81' lang='grc' dir='ltr'>αὑτὸν</span> <span class='ocrx_word' id='word_1_65' title='bbox 379 929 707 997; x_wconf 80' lang='grc' dir='ltr'><strong>διαλέγεται,</strong></span> <span class='ocrx_word' id='word_1_66' title='bbox 767 926 1119 998; x_wconf 83' lang='grc' dir='ltr'>συνομολογεϊ</span> <span class='ocrx_word' id='word_1_67' title='bbox 1171 926 1227 979; x_wconf 85' lang='grc' dir='ltr'><strong>δέ</strong></span> <span class='ocrx_word' id='word_1_68' title='bbox 1266 926 1361 981; x_wconf 68' lang='grc' dir='ltr'>καὶ</span> <span class='ocrx_word' id='word_1_69' title='bbox 1396 926 1589 994; x_wconf 68' lang='grc' dir='ltr'>αὐτὸς,</span> <span class='ocrx_word' id='word_1_70' title='bbox 1642 926 1773 980; x_wconf 86' lang='grc' dir='ltr'><strong>ποτέ</strong></span> 
     </span>
    </p>
   </div>
   <div class='ocr_carea' id='block_1_9' title="bbox 184 1018 1768 1091">
    <p class='ocr_par' dir='ltr' id='par_1_9' title="bbox 184 1018 1768 1091">
     <span class='ocr_line' id='line_1_9' title="bbox 184 1018 1768 1091; baseline 0 -18"><span class='ocrx_word' id='word_1_71' title='bbox 184 1022 288 1089; x_wconf 83' lang='grc' dir='ltr'>μὲν</span> <span class='ocrx_word' id='word_1_72' title='bbox 324 1023 406 1075; x_wconf 81' lang='grc' dir='ltr'><strong>ὅτι</strong></span> <span class='ocrx_word' id='word_1_73' title='bbox 433 1024 592 1091; x_wconf 87' lang='grc' dir='ltr'>τηρεῖ</span> <span class='ocrx_word' id='word_1_74' title='bbox 623 1021 715 1074; x_wconf 79' lang='grc' dir='ltr'>τὸν</span> <span class='ocrx_word' id='word_1_75' title='bbox 736 1020 893 1088; x_wconf 85' lang='grc' dir='ltr'>λόγον</span> <span class='ocrx_word' id='word_1_76' title='bbox 914 1019 1009 1072; x_wconf 83' lang='grc' dir='ltr'><strong>τοῦ</strong></span> <span class='ocrx_word' id='word_1_77' title='bbox 1035 1018 1249 1091; x_wconf 69' lang='grc' dir='ltr'>Πατρός</span> <span class='ocrx_word' id='word_1_78' title='bbox 1277 1059 1292 1083; x_wconf 93' lang='grc'><strong>,</strong></span> <span class='ocrx_word' id='word_1_79' title='bbox 1321 1019 1455 1072; x_wconf 84' lang='grc' dir='ltr'>ποτὲ</span> <span class='ocrx_word' id='word_1_80' title='bbox 1488 1020 1545 1073; x_wconf 84' lang='lat'><strong>66</strong></span> <span class='ocrx_word' id='word_1_81' title='bbox 1583 1019 1768 1083; x_wconf 84' lang='grc' dir='ltr'>πάλιν,</span> 
     </span>
    </p>
   </div>
   <div class='ocr_carea' id='block_1_10' title="bbox 180 1110 1771 1181">
    <p class='ocr_par' dir='ltr' id='par_1_10' title="bbox 180 1110 1771 1181">
     <span class='ocr_line' id='line_1_10' title="bbox 180 1110 1771 1181; baseline 0 -16"><span class='ocrx_word' id='word_1_82' title='bbox 180 1114 259 1176; x_wconf 81' lang='grc' dir='ltr'>ὡς</span> <span class='ocrx_word' id='word_1_83' title='bbox 287 1114 351 1166; x_wconf 82' lang='grc' dir='ltr'><strong>οὐ</strong></span> <span class='ocrx_word' id='word_1_84' title='bbox 379 1113 470 1166; x_wconf 81' lang='grc' dir='ltr'>τὸν</span> <span class='ocrx_word' id='word_1_85' title='bbox 511 1112 674 1166; x_wconf 83' lang='grc' dir='ltr'>αὐτοῦ</span> <span class='ocrx_word' id='word_1_86' title='bbox 704 1111 881 1180; x_wconf 88' lang='grc' dir='ltr'>λόγον,</span> <span class='ocrx_word' id='word_1_87' title='bbox 914 1111 1052 1165; x_wconf 87' lang='grc' dir='ltr'><strong>ἀλλά</strong></span> <span class='ocrx_word' id='word_1_88' title='bbox 1080 1110 1172 1164; x_wconf 85' lang='grc' dir='ltr'>τὸν</span> <span class='ocrx_word' id='word_1_89' title='bbox 1189 1110 1284 1164; x_wconf 87' lang='grc' dir='ltr'><strong>τοῦ</strong></span> <span class='ocrx_word' id='word_1_90' title='bbox 1324 1110 1542 1181; x_wconf 75' lang='grc' dir='ltr'>Πατρὺς</span> <span class='ocrx_word' id='word_1_91' title='bbox 1571 1110 1771 1180; x_wconf 76' lang='grc' dir='ltr'>ἢκουον</span> 
     </span>
    </p>
   </div>
   <div class='ocr_carea' id='block_1_11' title="bbox 180 1200 1770 1272">
    <p class='ocr_par' dir='ltr' id='par_1_11' title="bbox 180 1200 1770 1272">
     <span class='ocr_line' id='line_1_11' title="bbox 180 1200 1770 1272; baseline 0.001 -18"><span class='ocrx_word' id='word_1_92' title='bbox 180 1204 230 1254; x_wconf 86' lang='grc' dir='ltr'>οἱ</span> <span class='ocrx_word' id='word_1_93' title='bbox 284 1202 527 1255; x_wconf 83' lang='grc' dir='ltr'>Ἰουδαῖοι</span> <span class='ocrx_word' id='word_1_94' title='bbox 558 1218 573 1233; x_wconf 90' lang='grc'><strong>·</strong></span> <span class='ocrx_word' id='word_1_95' title='bbox 608 1202 726 1266; x_wconf 84' lang='grc' dir='ltr'><strong>πῶς</strong></span> <span class='ocrx_word' id='word_1_96' title='bbox 760 1203 860 1255; x_wconf 85' lang='grc' dir='ltr'><strong>οὐκ</strong></span> <span class='ocrx_word' id='word_1_97' title='bbox 890 1202 955 1254; x_wconf 83' lang='grc' dir='ltr'><strong>ἂν</strong></span> <span class='ocrx_word' id='word_1_98' title='bbox 983 1200 1091 1272; x_wconf 72' lang='grc' dir='ltr'>εἴη,</span> <span class='ocrx_word' id='word_1_99' title='bbox 1141 1200 1306 1272; x_wconf 75' lang='grc' dir='ltr'>φησὶν</span> <span class='ocrx_word' id='word_1_100' title='bbox 1334 1242 1349 1266; x_wconf 96' lang='grc'><strong>,</strong></span> <span class='ocrx_word' id='word_1_101' title='bbox 1381 1202 1770 1265; x_wconf 84' lang='grc' dir='ltr'>ἀνενδοιάστως</span> 
     </span>
    </p>
   </div>
   <div class='ocr_carea' id='block_1_12' title="bbox 179 1291 1765 1367">
    <p class='ocr_par' dir='ltr' id='par_1_12' title="bbox 179 1291 1765 1367">
     <span class='ocr_line' id='line_1_12' title="bbox 179 1291 1765 1367; baseline 0.002 -23"><span class='ocrx_word' id='word_1_102' title='bbox 179 1294 642 1362; x_wconf 84' lang='grc' dir='ltr'>ὁμολογούμενον,</span> <span class='ocrx_word' id='word_1_103' title='bbox 660 1294 735 1358; x_wconf 85' lang='grc' dir='ltr'><strong>ὡς</strong></span> <span class='ocrx_word' id='word_1_104' title='bbox 758 1293 943 1367; x_wconf 80' lang='grc' dir='ltr'>ἕτερός</span> <span class='ocrx_word' id='word_1_105' title='bbox 958 1295 1106 1346; x_wconf 89' lang='grc' dir='ltr'>ἐστιν</span> <span class='ocrx_word' id='word_1_106' title='bbox 1122 1294 1151 1349; x_wconf 92' lang='lat'><strong>6</strong></span> <span class='ocrx_word' id='word_1_107' title='bbox 1168 1291 1297 1356; x_wconf 81' lang='grc' dir='ltr'>Υἰὺς</span> <span class='ocrx_word' id='word_1_108' title='bbox 1313 1310 1379 1346; x_wconf 91' lang='grc' dir='ltr'><strong>πε</strong></span> <span class='ocrx_word' id='word_1_109' title='bbox 1387 1294 1439 1363; x_wconf 72' lang='grc' dir='ltr'><strong>ρί</strong></span> <span class='ocrx_word' id='word_1_110' title='bbox 1454 1292 1567 1366; x_wconf 68' lang='grc' dir='ltr'><strong>[τον.</strong></span> <span class='ocrx_word' id='word_1_111' title='bbox 1592 1294 1765 1366; x_wconf 71' lang='grc' dir='ltr'>παρὰ]</span> 
     </span>
    </p>
   </div>
   <div class='ocr_carea' id='block_1_13' title="bbox 177 1383 1765 1456">
    <p class='ocr_par' dir='ltr' id='par_1_13' title="bbox 177 1383 1765 1456">
     <span class='ocr_line' id='line_1_13' title="bbox 177 1383 1765 1456; baseline 0.003 -20"><span class='ocrx_word' id='word_1_112' title='bbox 177 1383 275 1436; x_wconf 77' lang='grc' dir='ltr'>τὸν</span> <span class='ocrx_word' id='word_1_113' title='bbox 311 1385 636 1449; x_wconf 80' lang='grc' dir='ltr'><strong>ἐνδιάθετον,</strong></span> <span class='ocrx_word' id='word_1_114' title='bbox 665 1384 785 1456; x_wconf 76' lang='grc' dir='ltr'>ἦτοι</span> <span class='ocrx_word' id='word_1_115' title='bbox 818 1385 908 1438; x_wconf 75' lang='grc' dir='ltr'>τὸν</span> <span class='ocrx_word' id='word_1_116' title='bbox 946 1385 1005 1438; x_wconf 89' lang='grc' dir='ltr'><strong>ἐν</strong></span> <span class='ocrx_word' id='word_1_117' title='bbox 1028 1384 1285 1454; x_wconf 85' lang='grc' dir='ltr'><strong>γεννήσει</strong></span> <span class='ocrx_word' id='word_1_118' title='bbox 1327 1389 1631 1456; x_wconf 80' lang='grc' dir='ltr'>νοηματικῇ</span> <span class='ocrx_word' id='word_1_119' title='bbox 1659 1386 1765 1440; x_wconf 82' lang='lat' dir='ltr'><strong>A6-</strong></span> 
     </span>
    </p>
   </div>
   <div class='ocr_carea' id='block_1_14' title="bbox 187 1471 1764 1547">
    <p class='ocr_par' dir='ltr' id='par_1_14' title="bbox 187 1471 1764 1547">
     <span class='ocr_line' id='line_1_14' title="bbox 187 1471 1764 1547; baseline 0.004 -20"><span class='ocrx_word' id='word_1_120' title='bbox 187 1492 297 1544; x_wconf 71' lang='grc' dir='ltr'>γον,</span> <span class='ocrx_word' id='word_1_121' title='bbox 322 1471 385 1531; x_wconf 76' lang='grc' dir='ltr'><strong>οῦ</strong></span> <span class='ocrx_word' id='word_1_122' title='bbox 430 1476 671 1546; x_wconf 81' lang='grc' dir='ltr'>μετέχων</span> <span class='ocrx_word' id='word_1_123' title='bbox 705 1475 801 1528; x_wconf 78' lang='grc' dir='ltr'>καὶ</span> <span class='ocrx_word' id='word_1_124' title='bbox 836 1477 1323 1547; x_wconf 73' lang='grc' dir='ltr'><strong>ἀναπιμπλάμενος</strong></span> <span class='ocrx_word' id='word_1_125' title='bbox 1366 1478 1612 1531; x_wconf 82' lang='grc' dir='ltr'>καλεῖται</span> <span class='ocrx_word' id='word_1_126' title='bbox 1659 1480 1764 1533; x_wconf 90' lang='grc' dir='ltr'>Λό-</span> 
     </span>
    </p>
   </div>
   <div class='ocr_carea' id='block_1_15' title="bbox 176 1559 1758 1641">
    <p class='ocr_par' dir='ltr' id='par_1_15' title="bbox 176 1559 1758 1641">
     <span class='ocr_line' id='line_1_15' title="bbox 176 1559 1758 1641; baseline 0.003 -21"><span class='ocrx_word' id='word_1_127' title='bbox 176 1584 277 1635; x_wconf 86' lang='grc' dir='ltr'><strong>γος</strong></span> <span class='ocrx_word' id='word_1_128' title='bbox 307 1571 338 1621; x_wconf 91' lang='lat'><strong>6</strong></span> <span class='ocrx_word' id='word_1_129' title='bbox 370 1569 725 1639; x_wconf 83' lang='lat'><em>1:90:909:1:6;,</em></span> <span class='ocrx_word' id='word_1_130' title='bbox 749 1568 959 1639; x_wconf 73' lang='grc' dir='ltr'>καὶτῆς</span> <span class='ocrx_word' id='word_1_131' title='bbox 982 1559 1314 1641; x_wconf 75' lang='grc' dir='ltr'>τοῦπατρὸς</span> <span class='ocrx_word' id='word_1_132' title='bbox 1341 1572 1529 1635; x_wconf 78' lang='grc' dir='ltr'><strong>οὐσίας</strong></span> <span class='ocrx_word' id='word_1_133' title='bbox 1559 1573 1758 1639; x_wconf 85' lang='grc' dir='ltr'>ἐκφαν-</span> 
     </span>
    </p>
   </div>
   <div class='ocr_carea' id='block_1_16' title="bbox 174 1658 1761 1733">
    <p class='ocr_par' dir='ltr' id='par_1_16' title="bbox 174 1658 1761 1733">
     <span class='ocr_line' id='line_1_16' title="bbox 174 1658 1761 1733; baseline 0.004 -23"><span class='ocrx_word' id='word_1_134' title='bbox 174 1658 352 1722; x_wconf 73' lang='grc' dir='ltr'>τικδς,</span> <span class='ocrx_word' id='word_1_135' title='bbox 393 1658 537 1711; x_wconf 79' lang='grc' dir='ltr'>τοῦτ’</span> <span class='ocrx_word' id='word_1_136' title='bbox 573 1658 740 1724; x_wconf 76' lang='grc' dir='ltr'>ἔστιν,</span> <span class='ocrx_word' id='word_1_137' title='bbox 761 1661 790 1713; x_wconf 87' lang='lat'><strong>6</strong></span> <span class='ocrx_word' id='word_1_138' title='bbox 814 1660 973 1727; x_wconf 77' lang='lat' dir='ltr'><em>l‘i6;;</em></span> <span class='ocrx_word' id='word_1_139' title='bbox 1006 1660 1241 1714; x_wconf 81' lang='grc' dir='ltr'><strong>Τοιαῦτα</strong></span> <span class='ocrx_word' id='word_1_140' title='bbox 1284 1660 1383 1731; x_wconf 83' lang='grc' dir='ltr'>μὲν</span> <span class='ocrx_word' id='word_1_141' title='bbox 1419 1658 1513 1715; x_wconf 75' lang='grc' dir='ltr'><strong>οὖν</strong></span> <span class='ocrx_word' id='word_1_142' title='bbox 1541 1664 1569 1715; x_wconf 91' lang='lat'><strong>6</strong></span> <span class='ocrx_word' id='word_1_143' title='bbox 1594 1665 1761 1733; x_wconf 82' lang='lat'><em>1:696-</em></span> 
     </span>
    </p>
   </div>
   <div class='ocr_carea' id='block_1_17' title="bbox 175 1749 1762 1825">
    <p class='ocr_par' dir='ltr' id='par_1_17' title="bbox 175 1749 1762 1825">
     <span class='ocr_line' id='line_1_17' title="bbox 175 1749 1762 1825; baseline 0.005 -24"><span class='ocrx_word' id='word_1_144' title='bbox 175 1766 335 1818; x_wconf 82' lang='grc' dir='ltr'>φρων</span> <span class='ocrx_word' id='word_1_145' title='bbox 383 1749 559 1820; x_wconf 83' lang='grc' dir='ltr'>ἐαυτῷ</span> <span class='ocrx_word' id='word_1_146' title='bbox 600 1750 830 1820; x_wconf 84' lang='grc' dir='ltr'>συνείρει</span> <span class='ocrx_word' id='word_1_147' title='bbox 872 1750 1039 1815; x_wconf 83' lang='grc' dir='ltr'>κακά,</span> <span class='ocrx_word' id='word_1_148' title='bbox 1087 1752 1182 1805; x_wconf 73' lang='grc' dir='ltr'><strong>καὶ</strong></span> <span class='ocrx_word' id='word_1_149' title='bbox 1230 1753 1434 1817; x_wconf 84' lang='grc' dir='ltr'>πάσαις</span> <span class='ocrx_word' id='word_1_150' title='bbox 1469 1754 1605 1825; x_wconf 83' lang='grc' dir='ltr'>ὁμοῦ</span> <span class='ocrx_word' id='word_1_151' title='bbox 1639 1758 1762 1819; x_wconf 85' lang='grc' dir='ltr'>ταῖς</span> 
     </span>
    </p>
   </div>
   <div class='ocr_carea' id='block_1_18' title="bbox 175 1838 1759 1913">
    <p class='ocr_par' dir='ltr' id='par_1_18' title="bbox 175 1838 1759 1913">
     <span class='ocr_line' id='line_1_18' title="bbox 175 1838 1759 1913; baseline 0.006 -24"><span class='ocrx_word' id='word_1_152' title='bbox 175 1838 354 1900; x_wconf 80' lang='grc' dir='ltr'>θείαις</span> <span class='ocrx_word' id='word_1_153' title='bbox 396 1840 641 1909; x_wconf 86' lang='grc' dir='ltr'>Γραφαῖς</span> <span class='ocrx_word' id='word_1_154' title='bbox 688 1840 1003 1909; x_wconf 88' lang='grc' dir='ltr'>ἀντιφωνῶν</span> <span class='ocrx_word' id='word_1_155' title='bbox 1043 1842 1144 1894; x_wconf 83' lang='grc' dir='ltr'><strong>οὐκ</strong></span> <span class='ocrx_word' id='word_1_156' title='bbox 1192 1844 1530 1911; x_wconf 81' lang='grc' dir='ltr'>αἰσχύνεται,</span> <span class='ocrx_word' id='word_1_157' title='bbox 1576 1844 1637 1899; x_wconf 85' lang='lat'><strong>:6</strong></span> <span class='ocrx_word' id='word_1_158' title='bbox 1665 1862 1759 1913; x_wconf 84' lang='grc' dir='ltr'>γε·</span> 
     </span>
    </p>
   </div>
   <div class='ocr_carea' id='block_1_19' title="bbox 174 1929 1760 2003">
    <p class='ocr_par' dir='ltr' id='par_1_19' title="bbox 174 1929 1760 2003">
     <span class='ocr_line' id='line_1_19' title="bbox 174 1929 1760 2003; baseline 0.006 -23"><span class='ocrx_word' id='word_1_159' title='bbox 174 1929 499 1998; x_wconf 81' lang='grc' dir='ltr'>γραμμένον</span> <span class='ocrx_word' id='word_1_160' title='bbox 541 1931 625 1997; x_wconf 84' lang='grc' dir='ltr'><strong>ἐφ’</strong></span> <span class='ocrx_word' id='word_1_161' title='bbox 682 1930 862 2000; x_wconf 80' lang='grc' dir='ltr'>ἐαυτῷ</span> <span class='ocrx_word' id='word_1_162' title='bbox 921 1931 1179 1986; x_wconf 82' lang='grc' dir='ltr'>δεικνύων</span> <span class='ocrx_word' id='word_1_163' title='bbox 1230 1934 1450 2003; x_wconf 84' lang='grc' dir='ltr'>ἀληθές·</span> <span class='ocrx_word' id='word_1_164' title='bbox 1515 1953 1533 1987; x_wconf 91' lang='lat'><strong>1</strong></span> <span class='ocrx_word' id='word_1_165' title='bbox 1594 1936 1760 1989; x_wconf 84' lang='grc' dir='ltr'>Ὅταν</span> 
     </span>
    </p>
   </div>
   <div class='ocr_carea' id='block_1_20' title="bbox 172 2018 1764 2097">
    <p class='ocr_par' dir='ltr' id='par_1_20' title="bbox 172 2018 1764 2097">
     <span class='ocr_line' id='line_1_20' title="bbox 172 2018 1764 2097; baseline 0.006 -27"><span class='ocrx_word' id='word_1_166' title='bbox 172 2019 306 2089; x_wconf 73' lang='grc' dir='ltr'>ἔλθῃ</span> <span class='ocrx_word' id='word_1_167' title='bbox 326 2018 526 2089; x_wconf 80' lang='grc' dir='ltr'>ἀσεϐὴς</span> <span class='ocrx_word' id='word_1_168' title='bbox 550 2021 627 2081; x_wconf 81' lang='grc' dir='ltr'><strong>εἰς</strong></span> <span class='ocrx_word' id='word_1_169' title='bbox 646 2018 808 2088; x_wconf 82' lang='grc' dir='ltr'>βάθος</span> <span class='ocrx_word' id='word_1_170' title='bbox 834 2022 1040 2086; x_wconf 84' lang='grc' dir='ltr'><strong>κακῶν,</strong></span> <span class='ocrx_word' id='word_1_171' title='bbox 1064 2026 1427 2094; x_wconf 78' lang='grc' dir='ltr'>καταφρονεῖ·</span> <span class='ocrx_word' id='word_1_172' title='bbox 1457 2046 1475 2078; x_wconf 91' lang='lat'><strong>1</strong></span> <span class='ocrx_word' id='word_1_173' title='bbox 1498 2025 1631 2080; x_wconf 89' lang='grc' dir='ltr'>Λίαν</span> <span class='ocrx_word' id='word_1_174' title='bbox 1655 2027 1764 2097; x_wconf 80' lang='grc' dir='ltr'>γὰρ</span> 
     </span>
    </p>
   </div>
   <div class='ocr_carea' id='block_1_21' title="bbox 172 2110 1764 2187">
    <p class='ocr_par' dir='ltr' id='par_1_21' title="bbox 172 2110 1764 2187">
     <span class='ocr_line' id='line_1_21' title="bbox 172 2110 1764 2187; baseline 0.005 -24"><span class='ocrx_word' id='word_1_175' title='bbox 172 2110 349 2174; x_wconf 68' lang='grc' dir='ltr'>ὅντως</span> <span class='ocrx_word' id='word_1_176' title='bbox 410 2110 669 2163; x_wconf 77' lang='grc' dir='ltr'>ἐϐάθυνεν</span> <span class='ocrx_word' id='word_1_177' title='bbox 720 2114 801 2174; x_wconf 89' lang='grc' dir='ltr'><strong>εἰς</strong></span> <span class='ocrx_word' id='word_1_178' title='bbox 847 2112 1092 2168; x_wconf 82' lang='grc' dir='ltr'>κάκωσιν</span> <span class='ocrx_word' id='word_1_179' title='bbox 1145 2114 1205 2179; x_wconf 80' lang='grc' dir='ltr'><strong>ἐξ</strong></span> <span class='ocrx_word' id='word_1_180' title='bbox 1253 2114 1438 2179; x_wconf 80' lang='grc' dir='ltr'>ἀνοίας</span> <span class='ocrx_word' id='word_1_181' title='bbox 1487 2118 1516 2169; x_wconf 92' lang='lat'><strong>6</strong></span> <span class='ocrx_word' id='word_1_182' title='bbox 1562 2116 1764 2187; x_wconf 85' lang='grc' dir='ltr'>θεομά-</span> 
     </span>
    </p>
   </div>
   <div class='ocr_carea' id='block_1_22' title="bbox 170 2201 1765 2280">
    <p class='ocr_par' dir='ltr' id='par_1_22' title="bbox 170 2201 1765 2280">
     <span class='ocr_line' id='line_1_22' title="bbox 170 2201 1765 2280; baseline 0.007 -28"><span class='ocrx_word' id='word_1_183' title='bbox 170 2218 308 2271; x_wconf 83' lang='grc' dir='ltr'>χος,</span> <span class='ocrx_word' id='word_1_184' title='bbox 372 2201 436 2253; x_wconf 85' lang='grc' dir='ltr'><strong>τὸ</strong></span> <span class='ocrx_word' id='word_1_185' title='bbox 497 2201 593 2272; x_wconf 84' lang='grc' dir='ltr'>μὲν</span> <span class='ocrx_word' id='word_1_186' title='bbox 639 2204 699 2268; x_wconf 79' lang='grc' dir='ltr'><strong>ἐξ</strong></span> <span class='ocrx_word' id='word_1_187' title='bbox 744 2204 1000 2274; x_wconf 83' lang='grc' dir='ltr'>ἀληθείας</span> <span class='ocrx_word' id='word_1_188' title='bbox 1041 2206 1331 2276; x_wconf 81' lang='grc' dir='ltr'>ὀρθοῦσθαι</span> <span class='ocrx_word' id='word_1_189' title='bbox 1396 2210 1765 2280; x_wconf 86' lang='grc' dir='ltr'>παραιτούμε-</span> 
     </span>
    </p>
   </div>
   <div class='ocr_carea' id='block_1_23' title="bbox 170 2294 1762 2369">
    <p class='ocr_par' dir='ltr' id='par_1_23' title="bbox 170 2294 1762 2369">
     <span class='ocr_line' id='line_1_23' title="bbox 170 2294 1762 2369; baseline 0.006 -24"><span class='ocrx_word' id='word_1_190' title='bbox 170 2310 298 2356; x_wconf 84' lang='grc' dir='ltr'>νος,</span> <span class='ocrx_word' id='word_1_191' title='bbox 339 2297 408 2365; x_wconf 82' lang='grc' dir='ltr'>τῇ</span> <span class='ocrx_word' id='word_1_192' title='bbox 451 2294 508 2348; x_wconf 85' lang='grc' dir='ltr'><strong>δὲ</strong></span> <span class='ocrx_word' id='word_1_193' title='bbox 556 2296 848 2367; x_wconf 85' lang='grc' dir='ltr'>σαθρότητι</span> <span class='ocrx_word' id='word_1_194' title='bbox 900 2296 1008 2351; x_wconf 83' lang='grc' dir='ltr'>τῶν</span> <span class='ocrx_word' id='word_1_195' title='bbox 1048 2298 1267 2352; x_wconf 82' lang='grc' dir='ltr'>οἰκείων</span> <span class='ocrx_word' id='word_1_196' title='bbox 1319 2298 1565 2364; x_wconf 76' lang='grc' dir='ltr'>ὀκλάζων</span> <span class='ocrx_word' id='word_1_197' title='bbox 1612 2300 1762 2369; x_wconf 88' lang='grc' dir='ltr'>λογι-</span> 
     </span>
    </p>
   </div>
   <div class='ocr_carea' id='block_1_24' title="bbox 171 2384 1763 2459">
    <p class='ocr_par' dir='ltr' id='par_1_24' title="bbox 171 2384 1763 2459">
     <span class='ocr_line' id='line_1_24' title="bbox 171 2384 1763 2459; baseline 0.005 -24"><span class='ocrx_word' id='word_1_198' title='bbox 171 2384 352 2453; x_wconf 82' lang='grc' dir='ltr'>σμῶν·</span> <span class='ocrx_word' id='word_1_199' title='bbox 378 2386 462 2438; x_wconf 85' lang='grc' dir='ltr'>ὅτι</span> <span class='ocrx_word' id='word_1_200' title='bbox 501 2386 609 2457; x_wconf 84' lang='grc' dir='ltr'><strong>γὰρ</strong></span> <span class='ocrx_word' id='word_1_201' title='bbox 650 2384 945 2456; x_wconf 83' lang='grc' dir='ltr'>μονογενὴς</span> <span class='ocrx_word' id='word_1_202' title='bbox 972 2385 1064 2439; x_wconf 84' lang='grc' dir='ltr'><strong>τοῦ</strong></span> <span class='ocrx_word' id='word_1_203' title='bbox 1092 2386 1225 2441; x_wconf 83' lang='grc' dir='ltr'>Θεοῦ</span> <span class='ocrx_word' id='word_1_204' title='bbox 1250 2388 1343 2440; x_wconf 76' lang='grc' dir='ltr'><strong>καὶ</strong></span> <span class='ocrx_word' id='word_1_205' title='bbox 1382 2389 1597 2459; x_wconf 73' lang='grc' dir='ltr'>Πατρὸς</span> <span class='ocrx_word' id='word_1_206' title='bbox 1635 2390 1763 2455; x_wconf 87' lang='grc' dir='ltr'>Υἰὸς</span> 
     </span>
    </p>
   </div>
   <div class='ocr_carea' id='block_1_25' title="bbox 170 2476 1759 2550">
    <p class='ocr_par' dir='ltr' id='par_1_25' title="bbox 170 2476 1759 2550">
     <span class='ocr_line' id='line_1_25' title="bbox 170 2476 1759 2550; baseline 0.005 -24"><span class='ocrx_word' id='word_1_207' title='bbox 170 2476 518 2545; x_wconf 80' lang='grc' dir='ltr'>αὑτοκυρίως</span> <span class='ocrx_word' id='word_1_208' title='bbox 547 2476 696 2528; x_wconf 77' lang='grc' dir='ltr'>ἐστὶν</span> <span class='ocrx_word' id='word_1_209' title='bbox 729 2476 757 2528; x_wconf 94' lang='lat'><strong>6</strong></span> <span class='ocrx_word' id='word_1_210' title='bbox 786 2476 959 2545; x_wconf 83' lang='grc' dir='ltr'>Λόγος</span> <span class='ocrx_word' id='word_1_211' title='bbox 991 2477 1177 2543; x_wconf 79' lang='grc' dir='ltr'>αὐτοῦ,</span> <span class='ocrx_word' id='word_1_212' title='bbox 1205 2478 1293 2532; x_wconf 86' lang='grc' dir='ltr'><strong>διά</strong></span> <span class='ocrx_word' id='word_1_213' title='bbox 1320 2479 1429 2532; x_wconf 84' lang='grc' dir='ltr'>τῶν</span> <span class='ocrx_word' id='word_1_214' title='bbox 1462 2480 1759 2550; x_wconf 83' lang='grc' dir='ltr'>ὑποτεταγ-</span> 
     </span>
    </p>
   </div>
   <div class='ocr_carea' id='block_1_26' title="bbox 172 2565 663 2637">
    <p class='ocr_par' dir='ltr' id='par_1_26' title="bbox 172 2565 663 2637">
     <span class='ocr_line' id='line_1_26' title="bbox 172 2565 663 2637; baseline 0.004 -18"><span class='ocrx_word' id='word_1_215' title='bbox 172 2565 357 2633; x_wconf 83' lang='grc' dir='ltr'>μένων</span> <span class='ocrx_word' id='word_1_216' title='bbox 385 2567 663 2637; x_wconf 84' lang='grc' dir='ltr'>εἰσόμεθα.</span> 
     </span>
    </p>
   </div>
   <div class='ocr_carea' id='block_1_27' title="bbox 302 2653 1653 2737">
    <p class='ocr_par' dir='ltr' id='par_1_27' title="bbox 302 2653 1653 2737">
     <span class='ocr_line' id='line_1_27' title="bbox 302 2653 1653 2737; baseline 0.009 -32"><span class='ocrx_word' id='word_1_217' title='bbox 302 2653 498 2717; x_wconf 81' lang='grc' dir='ltr'>Λύσις</span> <span class='ocrx_word' id='word_1_218' title='bbox 523 2653 748 2722; x_wconf 67' lang='grc' dir='ltr'><strong>ἑφεξῆς</strong></span> <span class='ocrx_word' id='word_1_219' title='bbox 775 2654 889 2723; x_wconf 81' lang='grc' dir='ltr'>τῆς</span> <span class='ocrx_word' id='word_1_220' title='bbox 935 2656 1239 2725; x_wconf 76' lang='grc' dir='ltr'>Εὐνομίου</span> <span class='ocrx_word' id='word_1_221' title='bbox 1269 2661 1653 2737; x_wconf 73' lang='grc' dir='ltr'>κακοδοξίας.</span> 
     </span>
    </p>
   </div>
   <div class='ocr_carea' id='block_1_28' title="bbox 255 2743 1762 2826">
    <p class='ocr_par' dir='ltr' id='par_1_28' title="bbox 255 2743 1762 2826">
     <span class='ocr_line' id='line_1_28' title="bbox 255 2743 1762 2826; baseline 0.011 -32"><span class='ocrx_word' id='word_1_222' title='bbox 255 2743 551 2814; x_wconf 78' lang='grc' dir='ltr'>Δυσμαθὴς</span> <span class='ocrx_word' id='word_1_223' title='bbox 595 2746 624 2797; x_wconf 89' lang='lat'><strong>6</strong></span> <span class='ocrx_word' id='word_1_224' title='bbox 676 2746 987 2816; x_wconf 81' lang='grc' dir='ltr'>παράφρων</span> <span class='ocrx_word' id='word_1_225' title='bbox 1039 2749 1335 2819; x_wconf 86' lang='grc' dir='ltr'>αίρετικός.</span> <span class='ocrx_word' id='word_1_226' title='bbox 1373 2752 1497 2817; x_wconf 84' lang='grc' dir='ltr'><strong>Πῶς</strong></span> <span class='ocrx_word' id='word_1_227' title='bbox 1541 2754 1651 2826; x_wconf 88' lang='grc' dir='ltr'><strong>γάρ</strong></span> <span class='ocrx_word' id='word_1_228' title='bbox 1696 2756 1762 2810; x_wconf 82' lang='grc' dir='ltr'><strong>ἂν</strong></span> 
     </span>
    </p>
   </div>
   <div class='ocr_carea' id='block_1_29' title="bbox 170 2835 1760 2917">
    <p class='ocr_par' dir='ltr' id='par_1_29' title="bbox 170 2835 1760 2917">
     <span class='ocr_line' id='line_1_29' title="bbox 170 2835 1760 2917; baseline 0.009 -31"><span class='ocrx_word' id='word_1_229' title='bbox 170 2835 316 2897; x_wconf 78' lang='grc' dir='ltr'>ὅλως</span> <span class='ocrx_word' id='word_1_230' title='bbox 352 2836 433 2898; x_wconf 85' lang='grc' dir='ltr'><strong>είς</strong></span> <span class='ocrx_word' id='word_1_231' title='bbox 460 2836 785 2905; x_wconf 83' lang='grc' dir='ltr'>κακότεχνον</span> <span class='ocrx_word' id='word_1_232' title='bbox 806 2837 983 2908; x_wconf 75' lang='grc' dir='ltr'>ψυχὴν</span> <span class='ocrx_word' id='word_1_233' title='bbox 1016 2839 1248 2893; x_wconf 81' lang='grc' dir='ltr'>εἰσέλθοι</span> <span class='ocrx_word' id='word_1_234' title='bbox 1279 2845 1481 2911; x_wconf 84' lang='grc' dir='ltr'>σοφία;</span> <span class='ocrx_word' id='word_1_235' title='bbox 1512 2845 1545 2917; x_wconf 75' lang='grc' dir='ltr'><strong>ἢ</strong></span> <span class='ocrx_word' id='word_1_236' title='bbox 1581 2848 1633 2899; x_wconf 91' lang='grc' dir='ltr'><strong>τί</strong></span> <span class='ocrx_word' id='word_1_237' title='bbox 1652 2847 1760 2901; x_wconf 83' lang='grc' dir='ltr'>τῶν</span> 
     </span>
    </p>
   </div>
   <div class='ocr_carea' id='block_1_30' title="bbox 163 2925 1763 3007">
    <p class='ocr_par' dir='ltr' id='par_1_30' title="bbox 163 2925 1763 3007">
     <span class='ocr_line' id='line_1_30' title="bbox 163 2925 1763 3007; baseline 0.009 -29"><span class='ocrx_word' id='word_1_238' title='bbox 163 2925 430 2980; x_wconf 81' lang='grc' dir='ltr'>τοιούτων</span> <span class='ocrx_word' id='word_1_239' title='bbox 477 2928 675 2994; x_wconf 78' lang='grc' dir='ltr'>γένοιτ’</span> <span class='ocrx_word' id='word_1_240' title='bbox 707 2928 797 2991; x_wconf 83' lang='grc' dir='ltr'><strong>ἂν,</strong></span> <span class='ocrx_word' id='word_1_241' title='bbox 847 2931 967 2983; x_wconf 85' lang='grc' dir='ltr'>είπὲ</span> <span class='ocrx_word' id='word_1_242' title='bbox 1002 2948 1116 3001; x_wconf 88' lang='grc' dir='ltr'>μοι,</span> <span class='ocrx_word' id='word_1_243' title='bbox 1160 2936 1675 3007; x_wconf 83' lang='grc' dir='ltr'>κακοτεχνέστερον,</span> <span class='ocrx_word' id='word_1_244' title='bbox 1711 2940 1763 2993; x_wconf 84' lang='grc' dir='ltr'><strong>οἵ</strong></span> 
     </span>
    </p>
   </div>
   <div class='ocr_carea' id='block_1_31' title="bbox 162 3018 1757 3102">
    <p class='ocr_par' dir='ltr' id='par_1_31' title="bbox 162 3018 1757 3102">
     <span class='ocr_line' id='line_1_31' title="bbox 162 3018 1757 3102; baseline 0.01 -33"><span class='ocrx_word' id='word_1_245' title='bbox 162 3033 231 3084; x_wconf 90' lang='grc' dir='ltr'><strong>γε</strong></span> <span class='ocrx_word' id='word_1_246' title='bbox 257 3018 401 3071; x_wconf 87' lang='grc' dir='ltr'><strong>κατά</strong></span> <span class='ocrx_word' id='word_1_247' title='bbox 428 3019 490 3071; x_wconf 89' lang='lat'><strong>:6</strong></span> <span class='ocrx_word' id='word_1_248' title='bbox 518 3020 922 3090; x_wconf 83' lang='grc' dir='ltr'>γεγραμμένον,</span> <span class='ocrx_word' id='word_1_249' title='bbox 964 3021 1073 3074; x_wconf 88' lang='lat'><em>61:6</em></span> <span class='ocrx_word' id='word_1_250' title='bbox 1106 3023 1206 3094; x_wconf 84' lang='grc' dir='ltr'>μὲν</span> <span class='ocrx_word' id='word_1_251' title='bbox 1231 3026 1330 3095; x_wconf 84' lang='grc' dir='ltr'>τῆς</span> <span class='ocrx_word' id='word_1_252' title='bbox 1356 3026 1617 3098; x_wconf 82' lang='grc' dir='ltr'>ἀληθείας</span> <span class='ocrx_word' id='word_1_253' title='bbox 1660 3031 1757 3102; x_wconf 80' lang='grc' dir='ltr'><strong>τὴν</strong></span> 
     </span>
    </p>
   </div>
   <div class='ocr_carea' id='block_1_32' title="bbox 163 3109 1758 3185">
    <p class='ocr_par' dir='ltr' id='par_1_32' title="bbox 163 3109 1758 3185">
     <span class='ocr_line' id='line_1_32' title="bbox 163 3109 1758 3185; baseline 0.009 -23"><span class='ocrx_word' id='word_1_254' title='bbox 163 3109 343 3180; x_wconf 81' lang='grc' dir='ltr'>ἀκοὴν</span> <span class='ocrx_word' id='word_1_255' title='bbox 364 3110 823 3181; x_wconf 82' lang='grc' dir='ltr'>ἀποστρέφουσιν,</span> <span class='ocrx_word' id='word_1_256' title='bbox 846 3113 940 3165; x_wconf 67' lang='grc' dir='ltr'>ἐπὶ</span> <span class='ocrx_word' id='word_1_257' title='bbox 974 3113 1036 3166; x_wconf 90' lang='lat'><strong>66</strong></span> <span class='ocrx_word' id='word_1_258' title='bbox 1054 3115 1181 3177; x_wconf 83' lang='grc' dir='ltr'>τοὺς</span> <span class='ocrx_word' id='word_1_259' title='bbox 1196 3116 1399 3185; x_wconf 82' lang='grc' dir='ltr'>μύθους</span> <span class='ocrx_word' id='word_1_260' title='bbox 1412 3120 1522 3174; x_wconf 84' lang='grc' dir='ltr'>τῶν</span> <span class='ocrx_word' id='word_1_261' title='bbox 1542 3123 1758 3178; x_wconf 81' lang='grc' dir='ltr'>οἰκείων</span> 
     </span>
    </p>
   </div>
   <div class='ocr_carea' id='block_1_33' title="bbox 160 3202 1824 3305">
    <p class='ocr_par' dir='ltr' id='par_1_33' title="bbox 160 3202 1824 3305">
     <span class='ocr_line' id='line_1_33' title="bbox 160 3202 1824 3305; baseline 0.01 -50"><span class='ocrx_word' id='word_1_262' title='bbox 160 3202 547 3272; x_wconf 71' lang='grc' dir='ltr'>διανοημάτων</span> <span class='ocrx_word' id='word_1_263' title='bbox 584 3203 973 3276; x_wconf 77' lang='grc' dir='ltr'>εὐπετέστερον</span> <span class='ocrx_word' id='word_1_264' title='bbox 1002 3206 1306 3277; x_wconf 85' lang='grc' dir='ltr'>τρέχουσιν,</span> <span class='ocrx_word' id='word_1_265' title='bbox 1330 3210 1419 3264; x_wconf 80' lang='grc' dir='ltr'>ἵνα</span> <span class='ocrx_word' id='word_1_266' title='bbox 1447 3213 1511 3283; x_wconf 81' lang='grc' dir='ltr'>δὴ</span> <span class='ocrx_word' id='word_1_267' title='bbox 1560 3216 1655 3268; x_wconf 77' lang='grc' dir='ltr'><strong>καί⁵</strong></span> <span class='ocrx_word' id='word_1_268' title='bbox 1678 3215 1757 3270; x_wconf 84' lang='grc' dir='ltr'>δι·-</span> <span class='ocrx_word' id='word_1_269' title='bbox 1782 3250 1824 3305; x_wconf 78' lang='lat' dir='ltr'>c</span> 
     </span>
    </p>
   </div>
   <div class='ocr_carea' id='block_1_34' title="bbox 163 3294 1753 3378">
    <p class='ocr_par' dir='ltr' id='par_1_34' title="bbox 163 3294 1753 3378">
     <span class='ocr_line' id='line_1_34' title="bbox 163 3294 1753 3378; baseline 0.011 -33"><span class='ocrx_word' id='word_1_270' title='bbox 163 3294 342 3356; x_wconf 81' lang='grc' dir='ltr'>καίως</span> <span class='ocrx_word' id='word_1_271' title='bbox 366 3294 679 3360; x_wconf 86' lang='grc' dir='ltr'>ἀκούσειαν,</span> <span class='ocrx_word' id='word_1_272' title='bbox 710 3296 771 3348; x_wconf 81' lang='grc' dir='ltr'>οὐ</span> <span class='ocrx_word' id='word_1_273' title='bbox 804 3296 873 3350; x_wconf 87' lang='grc' dir='ltr'><strong>τά</strong></span> <span class='ocrx_word' id='word_1_274' title='bbox 900 3298 966 3350; x_wconf 89' lang='grc' dir='ltr'><strong>ἐκ</strong></span> <span class='ocrx_word' id='word_1_275' title='bbox 993 3299 1093 3369; x_wconf 83' lang='grc' dir='ltr'>τῆς</span> <span class='ocrx_word' id='word_1_276' title='bbox 1120 3300 1269 3364; x_wconf 89' lang='grc' dir='ltr'>θείας</span> <span class='ocrx_word' id='word_1_277' title='bbox 1294 3301 1581 3370; x_wconf 79' lang='grc' dir='ltr'>λαλοῦντες</span> <span class='ocrx_word' id='word_1_278' title='bbox 1609 3308 1753 3378; x_wconf 88' lang='grc' dir='ltr'>Γρα-</span> 
     </span>
    </p>
   </div>
   <div class='ocr_carea' id='block_1_35' title="bbox 162 3384 1749 3473">
    <p class='ocr_par' dir='ltr' id='par_1_35' title="bbox 162 3384 1749 3473">
     <span class='ocr_line' id='line_1_35' title="bbox 162 3384 1749 3473; baseline 0.001 -23"><span class='ocrx_word' id='word_1_279' title='bbox 162 3384 272 3452; x_wconf 69' lang='grc' dir='ltr'><strong>φῆς</strong></span> <span class='ocrx_word' id='word_1_280' title='bbox 299 3400 315 3413; x_wconf 89' lang='grc'><strong>·</strong></span> <span class='ocrx_word' id='word_1_281' title='bbox 354 3401 376 3435; x_wconf 81' lang='lat'><strong>1</strong></span> <span class='ocrx_word' id='word_1_282' title='bbox 411 3384 547 3438; x_wconf 82' lang='grc' dir='ltr'><strong>Οὐαὶ</strong></span> <span class='ocrx_word' id='word_1_283' title='bbox 570 3385 620 3438; x_wconf 86' lang='grc' dir='ltr'>οἱ</span> <span class='ocrx_word' id='word_1_284' title='bbox 650 3387 1084 3473; x_wconf 71' lang='grc' dir='ltr'>προφητεύοντες</span> <span class='ocrx_word' id='word_1_285' title='bbox 1126 3390 1235 3443; x_wconf 86' lang='lat'><em>61:6</em></span> <span class='ocrx_word' id='word_1_286' title='bbox 1269 3394 1496 3463; x_wconf 86' lang='grc' dir='ltr'>καρδίας</span> <span class='ocrx_word' id='word_1_287' title='bbox 1547 3398 1749 3464; x_wconf 81' lang='grc' dir='ltr'>αὐτῶν,</span> 
     </span>
    </p>
   </div>
   <div class='ocr_carea' id='block_1_36' title="bbox 160 3474 1752 3557">
    <p class='ocr_par' dir='ltr' id='par_1_36' title="bbox 160 3474 1752 3557">
     <span class='ocr_line' id='line_1_36' title="bbox 160 3474 1752 3557; baseline 0.009 -31"><span class='ocrx_word' id='word_1_288' title='bbox 160 3474 259 3526; x_wconf 79' lang='grc' dir='ltr'><strong>καὶ</strong></span> <span class='ocrx_word' id='word_1_289' title='bbox 280 3474 384 3528; x_wconf 83' lang='grc' dir='ltr'><strong>οὐκ</strong></span> <span class='ocrx_word' id='word_1_290' title='bbox 403 3475 510 3528; x_wconf 89' lang='lat'><em>61:6</em></span> <span class='ocrx_word' id='word_1_291' title='bbox 528 3476 794 3545; x_wconf 77' lang='grc' dir='ltr'>πόματος</span> <span class='ocrx_word' id='word_1_292' title='bbox 812 3478 1041 3548; x_wconf 80' lang='grc' dir='ltr'>Κυρίου.</span> <span class='ocrx_word' id='word_1_293' title='bbox 1057 3497 1077 3531; x_wconf 89' lang='lat'><strong>1</strong></span> <span class='ocrx_word' id='word_1_294' title='bbox 1104 3480 1205 3543; x_wconf 87' lang='grc' dir='ltr'><strong>Τίς</strong></span> <span class='ocrx_word' id='word_1_295' title='bbox 1229 3480 1337 3552; x_wconf 91' lang='grc' dir='ltr'><strong>γάρ</strong></span> <span class='ocrx_word' id='word_1_296' title='bbox 1358 3484 1467 3537; x_wconf 82' lang='lat'><em>61:6</em></span> <span class='ocrx_word' id='word_1_297' title='bbox 1487 3486 1752 3557; x_wconf 83' lang='grc' dir='ltr'>στόματος</span> 
     </span>
    </p>
   </div>
   <div class='ocr_carea' id='block_1_37' title="bbox 159 3565 1752 3647">
    <p class='ocr_par' dir='ltr' id='par_1_37' title="bbox 159 3565 1752 3647">
     <span class='ocr_line' id='line_1_37' title="bbox 159 3565 1752 3647; baseline 0.009 -29"><span class='ocrx_word' id='word_1_298' title='bbox 159 3566 371 3636; x_wconf 74' lang='grc' dir='ltr'>Κυρίου</span> <span class='ocrx_word' id='word_1_299' title='bbox 409 3565 605 3632; x_wconf 83' lang='grc' dir='ltr'>λαλῶν,</span> <span class='ocrx_word' id='word_1_300' title='bbox 651 3566 799 3633; x_wconf 86' lang='grc' dir='ltr'>λέγει</span> <span class='ocrx_word' id='word_1_301' title='bbox 833 3568 1082 3640; x_wconf 81' lang='grc' dir='ltr'>ἀνάθεμα</span> <span class='ocrx_word' id='word_1_302' title='bbox 1136 3571 1385 3643; x_wconf 85' lang='grc' dir='ltr'>Ἰησοῦν;</span> <span class='ocrx_word' id='word_1_303' title='bbox 1444 3577 1510 3630; x_wconf 80' lang='lat'><strong>&#39;0</strong></span> <span class='ocrx_word' id='word_1_304' title='bbox 1551 3578 1617 3647; x_wconf 89' lang='grc' dir='ltr'>δὴ</span> <span class='ocrx_word' id='word_1_305' title='bbox 1658 3580 1752 3633; x_wconf 80' lang='grc' dir='ltr'>καὶ</span> 
     </span>
    </p>
   </div>
   <div class='ocr_carea' id='block_1_38' title="bbox 159 3658 1751 3741">
    <p class='ocr_par' dir='ltr' id='par_1_38' title="bbox 159 3658 1751 3741">
     <span class='ocr_line' id='line_1_38' title="bbox 159 3658 1751 3741; baseline 0.009 -32"><span class='ocrx_word' id='word_1_306' title='bbox 159 3658 379 3710; x_wconf 86' lang='grc' dir='ltr'>ποιοῦσί</span> <span class='ocrx_word' id='word_1_307' title='bbox 420 3674 566 3721; x_wconf 82' lang='grc' dir='ltr'>τινες</span> <span class='ocrx_word' id='word_1_308' title='bbox 608 3659 717 3712; x_wconf 83' lang='grc' dir='ltr'><strong>τῶν</strong></span> <span class='ocrx_word' id='word_1_309' title='bbox 767 3659 865 3729; x_wconf 82' lang='grc' dir='ltr'>τῆς</span> <span class='ocrx_word' id='word_1_310' title='bbox 897 3661 1182 3726; x_wconf 88' lang='grc' dir='ltr'>εὐσεϐείας</span> <span class='ocrx_word' id='word_1_311' title='bbox 1226 3664 1517 3734; x_wconf 88' lang='grc' dir='ltr'>δογμάτων</span> <span class='ocrx_word' id='word_1_312' title='bbox 1557 3669 1751 3741; x_wconf 85' lang='grc' dir='ltr'>ἀνέδην</span> 
     </span>
    </p>
   </div>
   <div class='ocr_carea' id='block_1_39' title="bbox 157 3750 1750 3829">
    <p class='ocr_par' dir='ltr' id='par_1_39' title="bbox 157 3750 1750 3829">
     <span class='ocr_line' id='line_1_39' title="bbox 157 3750 1750 3829; baseline 0.006 -26"><span class='ocrx_word' id='word_1_313' title='bbox 157 3750 727 3821; x_wconf 79' lang='grc' dir='ltr'>κατασοϐαρευόμενοι</span> <span class='ocrx_word' id='word_1_314' title='bbox 751 3791 766 3815; x_wconf 89' lang='grc'><strong>,</strong></span> <span class='ocrx_word' id='word_1_315' title='bbox 800 3752 892 3804; x_wconf 70' lang='grc' dir='ltr'><strong>καὶ</strong></span> <span class='ocrx_word' id='word_1_316' title='bbox 920 3752 1171 3824; x_wconf 82' lang='grc' dir='ltr'>καθάπερ</span> <span class='ocrx_word' id='word_1_317' title='bbox 1200 3754 1302 3827; x_wconf 75' lang='grc' dir='ltr'><strong>ἔφη</strong></span> <span class='ocrx_word' id='word_1_318' title='bbox 1325 3774 1410 3822; x_wconf 89' lang='grc' dir='ltr'><strong>τις</strong></span> <span class='ocrx_word' id='word_1_319' title='bbox 1444 3759 1551 3811; x_wconf 83' lang='grc' dir='ltr'>τῶν</span> <span class='ocrx_word' id='word_1_320' title='bbox 1577 3761 1750 3829; x_wconf 90' lang='grc' dir='ltr'>άγίων</span> 
     </span>
    </p>
   </div>
   <div class='ocr_carea' id='block_1_40' title="bbox 156 3840 1747 3922">
    <p class='ocr_par' dir='ltr' id='par_1_40' title="bbox 156 3840 1747 3922">
     <span class='ocr_line' id='line_1_40' title="bbox 156 3840 1747 3922; baseline 0.008 -30"><span class='ocrx_word' id='word_1_321' title='bbox 156 3841 481 3910; x_wconf 77' lang='grc' dir='ltr'>προφητῶν,</span> <span class='ocrx_word' id='word_1_322' title='bbox 506 3840 683 3893; x_wconf 86' lang='grc' dir='ltr'>πάντα</span> <span class='ocrx_word' id='word_1_323' title='bbox 703 3840 771 3894; x_wconf 92' lang='lat'><strong>:6</strong></span> <span class='ocrx_word' id='word_1_324' title='bbox 800 3840 936 3911; x_wconf 86' lang='grc' dir='ltr'>ὀρθά</span> <span class='ocrx_word' id='word_1_325' title='bbox 960 3843 1373 3915; x_wconf 77' lang='grc' dir='ltr'>διαστρέφοντες</span> <span class='ocrx_word' id='word_1_326' title='bbox 1408 3864 1422 3876; x_wconf 88' lang='grc'><strong>·</strong></span> <span class='ocrx_word' id='word_1_327' title='bbox 1452 3851 1587 3916; x_wconf 78' lang='grc' dir='ltr'>φασὶ</span> <span class='ocrx_word' id='word_1_328' title='bbox 1616 3851 1747 3922; x_wconf 82' lang='grc' dir='ltr'>γὰρ,</span> 
     </span>
    </p>
   </div>
   <div class='ocr_carea' id='block_1_41' title="bbox 162 3931 1747 4019">
    <p class='ocr_par' dir='ltr' id='par_1_41' title="bbox 162 3931 1747 4019">
     <span class='ocr_line' id='line_1_41' title="bbox 162 3931 1747 4019; baseline 0.008 -32"><span class='ocrx_word' id='word_1_329' title='bbox 162 3938 357 4005; x_wconf 73' lang='grc' dir='ltr'>ἕτερον</span> <span class='ocrx_word' id='word_1_330' title='bbox 389 3938 488 4006; x_wconf 78' lang='grc' dir='ltr'>μὲν</span> <span class='ocrx_word' id='word_1_331' title='bbox 531 3931 670 3988; x_wconf 69' lang='grc' dir='ltr'>εἶναι</span> <span class='ocrx_word' id='word_1_332' title='bbox 715 3935 805 3988; x_wconf 70' lang='grc' dir='ltr'>τὸν</span> <span class='ocrx_word' id='word_1_333' title='bbox 840 3937 1068 4004; x_wconf 71' lang='grc' dir='ltr'>φυσικὸν</span> <span class='ocrx_word' id='word_1_334' title='bbox 1109 3939 1204 3991; x_wconf 78' lang='grc' dir='ltr'>καὶ</span> <span class='ocrx_word' id='word_1_335' title='bbox 1234 3940 1535 3997; x_wconf 78' lang='grc' dir='ltr'>ἐνδιάθετον</span> <span class='ocrx_word' id='word_1_336' title='bbox 1574 3946 1633 3999; x_wconf 87' lang='grc' dir='ltr'>ἐν</span> <span class='ocrx_word' id='word_1_337' title='bbox 1666 3948 1747 4019; x_wconf 85' lang='grc' dir='ltr'>τῷ</span> 
     </span>
    </p>
   </div>
   <div class='ocr_carea' id='block_1_42' title="bbox 153 4024 1745 4096">
    <p class='ocr_par' dir='ltr' id='par_1_42' title="bbox 153 4024 1745 4096">
     <span class='ocr_line' id='line_1_42' title="bbox 153 4024 1745 4096; baseline 0.011 -24"><span class='ocrx_word' id='word_1_338' title='bbox 153 4025 278 4094; x_wconf 71' lang='grc' dir='ltr'><strong>Θεῷ</strong></span> <span class='ocrx_word' id='word_1_339' title='bbox 331 4025 431 4077; x_wconf 79' lang='grc' dir='ltr'><strong>καὶ</strong></span> <span class='ocrx_word' id='word_1_340' title='bbox 461 4025 637 4095; x_wconf 74' lang='grc' dir='ltr'>Πατρί</span> <span class='ocrx_word' id='word_1_341' title='bbox 662 4024 1066 4096; x_wconf 75' lang='grc' dir='ltr'>Λόγον·ζέτερον</span> <span class='ocrx_word' id='word_1_342' title='bbox 1099 4028 1158 4081; x_wconf 88' lang='lat'><strong>66</strong></span> <span class='ocrx_word' id='word_1_343' title='bbox 1194 4025 1261 4083; x_wconf 79' lang='grc' dir='ltr'><strong>αὖ</strong></span> <span class='ocrx_word' id='word_1_344' title='bbox 1291 4031 1455 4085; x_wconf 82' lang='grc' dir='ltr'>πάλιν</span> <span class='ocrx_word' id='word_1_345' title='bbox 1483 4033 1575 4087; x_wconf 85' lang='grc' dir='ltr'><strong>τὸν</strong></span> <span class='ocrx_word' id='word_1_346' title='bbox 1612 4034 1745 4089; x_wconf 84' lang='grc' dir='ltr'>ὠνο-</span> 
     </span>
    </p>
   </div>
   <div class='ocr_carea' id='block_1_43' title="bbox 163 4116 1745 4195">
    <p class='ocr_par' dir='ltr' id='par_1_43' title="bbox 163 4116 1745 4195">
     <span class='ocr_line' id='line_1_43' title="bbox 163 4116 1745 4195; baseline 0.008 -26"><span class='ocrx_word' id='word_1_347' title='bbox 163 4117 451 4186; x_wconf 70' lang='grc' dir='ltr'>μασμένον</span> <span class='ocrx_word' id='word_1_348' title='bbox 485 4116 613 4169; x_wconf 82' lang='grc' dir='ltr'>Υἰδν</span> <span class='ocrx_word' id='word_1_349' title='bbox 658 4117 754 4169; x_wconf 78' lang='grc' dir='ltr'><strong>καὶ</strong></span> <span class='ocrx_word' id='word_1_350' title='bbox 786 4118 980 4185; x_wconf 91' lang='grc' dir='ltr'>Λόγον·</span> <span class='ocrx_word' id='word_1_351' title='bbox 1004 4119 1101 4172; x_wconf 73' lang='grc' dir='ltr'>καὶ</span> <span class='ocrx_word' id='word_1_352' title='bbox 1125 4120 1351 4192; x_wconf 86' lang='grc' dir='ltr'>φέρουσι</span> <span class='ocrx_word' id='word_1_353' title='bbox 1374 4124 1511 4195; x_wconf 82' lang='grc' dir='ltr'>πρὸς</span> <span class='ocrx_word' id='word_1_354' title='bbox 1530 4126 1745 4181; x_wconf 87' lang='grc' dir='ltr'>ἀπόδει-</span> 
     </span>
    </p>
   </div>
   <div class='ocr_carea' id='block_1_44' title="bbox 155 4204 1741 4283">
    <p class='ocr_par' dir='ltr' id='par_1_44' title="bbox 155 4204 1741 4283">
     <span class='ocr_line' id='line_1_44' title="bbox 155 4204 1741 4283; baseline 0.01 -31"><span class='ocrx_word' id='word_1_355' title='bbox 155 4207 235 4269; x_wconf 60' lang='lat'><strong>5,0</strong></span> <span class='ocrx_word' id='word_1_356' title='bbox 263 4206 365 4275; x_wconf 81' lang='grc' dir='ltr'>τῆς</span> <span class='ocrx_word' id='word_1_357' title='bbox 390 4204 617 4266; x_wconf 80' lang='grc' dir='ltr'>ἑαυτῶν,</span> <span class='ocrx_word' id='word_1_358' title='bbox 649 4204 727 4267; x_wconf 89' lang='grc' dir='ltr'>ὡς</span> <span class='ocrx_word' id='word_1_359' title='bbox 756 4206 983 4269; x_wconf 75' lang='grc' dir='ltr'>οἴονται,</span> <span class='ocrx_word' id='word_1_360' title='bbox 1018 4207 1198 4276; x_wconf 81' lang='grc' dir='ltr'>δόξης,</span> <span class='ocrx_word' id='word_1_361' title='bbox 1230 4210 1429 4279; x_wconf 85' lang='grc' dir='ltr'>μᾶλλον</span> <span class='ocrx_word' id='word_1_362' title='bbox 1456 4212 1513 4266; x_wconf 85' lang='lat'><strong>66</strong></span> <span class='ocrx_word' id='word_1_363' title='bbox 1550 4214 1741 4283; x_wconf 83' lang='grc' dir='ltr'>ἀχαλί-</span> 
     </span>
    </p>
   </div>
   <div class='ocr_carea' id='block_1_45' title="bbox 150 4293 1742 4369">
    <p class='ocr_par' dir='ltr' id='par_1_45' title="bbox 150 4293 1742 4369">
     <span class='ocr_line' id='line_1_45' title="bbox 150 4293 1742 4369; baseline 0.009 -25"><span class='ocrx_word' id='word_1_364' title='bbox 150 4313 243 4347; x_wconf 84' lang='grc' dir='ltr'><strong>νου</strong></span> <span class='ocrx_word' id='word_1_365' title='bbox 269 4293 613 4357; x_wconf 87' lang='grc' dir='ltr'>δυσσεϐείας,</span> <span class='ocrx_word' id='word_1_366' title='bbox 640 4294 866 4362; x_wconf 88' lang='grc' dir='ltr'>λέγοντα</span> <span class='ocrx_word' id='word_1_367' title='bbox 882 4296 973 4348; x_wconf 85' lang='grc' dir='ltr'><strong>τὸν</strong></span> <span class='ocrx_word' id='word_1_368' title='bbox 998 4297 1202 4369; x_wconf 84' lang='grc' dir='ltr'>Κύριον</span> <span class='ocrx_word' id='word_1_369' title='bbox 1230 4300 1385 4369; x_wconf 78' lang='grc' dir='ltr'>ἡμῶν</span> <span class='ocrx_word' id='word_1_370' title='bbox 1422 4303 1629 4368; x_wconf 86' lang='grc' dir='ltr'>Ἰησοῦν</span> <span class='ocrx_word' id='word_1_371' title='bbox 1651 4306 1742 4359; x_wconf 78' lang='grc' dir='ltr'><strong>τὸν</strong></span> 
     </span>
    </p>
   </div>
   <div class='ocr_carea' id='block_1_46' title="bbox 1878 652 3460 726">
    <p class='ocr_par' dir='ltr' id='par_1_46' title="bbox 1878 652 3460 726">
     <span class='ocr_line' id='line_1_46' title="bbox 1878 652 3460 726; baseline 0.003 -20"><span class='ocrx_word' id='word_1_372' title='bbox 1878 668 2115 709; x_wconf 86' lang='lat' dir='ltr'><strong>rursus:</strong></span> <span class='ocrx_word' id='word_1_373' title='bbox 2178 673 2197 704; x_wconf 84' lang='lat'><strong>1</strong></span> <span class='ocrx_word' id='word_1_374' title='bbox 2240 652 2478 709; x_wconf 90' lang='lat' dir='ltr'><strong>Verbum</strong></span> <span class='ocrx_word' id='word_1_375' title='bbox 2523 654 2670 723; x_wconf 91' lang='lat' dir='ltr'><strong>quod</strong></span> <span class='ocrx_word' id='word_1_376' title='bbox 2716 655 2926 710; x_wconf 78' lang='lat' dir='ltr'><strong>auditis</strong></span> <span class='ocrx_word' id='word_1_377' title='bbox 2977 670 3087 708; x_wconf 91' lang='lat' dir='ltr'><strong>non</strong></span> <span class='ocrx_word' id='word_1_378' title='bbox 3121 665 3205 712; x_wconf 89' lang='lat' dir='ltr'><strong>est</strong></span> <span class='ocrx_word' id='word_1_379' title='bbox 3241 672 3460 726; x_wconf 83' lang='lat' dir='ltr'><strong>meum,</strong></span> 
     </span>
    </p>
   </div>
   <div class='ocr_carea' id='block_1_47' title="bbox 1875 744 3462 817">
    <p class='ocr_par' dir='ltr' id='par_1_47' title="bbox 1875 744 3462 817">
     <span class='ocr_line' id='line_1_47' title="bbox 1875 744 3462 817; baseline 0.003 -18"><span class='ocrx_word' id='word_1_380' title='bbox 1875 746 1968 799; x_wconf 89' lang='lat' dir='ltr'><strong>sed</strong></span> <span class='ocrx_word' id='word_1_381' title='bbox 1995 744 2122 815; x_wconf 86' lang='lat' dir='ltr'><strong>ejus</strong></span> <span class='ocrx_word' id='word_1_382' title='bbox 2168 746 2261 815; x_wconf 86' lang='lat' dir='ltr'><strong>qui</strong></span> <span class='ocrx_word' id='word_1_383' title='bbox 2303 746 2452 801; x_wconf 84' lang='lat' dir='ltr'><strong>misit</strong></span> <span class='ocrx_word' id='word_1_384' title='bbox 2492 762 2576 801; x_wconf 91' lang='lat' dir='ltr'><strong>me</strong></span> <span class='ocrx_word' id='word_1_385' title='bbox 2614 747 2681 799; x_wconf 77' lang='lat'><strong>“.</strong></span> <span class='ocrx_word' id='word_1_386' title='bbox 2727 766 2745 798; x_wconf 86' lang='lat'><strong>1</strong></span> <span class='ocrx_word' id='word_1_387' title='bbox 2796 746 2933 800; x_wconf 85' lang='lat' dir='ltr'><strong>Cum</strong></span> <span class='ocrx_word' id='word_1_388' title='bbox 2966 746 3134 817; x_wconf 78' lang='lat' dir='ltr'><strong>igitur</strong></span> <span class='ocrx_word' id='word_1_389' title='bbox 3188 749 3243 802; x_wconf 95' lang='lat' dir='ltr'><strong>in</strong></span> <span class='ocrx_word' id='word_1_390' title='bbox 3290 749 3462 804; x_wconf 83' lang='lat' dir='ltr'><strong>verbo</strong></span> 
     </span>
    </p>
   </div>
   <div class='ocr_carea' id='block_1_48' title="bbox 1875 834 3461 908">
    <p class='ocr_par' dir='ltr' id='par_1_48' title="bbox 1875 834 3461 908">
     <span class='ocr_line' id='line_1_48' title="bbox 1875 834 3461 908; baseline 0.004 -21"><span class='ocrx_word' id='word_1_391' title='bbox 1875 836 2096 904; x_wconf 85' lang='lat' dir='ltr'><strong>quidem</strong></span> <span class='ocrx_word' id='word_1_392' title='bbox 2133 834 2297 889; x_wconf 84' lang='lat' dir='ltr'><strong>Pater</strong></span> <span class='ocrx_word' id='word_1_393' title='bbox 2335 836 2403 889; x_wconf 90' lang='lat' dir='ltr'><strong>ad</strong></span> <span class='ocrx_word' id='word_1_394' title='bbox 2449 837 2626 906; x_wconf 89' lang='lat' dir='ltr'><strong>ipsum</strong></span> <span class='ocrx_word' id='word_1_395' title='bbox 2675 837 2954 906; x_wconf 78' lang='lat' dir='ltr'><strong>loquatur,</strong></span> <span class='ocrx_word' id='word_1_396' title='bbox 2988 838 3262 908; x_wconf 91' lang='lat' dir='ltr'><strong>simulque</strong></span> <span class='ocrx_word' id='word_1_397' title='bbox 3287 840 3461 893; x_wconf 84' lang='lat' dir='ltr'><strong>conli-</strong></span> 
     </span>
    </p>
   </div>
   <div class='ocr_carea' id='block_1_49' title="bbox 1874 924 3460 1000">
    <p class='ocr_par' dir='ltr' id='par_1_49' title="bbox 1874 924 3460 1000">
     <span class='ocr_line' id='line_1_49' title="bbox 1874 924 3460 1000; baseline 0.003 -22"><span class='ocrx_word' id='word_1_398' title='bbox 1874 932 2061 979; x_wconf 87' lang='lat' dir='ltr'><strong>teatur</strong></span> <span class='ocrx_word' id='word_1_399' title='bbox 2088 925 2224 996; x_wconf 90' lang='lat' dir='ltr'><strong>ipse,</strong></span> <span class='ocrx_word' id='word_1_400' title='bbox 2249 926 2530 1000; x_wconf 74' lang='lat' dir='ltr'><strong>interdum</strong></span> <span class='ocrx_word' id='word_1_401' title='bbox 2564 926 2784 995; x_wconf 85' lang='lat' dir='ltr'><strong>quidem</strong></span> <span class='ocrx_word' id='word_1_402' title='bbox 2811 941 2871 981; x_wconf 90' lang='lat' dir='ltr'><strong>se</strong></span> <span class='ocrx_word' id='word_1_403' title='bbox 2900 924 3078 983; x_wconf 85' lang='lat' dir='ltr'><strong>Patris</strong></span> <span class='ocrx_word' id='word_1_404' title='bbox 3101 927 3205 997; x_wconf 74' lang='lat'><strong>31</strong></span> <span class='ocrx_word' id='word_1_405' title='bbox 3236 944 3460 983; x_wconf 88' lang='lat' dir='ltr'><strong>servare</strong></span> 
     </span>
    </p>
   </div>
   <div class='ocr_carea' id='block_1_50' title="bbox 1872 1008 3455 1084">
    <p class='ocr_par' dir='ltr' id='par_1_50' title="bbox 1872 1008 3455 1084">
     <span class='ocr_line' id='line_1_50' title="bbox 1872 1008 3455 1084; baseline -0.001 -10"><span class='ocrx_word' id='word_1_406' title='bbox 1872 1019 2126 1084; x_wconf 80' lang='lat' dir='ltr'><strong>verbum,</strong></span> <span class='ocrx_word' id='word_1_407' title='bbox 2175 1008 2454 1075; x_wconf 79' lang='lat' dir='ltr'><strong>interdum</strong></span> <span class='ocrx_word' id='word_1_408' title='bbox 2490 1034 2620 1074; x_wconf 87' lang='lat' dir='ltr'><strong>vero</strong></span> <span class='ocrx_word' id='word_1_409' title='bbox 2648 1018 2869 1073; x_wconf 68' lang='lat' dir='ltr'><strong>Iudaeos</strong></span> <span class='ocrx_word' id='word_1_410' title='bbox 2905 1033 3012 1071; x_wconf 91' lang='lat' dir='ltr'><strong>non</strong></span> <span class='ocrx_word' id='word_1_411' title='bbox 3055 1021 3249 1075; x_wconf 82' lang='lat' dir='ltr'><strong>audire</strong></span> <span class='ocrx_word' id='word_1_412' title='bbox 3292 1035 3455 1076; x_wconf 78' lang='lat' dir='ltr'><strong>suum</strong></span> 
     </span>
    </p>
   </div>
   <div class='ocr_carea' id='block_1_51' title="bbox 1872 1109 3457 1181">
    <p class='ocr_par' dir='ltr' id='par_1_51' title="bbox 1872 1109 3457 1181">
     <span class='ocr_line' id='line_1_51' title="bbox 1872 1109 3457 1181; baseline 0 -17"><span class='ocrx_word' id='word_1_413' title='bbox 1872 1110 2125 1176; x_wconf 83' lang='lat' dir='ltr'><strong>verbum,</strong></span> <span class='ocrx_word' id='word_1_414' title='bbox 2151 1110 2247 1166; x_wconf 90' lang='lat' dir='ltr'><strong>sed</strong></span> <span class='ocrx_word' id='word_1_415' title='bbox 2280 1111 2427 1179; x_wconf 76' lang='lat' dir='ltr'><strong>illud</strong></span> <span class='ocrx_word' id='word_1_416' title='bbox 2464 1109 2645 1165; x_wconf 87' lang='lat' dir='ltr'><strong>Patris</strong></span> <span class='ocrx_word' id='word_1_417' title='bbox 2680 1128 2692 1163; x_wconf 92' lang='lat'><strong>:</strong></span> <span class='ocrx_word' id='word_1_418' title='bbox 2750 1109 3029 1179; x_wconf 89' lang='lat' dir='ltr'><strong>quomodo</strong></span> <span class='ocrx_word' id='word_1_419' title='bbox 3083 1126 3194 1165; x_wconf 93' lang='lat' dir='ltr'><strong>non</strong></span> <span class='ocrx_word' id='word_1_420' title='bbox 3246 1111 3457 1181; x_wconf 89' lang='lat' dir='ltr'><strong>liquido</strong></span> 
     </span>
    </p>
   </div>
   <div class='ocr_carea' id='block_1_52' title="bbox 1871 1200 3455 1272">
    <p class='ocr_par' dir='ltr' id='par_1_52' title="bbox 1871 1200 3455 1272">
     <span class='ocr_line' id='line_1_52' title="bbox 1871 1200 3455 1272; baseline -0.001 -15"><span class='ocrx_word' id='word_1_421' title='bbox 1871 1200 2146 1258; x_wconf 67' lang='lat' dir='ltr'><strong>constabit</strong></span> <span class='ocrx_word' id='word_1_422' title='bbox 2181 1202 2324 1272; x_wconf 86' lang='lat' dir='ltr'><strong>apud</strong></span> <span class='ocrx_word' id='word_1_423' title='bbox 2354 1218 2549 1257; x_wconf 82' lang='lat' dir='ltr'><strong>omnes</strong></span> <span class='ocrx_word' id='word_1_424' title='bbox 2598 1202 2763 1256; x_wconf 87' lang='lat' dir='ltr'><strong>alium</strong></span> <span class='ocrx_word' id='word_1_425' title='bbox 2804 1218 2929 1257; x_wconf 87' lang='lat' dir='ltr'><strong>esse</strong></span> <span class='ocrx_word' id='word_1_426' title='bbox 2966 1202 3162 1256; x_wconf 81' lang='lat' dir='ltr'><strong>Filium</strong></span> <span class='ocrx_word' id='word_1_427' title='bbox 3210 1218 3240 1257; x_wconf 89' lang='lat' dir='ltr'><strong>a</strong></span> <span class='ocrx_word' id='word_1_428' title='bbox 3288 1204 3455 1257; x_wconf 85' lang='lat' dir='ltr'><strong>verbo</strong></span> 
     </span>
    </p>
   </div>
   <div class='ocr_carea' id='block_1_53' title="bbox 1871 1294 3457 1365">
    <p class='ocr_par' dir='ltr' id='par_1_53' title="bbox 1871 1294 3457 1365">
     <span class='ocr_line' id='line_1_53' title="bbox 1871 1294 3457 1365; baseline 0 -18"><span class='ocrx_word' id='word_1_429' title='bbox 1871 1294 2057 1357; x_wconf 79' lang='lat' dir='ltr'><strong>insito,</strong></span> <span class='ocrx_word' id='word_1_430' title='bbox 2096 1301 2191 1347; x_wconf 91' lang='lat' dir='ltr'><strong>aut</strong></span> <span class='ocrx_word' id='word_1_431' title='bbox 2230 1294 2284 1347; x_wconf 90' lang='lat' dir='ltr'><strong>in</strong></span> <span class='ocrx_word' id='word_1_432' title='bbox 2315 1301 2496 1347; x_wconf 88' lang='lat' dir='ltr'><strong>mente</strong></span> <span class='ocrx_word' id='word_1_433' title='bbox 2536 1300 2804 1362; x_wconf 86' lang='lat' dir='ltr'><strong>concepto</strong></span> <span class='ocrx_word' id='word_1_434' title='bbox 2830 1334 2845 1358; x_wconf 89' lang='lat'><strong>,</strong></span> <span class='ocrx_word' id='word_1_435' title='bbox 2898 1294 3057 1362; x_wconf 85' lang='lat' dir='ltr'><strong>cujus</strong></span> <span class='ocrx_word' id='word_1_436' title='bbox 3110 1309 3235 1347; x_wconf 89' lang='lat' dir='ltr'><strong>cum</strong></span> <span class='ocrx_word' id='word_1_437' title='bbox 3291 1295 3457 1365; x_wconf 88' lang='lat' dir='ltr'><strong>parti-</strong></span> 
     </span>
    </p>
   </div>
   <div class='ocr_carea' id='block_1_54' title="bbox 1868 1384 3451 1456">
    <p class='ocr_par' dir='ltr' id='par_1_54' title="bbox 1868 1384 3451 1456">
     <span class='ocr_line' id='line_1_54' title="bbox 1868 1384 3451 1456; baseline -0.001 -16"><span class='ocrx_word' id='word_1_438' title='bbox 1868 1400 1996 1455; x_wconf 89' lang='lat' dir='ltr'><strong>ceps</strong></span> <span class='ocrx_word' id='word_1_439' title='bbox 2046 1392 2099 1441; x_wconf 89' lang='lat' dir='ltr'><strong>et</strong></span> <span class='ocrx_word' id='word_1_440' title='bbox 2148 1386 2343 1456; x_wconf 87' lang='lat' dir='ltr'><strong>plenus</strong></span> <span class='ocrx_word' id='word_1_441' title='bbox 2395 1386 2467 1441; x_wconf 88' lang='lat' dir='ltr'><strong>sit</strong></span> <span class='ocrx_word' id='word_1_442' title='bbox 2518 1384 2717 1451; x_wconf 87' lang='lat' dir='ltr'><strong>Filius,</strong></span> <span class='ocrx_word' id='word_1_443' title='bbox 2764 1384 3001 1441; x_wconf 90' lang='lat' dir='ltr'><strong>Verbum</strong></span> <span class='ocrx_word' id='word_1_444' title='bbox 3046 1388 3451 1440; x_wconf 86' lang='lat' dir='ltr'><strong>enuntiativum</strong></span> 
     </span>
    </p>
   </div>
   <div class='ocr_carea' id='block_1_55' title="bbox 1869 1474 3453 1547">
    <p class='ocr_par' dir='ltr' id='par_1_55' title="bbox 1869 1474 3453 1547">
     <span class='ocr_line' id='line_1_55' title="bbox 1869 1474 3453 1547; baseline -0.001 -18"><span class='ocrx_word' id='word_1_445' title='bbox 1869 1476 2202 1547; x_wconf 87' lang='lat' dir='ltr'><strong>appellatur,</strong></span> <span class='ocrx_word' id='word_1_446' title='bbox 2236 1486 2289 1531; x_wconf 89' lang='lat' dir='ltr'><strong>et</strong></span> <span class='ocrx_word' id='word_1_447' title='bbox 2316 1476 2645 1532; x_wconf 73' lang='lat' dir='ltr'><strong>substantia:</strong></span> <span class='ocrx_word' id='word_1_448' title='bbox 2677 1476 2861 1532; x_wconf 85' lang='lat' dir='ltr'><strong>Patris</strong></span> <span class='ocrx_word' id='word_1_449' title='bbox 2899 1475 3303 1546; x_wconf 81' lang='lat' dir='ltr'><strong>expressivum.</strong></span> <span class='ocrx_word' id='word_1_450' title='bbox 3341 1474 3453 1528; x_wconf 79' lang='lat' dir='ltr'><strong>llu-</strong></span> 
     </span>
    </p>
   </div>
   <div class='ocr_carea' id='block_1_56' title="bbox 1861 1566 3454 1640">
    <p class='ocr_par' dir='ltr' id='par_1_56' title="bbox 1861 1566 3454 1640">
     <span class='ocr_line' id='line_1_56' title="bbox 1861 1566 3454 1640; baseline -0.001 -18"><span class='ocrx_word' id='word_1_451' title='bbox 1861 1569 2103 1640; x_wconf 89' lang='lat' dir='ltr'><strong>jusmodi</strong></span> <span class='ocrx_word' id='word_1_452' title='bbox 2137 1570 2280 1623; x_wconf 90' lang='lat' dir='ltr'><strong>mala</strong></span> <span class='ocrx_word' id='word_1_453' title='bbox 2314 1570 2419 1623; x_wconf 83' lang='lat' dir='ltr'><strong>sibi</strong></span> <span class='ocrx_word' id='word_1_454' title='bbox 2450 1568 2676 1625; x_wconf 89' lang='lat' dir='ltr'><strong>demens</strong></span> <span class='ocrx_word' id='word_1_455' title='bbox 2706 1570 2801 1625; x_wconf 92' lang='lat' dir='ltr'><strong>ille</strong></span> <span class='ocrx_word' id='word_1_456' title='bbox 2822 1569 3089 1631; x_wconf 81' lang='lat' dir='ltr'><strong>contexit,</strong></span> <span class='ocrx_word' id='word_1_457' title='bbox 3114 1578 3169 1623; x_wconf 90' lang='lat' dir='ltr'><strong>et</strong></span> <span class='ocrx_word' id='word_1_458' title='bbox 3195 1566 3454 1623; x_wconf 87' lang='lat' dir='ltr'><strong>omnibus</strong></span> 
     </span>
    </p>
   </div>
   <div class='ocr_carea' id='block_1_57' title="bbox 1865 1660 3450 1732">
    <p class='ocr_par' dir='ltr' id='par_1_57' title="bbox 1865 1660 3450 1732">
     <span class='ocr_line' id='line_1_57' title="bbox 1865 1660 3450 1732; baseline -0.004 -16"><span class='ocrx_word' id='word_1_459' title='bbox 1865 1661 2029 1716; x_wconf 83' lang='lat' dir='ltr'><strong>simul</strong></span> <span class='ocrx_word' id='word_1_460' title='bbox 2057 1661 2362 1732; x_wconf 88' lang='lat' dir='ltr'><strong>Scripturis</strong></span> <span class='ocrx_word' id='word_1_461' title='bbox 2411 1660 2617 1717; x_wconf 86' lang='lat' dir='ltr'><strong>divinis</strong></span> <span class='ocrx_word' id='word_1_462' title='bbox 2643 1662 2946 1716; x_wconf 86' lang='lat' dir='ltr'><strong>reclamare</strong></span> <span class='ocrx_word' id='word_1_463' title='bbox 2970 1675 3080 1715; x_wconf 91' lang='lat' dir='ltr'><strong>non</strong></span> <span class='ocrx_word' id='word_1_464' title='bbox 3122 1668 3368 1725; x_wconf 84' lang='lat' dir='ltr'><strong>veretur,</strong></span> <span class='ocrx_word' id='word_1_465' title='bbox 3398 1662 3450 1711; x_wconf 90' lang='lat' dir='ltr'><strong>in</strong></span> 
     </span>
    </p>
   </div>
   <div class='ocr_carea' id='block_1_58' title="bbox 1863 1756 3448 1827">
    <p class='ocr_par' dir='ltr' id='par_1_58' title="bbox 1863 1756 3448 1827">
     <span class='ocr_line' id='line_1_58' title="bbox 1863 1756 3448 1827; baseline -0.001 -14"><span class='ocrx_word' id='word_1_466' title='bbox 1863 1758 2045 1827; x_wconf 88' lang='lat' dir='ltr'><strong>seipso</strong></span> <span class='ocrx_word' id='word_1_467' title='bbox 2091 1773 2281 1813; x_wconf 89' lang='lat' dir='ltr'><strong>verum</strong></span> <span class='ocrx_word' id='word_1_468' title='bbox 2329 1771 2455 1813; x_wconf 90' lang='lat' dir='ltr'><strong>esse</strong></span> <span class='ocrx_word' id='word_1_469' title='bbox 2500 1757 2741 1825; x_wconf 88' lang='lat' dir='ltr'><strong>probans</strong></span> <span class='ocrx_word' id='word_1_470' title='bbox 2788 1756 2937 1825; x_wconf 91' lang='lat' dir='ltr'><strong>quod</strong></span> <span class='ocrx_word' id='word_1_471' title='bbox 2998 1756 3281 1825; x_wconf 85' lang='lat' dir='ltr'><strong>seriptum-</strong></span> <span class='ocrx_word' id='word_1_472' title='bbox 3319 1762 3448 1812; x_wconf 88' lang='lat' dir='ltr'><strong>est:</strong></span> 
     </span>
    </p>
   </div>
   <div class='ocr_carea' id='block_1_59' title="bbox 1869 1847 3449 1917">
    <p class='ocr_par' dir='ltr' id='par_1_59' title="bbox 1869 1847 3449 1917">
     <span class='ocr_line' id='line_1_59' title="bbox 1869 1847 3449 1917; baseline 0.001 -15"><span class='ocrx_word' id='word_1_473' title='bbox 1869 1868 1887 1902; x_wconf 91' lang='lat'><strong>1</strong></span> <span class='ocrx_word' id='word_1_474' title='bbox 1925 1849 2061 1903; x_wconf 86' lang='lat' dir='ltr'><strong>Cum</strong></span> <span class='ocrx_word' id='word_1_475' title='bbox 2084 1849 2294 1903; x_wconf 84' lang='lat' dir='ltr'><strong>venerit</strong></span> <span class='ocrx_word' id='word_1_476' title='bbox 2317 1848 2522 1917; x_wconf 86' lang='lat' dir='ltr'><strong>impius</strong></span> <span class='ocrx_word' id='word_1_477' title='bbox 2546 1848 2603 1902; x_wconf 90' lang='lat' dir='ltr'><strong>in</strong></span> <span class='ocrx_word' id='word_1_478' title='bbox 2632 1847 2965 1917; x_wconf 81' lang='lat' dir='ltr'><strong>profundum</strong></span> <span class='ocrx_word' id='word_1_479' title='bbox 2998 1848 3292 1913; x_wconf 90' lang='lat' dir='ltr'><strong>malorum,</strong></span> <span class='ocrx_word' id='word_1_480' title='bbox 3314 1864 3449 1905; x_wconf 86' lang='lat' dir='ltr'><strong>con-</strong></span> 
     </span>
    </p>
   </div>
   <div class='ocr_carea' id='block_1_60' title="bbox 1869 1939 3450 2013">
    <p class='ocr_par' dir='ltr' id='par_1_60' title="bbox 1869 1939 3450 2013">
     <span class='ocr_line' id='line_1_60' title="bbox 1869 1939 3450 2013; baseline 0.001 -19"><span class='ocrx_word' id='word_1_481' title='bbox 1869 1941 2066 1996; x_wconf 87' lang='lat' dir='ltr'><strong>temnit</strong></span> <span class='ocrx_word' id='word_1_482' title='bbox 2102 1941 2171 1995; x_wconf 83' lang='lat'><strong>“.</strong></span> <span class='ocrx_word' id='word_1_483' title='bbox 2212 1959 2231 1991; x_wconf 88' lang='lat'><strong>1</strong></span> <span class='ocrx_word' id='word_1_484' title='bbox 2270 1939 2571 1995; x_wconf 84' lang='lat' dir='ltr'><strong>Verissime</strong></span> <span class='ocrx_word' id='word_1_485' title='bbox 2612 1942 2757 1993; x_wconf 93' lang='lat' dir='ltr'><strong>enim</strong></span> <span class='ocrx_word' id='word_1_486' title='bbox 2804 1940 3062 1994; x_wconf 87' lang='lat' dir='ltr'><strong>detrusus</strong></span> <span class='ocrx_word' id='word_1_487' title='bbox 3099 1950 3185 1997; x_wconf 92' lang='lat' dir='ltr'><strong>est</strong></span> <span class='ocrx_word' id='word_1_488' title='bbox 3214 1942 3267 1995; x_wconf 91' lang='lat' dir='ltr'><strong>in</strong></span> <span class='ocrx_word' id='word_1_489' title='bbox 3320 1957 3450 2013; x_wconf 66' lang='lat' dir='ltr'><strong>pro.</strong></span> 
     </span>
    </p>
   </div>
   <div class='ocr_carea' id='block_1_61' title="bbox 1871 2031 3450 2103">
    <p class='ocr_par' dir='ltr' id='par_1_61' title="bbox 1871 2031 3450 2103">
     <span class='ocr_line' id='line_1_61' title="bbox 1871 2031 3450 2103; baseline 0 -14"><span class='ocrx_word' id='word_1_490' title='bbox 1871 2036 2097 2090; x_wconf 81' lang='lat' dir='ltr'><strong>fumium</strong></span> <span class='ocrx_word' id='word_1_491' title='bbox 2140 2034 2366 2088; x_wconf 65' lang='lat' dir='ltr'><strong>malitia:</strong></span> <span class='ocrx_word' id='word_1_492' title='bbox 2392 2049 2504 2103; x_wconf 57' lang='lat' dir='ltr'><strong>prie</strong></span> <span class='ocrx_word' id='word_1_493' title='bbox 2535 2048 2634 2089; x_wconf 90' lang='lat' dir='ltr'><strong>sua</strong></span> <span class='ocrx_word' id='word_1_494' title='bbox 2672 2034 2945 2088; x_wconf 90' lang='lat' dir='ltr'><strong>dementia</strong></span> <span class='ocrx_word' id='word_1_495' title='bbox 2977 2031 3071 2087; x_wconf 87' lang='lat' dir='ltr'><strong>Dei</strong></span> <span class='ocrx_word' id='word_1_496' title='bbox 3115 2032 3314 2097; x_wconf 85' lang='lat' dir='ltr'><strong>hostis,</strong></span> <span class='ocrx_word' id='word_1_497' title='bbox 3349 2050 3450 2089; x_wconf 85' lang='lat' dir='ltr'><strong>nec</strong></span> 
     </span>
    </p>
   </div>
   <div class='ocr_carea' id='block_1_62' title="bbox 1865 2126 3446 2200">
    <p class='ocr_par' dir='ltr' id='par_1_62' title="bbox 1865 2126 3446 2200">
     <span class='ocr_line' id='line_1_62' title="bbox 1865 2126 3446 2200; baseline -0.001 -16"><span class='ocrx_word' id='word_1_498' title='bbox 1865 2132 2002 2200; x_wconf 80' lang='lat' dir='ltr'><strong>erigi</strong></span> <span class='ocrx_word' id='word_1_499' title='bbox 2062 2145 2120 2183; x_wconf 88' lang='lat' dir='ltr'><strong>se</strong></span> <span class='ocrx_word' id='word_1_500' title='bbox 2165 2129 2395 2183; x_wconf 83' lang='lat' dir='ltr'><strong>veritate</strong></span> <span class='ocrx_word' id='word_1_501' title='bbox 2442 2128 2671 2197; x_wconf 90' lang='lat' dir='ltr'><strong>patitur,</strong></span> <span class='ocrx_word' id='word_1_502' title='bbox 2722 2126 2815 2181; x_wconf 90' lang='lat' dir='ltr'><strong>sed</strong></span> <span class='ocrx_word' id='word_1_503' title='bbox 2862 2127 3184 2197; x_wconf 83' lang='lat' dir='ltr'><strong>Opinionum</strong></span> <span class='ocrx_word' id='word_1_504' title='bbox 3219 2142 3446 2182; x_wconf 90' lang='lat' dir='ltr'><strong>suarum</strong></span> 
     </span>
    </p>
   </div>
   <div class='ocr_carea' id='block_1_63' title="bbox 1864 2217 3446 2289">
    <p class='ocr_par' dir='ltr' id='par_1_63' title="bbox 1864 2217 3446 2289">
     <span class='ocr_line' id='line_1_63' title="bbox 1864 2217 3446 2289; baseline -0.003 -13"><span class='ocrx_word' id='word_1_505' title='bbox 1864 2224 2013 2277; x_wconf 90' lang='lat' dir='ltr'><strong>carie</strong></span> <span class='ocrx_word' id='word_1_506' title='bbox 2044 2237 2108 2275; x_wconf 94' lang='lat' dir='ltr'><strong>ae</strong></span> <span class='ocrx_word' id='word_1_507' title='bbox 2136 2222 2244 2274; x_wconf 85' lang='lat' dir='ltr'><strong>situ</strong></span> <span class='ocrx_word' id='word_1_508' title='bbox 2286 2220 2538 2273; x_wconf 85' lang='lat' dir='ltr'><strong>labascit.</strong></span> <span class='ocrx_word' id='word_1_509' title='bbox 2566 2217 2918 2289; x_wconf 88' lang='lat' dir='ltr'><strong>Unigenitum</strong></span> <span class='ocrx_word' id='word_1_510' title='bbox 2951 2219 3097 2271; x_wconf 87' lang='lat' dir='ltr'><strong>enim</strong></span> <span class='ocrx_word' id='word_1_511' title='bbox 3130 2220 3220 2273; x_wconf 85' lang='lat' dir='ltr'><strong>Dei</strong></span> <span class='ocrx_word' id='word_1_512' title='bbox 3254 2234 3317 2273; x_wconf 92' lang='lat' dir='ltr'><strong>ac</strong></span> <span class='ocrx_word' id='word_1_513' title='bbox 3341 2218 3446 2272; x_wconf 90' lang='lat' dir='ltr'><strong>Pa-</strong></span> 
     </span>
    </p>
   </div>
   <div class='ocr_carea' id='block_1_64' title="bbox 1864 2310 3445 2382">
    <p class='ocr_par' dir='ltr' id='par_1_64' title="bbox 1864 2310 3445 2382">
     <span class='ocr_line' id='line_1_64' title="bbox 1864 2310 3445 2382; baseline 0 -13"><span class='ocrx_word' id='word_1_514' title='bbox 1864 2315 1964 2369; x_wconf 91' lang='lat' dir='ltr'><strong>tris</strong></span> <span class='ocrx_word' id='word_1_515' title='bbox 1989 2313 2186 2367; x_wconf 84' lang='lat' dir='ltr'><strong>Filium</strong></span> <span class='ocrx_word' id='word_1_516' title='bbox 2217 2329 2280 2368; x_wconf 82' lang='lat' dir='ltr'><strong>ex</strong></span> <span class='ocrx_word' id='word_1_517' title='bbox 2316 2328 2373 2367; x_wconf 90' lang='lat' dir='ltr'><strong>se</strong></span> <span class='ocrx_word' id='word_1_518' title='bbox 2399 2312 2619 2382; x_wconf 86' lang='lat' dir='ltr'><strong>proprie</strong></span> <span class='ocrx_word' id='word_1_519' title='bbox 2648 2311 2769 2381; x_wconf 90' lang='lat' dir='ltr'><strong>ejus</strong></span> <span class='ocrx_word' id='word_1_520' title='bbox 2800 2326 2923 2369; x_wconf 87' lang='lat' dir='ltr'><strong>esse</strong></span> <span class='ocrx_word' id='word_1_521' title='bbox 2948 2310 3213 2378; x_wconf 81' lang='lat' dir='ltr'><strong>Verbum,</strong></span> <span class='ocrx_word' id='word_1_522' title='bbox 3252 2329 3312 2367; x_wconf 77' lang='lat' dir='ltr'><strong>ex</strong></span> <span class='ocrx_word' id='word_1_523' title='bbox 3354 2328 3445 2369; x_wconf 85' lang='lat' dir='ltr'><strong>se-</strong></span> 
     </span>
    </p>
   </div>
   <div class='ocr_carea' id='block_1_65' title="bbox 1864 2407 2575 2479">
    <p class='ocr_par' dir='ltr' id='par_1_65' title="bbox 1864 2407 2575 2479">
     <span class='ocr_line' id='line_1_65' title="bbox 1864 2407 2575 2479; baseline 0 -18"><span class='ocrx_word' id='word_1_524' title='bbox 1864 2407 2162 2479; x_wconf 86' lang='lat' dir='ltr'><strong>quentibus</strong></span> <span class='ocrx_word' id='word_1_525' title='bbox 2186 2420 2575 2477; x_wconf 84' lang='lat' dir='ltr'><strong>agnoscemus.</strong></span> 
     </span>
    </p>
   </div>
   <div class='ocr_carea' id='block_1_66' title="bbox 2251 2644 3047 2717">
    <p class='ocr_par' dir='ltr' id='par_1_66' title="bbox 2251 2644 3047 2717">
     <span class='ocr_line' id='line_1_66' title="bbox 2251 2644 3047 2717; baseline -0.003 -16"><span class='ocrx_word' id='word_1_526' title='bbox 2251 2647 2522 2717; x_wconf 76' lang='lat' dir='ltr'><strong>Refutatio</strong></span> <span class='ocrx_word' id='word_1_527' title='bbox 2552 2646 2747 2701; x_wconf 82' lang='lat' dir='ltr'><strong>erroris</strong></span> <span class='ocrx_word' id='word_1_528' title='bbox 2777 2644 3047 2700; x_wconf 78' lang='lat' dir='ltr'><strong>Eunomii.</strong></span> 
     </span>
    </p>
   </div>
   <div class='ocr_carea' id='block_1_67' title="bbox 1932 2736 3437 2803">
    <p class='ocr_par' dir='ltr' id='par_1_67' title="bbox 1932 2736 3437 2803">
     <span class='ocr_line' id='line_1_67' title="bbox 1932 2736 3437 2803; baseline -0.003 -5"><span class='ocrx_word' id='word_1_529' title='bbox 1932 2742 2191 2798; x_wconf 81' lang='lat' dir='ltr'><strong>llebescit</strong></span> <span class='ocrx_word' id='word_1_530' title='bbox 2226 2740 2452 2795; x_wconf 87' lang='lat' dir='ltr'><strong>demens</strong></span> <span class='ocrx_word' id='word_1_531' title='bbox 2503 2738 2820 2793; x_wconf 67' lang='lat' dir='ltr'><strong>haereticus.</strong></span> <span class='ocrx_word' id='word_1_532' title='bbox 2880 2736 3167 2803; x_wconf 84' lang='lat' dir='ltr'><strong>Quomodo</strong></span> <span class='ocrx_word' id='word_1_533' title='bbox 3206 2739 3351 2793; x_wconf 89' lang='lat' dir='ltr'><strong>enim</strong></span> <span class='ocrx_word' id='word_1_534' title='bbox 3385 2738 3437 2794; x_wconf 89' lang='lat' dir='ltr'><strong>in</strong></span> 
     </span>
    </p>
   </div>
   <div class='ocr_carea' id='block_1_68' title="bbox 1862 2830 3438 2903">
    <p class='ocr_par' dir='ltr' id='par_1_68' title="bbox 1862 2830 3438 2903">
     <span class='ocr_line' id='line_1_68' title="bbox 1862 2830 3438 2903; baseline -0.002 -14"><span class='ocrx_word' id='word_1_535' title='bbox 1862 2836 2162 2903; x_wconf 78' lang='lat' dir='ltr'><strong>malignam</strong></span> <span class='ocrx_word' id='word_1_536' title='bbox 2194 2832 2435 2885; x_wconf 90' lang='lat' dir='ltr'><strong>animam</strong></span> <span class='ocrx_word' id='word_1_537' title='bbox 2470 2830 2748 2885; x_wconf 89' lang='lat' dir='ltr'><strong>introierit</strong></span> <span class='ocrx_word' id='word_1_538' title='bbox 2801 2830 3123 2900; x_wconf 82' lang='lat' dir='ltr'><strong>sapientia?</strong></span> <span class='ocrx_word' id='word_1_539' title='bbox 3171 2840 3266 2885; x_wconf 90' lang='lat' dir='ltr'><strong>aut</strong></span> <span class='ocrx_word' id='word_1_540' title='bbox 3309 2832 3438 2901; x_wconf 81' lang='lat' dir='ltr'><strong>quid</strong></span> 
     </span>
    </p>
   </div>
   <div class='ocr_carea' id='block_1_69' title="bbox 1858 2922 3440 2995">
    <p class='ocr_par' dir='ltr' id='par_1_69' title="bbox 1858 2922 3440 2995">
     <span class='ocr_line' id='line_1_69' title="bbox 1858 2922 3440 2995; baseline -0.003 -12"><span class='ocrx_word' id='word_1_541' title='bbox 1858 2943 1982 2983; x_wconf 90' lang='lat' dir='ltr'><strong>esse</strong></span> <span class='ocrx_word' id='word_1_542' title='bbox 2024 2932 2241 2995; x_wconf 88' lang='lat' dir='ltr'><strong>potest,</strong></span> <span class='ocrx_word' id='word_1_543' title='bbox 2278 2938 2489 2993; x_wconf 71' lang='lat' dir='ltr'><strong>qua‘so,</strong></span> <span class='ocrx_word' id='word_1_544' title='bbox 2529 2923 2617 2979; x_wconf 87' lang='lat' dir='ltr'><strong>bis</strong></span> <span class='ocrx_word' id='word_1_545' title='bbox 2667 2922 2999 2994; x_wconf 81' lang='lat' dir='ltr'><strong>malignius,</strong></span> <span class='ocrx_word' id='word_1_546' title='bbox 3036 2925 3165 2992; x_wconf 90' lang='lat' dir='ltr'><strong>qui,</strong></span> <span class='ocrx_word' id='word_1_547' title='bbox 3204 2931 3263 2976; x_wconf 89' lang='lat' dir='ltr'><strong>ut</strong></span> <span class='ocrx_word' id='word_1_548' title='bbox 3300 2926 3440 2978; x_wconf 87' lang='lat' dir='ltr'><strong>scri—</strong></span> 
     </span>
    </p>
   </div>
   <div class='ocr_carea' id='block_1_70' title="bbox 1858 3012 3440 3084">
    <p class='ocr_par' dir='ltr' id='par_1_70' title="bbox 1858 3012 3440 3084">
     <span class='ocr_line' id='line_1_70' title="bbox 1858 3012 3440 3084; baseline 0.001 -16"><span class='ocrx_word' id='word_1_549' title='bbox 1858 3020 2110 3084; x_wconf 86' lang='lat' dir='ltr'><strong>ptumest</strong></span> <span class='ocrx_word' id='word_1_550' title='bbox 2126 3013 2257 3077; x_wconf 81' lang='lat' dir='ltr'><strong>“&#39;,a</strong></span> <span class='ocrx_word' id='word_1_551' title='bbox 2281 3012 2510 3067; x_wconf 83' lang='lat' dir='ltr'><strong>veritate</strong></span> <span class='ocrx_word' id='word_1_552' title='bbox 2534 3012 2781 3065; x_wconf 90' lang='lat' dir='ltr'><strong>auditum</strong></span> <span class='ocrx_word' id='word_1_553' title='bbox 2817 3019 3099 3077; x_wconf 88' lang='lat' dir='ltr'><strong>avertunt,</strong></span> <span class='ocrx_word' id='word_1_554' title='bbox 3121 3012 3189 3066; x_wconf 87' lang='lat' dir='ltr'><strong>ad</strong></span> <span class='ocrx_word' id='word_1_555' title='bbox 3220 3012 3440 3070; x_wconf 80' lang='lat' dir='ltr'><strong>fabulas</strong></span> 
     </span>
    </p>
   </div>
   <div class='ocr_carea' id='block_1_71' title="bbox 1858 3104 3434 3175">
    <p class='ocr_par' dir='ltr' id='par_1_71' title="bbox 1858 3104 3434 3175">
     <span class='ocr_line' id='line_1_71' title="bbox 1858 3104 3434 3175; baseline -0.001 -14"><span class='ocrx_word' id='word_1_556' title='bbox 1858 3114 2043 3162; x_wconf 88' lang='lat' dir='ltr'><strong>autem</strong></span> <span class='ocrx_word' id='word_1_557' title='bbox 2082 3104 2486 3175; x_wconf 89' lang='lat' dir='ltr'><strong>cogitationum</strong></span> <span class='ocrx_word' id='word_1_558' title='bbox 2524 3118 2749 3159; x_wconf 89' lang='lat' dir='ltr'><strong>suarum</strong></span> <span class='ocrx_word' id='word_1_559' title='bbox 2786 3104 2974 3159; x_wconf 88' lang='lat' dir='ltr'><strong>statim</strong></span> <span class='ocrx_word' id='word_1_560' title='bbox 3012 3114 3434 3170; x_wconf 85' lang='lat' dir='ltr'><strong>convertuntur,</strong></span> 
     </span>
    </p>
   </div>
   <div class='ocr_carea' id='block_1_72' title="bbox 1860 3192 3441 3266">
    <p class='ocr_par' dir='ltr' id='par_1_72' title="bbox 1860 3192 3441 3266">
     <span class='ocr_line' id='line_1_72' title="bbox 1860 3192 3441 3266; baseline 0.002 -16"><span class='ocrx_word' id='word_1_561' title='bbox 1860 3204 1920 3251; x_wconf 93' lang='lat' dir='ltr'><strong>ut</strong></span> <span class='ocrx_word' id='word_1_562' title='bbox 1968 3202 2022 3250; x_wconf 91' lang='lat' dir='ltr'><strong>et</strong></span> <span class='ocrx_word' id='word_1_563' title='bbox 2076 3195 2275 3250; x_wconf 86' lang='lat' dir='ltr'><strong>merito</strong></span> <span class='ocrx_word' id='word_1_564' title='bbox 2324 3193 2597 3249; x_wconf 90' lang='lat' dir='ltr'><strong>audiant:</strong></span> <span class='ocrx_word' id='word_1_565' title='bbox 2631 3211 2650 3245; x_wconf 91' lang='lat'><strong>1</strong></span> <span class='ocrx_word' id='word_1_566' title='bbox 2684 3192 2777 3248; x_wconf 73' lang='grc' dir='ltr'>ναι</span> <span class='ocrx_word' id='word_1_567' title='bbox 2834 3194 2929 3264; x_wconf 91' lang='lat' dir='ltr'><strong>qui</strong></span> <span class='ocrx_word' id='word_1_568' title='bbox 2987 3196 3316 3266; x_wconf 82' lang='lat' dir='ltr'><strong>preplietant</strong></span> <span class='ocrx_word' id='word_1_569' title='bbox 3372 3199 3441 3253; x_wconf 88' lang='lat' dir='ltr'><strong>de</strong></span> 
     </span>
    </p>
   </div>
   <div class='ocr_carea' id='block_1_73' title="bbox 1856 3281 3437 3352">
    <p class='ocr_par' dir='ltr' id='par_1_73' title="bbox 1856 3281 3437 3352">
     <span class='ocr_line' id='line_1_73' title="bbox 1856 3281 3437 3352; baseline 0.002 -14"><span class='ocrx_word' id='word_1_570' title='bbox 1856 3281 2022 3338; x_wconf 90' lang='lat' dir='ltr'><strong>corde</strong></span> <span class='ocrx_word' id='word_1_571' title='bbox 2054 3297 2189 3348; x_wconf 89' lang='lat' dir='ltr'><strong>suo,</strong></span> <span class='ocrx_word' id='word_1_572' title='bbox 2225 3289 2280 3338; x_wconf 91' lang='lat' dir='ltr'><strong>et</strong></span> <span class='ocrx_word' id='word_1_573' title='bbox 2314 3298 2429 3337; x_wconf 93' lang='lat' dir='ltr'><strong>non</strong></span> <span class='ocrx_word' id='word_1_574' title='bbox 2467 3299 2533 3337; x_wconf 81' lang='lat' dir='ltr'><strong>ex</strong></span> <span class='ocrx_word' id='word_1_575' title='bbox 2576 3298 2673 3338; x_wconf 92' lang='lat' dir='ltr'><strong>ore</strong></span> <span class='ocrx_word' id='word_1_576' title='bbox 2716 3283 2932 3339; x_wconf 90' lang='lat' dir='ltr'><strong>Domini</strong></span> <span class='ocrx_word' id='word_1_577' title='bbox 2964 3287 3033 3338; x_wconf 82' lang='grc'><strong>⁸⁷.</strong></span> <span class='ocrx_word' id='word_1_578' title='bbox 3068 3305 3087 3337; x_wconf 87' lang='lat'><strong>1</strong></span> <span class='ocrx_word' id='word_1_579' title='bbox 3116 3286 3253 3352; x_wconf 83' lang='lat' dir='ltr'><strong>Quis</strong></span> <span class='ocrx_word' id='word_1_580' title='bbox 3289 3290 3437 3343; x_wconf 90' lang='lat' dir='ltr'><strong>enim</strong></span> 
     </span>
    </p>
   </div>
   <div class='ocr_carea' id='block_1_74' title="bbox 1854 3374 3437 3445">
    <p class='ocr_par' dir='ltr' id='par_1_74' title="bbox 1854 3374 3437 3445">
     <span class='ocr_line' id='line_1_74' title="bbox 1854 3374 3437 3445; baseline 0.004 -16"><span class='ocrx_word' id='word_1_581' title='bbox 1854 3374 1925 3430; x_wconf 92' lang='lat' dir='ltr'><strong>ab</strong></span> <span class='ocrx_word' id='word_1_582' title='bbox 1958 3390 2055 3429; x_wconf 86' lang='lat' dir='ltr'><strong>ore</strong></span> <span class='ocrx_word' id='word_1_583' title='bbox 2100 3374 2315 3430; x_wconf 89' lang='lat' dir='ltr'><strong>Domini</strong></span> <span class='ocrx_word' id='word_1_584' title='bbox 2370 3375 2607 3445; x_wconf 90' lang='lat' dir='ltr'><strong>loquens</strong></span> <span class='ocrx_word' id='word_1_585' title='bbox 2664 3376 2801 3431; x_wconf 91' lang='lat' dir='ltr'><strong>dicit</strong></span> <span class='ocrx_word' id='word_1_586' title='bbox 2846 3377 3141 3431; x_wconf 85' lang='lat' dir='ltr'><strong>anathema</strong></span> <span class='ocrx_word' id='word_1_587' title='bbox 3191 3377 3322 3434; x_wconf 82' lang='lat' dir='ltr'><strong>Jesu</strong></span> <span class='ocrx_word' id='word_1_588' title='bbox 3356 3379 3437 3435; x_wconf 66' lang='lat'><strong>“‘9</strong></span> 
     </span>
    </p>
   </div>
   <div class='ocr_carea' id='block_1_75' title="bbox 1854 3467 3439 3541">
    <p class='ocr_par' dir='ltr' id='par_1_75' title="bbox 1854 3467 3439 3541">
     <span class='ocr_line' id='line_1_75' title="bbox 1854 3467 3439 3541; baseline 0.003 -19"><span class='ocrx_word' id='word_1_589' title='bbox 1854 3467 2011 3534; x_wconf 87' lang='lat' dir='ltr'><strong>Quod</strong></span> <span class='ocrx_word' id='word_1_590' title='bbox 2043 3468 2294 3523; x_wconf 88' lang='lat' dir='ltr'><strong>nonnulli</strong></span> <span class='ocrx_word' id='word_1_591' title='bbox 2331 3476 2481 3523; x_wconf 85' lang='lat' dir='ltr'><strong>certe</strong></span> <span class='ocrx_word' id='word_1_592' title='bbox 2516 3469 2750 3530; x_wconf 81' lang='lat' dir='ltr'><strong>iaciunt,</strong></span> <span class='ocrx_word' id='word_1_593' title='bbox 2776 3468 3000 3537; x_wconf 90' lang='lat' dir='ltr'><strong>pietatis</strong></span> <span class='ocrx_word' id='word_1_594' title='bbox 3030 3469 3288 3541; x_wconf 82' lang='lat' dir='ltr'><strong>dogmata</strong></span> <span class='ocrx_word' id='word_1_595' title='bbox 3330 3473 3439 3526; x_wconf 89' lang='lat' dir='ltr'><strong>im-</strong></span> 
     </span>
    </p>
   </div>
   <div class='ocr_carea' id='block_1_76' title="bbox 1854 3560 3438 3632">
    <p class='ocr_par' dir='ltr' id='par_1_76' title="bbox 1854 3560 3438 3632">
     <span class='ocr_line' id='line_1_76' title="bbox 1854 3560 3438 3632; baseline 0.003 -17"><span class='ocrx_word' id='word_1_596' title='bbox 1854 3562 2123 3632; x_wconf 88' lang='lat' dir='ltr'><strong>pudenter</strong></span> <span class='ocrx_word' id='word_1_597' title='bbox 2154 3561 2552 3631; x_wconf 85' lang='lat' dir='ltr'><strong>proculcantes</strong></span> <span class='ocrx_word' id='word_1_598' title='bbox 2574 3600 2590 3625; x_wconf 87' lang='lat'><strong>,</strong></span> <span class='ocrx_word' id='word_1_599' title='bbox 2622 3570 2677 3616; x_wconf 91' lang='lat' dir='ltr'><strong>et</strong></span> <span class='ocrx_word' id='word_1_600' title='bbox 2706 3560 2855 3616; x_wconf 91' lang='lat' dir='ltr'><strong>sicut</strong></span> <span class='ocrx_word' id='word_1_601' title='bbox 2890 3562 3281 3631; x_wconf 85' lang='lat' dir='ltr'><strong>prophetarum</strong></span> <span class='ocrx_word' id='word_1_602' title='bbox 3308 3580 3438 3620; x_wconf 88' lang='lat' dir='ltr'><strong>san-</strong></span> 
     </span>
    </p>
   </div>
   <div class='ocr_carea' id='block_1_77' title="bbox 1851 3650 3432 3721">
    <p class='ocr_par' dir='ltr' id='par_1_77' title="bbox 1851 3650 3432 3721">
     <span class='ocr_line' id='line_1_77' title="bbox 1851 3650 3432 3721; baseline 0.005 -16"><span class='ocrx_word' id='word_1_603' title='bbox 1851 3660 2067 3705; x_wconf 87' lang='lat' dir='ltr'><strong>ctorum</strong></span> <span class='ocrx_word' id='word_1_604' title='bbox 2102 3666 2248 3706; x_wconf 92' lang='lat' dir='ltr'><strong>unus</strong></span> <span class='ocrx_word' id='word_1_605' title='bbox 2294 3650 2464 3715; x_wconf 76' lang='lat' dir='ltr'><strong>dixit,</strong></span> <span class='ocrx_word' id='word_1_606' title='bbox 2521 3651 2708 3705; x_wconf 89' lang='lat' dir='ltr'><strong>omnia</strong></span> <span class='ocrx_word' id='word_1_607' title='bbox 2762 3660 2911 3706; x_wconf 88' lang='lat' dir='ltr'><strong>recta</strong></span> <span class='ocrx_word' id='word_1_608' title='bbox 2959 3661 3331 3721; x_wconf 86' lang='lat' dir='ltr'><strong>pervertenles</strong></span> <span class='ocrx_word' id='word_1_609' title='bbox 3364 3655 3432 3713; x_wconf 78' lang='grc'><strong>⁸⁸.</strong></span> 
     </span>
    </p>
   </div>
   <div class='ocr_carea' id='block_1_78' title="bbox 1851 3742 3435 3801">
    <p class='ocr_par' dir='ltr' id='par_1_78' title="bbox 1851 3742 3435 3801">
     <span class='ocr_line' id='line_1_78' title="bbox 1851 3742 3435 3801; baseline 0.003 -5"><span class='ocrx_word' id='word_1_610' title='bbox 1851 3744 2017 3797; x_wconf 85' lang='lat' dir='ltr'><strong>Aiunt</strong></span> <span class='ocrx_word' id='word_1_611' title='bbox 2049 3743 2195 3798; x_wconf 90' lang='lat' dir='ltr'><strong>enim</strong></span> <span class='ocrx_word' id='word_1_612' title='bbox 2233 3742 2381 3797; x_wconf 91' lang='lat' dir='ltr'><strong>aliud</strong></span> <span class='ocrx_word' id='word_1_613' title='bbox 2414 3758 2539 3798; x_wconf 86' lang='lat' dir='ltr'><strong>esse</strong></span> <span class='ocrx_word' id='word_1_614' title='bbox 2574 3743 2829 3798; x_wconf 88' lang='lat' dir='ltr'><strong>naturale</strong></span> <span class='ocrx_word' id='word_1_615' title='bbox 2860 3751 2916 3798; x_wconf 90' lang='lat' dir='ltr'><strong>et</strong></span> <span class='ocrx_word' id='word_1_616' title='bbox 2952 3744 3183 3798; x_wconf 88' lang='lat' dir='ltr'><strong>insitum</strong></span> <span class='ocrx_word' id='word_1_617' title='bbox 3230 3744 3339 3801; x_wconf 92' lang='lat' dir='ltr'><strong>Deo</strong></span> <span class='ocrx_word' id='word_1_618' title='bbox 3371 3760 3435 3801; x_wconf 87' lang='lat' dir='ltr'><strong>ac</strong></span> 
     </span>
    </p>
   </div>
   <div class='ocr_carea' id='block_1_79' title="bbox 1848 3832 3433 3906">
    <p class='ocr_par' dir='ltr' id='par_1_79' title="bbox 1848 3832 3433 3906">
     <span class='ocr_line' id='line_1_79' title="bbox 1848 3832 3433 3906; baseline 0.006 -19"><span class='ocrx_word' id='word_1_619' title='bbox 1848 3832 1997 3887; x_wconf 87' lang='lat' dir='ltr'><strong>Patri</strong></span> <span class='ocrx_word' id='word_1_620' title='bbox 2042 3836 2273 3890; x_wconf 82' lang='lat' dir='ltr'><strong>verbum</strong></span> <span class='ocrx_word' id='word_1_621' title='bbox 2296 3878 2310 3900; x_wconf 94' lang='lat'><strong>,</strong></span> <span class='ocrx_word' id='word_1_622' title='bbox 2349 3834 2501 3890; x_wconf 85' lang='lat' dir='ltr'><strong>aliud</strong></span> <span class='ocrx_word' id='word_1_623' title='bbox 2536 3852 2736 3891; x_wconf 88' lang='lat' dir='ltr'><strong>rursus</strong></span> <span class='ocrx_word' id='word_1_624' title='bbox 2770 3838 2868 3906; x_wconf 91' lang='lat' dir='ltr'><strong>qui</strong></span> <span class='ocrx_word' id='word_1_625' title='bbox 2915 3838 3131 3893; x_wconf 89' lang='lat' dir='ltr'><strong>dicitur</strong></span> <span class='ocrx_word' id='word_1_626' title='bbox 3166 3839 3343 3896; x_wconf 84' lang='lat' dir='ltr'><strong>Filius</strong></span> <span class='ocrx_word' id='word_1_627' title='bbox 3380 3850 3433 3896; x_wconf 91' lang='lat' dir='ltr'><strong>et</strong></span> 
     </span>
    </p>
   </div>
   <div class='ocr_carea' id='block_1_80' title="bbox 1852 3922 3431 3997">
    <p class='ocr_par' dir='ltr' id='par_1_80' title="bbox 1852 3922 3431 3997">
     <span class='ocr_line' id='line_1_80' title="bbox 1852 3922 3431 3997; baseline 0.006 -21"><span class='ocrx_word' id='word_1_628' title='bbox 1852 3922 2221 3979; x_wconf 84' lang='lat' dir='ltr'><strong>Verbun1.Et</strong></span> <span class='ocrx_word' id='word_1_629' title='bbox 2258 3926 2326 3979; x_wconf 89' lang='lat' dir='ltr'><strong>ad</strong></span> <span class='ocrx_word' id='word_1_630' title='bbox 2360 3926 2720 3981; x_wconf 90' lang='lat' dir='ltr'><strong>asserendum</strong></span> <span class='ocrx_word' id='word_1_631' title='bbox 2755 3941 2945 3995; x_wconf 88' lang='lat' dir='ltr'><strong>suam,</strong></span> <span class='ocrx_word' id='word_1_632' title='bbox 2984 3936 3047 3984; x_wconf 89' lang='lat' dir='ltr'><strong>ut</strong></span> <span class='ocrx_word' id='word_1_633' title='bbox 3078 3930 3431 3997; x_wconf 79' lang='lat' dir='ltr'><strong>existimant,</strong></span> 
     </span>
    </p>
   </div>
   <div class='ocr_carea' id='block_1_81' title="bbox 1848 4015 3431 4087">
    <p class='ocr_par' dir='ltr' id='par_1_81' title="bbox 1848 4015 3431 4087">
     <span class='ocr_line' id='line_1_81' title="bbox 1848 4015 3431 4087; baseline 0.003 -17"><span class='ocrx_word' id='word_1_634' title='bbox 1848 4016 2203 4079; x_wconf 88' lang='lat' dir='ltr'><strong>sententiam,</strong></span> <span class='ocrx_word' id='word_1_635' title='bbox 2240 4016 2353 4069; x_wconf 90' lang='lat' dir='ltr'><strong>imo</strong></span> <span class='ocrx_word' id='word_1_636' title='bbox 2407 4031 2541 4071; x_wconf 89' lang='lat' dir='ltr'><strong>vero</strong></span> <span class='ocrx_word' id='word_1_637' title='bbox 2586 4015 2912 4071; x_wconf 82' lang='lat' dir='ltr'><strong>eil&#39;renatant</strong></span> <span class='ocrx_word' id='word_1_638' title='bbox 2952 4017 3320 4087; x_wconf 85' lang='lat' dir='ltr'><strong>impietatem,</strong></span> <span class='ocrx_word' id='word_1_639' title='bbox 3349 4022 3431 4074; x_wconf 83' lang='lat' dir='ltr'><strong>ar-</strong></span> 
     </span>
    </p>
   </div>
   <div class='ocr_carea' id='block_1_82' title="bbox 1846 4104 3429 4168">
    <p class='ocr_par' dir='ltr' id='par_1_82' title="bbox 1846 4104 3429 4168">
     <span class='ocr_line' id='line_1_82' title="bbox 1846 4104 3429 4168; baseline 0.006 -9"><span class='ocrx_word' id='word_1_640' title='bbox 1846 4105 2033 4160; x_wconf 84' lang='lat' dir='ltr'><strong>ferunt</strong></span> <span class='ocrx_word' id='word_1_641' title='bbox 2067 4104 2258 4161; x_wconf 83' lang='lat' dir='ltr'><strong>Jesum</strong></span> <span class='ocrx_word' id='word_1_642' title='bbox 2291 4107 2573 4163; x_wconf 79' lang='lat' dir='ltr'><strong>Christum</strong></span> <span class='ocrx_word' id='word_1_643' title='bbox 2610 4108 2904 4162; x_wconf 92' lang='lat' dir='ltr'><strong>Dominum</strong></span> <span class='ocrx_word' id='word_1_644' title='bbox 2946 4119 3196 4164; x_wconf 89' lang='lat' dir='ltr'><strong>nostrum</strong></span> <span class='ocrx_word' id='word_1_645' title='bbox 3228 4113 3283 4166; x_wconf 89' lang='lat' dir='ltr'><strong>in</strong></span> <span class='ocrx_word' id='word_1_646' title='bbox 3310 4114 3429 4168; x_wconf 87' lang='lat' dir='ltr'><strong>suis</strong></span> 
     </span>
    </p>
   </div>
   <div class='ocr_carea' id='block_1_83' title="bbox 1844 4192 3483 4265">
    <p class='ocr_par' dir='ltr' id='par_1_83' title="bbox 1844 4192 3483 4265">
     <span class='ocr_line' id='line_1_83' title="bbox 1844 4192 3483 4265; baseline 0.005 -18"><span class='ocrx_word' id='word_1_647' title='bbox 1844 4194 1909 4248; x_wconf 88' lang='lat' dir='ltr'><strong>ad</strong></span> <span class='ocrx_word' id='word_1_648' title='bbox 1943 4192 2165 4249; x_wconf 68' lang='lat' dir='ltr'><strong>Judaeos</strong></span> <span class='ocrx_word' id='word_1_649' title='bbox 2199 4195 2559 4250; x_wconf 87' lang='lat' dir='ltr'><strong>sermonibus</strong></span> <span class='ocrx_word' id='word_1_650' title='bbox 2585 4197 2862 4253; x_wconf 91' lang='lat' dir='ltr'><strong>dicentem</strong></span> <span class='ocrx_word' id='word_1_651' title='bbox 2892 4215 2907 4253; x_wconf 75' lang='grc' dir='ltr'><strong>ι</strong></span> <span class='ocrx_word' id='word_1_652' title='bbox 2953 4218 2972 4250; x_wconf 87' lang='lat'><strong>1</strong></span> <span class='ocrx_word' id='word_1_653' title='bbox 3002 4198 3143 4265; x_wconf 85' lang='lat' dir='ltr'><strong>Quia</strong></span> <span class='ocrx_word' id='word_1_654' title='bbox 3175 4203 3293 4257; x_wconf 92' lang='lat' dir='ltr'><strong>seio</strong></span> <span class='ocrx_word' id='word_1_655' title='bbox 3323 4202 3427 4256; x_wconf 88' lang='lat' dir='ltr'><strong>Pa-</strong></span> <span class='ocrx_word' id='word_1_656' title='bbox 3479 4224 3483 4233; x_wconf 68' lang='grc' dir='ltr'><strong><em>τ</em></strong></span> 
     </span>
    </p>
   </div>
   <div class='ocr_carea' id='block_1_84' title="bbox 1845 4285 3423 4364">
    <p class='ocr_par' dir='ltr' id='par_1_84' title="bbox 1845 4285 3423 4364">
     <span class='ocr_line' id='line_1_84' title="bbox 1845 4285 3423 4364; baseline 0.007 -27"><span class='ocrx_word' id='word_1_657' title='bbox 1845 4293 2017 4348; x_wconf 90' lang='lat' dir='ltr'><strong>trem,</strong></span> <span class='ocrx_word' id='word_1_658' title='bbox 2041 4292 2097 4340; x_wconf 91' lang='lat' dir='ltr'><strong>et</strong></span> <span class='ocrx_word' id='word_1_659' title='bbox 2132 4285 2362 4340; x_wconf 86' lang='lat' dir='ltr'><strong>verbum</strong></span> <span class='ocrx_word' id='word_1_660' title='bbox 2394 4286 2516 4356; x_wconf 87' lang='lat' dir='ltr'><strong>ejus</strong></span> <span class='ocrx_word' id='word_1_661' title='bbox 2549 4303 2712 4343; x_wconf 84' lang='lat' dir='ltr'><strong>servo</strong></span> <span class='ocrx_word' id='word_1_662' title='bbox 2747 4290 2815 4341; x_wconf 80' lang='grc' dir='ltr'><strong>⁷ο.</strong></span> <span class='ocrx_word' id='word_1_663' title='bbox 2850 4308 2869 4342; x_wconf 89' lang='lat'><strong>1</strong></span> <span class='ocrx_word' id='word_1_664' title='bbox 2893 4288 3167 4346; x_wconf 78' lang='lat' dir='ltr'><strong>Praeterea</strong></span> <span class='ocrx_word' id='word_1_665' title='bbox 3200 4294 3254 4348; x_wconf 91' lang='lat' dir='ltr'><strong>id</strong></span> <span class='ocrx_word' id='word_1_666' title='bbox 3277 4296 3423 4364; x_wconf 88' lang='lat' dir='ltr'><strong>quod</strong></span> 
     </span>
    </p>
   </div>
   <div class='ocr_carea' id='block_1_85' title="bbox 153 4374 1761 4460">
    <p class='ocr_par' dir='ltr' id='par_1_85' title="bbox 153 4385 1740 4460">
     <span class='ocr_line' id='line_1_85' title="bbox 153 4385 1740 4460; baseline 0.006 -21"><span class='ocrx_word' id='word_1_667' title='bbox 153 4386 394 4457; x_wconf 75' lang='grc' dir='ltr'>Χριστὸν</span> <span class='ocrx_word' id='word_1_668' title='bbox 419 4385 478 4437; x_wconf 90' lang='grc' dir='ltr'><strong>ἐν</strong></span> <span class='ocrx_word' id='word_1_669' title='bbox 502 4388 621 4448; x_wconf 85' lang='grc' dir='ltr'>ταῖς</span> <span class='ocrx_word' id='word_1_670' title='bbox 648 4385 784 4457; x_wconf 83' lang='grc' dir='ltr'>πρὸς</span> <span class='ocrx_word' id='word_1_671' title='bbox 820 4387 1107 4452; x_wconf 85' lang='grc' dir='ltr'>Ἰουδαίους</span> <span class='ocrx_word' id='word_1_672' title='bbox 1129 4390 1369 4460; x_wconf 81' lang='grc' dir='ltr'>ὁμιλίαις</span> <span class='ocrx_word' id='word_1_673' title='bbox 1389 4430 1403 4455; x_wconf 92' lang='grc'><strong>,</strong></span> <span class='ocrx_word' id='word_1_674' title='bbox 1447 4393 1527 4447; x_wconf 88' lang='grc' dir='ltr'>ὅτι</span> <span class='ocrx_word' id='word_1_675' title='bbox 1569 4412 1587 4443; x_wconf 85' lang='grc' dir='ltr'><strong>ι</strong></span> <span class='ocrx_word' id='word_1_676' title='bbox 1610 4392 1740 4449; x_wconf 74' lang='grc' dir='ltr'>Οἶδα</span> 
     </span>
    </p>
   </div>
   <div class='ocr_carea' id='block_1_86' title="bbox 1857 4374 3424 4460">
    <p class='ocr_par' dir='ltr' id='par_1_86' title="bbox 1864 4374 3424 4445">
     <span class='ocr_line' id='line_1_86' title="bbox 1864 4374 3424 4445; baseline 0.008 -16"><span class='ocrx_word' id='word_1_677' title='bbox 1864 4376 1947 4445; x_wconf 89' lang='lat' dir='ltr'><strong>psi</strong></span> <span class='ocrx_word' id='word_1_678' title='bbox 1994 4390 2024 4429; x_wconf 91' lang='lat' dir='ltr'><strong>a</strong></span> <span class='ocrx_word' id='word_1_679' title='bbox 2052 4374 2233 4433; x_wconf 84' lang='lat' dir='ltr'><strong>Patre</strong></span> <span class='ocrx_word' id='word_1_680' title='bbox 2261 4377 2470 4432; x_wconf 86' lang='lat' dir='ltr'><strong>dictum</strong></span> <span class='ocrx_word' id='word_1_681' title='bbox 2507 4388 2590 4435; x_wconf 89' lang='lat' dir='ltr'><strong>est</strong></span> <span class='ocrx_word' id='word_1_682' title='bbox 2623 4398 2635 4433; x_wconf 94' lang='lat'><strong>:</strong></span> <span class='ocrx_word' id='word_1_683' title='bbox 2666 4398 2684 4431; x_wconf 90' lang='lat'><strong>1</strong></span> <span class='ocrx_word' id='word_1_684' title='bbox 2718 4379 2795 4435; x_wconf 78' lang='lat' dir='ltr'><strong>Ex</strong></span> <span class='ocrx_word' id='word_1_685' title='bbox 2842 4389 2997 4439; x_wconf 89' lang='lat' dir='ltr'><strong>utero</strong></span> <span class='ocrx_word' id='word_1_686' title='bbox 3046 4390 3175 4439; x_wconf 88' lang='lat' dir='ltr'><strong>ante</strong></span> <span class='ocrx_word' id='word_1_687' title='bbox 3210 4385 3424 4442; x_wconf 70' lang='lat' dir='ltr'><strong>Lucifeo</strong></span> 
     </span>
    </p>
   </div>
   <div class='ocr_carea' id='block_1_87' title="bbox 148 4468 1761 4551">
    <p class='ocr_par' dir='ltr' id='par_1_87' title="bbox 148 4474 1736 4551">
     <span class='ocr_line' id='line_1_87' title="bbox 148 4474 1736 4551; baseline 0.006 -24"><span class='ocrx_word' id='word_1_688' title='bbox 148 4476 239 4528; x_wconf 75' lang='grc' dir='ltr'><strong>τὸν</strong></span> <span class='ocrx_word' id='word_1_689' title='bbox 263 4474 508 4543; x_wconf 80' lang='grc' dir='ltr'>Πατέρα,</span> <span class='ocrx_word' id='word_1_690' title='bbox 542 4475 638 4527; x_wconf 71' lang='grc' dir='ltr'>καὶ</span> <span class='ocrx_word' id='word_1_691' title='bbox 660 4474 752 4527; x_wconf 83' lang='grc' dir='ltr'><strong>τὸν</strong></span> <span class='ocrx_word' id='word_1_692' title='bbox 782 4474 940 4543; x_wconf 88' lang='grc' dir='ltr'>λόγον</span> <span class='ocrx_word' id='word_1_693' title='bbox 958 4476 1124 4528; x_wconf 85' lang='grc' dir='ltr'>αὑτοῦ</span> <span class='ocrx_word' id='word_1_694' title='bbox 1154 4479 1305 4548; x_wconf 82' lang='grc' dir='ltr'>τηρῶ</span> <span class='ocrx_word' id='word_1_695' title='bbox 1327 4494 1341 4509; x_wconf 73' lang='grc' dir='ltr'><strong><em>ο</em></strong></span> <span class='ocrx_word' id='word_1_696' title='bbox 1364 4498 1384 4531; x_wconf 87' lang='lat'><strong>1</strong></span> <span class='ocrx_word' id='word_1_697' title='bbox 1419 4480 1554 4551; x_wconf 77' lang='grc' dir='ltr'>πρὸς</span> <span class='ocrx_word' id='word_1_698' title='bbox 1580 4482 1639 4537; x_wconf 78' lang='grc' dir='ltr'><strong>δέ</strong></span> <span class='ocrx_word' id='word_1_699' title='bbox 1673 4500 1736 4551; x_wconf 88' lang='grc' dir='ltr'><strong>γε</strong></span> 
     </span>
    </p>
   </div>
   <div class='ocr_carea' id='block_1_88' title="bbox 1857 4468 3427 4551">
    <p class='ocr_par' dir='ltr' id='par_1_88' title="bbox 1857 4468 3427 4544">
     <span class='ocr_line' id='line_1_88' title="bbox 1857 4468 3427 4544; baseline 0.01 -26"><span class='ocrx_word' id='word_1_700' title='bbox 1857 4482 1966 4520; x_wconf 73' lang='lat' dir='ltr'><strong>rum</strong></span> <span class='ocrx_word' id='word_1_701' title='bbox 2008 4468 2172 4538; x_wconf 87' lang='lat' dir='ltr'><strong>genui</strong></span> <span class='ocrx_word' id='word_1_702' title='bbox 2213 4478 2265 4523; x_wconf 87' lang='lat' dir='ltr'><strong>te</strong></span> <span class='ocrx_word' id='word_1_703' title='bbox 2296 4470 2365 4524; x_wconf 85' lang='grc'><strong>⁷¹.</strong></span> <span class='ocrx_word' id='word_1_704' title='bbox 2402 4496 2422 4521; x_wconf 75' lang='grc' dir='ltr'><strong>ι</strong></span> <span class='ocrx_word' id='word_1_705' title='bbox 2452 4469 2541 4533; x_wconf 82' lang='lat' dir='ltr'><strong>At,</strong></span> <span class='ocrx_word' id='word_1_706' title='bbox 2587 4471 2889 4544; x_wconf 87' lang='lat' dir='ltr'><strong>inquiunt,</strong></span> <span class='ocrx_word' id='word_1_707' title='bbox 2926 4490 3197 4531; x_wconf 85' lang='lat' dir='ltr'><strong>venenum</strong></span> <span class='ocrx_word' id='word_1_708' title='bbox 3236 4491 3267 4531; x_wconf 84' lang='lat' dir='ltr'><strong>a</strong></span> <span class='ocrx_word' id='word_1_709' title='bbox 3323 4493 3427 4535; x_wconf 92' lang='lat' dir='ltr'><strong>suo</strong></span> 
     </span>
    </p>
   </div>
   <div class='ocr_carea' id='block_1_89' title="bbox 146 4563 1761 4640">
    <p class='ocr_par' dir='ltr' id='par_1_89' title="bbox 146 4563 1736 4640">
     <span class='ocr_line' id='line_1_89' title="bbox 146 4563 1736 4640; baseline 0.004 -22"><span class='ocrx_word' id='word_1_710' title='bbox 146 4569 346 4634; x_wconf 75' lang='grc' dir='ltr'>τούτῳ,</span> <span class='ocrx_word' id='word_1_711' title='bbox 389 4566 482 4617; x_wconf 74' lang='grc' dir='ltr'><strong>καὶ</strong></span> <span class='ocrx_word' id='word_1_712' title='bbox 514 4563 574 4616; x_wconf 84' lang='lat'><strong>:6</strong></span> <span class='ocrx_word' id='word_1_713' title='bbox 613 4564 749 4635; x_wconf 85' lang='grc' dir='ltr'>πρὸς</span> <span class='ocrx_word' id='word_1_714' title='bbox 782 4564 945 4618; x_wconf 80' lang='grc' dir='ltr'>αὑτὸν</span> <span class='ocrx_word' id='word_1_715' title='bbox 976 4568 1267 4636; x_wconf 72' lang='grc' dir='ltr'>εἰρημένον</span> <span class='ocrx_word' id='word_1_716' title='bbox 1310 4570 1462 4640; x_wconf 84' lang='lat'><em>1:696</em></span> <span class='ocrx_word' id='word_1_717' title='bbox 1493 4572 1583 4623; x_wconf 86' lang='grc' dir='ltr'><strong>τοῦ</strong></span> <span class='ocrx_word' id='word_1_718' title='bbox 1624 4575 1736 4625; x_wconf 88' lang='grc' dir='ltr'><strong>Πα-</strong></span> 
     </span>
    </p>
   </div>
   <div class='ocr_carea' id='block_1_90' title="bbox 1857 4563 3425 4640">
    <p class='ocr_par' dir='ltr' id='par_1_90' title="bbox 1857 4566 3425 4637">
     <span class='ocr_line' id='line_1_90' title="bbox 1857 4566 3425 4637; baseline 0.01 -27"><span class='ocrx_word' id='word_1_719' title='bbox 1857 4566 1996 4627; x_wconf 71' lang='lat' dir='ltr'><strong>1atre</strong></span> <span class='ocrx_word' id='word_1_720' title='bbox 2046 4567 2331 4629; x_wconf 87' lang='lat' dir='ltr'><strong>acceptum</strong></span> <span class='ocrx_word' id='word_1_721' title='bbox 2368 4571 2713 4629; x_wconf 76' lang='lat' dir='ltr'><strong>cruciantes,</strong></span> <span class='ocrx_word' id='word_1_722' title='bbox 2757 4566 2803 4619; x_wconf 91' lang='lat' dir='ltr'><strong>si</strong></span> <span class='ocrx_word' id='word_1_723' title='bbox 2850 4566 2943 4635; x_wconf 93' lang='lat' dir='ltr'><strong>qui</strong></span> <span class='ocrx_word' id='word_1_724' title='bbox 2999 4568 3243 4637; x_wconf 88' lang='lat' dir='ltr'><strong>loquitur</strong></span> <span class='ocrx_word' id='word_1_725' title='bbox 3280 4570 3425 4625; x_wconf 89' lang='lat' dir='ltr'><strong>alius</strong></span> 
     </span>
    </p>
   </div>
   <div class='ocr_carea' id='block_1_91' title="bbox 146 4648 1761 4729">
    <p class='ocr_par' dir='ltr' id='par_1_91' title="bbox 146 4653 1729 4729">
     <span class='ocr_line' id='line_1_91' title="bbox 146 4653 1729 4729; baseline 0.005 -24"><span class='ocrx_word' id='word_1_726' title='bbox 146 4656 297 4723; x_wconf 72' lang='grc' dir='ltr'>τρδς,</span> <span class='ocrx_word' id='word_1_727' title='bbox 335 4674 352 4705; x_wconf 97' lang='lat'><strong>1</strong></span> <span class='ocrx_word' id='word_1_728' title='bbox 403 4656 497 4706; x_wconf 85' lang='grc' dir='ltr'><strong>Ἐκ</strong></span> <span class='ocrx_word' id='word_1_729' title='bbox 536 4653 769 4722; x_wconf 82' lang='grc' dir='ltr'>γαστρὸς</span> <span class='ocrx_word' id='word_1_730' title='bbox 813 4654 919 4724; x_wconf 85' lang='lat'><em>1:96</em></span> <span class='ocrx_word' id='word_1_731' title='bbox 954 4654 1263 4726; x_wconf 83' lang='grc' dir='ltr'>Ἑωσφόρου</span> <span class='ocrx_word' id='word_1_732' title='bbox 1299 4658 1565 4729; x_wconf 74' lang='grc' dir='ltr'>ἐγέννησα</span> <span class='ocrx_word' id='word_1_733' title='bbox 1605 4678 1685 4717; x_wconf 86' lang='grc' dir='ltr'>σε.</span> <span class='ocrx_word' id='word_1_734' title='bbox 1710 4681 1729 4713; x_wconf 98' lang='lat'><strong>1</strong></span> 
     </span>
    </p>
   </div>
   <div class='ocr_carea' id='block_1_92' title="bbox 1857 4648 3416 4729">
    <p class='ocr_par' dir='ltr' id='par_1_92' title="bbox 1857 4648 3416 4728">
     <span class='ocr_line' id='line_1_92' title="bbox 1857 4648 3416 4728; baseline 0.01 -27"><span class='ocrx_word' id='word_1_735' title='bbox 1857 4656 1926 4702; x_wconf 64' lang='lat' dir='ltr'><strong>ast</strong></span> <span class='ocrx_word' id='word_1_736' title='bbox 1960 4648 2029 4703; x_wconf 91' lang='lat' dir='ltr'><strong>ab</strong></span> <span class='ocrx_word' id='word_1_737' title='bbox 2055 4664 2120 4703; x_wconf 95' lang='lat' dir='ltr'><strong>eo</strong></span> <span class='ocrx_word' id='word_1_738' title='bbox 2148 4649 2238 4704; x_wconf 91' lang='lat' dir='ltr'><strong>cui</strong></span> <span class='ocrx_word' id='word_1_739' title='bbox 2269 4650 2535 4721; x_wconf 88' lang='lat' dir='ltr'><strong>loquitur,</strong></span> <span class='ocrx_word' id='word_1_740' title='bbox 2572 4652 2734 4710; x_wconf 89' lang='lat' dir='ltr'><strong>Pater</strong></span> <span class='ocrx_word' id='word_1_741' title='bbox 2764 4664 2949 4711; x_wconf 91' lang='lat' dir='ltr'><strong>autem</strong></span> <span class='ocrx_word' id='word_1_742' title='bbox 2979 4657 3119 4712; x_wconf 87' lang='lat' dir='ltr'><strong>Filio</strong></span> <span class='ocrx_word' id='word_1_743' title='bbox 3150 4676 3246 4728; x_wconf 88' lang='lat' dir='ltr'><strong>per</strong></span> <span class='ocrx_word' id='word_1_744' title='bbox 3286 4658 3416 4717; x_wconf 90' lang='lat' dir='ltr'><strong>Ver-</strong></span> 
     </span>
    </p>
   </div>
   <div class='ocr_carea' id='block_1_93' title="bbox 148 4741 1728 4818">
    <p class='ocr_par' dir='ltr' id='par_1_93' title="bbox 148 4741 1728 4818">
     <span class='ocr_line' id='line_1_93' title="bbox 148 4741 1728 4818; baseline 0.006 -24"><span class='ocrx_word' id='word_1_745' title='bbox 148 4746 183 4794; x_wconf 59' lang='grc' dir='ltr'>ἐξ</span> <span class='ocrx_word' id='word_1_746' title='bbox 212 4745 281 4797; x_wconf 73' lang='grc' dir='ltr'>τὰ</span> <span class='ocrx_word' id='word_1_747' title='bbox 307 4759 463 4809; x_wconf 63' lang='grc' dir='ltr'>ψασι,</span> <span class='ocrx_word' id='word_1_748' title='bbox 481 4742 573 4794; x_wconf 85' lang='grc' dir='ltr'>τὸν</span> <span class='ocrx_word' id='word_1_749' title='bbox 595 4744 659 4794; x_wconf 80' lang='grc' dir='ltr'><strong>ἐκ</strong></span> <span class='ocrx_word' id='word_1_750' title='bbox 676 4741 771 4794; x_wconf 82' lang='grc' dir='ltr'><strong>τοῦ</strong></span> <span class='ocrx_word' id='word_1_751' title='bbox 798 4742 995 4795; x_wconf 88' lang='grc' dir='ltr'>οίκείου</span> <span class='ocrx_word' id='word_1_752' title='bbox 1026 4743 1230 4811; x_wconf 77' lang='grc' dir='ltr'>πατρὸς</span> <span class='ocrx_word' id='word_1_753' title='bbox 1255 4744 1331 4797; x_wconf 80' lang='grc' dir='ltr'><strong>ίὸν</strong></span> <span class='ocrx_word' id='word_1_754' title='bbox 1349 4748 1728 4818; x_wconf 64' lang='grc' dir='ltr'>ἐρευγόμενον</span> 
     </span>
    </p>
   </div>
   <div class='ocr_carea' id='block_1_94' title="bbox 147 4828 1726 4905">
    <p class='ocr_par' dir='ltr' id='par_1_94' title="bbox 147 4828 1726 4905">
     <span class='ocr_line' id='line_1_94' title="bbox 147 4828 1726 4905; baseline 0.004 -19"><span class='ocrx_word' id='word_1_755' title='bbox 147 4838 203 4887; x_wconf 70' lang='lat' dir='ltr'><strong>lli</strong></span> <span class='ocrx_word' id='word_1_756' title='bbox 236 4837 266 4887; x_wconf 85' lang='lat'><strong>6</strong></span> <span class='ocrx_word' id='word_1_757' title='bbox 295 4834 476 4887; x_wconf 81' lang='grc' dir='ltr'>λαλῶν</span> <span class='ocrx_word' id='word_1_758' title='bbox 513 4834 706 4901; x_wconf 79' lang='grc' dir='ltr'>ἔτερος</span> <span class='ocrx_word' id='word_1_759' title='bbox 738 4834 813 4896; x_wconf 85' lang='grc' dir='ltr'><strong>ὡς</strong></span> <span class='ocrx_word' id='word_1_760' title='bbox 852 4834 988 4903; x_wconf 81' lang='grc' dir='ltr'>πρὸς</span> <span class='ocrx_word' id='word_1_761' title='bbox 1033 4833 1123 4886; x_wconf 84' lang='grc' dir='ltr'>τὸν</span> <span class='ocrx_word' id='word_1_762' title='bbox 1149 4828 1195 4901; x_wconf 81' lang='grc' dir='ltr'>ᾧ</span> <span class='ocrx_word' id='word_1_763' title='bbox 1224 4836 1553 4905; x_wconf 86' lang='grc' dir='ltr'>διαλέγεται,</span> <span class='ocrx_word' id='word_1_764' title='bbox 1609 4840 1726 4893; x_wconf 90' lang='grc' dir='ltr'>δια-</span> 
     </span>
    </p>
   </div>
   <div class='ocr_carea' id='block_1_95' title="bbox 147 4925 1729 5001">
    <p class='ocr_par' dir='ltr' id='par_1_95' title="bbox 147 4925 1729 5001">
     <span class='ocr_line' id='line_1_95' title="bbox 147 4925 1729 5001; baseline 0.004 -24"><span class='ocrx_word' id='word_1_765' title='bbox 147 4930 195 4979; x_wconf 64' lang='grc' dir='ltr'><strong>),ἐ</strong></span> <span class='ocrx_word' id='word_1_766' title='bbox 215 4944 363 4994; x_wconf 64' lang='grc' dir='ltr'>,ιεται</span> <span class='ocrx_word' id='word_1_767' title='bbox 399 4926 458 4977; x_wconf 86' lang='lat'><strong>66</strong></span> <span class='ocrx_word' id='word_1_768' title='bbox 482 4925 568 4977; x_wconf 79' lang='grc' dir='ltr'>διὰ</span> <span class='ocrx_word' id='word_1_769' title='bbox 598 4926 767 4993; x_wconf 76' lang='grc' dir='ltr'>Λόγου</span> <span class='ocrx_word' id='word_1_770' title='bbox 803 4926 935 4995; x_wconf 86' lang='lat'><em>1:96;</em></span> <span class='ocrx_word' id='word_1_771' title='bbox 963 4926 1055 4977; x_wconf 87' lang='grc' dir='ltr'>τὸν</span> <span class='ocrx_word' id='word_1_772' title='bbox 1087 4927 1215 4981; x_wconf 86' lang='grc' dir='ltr'>Υίὸν</span> <span class='ocrx_word' id='word_1_773' title='bbox 1238 4930 1267 4980; x_wconf 89' lang='lat'><strong>6</strong></span> <span class='ocrx_word' id='word_1_774' title='bbox 1289 4928 1501 5000; x_wconf 84' lang='grc' dir='ltr'>Πατὴρ,</span> <span class='ocrx_word' id='word_1_775' title='bbox 1543 4930 1729 5001; x_wconf 78' lang='grc' dir='ltr'>ἕτερος</span> 
     </span>
    </p>
   </div>
   <div class='ocr_carea' id='block_1_96' title="bbox 142 5012 1731 5093">
    <p class='ocr_par' dir='ltr' id='par_1_96' title="bbox 142 5012 1731 5093">
     <span class='ocr_line' id='line_1_96' title="bbox 142 5012 1731 5093; baseline 0 -27"><span class='ocrx_word' id='word_1_776' title='bbox 142 5017 248 5083; x_wconf 59' lang='grc' dir='ltr'><strong>ἂρα</strong></span> <span class='ocrx_word' id='word_1_777' title='bbox 285 5015 422 5082; x_wconf 78' lang='grc' dir='ltr'>παρ’</span> <span class='ocrx_word' id='word_1_778' title='bbox 461 5012 621 5063; x_wconf 70' lang='grc' dir='ltr'>αὑτὸν</span> <span class='ocrx_word' id='word_1_779' title='bbox 656 5013 685 5063; x_wconf 88' lang='lat'><strong>6</strong></span> <span class='ocrx_word' id='word_1_780' title='bbox 736 5012 973 5082; x_wconf 78' lang='grc' dir='ltr'>ἔμφυτος</span> <span class='ocrx_word' id='word_1_781' title='bbox 996 5013 1063 5067; x_wconf 77' lang='grc' dir='ltr'>ἂν</span> <span class='ocrx_word' id='word_1_782' title='bbox 1102 5016 1188 5085; x_wconf 85' lang='grc' dir='ltr'><strong>εῐη</strong></span> <span class='ocrx_word' id='word_1_783' title='bbox 1208 5016 1397 5084; x_wconf 85' lang='grc' dir='ltr'>Λόγος,</span> <span class='ocrx_word' id='word_1_784' title='bbox 1435 5020 1463 5071; x_wconf 87' lang='grc' dir='ltr'>ὀ</span> <span class='ocrx_word' id='word_1_785' title='bbox 1487 5020 1546 5071; x_wconf 82' lang='grc' dir='ltr'><strong>ἐν</strong></span> <span class='ocrx_word' id='word_1_786' title='bbox 1576 5012 1731 5093; x_wconf 83' lang='grc' dir='ltr'>ᾧπερ</span> 
     </span>
    </p>
   </div>
   <div class='ocr_carea' id='block_1_97' title="bbox 140 5102 1720 5174">
    <p class='ocr_par' dir='ltr' id='par_1_97' title="bbox 140 5102 1720 5174">
     <span class='ocr_line' id='line_1_97' title="bbox 140 5102 1720 5174; baseline 0.007 -19"><span class='ocrx_word' id='word_1_787' title='bbox 140 5106 378 5157; x_wconf 76' lang='grc' dir='ltr'>ἐποιείτο</span> <span class='ocrx_word' id='word_1_788' title='bbox 409 5103 508 5164; x_wconf 67' lang='grc' dir='ltr'>τὶς</span> <span class='ocrx_word' id='word_1_789' title='bbox 535 5102 798 5167; x_wconf 80' lang='grc' dir='ltr'>διαλέξεις</span> <span class='ocrx_word' id='word_1_790' title='bbox 829 5104 857 5154; x_wconf 90' lang='lat'><strong>6</strong></span> <span class='ocrx_word' id='word_1_791' title='bbox 884 5104 1072 5174; x_wconf 81' lang='grc' dir='ltr'>Πατήρ</span> <span class='ocrx_word' id='word_1_792' title='bbox 1104 5121 1118 5135; x_wconf 81' lang='grc'><em>’</em></span> <span class='ocrx_word' id='word_1_793' title='bbox 1154 5107 1250 5159; x_wconf 80' lang='grc' dir='ltr'>καὶ</span> <span class='ocrx_word' id='word_1_794' title='bbox 1282 5110 1444 5162; x_wconf 84' lang='grc' dir='ltr'>πάλιν</span> <span class='ocrx_word' id='word_1_795' title='bbox 1477 5127 1490 5138; x_wconf 86' lang='grc'>⁶</span> <span class='ocrx_word' id='word_1_796' title='bbox 1522 5113 1584 5164; x_wconf 88' lang='grc' dir='ltr'>Εἰ</span> <span class='ocrx_word' id='word_1_797' title='bbox 1618 5114 1720 5165; x_wconf 86' lang='grc' dir='ltr'>αὑ-</span> 
     </span>
    </p>
   </div>
   <div class='ocr_carea' id='block_1_98' title="bbox 140 5194 1728 5273">
    <p class='ocr_par' dir='ltr' id='par_1_98' title="bbox 140 5194 1728 5273">
     <span class='ocr_line' id='line_1_98' title="bbox 140 5194 1728 5273; baseline 0.011 -32"><span class='ocrx_word' id='word_1_798' title='bbox 140 5197 229 5257; x_wconf 66' lang='grc' dir='ltr'>τὸς</span> <span class='ocrx_word' id='word_1_799' title='bbox 269 5212 399 5254; x_wconf 82' lang='grc' dir='ltr'>που,</span> <span class='ocrx_word' id='word_1_800' title='bbox 454 5194 646 5264; x_wconf 81' lang='grc' dir='ltr'>φησὶν,</span> <span class='ocrx_word' id='word_1_801' title='bbox 692 5196 722 5246; x_wconf 89' lang='lat'><strong>6</strong></span> <span class='ocrx_word' id='word_1_802' title='bbox 754 5195 878 5257; x_wconf 75' lang='grc' dir='ltr'>Υἱὸς</span> <span class='ocrx_word' id='word_1_803' title='bbox 915 5199 1101 5265; x_wconf 79' lang='grc' dir='ltr'>τηρεῖν</span> <span class='ocrx_word' id='word_1_804' title='bbox 1136 5196 1227 5249; x_wconf 81' lang='grc' dir='ltr'><strong>τὸν</strong></span> <span class='ocrx_word' id='word_1_805' title='bbox 1263 5199 1356 5251; x_wconf 88' lang='grc' dir='ltr'><strong>τοῦ</strong></span> <span class='ocrx_word' id='word_1_806' title='bbox 1386 5202 1601 5273; x_wconf 88' lang='grc' dir='ltr'>Πατρὸς</span> <span class='ocrx_word' id='word_1_807' title='bbox 1638 5204 1728 5257; x_wconf 86' lang='grc' dir='ltr'>λό-</span> 
     </span>
    </p>
   </div>
   <div class='ocr_carea' id='block_1_99' title="bbox 139 5286 1739 5363">
    <p class='ocr_par' dir='ltr' id='par_1_99' title="bbox 139 5286 1739 5363">
     <span class='ocr_line' id='line_1_99' title="bbox 139 5286 1739 5363; baseline 0.006 -23"><span class='ocrx_word' id='word_1_808' title='bbox 139 5304 233 5355; x_wconf 85' lang='grc' dir='ltr'><strong>γον</strong></span> <span class='ocrx_word' id='word_1_809' title='bbox 282 5286 681 5356; x_wconf 57' lang='grc' dir='ltr'>διισχυρίσατο,</span> <span class='ocrx_word' id='word_1_810' title='bbox 743 5286 860 5348; x_wconf 82' lang='grc' dir='ltr'><strong>πῶς</strong></span> <span class='ocrx_word' id='word_1_811' title='bbox 890 5288 989 5339; x_wconf 74' lang='grc' dir='ltr'><strong>οὐκ</strong></span> <span class='ocrx_word' id='word_1_812' title='bbox 1028 5287 1095 5343; x_wconf 84' lang='grc' dir='ltr'>ἂν</span> <span class='ocrx_word' id='word_1_813' title='bbox 1137 5288 1324 5361; x_wconf 74' lang='grc' dir='ltr'>ἕτερος</span> <span class='ocrx_word' id='word_1_814' title='bbox 1364 5294 1449 5363; x_wconf 81' lang='grc' dir='ltr'><strong>εῐη</strong></span> <span class='ocrx_word' id='word_1_815' title='bbox 1497 5294 1684 5349; x_wconf 82' lang='grc' dir='ltr'>λοιπὸν</span> <span class='ocrx_word' id='word_1_816' title='bbox 1712 5299 1739 5349; x_wconf 91' lang='grc' dir='ltr'>ὁ</span> 
     </span>
    </p>
   </div>
   <div class='ocr_carea' id='block_1_100' title="bbox 138 5378 1735 5454">
    <p class='ocr_par' dir='ltr' id='par_1_100' title="bbox 138 5378 1735 5454">
     <span class='ocr_line' id='line_1_100' title="bbox 138 5378 1735 5454; baseline 0.006 -23"><span class='ocrx_word' id='word_1_817' title='bbox 138 5380 324 5448; x_wconf 77' lang='grc' dir='ltr'>τηρῶν</span> <span class='ocrx_word' id='word_1_818' title='bbox 382 5378 530 5447; x_wconf 84' lang='grc' dir='ltr'>παρὰ</span> <span class='ocrx_word' id='word_1_819' title='bbox 572 5378 663 5430; x_wconf 80' lang='grc' dir='ltr'>τὸν</span> <span class='ocrx_word' id='word_1_820' title='bbox 710 5379 1084 5449; x_wconf 79' lang='grc' dir='ltr'>τηρούμενον;</span> <span class='ocrx_word' id='word_1_821' title='bbox 1143 5384 1285 5454; x_wconf 81' lang='lat' dir='ltr'><em>H96;</em></span> <span class='ocrx_word' id='word_1_822' title='bbox 1331 5384 1389 5437; x_wconf 88' lang='grc' dir='ltr'><strong>δέ</strong></span> <span class='ocrx_word' id='word_1_823' title='bbox 1436 5404 1499 5454; x_wconf 92' lang='grc' dir='ltr'><strong>γε</strong></span> <span class='ocrx_word' id='word_1_824' title='bbox 1561 5388 1735 5441; x_wconf 83' lang='grc' dir='ltr'>ταῦτα</span> 
     </span>
    </p>
   </div>
   <div class='ocr_carea' id='block_1_101' title="bbox 139 5467 1737 5547">
    <p class='ocr_par' dir='ltr' id='par_1_101' title="bbox 139 5467 1737 5547">
     <span class='ocr_line' id='line_1_101' title="bbox 139 5467 1737 5547; baseline 0.007 -26"><span class='ocrx_word' id='word_1_825' title='bbox 139 5469 377 5537; x_wconf 73' lang='grc' dir='ltr'>χαλεπὸν</span> <span class='ocrx_word' id='word_1_826' title='bbox 413 5467 511 5536; x_wconf 78' lang='grc' dir='ltr'>μὲν</span> <span class='ocrx_word' id='word_1_827' title='bbox 558 5467 684 5530; x_wconf 80' lang='grc' dir='ltr'>ἴσως</span> <span class='ocrx_word' id='word_1_828' title='bbox 722 5469 874 5521; x_wconf 80' lang='grc' dir='ltr'>οὐδὲν</span> <span class='ocrx_word' id='word_1_829' title='bbox 902 5470 1204 5538; x_wconf 85' lang='grc' dir='ltr'>ἀντιλέγειν</span> <span class='ocrx_word' id='word_1_830' title='bbox 1256 5489 1270 5504; x_wconf 85' lang='lat'><strong><em>°</em></strong></span> <span class='ocrx_word' id='word_1_831' title='bbox 1310 5492 1328 5524; x_wconf 88' lang='lat'><strong>1</strong></span> <span class='ocrx_word' id='word_1_832' title='bbox 1368 5474 1539 5529; x_wconf 82' lang='grc' dir='ltr'>Δὼσει</span> <span class='ocrx_word' id='word_1_833' title='bbox 1567 5478 1677 5547; x_wconf 78' lang='grc' dir='ltr'>γὰρ</span> <span class='ocrx_word' id='word_1_834' title='bbox 1708 5481 1737 5532; x_wconf 88' lang='grc' dir='ltr'>ὁ</span> 
     </span>
    </p>
   </div>
   <div class='ocr_carea' id='block_1_102' title="bbox 142 5556 1724 5635">
    <p class='ocr_par' dir='ltr' id='par_1_102' title="bbox 142 5556 1724 5635">
     <span class='ocr_line' id='line_1_102' title="bbox 142 5556 1724 5635; baseline 0.007 -26"><span class='ocrx_word' id='word_1_835' title='bbox 142 5556 341 5628; x_wconf 72' lang='grc' dir='ltr'>Κύριος</span> <span class='ocrx_word' id='word_1_836' title='bbox 372 5560 524 5627; x_wconf 77' lang='grc' dir='ltr'>ῥῆμα</span> <span class='ocrx_word' id='word_1_837' title='bbox 553 5560 662 5619; x_wconf 88' lang='grc' dir='ltr'>τοῖς</span> <span class='ocrx_word' id='word_1_838' title='bbox 683 5558 1189 5629; x_wconf 75' lang='grc' dir='ltr'>εὐαγγελιζομένοις</span> <span class='ocrx_word' id='word_1_839' title='bbox 1213 5561 1441 5633; x_wconf 89' lang='grc' dir='ltr'>δυνάμει</span> <span class='ocrx_word' id='word_1_840' title='bbox 1474 5566 1664 5635; x_wconf 83' lang='grc' dir='ltr'>πολλῇ·</span> <span class='ocrx_word' id='word_1_841' title='bbox 1705 5587 1724 5619; x_wconf 88' lang='lat'><strong>1</strong></span> 
     </span>
    </p>
   </div>
   <div class='ocr_carea' id='block_1_103' title="bbox 139 5650 1726 5727">
    <p class='ocr_par' dir='ltr' id='par_1_103' title="bbox 139 5650 1726 5727">
     <span class='ocr_line' id='line_1_103' title="bbox 139 5650 1726 5727; baseline 0.007 -27"><span class='ocrx_word' id='word_1_842' title='bbox 139 5652 277 5720; x_wconf 73' lang='grc' dir='ltr'>χρῆν</span> <span class='ocrx_word' id='word_1_843' title='bbox 308 5650 367 5702; x_wconf 85' lang='grc' dir='ltr'><strong>δέ</strong></span> <span class='ocrx_word' id='word_1_844' title='bbox 402 5666 463 5717; x_wconf 85' lang='grc' dir='ltr'><strong>γε</strong></span> <span class='ocrx_word' id='word_1_845' title='bbox 512 5650 637 5712; x_wconf 72' lang='grc' dir='ltr'>τοὺς</span> <span class='ocrx_word' id='word_1_846' title='bbox 664 5650 826 5719; x_wconf 78' lang='grc' dir='ltr'>οἵπερ</span> <span class='ocrx_word' id='word_1_847' title='bbox 867 5653 973 5703; x_wconf 77' lang='grc' dir='ltr'>εἰσὶ</span> <span class='ocrx_word' id='word_1_848' title='bbox 998 5651 1095 5722; x_wconf 80' lang='grc' dir='ltr'><strong>τὴν</strong></span> <span class='ocrx_word' id='word_1_849' title='bbox 1135 5655 1392 5727; x_wconf 88' lang='grc' dir='ltr'>τοιαύτην</span> <span class='ocrx_word' id='word_1_850' title='bbox 1442 5658 1726 5722; x_wconf 83' lang='grc' dir='ltr'>νοσοῦντες</span> 
     </span>
    </p>
   </div>
   <div class='ocr_carea' id='block_1_104' title="bbox 1841 4740 3418 4817">
    <p class='ocr_par' dir='ltr' id='par_1_104' title="bbox 1841 4740 3418 4817">
     <span class='ocr_line' id='line_1_104' title="bbox 1841 4740 3418 4817; baseline 0.009 -22"><span class='ocrx_word' id='word_1_851' title='bbox 1841 4740 1968 4795; x_wconf 90' lang='lat' dir='ltr'><strong>bum</strong></span> <span class='ocrx_word' id='word_1_852' title='bbox 2024 4742 2304 4817; x_wconf 59' lang='lat' dir='ltr'><strong>loquitur.</strong></span> <span class='ocrx_word' id='word_1_853' title='bbox 2362 4743 2511 4798; x_wconf 89' lang='lat' dir='ltr'><strong>aliud</strong></span> <span class='ocrx_word' id='word_1_854' title='bbox 2559 4760 2692 4816; x_wconf 89' lang='lat' dir='ltr'><strong>ergo</strong></span> <span class='ocrx_word' id='word_1_855' title='bbox 2738 4746 2808 4800; x_wconf 90' lang='lat' dir='ltr'><strong>ab</strong></span> <span class='ocrx_word' id='word_1_856' title='bbox 2858 4747 2979 4817; x_wconf 92' lang='lat' dir='ltr'><strong>ipso</strong></span> <span class='ocrx_word' id='word_1_857' title='bbox 3030 4751 3136 4804; x_wconf 89' lang='lat' dir='ltr'><strong>erit</strong></span> <span class='ocrx_word' id='word_1_858' title='bbox 3189 4752 3418 4809; x_wconf 86' lang='lat' dir='ltr'><strong>insitum</strong></span> 
     </span>
    </p>
   </div>
   <div class='ocr_carea' id='block_1_105' title="bbox 1840 4831 3416 4907">
    <p class='ocr_par' dir='ltr' id='par_1_105' title="bbox 1840 4831 3416 4907">
     <span class='ocr_line' id='line_1_105' title="bbox 1840 4831 3416 4907; baseline 0.01 -23"><span class='ocrx_word' id='word_1_859' title='bbox 1840 4831 2084 4886; x_wconf 84' lang='lat' dir='ltr'><strong>Verbum</strong></span> <span class='ocrx_word' id='word_1_860' title='bbox 2120 4832 2255 4885; x_wconf 91' lang='lat' dir='ltr'><strong>illud</strong></span> <span class='ocrx_word' id='word_1_861' title='bbox 2292 4834 2348 4886; x_wconf 91' lang='lat' dir='ltr'><strong>in</strong></span> <span class='ocrx_word' id='word_1_862' title='bbox 2395 4848 2505 4901; x_wconf 93' lang='lat' dir='ltr'><strong>quo</strong></span> <span class='ocrx_word' id='word_1_863' title='bbox 2552 4832 2718 4891; x_wconf 87' lang='lat' dir='ltr'><strong>Pater</strong></span> <span class='ocrx_word' id='word_1_864' title='bbox 2751 4837 3105 4907; x_wconf 86' lang='lat' dir='ltr'><strong>loquebatur.</strong></span> <span class='ocrx_word' id='word_1_865' title='bbox 3142 4838 3315 4896; x_wconf 83' lang='lat' dir='ltr'><strong>Item:</strong></span> <span class='ocrx_word' id='word_1_866' title='bbox 3357 4842 3416 4899; x_wconf 88' lang='lat' dir='ltr'><strong>Si</strong></span> 
     </span>
    </p>
   </div>
   <div class='ocr_carea' id='block_1_106' title="bbox 1836 4922 3422 4993">
    <p class='ocr_par' dir='ltr' id='par_1_106' title="bbox 1836 4922 3422 4993">
     <span class='ocr_line' id='line_1_106' title="bbox 1836 4922 3422 4993; baseline 0.009 -15"><span class='ocrx_word' id='word_1_867' title='bbox 1836 4924 1951 4993; x_wconf 88' lang='lat' dir='ltr'><strong>ipse</strong></span> <span class='ocrx_word' id='word_1_868' title='bbox 1978 4924 2182 4979; x_wconf 89' lang='lat' dir='ltr'><strong>alicubi</strong></span> <span class='ocrx_word' id='word_1_869' title='bbox 2220 4922 2398 4979; x_wconf 91' lang='lat' dir='ltr'><strong>Filius</strong></span> <span class='ocrx_word' id='word_1_870' title='bbox 2428 4941 2487 4979; x_wconf 88' lang='lat' dir='ltr'><strong>se</strong></span> <span class='ocrx_word' id='word_1_871' title='bbox 2522 4924 2703 4983; x_wconf 88' lang='lat' dir='ltr'><strong>Patris</strong></span> <span class='ocrx_word' id='word_1_872' title='bbox 2734 4930 2967 4985; x_wconf 89' lang='lat' dir='ltr'><strong>verbum</strong></span> <span class='ocrx_word' id='word_1_873' title='bbox 3002 4947 3227 4987; x_wconf 90' lang='lat' dir='ltr'><strong>servare</strong></span> <span class='ocrx_word' id='word_1_874' title='bbox 3267 4950 3422 4992; x_wconf 89' lang='lat' dir='ltr'><strong>asse-</strong></span> 
     </span>
    </p>
   </div>
   <div class='ocr_carea' id='block_1_107' title="bbox 1835 5015 3429 5096">
    <p class='ocr_par' dir='ltr' id='par_1_107' title="bbox 1835 5015 3429 5096">
     <span class='ocr_line' id='line_1_107' title="bbox 1835 5015 3429 5096; baseline 0.008 -27"><span class='ocrx_word' id='word_1_875' title='bbox 1835 5015 1977 5076; x_wconf 90' lang='lat' dir='ltr'><strong>ruit,</strong></span> <span class='ocrx_word' id='word_1_876' title='bbox 2014 5016 2289 5084; x_wconf 91' lang='lat' dir='ltr'><strong>quomodo</strong></span> <span class='ocrx_word' id='word_1_877' title='bbox 2324 5032 2431 5070; x_wconf 91' lang='lat' dir='ltr'><strong>non</strong></span> <span class='ocrx_word' id='word_1_878' title='bbox 2466 5018 2615 5071; x_wconf 87' lang='lat' dir='ltr'><strong>aliud</strong></span> <span class='ocrx_word' id='word_1_879' title='bbox 2651 5019 2871 5074; x_wconf 90' lang='lat' dir='ltr'><strong>demum</strong></span> <span class='ocrx_word' id='word_1_880' title='bbox 2909 5021 3016 5091; x_wconf 76' lang='lat'><strong>32</strong></span> <span class='ocrx_word' id='word_1_881' title='bbox 3047 5024 3153 5076; x_wconf 87' lang='lat' dir='ltr'><strong>erit</strong></span> <span class='ocrx_word' id='word_1_882' title='bbox 3190 5025 3241 5079; x_wconf 91' lang='lat' dir='ltr'><strong>id</strong></span> <span class='ocrx_word' id='word_1_883' title='bbox 3271 5030 3429 5096; x_wconf 90' lang='lat' dir='ltr'><strong>quod</strong></span> 
     </span>
    </p>
   </div>
   <div class='ocr_carea' id='block_1_108' title="bbox 1836 5107 3418 5177">
    <p class='ocr_par' dir='ltr' id='par_1_108' title="bbox 1836 5107 3418 5177">
     <span class='ocr_line' id='line_1_108' title="bbox 1836 5107 3418 5177; baseline 0.009 -16"><span class='ocrx_word' id='word_1_884' title='bbox 1836 5114 2018 5161; x_wconf 75' lang='lat' dir='ltr'><strong>servat</strong></span> <span class='ocrx_word' id='word_1_885' title='bbox 2071 5107 2142 5160; x_wconf 92' lang='lat' dir='ltr'><strong>ab</strong></span> <span class='ocrx_word' id='word_1_886' title='bbox 2192 5122 2260 5160; x_wconf 89' lang='lat' dir='ltr'><strong>eo</strong></span> <span class='ocrx_word' id='word_1_887' title='bbox 2306 5109 2453 5177; x_wconf 90' lang='lat' dir='ltr'><strong>quod</strong></span> <span class='ocrx_word' id='word_1_888' title='bbox 2512 5112 2815 5164; x_wconf 87' lang='lat' dir='ltr'><strong>servatur?</strong></span> <span class='ocrx_word' id='word_1_889' title='bbox 2854 5111 2979 5168; x_wconf 74' lang='lat' dir='ltr'><strong>&quot;me</strong></span> <span class='ocrx_word' id='word_1_890' title='bbox 3020 5116 3270 5172; x_wconf 77' lang='lat' dir='ltr'><strong>refellere</strong></span> <span class='ocrx_word' id='word_1_891' title='bbox 3310 5136 3418 5176; x_wconf 92' lang='lat' dir='ltr'><strong>non</strong></span> 
     </span>
    </p>
   </div>
   <div class='ocr_carea' id='block_1_109' title="bbox 1833 5197 3417 5267">
    <p class='ocr_par' dir='ltr' id='par_1_109' title="bbox 1833 5197 3417 5267">
     <span class='ocr_line' id='line_1_109' title="bbox 1833 5197 3417 5267; baseline 0.01 -16"><span class='ocrx_word' id='word_1_892' title='bbox 1833 5198 1941 5252; x_wconf 90' lang='lat' dir='ltr'><strong>erit</strong></span> <span class='ocrx_word' id='word_1_893' title='bbox 1994 5197 2180 5252; x_wconf 76' lang='lat' dir='ltr'><strong>forsan</strong></span> <span class='ocrx_word' id='word_1_894' title='bbox 2232 5198 2493 5254; x_wconf 81' lang='lat' dir='ltr'><strong>diilieile:</strong></span> <span class='ocrx_word' id='word_1_895' title='bbox 2534 5220 2552 5252; x_wconf 91' lang='lat'><strong>1</strong></span> <span class='ocrx_word' id='word_1_896' title='bbox 2589 5202 2753 5257; x_wconf 88' lang='lat' dir='ltr'><strong>Dabit</strong></span> <span class='ocrx_word' id='word_1_897' title='bbox 2798 5205 2945 5259; x_wconf 91' lang='lat' dir='ltr'><strong>enim</strong></span> <span class='ocrx_word' id='word_1_898' title='bbox 2985 5206 3249 5265; x_wconf 90' lang='lat' dir='ltr'><strong>Dominus</strong></span> <span class='ocrx_word' id='word_1_899' title='bbox 3295 5228 3417 5267; x_wconf 82' lang='lat' dir='ltr'><strong>ver-</strong></span> 
     </span>
    </p>
   </div>
   <div class='ocr_carea' id='block_1_110' title="bbox 1838 5289 3419 5360">
    <p class='ocr_par' dir='ltr' id='par_1_110' title="bbox 1838 5289 3419 5360">
     <span class='ocr_line' id='line_1_110' title="bbox 1838 5289 3419 5360; baseline 0.011 -17"><span class='ocrx_word' id='word_1_900' title='bbox 1838 5290 1963 5343; x_wconf 91' lang='lat' dir='ltr'><strong>bum</strong></span> <span class='ocrx_word' id='word_1_901' title='bbox 2018 5289 2543 5360; x_wconf 76' lang='lat' dir='ltr'><strong>evangelizantibus</strong></span> <span class='ocrx_word' id='word_1_902' title='bbox 2598 5294 2803 5349; x_wconf 87' lang='lat' dir='ltr'><strong>virtute</strong></span> <span class='ocrx_word' id='word_1_903' title='bbox 2832 5296 3002 5351; x_wconf 89' lang='lat' dir='ltr'><strong>multa</strong></span> <span class='ocrx_word' id='word_1_904' title='bbox 3031 5299 3099 5353; x_wconf 75' lang='grc' dir='ltr'><strong>τ’.</strong></span> <span class='ocrx_word' id='word_1_905' title='bbox 3129 5319 3148 5351; x_wconf 87' lang='lat'><strong>1</strong></span> <span class='ocrx_word' id='word_1_906' title='bbox 3188 5300 3419 5358; x_wconf 87' lang='lat' dir='ltr'><strong>Deceret</strong></span> 
     </span>
    </p>
   </div>
   <div class='ocr_carea' id='block_1_111' title="bbox 1834 5384 3417 5453">
    <p class='ocr_par' dir='ltr' id='par_1_111' title="bbox 1834 5384 3417 5453">
     <span class='ocr_line' id='line_1_111' title="bbox 1834 5384 3417 5453; baseline 0.012 -19"><span class='ocrx_word' id='word_1_907' title='bbox 1834 5390 2017 5436; x_wconf 86' lang='lat' dir='ltr'><strong>autem</strong></span> <span class='ocrx_word' id='word_1_908' title='bbox 2053 5397 2149 5437; x_wconf 87' lang='lat' dir='ltr'><strong>eos</strong></span> <span class='ocrx_word' id='word_1_909' title='bbox 2198 5384 2294 5452; x_wconf 91' lang='lat' dir='ltr'><strong>qui</strong></span> <span class='ocrx_word' id='word_1_910' title='bbox 2337 5393 2488 5438; x_wconf 87' lang='lat' dir='ltr'><strong>tanta</strong></span> <span class='ocrx_word' id='word_1_911' title='bbox 2540 5386 2795 5441; x_wconf 79' lang='lat' dir='ltr'><strong>laborant</strong></span> <span class='ocrx_word' id='word_1_912' title='bbox 2834 5388 3055 5444; x_wconf 86' lang='lat' dir='ltr'><strong>inscitia</strong></span> <span class='ocrx_word' id='word_1_913' title='bbox 3097 5394 3417 5453; x_wconf 89' lang='lat' dir='ltr'><strong>meminisse</strong></span> 
     </span>
    </p>
   </div>
   <div class='ocr_carea' id='block_1_112' title="bbox 1831 5474 3411 5550">
    <p class='ocr_par' dir='ltr' id='par_1_112' title="bbox 1831 5474 3411 5550">
     <span class='ocr_line' id='line_1_112' title="bbox 1831 5474 3411 5550; baseline 0.009 -24"><span class='ocrx_word' id='word_1_914' title='bbox 1831 5474 2069 5529; x_wconf 90' lang='lat' dir='ltr'><strong>dicentis</strong></span> <span class='ocrx_word' id='word_1_915' title='bbox 2099 5493 2112 5529; x_wconf 91' lang='lat'><strong>:</strong></span> <span class='ocrx_word' id='word_1_916' title='bbox 2144 5494 2163 5526; x_wconf 87' lang='lat'><strong>1</strong></span> <span class='ocrx_word' id='word_1_917' title='bbox 2190 5476 2235 5530; x_wconf 87' lang='grc' dir='ltr'>Ο</span> <span class='ocrx_word' id='word_1_918' title='bbox 2262 5477 2355 5546; x_wconf 92' lang='lat' dir='ltr'><strong>qui</strong></span> <span class='ocrx_word' id='word_1_919' title='bbox 2388 5477 2760 5547; x_wconf 89' lang='lat' dir='ltr'><strong>dereliquistis</strong></span> <span class='ocrx_word' id='word_1_920' title='bbox 2794 5480 2912 5537; x_wconf 87' lang='lat' dir='ltr'><strong>vias</strong></span> <span class='ocrx_word' id='word_1_921' title='bbox 2944 5492 3124 5539; x_wconf 89' lang='lat' dir='ltr'><strong>rectas</strong></span> <span class='ocrx_word' id='word_1_922' title='bbox 3144 5526 3159 5550; x_wconf 93' lang='lat'><strong>,</strong></span> <span class='ocrx_word' id='word_1_923' title='bbox 3203 5493 3263 5539; x_wconf 87' lang='lat' dir='ltr'><strong>ut</strong></span> <span class='ocrx_word' id='word_1_924' title='bbox 3292 5502 3411 5541; x_wconf 90' lang='lat' dir='ltr'><strong>am-</strong></span> 
     </span>
    </p>
   </div>
   <div class='ocr_carea' id='block_1_113' title="bbox 1832 5564 3407 5636">
    <p class='ocr_par' dir='ltr' id='par_1_113' title="bbox 1832 5564 3407 5636">
     <span class='ocr_line' id='line_1_113' title="bbox 1832 5564 3407 5636; baseline 0.011 -18"><span class='ocrx_word' id='word_1_925' title='bbox 1832 5564 2101 5622; x_wconf 87' lang='lat' dir='ltr'><strong>bularetis</strong></span> <span class='ocrx_word' id='word_1_926' title='bbox 2159 5567 2215 5621; x_wconf 90' lang='lat' dir='ltr'><strong>in</strong></span> <span class='ocrx_word' id='word_1_927' title='bbox 2276 5567 2381 5622; x_wconf 91' lang='lat' dir='ltr'><strong>viis</strong></span> <span class='ocrx_word' id='word_1_928' title='bbox 2418 5570 2772 5625; x_wconf 88' lang='lat' dir='ltr'><strong>tenebrarum</strong></span> <span class='ocrx_word' id='word_1_929' title='bbox 2810 5573 2941 5626; x_wconf 79' lang='lat' dir='ltr'><strong>&quot;l1</strong></span> <span class='ocrx_word' id='word_1_930' title='bbox 2988 5575 3162 5633; x_wconf 85' lang='lat' dir='ltr'><strong>Nobis</strong></span> <span class='ocrx_word' id='word_1_931' title='bbox 3220 5588 3407 5636; x_wconf 88' lang='lat' dir='ltr'><strong>autem</strong></span> 
     </span>
    </p>
   </div>
   <div class='ocr_carea' id='block_1_114' title="bbox 1828 5660 3405 5733">
    <p class='ocr_par' dir='ltr' id='par_1_114' title="bbox 1828 5660 3405 5733">
     <span class='ocr_line' id='line_1_114' title="bbox 1828 5660 3405 5733; baseline 0.011 -24"><span class='ocrx_word' id='word_1_932' title='bbox 1828 5666 2263 5714; x_wconf 80' lang='lat' dir='ltr'><strong>consentaneum</strong></span> <span class='ocrx_word' id='word_1_933' title='bbox 2294 5660 2478 5715; x_wconf 89' lang='lat' dir='ltr'><strong>estad</strong></span> <span class='ocrx_word' id='word_1_934' title='bbox 2528 5676 2651 5716; x_wconf 87' lang='lat' dir='ltr'><strong>eum</strong></span> <span class='ocrx_word' id='word_1_935' title='bbox 2684 5664 2779 5733; x_wconf 88' lang='lat' dir='ltr'><strong>qui</strong></span> <span class='ocrx_word' id='word_1_936' title='bbox 2836 5666 2890 5719; x_wconf 94' lang='lat' dir='ltr'><strong>in</strong></span> <span class='ocrx_word' id='word_1_937' title='bbox 2938 5668 3097 5723; x_wconf 66' lang='lat' dir='ltr'><strong>caelis</strong></span> <span class='ocrx_word' id='word_1_938' title='bbox 3142 5680 3231 5725; x_wconf 89' lang='lat' dir='ltr'><strong>est</strong></span> <span class='ocrx_word' id='word_1_939' title='bbox 3287 5672 3405 5726; x_wconf 82' lang='lat' dir='ltr'><strong>cla-</strong></span> 
     </span>
    </p>
   </div>
   <div class='ocr_carea' id='block_1_115' title="bbox 209 5826 1761 5911">
    <p class='ocr_par' dir='ltr' id='par_1_115' title="bbox 209 5826 1761 5911">
     <span class='ocr_line' id='line_1_115' title="bbox 209 5826 1761 5911; baseline 0.014 -36"><span class='ocrx_word' id='word_1_940' title='bbox 209 5828 256 5858; x_wconf 69' lang='lat'><strong>“</strong></span> <span class='ocrx_word' id='word_1_941' title='bbox 295 5826 471 5911; x_wconf 26' lang='lat' dir='ltr'><strong>Ionii.</strong></span> <span class='ocrx_word' id='word_1_942' title='bbox 499 5833 701 5911; x_wconf 48' lang='grc' dir='ltr'>νισι,ξῶ</span> <span class='ocrx_word' id='word_1_943' title='bbox 779 5834 820 5864; x_wconf 80' lang='grc'><strong>⁵⁵</strong></span> <span class='ocrx_word' id='word_1_944' title='bbox 848 5834 999 5889; x_wconf 82' lang='lat' dir='ltr'><strong>Joan.</strong></span> <span class='ocrx_word' id='word_1_945' title='bbox 1037 5854 1149 5903; x_wconf 57' lang='grc' dir='ltr'>τιν,</span> <span class='ocrx_word' id='word_1_946' title='bbox 1180 5842 1266 5894; x_wconf 64' lang='lat' dir='ltr'><strong>“li.</strong></span> <span class='ocrx_word' id='word_1_947' title='bbox 1343 5841 1385 5871; x_wconf 74' lang='grc'><strong>⁵⁸</strong></span> <span class='ocrx_word' id='word_1_948' title='bbox 1419 5840 1579 5897; x_wconf 85' lang='lat' dir='ltr'><strong>Prov.</strong></span> <span class='ocrx_word' id='word_1_949' title='bbox 1616 5860 1761 5897; x_wconf 77' lang='lat' dir='ltr'><strong>xviii.</strong></span> 
     </span>
    </p>
   </div>
   <div class='ocr_carea' id='block_1_116' title="bbox 1857 5826 3406 5911">
    <p class='ocr_par' dir='ltr' id='par_1_116' title="bbox 1895 5844 3406 5911">
     <span class='ocr_line' id='line_1_116' title="bbox 1895 5844 3406 5911; baseline 0.01 -15"><span class='ocrx_word' id='word_1_950' title='bbox 1895 5847 1956 5876; x_wconf 65' lang='grc' dir='ltr'><strong>οδ·</strong></span> <span class='ocrx_word' id='word_1_951' title='bbox 1979 5846 2015 5897; x_wconf 93' lang='lat' dir='ltr'><strong>Il</strong></span> <span class='ocrx_word' id='word_1_952' title='bbox 2046 5844 2181 5898; x_wconf 84' lang='lat' dir='ltr'><strong>Tim</strong></span> <span class='ocrx_word' id='word_1_953' title='bbox 2211 5862 2280 5907; x_wconf 85' lang='lat' dir='ltr'><strong>Iv,</strong></span> <span class='ocrx_word' id='word_1_954' title='bbox 2312 5849 2349 5899; x_wconf 69' lang='grc' dir='ltr'>ί.</span> <span class='ocrx_word' id='word_1_955' title='bbox 2423 5848 2669 5903; x_wconf 67' lang='lat' dir='ltr'><strong>“&quot;Jerem.</strong></span> <span class='ocrx_word' id='word_1_956' title='bbox 2708 5852 2979 5907; x_wconf 65' lang='lat'><em>111111.26.</em></span> <span class='ocrx_word' id='word_1_957' title='bbox 3010 5853 3099 5908; x_wconf 74' lang='grc'><strong>27.</strong></span> <span class='ocrx_word' id='word_1_958' title='bbox 3174 5854 3218 5885; x_wconf 74' lang='grc'><strong>⁸⁸</strong></span> <span class='ocrx_word' id='word_1_959' title='bbox 3240 5855 3255 5907; x_wconf 88' lang='grc'><strong>1</strong></span> <span class='ocrx_word' id='word_1_960' title='bbox 3278 5854 3406 5911; x_wconf 89' lang='lat' dir='ltr'><strong>Cor.</strong></span> 
     </span>
    </p>
   </div>
   <div class='ocr_carea' id='block_1_117' title="bbox 141 5901 325 5958">
    <p class='ocr_par' dir='ltr' id='par_1_117' title="bbox 141 5901 325 5958">
     <span class='ocr_line' id='line_1_117' title="bbox 141 5901 325 5958; baseline 0.011 -7"><span class='ocrx_word' id='word_1_961' title='bbox 141 5901 325 5958; x_wconf 66' lang='lat'><em>111,5</em></span> 
     </span>
    </p>
   </div>
   <div class='ocr_carea' id='block_1_118' title="bbox 432 5901 2087 5982">
    <p class='ocr_par' dir='ltr' id='par_1_118' title="bbox 432 5901 2087 5982">
     <span class='ocr_line' id='line_1_118' title="bbox 432 5901 2087 5982; baseline 0.011 -29"><span class='ocrx_word' id='word_1_962' title='bbox 432 5901 473 5929; x_wconf 59' lang='lat'><strong>6-&quot;-</strong></span> <span class='ocrx_word' id='word_1_963' title='bbox 517 5901 675 5957; x_wconf 65' lang='lat' dir='ltr'><strong>Mich.</strong></span> <span class='ocrx_word' id='word_1_964' title='bbox 716 5921 811 5970; x_wconf 86' lang='grc' dir='ltr'>ιιι,</span> <span class='ocrx_word' id='word_1_965' title='bbox 847 5906 896 5959; x_wconf 81' lang='lat'><strong>9.</strong></span> <span class='ocrx_word' id='word_1_966' title='bbox 978 5911 1022 5939; x_wconf 76' lang='grc' dir='ltr'>ι·</span> <span class='ocrx_word' id='word_1_967' title='bbox 1054 5901 1209 5965; x_wconf 68' lang='lat' dir='ltr'><strong>iam.</strong></span> <span class='ocrx_word' id='word_1_968' title='bbox 1254 5928 1389 5976; x_wconf 78' lang='lat' dir='ltr'><strong>vui,</strong></span> <span class='ocrx_word' id='word_1_969' title='bbox 1430 5913 1513 5967; x_wconf 49' lang='lat'><em>:13.</em></span> <span class='ocrx_word' id='word_1_970' title='bbox 1597 5915 1637 5945; x_wconf 80' lang='grc' dir='ltr'>τι</span> <span class='ocrx_word' id='word_1_971' title='bbox 1682 5901 1827 5971; x_wconf 58' lang='lat' dir='ltr'><strong>rain.</strong></span> <span class='ocrx_word' id='word_1_972' title='bbox 1872 5932 1996 5982; x_wconf 64' lang='grc' dir='ltr'>ιιι,</span> <span class='ocrx_word' id='word_1_973' title='bbox 2038 5918 2087 5972; x_wconf 75' lang='grc' dir='ltr'><strong>ὖ.</strong></span> 
     </span>
    </p>
   </div>
   <div class='ocr_carea' id='block_1_119' title="bbox 2174 5917 3297 5988">
    <p class='ocr_par' dir='ltr' id='par_1_119' title="bbox 2174 5917 3297 5988">
     <span class='ocr_line' id='line_1_119' title="bbox 2174 5917 3297 5988; baseline 0.014 -20"><span class='ocrx_word' id='word_1_974' title='bbox 2174 5919 2213 5949; x_wconf 80' lang='grc'><strong>⁷³</strong></span> <span class='ocrx_word' id='word_1_975' title='bbox 2258 5917 2379 5973; x_wconf 65' lang='lat' dir='ltr'><strong>Paul</strong></span> <span class='ocrx_word' id='word_1_976' title='bbox 2435 5935 2618 5988; x_wconf 78' lang='lat' dir='ltr'><strong>um,</strong></span> <span class='ocrx_word' id='word_1_977' title='bbox 2664 5921 2744 5975; x_wconf 69' lang='lat' dir='ltr'><strong>l2.</strong></span> <span class='ocrx_word' id='word_1_978' title='bbox 2828 5925 2871 5954; x_wconf 81' lang='grc'><strong>⁷³</strong></span> <span class='ocrx_word' id='word_1_979' title='bbox 2914 5922 3075 5978; x_wconf 84' lang='lat' dir='ltr'><strong>Mich.</strong></span> <span class='ocrx_word' id='word_1_980' title='bbox 3114 5939 3215 5988; x_wconf 88' lang='grc' dir='ltr'>ιιι,</span> <span class='ocrx_word' id='word_1_981' title='bbox 3247 5926 3297 5985; x_wconf 87' lang='grc'><strong>6.</strong></span> 
     </span>
    </p>
   </div>
  </div>
